4084 6380
585 463 589 468 ,
1532 421 3552 465 _________________________________________________.__.____

585 421 3608 495 W,
2293 493 2295 495 ι
3568 457 3608 471 ,μ

1637 641 1807 749 ΑΙ)
1887 630 2322 747 ΟΡΕΡιΑ

405 854 2408 1102 VENEBABILIS
2578 841 3512 1092 BED/E,

1360 1206 1630 1275 ANGLO
1647 1239 1684 1252 -
1701 1196 2046 1266 SAXONIS
2087 1185 2579 1256 PRESBYTER!
2609 1228 2626 1259 ,

1083 1369 2788 1531 'PROLEGOMENA.

1796 1651 2200 1677 ——n——-——"

815 1813 1128 1923 VEN.
1190 1802 1560 1914 BEDIE
1639 1781 2227 1898 ELOGIUM
2302 1764 3099 1883 HISTORICUM
3134 1838 3172 1902 ,

1474 1975 1846 2050 AUCTORE
1892 1973 1966 2033 D.
2009 1959 2534 2029 MARILLONIO.

1864 2109 2148 2127 ..ι-

1592 2231 1688 2294 (Ex
1727 2225 1859 2278 Actis
1890 2219 1982 2272 SS.
2015 2212 2206 2267 Bened.
2241 2218 2276 2261 t.
2309 2207 2422 2268 Ill.)

1886 2348 2099 2368 ἒ

392 2495 439 2549 ι.
458 2493 534 2548 lle
554 2497 610 2545 ire
632 2498 787 2554 ortus,
812 2496 1009 2549 tempus
1029 2481 1297 2534 discussum
1316 2515 1331 2542 ,
1354 2473 1613 2526 monastica
1655 2464 1911 2533 professio.
1973 2460 2025 2519 Α
2051 2437 2241 2506 tati-ex

447 2649 508 2702 l.
550 2638 888 2701 Venerabilis
917 2633 1084 2699 Beda,
1132 2619 1723 2689 Ecclesiaa'Anglicanae
1744 2613 1950 2674 lumen,

361 2746 420 2798 in
477 2749 709 2794 extremo
751 2739 907 2787 natus
959 2725 1099 2782 orbis
1141 2718 1357 2792 angulo,
1427 2712 1602 2782 inquit
1647 2704 1952 2762 Willelmus

368 2793 763 2892 blalmesburize
810 2819 1138 2881 monachus,
1192 2813 1289 2868 lib.
1340 2826 1356 2864 ι
1405 2807 1474 2862 de
1521 2800 1712 2871 Regib.
1769 2793 1951 2892 Angl.,

359 2940 489 2995 cap.
535 2920 591 2986 ’5,
655 2915 906 2972 doctrinae
943 2922 1156 2964 corusco
1205 2913 1371 2956 terras
1413 2909 1588 2954 omnes
1626 2884 1945 2961 perstrinxit.

542 2971 844 3069 Britannia,
895 3015 1010 3071 qua:
1036 3014 1069 3052 a
1097 2991 1399 3066 quibusdam
1447 2986 1580 3040 alter
1607 2979 1744 3035 orbis
1775 2971 1954 3071 appel-

548 3063 696 3174 fquod
721 3063 930 3150 Oceano
958 3063 1214 3159 interfusa
1240 3099 1346 3136 non
1375 3075 1545 3132 multis
1565 3063 1954 3140 cosmographis

369 3160 633 3267 comperio
667 3198 766 3254 est,
805 3183 956 3239 habet
991 3183 1048 3235 in
1086 3174 1434 3232 remotissima
1474 3168 1555 3222 sui
1595 3165 1754 3237 plaga
1787 3160 1956 3214 locum

365 3246 660 3343 natibitatis
673 3287 731 3334 et
758 3273 1080 3331 educationis
1105 3269 1238 3339 ejus,
1264 3262 1456 3319 Scotia:
1476 3256 1842 3330 propinquum.
1909 3246 1956 3302 ls

374 3381 527 3436 locus
554 3369 858 3446 pertinebat
883 3364 951 3420 ad
963 3334 1502 3418 Nortbanimbrorum
1531 3358 1778 3415 regnum,
1809 3334 1957 3408 quod

375 3471 581 3528 ambitu
632 3480 733 3520 suo
772 3459 962 3515 Deiros
990 3471 1086 3512 seu
1121 3453 1524 3509 Eboracenses,
1573 3448 1629 3494 et
1655 3432 1954 3497 Bcrnicios,

374 3561 429 3615 id
455 3569 538 3614 est
561 3557 779 3612 Scottos
801 3548 1115 3610 bodiernos,
1145 3539 1281 3594 Tina
1307 3534 1470 3590 ﬂuvio
1496 3532 1563 3586 ab
1587 3527 1818 3582 invicem
1850 3523 1957 3576 dis-

379 3657 557 3704 cretos
582 3638 1063 3712 complectebatur.
1093 3630 1228 3686 Fere
1277 3625 1344 3681 ad
1377 3625 1553 3695 ipsum
1581 3617 1732 3673 Time
1758 3612 1956 3669 ostium

370 3739 528 3793 vicus
565 3734 778 3789 Girvunt
805 3728 1008 3792 dictus,
1037 3717 1325 3778 vernacule
1353 3713 1530 3769 Jarow
1569 3707 1832 3772 cernitur,
1862 3716 1958 3756 ve-

2263 2437 2523 2516 opusculis
2556 2432 2922 2493 uenerabilium
2945 2430 3164 2516 Patrum
3212 2414 3429 2484 breviter
3467 2430 3637 2486 adno-

2053 2553 2166 2597 tare
2195 2578 2210 2595 .
2244 2575 2260 2591 .
2291 2576 2305 2590 .
2336 2534 2532 2590 curavi.
2582 2528 2736 2598 Quod
2757 2528 2802 2583 si
2847 2525 2913 2581 ab
2941 2501 3096 2579 anno,
3116 2538 3346 2579 nccxxxr
3369 2531 3642 2594 rttrogra-

2052 2634 2123 2690 do
2153 2627 2364 2688 calculo
2415 2637 2666 2680 numeres
2697 2633 2889 2675 novem
2941 2625 2998 2672 et
3033 2613 3416 2684 quinquaginta
3469 2630 3642 2670 annos

2054 2723 2244 2787 aetatis,
2290 2718 2447 2775 Beda:
2476 2724 2653 2771 ortum
2684 2725 2826 2766 anno
2871 2722 3106 2763 DCLxxur
3135 2704 3478 2762 statuendum
3521 2720 3644 2763 esse

2055 2811 2346 2879 intelliges.

2126 2899 2182 2956 5.
2212 2900 2265 2954 Ν
2273 2909 2409 2962 atus,
2437 2896 2610 2965 inquit
2637 2893 2802 2956 Beda,
2830 2893 2883 2944 in
2913 2890 3175 2944 territorio
3205 2891 3506 2944 monasterii
3526 2890 3644 2943 bea-

2057 3003 2224 3050 torum
2257 2987 2610 3061 apostolorum
2655 2983 2796 3037 I’etri
2824 2990 2874 3036 et
2903 2981 3058 3035 Pauli
3088 2980 3224 3051 quod
3254 2990 3328 3034 est
3377 2981 3448 3033 ad
3479 2979 3642 3035 Wiri-

2055 3083 2214 3138 muda
2241 3088 2290 3134 et
2319 3079 2372 3132 in
2403 3075 2636 3138 Girvum,
2667 3088 2780 3126 cum
2810 3086 2972 3124 essem
3001 3085 3257 3123 annorum
3279 3077 3490 3138 septem,
3516 3086 3645 3124 cura

2055 3175 2462 3248 propinquorum
2514 3167 2664 3220 datus
2704 3181 2819 3220 sum
2866 3162 3167 3216 educandus
3217 3162 3644 3216 reveremlissimo

2060 3267 2232 3323 abbati
2265 3261 2541 3319 Benedicto
2573 3274 2634 3312 ac
2665 3255 2852 3310 deinde
2880 3251 3138 3322 Ceolfrido
3167 3267 3186 3305 .'
3218 3260 3554 3322 cunctumque
3582 3269 3649 3307 ex

2059 3378 2117 3417 eo
2149 3370 2344 3429 tempus
2375 3357 2491 3410 vitta
2521 3353 2571 3406 in
2604 3348 2834 3421 ejusdem
2865 3345 3167 3401 monasterii
3191 3345 3509 3399 habitatione
3528 3360 3648 3416 per-

2061 3469 2240 3523 agens,
2271 3458 2376 3504 etc.
2423 3445 2722 3513 Utrumque
2746 3439 3134 3495 monasterium
3164 3436 3448 3492 miilicavit
3473 3437 3644 3492 Bene-

2061 3544 2238 3599 dictus
2303 3554 2396 3594 seu
2444 3536 2741 3604 Biscopus,
2783 3529 3191 3584 Wiremuthense
3241 3527 3458 3597 quidem
3509 3545 3648 3585 enim

2064 3647 2345 3696 LCCLxxw,
2377 3627 2662 3682 indictione
2691 3638 2746 3686 ll,
2781 3639 2919 3676 anno
2950 3636 3000 3674 tv
3032 3620 3233 3689 imperii
3263 3617 3472 3690 ngridt
3507 3619 3644 3689 regis

2063 3725 2131 3778 ad
2160 3723 2344 3777 ostium
2371 3717 2598 3788 ﬂuminis
2622 3712 2784 3775 'Wirt,
2819 3721 2957 3766 teste
2986 3709 3130 3764 Beda
3163 3710 3213 3763 in
3235 3710 3376 3764 “libro
3401 3725 3414 3762 t
3438 3710 3504 3763 du
3525 3709 3651 3764 Vita

379 3828 633 3886 nerabills
653 3817 1028 3880 Bedaeuatale
1056 3814 1252 3870 solum.
1305 3807 1428 3864 Istic
1458 3803 1591 3859 lucis
1616 3810 1832 3856 usuram
1861 3807 1949 3847 ac-
1990 3823 2036 3882 Β
2063 3817 2119 3870 5.
2153 3813 2390 3881 Biscopi’
2420 3808 2618 3863 saccum
2647 3821 2704 3868 η’
2735 3804 2800 3858 θα
2825 3817 3021 3857 annum
3052 3799 3174 3865 σου,
3209 3801 3350 3856 unde
3378 3801 3648 3856 Wimmm

373 3921 522 3994 cepit
553 3913 865 3990 parentibus
892 3907 1109 3979 ignotis,
1169 3918 1236 3959 eo
1266 3910 1512 3969 tempore
1561 3908 1669 3965 quo
1712 3887 1958 3958 Egit-idus

380 3982 761 4070 Ndrtbumbris
789 4000 1111 4074 imperabat.
1155 3996 1230 4050 De
1261 4007 1404 4047 anno
1433 3982 1838 4056 inquirendum.

447 4105 506 4158 2.
546 4103 604 4156 In
633 4099 756 4154 Vita
796 4072 1067 4166 prtumissa
1099 4087 1238 4142 Beda
1289 4093 1439 4138 natus
1469 4079 1664 4135 dicitur
1703 4089 1839 4128 anno
1880 4072 1962 4125 in-

369 4192 702 4251 carnationis
743 4187 1016 4243 dominica:
1052 4179 1423 4237 sexcentesimo
1449 4169 1824 4243 septuagesimo
1849 4180 1963 4233 sep-

383 4290 529 4340 timo.
561 4287 628 4339 At
652 4281 740 4336 hic
760 4276 1010 4334 calculus
1035 4281 1182 4328 stare
1206 4284 1312 4324 non
1348 4271 1547 4335 potest.
1577 4259 1789 4327 Quippe
1822 4253 1964 4308 Beda

378 4375 678 4430 Historiam
703 4367 879 4437 gentis
903 4379 1015 4418 suae
1043 4360 1192 4415 libris
1216 4357 1456 4426 quinque
1483 4347 1839 4419 compositam
1871 4342 1966 4396 ab-

383 4465 545 4521 solvit
572 4476 712 4515 anno
741 4455 1017 4513 dominica:
1040 4446 1418 4506 incarnationis
1446 4453 1696 4503 nccxxxr,
1753 4435 1966 4502 signato

386 4559 438 4611 in
462 4555 576 4608 line
601 4551 720 4607 libri
753 4566 805 4604 ν.
848 4547 1088 4618 lpsomet
1117 4555 1259 4595 anno
1289 4535 1574 4606 Epitomen
1603 4543 1755 4585 suam
1789 4523 1970 4579 absol-

388 4651 484 4712 vit,
512 4646 589 4701 uti
628 4641 959 4698 advertimus
981 4639 1034 4693 in
1067 4643 1254 4691 nostro
1281 4626 1580 4698 exemplari
1611 4640 1736 4683 ms.,
1779 4621 1832 4675 in
1862 4633 1970 4688 quo

386 4740 587 4796 desinit
611 4736 860 4807 Epitome
883 4733 936 4786 in
976 4744 1175 4785 annum
1198 4738 1425 4782 nccxxxr
1458 4721 1541 4774 bis
1565 4717 1743 4772 verbis
1772 4731 1785 4767 :
1819 4711 1970 4766 Anno

389 4847 619 4888 eccum
647 4823 915 4883 Berctuald
940 4821 1355 4890 archiepiscopus
1384 4815 1529 4870 obiit.
1589 4810 1784 4866 Eodem
1829 4822 1970 4861 anno

393 4923 598 4976 Tatuini
629 4926 955 4974 consecratus
980 4912 1398 4982 archiepiscopus
1449 4921 1614 4960 nonus
1647 4902 1974 4956 Doruernen-

386 5015 464 5070 sis
491 5011 763 5074 Ecclesiae,
796 5004 1072 5060 Edilbaldo
1103 5017 1219 5071 rege
1263 4997 1575 5053 Merciorum
1621 4993 1852 5064 quintum
1880 4991 1972 5043 de—

389 5105 580 5156 cimum
621 5107 804 5172 agente
827 5110 1024 5149 annum
1049 5091 1274 5162 imperii.
1318 5087 1446 5142 ch
1467 5085 1532 5140 de
1564 5083 1775 5139 historia
1815 5081 1977 5135 eccle-

2068 3910 2256 3962 tbense
2282 3905 2482 3958 dictum
2516 3903 2661 3970 (nam
2693 3895 2867 3950 month
2892 3893 3076 3962 Anglis
3118 3893 3312 3948 ostium
3338 3893 3648 3961 signiﬁcat),

2071 3997 2330 4052 Girwense
2353 4001 2532 4046 autetn
2565 4003 2707 4043 attno
2735 3987 2879 4042 circa
2911 4000 3140 4046 ncuxx,
3195 3983 3461 4054 siquidem
3483 3984 3650 4038 eccle-

2067 4091 2147 4145 sia
2189 4089 2249 4144 S.
2275 4085 2432 4140 Pauli
2458 4081 2735 4138 Girwensis
2765 4096 2904 4133 anno
2936 4095 3002 4132 xv
3044 4076 3255 4148 ΕΜνὶάὶ
3300 4078 3454 4146 regis,
3502 4076 3654 4132 Ceol-

2070 4180 2193 4251 fridi
2217 4177 2419 4232 abbatis
2465 4174 2696 4246 ejusdem
2730 4171 2958 4226 ecclesia:
2981 4169 3264 4222 conditoris
3297 4183 3435 4221 anno
3470 4183 3519 4223 tv
3561 4169 3653 4223 tle-

2071 4272 2244 4326 dicata
2272 4278 2386 4333 est,
2416 4274 2579 4338 prout
2629 4264 2819 4319 eodem
2851 4261 2953 4314 loci
2987 4260 3386 4314 adnotavimus.
3439 4258 3513 4314 Ex
3567 4261 3651 4315 his

2070 4363 2402 4433 conjicimus,
2471 4357 2666 4412 Bedam
2720 4354 2905 4410 nonin
2934 4351 3219 4418 Girwensi,
3267 4352 3358 4408 sed
3389 4353 3442 4407 in
3473 4352 3653 4409 Wire-

2073 4450 2343 4506 muthensi
2369 4446 2700 4503 monasterio
2733 4443 2987 4499 traditum
3020 4442 3185 4497 fuisse
3223 4442 3488 4512 Biscopo:
3518 4453 3626 4498 tam

2072 4542 2174 4598 etsi
2203 4548 2391 4612 postea
2433 4538 2574 4610 apud
2599 4535 2826 4592 Girvum
2855 4550 2977 4590 cum
3007 4532 3276 4589 Ceolfrido
3307 4534 3524 4597 mansit,
3557 4535 3659 4588 ibi-

2074 4637 2306 4707 demque
2335 4634 2480 4689 diem
2504 4645 2816 4702 supremum
2841 4628 3097 4698 explevit.
3141 4625 3211 4680 Et
3240 4634 3388 4682 certe
3414 4644 3517 4680 una
3542 4635 3659 4683 erat

2074 4731 2337 4799 utriusque
2365 4727 2464 4782 loci
2494 4742 2598 4794 pax
2627 4730 2675 4778 et
2698 4720 2999 4786 concordia,
3031 4717 3212 4772 eadem
3233 4727 3481 4788 perpetua
3506 4719 3662 4790 fami-

2077 4820 2279 4874 liaritas
2321 4828 2371 4873 et
2413 4818 2606 4888 gratia,
2639 4814 2814 4883 inquit
2843 4811 2986 4866 Beda
3016 4810 3069 4865 in
3094 4809 3285 4865 eodem
3315 4809 3452 4865 libro
3477 4827 3489 4862 :
3521 4805 3662 4865 adeo

2077 4921 2137 4965 ut
2184 4925 2349 4966 unum
2399 4907 2787 4963 monasterium
2829 4912 2942 4958 tum
2973 4909 3198 4972 propter
3237 4901 3482 4956 locorum
3523 4900 3662 4957 vici-

2075 5003 2248 5070 niam,
2274 5010 2386 5056 tum
2420 4999 2654 5054 maxime
2677 4999 2746 5052 ob
2770 5010 2935 5050 unum
2965 4993 3214 5063 idemque
3242 4992 3503 5061 regimen,
3536 5009 3661 5046 mu-

2075 5102 2340 5162 tuumque
2373 5089 2766 5145 monachorum
2812 5100 3136 5142 consensum
3180 5092 3237 5139 et
3277 5085 3661 5140 commercium

387 5196 627 5260 siastica,
659 5199 788 5255 etc.,
821 5190 894 5244 ita
939 5195 999 5242 ut
1025 5201 1091 5243 ea
1117 5198 1238 5254 qua:
1268 5182 1319 5237 in
1355 5180 1504 5235 libris
1543 5176 1700 5232 editis
1726 5175 1978 5245 leguntur
2003 5197 2048 5259 ρ
2081 5183 2279 5255 passim
2319 5182 2386 5237 ab
2435 5181 2553 5252 ipso
2582 5180 2812 5235 dicatur,
2866 5177 3129 5247 negatam
3185 5175 3243 5231 s,
3303 5175 3578 5232 Benedicti
3610 5178 3665 5232 in

391 5287 457 5343 de
481 5286 646 5341 rebus
668 5298 764 5355 per
791 5296 962 5337 annos
981 5275 1311 5350 posteriores
1335 5273 1521 5344 gestis,
1548 5268 1822 5326 subdititia
1845 5282 1974 5323 cen-

390 5375 558 5431 senda
598 5373 724 5429 sint.
767 5370 971 5426 Eodem
1000 5366 1222 5438 proinde
1245 5379 1387 5419 anno
1428 5357 1973 5418 sccxntliiatoriam

389 5483 546 5522 suam
573 5475 631 5520 et
659 5463 948 5534 Epitomen
973 5457 1204 5515 absolvit
1229 5454 1398 5512 Beda.
1471 5452 1639 5507 Porro
1689 5448 1976 5520 Epitomen

390 5555 630 5616 absolvit
671 5573 811 5612 anno
835 5555 1008 5611 (etatis
1052 5566 1164 5607 suae
1192 5547 1613 5620 quinquagesimo
1655 5559 1812 5598 nono.
1885 5541 1977 5597 Sic

391 5651 541 5706 enim
572 5649 734 5721 paulo
763 5654 886 5719 post
908 5645 1166 5718 przcdicta
1192 5640 1380 5699 scribit
1415 5661 1426 5694 :
1473 5638 1559 5695 Ex
1583 5646 1808 5710 tempore
1836 5654 1979 5693 acce-

349 5739 357 5746 ’
397 5742 470 5811 ριὶ
509 5740 888 5813 presbyteratus
921 5753 1080 5809 usque
1117 5735 1185 5789 ad
1233 5750 1427 5788 annum
1467 5735 1635 5786 a’tatis
1692 5747 1818 5786 mete
1866 5747 1973 5796 ιιι,

393 5833 506 5887 hac
540 5833 597 5888 in
629 5831 956 5901 Scripturam
975 5837 1206 5883 sanctam
1237 5841 1364 5882 mea:
1391 5839 1714 5895 meorumque
1757 5825 1978 5879 necessi-

678 5923 954 5984 PATIOL.
996 5921 1130 5984 ‘XC.

2073 5285 2308 5345 utroque
2327 5274 2421 5329 illo
2444 5272 2696 5330 casnobio
2721 5286 2753 5326 a
2775 5268 3082 5342 primordiis
3115 5267 3351 5336 viguisse
3382 5267 3668 5344 manileste

2077 5365 2504 5420 demonstratum
2556 5369 2640 5417 est
2704 5331 3288 5415 in.0bservationi'bus
3338 5355 3406 5411 ad
3452 5331 3666 5427 Biscotti

2084 5454 2258 5510 Vitam
2283 5468 2352 5509 ex
2381 5453 2549 5523 ipsius
2575 5450 2737 5506 Bedae
2765 5449 2964 5514 verbis,
3017 5463 3129 5518 quo
3152 5457 3376 5503 auctore
3409 5445 3668 5505 discimus

2081 5545 2374 5616 Biscopum
2417 5543 2578 5600 morti
2633 5543 2940 5614 proximum
2983 5540 3260 5610 discipulis
3303 5538 3413 5593 suis
3458 5553 3663 5608 przecc-

2081 5641 2246 5713 pisse,
2292 5649 2350 5696 ut
2378 5641 2536 5712 juxta
2560 5639 2797 5710 regulam
2821 5637 3000 5709 magni
3043 5634 3305 5706 quondam
3333 5631 3534 5687 abbatis
3567 5631 3666 5687 Be-

2082 5736 2273 5790 nedicti
2295 5742 2342 5788 et
2359 5734 2517 5804 juxta
2566 5731 2824 5803 privilegii
2851 5731 2931 5785 sui
2953 5729 3158 5783 decreta
3186 5725 3404 5796 dignum
3442 5739 3665 5782 succes-

2080 5839 2260 5883 sorem
2283 5823 2575 5903 eligerent:
2605 5821 2749 5893 quod
2799 5820 2964 5879 etiam
2996 5816 3299 5876 Ceollridus
3332 5817 3498 5874 abbas
3522 5816 3668 5884 τεεί-ι
3726 5877 3733 5884 ,

3163 5911 3196 5975 1
