4084 6380
444 309 541 368 κῃ
1390 306 1397 313 ’
1444 305 1533 360 AD
1571 303 1797 361 OPERA
1840 304 1995 359 VEN.
2026 306 2243 375 1189.55
2284 309 2813 371 PROLEGOMENA.
3326 325 3333 331 ”
3686 331 3749 387 19.

475 435 601 476 men
631 418 971 476 abdicaturus
1023 418 1317 474 monuerit.
1349 417 1419 474 Et
1444 419 1722 475 Alcwinus
1745 420 1799 475 in
1825 421 2060 491 epistola
2089 425 2135 483 Α
2156 423 2456 495 Scriptura:
2506 444 2672 485 sacrae
2723 430 3222 501 interpretationem
3249 437 3584 497 conferebat.
3630 442 3747 502 Huc

477 511 851 575 49,Wirenses
872 517 927 565 et
954 508 1262 565 Girwenses
1303 509 1600 564 monachos
1637 510 1954 575 exhortans,
2004 520 2061 565 ut

444 604 729 675 regularis
760 604 878 657 vitae
918 600 1322 657 obseruationem
1349 617 1382 653 a
1414 600 1689 656 Benedicto
1721 610 1771 655 et
1791 600 2059 675 Ceolfrido

473 704 722 749 statutam
776 693 1171 764 diligentissime
1215 692 1573 759 custodirent,
1617 692 1799 749 addit:
1854 694 2060 767 Regula

473 786 536 843 S.
570 784 833 841 Benedicti
876 785 935 838 in
960 792 1212 839 conventu
1253 785 1476 854 fratrum
1526 776 1741 856 propria
1767 794 2063 856 exponatur

469 880 670 951 lingua,
708 886 766 932 ut
786 876 1005 948 intelligi
1034 876 1200 946 possit
1239 874 1307 929 ab
1338 874 1600 931 omnibus.
1642 875 1778 932 Cum
1807 891 1937 947 ergo
1954 877 2061 933 Be-

473 969 543 1023 da
568 977 830 1034 cunctum,
869 976 931 1022 ut
957 967 1074 1037 ipse
1101 967 1196 1033 ait,
1224 967 1342 1021 vita!
1360 983 1469 1023 sua:
1487 976 1688 1039 tempus
1712 969 1770 1025 in
1798 968 2062 1024 alterutro

470 1060 804 1117 monasterio
832 1059 1104 1130 peregerit,
1136 1073 1260 1114 eum
1290 1059 1659 1116 Benedictinis
1688 1060 1938 1130 paruisse
1967 1062 2054 1116 in-

472 1151 680 1206 stitutis
705 1148 929 1206 inliciari
957 1163 1117 1204 nemo
1160 1157 1359 1219 potest.
1393 1134 1760 1217 Quamobrem
1790 1166 1919 1207 vero
1944 1165 2062 1223 pas-

470 1244 573 1300 sim
626 1244 908 1316 presbyter,
955 1257 1065 1298 non
1092 1243 1377 1298 monachus
1425 1244 1768 1315 appelletur,
1812 1244 2060 1299 dicemus

469 1334 717 1402 inferius,
745 1348 1054 1403 quanquam
1082 1334 1139 1387 S.
1165 1332 1472 1390 Bonifacius
1513 1342 1718 1406 martyr
1758 1334 1810 1390 in
1841 1334 2001 1404 epist.
2025 1334 2060 1387 9

469 1425 538 1480 ad
571 1422 927 1479 Huetbertum
957 1424 1207 1479 abbatem
1249 1423 1769 1491 Wiremuthensem,
1797 1426 1973 1496 aliqua
1992 1428 2057 1479 de

428 1542 431 1549 -
459 1513 727 1583 opusculis
756 1513 1081 1584 sagacissimi
1103 1514 1487 1585 investigatoris
1525 1513 1918 1585 Scripturarum
1954 1512 2057 1568 Be-

430 1636 439 1645 ~
467 1606 551 1661 dar
578 1606 819 1660 monachi
848 1605 1107 1676 postulat.

2166 517 2373 585 vigilias
2399 534 2548 587 suas,
2579 520 2686 576 huc
2711 520 3111 579 lucubrationes
3136 525 3421 595 dirigebat,
3464 522 3575 600 quo
3619 549 3749 604 pos-

2161 618 2247 663 set
2291 610 2377 664 vel
2422 611 2476 667 in
2528 627 2645 677 suo,
2697 613 2785 667 vel
2856 614 2909 668 in
2965 615 3353 686 discipulorum
3404 620 3598 677 animis
3638 632 3747 680 tam

2162 710 2409 757 sanctum
2439 712 2494 758 et
2523 703 2790 759 laudabile
2826 705 3060 760 studium
3102 722 3447 776 promovere.
3518 710 3574 767 In
3606 712 3747 770 libro

2162 792 2230 847 de
2258 792 2389 847 Arte
2438 795 2660 850 metrica
2714 796 2794 850 sic
2822 794 3178 852 Cutltbertum
3234 799 3561 871 discipulum
3588 820 3746 862 suum

2163 879 2357 937 affatur
2386 882 2436 937 in
2470 885 2609 938 line:
2642 883 2771 940 ch
2798 886 2909 950 tibi,
2956 887 3253 944 dulcissime
3276 891 3358 961 ﬁli
3396 902 3446 946 et
3495 895 3748 950 conlevita

2164 968 2424 1036 Cutberte.
2470 973 2745 1046 diligenter
2771 992 2838 1030 ex
2880 978 3208 1048 antiquorum
3237 983 3498 1050 opusculis
3525 986 3747 1055 scripto-

2163 1077 2274 1114 rum
2321 1079 2593 1134 e.rcerpere
2631 1068 2839 1130 curavi;
2894 1077 2943 1121 et
2984 1085 3099 1138 qua:
3128 1073 3353 1139 sparsim
3382 1085 3586 1145 reperta
3623 1078 3747 1130 diu-

2163 1149 2270 1204 tino
2298 1148 2476 1205 labore
2503 1152 2833 1225 collegarum,
2884 1157 2980 1210 tibi
3004 1159 3220 1212 collecta
3250 1161 3447 1227 obtuli;
3472 1150 3534 1216 ut
3563 1181 3744 1235 quem-

2162 1241 2442 1296 admodum
2495 1244 2549 1297 iu
2580 1246 2769 1300 divinis
2799 1248 2985 1302 litteris
3026 1252 3333 1323 statutisque
3374 1255 3744 1311 ecclesiasticis

2161 1332 2387 1386 imbuere
2426 1335 2600 1389 studui
2631 1379 2643 1401 ,
2674 1338 2748 1391 ita
2777 1339 2935 1392 etiam
2982 1343 3199 1394 metrica
3226 1352 3355 1408 arte,
3399 1360 3515 1415 qua:
3559 1347 3745 1404 divinis

2161 1437 2265 1475 non
2294 1433 2371 1477 est
2406 1422 2669 1496 incognita
2712 1426 2882 1493 libris,
2931 1438 2978 1482 te
3010 1429 3226 1484 solerter
3266 1432 3593 1488 instraerem.
3650 1435 3745 1490 Cui

2161 1517 2318 1567 etiant
2346 1516 2409 1568 de
2445 1517 2626 1587 ﬁguris
2662 1519 2738 1571 uel
2780 1522 2949 1574 modis
2988 1523 3307 1577 locutionum
3346 1542 3460 1597 qua:
3484 1544 3515 1579 a
3547 1527 3744 1583 Graecis

2159 1608 2424 1663 schemata
2469 1612 2545 1664 vel
2588 1613 2721 1681 tropi
2765 1613 3027 1677 dicuntur,
3091 1633 3306 1687 partum
3363 1619 3616 1689 subjicere
3670 1622 3745 1688 ,ιὶ-

2160 1699 2345 1755 bellum
2390 1719 2492 1756 non
2538 1704 2882 1776 incongruam
2921 1706 3046 1761 duxi
3073 1722 3091 1759 :
3136 1718 3377 1781 tuamque
3419 1712 3745 1767 dilectionem

462 1778 525 1830 Il.
552 1780 833 1841 Exerrilia,
853 1781 1009 1831 studia
1032 1782 1246 1831 maxime
1278 1781 1637 1845 Scriptursrum
1658 1819 1675 1845 ,
1701 1787 2046 1848 praeceptores.

2158 1790 2366 1846 sedulus
2423 1811 2582 1850 exoro
2607 1836 2622 1861 ,
2674 1807 2729 1849 ut
2751 1797 2957 1852 lectioni
2984 1816 3193 1870 cperant
3222 1801 3495 1872 impendas
3533 1805 3744 1860 illarum

530 1929 585 1985 4.
625 1928 764 1997 Quid
794 1930 871 1985 rei
902 1930 1073 1999 egerit
1099 1930 1242 1985 Beda
1270 1930 1323 1986 in
1353 1934 1689 1989 monasterio
1721 1946 1846 2002 suo,
1893 1933 2056 1991 nobis

461 2022 634 2091 aperit
680 2022 732 2077 in
764 2020 1012 2092 Epitome
1042 2037 1140 2077 sua
1170 2022 1256 2078 his
1283 2024 1497 2081 verbis:
1549 2024 1805 2079 Cnnctum
1865 2041 1930 2080 ea:
1988 2044 2049 2081 eo

458 2124 656 2183 tempus
706 2115 827 2168 vita:
882 2115 938 2168 in
959 2114 1192 2184 ejusdem
1242 2116 1545 2168 monasterii
1590 2113 1912 2169 habitatione
1934 2133 2056 2187 per-

458 2220 639 2276 agens,
686 2220 889 2259 omnem
929 2204 1244 2258 meditandis
1287 2203 1577 2274 Scripturis
1632 2221 1848 2276 operam
1884 2206 2050 2261 dedi:

458 2304 614 2365 atque
664 2296 800 2350 inter
830 2293 1183 2349 observantius
1210 2293 1503 2365 disciplima
1542 2296 1799 2367 regularis
1838 2306 1888 2352 et
1916 2315 2052 2371 quo-

461 2386 724 2441 tidianam
749 2384 999 2440 cantandi
1025 2385 1080 2439 in
1108 2386 1325 2441 ecclesia
1353 2401 1552 2453 curam,
1583 2404 1787 2453 semper
1819 2398 1911 2443 aut
1935 2391 2051 2446 dis-

458 2493 595 2546 cere,
650 2487 741 2531 aut
773 2476 977 2545 docere,
1025 2483 1115 2530 aut
1154 2476 1377 2532 scribere
1400 2478 1550 2533 dulce
1586 2478 1763 2534 habui.
1828 2478 2049 2536 Summa

422 2592 425 2595 λ
457 2580 588 2637 ergo
610 2567 726 2624 haec
748 2568 868 2623 vita:
882 2567 1048 2638 ipsius
1077 2565 1198 2638 fuit,
1224 2567 1505 2625 meditatio
1528 2577 1584 2625 et
1601 2570 1836 2627 studium
1863 2572 2049 2642 Scrip-

459 2673 721 2727 turarum,
755 2659 841 2714 cui
870 2667 1079 2715 tantum
1107 2659 1453 2737 impendebat
1483 2661 1744 2731 temporis
1763 2660 2045 2729 discendo,

460 2750 709 2807 docendo
761 2758 815 2805 et
843 2750 1150 2817 scribendo,
1192 2759 1458 2820 quantum
1486 2752 1587 2807 sibi
1609 2752 2049 2824 postdisciplira:

456 2841 720 2910 regularis
747 2848 802 2897 et
826 2840 1130 2897 ciliciorum
1158 2840 1464 2898 divinorum
1495 2858 1720 2913 pensum
1742 2850 2044 2915 supererat.

419 2945 425 2951 ‘
452 2930 577 2998 Quo
599 2930 768 3000 magis
792 2930 1097 2986 mirandum
1122 2938 1228 2996 est,
1285 2931 1561 2988 hominem
1603 2940 1811 2987 tantum
1842 2939 1925 2988 tot
1954 2948 2047 2990 re-

454 3024 555 3080 bus
583 3022 920 3095 impeditum,
972 3036 1075 3078 nec
1110 3022 1491 3093 posthabuisse
1518 3031 1691 3080 status
1721 3023 1804 3079 sui
1843 3023 2044 3091 cilicia,

426 3129 488 3169 ta
516 3114 715 3184 quibus
743 3111 902 3168 facile
939 3112 1105 3168 eximi
1143 3112 1449 3182 potuisset;
1503 3128 1604 3170 nec
1649 3124 1828 3170 tamen
1865 3115 2044 3170 minus

454 3218 487 3258 a
516 3203 743 3258 summis
786 3202 917 3257 viris
963 3210 1059 3258 aut
1082 3201 1359 3270 didicisse,
1391 3211 1488 3259 aut
1526 3204 1827 3275 scripsisse.
1896 3203 2042 3259 Beda

426 3294 741 3349 untonachus
768 3302 900 3358 erat,
931 3293 1104 3362 inquit
1132 3293 1418 3350 Gaulridus
1435 3294 1793 3362 Boussardus,
1826 3314 1916 3368 per
1935 3296 2044 3352 dies

448 3394 504 3442 et
537 3395 711 3441 noctes
741 3402 854 3439 cum
868 3383 1117 3456 fratribus
1149 3386 1255 3441 suis
1277 3386 1395 3459 jugi
1421 3388 1697 3459 psallentio
1734 3389 2044 3461 invigilans;

455 3493 519 3532 ac
541 3476 695 3532 veluti
721 3476 855 3530 nihil
875 3484 1071 3541 oraret,
1094 3477 1281 3533 studiis
1304 3478 1592 3532 litterarum
1618 3495 1820 3550 semper
1839 3481 2044 3535 incum-

418 3592 427 3607 π
455 3568 600 3624 beus.
653 3566 787 3639 Ejus
815 3568 973 3622 vitam
993 3569 1038 3622 si
1063 3568 1378 3634 consideres,
1400 3568 1535 3623 nihil
1557 3572 1723 3641 ipsum
1744 3570 1931 3625 litteris
1956 3571 2043 3625 in-
2060 3585 2080 3601 °

432 3661 711 3725 -dulsisse;
733 3661 778 3715 si
800 3659 995 3728 studia,
1024 3658 1158 3714 nihil
1187 3661 1415 3715 orationi
1436 3650 1745 3731 impendisse
1755 3660 2040 3733 jadicabis.

421 3782 429 3791 υ
454 3751 535 3807 Ita
565 3752 654 3808 ille
674 3751 728 3806 in
749 3752 977 3822 epistola
1007 3751 1075 3807 ad
1100 3750 1319 3806 Petrum
1340 3750 1695 3807 Securibilem
1716 3751 1784 3807 de
1804 3752 2044 3809 editione

453 3844 837 3901 Commentarii
868 3844 921 3898 in
946 3842 1266 3915 Apostolum
1290 3858 1322 3898 a
1351 3843 1494 3899 Beda
1520 3858 1588 3899 ex
1604 3843 1885 3913 Augustini
1911 3859 2045 3916 ope-

420 3972 424 3976 -
452 3939 607 3994 ribus
629 3935 896 3993 deﬂorati.
927 3935 1146 3991 Utinam
1166 3935 1330 3990 etiam
1360 3935 1447 4006 pia
1474 3935 1590 3991 haec
1641 3936 1838 3992 mentis
1863 3937 2039 4006 agita-

423 4048 433 4067 ι’
455 4029 533 4085 tio
554 4027 622 4084 ad
666 4027 866 4083 multos
903 4025 1182 4082 derivetur
1238 4026 1397 4082 Betim
1444 4027 1734 4097 exemplo!
1792 4028 1879 4084 cui
1919 4037 2041 4099 post

426 4119 758 4179 rmonastica
818 4117 1080 4174 exercitia
1134 4117 1189 4172 id
1229 4119 1405 4174 solum
1435 4118 1585 4175 cordi
1613 4118 1733 4189 fuit,
1787 4122 2038 4177 meditari

451 4211 780 4281 Scripturas,
823 4210 1052 4275 discere,
1084 4210 1286 4267 docere
1326 4219 1384 4266 et
1407 4211 1665 4268 scribere.
1713 4211 2037 4284 Quanquam

424 4304 739 4374 cutriusque
785 4303 942 4360 istius
992 4302 1229 4358 cmnobii
1279 4304 1534 4359 monachi
1565 4320 1675 4360 non
1720 4305 1851 4362 solis
1875 4305 2038 4361 animi

451 4396 756 4453 actionibus
801 4395 1211 4461 exercebantur,
1261 4395 1526 4467 siquidem
1558 4395 1818 4468 Biscopus
1848 4396 2034 4466 abbas,

447 4499 590 4546 teste
605 4490 745 4545 Beda
776 4489 830 4543 in
855 4488 1023 4559 ipsius
1052 4486 1193 4557 Vita,
1225 4490 1445 4560 fratrum
1468 4491 1761 4545 simillimas
1786 4489 2036 4560 aliorum,

435 4580 697 4637 uentilare
726 4594 840 4633 cunt
867 4578 942 4632 eis
966 4587 1015 4632 et
1040 4579 1300 4644 triturare,
1324 4595 1440 4635 oves
1462 4580 1749 4652 vitulasque
1775 4580 2028 4651 mulgere,

433 4676 508 4728 .in
536 4673 776 4744 pistrino,
798 4672 860 4725 in
887 4669 1054 4734 horto,
1073 4671 1133 4725 in
1152 4672 1474 4743 coquina,-in
1504 4671 1706 4726 cunctis
1730 4671 2037 4726 monasterii

447 4762 684 4836 operibus
720 4761 982 4833 jocundus
1003 4770 1054 4816 et
1076 4761 1319 4816 obediens
1357 4760 1611 4834 gaudebat
1634 4765 1886 4818 exerceri.
1967 4765 2038 4820 Et

448 4856 598 4912 Beda
641 4855 758 4927 ipse
787 4854 1002 4911 tametsi
1047 4853 1285 4911 fortasse
1305 4853 1669 4911 exterioribus
1705 4853 1904 4912 ofliciis
1932 4858 2035 4912 mi-

450 4940 556 5006 nus
583 4958 899 5022 occupatus,
954 4959 1137 5004 tamen
1185 4948 1532 5004 amanuensis
1586 4956 1643 5003 et
1684 4950 2036 5021 exscriptoris

446 5039 695 5099 laborem
757 5055 868 5097 non
927 5037 1237 5109 defugiebat
1350 5046 1411 5094 ut
1452 5035 1677 5095 inferius
1735 5039 2037 5098 videbimus

436 5148 598 5193 stum.
621 5131 675 5189 8.

514 5244 582 5300 .5.
630 5242 847 5299 Nullum
875 5241 975 5298 fuit
1003 5247 1135 5297 artis
1166 5247 1261 5296 aut
1287 5240 1588 5312 disciplinae
1614 5257 1808 5314 genus,
1840 5246 1895 5303 in
1919 5264 2029 5319 quo

449 5340 532 5398 vir
558 5337 800 5395 discendi
844 5335 1043 5392 avidus
1079 5350 1188 5392 non
1225 5334 1388 5391 fuerit
1409 5336 1820 5407 diligentissime
1847 5358 2036 5398 versa-

446 5440 575 5487 tus:
612 5431 667 5486 in
697 5427 850 5498 cujus
877 5428 957 5483 rei
983 5427 1284 5484 subsidium
1326 5437 1524 5499 prmter
1552 5430 1825 5502 Latinam,
1870 5434 2034 5491 etiam

448 5520 696 5578 Graecam
725 5520 959 5590 linguam
984 5530 1416 5591 comparaverat.
1478 5519 1633 5589 Quod
1676 5522 1895 5593 quidem
1934 5527 2037 5582 mi-

449 5628 572 5668 rum
600 5620 687 5668 est
712 5611 768 5667 in
792 5609 1014 5667 homine
1045 5608 1282 5681 privato,
1308 5619 1364 5667 et
1385 5611 1442 5666 in
1469 5614 1728 5672 extremis
1771 5614 1891 5673 fere
1917 5616 2033 5673 Bri-

447 5702 646 5758 tannia:
688 5701 993 5758 recessibus
1039 5701 1182 5758 intra
1221 5703 1534 5760 monasterii
1578 5707 1815 5776 parietes
1852 5712 2034 5767 consi-

438 5801 648 5850 stente.
682 5791 909 5851 Omnem
937 5808 1069 5851 vero
1096 5793 1400 5852 studiorum
1427 5788 1650 5854 suorum
1675 5800 1943 5858 rationem
1976 5802 2030 5858 in

2157 1882 2384 1935 maxime
2440 1883 2772 1953 litterarum,
2852 1888 2907 1939 in
2963 1889 3144 1957 quibus
3205 1906 3300 1943 nos
3352 1892 3511 1945 vitam
3557 1892 3744 1947 habere

2155 1970 2414 2025 credimus
2474 1975 2863 2044 sempiternam.
2934 1975 3001 2029 Et
3030 1978 3083 2032 in
3128 1978 3267 2034 libro
3315 1980 3383 2035 de
3440 1981 3744 2042 Schemalis

2153 2056 2443 2129 Sciiptura:
2493 2081 2506 2117 :
2559 2066 2666 2119 Sed
2704 2075 2760 2119 ut
2789 2084 3097 2138 cognoscas,
3132 2071 3462 2126 dilectissime
3499 2076 3601 2145 ﬁli,
3653 2093 3742 2130 eo-

2152 2164 2406 2222 gnoscant
2445 2153 2566 2209 item
2589 2174 2764 2212 ontnes
2805 2159 2893 2230 qui
2940 2160 3050 2214 Ita’c
3096 2161 3264 2233 legere
3287 2165 3561 2234 voluerint,
3601 2167 3739 2237 quod

2152 2253 2334 2296 sancta
2357 2242 2632 2310 Scriptura
2658 2249 2859 2302 ueteris
2889 2248 3122 2304 omnibus
3169 2254 3463 2323 scripturis,
3505 2273 3610 2311 non
3653 2274 3739 2311 so-

2153 2333 2259 2386 lum
2299 2337 2632 2404 auctoritate,
2673 2340 2793 2408 quia
2838 2338 3053 2405 divina,
3095 2344 3172 2395 vel
3201 2344 3445 2406 utilitate,
3497 2347 3619 2418 quia
3672 2345 3741 2401 ad

2155 2423 2313 2480 uitam
2351 2428 2493 2482 ducit
2518 2438 2806 2495 «sternant;
2834 2430 2926 2484 sed
2949 2440 3000 2485 et
3026 2433 3338 2504 antiquitate
3371 2445 3421 2488 et
3456 2435 3569 2505 ipsa
3597 2453 3737 2507 pra!-

2151 2521 2342 2573 eminet
2382 2520 2635 2587 positione
2684 2522 2888 2577 dicendi
2917 2539 2937 2576 :
2976 2523 3091 2578 ideo
3120 2525 3314 2593 placuit
3350 2526 3477 2581 mihi
3511 2529 3738 2584 collectis

2151 2612 2216 2666 de
2269 2613 2387 2683 ipsa
2444 2615 2693 2685 exemplis
2736 2616 3026 2684 ostendere,
3092 2618 3217 2688 quia
3254 2618 3388 2672 nihil
3436 2620 3735 2690 hujusmodi

2149 2704 2466 2758 schematum
2515 2706 2621 2759 sive
2678 2716 2946 2777 troporum
2991 2707 3200 2764 ualeant
3243 2711 3567 2778 praetendere
3614 2712 3736 2767 ullis

2148 2794 2351 2848 seculis
2380 2794 2685 2867 eloquentia:
2720 2796 2962 2867 ntagistri
2993 2797 3131 2869 quod
3170 2815 3275 2853 non
3303 2799 3359 2853 in
3396 2800 3489 2854 illa
3512 2817 3762 2869 prisce».

2148 2885 2294 2938 serit.
2345 2882 2530 2953 Neque
2556 2900 2644 2940 res
2675 2886 3077 2954 quantumlibet
3102 2887 3514 2955 minutissimas,
3543 2889 3589 2944 si
3617 2906 3738 2947 mo-

2150 2975 2220 3031 do
2246 2974 2316 3029 ad
2350 2990 2517 3030 sacra:
2543 2974 2835 3046 Scriptura:
2863 2976 3274 3047 intelligentiam
3297 2978 3604 3035 conducere
3633 2994 3730 3051 po-

2152 3074 2350 3135 terant,
2386 3067 2603 3137 insuper
2638 3067 2892 3123 habebat.
2952 3066 3087 3123 Hinc
3116 3078 3201 3124 est
3229 3070 3373 3139 quod
3401 3071 3642 3130 libellum
3670 3072 3738 3130 de

2072 3160 2116 3222 C
2157 3155 2558 3231 lndigitatione,
2593 3173 2690 3215 seu
2720 3158 2789 3214 de
2818 3158 3029 3213 ratione
3058 3159 3382 3215 numerandi
3415 3176 3510 3231 per
3536 3162 3737 3231 digitos

2153 3251 2477 3319 composuit.
2511 3248 2695 3319 Neque
2719 3249 2875 3313 enim,
2897 3247 3106 3316 ‘inqu't,
3156 3251 3533 3306 contemnenda
3560 3252 3738 3323 patri-

2149 3358 2247 3414 que
2275 3342 2546 3412 pendenda
2570 3350 2645 3396 est
2671 3341 2869 3413 regula,
2900 3340 3046 3411 cujus
3072 3355 3249 3395 omnes
3282 3359 3412 3413 pene
3452 3359 3615 3399 s.:crat
3636 3360 3735 3399 ra:-

2147 3435 2402 3503 positores
2428 3433 2717 3505 Scripturce
2763 3449 2865 3487 non
2896 3432 3070 3486 minus
3094 3448 3248 3503 quam
3272 3434 3563 3489 litterarunt
3590 3435 3731 3506 [igu-

2147 3539 2238 3579 ras
2263 3533 2617 3577 monstrantur
2646 3518 2913 3593 amplexi.‘

2218 3609 2269 3667 6.
2316 3611 2501 3690 Plures
2531 3613 2718 3667 habuit
2747 3606 3112 3683 praeceptores
3141 3613 3306 3678 Beda,
3336 3613 3391 3669 in
3422 3613 3505 3668 his
3534 3613 3730 3669 Truut-

2144 3704 2396 3759 berhtum
2419 3703 2760 3770 monachum,
2778 3701 3006 3759 Ceadda:
3026 3704 3469 3760 Liccidfeldensis
3484 3704 3727 3774 episcopi

2144 3794 2488 3864 discipulum,
2521 3808 2680 3864 quem
2707 3809 2869 3848 unum
2900 3792 3067 3851 fuisse
3103 3797 3251 3851 deiis
3278 3798 3365 3865 qui
3388 3811 3444 3851 se
3470 3794 3728 3867 inScrip-

2144 3887 2272 3941 turis
2300 3885 2623 3948 erudiebant,
2680 3884 2880 3940 fatetur
2934 3886 3076 3942 Beda
3125 3887 3179 3941 in
3236 3886 3483 3942 Historiae
3536 3886 3628 3942 lib.
3655 3903 3728 3954 ιν,

2136 3994 2262 4048 cap.
2294 3979 2347 4033 3.
2388 3976 2525 4033 Sunt
2551 3978 2648 4048 qui
2670 3993 2791 4034 eum
2819 3978 3045 4035 Joannis
3071 3980 3139 4036 de
3169 3981 3466 4036 Beverlaco
3510 3982 3694 4052 episco
3721 4016 3727 4023 -

2143 4070 2197 4141 pi
2227 4069 2672 4139 Hagustaldensis
2698 4069 3020 4139 discipulum
3049 4071 3220 4135 aiunt,
3265 4074 3472 4127 rectius
3502 4070 3727 4126 Joannis

2143 4160 2534 4217 archicantoris
2562 4159 2792 4214 Romani
2822 4160 2988 4216 fuisse
3016 4162 3235 4216 dixeris.
3285 4160 3420 4215 Nam
3443 4160 3723 4232 Biscopus.

2141 4260 2373 4307 testante
2401 4250 2545 4306 Beda
2576 4258 2687 4304 tum
2715 4250 2768 4304 in
2815 4249 2953 4306 Hist.
2979 4251 3072 4305 lib.
3106 4268 3178 4317 tv,
3209 4267 3332 4322 cap.
3360 4251 3449 4319 18,
3507 4259 3619 4306 tum
3670 4251 3725 4307 iu

2140 4345 2307 4416 ipsius
2335 4343 2548 4413 Biscopi
2576 4342 2718 4407 Vita,
2749 4343 2986 4397 ordinem
3007 4344 3280 4410 cantandi,
3333 4344 3615 4415 psallendi,
3646 4352 3703 4398 at

2140 4455 2235 4511 que
2283 4439 2338 4492 in
2388 4434 2603 4490 ecclesia
2640 4434 2978 4490 ministrandi
3012 4436 3172 4506 juxta
3217 4450 3411 4489 morem
3467 4432 3725 4489 Romonw

2071 4536 2117 4598 ι)
2144 4529 2485 4585 institutionis
2509 4544 2603 4583 suo
2629 4528 2946 4582 monasterio
2991 4525 3328 4587 contradidit.
3356 4526 3616 4598 postulato
3646 4528 3723 4581 vi»

2141 4623 2324 4676 delicat
2353 4629 2503 4691 atque
2527 4628 2735 4689 accepto
2764 4618 2830 4672 ab
2851 4619 3120 4690 Agathone
3148 4635 3304 4689 papa,
3366 4617 3724 4672 archicantorc

2138 4713 2365 4765 ecclesia:
2394 4711 2455 4763 Β.
2476 4712 2697 4781 apostoli
2730 4708 2873 4763 Petri
2894 4719 2942 4762 et
2961 4709 3151 4762 abbate
3166 4710 3463 4763 monasterii
3488 4707 3551 4761 Β.
3575 4706 3630 4761 Μ
3636 4725 3725 4761 ar~

2141 4803 2235 4856 tini
2261 4800 2489 4862 Joanne,
2538 4816 2687 4871 quem
2716 4801 2798 4853 sui
2828 4802 3059 4870 futurum
3081 4799 3389 4868 magistrum
3413 4799 3725 4852 monasterii

2142 4893 2443 4949 Britannias
2464 4932 2486 4958 ,
2537 4890 2827 4946 Romanum
2874 4890 3059 4962 Anglis
3110 4889 3405 4943 adduceret.
3484 4886 3586 4952 Qui
3631 4888 3725 4944 illo

2140 4982 2460 5054 perveniens,
2512 4996 2617 5036 non
2658 4980 2826 5035 selum
2873 4981 2987 5034 viva
3033 4993 3152 5033 uoce
3176 4992 3290 5047 qua
3330 4975 3513 5032 Bonus
3538 4976 3722 5032 didicit

2138 5072 2490 5127 ecclesiastica
2530 5068 2851 5124 discentibus
2899 5067 3137 5136 tradidit,
3205 5067 3296 5124 sed
3338 5074 3388 5122 et
3416 5082 3522 5122 non
3552 5083 3723 5139 pauca

2137 5167 2295 5221 etiam
2325 5166 2508 5220 litteris
2538 5164 2788 5219 mandata
2818 5164 3043 5236 reliquit,
3074 5178 3189 5231 qua:
3217 5163 3464 5217 hactenus
3499 5162 3555 5216 in
3582 5160 3725 5232 ejus-

2132 5260 2254 5314 dem
2279 5258 2582 5313 monasterii
2607 5256 2913 5312 bibliotheca
2937 5256 3199 5310 memoriae
3227 5256 3401 5327 gratia
3426 5261 3716 5311 seruantur.

2139 5350 2250 5405 Nec
2276 5349 2497 5405 dubium
2546 5349 2674 5420 quin
2720 5348 2933 5418 aliquos
2980 5348 3213 5403 audierit
3245 5355 3606 5419 prmceptores
3652 5360 3723 5403 ex

2138 5438 2412 5510 discipulis
2440 5436 2714 5494 Theodori
2741 5446 2796 5492 et
2822 5434 3230 5493 Cantuariensis
3258 5437 3499 5507 episcopi
3534 5444 3591 5492 et
3608 5435 3721 5492 Ha-

2138 5531 2311 5587 driani
2342 5530 2573 5596 abbatis,
2605 5529 2719 5599 qui,
2768 5529 2955 5585 litteris
2984 5530 3148 5584 sacris
3181 5528 3336 5583 simul
3362 5536 3413 5582 et
3448 5529 3722 5584 sincalori-

2138 5623 2233 5677 bas
2259 5621 2584 5675 abundanter
2631 5619 2782 5674 ambo
2810 5620 3047 5674 instructi
3074 5628 3390 5690 congregata
3438 5617 3723 5690 discipulo-

2137 5732 2252 5770 rum
2290 5722 2494 5768 catersa
2543 5713 2775 5768 scientia:
2817 5711 3065 5766 salutaris
3093 5710 3320 5784 quotidie
3342 5710 3564 5780 flumina
3603 5711 3725 5765 irri-

2142 5806 2329 5878 gandis
2358 5822 2533 5863 eorum
2580 5804 2818 5861 cordibus
2845 5804 3199 5859 emanabant:
3238 5802 3315 5857 ita
3340 5807 3577 5857 utetiam
3620 5816 3701 5855 me

4081 332 4084 397 ἱ

4082 640 4084 679 |
