4084 6380
328 382 408 440 15
887 375 1047 437 VEN.
1088 375 1289 432 DEDIE
1329 372 1635 431 ELOGIUM
1679 367 2094 431 HlSTORICUM
2133 370 2177 426 A
2219 349 2637 426 MABlLLHNlL)
2676 333 3045 426 SCRIPTUM.
3226 345 3232 349 ί
3534 369 3602 425 ιι

322 497 484 550 arise
509 488 659 559 artis,
687 479 1051 546 astronomiae
1082 495 1134 543 et
1166 484 1523 551 arithmeticae,
1548 482 1914 540 ecclesiasticae
1946 484 1994 546 Δ
2020 495 2086 535 ne
2108 481 2161 535 in
2194 481 2649 553 reprehensionem
2669 480 2826 536 studii
2855 488 3078 535 reterum
3098 495 3230 534 nova
3268 478 3489 536 condere
3508 497 3607 552 pu-

332 583 664 654 disciplinam
693 580 828 635 inter
874 594 1141 635 sacramus
1177 578 1384 648 apicum
1411 575 1669 630 volumina
1690 574 1796 628 suis
1826 589 1926 628 au-

332 671 586 730 ditoribus
621 670 1020 737 contraderent,
1060 667 1237 738 inquit
1281 665 1430 722 Beda
1472 665 1526 720 in
1557 664 1695 720 Hist.
1720 664 1818 721 lib.
1848 678 1924 729 tv,

334 783 459 822 can.
493 765 546 820 Ξ.

446 809 459 821 .
494 786 546 820 z.
1288 790 1289 793 η

407 786 439 838 ν
459 868 547 918 Ill.
573 866 856 927 Ordinatio,
886 864 1134 929 doctrina,
1160 862 1442 913 reverentia
1468 873 1587 922 erga
1606 859 1800 908 Patres.

404 962 461 1017 7.
503 962 719 1017 Decimo
748 976 890 1014 nono
941 959 1058 1014 vitta
1114 974 1242 1012 mea!
1263 973 1423 1020 anno,
1472 954 1646 1024 inquit
1679 952 1821 1007 Beda
1871 951 1923 1007 in

328 1050 599 1123 Epitome,
632 1054 966 1105 diaconatum
989 1088 1004 1111 ,
1036 1049 1294 1103 tricesimo
1333 1046 1555 1118 gradum
1595 1043 1924 1115 presbytera-

313 1151 437 1208 tus,
467 1152 737 1211 utrumque
762 1156 855 1208 per
880 1138 1223 1192 ministerium
1253 1133 1672 1190 reverendissimi
1701 1132 1925 1203 episcopi

325 1233 575 1299 Joannis,
599 1230 811 1303 jubente
836 1228 1099 1301 Ceolfrido
1123 1225 1306 1280 abbate
1332 1226 1554 1296 suscepi.
1584 1223 1633 1279 ls
1656 1232 1741 1279 est
1760 1222 1925 1279 Joan-

314 1341 430 1381 nes
457 1322 900 1394 Hagustaldensis
932 1321 1159 1391 primum
1186 1320 1471 1389 episcopus
1510 1317 1681 1373 lactus
1711 1315 1927 1373 circiter

326 1430 537 1470 anitum
571 1428 842 1479 θακῶν,
870 1412 1125 1483 principio
1143 1411 1299 1482 regni
1328 1408 1559 1481 Aldfridi
1577 1408 1925 1464 Northanim-

326 1507 554 1563 ὕψι-ατη
584 1505 746 1574 regis,
776 1512 917 1559 teste
945 1502 1089 1558 Beda
1120 1502 1213 1557 lib.
1242 1518 1298 1571 ν,
1329 1516 1450 1572 cap.
1482 1499 1535 1566 2,
1567 1499 1760 1556 deinde
1783 1513 1916 1555 vero

330 1596 772 1666 archiepiscopus
800 1592 1161 1649 Eboracensis
1209 1599 1334 1661 post
1363 1590 1557 1645 Bosam
1600 1604 1744 1645 anno
1774 1588 1944 1644 circa.

328 1701 485 1742 bccw
513 1693 805 1740 mortuum.
841 1683 1009 1738 Porro
1037 1683 1229 1736 mansit
1257 1680 1312 1735 in
1341 1681 1671 1750 episcopatu,
1725 1678 1799 1732 ait
1821 1677 1926 1733 Be-

327 1775 423 1843 da,
446 1777 544 1832 lib.
567 1791 625 1842 γ,
653 1790 777 1845 cap.
808 1772 863 1840 6,
886 1772 1039 1827 annis
1072 1772 1287 1843 triginta
1316 1772 1481 1824 tribus
1506 1788 1524 1836 ;
1562 1779 1748 1840 postea
1778 1768 1924 1823 ordi-

2029 583 2265 639 taretur;
2295 574 2587 643 objectioni
2613 574 2753 630 Acca
2784 573 2913 628 facit
2934 573 3085 639 satis,
3114 571 3437 643 subditque:
3477 573 3609 631 γυιο

2027 667 2188 733 enim,
2217 666 2470 736 completo
2501 683 2534 720 a
2563 672 2613 720 te
2632 682 2724 737 per
2748 664 2847 719 Dei
2874 663 3128 719 auxilium
3156 680 3312 733 opere
3341 662 3479 735 quod
3508 682 3609 735 po-

2032 760 2194 821 stulo,
2227 761 2361 813 hanc
2384 759 2540 814 simul
2564 758 2842 828 epistolam
2862 759 2917 812 in
2949 756 3116 825 capite
3145 756 3481 827 prteponi,te
3504 769 3609 811 non

2026 849 2089 903 ob
2129 851 2288 905 aliam
2324 868 2480 922 quam
2527 851 2977 906 condescensionis
3000 854 3249 920 fraterna:
3293 852 3518 920 gratiam
3552 851 3609 904 in

2026 938 2223 995 Lucam
2248 941 2475 996 scribere
2501 950 2742 1013 rogatum
2763 956 2781 994 :
2803 949 2859 994 ut
2889 941 2971 1011 qui
3000 938 3064 994 ob
3094 938 3489 993 teneritudinem
3526 940 3610 993 in-

2026 1032 2164 1101 genii
2208 1031 2451 1086 sublimia
2479 1030 2557 1086 vel
2585 1031 2817 1101 di/Iicilia
2840 1046 3024 1100 capere
3053 1038 3325 1100 nequeunt,
3360 1031 3470 1083 hac
3483 1030 3611 1083 sim-

2012 1122 2229 1191 .pliciori
2263 1124 2398 1193 stylo
2432 1123 2670 1192 exposita
2698 1122 2907 1193 [acilius
2947 1119 3362 1190 apprehendunt.
3391 1117 3459 1174 Et
3487 1128 3612 1188 post

2025 1230 2195 1288 pauca
2222 1233 2234 1267 :
2269 1214 2435 1269 Credo
2464 1214 2623 1269 etiam
2652 1222 2739 1268 tuo
2769 1212 3167 1284 uigilantissime
3200 1209 3394 1275 studio,
3441 1210 3527 1280 qui
3556 1208 3611 1263 in

2026 1309 2137 1379 lege
2162 1306 2259 1361 Dei
2303 1306 2601 1361 meditanda
2651 1306 2767 1360 dies
2812 1314 3085 1373 noctesque
3126 1302 3272 1357 ducis
3314 1301 3608 1373 pervigiles,

2020 1402 2291 1457 nonnullis
2336 1402 2393 1455 in
2443 1401 2570 1455 locis
2601 1415 2716 1471 quas
2744 1398 2807 1451 ab
2836 1399 2919 1452 eis
2969 1394 3263 1467 (Pati-ibus)
3314 1393 3612 1447 intermissa

2011 1499 2166 1557 sunt,
2217 1490 2341 1562 quid
2370 1490 2553 1544 sentiri
2584 1488 2785 1551 debeat,
2831 1488 3027 1540 Auctor
3065 1484 3194 1538 lucis
3232 1483 3446 1554 aperiet.
3488 1481 3611 1536 Jus-

2027 1589 2133 1633 tum
2159 1595 2378 1650 namque
2405 1579 2535 1632 satis
2557 1586 2733 1643 est,-et
2757 1591 2995 1647 superate
3035 1573 3242 1640 pietatis
3270 1581 3419 1642 atque
3447 1571 3610 1642 a’qui-

2025 1673 2151 1727 tatis
2193 1669 2541 1725 moderamini
2571 1669 2901 1726 conveniens.
2944 1674 2999 1720 ut
3034 1666 3122 1736 qui
3163 1662 3406 1734 neglectis
3435 1662 3504 1715 ad
3531 1663 3611 1714 in-

2027 1773 2223 1837 tegrum
2250 1762 2431 1818 mundi
2468 1760 2692 1835 negotiis
2737 1766 2988 1815 (eternum
3030 1773 3301 1828 rerumque
3340 1757 3611 1827 sapientia:

336 1875 463 1923 nato
492 1868 549 1921 in
585 1867 936 1935 episcopatum
980 1860 1339 1917 Eboracensis
1387 1858 1642 1914 Ecclesia:
1670 1856 1919 1913 Willrido
1950 1845 1998 1905 Β
2027 1855 2199 1910 lumen
2237 1854 2511 1927 indefessa.
2549 1863 2721 1908 mente
2762 1851 3123 1923 persequeris;
3168 1859 3218 1905 et
3264 1850 3345 1904 hic
3389 1851 3611 1922 fructum

328 1957 653 2028 presbytero
694 1969 794 2009 suo
820 1951 1045 2008 secessit
1071 1950 1138 2005 ad
1166 1949 1541 2004 monasterium
1569 1964 1598 2002 a
1642 1962 1703 2004 se
1728 1944 1920 2003 condi-

327 2058 444 2104 tum
474 2048 528 2102 in
554 2046 686 2101 silva
717 2044 1033 2106 Deirorum;
1065 2049 1311 2097 mortuus
1338 2040 1555 2095 demum
1577 2056 1716 2094 anno
1746 2039 1923 2093 incar-

328 2136 567 2194 nationis
595 2136 871 2191 dominicae
897 2146 1113 2199 occur,
1143 2146 1254 2201 quo
1282 2145 1426 2185 anno
1454 2129 1521 2185 de
1543 2129 1659 2200 ipso
1688 2129 1916 2199 egimus.

328 2228 550 2285 Annum
577 2242 704 2299 'quo
745 2225 896 2282 Beda
946 2224 1207 2280 diaconus
1244 2223 1488 2279 initiatus
1512 2231 1614 2288 est,
1644 2222 1912 2293 illigamus

2025 1945 2384 2017 intelligentiae
2420 1944 2646 2014 purioris
2689 1942 3004 2014 assequaris,
3050 1949 3099 1994 et
3126 1941 3179 1994 in
3214 1941 3385 2011 futuro
3420 1941 3609 2011 ipsum,

2024 2039 2079 2093 in
2108 2055 2206 2112 quo
2228 2046 2350 2093 sunt
2376 2053 2552 2092 omnes
2586 2036 2814 2090 thesauri
2848 2035 3122 2104 sapientia:
3150 2043 3198 2087 et
3221 2035 3454 2088 scientice
3486 2033 3613 2089 abs-

2025 2127 2240 2193 cenditi,
2270 2125 2462 2199 Regem
2485 2126 2541 2180 in
2577 2125 2760 2181 decore
2807 2142 2902 2180 suo
2944 2124 3137 2178 mundo
3177 2124 3334 2178 corde
3381 2133 3613 2179 contem~

2024 2219 2203 2290 pleris.
2248 2217 2320 2273 At
2347 2218 2474 2291 quia
2498 2217 2615 2272 haec
2642 2216 2694 2271 in
2723 2216 2879 2271 Beda:
2901 2216 3160 2271 honorem
3185 2213 3612 2285 magniﬁcentius

322 2319 792 2377 aerachristiana:
836 2333 980 2374 anno
1010 2331 1188 2375 uexat.
1233 2314 1646 2388 PreSbyteratus
1694 2315 1918 2386 gradum
2010 2309 2123 2380 (uti
2159 2310 2272 2380 ipse
2311 2307 2598 2380 sentiebat)
2661 2307 2804 2362 dicta
2846 2323 2965 2362 esse
3009 2306 3368 2374 videbantur;
3418 2304 3611 2363 humili

328 2413 562 2483 adeptus
590 2420 677 2469 est
698 2427 842 2468 anno
880 2422 1042 2477 acc",
1095 2425 1203 2480 quo
1223 2408 1460 2465 Joannes
1488 2409 1663 2464 adhuc
1690 2415 1922 2479 przcerat

324 2504 445 2559 sedi
475 2502 930 2572 Hagustaldensi,
984 2502 1051 2557 ad
1080 2516 1241 2572 quam
1280 2501 1609 2557 monasteria
1640 2500 1917 2556 Wiremu-

329 2598 529 2652 thense
558 2603 616 2652 et
642 2594 924 2651 Girwense
945 2602 1058 2649 tum
1092 2592 1415 2664 pertinuisse
1445 2593 1712 2655 ridentur,
1762 2599 1919 2646 ante-

327 2701 495 2759 quam
523 2686 874 2757 episcopatus
916 2683 1291 2739 Dunclmensis
1319 2690 1534 2738 erectos
1581 2690 1745 2737 esset.
1786 2682 1918 2735 Nam

325 2789 528 2857 praeter
556 2778 714 2834 Beda:
757 2777 1157 2834 ordinationem
1215 2790 1246 2830 a
1276 2773 1481 2831 Joanne
1511 2768 1921 2844 Hagustaldensi

326 2871 591 2942 episcopo
616 2869 832 2936 factam,
874 2867 924 2923 id
952 2867 1143 2922 suadet
1176 2866 1471 2921 auctoritas
1501 2864 1653 2921 Accae
1679 2864 1919 2935 episcopi

316 2960 848 3033 inipsumBedam,
908 2961 998 3030 qui
1026 2961 1283 3016 hortante
1310 2967 1367 3014 et
1394 2957 1752 3029 compellente
1783 2957 1919 3013 Acca

324 3051 641 3124 complures
690 3049 1097 3106 lucubrationes
1144 3063 1269 3104 suas
1299 3062 1583 3119 aggressus
1627 3054 1727 3102 est.
1779 3046 1919 3102 Acca

325 3158 462 3201 vero
514 3141 786 3198 cathedrze
838 3140 1253 3210 Hagustaldensi
1299 3138 1513 3210 prmluit
1557 3146 1680 3209 post
1706 3137 1919 3194 Wilfri-

2024 2399 2255 2470 episrola
2285 2398 2577 2471 respondet
2606 2399 2658 2453 in
2706 2398 2848 2454 hunc
2877 2398 3092 2452 modum
3120 2416 3132 2451 :
3168 2397 3393 2453 Domino
3425 2396 3608 2452 beatiso

2022 2493 2153 2547 simo
2179 2500 2227 2546 et
2256 2493 2472 2546 nimium
2507 2490 2986 2545 desiderantissimo
3022 2487 3177 2543 Acca’
3204 2490 3443 2559 episcopo
3466 2486 3611 2541 Beda

2025 2580 2234 2635 Immilis
2282 2579 2546 2651 presbyter
2593 2580 2648 2633 in
2679 2576 2903 2634 Domino
2950 2588 3143 2633 telamo
3180 2578 3418 2631 salutem.
3470 2575 3611 2630 Mira

2023 2692 2137 2730 vere
2165 2684 2243 2729 est
2271 2685 2319 2729 et
2359 2691 2480 2729 vera
2514 2676 2643 2729 mire
2676 2674 2903 2729 doctoris
2945 2674 3137 2745 egregii
3169 2675 3445 2742 sententia,
3488 2675 3612 2745 quia

2024 2767 2253 2821 charitas
2272 2768 2459 2821 omnia
2481 2766 2667 2833 credit,
2716 2768 2891 2822 omnia
2929 2775 3121 2837 sperat.
3194 2764 3345 2820 Datis
3390 2782 3612 2839 namque

2023 2859 2093 2911 ad
2119 2875 2199 2912 me
2220 2858 2473 2928 epistolis.
2522 2867 2575 2913 ut
2615 2860 2789 2929 aliqua
2815 2858 2907 2913 tibi
2935 2859 3159 2914 scribam
3201 2877 3390 2932 rogare
3439 2869 3486 2913 te
3521 2859 3608 2913 di-

2025 2950 2133 3002 cis:
2164 2958 2214 3002 et
2239 2949 2373 3002 inter
2406 2949 2718 3020 rogandum,
2763 2950 3077 3022 necdumque
3104 2966 3232 3006 mea:
3257 2952 3610 3006 consensionis

2025 3049 2236 3110 accepto
2266 3056 2534 3110 responso,
2568 3041 2801 3109 quazsitis
2822 3041 2990 3093 adhuc
3028 3042 3291 3109 opusculis
3318 3042 3467 3113 quasi
3489 3043 3605 3112 jam

2027 3131 2293 3200 acquisitis
2333 3147 2394 3185 ac
2423 3137 2648 3201 perfecte
2675 3132 3068 3198 consummatis,
3092 3134 3416 3204 prcefatiouis
3441 3136 3612 3206 signa-

316 3235 457 3292 .dum
486 3249 632 3291 anno
659 3249 817 3290 »σαι
843 3230 1176 3299 defunctum,
1206 3240 1270 3287 ut
1300 3231 1547 3300 superius
1576 3229 1640 3285 ad
1670 3228 1918 3285 eumdem
1949 3216 1995 3281 C
2026 3222 2193 3276 culum
2214 3220 2414 3276 condis.
2447 3217 2699 3276 Nondum
2726 3221 3031 3294 fundamine
3066 3223 3234 3293 jacto,
3282 3241 3389 3279 non
3439 3225 3607 3280 allata

325 3342 531 3382 annum
572 3325 823 3381 vidimus.
869 3323 1063 3380 Mirum
1114 3323 1296 3379 forsan
1338 3324 1607 3395 aliquibus
1656 3324 1922 3391 videatur,

325 3417 476 3487 quod
505 3415 648 3473 Beda
688 3432 832 3473 anno
864 3416 1041 3472 astatis
1077 3430 1189 3472 suae
1226 3432 1322 3471 xix
1357 3416 1635 3472 ordinatus
1676 3414 1749 3470 sit
1798 3414 1921 3471 dia-

321 3523 535 3575 conus,
593 3522 715 3563 cum
751 3521 987 3563 canones
1048 3521 1249 3561 annum
1299 3506 1613 3562 vicesimmn
1673 3505 1921 3576 quintum

324 3598 705 3669 pmscribant.
728 3597 928 3653 Verum
979 3612 1365 3667 nonnunquam
1402 3597 1473 3653 ob
1502 3596 1921 3653 sanctimoniam

314 3690 756 3746 ordinandorum
783 3690 1169 3761 dispensabant
1202 3690 1461 3762 episcopi,
1492 3690 1569 3745 uti
1593 3690 1646 3746 in
1676 3688 1773 3746 SS.
1797 3688 1927 3747 Ger-

316 3799 496 3837 mano
522 3782 820 3838 Parisiaca:
849 3782 998 3838 urbis
1025 3784 1306 3854 episcopo,
1362 3781 1635 3854 Sequano,
1690 3781 1925 3852 aliisque

328 3872 624 3928 advertere
650 3872 800 3928 licet.

391 3962 459 4017 Ὁ.
507 3961 595 4017 Ea:
635 3973 862 4034 tempore
902 3967 1097 4034 accepti
1141 3960 1543 4033 presbyteratus,
1578 3960 1753 4032 pergit
1778 3960 1924 4016 Beda

327 4055 392 4111 in
418 4054 689 4123 Epitome,
731 4071 892 4125 usque
919 4054 988 4107 ad
1013 4068 1209 4108 annum
1241 4053 1413 4109 tetatis
1442 4068 1572 4107 mea:
1605 4052 1926 4125 quinquage-

328 4146 521 4202 simum
566 4162 762 4201 nonum
792 4146 901 4200 haec
947 4130 1006 4200 in
1031 4144 1356 4216 Scripturam
1391 4160 1596 4199 sacram
1624 4159 1753 4200 mea!
1782 4160 1922 4199 meo-

325 4252 551 4306 rumque
582 4235 876 4290 necessitati
904 4252 969 4289 ex
1007 4234 1266 4305 opusculis
1288 4232 1510 4289 breviter
1539 4234 1812 4297 adnotare,
1851 4231 1926 4285 si-

316 4342 395 4381 ve
419 4326 577 4380 etiam
609 4330 680 4379 ad
708 4325 931 4396 formam
975 4340 1153 4380 sensus
1193 4329 1243 4377 et
1268 4323 1713 4393 interpretationis
1745 4338 1925 4377 eorum

326 4412 944 4484 superadjicereeuraoi.
1012 4411 1150 4469 Hinc
1188 4412 1555 4482 intelligimus,
1588 4412 1789 4468 Bedam
1818 4427 1926 4468 non

331 4514 466 4562 ante
494 4520 694 4559 annum
714 4505 889 4560 astatis
916 4505 1252 4561 tricesimum
1294 4503 1445 4561 libris
1486 4503 1788 4561 scribendis
1822 4503 1926 4559 de-

2024 3315 2207 3367 saltem
2241 3312 2479 3378 materia,
2522 3312 2631 3383 ipse
2658 3313 2807 3383 quasi
2839 3314 3088 3384 completo
3108 3314 3225 3384 jam
3248 3317 3380 3370 tanti
3409 3314 3606 3371 laboris

2024 3401 2268 3473 aediﬁcio,
2313 3402 2482 3456 claves
2510 3402 2691 3474 quibus
2730 3403 2976 3458 introitus
3005 3406 3272 3459 muniatur
3295 3407 3501 3479 dirigis,
3551 3417 3609 3462 ut

2024 3496 2216 3566 pudeat
2269 3512 2373 3549 non
2410 3495 2513 3550 cito
2545 3494 2717 3549 subire
2752 3511 2901 3562 Opus,
2953 3495 3090 3569 quod
3130 3499 3232 3552 cito
3263 3498 3610 3564 subeundum,

2024 3587 2176 3641 citius
2241 3586 2560 3657 explendum
2614 3584 2749 3656 ﬁdes
2796 3587 2966 3641 amica
3010 3597 3318 3657 prmsumat.
3383 3587 3448 3643 Et
3489 3601 3613 3659 post

2027 3693 2241 3733 versum
2286 3698 2298 3732 :
2349 3678 2500 3735 Unde
2544 3690 2594 3734 et
2639 3697 2732 3751 ego
2784 3697 2905 3735 mox
2963 3681 3107 3735 lectis
3151 3690 3251 3736 tua:
3292 3681 3610 3738 dulcissima:

2022 3770 2315 3824 sanctitatis
2349 3769 2627 3841 paginulis,
2656 3770 2879 3840 injuncti
2909 3786 2990 3825 me
3017 3772 3191 3840 operis
3219 3771 3388 3826 labori
3423 3789 3610 3844 suppa-

2024 3861 2150 3915 sui:
2194 3862 2247 3915 in
2294 3877 2394 3933 quo
2434 3861 2511 3933 (ut
2554 3862 2828 3916 innumera
2864 3863 3169 3917 monasticae
3216 3863 3472 3919 servitutis
3523 3882 3611 3919 re-

2024 3953 2256 4007 tinacula
2283 3952 2608 4024 prieteream)
2636 3953 2745 4023 ipse
2779 3953 2909 4008 mihi
2933 3953 3182 4020 dictator,
3205 3955 3361 4008 simul
3380 3954 3613 4010 notarius

2025 4055 2075 4101 et
2115 4046 2359 4101 librarius
2420 4046 2713 4102 existerem.
2784 4047 2899 4114 Qua
2961 4048 3015 4103 in
3057 4064 3116 4109 re
3170 4048 3414 4103 miranda
3477 4062 3611 4103 sane

2027 4140 2165 4204 tanti
2191 4138 2292 4195 viri
2323 4139 2585 4196 modestia
2613 4183 2628 4207 ,
2684 4140 2777 4211 qui
2809 4140 2972 4194 tantis
3000 4140 3160 4195 rebus
3190 4139 3384 4209 dignus
3411 4147 3469 4194 et
3498 4147 3611 4193 tam

2028 4229 2209 4285 arduis
2238 4237 2534 4300 occupatus
2564 4230 2773 4296 studiis,
2804 4231 3071 4300 scriptoris
3122 4231 3449 4285 amanuensis
3477 4245 3614 4301 ope-

2028 4336 2145 4376 ram
2175 4337 2285 4377 non
2313 4320 2655 4391 subterlugit,
2686 4336 2787 4375 nec
2814 4321 3094 4374 innumera
3121 4322 3423 4376 monasticae
3451 4323 3614 4376 servi-
3638 4374 3644 4380 ,

2032 4413 2152 4466 tutis
2196 4411 2507 4465 retinacula.
2592 4410 2777 4481 Pergit
2817 4411 2935 4482 ipse
2995 4411 3049 4465 in
3104 4411 3297 4467 eadem
3351 4412 3613 4481 epistola:

2031 4499 2307 4557 Nonnulla
2347 4502 2505 4556 etiam
2522 4517 2639 4574 qua:
2664 4500 2744 4576 (ut
2772 4499 2936 4557 verbis
2961 4511 3061 4557 tute
3085 4503 3376 4557 sanctitatis
3405 4500 3612 4574 loquar)

331 4597 481 4653 disse
517 4611 766 4667 operam.
831 4594 944 4664 Qua
994 4596 1049 4652 in
1099 4612 1161 4654 re
1188 4597 1389 4653 Accam
1438 4594 1927 4667 Hagustaldensem
1958 4584 2007 4646 Ι)
2035 4592 2163 4647 mihi
2190 4591 2384 4647 Auctor
2416 4591 2548 4647 lucis
2575 4592 2798 4661 aperuit,
2827 4592 3026 4664 proprii
3057 4593 3261 4647 sudoris
3286 4591 3503 4658 indicia,
3526 4592 3617 4646 ubi

331 4689 655 4760 episcopum
686 4688 960 4759 pmcipue
988 4690 1321 4747 hortatorem
1358 4699 1416 4746 et
1461 4680 1807 4745 incitatorem
1836 4688 1931 4744 ha-

322 4781 475 4847 ooit,
504 4778 663 4850 cujus
703 4786 881 4836 exstat
909 4779 1137 4851 epistola
1166 4780 1327 4837 Bedae
1372 4779 1632 4850 inscripta
1677 4787 1809 4836 ante
1848 4780 1931 4851 ip-

323 4872 455 4928 sius
476 4870 645 4927 Bede
672 4872 1059 4927 commentaria
1091 4870 1143 4926 in
1166 4870 1511 4942 Evangelium
1530 4870 1693 4926 Luca:
1712 4870 1816 4927 boc
1836 4884 1931 4925 ex-

332 4963 535 5019 ordio:
572 4961 1023 5019 Reverendissimo
1068 4964 1122 5017 in
1149 4962 1358 5018 Christo
1384 4964 1539 5036 fratri
1577 4971 1627 5016 et
1652 4977 1927 5017 consacer-

333 5052 449 5107 doti
479 5050 639 5106 Beda
663 5051 962 5122 presbytero
982 5052 1121 5106 Acca
1142 5059 1441 5123 perpetuam
1473 5054 1527 5106 in
1544 5049 1769 5107 Domino
1791 5051 1926 5106 salu-

337 5150 461 5196 tem.
511 5140 670 5212 Stepe
706 5141 914 5210 quidem
948 5150 1055 5196 tum
1082 5152 1280 5197 sancta
1326 5142 1644 5214 fratemitati
1671 5151 1722 5197 et
1747 5142 1929 5198 absens

338 5230 636 5296 scribendo,
650 5239 710 5285 et
737 5232 1078 5304 colloquendn
1105 5249 1336 5303 prtvsens
1363 5235 1687 5305 suggessi,’ut
1699 5240 1813 5303 post
1835 5248 1931 5287 ea:-

333 5323 653 5394 positionem
692 5325 909 5378 Aotuum
943 5327 1320 5394 apostolorum,
1358 5324 1413 5379 in
1438 5324 1776 5395 Evangelium
1798 5340 1929 5390 qua-

336 5428 440 5484 que
462 5410 622 5467 Lacte
646 5412 871 5466 scribere
885 5412 1135 5484 digneris.
1174 5411 1325 5478 Quod
1361 5416 1472 5484 ipse
1500 5414 1749 5467 hactenus
1788 5428 1931 5469 vere-

338 5502 515 5556 cauda
544 5502 884 5557 excusatione
922 5503 1137 5574 diﬂ'erre
1164 5520 1318 5576 quam
1359 5506 1531 5576 facere
1555 5503 1807 5567 maluisti,
1847 5512 1930 5558 at-

335 5592 583 5647 (δίκηᾱο
623 5601 670 5645 te
707 5591 838 5648 duas
868 5596 1095 5649 maxime
1143 5594 1207 5650 ob
1244 5611 1432 5649 causas
1480 5611 1514 5648 α
1549 5593 1798 5649 tentando
1834 5594 1930 5650 hoc

340 5669 500 5752 opere
546 5681 849 5737 deterritum
873 5699 892 5737 :
920 5686 1042 5755 quia
1094 5686 1329 5741 videlicet
1369 5694 1419 5739 et
1467 5687 1635 5755 ipsum
1664 5702 1790 5757 opus
1841 5704 1929 5742 ar-

342 5774 529 5840 ἁηιπι,
544 5782 595 5830 et
610 5789 643 5828 a
660 5777 988 5835 sanctissimo
1001 5796 1062 5834 ac
1087 5780 1173 5835 doc
1189 5782 1387 5835 tissime
1408 5779 1640 5834 antistite
1661 5779 1929 5837 Ambrosio

340 5869 420 5924 sit
432 5875 880 5938 prmccupatum.
915 5870 982 5927 Et
1011 5871 1292 5943 quiaBeda
1314 5870 1615 5945 reponebat
1643 5874 1829 5932 timere
1848 5893 1927 5946 se,

2033 4692 2380 4756 opportunum
2423 4681 2708 4747 ridebatur,
2759 4682 3004 4745 adnexui,
3060 4682 3147 4754 qui
3177 4681 3234 4737 in
3261 4681 3389 4753 legis
3426 4682 3617 4736 diuinos

2032 4774 2385 4839 meditatione,
2444 4776 2543 4830 etsi
2571 4791 2674 4829 non
2707 4776 2786 4846 (ut
2811 4775 2922 4845 ipse
2950 4774 3223 4841 scripsisti)
3279 4774 3390 4829 dies
3421 4781 3617 4828 noctes-

2031 4883 2129 4938 que
2153 4866 2421 4938 pervigiles
2448 4866 2635 4922 ducere
2659 4866 2888 4937 sufﬁcio,
2921 4882 3023 4920 non
3045 4882 3232 4936 parum
3258 4875 3429 4920 tamen
3450 4866 3614 4920 studii

2032 4973 2115 5011 me
2133 4957 2188 5011 in
2210 4957 2497 5029 Scripturis
2520 4956 2841 5027 impendisse
2869 4973 2973 5011 non
3001 4956 3200 5012 dubito.
3234 4954 3438 5012 Eodem
3467 4955 3619 5011 Acca

2034 5054 2259 5103 auctore
2277 5046 2495 5117 scripsit
2522 5045 2666 5103 Beda
2716 5046 2856 5103 duos
2901 5049 3412 5103 commentariorum
3444 5046 3614 5102 libros
3684 5084 3689 5087 ι

2033 5140 2089 5195 in
2127 5139 2524 5206 Hexaemeron,
2564 5149 2677 5195 tum
2706 5140 2869 5196 etiam
2883 5139 3052 5197 libros
3077 5154 3171 5195 sex
3202 5139 3256 5194 in
3282 5137 3612 5205 Samuelem,
3690 5210 3696 5217 .

2036 5242 2147 5287 tum
2176 5231 2573 5302 expositionem
2618 5233 2671 5285 in
2702 5229 2911 5298 Esram,
2972 5245 3040 5288 ex
3068 5230 3261 5302 quibus
3289 5227 3532 5300 praiatio
3561 5229 3615 5284 in

2034 5324 2429 5390 Hexaemeron,
2453 5341 2561 5381 non
2585 5324 2939 5391 abbatiAccae,
2971 5333 3031 5381 ut
3057 5326 3111 5381 in
3139 5325 3296 5381 editis
3324 5325 3492 5389 libris,
3520 5322 3618 5378 scd

2033 5416 2255 5473 antistiti
2298 5417 2437 5471 Acca
2480 5415 2700 5472 inscribi
2760 5414 2978 5481 debent,
3040 5423 3099 5470 ut
3144 5414 3436 5486 praeferunt
3482 5425 3615 5467 mss.

2033 5505 2285 5571 Codices,
2358 5505 2412 5560 in
2462 5505 2657 5575 quibus
2698 5505 2842 5561 Acca
2877 5521 2972 5561 seu
3020 5505 3198 5561 Accan
3239 5504 3356 5561 sine
3384 5501 3617 5558 ﬂexione

2033 5613 2358 5669 quocunque
2383 5613 2514 5654 casu
2545 5596 2883 5668 exprimitur.

2104 5690 2158 5747 9.
2211 5690 2269 5746 In
2319 5689 2570 5747 omnibus
2610 5704 2740 5745 vero
2800 5685 3261 5744 lucubrationibus
3304 5683 3418 5738 suis
3469 5680 3612 5735 Beda

2031 5780 2290 5838 doctrinae
2317 5779 2415 5837 SS.
2447 5777 2667 5835 Patrum
2708 5778 3099 5835 addictissimus
3126 5775 3363 5843 luit,’ita
3406 5779 3467 5828 ut
3506 5778 3614 5826 non

2034 5883 2141 5930 tam
2190 5887 2327 5947 nova
2358 5886 2525 5949 opera
2565 5869 2796 5940 cudisse,
2837 5884 2997 5940 quam
3044 5883 3111 5924 ex
3142 5867 3377 5940 ipsorum
3425 5877 3612 5919 nionu~

3030 6017 3101 6028 ποι.
