4010 6382
623 345 726 402 879

1930 340 2137 399 RATIO
2174 336 2564 397 CYCLORUM.
3671 353 3748 414 ,ιο

691 463 746 517 Si
779 462 860 516 vis
886 470 1043 532 quota
1073 463 1143 518 sit
1171 462 1388 517 indictio
1415 459 1576 527 scire,
1609 474 1764 515 sume
1809 471 1980 514 annos
2006 458 2074 512 ab
2106 456 2188 511 ln-
2216 455 2269 518 Α
2294 455 2464 524 quies,
2500 455 2637 511 ﬁunt
2680 453 2768 510 75.
2801 454 2952 512 Adde
2991 455 3057 512 ad
3103 455 3216 512 dies
3265 458 3381 516 200.
3408 460 3623 533 Januarii,
3655 468 3752 527 ιίιιιιι

622 554 931 611 carnalione
951 552 1185 617 Domini,
1216 552 1267 607 id
1290 560 1393 618 est,
1423 549 1550 606 775.
1580 549 1675 606 His
1701 564 1914 619 semper
1935 547 2109 618 adiice
2132 545 2187 612 5,

623 648 756 701 fiunt
781 645 905 702 778.
954 646 1063 703 Hos
1094 645 1293 717 partire
1323 659 1419 716 per
1449 644 1540 711 15,
1574 652 1859 700 remanent
1888 643 1977 698 15.
2007 641 2189 696 Tertia

620 737 827 793 decima
873 746 958 794 est
996 737 1220 795 indictio
1260 737 1385 793 anni
1417 735 1739 806 praesentis;
1766 734 1811 792 si
1842 732 1975 790 nihil
2004 748 2191 790 rema-

617 836 729 893 net,
766 825 831 881 15
857 837 958 884 est.
1384 848 1387 849 '

692 919 748 977 Si
776 936 937 977 nosse
968 922 1049 977 vis
1070 929 1263 992 quotus
1292 925 1361 976 sit
1390 920 1624 976 circulus
1645 920 1807 987 lunae,
1840 934 1989 974 sume
2020 933 2191 973 annos

623 1008 854 1074 Domini,
888 1018 944 1064 ιιι
985 1019 1112 1080 puta
1140 1010 1282 1077 774;
1316 1021 1371 1066 et
1415 1011 1671 1067 subtrahe
1718 1024 1932 1079 semper
1978 1009 2104 1076 duo,
2138 1021 2189 1063 et

615 1112 895 1159 remanent
923 1102 1052 1158 762.
1093 1103 1200 1159 Hos
1251 1104 1447 1173 partire
1495 1119 1590 1174 per
1622 1104 1686 1158 10
1730 1112 1784 1159 ει
1813 1103 1869 1170 9,
1916 1109 2192 1158 remanent

615 1196 739 1261 duo,
782 1196 1051 1253 secundus
1082 1196 1318 1252 circulus
1346 1197 1486 1253 lunae
1531 1196 2039 1271 decemnovennalis
2065 1204 2187 1260 est;

613 1287 827 1358 quoties
852 1288 989 1344 nihil
1022 1299 1289 1355 remanet,
1330 1287 1396 1343 19
1419 1297 1522 1345 est.

687 1380 748 1439 Si
774 1382 856 1438 vis
887 1382 1030 1438 scire
1057 1393 1234 1453 quota:
1277 1382 1387 1437 sint
1416 1392 1639 1452 epactte,
1670 1390 1917 1452 computa
1963 1395 1993 1435 a
2017 1380 2189 1449 primo

618 1489 764 1531 anno
787 1474 1286 1539 decemnovcnnali,
1315 1489 1483 1544 usque
1506 1476 1558 1529 in
1586 1474 1726 1531 diem
1749 1489 1907 1544 quem
1928 1472 2186 1541 volueris,

620 1577 677 1623 ut
707 1578 834 1637 puta
884 1568 939 1623 in
970 1569 1214 1637 quintum
1260 1584 1481 1623 annum.
1517 1568 1735 1624 Dimitte
1773 1583 1986 1638 semper
2014 1568 2067 1635 1,
2101 1583 2187 1623 re-

617 1669 842 1717 manent
882 1659 937 1715 4.
968 1661 1259 1732 Multiplica
1310 1677 1403 1731 per
1432 1661 1464 1713 4
1496 1676 1663 1717 annos
1693 1662 1783 1731 11,
1817 1675 2020 1717 annuas
2063 1675 2189 1731 epa-

618 1764 753 1822 ctas,
789 1765 845 1811 et
873 1753 1038 1810 facies
1067 1766 1255 1826 quater
1282 1755 1553 1823 undecim,
1590 1754 1678 1809 M.
1705 1754 1774 1808 14
1802 1766 1882 1811 est
1914 1763 2101 1825 epaeta
2132 1755 2186 1810 in

2296 548 2422 604 H5.
2453 546 2624 603 Der60
2670 546 2753 603 bis
2785 546 2906 603 120.
2941 548 3234 605 Remanent
3272 550 3322 607 6.
3370 551 3463 623 ipsi
3486 566 3589 612 sunt
3622 565 3750 628 puncti

2295 639 2433 693 lunae
2462 639 2628 709 ipsius
2654 639 2796 710 quod
2846 641 3063 710 luxerit,
3108 641 3161 698 id
3198 652 3296 712 est,
3348 644 3466 701 hora
3492 658 3539 703 et
3582 660 3752 719 punctos

2294 728 2440 784 horas
2461 731 2727 786 secundas.

2362 821 2421 877 Si
2452 823 2624 893 ipsam
2652 823 2829 880 lunam
2856 826 2935 880 vis
2978 823 3240 893 invenire,
3279 836 3518 883 memento
3553 830 3664 898 quod
3689 831 3755 886 ha-

2296 914 2478 971 bueris
2526 916 2581 972 in
2627 932 2858 987 summa,
2913 928 3200 991 antequam
3245 935 3335 990 per
3378 921 3443 977 40
3483 922 3758 992 partieris,et

2294 1004 2503 1074 quoties
2532 1005 2804 1064 deduxisti
2828 1008 2922 1079 40,
2967 1018 3043 1066 tot
3070 1025 3217 1066 asses
3244 1011 3446 1080 adiicias
3471 1013 3529 1067 ad
3564 1029 3757 1071 summam

2299 1096 2565 1165 eamdem,
2612 1109 2666 1154 et
2690 1099 2885 1157 iterum
2916 1102 3210 1173 multiplica
3250 1110 3390 1159 tuum
3412 1106 3627 1160 circulum
3658 1108 3756 1162 luna

2298 1190 2496 1257 sexies,
2540 1184 2733 1262 iunges
2769 1194 2835 1249 ad
2886 1208 3171 1262 summam,
3221 1194 3403 1252 deinde
3428 1211 3512 1267 per
3549 1196 3622 1265 30,
3648 1199 3760 1254 etlu-

2294 1296 2415 1337 nam
2439 1284 2677 1352 ejusdem
2707 1284 2812 1340 diei
2845 1287 3106 1343 invenies.

2363 1374 2420 1431 Si
2446 1376 2526 1431 vis
2568 1378 2707 1433 scire
2736 1378 2946 1433 initium
2975 1378 3390 1449 quadragesimae
3432 1380 3613 1449 quando
3643 1394 3761 1434 anuus

2293 1466 2598 1521 communis
2631 1477 2735 1534 est,
2767 1469 2987 1537 require
3017 1487 3046 1523 ει
3078 1469 3272 1538 pascha
3291 1485 3447 1539 usque
3474 1471 3518 1523 in
3539 1470 3635 1523 ldus
3656 1470 3760 1537 Apri-

2291 1556 2395 1624 les,
2445 1568 2575 1627 quot
2604 1558 2721 1615 dies
2771 1560 2969 1616 ibidem
3017 1561 3307 1628 inveneris,
3348 1563 3547 1617 totidem
3584 1569 3763 1628 computa

2292 1647 2409 1704 dies
2455 1662 2486 1704 a
2514 1648 2744 1705 Kalend.
2779 1650 2936 1707 Mart.
2990 1661 3161 1722 retro,
3214 1653 3315 1709 hoc
3340 1654 3436 1709 erit
3478 1654 3763 1719 initiquua-

2292 1741 2634 1814 dragesimae.
2667 1745 2891 1811 Quando
2914 1760 3043 1802 vero
3076 1746 3447 1803 embolismalis
3474 1761 3617 1801 annus
3640 1747 3763 1813 fuerit,

621 1845 862 1901 secundo
890 1845 1093 1901 circulo
1118 1845 1646 1903 decemnovennalis.
1678 1845 1754 1901 Ita
1780 1862 1875 1915 per
1906 1862 2092 1904 omnes
2123 1847 2190 1903 10
2217 1827 2267 1888 Β
2294 1850 2545 1906 οοιιιρυια
2575 1853 2604 1891 τι
2634 1838 2806 1908 pridie
2856 1840 3041 1894 Iduum
3068 1840 3239 1911 April.
3272 1854 3429 1910 usque
3454 1840 3501 1895 in
3527 1839 3702 1904 Pascha,
3729 1848 3765 1893 et

616 1946 673 1993 et
692 1936 727 1993 9
758 1951 929 1994 annos
956 1938 1056 1993 sub
1084 1938 1183 1993 hac
1222 1938 1558 1995 breviatione
1589 1939 1941 2010 computabis.

686 2048 745 2107 Si
770 2064 931 2107 nosse
962 2050 1040 2106 vis
1090 2050 1440 2121 adiectiones,
1470 2052 1522 2107 id
1550 2060 1653 2119 est,
1687 2061 2070 2109 concurrentes
2099 2065 2188 2109 se-

622 2144 870 2211 ptimanae
898 2144 1037 2210 dies,
1071 2159 1223 2200 sume
1272 2160 1441 2199 annos
1480 2145 1547 2200 ab
1577 2144 1949 2202 lncarnatione
1977 2145 2190 2201 Domini

617 2244 748 2303 quot
797 2236 1012 2303 luerint,
1064 2248 1120 2291 ut
1167 2244 1287 2305 puta
1318 2235 1423 2289 761
1472 2252 1563 2307 per
1611 2237 1959 2293 indictionem
2002 2251 2185 2292 secun-

616 2328 761 2394 dam,
803 2338 859 2384 et
885 2342 1144 2383 annorum
1167 2328 1258 2398 qui
1288 2327 1491 2382 fuerint
1532 2338 1777 2399 quartam
1810 2336 2015 2399 partem
2046 2341 2188 2383 sem-

615 2432 711 2486 per
734 2417 864 2486 ipsis
912 2418 1070 2484 adde,
1108 2417 1159 2472 id
1190 2426 1289 2483 est,
1320 2422 1473 2485 ,nunc
1506 2418 1610 2473 190
1661 2427 1715 2474 ει
1739 2418 1790 2472 1.
1846 2418 2004 2473 Fiunt
2030 2417 2186 2473 simu!

618 2508 745 2566 955.
776 2509 870 2565 His
897 2510 1032 2565 adde
1061 2511 1334 2582 regulares
1360 2511 1415 2581 1,
1447 2518 1503 2567 ει
1528 2512 1662 2567 fiunt
1692 2510 1816 2567 959.
1851 2512 1960 2567 Hos
1989 2513 2187 2581 partire

616 2615 712 2668 per
740 2600 796 2668 7,
826 2613 1103 2657 remanent
1152 2603 1208 2659 7.
1254 2590 1475 2673 Septem
1528 2612 1653 2659 sunt
1688 2609 1888 2675 epaetae
1936 2605 2086 2671 solis,
2133 2603 2188 2659 id

616 2700 720 2759 est,
766 2697 1500 2768 concurrentesseptimanae
1558 2695 1697 2765 dies,
1749 2711 1845 2767 per
1892 2694 2187 2767 superscri-

616 2793 734 2854 ptas
760 2783 1076 2848 indictiones
1101 2786 1156 2842 2.

688 2900 746 2958 Si
774 2902 856 2958 vis
879 2902 1017 2959 scire
1041 2911 1234 2973 quotus
1291 2904 1362 2958 sit
1391 2918 1563 2960 annus
1604 2879 1737 2976 cycli
1780 2904 1848 2960 10
1875 2912 1930 2961 ει
1960 2904 1993 2959 9
2021 2918 2188 2960 anno-

610 3007 753 3062 rum,
782 3008 941 3052 sume
974 3010 1145 3051 annos
1172 2995 1387 3051 Domini
1419 3007 1552 3068 quot
1580 2997 1793 3066 luerint,
1822 3008 1880 3053 ut
1907 3008 2031 3068 puta
2056 2999 2182 3065 764,

610 3094 670 3142 et
712 3102 874 3143 unum
919 3101 1134 3160 semper
1181 3087 1376 3158 adiice,
1412 3098 1469 3145 et
1510 3089 1646 3145 fiunt
1673 3088 1798 3144 765.
1854 3090 1963 3146 llos
1994 3091 2189 3161 partire

612 3189 712 3244 per
746 3176 812 3231 10
857 3183 912 3232 ει
939 3176 993 3242 9,
1031 3186 1309 3233 remanent
1353 3179 1409 3233 5.
1443 3178 1670 3246 Quintus
1719 3186 1802 3234 est
1830 3192 2001 3234 annus
2048 3177 2185 3249 cycli
2214 3191 2263 3257 ο

614 3266 1154 3336 decemnovennalis;
1186 3268 1328 3339 quod
1356 3268 1400 3323 si
1450 3269 1579 3325 nihil
1619 3270 1953 3336 remanserit,
1989 3269 2056 3324 19
2080 3278 2183 3326 est.

686 3363 747 3422 Si
777 3380 939 3422 nosse
968 3365 1051 3421 vis
1082 3374 1241 3436 quota
1271 3362 1340 3420 sit
1368 3363 1609 3432 indictio,
1639 3378 1793 3421 sume
1837 3378 2038 3420 annum
2081 3361 2187 3419 Do-

618 3454 772 3524 mini,
804 3465 859 3512 et
901 3456 1074 3527 adiice
1101 3455 1155 3511 5.
1186 3456 1395 3513 Partire
1423 3472 1516 3527 per
1547 3457 1636 3525 15,
1662 3465 1718 3513 ει
1752 3457 1892 3527 quod
1922 3464 2181 3525 remanet,

614 3549 728 3617 ipsa
759 3556 844 3605 est
868 3548 1089 3604 indictio
1116 3549 1243 3604 anni
1268 3548 1567 3619 prmsentis.

675 3640 747 3697 'Si
784 3643 865 3697 vis
908 3642 1048 3696 scire
1096 3651 1271 3711 quota:
1313 3642 1422 3696 sint
1460 3650 1659 3711 epaeta;
1688 3641 1938 3712 lunares,
1988 3645 2187 3713 partire

620 3746 791 3788 annos
831 3732 1040 3788 Domini
1087 3747 1183 3803 per
1215 3730 1282 3786 10
1330 3742 1384 3788 et
1407 3732 1465 3799 9,
1511 3742 1566 3789 et
1600 3733 1743 3803 quod
1781 3742 2022 3790 remanet
2049 3735 2186 3789 mul-

614 3826 794 3898 tiplica
840 3841 935 3897 per
983 3827 1071 3882 11.
1116 3826 1247 3882 Item
1288 3825 1485 3890 partire
1526 3840 1620 3895 per
1661 3824 1763 3897 50,
1807 3834 1862 3883 ει
1908 3835 2186 3885 remanent

610 3927 847 3991 epaeta,

687 4009 748 4068 Si
772 4023 935 4065 nosse
966 4024 1047 4065 τις
1088 4018 1473 4066 concurrentes
1515 4011 1828 4079 septimana:
1856 4009 1993 4077 dies,
2032 4026 2185 4067 sume

611 4116 810 4159 annum
861 4101 1096 4169 Domini,
1128 4109 1183 4157 et
1211 4100 1526 4157 earumdem
1555 4116 1816 4157 annorum
1852 4102 1940 4170 qui
1991 4101 2187 4158 fuerint

612 4201 865 4263 quartum
909 4207 1123 4262 semper
1168 4192 1341 4262 adiice
1387 4208 1548 4263 super
1592 4193 2058 4262 annumpomini.
2093 4193 2185 4250 His

614 4295 832 4352 quoque
861 4281 894 4334 4
917 4282 1077 4351 adde,
1123 4282 1247 4353 quia
1277 4282 1515 4353 quinque
1563 4293 1942 4340 concurrentes
1969 4282 2186 4340 fuerunt

613 4377 922 4433 Nativitatis
970 4377 1180 4433 Domini
1206 4395 1220 4431 :
1244 4378 1342 4433 hos
1371 4378 1573 4445 partire
1598 4393 1695 4449 per
1736 4379 1790 4447 7,
1827 4390 1881 4437 et
1910 4389 2185 4439 remanent
2225 4418 2231 4423 ~

615 4479 813 4539 epaeta:
849 4468 999 4525 solis.

2292 1939 2426 1997 quot
2456 1929 2573 1986 dies
2624 1931 2820 1987 ibidem
2855 1932 3132 2000 habueris,
3167 1933 3382 1990 totidem
3408 1934 3514 1989 dies
3554 1934 3720 2003 require
3746 1947 3767 1986 ι

2291 2022 2520 2080 Kalend.
2555 2025 2711 2081 Mart.
2743 2035 2886 2092 ante,
2915 2036 2969 2081 et
2998 2029 3098 2081 hoc
3127 2026 3229 2082 erit
3268 2028 3466 2081 initium
3493 2022 3764 2093 Quadragesi-

2290 2132 2413 2174 ma.
2446 2118 2514 2173 Et
2541 2118 2640 2173 hoc
2668 2118 2794 2174 nolo
2827 2130 2877 2175 te
2919 2120 3127 2187 fallere,
3160 2120 3281 2191 quia
3315 2118 3643 2175 communibus
3663 2115 3768 2170 annis

2290 2208 2497 2266 Pascha
2526 2224 2739 2281 semper
2780 2219 2903 2268 ante
2954 2213 3128 2282 pridie
3175 2213 3297 2268 ldus
3350 2211 3531 2282 Aprilis
3585 2210 3765 2267 habetur.

2292 2300 2649 2357 Embolismus
2670 2316 2883 2372 semper
2906 2313 3062 2359 antea
3108 2303 3430 2360 extenditur.

2361 2395 2417 2452 Si
2440 2395 2517 2452 vis
2544 2396 2684 2452 scire
2731 2404 2892 2467 quota
2955 2396 3026 2452 sit
3067 2406 3254 2468 epaeta
3281 2410 3437 2467 ,anno
3463 2409 3555 2465 quo
3580 2390 3767 2458 volueris,

2290 2496 2539 2557 computa
2568 2498 2731 2559 quota
2760 2488 2831 2544 sit
2853 2488 2978 2546 luna
3006 2490 3061 2547 in
3092 2504 3146 2544 ιιι
3175 2489 3405 2546 Kalend.
3430 2488 3622 2558 Aprilis,
3638 2485 3769 2554 etipsa

2290 2580 2414 2636 luna
2443 2581 2545 2635 erit
2596 2589 2804 2653 epaeta.
2855 2580 3019 2638 Verbi
3063 2584 3277 2654 gratia:
3305 2584 3350 2638 si
3394 2581 3509 2637 luna
3526 2578 3657 2633 fuerit
3673 2575 3769 2641 9,in

2289 2688 2344 2728 ιι
2368 2671 2594 2730 Kalend.
2625 2673 2800 2745 April.
2833 2674 2948 2745 ipsa
2995 2675 3102 2731 erit
3157 2683 3366 2747 epaeta,
3393 2673 3475 2729 vel
3497 2685 3588 2743 quo
3611 2679 3771 2724 numero

2289 2763 2470 2820 lunam
2490 2766 2781 2836 inveneris,
2814 2766 2988 2837 ipsum
3013 2780 3298 2823 numerum
3325 2774 3500 2837 epaeta
3527 2754 3768 2816 habebitln

2293 2861 2453 2930 quali
2492 2870 2672 2917 autem
2714 2861 2941 2918 articulo
2983 2862 3072 2918 vel
3093 2862 3346 2933 iunctura
3390 2860 3443 2916 in
3483 2857 3642 2915 eodem
3674 2866 3770 2910 anno

2290 2963 2532 3025 epaetam
2576 2954 2848 3020 habueris,
2882 2955 2937 3011 in
2984 2956 3103 3026 ipso
3146 2956 3431 3013 terminum
3465 2950 3769 3024 paschalemet

2291 3046 2501 3118 cyclum
2530 3047 2670 3104 lunae
2700 3048 2898 3105 ibidem
2926 3046 3159 3105 tenebis.

2361 3141 2417 3201 Si
2457 3143 2536 3197 vis
2562 3142 2703 3198 scire
2723 3151 2886 3213 quota
2908 3141 2982 3198 sit
3005 3143 3128 3201 luna
3152 3143 3210 3200 in
3232 3143 3385 3200 initio
3410 3133 3771 3209 Quadragesimr.

2290 3247 2541 3308 computa
2571 3238 2626 3293 in
2656 3253 2762 3310 quo
2790 3238 3022 3296 volueris
3051 3254 3219 3311 anno,
3251 3239 3307 3295 in
3327 3245 3482 3309 quota
3508 3234 3619 3291 feria
3639 3240 3776 3287 evene-

2294 3337 2366 3391 rit
2407 3335 2666 3392 terminus
2695 3334 2994 3405 paschalis,
3043 3342 3100 3392 et
3142 3337 3201 3393 in
3252 3336 3370 3406 ipsa
3406 3333 3527 3389 leria
3554 3328 3706 3396 incipe,
3740 3327 3776 3375 el

2296 3438 2543 3497 computa
2572 3442 2602 3482 a
2633 3428 2862 3484 secunda
2892 3426 3014 3483 luna
3036 3443 3133 3499 per
3148 3428 3385 3500 singulas
3412 3426 3575 3490 ferias,
3600 3412 3777 3489 usqusin

2196 3564 2201 3569 ι
2293 3524 2649 3593 Dominicam,
2680 3534 2735 3581 et
2761 3522 3157 3595 quodammodo
3178 3523 3254 3580 ibi
3276 3523 3450 3579 lunam
3470 3512 3708 3575 inveneris,
3723 3505 3777 3561 sic

2296 3618 2400 3674 erit
2427 3617 2580 3673 initio
2609 3604 3060 3688 Quadragesimas.
3082 3615 3352 3681 Similiter
3377 3626 3432 3671 et
3458 3613 3509 3668 in
3533 3603 3778 3678 negationes

2288 3707 2470 3763 lunam
2491 3716 2768 3776 computa,
2800 3706 2854 3762 in
2884 3708 3001 3778 ipsa
3028 3705 3163 3763 feria
3188 3722 3221 3763 a
3248 3707 3315 3761 21
3350 3718 3510 3776 usque
3534 3701 3580 3755 in
3609 3688 3777 3789 εεςυηῇι

2287 3797 2421 3853 feria
2450 3806 2573 3867 post
2603 3796 2961 3867 Dominicam,
2989 3805 3044 3854 et
3072 3796 3348 3869 quomodo
3370 3795 3441 3851 ibi
3477 3783 3715 3849 inveneris,
3730 3783 3779 3833 iu

2196 3936 2217 3963 λ
2287 3890 2394 3946 erit
2427 3889 2552 3945 luna
2579 3889 2919 3961 Rogationis.
2951 3888 3013 3947 Si
3062 3890 3117 3945 in
3146 3905 3202 3945 xi
3230 3886 3453 3945 Kalend.
3491 3880 3636 3954 April.
3668 3869 3780 3929 fuerit

2291 3982 2417 4039 luna
2448 3980 2536 4049 15,
2569 3996 2665 4039 seu
2718 3984 2808 4052 14,
2850 3990 2942 4038 aut
2981 3979 3070 4049 15,
3117 3982 3207 4038 vel
3240 3980 3439 4046 minus,
3468 3976 3525 4061 in.
3552 3974 3646 4044 ipsa
3677 3966 3780 4061 In}?

2289 4074 2435 4130 tione
2463 4074 2667 4143 poteris
2694 4073 2897 4131 Pascha
2928 4073 3229 4129 celebrare.
3265 4071 3361 4128 Sin
3385 4052 3549 4124 autem
3575 4064 3621 4118 in
3644 4073 3686 4115 xi
3703 4052 3778 4111 lia-

2288 4167 2432 4224 lend.
2466 4166 2633 4236 April.
2660 4165 2824 4222 fuerit
2843 4180 2875 4221 a
2904 4166 2996 4234 10,
3028 4176 3120 4220 aut
3156 4166 3250 4234 17,
3280 4164 3369 4220 vel
3398 4158 3622 4231 amplius,
3642 4149 3783 4247 in

2291 4259 2584 4325 lunatione,
2611 4257 2760 4313 nullo
2783 4257 2942 4313 modo
2968 4256 3170 4328 poteris
3206 4260 3405 4326 pascha
3427 4251 3680 4311 celebrare,
3712 4250 3782 4328 ψει

2296 4353 2513 4416 peracta
2557 4344 2674 4415 ipsa
2712 4325 3005 4414 lunatione,
3036 4352 3092 4400 et
3134 4325 3244 4399 alia
3273 4343 3613 4412 subsequente
3640 4325 3779 4401 pascha

2295 4437 2350 4493 in
2378 4437 2468 4493 illa
2500 4437 2775 4494 lunatione
2802 4437 2920 4493 sine
2961 4436 3064 4493 ulla
3105 4420 3455 4508 ambiguitate
3496 4426 3666 4501 poteris
3687 4416 3784 4475 cele-

581 4577 584 4580 ’
617 4516 1023 4617 ’ῗὲῖἷιζὲἕῖτὲ
1044 4569 1240 4631 quotus
1270 4562 1333 4617 sit
1368 4553 1540 4619 annus
1576 4563 1764 4621 circuli
1792 4563 2182 4622 decemnoven-
2209 4564 2267 4628 D
2292 4531 2477 4589 mare“
2509 4530 2567 4588 si
2614 4546 2745 4631 ὙῩΪΟ
2773 4531 2833 4631 if].
2859 4546 2956 4588 vl"
2993 4529 3113 4587 ldus
3161 4532 3340 4631 ait“
3372 4527 3523 4631 me?“
3550 4516 3783 4631 3331?:

625 4652 783 4720 nalis,
833 4668 982 4710 sume
1028 4670 1224 4710 annum
1261 4654 1496 4726 Domini,
1537 4666 1592 4713 et
1616 4672 1780 4713 unum
1810 4660 2034 4730 addens,
2064 4661 2188 4732 quia

618 4743 859 4800 secundo
886 4744 1126 4815 eiusdem
1169 4760 1312 4803 anno
1357 4754 1516 4803 natus
1558 4755 1662 4815 est,
1692 4748 1891 4818 partire
1916 4765 2011 4821 per
2042 4746 2110 4805 10
2137 4759 2193 4808 et

618 4835 675 4905 9,
707 4846 762 4894 et
797 4836 940 4908 quod
984 4838 1323 4908 remanserit,
1373 4840 1488 4912 ipse
1542 4849 1627 4897 est
1654 4853 1825 4898 annus
1873 4844 2059 4901 circuli
2088 4844 2187 4902 de-

616 4931 1093 4998 cemnovennalisa
1260 4930 1263 4935 “

694 5021 753 5080 Si
777 5034 936 5077 nosse
961 5020 1043 5076 vis
1072 5030 1268 5091 quotus
1294 5022 1474 5093 cyclus
1495 5025 1707 5080 lunaris
1753 5034 1854 5091 est,
1908 5040 2061 5083 sume
2099 5042 2194 5083 an-

616 5130 717 5175 nos
743 5115 955 5174 Domini
986 5124 1043 5173 et
1069 5131 1255 5184 unum,
1303 5117 1479 5174 divide
1505 5133 1603 5189 per
1628 5120 1683 5189 9,
1711 5128 1766 5177 et
1793 5122 1935 5190 quod
1975 5135 2189 5178 reman-

617 5210 769 5276 serit,
800 5209 915 5281 ipse
934 5219 1018 5267 est
1040 5226 1209 5267 annus
1234 5211 1419 5270 circuli
1449 5215 1675 5272 lunaris.

695 5301 754 5358 Si
802 5304 883 5359 vis
928 5304 1066 5361 scire
1107 5304 1433 5361 bissextilem
1470 5323 1687 5376 annum,
1740 5312 1945 5379 partire
1989 5324 2188 5365 annum

621 5392 836 5450 Domini
877 5410 971 5466 per
998 5396 1056 5464 4,
1086 5406 1343 5467 quantum
1374 5403 1715 5469 remanserit,
1746 5410 1824 5458 tot
1852 5403 1979 5460 anni
2005 5412 2130 5460 sunt
2156 5418 2188 5457 a

618 5486 874 5544 bissexto.

695 5580 755 5638 Si
778 5583 951 5637 ’nosse
974 5583 1054 5639 vis
1082 5586 1225 5654 quot‘
1247 5594 1472 5654 punctos
1497 5601 1825 5661 unaquaeque
1863 5592 1989 5647 luna
2020 5591 2075 5646 in
2100 5591 2188 5647 die

621 5673 794 5729 luceat
814 5675 1103 5731 secundum
1134 5676 1428 5745 Romanos,
1456 5695 1606 5735 sume
1626 5680 1742 5738 dies
1765 5697 1792 5735 a
1823 5683 2095 5753 Januario,
2128 5693 2188 5740 ut

623 5774 749 5839 puta
775 5765 830 5821 in
854 5767 989 5823 Non.
1021 5768 1190 5825 Martii
1224 5769 1311 5826 66.
1338 5769 1471 5828 Vide
1500 5782 1693 5842 quotus
1721 5774 1790 5830 sit
1820 5777 2001 5847 cyclus
2022 5777 2186 5845 lunae,

624 5872 679 5917 ut
722 5869 845 5932 puta
892 5860 950 5919 6.
1002 5862 1291 5934 Multiplica
1332 5867 1505 5935 ipsum
1547 5868 1804 5926 circulum
1856 5869 1993 5926 lunae
2034 5870 2189 5941 quin-

2284 4633 2382 4679 aut
2406 4631 2529 4693 post
2542 4639 2612 4679 vn
2644 4624 2767 4679 ldus
2786 4622 2940 4679 Mart.
2965 4638 3134 4695 usque
3159 4624 3218 4679 in
3244 4624 3429 4680 Nonas
3445 4616 3620 4690 April.,
3647 4612 3687 4666 in
3706 4607 3784 4673 ίιιδλ

2290 4716 2566 4774 lunatione
2598 4717 2799 4787 pascha
2829 4717 2974 4772 nullo
3003 4715 3167 4772 modo
3196 4713 3517 4773 celebrabis.

2362 4831 2421 4887 Si
2444 4830 2528 4886 vis
2572 4831 2712 4886 scire
2758 4837 2919 4900 quota
2966 4830 3035 4885 sit
3065 4828 3188 4885 luna
3221 4827 3379 4885 initio
3419 4814 3783 4892 Quadragesimx.

2292 4936 2444 4979 sume
2490 4921 2667 4977 lunam
2715 4899 2930 4976 Paschae
2975 4920 3099 4975 anni
3146 4920 3306 4991 cuius
3336 4915 3580 4982 volueris,
3619 4917 3664 4965 et
3697 4899 3785 5000 tolle

2292 5014 2417 5071 inde
2466 5027 2680 5083 semper
2726 5012 2814 5080 12,
2848 5021 2903 5067 et
2946 5018 3075 5082 quot
3102 5020 3407 5079 remanent,
3456 5016 3558 5063 tota
3584 5003 3684 5057 luna
3719 4996 3789 5046 cf“

2296 5105 2450 5162 initio
2475 5104 2929 5176 Quadragesimae,
2963 5102 3129 5159 Verbi
3173 5103 3350 5173 gratia
3378 5119 3393 5155 :
3424 5099 3481 5158 Si
3503 5094 3568 5151 15
3605 5089 3685 5148 erit
3703 5084 3789 5176 lunt

2295 5195 2538 5265 Pasclias,
2571 5175 2847 5250 tolleiinde
2874 5191 2971 5259 ﬂ,
3004 5203 3289 5250 remanent
3315 5192 3370 5247 5.
3410 5185 3577 5247 Tertia
3605 5180 3690 5238 erit
3705 5175 3789 5230 luna

2293 5288 2347 5344 in
2380 5286 2532 5342 initio
2558 5285 2986 5356 Quadragesimae

2366 5401 2423 5459 Si
2452 5400 2529 5457 vis
2576 5401 2714 5456 scire
2765 5399 2975 5471 quando
3011 5399 3285 5456 bissextus
3339 5399 3432 5463 sit,
3477 5404 3614 5452 sume
3648 5388 3789 5440 annum

2294 5492 2526 5559 Domini,
2563 5501 2619 5547 ut
2643 5499 2727 5548 est
2766 5506 2938 5547 annus
2965 5506 3201 5561 praesens
3245 5490 3382 5548 688.
3423 5489 3529 5546 Hos
3548 5477 3795 5557 ρετιιηικτ

2293 5588 2348 5642 4.
2376 5587 2433 5644 Si
2472 5584 2605 5641 nihil
2650 5585 2986 5652 remanserit,
3038 5585 3314 5640 bissextus
3342 5591 3445 5641 est.
3502 5579 3556 5637 Si
3592 5581 3735 5631 autem
3758 5561 3792 5622 ίν

2297 5687 2388 5735 aut
2415 5675 2471 5744 3,
2506 5686 2597 5731 aut
2622 5675 2657 5729 2
2699 5676 3075 5745 remanserint,
3111 5674 3383 5731 bissextus
3409 5686 3516 5729 non
3554 5674 3643 5725 est.
3669 5660 3722 5718 El
3752 5664 3796 5708 ne

2302 5773 2396 5828 tibi
2423 5771 2642 5827 forsitan
2692 5769 2867 5838 aliqua
2911 5767 3080 5839 caligo
3101 5767 3306 5825 erroris
3354 5760 3794 5849 occurratper

2295 5881 2415 5924 nem
2463 5872 2766 5935 computum
2822 5875 2981 5938 quem
3030 5860 3200 5930 ducis,
3261 5859 3309 5918 si
3352 5856 3485 5916 nihil
3522 5842 3793 5923 superfuerit.
