4010 6382
275 237 375 350 έ81

1548 275 1769 336 MUNDI
1804 274 2279 335 CONSTITUTIO.
2359 315 2372 338 ι

3425 273 3531 328 882

271 404 414 460 scias
441 398 689 456 eumdem
729 407 1034 467 computum
1065 410 1207 463 esse,
1257 410 1350 466 per
1379 408 1534 465 quem
1587 392 1759 458 ducis,
1792 397 1851 445 ut
1878 400 1930 458 Α
2027 387 2217 459 Cyclus
2265 385 2472 454 Graece,
2525 383 2757 440 circulus
2804 381 3014 450 Latine,
3063 380 3263 453 ogdoas
3306 381 3339 434 8
3381 384 3528 449 anni,

275 508 405 570 puta
433 497 480 552 si
507 509 600 566 per
628 494 696 550 10
724 502 780 548 et
803 493 836 549 9
862 493 1035 558 ducis,
1058 502 1113 547 et
1157 491 1290 548 nihil
1336 487 1684 560 superfuerit,
1716 485 1854 540 scias

270 592 346 650 10
373 599 428 648 et
454 591 490 646 9
517 603 670 654 esse;
702 588 748 643 si
779 603 872 657 per
899 588 992 654 15,
1024 586 1131 653 15;
1162 587 1207 641 si
1244 599 1338 655 per
1363 586 1419 650 7,
1443 571 1519 636 7.‘

347 680 645 750 Quaerenda
676 688 758 734 est
799 677 1050 733 nativitas
1094 677 1233 732 lunae
1259 677 1327 732 14
1347 691 1380 730 a
1411 689 1503 729 vut
1526 673 1649 728 ldus
1693 671 1848 728 Mart.

269 790 446 845 usque
475 776 528 828 in
564 774 744 829 Nonas
770 771 982 843 April.,‘
1011 784 1131 840 qua:
1167 768 1324 838 primi
1364 768 1563 822 mensis
1590 777 1850 820 novorum

267 868 488 924 initium
515 865 772 931 ostendit,
820 879 850 918 a
881 877 956 919 xtt
1001 861 1230 918 Kalend.
1256 859 1426 929 April.
1459 872 1627 926 usque
1668 857 1734 910 ad
1763 871 1850 910 xtv

266 959 501 1016 Kalend.
534 957 680 1023 Maii,
710 958 762 1012 in
794 969 1109 1026 quacunque
1154 953 1243 1008 die
1285 953 1407 1006 luna
1437 949 1504 1004 14
1532 947 1846 1014 occurrerit,

267 1053 390 1121 ipsa
424 1059 478 1104 te
521 1047 588 1103 ad
631 1046 1050 1102 celebrationem
1103 1042 1272 1098 sancti
1303 1039 1524 1096 Paschae
1567 1037 1844 1107 perducet.

263 1144 328 1200 Si
352 1157 482 1198 vero
512 1139 580 1193 M
605 1140 730 1195 luna
753 1147 876 1194 ante
906 1153 982 1192 xtt
1010 1135 1233 1190 Kalend.
1260 1133 1431 1204 April.
1458 1129 1709 1196 occurrit,
1745 1128 1847 1184 hoc

263 1245 375 1303 est,
414 1245 506 1289 aut
533 1250 629 1289 xtu
682 1231 908 1288 Kalend.
965 1231 1159 1300 April.,
1213 1237 1303 1282 aut
1348 1241 1453 1290 xtv,
1486 1233 1577 1279 aut
1606 1238 1696 1292 xv,
1739 1222 1848 1276 Ka-

262 1329 420 1385 lend.
452 1327 651 1397 April.,
675 1324 814 1382 scito
843 1322 1097 1394 quoniam
1128 1317 1395 1390 paschalis
1429 1318 1554 1372 luna
1581 1332 1687 1371 non
1718 1323 1804 1371 est
1833 1333 1844 1368 :

261 1422 363 1477 sed
395 1435 516 1475 cum
542 1417 787 1473 eamdem
815 1415 994 1470 lunam
1025 1411 1096 1466 50
1121 1410 1456 1482 produxeris,
1488 1408 1588 1462 alia
1616 1406 1702 1461 die
1725 1414 1848 1460 nata

261 1507 447 1575 fuerit,
483 1507 537 1561 in
566 1507 681 1576 ipsa
704 1511 858 1560 caute
898 1510 1142 1558 sanctum
1171 1498 1377 1554 Pascha
1404 1495 1722 1552 eelebrabis.
1760 1494 1846 1550 Si-

267 1601 474 1656 militer
517 1608 707 1654 cautus
767 1607 903 1663 esto,
949 1606 1008 1652 ut
1033 1611 1122 1650 xtv
1171 1594 1392 1650 Kalend.
1447 1593 1566 1648 Maii
1617 1593 1737 1647 luna
1783 1591 1852 1647 14

263 1706 373 1748 non
425 1690 798 1756 transcendat,
842 1700 932 1744 aut
977 1688 1045 1744 ad
1075 1704 1168 1743 xm
1213 1687 1436 1743 Kalend.
1469 1686 1612 1756 Maii,
1653 1694 1746 1740 aut
1782 1684 1850 1741 ad

1961 477 2214 534 hendicas
2244 477 2305 531 11
2357 483 2500 530 sunt.
2550 474 2666 529 lien
2708 472 2912 538 Grmce,
2948 474 2971 526 1
3006 471 3215 537 Latine,
3261 471 3418 527 decas
3444 471 3536 527 10.

1958 570 2252 640 Computus
2281 575 2365 623 est
2409 582 2438 620 a
2481 565 2654 620 Natali
2685 565 2894 620 Domini
2936 579 3105 634 usque
3150 563 3217 618 ad
3261 563 3533 632 Natalem,

1959 661 2013 716 id
2036 669 2136 725 est,
2163 661 2301 715 lunae
2336 659 2542 730 cyclus.
2585 659 2716 713 item
2759 658 2895 711 alius
2923 666 3205 727 computus
3241 666 3326 712 est
3364 672 3396 713 a
3427 658 3534 714 Pa-

1955 753 2084 810 scha
2111 766 2282 822 usque
2327 752 2393 805 ad
2425 750 2648 816 Pascha,
2701 749 2790 806 ubi
2822 751 2994 820 prima
3044 752 3174 806 luna
3220 752 3323 807 erit
3360 752 3415 808 in
3441 751 3536 810 Ja-

1957 842 2146 899 nuario
2167 857 2310 898 anno
2338 844 2610 912 praesenti.
2643 842 2718 897 lbi
2757 842 2950 897 iterum
2979 843 3034 897 in
3063 843 3324 911 secundo,
3349 845 3402 900 in
3433 859 3543 902 eo-

1955 935 2077 991 dem
2105 935 2223 990 loco
2249 933 2352 991 erit
2377 935 2503 990 luna
2527 936 2616 991 11.
2646 933 2958 990 Communis
2989 950 3159 989 annus
3186 937 3276 1006 qui
3306 936 3376 991 12
3397 936 3522 992 luna

1956 1029 2130 1084 tiones
2177 1027 2363 1083 habet.
2403 1028 2767 1084 Embolismus
2796 1027 2885 1098 qui
2915 1025 2981 1082 15
3005 1027 3306 1084 lunationes
3349 1028 3531 1087 habet.

1954 1123 2489 1191 Decemnovennalis,
2541 1139 2606 1179 ex
2644 1125 2909 1194 corruptis
2951 1126 3280 1194 compositus
3309 1135 3412 1191 est,
3459 1142 3527 1182 ex

1956 1216 2023 1271 10
2053 1225 2104 1271 ct
2129 1218 2182 1283 9,
2214 1226 2270 1272 et
2298 1217 2528 1272 annalis.
2564 1212 2838 1272 Bissextus
2867 1217 2920 1271 in
2962 1231 3067 1271 uno
3089 1233 3273 1273 mense
3318 1218 3389 1272 20
3421 1235 3539 1274 mo-

1954 1321 2170 1377 menta;
2221 1315 2273 1365 in
2304 1312 2513 1366 duobus
2565 1311 2792 1378 horam;
2840 1312 2892 1366 in
2937 1326 3077 1366 anno
3119 1328 3213 1368 sex
3244 1313 3440 1380 horas;
3481 1322 3536 1368 et

1954 1403 2074 1459 ideo
2121 1404 2385 1458 bissextus
2432 1404 2646 1473 dicitur,
2680 1406 2800 1474 quia
2843 1404 2924 1461 bis
2966 1405 3194 1461 Kalend.
3247 1405 3400 1461 Mart.
3430 1405 3529 1461 ha-

1953 1497 2064 1553 bet.
2093 1497 2271 1552 Saltus
2294 1497 2497 1554 lunaris
2525 1499 2716 1554 crescit
2749 1499 2974 1568 singulis
2994 1501 3149 1556 anuis
3172 1502 3357 1555 horam
3389 1511 3443 1555 et
3469 1502 3535 1557 10

1953 1600 2245 1654 momenta,
2302 1602 2354 1646 et
2385 1591 2662 1648 dimidium
2708 1591 2986 1657 momenti,
3033 1592 3188 1670 eti!)
3210 1604 3414 1663 partem
3453 1594 3538 1648 di-

1955 1683 2101 1738 midii
2151 1685 2432 1739 momenti.
2481 1685 2562 1738 Ad
2594 1686 2968 1754 complendum
3001 1700 3127 1740 vero
3159 1687 3296 1740 lunae
3341 1688 3534 1742 saltum

264 1807 334 1846 xv
359 1789 590 1845 Kalend.
621 1787 770 1844 Maii.
823 1786 952 1841 Nam
995 1784 1219 1854 incipies
1268 1786 1320 1839 in
1364 1796 1616 1853 magnum
1655 1782 1846 1838 deduci
1873 1780 1924 1840 Β
1952 1776 2227 1831 annuatim
2259 1777 2343 1844 (ut
2383 1776 2637 1847 diximus)
2691 1777 2822 1832 hora
2853 1787 2906 1833 et
2936 1787 3182 1848 punetus,
3230 1787 3285 1833 et
3328 1779 3536 1835 decima

259 1897 528 1940 errorem.
568 1879 996 1936 Christianorum
1025 1892 1158 1935 vero
1189 1877 1385 1946 pascha
1427 1876 1493 1932 ab
1522 1892 1575 1930 xt
1619 1873 1844 1930 Kalend.

259 1973 432 2042 April.
465 1985 633 2042 usque
660 1971 713 2025 in
738 1985 813 2025 vtt
841 1969 1069 2027 Kalend.
1099 1968 1243 2036 Maii,
1269 1981 1585 2038 quocunque
1610 1967 1696 2021 die
1730 1966 1842 2020 Do-

264 2069 470 2125 minico
496 2067 620 2122 luna
648 2067 967 2133 occurrerit,
1005 2073 1248 2122 sanctum
1297 2064 1502 2120 Pascha
1543 2065 1718 2120 modis
1740 2078 1850 2118 om-

259 2143 422 2218 nibus
443 2161 763 2216 celebrabis.
798 2159 950 2228 Quod
985 2167 1108 2215 ante
1135 2159 1434 2214 xtKalend.
1471 2159 1640 2229 April.
1685 2160 1847 2214 etiam

259 2253 309 2309 si
342 2253 466 2307 luna
489 2251 808 2316 occurrerit,
839 2250 927 2306 vel
956 2260 1082 2321 post
1101 2265 1173 2306 vn
1204 2249 1429 2305 Kalend.
1471 2249 1616 2316 Maii,
1647 2249 1850 2305 Pascha

258 2345 570 2401 nullatenus
599 2342 917 2399 celebrabis.

337 2439 534 2493 Tribus
577 2452 706 2509 ergo
749 2437 880 2492 locis
912 2436 1182 2492 bissextus
1235 2435 1624 2492 intereallatur.
1669 2436 1849 2492 Primo

255 2550 310 2588 vt
345 2532 467 2588 ldus
513 2531 804 2596 Februar.;
837 2531 1075 2587 secundo
1098 2529 1190 2585 ubi
1217 2527 1654 2601 frequentissime
1693 2531 1847 2598 poni-

256 2635 351 2681 tur
382 2641 436 2680 vt
468 2624 692 2682 Kalend.
724 2626 918 2691 Mart.;
949 2625 1106 2682 tertio
1133 2623 1314 2682 Nonas
1341 2623 1498 2679 Mart.

1953 1885 2092 1925 nona
2140 1885 2264 1940 pars
2295 1870 2454 1925 unius
2487 1871 2667 1939 puncti
2697 1873 2979 1927 accrescit.
3011 1872 3128 1927 Non
3160 1887 3288 1942 ergo
3334 1872 3534 1928 eisdem

1953 1961 2191 2018 articulis
2221 1972 2520 2034 temporum
2547 1965 2631 2020 vel
2655 1965 2778 2021 cteli
2806 1966 3110 2021 climatibus
3138 1967 3278 2021 lunae
3299 1967 3542 2023 celebra-

1962 2068 2049 2114 tur
2105 2060 2375 2127 accensio,
2437 2062 2532 2117 sed
2583 2077 2800 2132 semper
2838 2063 3112 2132 aliquanto
3167 2064 3348 2124 citius.
3381 2079 3540 2134 quam

1957 2154 2298 2223 prtccedente
2337 2169 2544 2224 mense,
2597 2167 2654 2211 ut
2695 2158 2766 2212 sit
2796 2158 3042 2214 undenns
3091 2173 3234 2213 anno
3264 2160 3353 2225 19,
3386 2159 3536 2214 deci-

1961 2264 2079 2304 mus
2105 2249 2505 2306 transiliebatur
2550 2251 2686 2307 dies.
2730 2266 2824 2306 vttt
2851 2252 3080 2308 Kalend.
3111 2251 3257 2321 Julii,
3290 2253 3540 2324 longissi-

1960 2356 2080 2397 mus
2107 2343 2223 2398 dies
2252 2351 2306 2398 et
2350 2343 2664 2400 brevissima
2718 2359 2825 2400 nox
2856 2345 3019 2400 totius
3063 2346 3210 2412 anni,
3248 2346 3536 2401 solstitium

1959 2435 2194 2491 aestivale
2245 2435 2465 2492 faciunt.
2518 2454 2610 2494 vnt
2662 2438 2882 2495 Kalend.
2933 2441 3176 2508 Januar.,
3229 2441 3538 2512 longissima

1961 2546 2063 2586 nox
2102 2541 2158 2586 et
2187 2532 2536 2590 brevissimus
2585 2534 2697 2590 dies
2728 2535 2888 2592 totius
2918 2536 3069 2603 anni,
3103 2534 3390 2592 solstitium
3426 2534 3540 2592 hie-

1957 2622 2094 2679 male
2116 2622 2330 2680 faciunt.

263 2793 3544 2824 W

991 2928 1513 3041 BEDE
1590 2926 2762 3047 PRESBYTER!

783 3117 871 3173 DE
914 3084 1129 3174 MUNDI
1169 3117 1546 3178 C(ELESTIS
1587 3121 2169 3192 TERRESTRISQUE
2212 3124 2758 3185 CONSTITUTIONE
2797 3131 3017 3189 LIBER.

325 3276 553 3335 Mundus
579 3276 682 3332 iste
707 3274 981 3333 sensibilis
1006 3281 1217 3330 constat
1245 3289 1314 3330 ex
1349 3283 1577 3346 quatuor
1605 3276 1845 3333 elemen-
1874 3279 1922 3344 ο
1953 3275 2299 3334 efﬂuxionem
2329 3281 2497 3352 magis
2539 3282 3026 3353 deprehenduntur.
3061 3289 3199 3348 Nihil
3241 3309 3367 3352 vero
3393 3299 3538 3356 dixi.

251 3374 352 3441 tis,
384 3380 438 3427 et
479 3371 557 3425 eis
599 3369 744 3435 totis,
789 3368 862 3422 ita
898 3367 1040 3437 quod
1084 3366 1230 3422 nulla
1276 3382 1399 3438 pars
1441 3369 1654 3423 illorum
1697 3376 1848 3425 extra

254 3465 521 3522 mundum
554 3461 918 3532 relinquatur;
966 3461 1192 3530 ideoque
1230 3460 1430 3516 mundo
1459 3460 1594 3515 nihil
1632 3461 1848 3517 aliunde

251 3556 501 3624 accedit,
535 3554 667 3610 nihil
696 3554 763 3609 ab
791 3569 856 3609 eo
892 3552 1026 3608 alias
1054 3553 1277 3608 recedit.
1321 3553 1447 3607 Dico
1479 3562 1656 3609 autem
1683 3568 1845 3608 mun-

253 3649 381 3705 dum
410 3662 476 3704 ex
506 3647 586 3701 eis
628 3644 751 3700 totis
779 3652 1048 3708 constare,
1089 3644 1157 3700 ad
1186 3644 1541 3701 differentiam
1581 3647 1846 3701 humano-

255 3757 416 3807 rum,
459 3755 557 3796 seu
595 3738 820 3794 aliorum
875 3752 1188 3808 corporum,
1232 3754 1349 3808 quae
1408 3739 1528 3810 quia
1575 3755 1678 3795 non
1725 3739 1847 3798 totis

254 3839 513 3889 constant
550 3831 851 3900 elementis,
892 3829 1092 3899 aliquid
1135 3830 1242 3886 illis
1279 3831 1486 3886 accedit
1525 3841 1579 3887 et
1619 3833 1841 3890 recedit.
1887 3846 1891 3851 '

253 3923 518 3980 Similiter
561 3921 866 3988 arboribus,
909 3919 1089 3975 herbis
1134 3934 1322 3976 succus
1367 3923 1582 3992 quidam
1629 3939 1656 3975 a
1707 3931 1847 3979 terra

254 4015 524 4073 radicibus
567 4013 798 4080 additur,
851 4014 942 4083 qui
985 4027 1079 4082 per
1126 4029 1312 4070 omnes
1361 4025 1536 4084 partes
1581 4015 1844 4086 diffusus,

255 4118 310 4166 et
352 4109 580 4164 naturali
609 4107 839 4177 quodam
880 4106 1059 4161 calore
1099 4107 1397 4174 induratus,
1446 4109 1634 4162 transit
1679 4113 1729 4162 in
1760 4123 1848 4162 ro-

254 4206 376 4259 bur.
420 4203 549 4256 Cutn
597 4211 774 4255 autem
801 4199 1009 4254 accedit
1049 4199 1250 4270 aliquid
1277 4199 1359 4254 vel
1388 4215 1474 4264 re,
1525 4200 1590 4254 ab
1633 4199 1848 4255 homine

252 4297 299 4352 si
343 4297 448 4350 hoc
479 4293 667 4349 ordine
703 4292 1081 4362 proportionali
1112 4291 1236 4359 ﬁat,
1281 4291 1484 4362 integer
1527 4291 1684 4347 homo
1730 4306 1844 4346 ma-

255 4396 384 4452 net;
417 4388 500 4442 sin
530 4383 704 4451 aliter,
736 4383 1112 4451 corrumpitur.

918 4473 1195 4530 Humorer.

325 4569 464 4624 Sunt
503 4568 644 4623 enim
687 4574 915 4636 quatuor
956 4567 1208 4622 humores
1239 4566 1290 4622 in
1322 4567 1567 4633 homine,
1599 4567 1687 4638 qui
1718 4567 1836 4622 imi-

253 4673 434 4718 tantur
455 4662 666 4718 diversa
693 4662 977 4730 elementa,
1009 4673 1259 4716 crescunt
1281 4661 1333 4716 in
1360 4660 1586 4716 diversis
1630 4671 1840 4730 tempo-

254 4760 427 4822 ribus,
461 4763 686 4825 regnant
715 4754 764 4808 in
794 4752 1020 4808 diversis
1048 4752 1314 4807 aetatibus.
1355 4751 1580 4827 Sanguis
1610 4751 1840 4806 imitatur

252 4863 470 4913 aerem,
514 4845 710 4900 crescit
749 4845 801 4899 in
830 4859 978 4909 vere,
1020 4851 1204 4913 regnat
1241 4843 1294 4897 in
1337 4843 1583 4912 pueritia.
1615 4841 1841 4898 Cholere

255 4943 498 4998 imitatur
536 4940 748 5009 ignem,
785 4938 978 4994 crescit
1015 4940 1067 4993 in
1107 4947 1322 5006 testate,
1353 4949 1537 5008 regnat
1576 4939 1627 4994 in
1658 4940 1841 4994 adole-

255 5039 486 5096 scentia.
518 5035 867 5092 Melancholia
898 5037 1134 5090 imitatur
1165 5044 1360 5090 terram
1381 5076 1396 5101 ,
1442 5034 1630 5090 crescit
1659 5035 1712 5089 in
1742 5049 1839 5089 au-

255 5142 491 5195 tumno,
558 5136 746 5200 regnat
796 5129 850 5184 in
905 5128 1230 5184 maturitate.
1304 5127 1554 5198 Phlegma
1607 5129 1841 5182 imitatur

256 5241 481 5296 aquam,
522 5227 714 5280 crescit
759 5225 812 5279 in
862 5223 1058 5293 hieme,
1104 5233 1291 5293 regnat
1332 5223 1385 5277 in
1434 5231 1724 5278 senectute.
1777 5220 1840 5277 Hi

255 5335 382 5375 cum
437 5333 535 5374 nec
588 5318 704 5388 plus
759 5331 859 5373 nec
906 5317 1082 5371 minus
1131 5318 1274 5384 justo
1325 5317 1647 5382 exuberant,
1704 5317 1842 5387 viget

258 5413 446 5468 homo.
488 5411 638 5477 Quod
669 5420 844 5464 antem
882 5410 1078 5477 aliquid
1113 5409 1314 5464 homini
1352 5409 1559 5464 accedit
1597 5417 1652 5462 et
1691 5423 1838 5464 rece-

259 5507 358 5572 dit,
390 5506 506 5560 haec
537 5505 800 5560 naturalia
827 5505 1110 5573 perhibent
1138 5506 1485 5560 instrumenta
1516 5502 1840 5567 influxionis,

259 5602 489 5663 scilicet,
523 5614 584 5654 os
609 5609 664 5655 et
693 5599 968 5654 inferiora.
1002 5598 1138 5653 Sunt
1167 5607 1421 5668 praeterea
1453 5596 1661 5650 subtilia
1693 5608 1841 5664 quae-

259 5696 383 5748 dam
413 5691 700 5757 foramina,
735 5705 853 5760 quae
884 5705 1042 5760 peros
1076 5704 1354 5756 vocamus,
1388 5704 1480 5758 per
1507 5702 1625 5757 quae
1653 5696 1843 5742 ventus

259 5789 572 5842 subintrans
614 5786 872 5854 turgidam
921 5785 1092 5840 rctldit
1133 5782 1361 5851 faciem,
1390 5783 1602 5852 qui'per
1631 5781 1842 5838 sudoris

1961 3382 2080 3421 mus
2109 3369 2367 3424 mundum
2416 3371 2815 3431 accidentaliter
2859 3387 3074 3449 propter
3102 3384 3386 3450 perfectam
3417 3389 3535 3460 ejus

1955 3461 2426 3530 compositionem,
2460 3465 2552 3520 sed
2582 3468 2812 3535 partium
2842 3469 2958 3539 ejus
2989 3480 3342 3546 recontextio,
3374 3484 3536 3540 totius

1955 3560 2010 3608 et
2037 3553 2440 3626 redintegratio,
2483 3559 2778 3615 secundum
2821 3563 3063 3622 diversos
3103 3579 3370 3627 auctores.
3404 3575 3534 3632 Nam

1953 3646 2088 3716 ignis
2135 3649 2393 3717 spissatus
2445 3653 2641 3706 transit
2689 3653 2741 3709 in
2785 3671 2986 3725 aerem,
3033 3675 3126 3715 aer
3182 3665 3441 3733 spissatus
3488 3669 3543 3725 in

1953 3755 2167 3810 aquam,
2203 3757 2339 3813 aqua
2373 3743 2629 3801 densatur
2655 3748 2708 3803 in
2743 3757 2962 3806 terram.
2995 3752 3196 3809 Rursus
3228 3773 3322 3828 per
3346 3775 3538 3818 recon-

1953 3833 2265 3888 tractionem
2297 3844 2437 3890 terra
2463 3838 2682 3894 diluitur
2713 3842 2765 3895 in
2790 3857 3011 3913 aquam,
3044 3863 3177 3918 aqua
3209 3858 3457 3909 tenuatur
3481 3857 3536 3910 in

1953 3936 2130 4014 aerem
2152 3965 2167 3988 ,
2201 3939 2292 3978 aer
2325 3927 2514 3981 transit
2544 3929 2595 3982 in
2627 3930 2826 3999 ignem.
2863 3934 3134 3992 Elementa
3167 3948 3376 4009 autem,
3409 3947 3534 4014 qui-

1955 4013 2052 4067 bus
2083 4015 2312 4071 tnundus
2340 4028 2588 4087 constat,
2624 4023 2850 4090 quilibet
2876 4026 2977 4080 sibi
3019 4027 3196 4083 locum
3225 4034 3399 4101 capit,
3432 4013 3534 4092 ise-

1951 4107 2182 4161 cundum
2214 4110 2295 4163 sui
2326 4119 2571 4166 naturam
2591 4154 2606 4178 ,
2636 4114 2774 4182 ignis
2815 4117 2898 4171 sui
2943 4118 3158 4176 levitate
3184 4139 3493 4194 supremum
3513 4173 3530 4198 ,

1955 4204 2103 4253 terra
2129 4200 2388 4267 gravitate
2420 4203 2660 4260 infimum
2685 4249 2699 4272 ,
2743 4206 2865 4262 huic
2907 4224 3042 4280 aqua
3071 4212 3534 4292 circumfunditur,

1953 4291 2035 4346 his
2075 4291 2281 4347 duobus
2311 4308 2421 4348 aer.
2465 4295 2636 4365 Supra
2677 4298 3070 4358 firmamentum
3115 4315 3291 4362 autem
3341 4291 3536 4370 secun-F

1955 4382 2081 4438 dum
2113 4385 2320 4439 divinos
2359 4397 2483 4440 sunt
2524 4393 2933 4458 supercoelcstes
2971 4411 3157 4465 aquae,
3215 4413 3373 4471 supra
3404 4422 3542 4473 quas

1877 4470 2079 4532 Dsunt
2125 4478 2430 4548 spirituales
2473 4482 2618 4548 C(Bli,
2671 4484 2723 4538 in
2770 4486 2960 4556 quibus
3007 4470 3537 4559 angeliczeivirtutes

1946 4570 2308 4625 continentur.
2342 4572 2508 4628 Terra
2537 4589 2667 4631 vero
2700 4592 2802 4631 una
2834 4577 2910 4646 ita,
2935 4593 2994 4635 se
3031 4583 3268 4638 mediam
3300 4586 3536 4658 locavit,

1947 4671 2003 4716 ut
2044 4663 2322 4730 aequaliter
2369 4666 2605 4736 undique
2648 4684 2680 4722 a
2729 4671 3062 4728 firmamento
3102 4675 3290 4743 distet,
3337 4690 3532 4748 praeter

1945 4756 2244 4811 exstantias
2276 4761 2537 4813 montium
2569 4769 2624 4816 et
2651 4763 3008 4821 subsidentias
3031 4769 3279 4838 vallium,
3311 4774 3530 4830 transit-

1944 4864 2048 4918 que
2085 4864 2182 4920 per
2213 4853 2564 4908 meditullium
2607 4855 2724 4924 ejus
2766 4859 3138 4916 intellectualis
3168 4863 3304 4918 linea
3337 4866 3404 4920 de
3439 4881 3529 4921 ar~
3582 4881 3585 4890 τ

1944 4945 2080 5000 ctico
2105 4946 2226 5014 polo
2249 4946 2314 5000 ad
2342 4949 2712 5017 antareticum,
2738 4966 2854 5021 qua:
2881 4962 2936 5008 et
2957 4956 3098 5010 aeris
3120 4956 3534 5016 circumfusione

1945 5034 2020 5092 ita
2049 5037 2262 5108 ligatur,
2295 5048 2349 5093 ut
2379 5055 2632 5111 nusquam
2666 5043 2995 5102 deﬂectatur.

2539 5133 2734 5190 Forma
2764 5147 2931 5193 terrm.

2017 5220 2169 5277 Nunc
2197 5222 2262 5278 de
2292 5224 2460 5279 forma
2491 5235 2646 5282 terrae
2676 5229 3022 5298 disseramus,
3055 5249 3214 5302 quam
3244 5236 3539 5310 Anaxago-

1946 5328 2034 5370 ras
2064 5315 2350 5370 rotundam
2394 5329 2448 5373 et
2477 5320 2689 5389 planam
2734 5323 2784 5376 in
2826 5325 3040 5380 modum
3076 5328 3262 5382 ancilis
3294 5331 3523 5389 volebat.

1946 5409 2053 5464 Alii
2084 5413 2378 5466 exstantias
2408 5423 2775 5471 extremarum
2804 5419 3121 5486 partium,et
3147 5423 3403 5490 gremium
3436 5439 3530 5480 ca-

1948 5516 2234 5576 vernosum.
2262 5503 2313 5557 in
2347 5505 2564 5560 modum
2596 5507 2852 5570 scutellaa,
2887 5509 2974 5561 ubi
3004 5509 3257 5579 quidquid
3283 5512 3525 5581 caderet,

1949 5595 2018 5649 ibi
2048 5610 2177 5650 vero
2221 5598 2386 5668 recipi
2428 5598 2693 5654 volebant.
2734 5598 2836 5652 Sed
2880 5599 3168 5654 secundum
3217 5606 3312 5656 hos
3358 5607 3526 5661 multa

1949 5701 2299 5758 sequerentur
2326 5690 2749 5746 inconvenientia
2770 5729 2786 5756 ,
2819 5706 2942 5746 nam
2970 5693 3363 5752 vicissitudines
3394 5698 3530 5754 solis

1951 5791 2002 5836 et
2031 5782 2168 5838 lunae
2199 5793 2326 5840 tunc
2354 5783 2600 5839 omnibus
2629 5781 2902 5854 aequaliter
2929 5797 3271 5850 apparerent.
3300 5798 3356 5846 et
3385 5805 3530 5846 sem-
