4010 6382
547 349 652 407 885
1016 345 1216 403 ΒΕΒΑΞ
1259 342 1712 402 VENERABILIS
1752 341 1901 397 Ol’P.
1947 337 2123 395 PARS
2153 337 2195 393 l.
2227 337 2421 396 επεν.
2455 338 2524 392 ll.
2565 367 2633 380 -
2661 335 2865 394 DUBIA
2906 335 2993 393 ET
3030 337 3274 396 SPURIA
3648 355 3728 418 εκ

551 481 646 536 per
675 463 933 520 haberent
961 461 1361 532 mquinoctium,
1386 459 1504 531 quia
1538 469 1727 513 omnes
1755 453 2138 510 dimidietatern
2171 455 2222 514 Α
2249 452 2306 507 ln
2349 448 2680 506 Rhodiorum
2710 449 2925 506 climate
2962 451 3188 521 singulis
3214 451 3278 508 de
3314 467 3400 510 sex
3433 456 3605 529 integra
3636 464 3732 528 non

554 559 794 632 omnium
831 556 1207 628 parallelorum
1242 553 1522 620 viderent,
1566 549 1748 620 sicque
1790 560 1887 602 nec
1927 553 2130 612 noctes,

551 668 650 707 nec
706 651 821 705 dies
875 649 1342 714 abbreviarcntur,
1397 645 1750 713 omnibusque
1797 649 1939 697 esset
1995 640 2136 694 idem

551 741 764 805 Oriens,
819 739 957 791 idem
1003 736 1264 789 Occidens
1308 741 1362 788 et
1410 732 1676 787 Meridies.
1729 731 1912 786 Restat
1955 735 2137 782 autem

557 841 757 885 terram
803 827 1082 882 rotundam
1132 827 1258 892 dici,
1307 833 1362 880 et
1406 825 1476 878 ob
1515 823 1772 890 declivem
1822 822 2140 893 positionem

554 921 832 975 hominum
865 919 1090 974 diversis
1137 917 1310 970 modis
1349 916 1472 971 caeli
1514 925 1694 986 partes
1742 914 1969 978 intueri;
2018 924 2138 966 nam

556 1013 749 1068 declivi
782 1028 905 1067 vere
933 1011 1291 1066 abscondunt.
1325 1009 1582 1064 llicmalis
1617 1008 1804 1078 troplci
1837 1023 1994 1060 unam
2030 1019 2143 1075 par-

555 1115 662 1160 tem
694 1105 965 1171 videmus,
999 1112 1052 1159 et
1085 1115 1192 1158 tres
1224 1104 1409 1168 latent,
1443 1103 1710 1158 mstivales
1745 1111 1850 1156 tres
1876 1101 2138 1167 videmus,

555 1207 608 1254 et
637 1213 738 1252 una
773 1199 934 1264 latet;
981 1207 1033 1252 et
1073 1197 1286 1267 quando
1316 1198 1394 1250 sol
1431 1199 1481 1249 in
1516 1197 1620 1250 illis
1651 1205 1765 1260 est,
1812 1209 1907 1266 per
1938 1203 2141 1250 tantum

552 1293 787 1362 spatium
835 1306 956 1345 eum
1005 1289 1249 1344 videmus
1292 1300 1545 1358 quantum
1589 1289 1822 1359 ipsorum
1872 1288 2142 1359 cyclorum

561 1385 714 1439 nobis
756 1394 999 1456 apparet.
1051 1385 1322 1440 Habemus
1349 1399 1564 1456 quoque
1593 1385 1836 1439 diversos
1875 1397 2049 1450 ortus,
2093 1390 2146 1436 et

555 1493 779 1533 occasus
820 1488 874 1534 et
917 1479 1169 1533 meridies
1215 1478 1508 1532 secundum
1555 1477 1874 1532 ﬁrmamenti
1919 1476 2148 1529 velutio-

559 1586 679 1625 nem
703 1615 717 1635 ,
755 1581 809 1627 et
837 1585 992 1627 terrae
1025 1571 1418 1641 globositatem.
1458 1571 1588 1626 Nam
1620 1586 1741 1626 cum
1781 1580 1864 1626 est
1895 1571 2146 1626 meridies

564 1664 953 1732 Orientalibus,
985 1671 1135 1718 ortus
1166 1673 1248 1718 est
1289 1663 1757 1730 Meridlonalibus;
1802 1673 1857 1718 et
1895 1677 2016 1719 cum
2055 1676 2145 1717 oc-

559 1771 715 1812 casus
743 1757 1123 1825 Orientalibus,
1156 1767 1306 1814 ortus
1333 1768 1416 1814 est
1443 1759 1889 1816 Occidentalibus.

1265 1849 1443 1905 Ζοηω.
1484 1836 1489 1844 ι

637 1945 802 2000 ’l‘erra
835 1959 1047 2016 quoque
1077 1961 1173 2016 per
1199 1960 1362 2001 zonas
1391 1955 1475 2001 est
1505 1945 1694 2011 divisa,
1725 1958 1944 2015 quarum
1975 1942 2149 1998 media

566 2049 778 2108 perusta
819 2049 900 2094 est
927 2041 1056 2096 solis
1083 2041 1413 2110 frequentia,
1444 2049 1494 2094 et
1524 2040 1749 2094 aliorum
1782 2040 2146 2108 planetarum,

562 2135 856 2188 secundum
908 2133 1007 2188 hos
1052 2134 1141 2203 qui
1190 2135 1350 2188 etiam
1395 2133 1499 2187 illis
1549 2134 1780 2186 calorem
1831 2132 2148 2196 attribuunt,

564 2224 685 2278 duae
713 2233 974 2279 extrema:
1005 2226 1123 2278 sine
1151 2224 1348 2279 αλιος-ῆς
1376 2223 1671 2289 beneficio,
1703 2224 1821 2277 alite
1849 2225 1996 2290 duae,
2027 2223 2153 2279 hinc

563 2318 778 2382 calore,
809 2317 932 2372 hinc
959 2316 1156 2387 frigore
1187 2326 1572 2386 temperantur.
1616 2316 1674 2371 Si
1706 2315 2002 2370 latitudinis
2033 2330 2150 2370 ma-

562 2410 894 2481 gnitudinem
939 2409 1273 2480 perpendere
1311 2409 1570 2476 volueris,
1607 2408 1841 2476 intellige
1868 2424 1894 2460 a
1925 2408 2152 2477 Septen-

569 2502 745 2555 trione
773 2499 1034 2553 circulum
1061 2500 1305 2567 protendi
1333 2499 1383 2552 in
1409 2498 1662 2553 Austrum
1687 2509 1797 2552 tam
1828 2497 1881 2552 in
1911 2497 2150 2552 inferiori

465 2595 467 2598 ⁴
563 2594 946 2664 hemisphaerio
1002 2607 1161 2662 quam
1211 2593 1261 2646 in
1305 2592 1588 2660 superiori.
1635 2590 1789 2646 Hunc
1835 2599 2014 2645 autem
2059 2605 2154 2658 per

565 2701 867 2756 sexagenas
915 2685 1094 2740 divide
1144 2694 1198 2739 et
1248 2685 1482 2739 attribue
1531 2684 1715 2740 vicina:
1764 2684 1970 2754 frigida;
2020 2700 2148 2750 sex,

567 2788 878 2848 temperatas
923 2779 1179 2848 quinque,
1214 2789 1450 2849 perustze
1479 2789 1620 2843 octo,
1669 2787 1978 2848 temperata:
2018 2777 2153 2833 ulte-

565 2869 693 2928 riori
725 2873 993 2941 quinque,
1028 2870 1232 2942 frigidae
1262 2885 1376 2925 sex.
1412 2870 1552 2924 Ecce
1579 2885 1640 2924 ea
1675 2869 2018 2939 preportione
2047 2884 2151 2937 qua

566 2979 626 3020 se
655 2966 861 3020 numeri
905 2963 992 3018 isti
1035 2962 1234 3018 habent
1263 2962 1588 3028 adiuvicem.
1621 2961 1807 3020 eadem
1851 2976 2062 3036 quoque
2093 2977 2153 3025 se

563 3057 765 3113 habent
793 3069 1048 3110 zonarum
1081 3054 1465 3110 dimensiones.

1245 3144 1484 3202 Climata.

2247 547 2540 612 accrescit,
2589 552 2644 599 et
2689 546 2742 602 in
2787 545 3012 614 singulis
3047 545 3170 604 aliis
3203 547 3396 619 integra
3429 552 3662 616 decrescit.
3689 564 3734 624 ιι

2242 634 2594 691 Borestenico
2618 634 2843 707 singulis
2869 635 2938 694 de
2961 649 3062 692 sex
3086 636 3208 697 dum
3235 637 3399 706 horae,
3425 651 3474 697 et
3495 644 3540 700 in
3559 646 3658 706 aliis
3675 660 3736 710 to.

2250 729 2410 784 tidem
2440 729 2722 784 decrescit.
2765 730 2891 787 line
2927 740 3108 786 autem
3139 731 3322 788 divisio
3357 734 3594 796 climatum
3627 743 3734 804 lacn

2243 830 2328 876 est
2367 822 2669 876 secundum
2699 823 3074 892 contputistas,
3113 825 3205 878 sed
3244 825 3388 881 aliter
3419 827 3560 886 etiam
3591 847 3740 892 secun-

2244 913 2375 968 dum
2417 912 2790 983 philosophos,
2833 914 2923 981 qui
2962 922 3206 974 naturam
3247 917 3404 986 ipsam
3440 923 3738 996 perpendam,

2244 1015 2301 1062 ut
2350 1009 2400 1060 in
2447 1007 2661 1062 climata
2711 1007 3042 1064 Rhodiorum
3072 1019 3394 1080 compertum
3437 1026 3528 1074 est.
3571 1017 3674 1074 lla
3703 1022 3742 1083 in

2245 1100 2419 1171 primo
2446 1115 2543 1156 sex
2576 1102 2840 1157 mensium
2873 1100 3189 1157 duodecima
3222 1119 3337 1171 pars
3364 1106 3575 1176 accedit,
3601 1111 3641 1166 id
3666 1120 3740 1180 est,

2244 1194 2464 1251 dimidia
2519 1195 2684 1262 hora;
2749 1195 2802 1250 in
2856 1198 3129 1262 secundo,
3177 1198 3479 1266 undecima;
3527 1201 3571 1260 iu
3609 1206 3742 1271 tertio,

2246 1299 2435 1360 quarta
2492 1299 2548 1345 et
2597 1289 2853 1355 dimidia;
2903 1291 2958 1344 in
3008 1297 3217 1360 quarto,
3263 1301 3467 1363 quarta;
3505 1294 3552 1352 in
3591 1296 3744 1364 quinto,

2245 1392 2433 1450 sexta;
2464 1382 2520 1438 in
2548 1391 2724 1450 sexto,
2753 1381 3098 1438 duodecima.

2889 1474 3244 1532 Torrentem.

2319 1567 2487 1624 Terra
2531 1582 2748 1640 quoque
2789 1577 3058 1637 movetur,
3101 1569 3242 1638 quod
3281 1578 3606 1625 terminatum
3631 1583 3747 1627 voca-

2248 1677 2399 1727 mus;
2430 1662 2574 1717 unde
2603 1663 2796 1717 dantur
2822 1660 3169 1732 conjecturas.
3197 1663 3358 1718 Terra
3383 1663 3444 1717 ad
3473 1662 3749 1718 imitationem

2257 1755 2575 1810 arteriarum
2630 1770 2724 1824 per
2751 1769 2887 1825 quas
2932 1757 3152 1826 spiritus
3199 1755 3442 1811 discurrit
3481 1757 3527 1811 in
3572 1756 3750 1823 homine,

2182 1835 2230 1895 Β
2258 1844 2422 1901 habet
2443 1860 2724 1913 cavernas,
2751 1847 3018 1904 ioramina
3047 1857 3101 1904 et
3129 1857 3393 1915 tracones,
3421 1861 3505 1917 par
3529 1863 3629 1920 qua
3651 1849 3752 1908 vetiti

2254 1947 2306 1992 et
2352 1936 2575 1994 ﬂumina
2618 1939 2947 1995 discurrunt.
2998 1939 3130 1995 Nam
3175 1940 3397 1996 ﬁumina
3437 1954 3568 1998 mare
3602 1940 3756 1998 intrant

2256 2031 2457 2096 omnia,
2489 2046 2590 2086 nec
2617 2039 2798 2086 tamen
2827 2031 3116 2100 redundat,
3143 2033 3267 2102 quia
3291 2031 3355 2088 ad
3381 2046 3499 2088 suos
3523 2031 3670 2092 alveos
3691 2043 3756 2098 per

2257 2128 2506 2176 tracones
2557 2121 2808 2177 redeunt.
2859 2121 2917 2177 la
2963 2137 3227 2179 cavernas
3273 2132 3330 2178 et
3369 2122 3602 2180 foramina
3640 2124 3756 2182 etiam

2255 2213 2474 2282 quidam
2514 2213 2658 2269 venti
2695 2213 2934 2280 intrant,
2975 2214 3118 2272 unde
3155 2215 3283 2272 dum
3317 2225 3597 2286 quaeruntur
3626 2229 3758 2270 arum-

2256 2319 2418 2375 pere,
2450 2312 2602 2361 tanto
2630 2314 2794 2362 ruunt
2820 2305 3020 2376 impetu
3041 2349 3055 2376 ,
3097 2317 3161 2368 ut
3191 2318 3348 2366 ter-rte
3382 2319 3545 2379 partes
3567 2308 3654 2366 illis
3675 2306 3760 2364 lini:

2257 2401 2401 2455 limat
2433 2400 2558 2457 inde
2584 2411 3040 2457 commoveantur.
3087 2403 3193 2457 Alii
3233 2403 3411 2459 dicunt
3436 2403 3560 2474 quod
3585 2411 3693 2458 tam
3712 2399 3761 2456 tit

2255 2507 2488 2548 concava
2519 2495 2572 2548 in
2604 2495 2820 2550 modum
2849 2495 3119 2562 fornacis,
3151 2497 3236 2552 vel
3266 2497 3481 2554 duorum
3509 2494 3760 2562 hemispha-

2254 2587 2479 2653 riorum,
2503 2602 2624 2656 quin
2643 2603 2764 2643 eum
2787 2588 3076 2659 aiiquaudo
3097 2591 3271 2646 moles
3291 2592 3532 2652 montium
3549 2595 3760 2651 comunt,

2258 2677 2380 2731 inde
2423 2687 2719 2734 moveatur.
2763 2679 2866 2735 Alii
2907 2678 3088 2738 dicant
3128 2696 3290 2751 supra
3329 2681 3559 2753 abyssum
3591 2679 3763 2740 herum

2256 2777 2491 2834 terram;
2525 2778 2578 2824 et
2606 2778 2750 2825 mota
2777 2770 3031 2842 abyssns,
3064 2783 3360 2828 moveatur.
3405 2773 3498 2828 Alii
3523 2769 3762 2828 dicunth-

2255 2865 2470 2920 viathan
2514 2866 2712 2921 animal
2755 2873 2954 2921 terram
2985 2867 3302 2937 complecti,
3344 2878 3573 2939 tenetque
3596 2864 3762 2922 caudam

2251 2970 2407 3012 more
2435 2971 2555 3024 suo,
2588 2957 2676 3030 qui
2715 2957 3004 3030 aliquando
3041 2959 3158 3014 sole
3189 2969 3431 3026 exustus,
3471 2959 3628 3014 nititur
3657 2957 3763 3012 illum

2251 3050 2735 3119 comprehendere,
2765 3054 2950 3120 sicque
2991 3053 3376 3124 indignationis
3418 3055 3526 3126 ejus
3547 3060 3666 3108 motu
3691 3063 3765 3108 ter-

2258 3154 2372 3194 ram
2415 3154 2627 3210 quoque
2666 3141 2894 3206 moveri.
2939 3142 3125 3198 Haurit
3167 3161 3379 3216 quoque
3419 3144 3663 3214 aliquando
3697 3142 3766 3197 im-

636 3239 925 3292 Smenaum
954 3235 1094 3306 quod
1126 3235 1215 3305 qui
1247 3235 1300 3289 in
1334 3237 1510 3290 medio
1538 3244 1768 3304 perusta;
1795 3244 1960 3303 esset,
1989 3235 2150 3291 talem
2178 3217 2226 3280 C
2257 3231 2566 3286 mensitates
2597 3231 2854 3286 [luctuum
2875 3278 2888 3301 ,
2925 3243 2981 3288 ut
3019 3235 3182 3290 etiam
3215 3239 3390 3292 omnia
3419 3239 3569 3292 maria
3593 3237 3766 3294 sentiant

567 3330 796 3388 haberet
827 3328 1231 3399 dispositionem
1253 3369 1271 3396 ,
1299 3328 1442 3398 quod
1469 3343 1686 3398 semper
1731 3328 1951 3383 haberet
1977 3330 2154 3398 atqui.-

570 3426 840 3488 noctinm;
885 3438 1078 3478 omnes
1105 3424 1250 3480 enim
1299 3422 1582 3492 parallelos
1623 3422 1836 3477 videres
1878 3421 2151 3487 dimidios,

565 3525 628 3574 et
654 3518 704 3570 in
739 3518 843 3569 tine
873 3516 953 3572 sui
983 3514 1280 3572 horizontis
1305 3523 1560 3585 utrosque
1591 3516 1758 3583 polos.
1804 3514 1910 3570 Sed
1954 3525 2156 3585 quanto

566 3607 740 3675 magis
771 3605 1131 3674 Septentrioui
1164 3605 1465 3670 accederet,
1499 3614 1648 3662 tanto
1673 3607 1844 3676 magis
1873 3607 1945 3661 illi
1979 3617 2156 3677 partes

566 3696 686 3767 ejus
725 3698 1086 3763 elevarentur,
1131 3707 1184 3752 et
1227 3697 1408 3750 Austri
1455 3698 1905 3766 deprimerentur,
1953 3707 2009 3752 et
2051 3700 2155 3756 hoc

568 3786 865 3846 secundum
916 3787 1124 3842 diversa
1175 3786 1424 3852 climata,
1483 3787 1536 3846 id
1590 3797 1706 3854 est,
1758 3789 2154 3846 inclinationes.

569 3880 703 3938 Sunt
749 3881 893 3938 enim
937 3891 1081 3946 octo,
1128 3878 1418 3940 secundum
1464 3881 1598 3938 alios
1637 3889 1875 3950 septem;
1927 3882 2019 3938 sed
2065 3884 2155 3952 qui

568 3986 689 4031 octo
721 3975 1008 4039 volebant,
1048 3973 1294 4044 quadam
1326 3982 1430 4028 tam
1466 3983 1698 4044 perustis
1737 3990 1894 4045 quam
1931 3974 2154 4045 frigida-

571 4085 691 4125 rum
721 4068 1057 4128 asserebant.
1090 4067 1444 4139 Frequentior
1475 4079 1653 4126 autem
1695 4084 1822 4124 usus
1859 4079 1984 4125 octo
2013 4069 2160 4124 vole-

571 4163 664 4226 bat
683 4204 697 4227 ,
730 4163 830 4216 tria
861 4175 988 4216 vero
1013 4167 1144 4218 sunt
1174 4159 1331 4229 hujus
1361 4162 1698 4218 habitabiles.
1747 4161 1982 4216 Primum
2011 4161 2153 4231 quod

569 4265 654 4311 est
681 4255 821 4310 inter
850 4253 1063 4310 Meroen
1089 4261 1146 4308 et
1171 4253 1429 4324 Syenen),
1461 4255 1512 4308 in
1543 4270 1649 4324 quo
1673 4255 1788 4310 dies
1817 4256 2156 4325 longissimus

571 4357 659 4404 est
713 4348 968 4401 tredecim
1016 4347 1297 4408 horarum,
1349 4347 1694 4403 brevissimus
1739 4348 2015 4414 undecim,
2070 4348 2156 4402 ubi

571 4441 694 4496 dum
727 4444 869 4494 horae
901 4438 1098 4494 iaciunt
1137 4439 1512 4494 dill‘encntiam.
1546 4441 1672 4498 Inde
1699 4443 1859 4497 etiam
1889 4442 2041 4496 clima
2074 4457 2160 4496 ra-

573 4535 808 4597 diorum,
837 4531 926 4587 ubi
958 4532 1073 4588 dies
1099 4533 1408 4602 longissima
1440 4543 1522 4589 est
1546 4537 1850 4606 quindecim
1879 4539 2154 4602 horarum,

579 4626 896 4682 brevissima
941 4636 1065 4682 octo
1091 4645 1104 4693 ;
1153 4627 1223 4682 ibi
1255 4629 1608 4683 dill'erentiam
1640 4645 1732 4684 sex
1762 4631 1909 4686 hora;
1937 4632 2154 4688 faciunt.

575 4716 830 4774 Ultimum
877 4719 1032 4772 clima
1079 4730 1278 4773 nostrae
1309 4720 1652 4774 habitationis
1691 4722 1886 4774 dicitur
1911 4723 2160 4778 Boresto-

577 4811 778 4875 nicum,
807 4825 833 4861 a
869 4809 1156 4865 Ooreatene
1199 4811 1336 4874 lacn,
1369 4821 1576 4879 monte,
1603 4813 1820 4868 civitate
1870 4816 2156 4880 Armeniae,

578 4906 664 4961 ubi
692 4947 705 4971 ,
747 4903 1038 4959 secundum
1093 4906 1288 4960 Bcdam
1333 4906 1400 4960 de
1445 4906 1816 4979 Temporibus,
1866 4911 2158 4979 longissimi

569 4999 692 5054 dies
721 5004 847 5055 sunt
875 4996 1169 5050 octodecim
1195 4997 1476 5063 horarum,
1507 5001 1596 5053 abi
1628 5015 1756 5065 sex;
1807 5003 1875 5055 ibi
1907 5002 2160 5058 dilicren-

576 5091 704 5144 tiara
738 5098 941 5158 septem
978 5087 1118 5140 liorm
1152 5087 1366 5142 faciunt.
1400 5091 1454 5144 Si
1494 5092 1649 5146 aliter
1676 5093 1743 5147 ab
1771 5096 2053 5162 astrologis
2083 5096 2162 5150 tli-

579 5185 752 5245 citur,
805 5180 982 5235 forsan
1033 5180 1188 5233 aliter
1233 5196 1442 5251 quoque
1489 5184 1699 5238 climata
1749 5186 2055 5255 diSponunt.
2103 5188 2158 5242 Si

583 5287 711 5326 vero
755 5271 949 5340 aliquis
996 5278 1200 5324 tantum
1249 5272 1595 5339 prmetleret,
1638 5277 1725 5343 qui
1779 5279 1957 5345 polum
2001 5293 2160 5344 supra

579 5365 833 5418 verticem
879 5361 1135 5425 haberet,
1186 5361 1273 5414 ille
1319 5361 1596 5420 dimidium
1640 5372 1841 5419 tantum
1887 5367 2161 5424 zodiacum

583 5457 807 5520 videret,
841 5463 893 5508 ct
924 5462 1094 5508 totum
1127 5454 1502 5520 asquinoctiale
1534 5457 1861 5522 parallelum,
1897 5459 2039 5513 unde
2071 5461 2162 5514 ha-

585 5556 661 5601 !ei
700 5561 750 5602 et
784 5563 875 5618 per
907 5547 1186 5601 dimidium
1220 5563 1418 5601 annum
1451 5549 1590 5602 diem
1622 5551 1955 5618 continuum,
1989 5563 2037 5609 et
2071 5569 2166 5623 per

579 5639 859 5692 dimidium
919 5648 1126 5693 noctem
1187 5638 1518 5694 continuam.
1574 5638 1872 5697 Videndum
1932 5647 2054 5712 quid
2112 5646 2165 5701 in

582 5729 753 5798 primo
792 5730 1007 5784 climate
1046 5730 1268 5797 singulis
1311 5731 1588 5788 mensibus
1619 5733 1688 5787 de
1737 5749 1829 5788 sex
1873 5737 2034 5792 triens
2077 5754 2167 5794 ac-

579 5820 810 5878 crescit.
852 5831 905 5873 et
945 5820 996 5876 in
1027 5820 1144 5884 aliis
1183 5835 1275 5875 sex
1317 5823 1594 5884 mensibus
1635 5833 1836 5882 tantum
1880 5829 2161 5890 decresc't.

2262 3324 2316 3382 in
2348 3323 2625 3387 reddendo
2654 3324 3079 3392 inundationem.
3099 3337 3155 3383 et
3186 3329 3309 3385 inde
3332 3339 3480 3393 terra
3495 3334 3764 3391 atomi-

2331 3416 2458 3474 Post
2483 3417 2786 3488 singulares
2817 3428 2972 3480 terra:
2997 3421 3360 3490 proprietates
3387 3422 3450 3478 de
3470 3417 3767 3487 communibus

2257 3515 2414 3568 terras
2444 3519 2500 3564 et
2539 3522 2693 3579 aqua:
2719 3511 3071 3580 disseramus,
3114 3523 3244 3576 sum;
3271 3515 3413 3578 enim
3453 3516 3554 3575 hac
3588 3513 3672 3575 duo
3690 3509 3768 3564 ole-

2262 3610 2440 3662 menta
2493 3600 2723 3657 invicem
2771 3602 2869 3663 sibi
2919 3604 3094 3668 litim.
3149 3618 3210 3668 ιιι
3257 3606 3398 3670 ollim
3440 3604 3612 3676 liquido
3640 3606 3771 3673 Μ

2259 3691 2386 3762 quid
2435 3708 2620 3748 oorutn
2675 3693 2780 3756 alio
2831 3695 2903 3757 sit
2949 3697 3220 3766 superius.
3289 3697 3417 3754 Nam
3463 3698 3513 3759 in
3557 3689 3771 3764 superﬁcie

2261 3793 2419 3846 terrae
2441 3799 2613 3854 aquas
2641 3785 2904 3851 videmus,
2933 3795 2990 3849 et
3017 3789 3070 3842 in
3104 3790 3258 3854 venis
3285 3789 3399 3860 ejus
3429 3787 3772 3853 iudicationu-

2261 3878 2460 3940 turnus.
2487 3878 2685 3938 Verum
2714 3890 2890 3940 autem
2919 3883 3191 3944 Oceanum
3225 3887 3275 3950 in
3301 3884 3473 3947 medio
3491 3892 3685 3954 perusta
3706 3892 3771 3948 ΡΨ

2259 3974 2423 4030 situm
2454 3976 2575 4032 ideo
2604 3976 2811 4049 physici
2837 3977 3113 4046 referunt,
3145 3991 3208 4036 ut
3249 3982 3414 4052 ignis,
3445 3980 3587 4046 solis,
3615 3973 3771 4033 etalia:

2259 4083 2378 4124 rum
2429 4069 2765 4138 planetarum
2807 4073 2962 4142 aquis
3007 4084 3462 4145 contemperetur.
3497 4073 3636 4128 Calor
3671 4067 3771 4124 erit!

2261 4161 2544 4216 humorem
2575 4163 2828 4229 attrahit,
2857 4174 2911 4220 et
2939 4166 3064 4222 inde
3099 4171 3357 4236 pascitur.

2883 4257 3236 4319 liatrusionea.

2327 4346 2578 4403 Oceano
2609 4347 2698 4404 ille
2727 4362 2889 4406 serus
2909 4359 2970 4406 et
2999 4352 3573 4420 mediterraaeus’duas
3596 4348 3697 4405 facit
3715 4360 3773 4401 rc-

2261 4439 2518 4508 lusiones,
2550 4442 2775 4497 alteram
2806 4443 2874 4496 ab
2903 4444 3120 4501 Oriente
3150 4449 3203 4502 in
3237 4450 3512 4516 Austrum,
3541 4448 3717 4502 alteram
3738 4441 3772 4492 in

2260 4532 2728 4604 Septentrionem,
2772 4537 2991 4592 alteram
3023 4539 3091 4594 ab
3118 4541 3436 4608 Occidente;
3480 4543 3593 4597 item
3627 4538 3667 4592 in
3697 4536 3773 4588 Au-

2264 4635 2435 4679 strum
2481 4637 2537 4681 et
2585 4628 3036 4696 Septentrionem.
3081 4631 3188 4688 Sed
3243 4634 3326 4688 his
3372 4636 3563 4690 duabus
3603 4643 3696 4702 qua
3728 4623 3773 4678 ad

2264 4720 2517 4773 Austrum
2563 4730 2874 4791 verguntur,
2922 4724 3220 4780 secundum
3263 4730 3534 4798 quosdam,
3578 4725 3690 4778 nulla
3719 4724 3774 4772 est

2216 4851 2238 4867 _.
2262 4813 2516 4882 cognitio.
2565 4813 2695 4880 Qua:
2739 4830 2869 4870 vero
2917 4816 2972 4870 in
3020 4816 3454 4888 Septentrionem
3501 4816 3770 4875 conveniam.

2263 4917 2413 4963 tanto
2460 4910 2657 4980 impetu
2703 4921 3053 4978 concurrunt,
3105 4923 3164 4968 ut
3213 4917 3524 4984 impulsione
3557 4928 3637 4969 sua
3671 4907 3772 4963 illam

2263 4998 2530 5054 famosam
2583 5001 2944 5058 accessionem
2987 5015 3043 5060 et
3082 5010 3444 5062 recessionem
3479 5007 3666 5066 faciant,
3697 5010 3772 5051 lef-

2263 5108 2483 5164 ramque
2512 5095 2676 5149 modo
2707 5095 2956 5161 obruant,
2997 5099 3158 5152 modo
3182 5109 3444 5168 relegant.
3475 5098 3539 5154 Ut
3578 5093 3644 5150 sol
3665 5090 3776 5146 Ωῖιω·

2265 5183 2366 5238 mis
2394 5184 2508 5239 suis
2537 5185 2677 5242 solet
2702 5202 2868 5255 aquas
2897 5191 3169 5245 attrahere
3198 5192 3417 5255 Oceani,
3449 5204 3560 5260 quis
3582 5188 3682 5242 du
3698 5195 3777 5234 non

2267 5277 2448 5329 valent
2495 5277 2549 5330 in
2596 5293 2722 5331 aere
2768 5279 2858 5333 diu
2905 5281 3181 5346 sustineri,
3229 5283 3466 5351 pondere
3505 5279 3774 5340 relabuntur;

2266 5368 2424 5433 unde,
2461 5369 2808 5430 inundatione
2837 5371 2997 5439 facta,
3019 5373 3313 5443 aliquando
3345 5385 3498 5430 terrae
3526 5374 3771 5428 obruunlut

2267 5462 2368 5514 Alii
2401 5461 2583 5518 dicunt
2610 5464 2732 5533 quia
2764 5465 2906 5519 venti
2948 5483 3115 5537 aquas
3157 5469 3466 5538 impellant,
3496 5479 3542 5524 et
3565 5469 3632 5533 sic
3657 5471 3778 5518 Ictus

2266 5555 2526 5619 obruant;
2557 5570 2787 5625 cumque
2827 5557 2944 5612 illas
2974 5561 3312 5630 remiserint,
3356 5565 3420 5618 ad
3451 5563 3632 5617 alveum
3665 5565 3776 5608 suum

2267 5656 2622 5702 revertantur.
2673 5651 2778 5706 Alii
2809 5651 2996 5708 dicunt
3025 5655 3387 5714 habitationes
3416 5671 3603 5713 nostras
3631 5648 3778 5705 vicinas

2259 5757 2387 5798 esse
2416 5743 2496 5797 ori
2523 5743 2836 5810 Leviathan,
2871 5747 2961 5815 qui
2990 5747 3114 5803 dum
3143 5748 3323 5807 haurit
3353 5751 3551 5817 ﬂuctus,
3579 5758 3692 5803 terra
3713 5754 3778 5806 ειΡ·

2267 5847 2451 5911 paret;
2488 5847 2536 5894 et
2567 5839 2690 5894 dum
2722 5841 2965 5913 remittit,
2997 5844 3259 5904 obruitur.
