4010 6382
861 444 1185 503 Emustiones.

249 537 260 543 ’
300 551 438 606 Sunt
467 553 726 618 prseterea
758 547 1101 602 :estuationes
1133 548 1401 617 minores,
1433 547 1664 612 srilicet,
1702 562 1813 601 ma-

224 642 353 699 linaz
395 649 450 707 et
490 638 729 696 ledones.
777 637 1057 706 Ledones,
1105 654 1134 693 a
1164 637 1343 707 quinta
1377 638 1537 704 luna,
1569 638 1815 695 similiter

217 745 280 793 et
309 750 338 790 a
365 734 623 805 vigesima
654 731 948 815 incipiunt;
991 742 1043 789 et
1069 745 1193 804 ant
1226 733 1371 790 horis
1406 734 1701 799 accedunt,
1739 740 1817 803 tot

222 829 506 886 recedunt.
553 826 766 883 Malinm
792 835 916 885 sunt
942 825 1198 897 majores,
1222 841 1341 898 quas
1374 841 1404 882 a
1430 828 1585 881 tertia
1608 825 1815 883 decima

224 930 279 976 et
313 919 573 990 vigesima
603 917 830 988 septima
863 918 983 973 luna
1016 919 1313 991 incipiunt,
1344 928 1395 975 et
1426 933 1518 974 sex
1549 919 1736 975 diebus
1763 927 1818 976 et

223 1012 531 1084 quindecim
577 1010 726 1067 boris
771 1010 998 1079 durant,
1047 1021 1101 1067 et
1141 1022 1261 1066 sunt
1306 1010 1523 1067 citiores
1565 1011 1616 1067 in
1666 1026 1819 1066 acce-

226 1108 429 1175 dendo,
486 1092 750 1173 tardiores
798 1106 851 1161 in
906 1105 1228 1163 recedendo.
1288 1107 1556 1162 Exarstuat
1607 1119 1819 1178 quoque

225 1215 379 1255 mare
408 1203 547 1254 inter
573 1198 715 1254 diem
745 1206 798 1254 et
830 1209 1042 1271 noctqu
1072 1208 1185 1263 ter;
1217 1198 1298 1254 bis
1332 1200 1384 1253 in
1414 1198 1599 1254 aestive
1628 1197 1733 1265 die,
1766 1207 1821 1255 et

226 1291 400 1347 semel
433 1293 486 1345 iu
515 1299 707 1357 nocte;
739 1290 819 1346 bis
843 1290 894 1344 in
920 1290 1135 1347 hiemali
1164 1300 1338 1357 nocte,
1369 1291 1533 1348 semel
1561 1291 1614 1347 in
1635 1290 1741 1362 die,
1766 1301 1823 1348 et

227 1387 550 1441 dodrantem
611 1395 663 1442 et
720 1384 1051 1443 semunciam
1113 1386 1259 1442 hora:
1311 1387 1503 1454 durat;
1561 1388 1653 1443 sed
1708 1388 1821 1459 sive

225 1487 526 1531 exmstnent
545 1517 558 1541 ,
599 1474 715 1532 sive
744 1487 907 1545 vento
948 1477 1308 1548 impellantur,
1342 1478 1462 1533 dein
1492 1487 1544 1534 et
1573 1479 1694 1533 dein
1723 1479 1818 1534 llu-

226 1579 349 1625 ctus
378 1570 720 1636 ordinantur,
750 1585 975 1641 quorum
1008 1571 1249 1626 decimus
1275 1581 1357 1626 est
1397 1570 1679 1626 maximus.
1715 1572 1819 1627 Au-

227 1672 384 1731 gctur
410 1676 625 1732 quoque
655 1677 805 1717 mare
836 1663 1129 1729 secundum
1162 1662 1303 1717 lunas
1344 1662 1737 1718 incrementum
1766 1671 1821 1717 et

226 1755 636 1823 detrimentum.
684 1755 818 1811 Nam
866 1755 1153 1827 incipiente
1200 1757 1292 1811 illa
1332 1771 1595 1821 crescere,
1626 1758 1821 1813 crescit

1497 326 1711 386 M'UND!
1746 322 2227 386 CONSHTU’I‘IO.

1846 445 1896 509 Α
1921 460 2040 501 nem
2072 445 2313 501 civitates
2336 444 2595 512 famosas,
2629 446 2958 505 Adrimetum
2980 456 3107 505 octo
3133 450 3292 505 millia
3316 492 3330 519 ,
3362 452 3500 523 Ilip-

3398 329 3502 391 983

1919 554 2077 610 pone.
2120 539 2335 610 Europa
2390 540 2549 597 habet
2600 544 2650 597 in
2688 543 3040 603 Occidentem
3090 543 3398 615 Hispaniam
3448 558 3501 603 et

1916 635 2151 706 Calpen,
2182 635 2235 691 in
2265 636 2694 707 Septentrionem
2726 640 3024 698 Maeotidem
3057 643 3304 714 paludem
3325 687 3340 709 .
3370 660 3503 702 ver-

1919 741 2011 785 sus
2038 729 2290 786 Austrum
2316 730 2601 787 Graeciam.

2596 822 2833 880 Nebulce.

1995 914 2118 970 Haec
2145 914 2251 970 duo
2280 915 2540 972 eiementa
2568 917 2809 975 invicem
2837 918 2938 975 sibi
2969 921 3124 977 mista
3160 927 3306 978 sunt.
3336 916 3505 978 Terra

1920 1008 2065 1061 enim
2094 1017 2475 1087 evanesceret,
2507 1008 2608 1063 nisi
2637 1024 2894 1081 aquarum
2925 1012 3244 1068 humoribus
3282 1013 3502 1097 conglu-

1922 1096 2183 1154 tinaretur
2230 1118 2244 1154 :
2292 1116 2409 1170 qum
2453 1101 2579 1156 dum
2624 1103 2909 1173 aliquando
2959 1106 3212 1162 humores
3260 1096 3500 1171 exhalat,

1922 1195 2273 1250 ascendentes
2306 1193 2512 1250 nebulae
2540 1195 2811 1261 dicuntur,
2843 1197 2967 1251 dum
2997 1198 3116 1253 οωὶί
3158 1198 3345 1254 faciem
3378 1215 3503 1268 ape-

1922 1287 2064 1344 riunt
2091 1289 2288 1354 nubes,
2321 1289 2447 1345 dum
2477 1288 2525 1344 vi
2555 1300 2832 1345 ventorum
2864 1292 3221 1362 stringuntur,
3255 1302 3346 1347 aut
3374 1293 3508 1347 solis

1922 1382 2103 1437 calore
2130 1381 2425 1452 depluunt,
2472 1393 2527 1438 et
2553 1383 2805 1439 dicuntur
2835 1383 3047 1452 pluvite.
3099 1384 3296 1440 Pluviae
3328 1392 3504 1440 autem

1921 1484 2076 1541 sunt,
2109 1491 2227 1531 cum
2255 1474 2409 1547 juges
2452 1486 2577 1532 sunt
2615 1486 2671 1533 et
2717 1477 2908 1544 lentae;
2959 1479 3157 1534 imbres
3185 1478 3348 1545 fiunt,
3380 1494 3502 1534 cum

1922 1570 2182 1625 salutares
2213 1572 2462 1635 veniunt,
2509 1581 2569 1626 ut
2605 1570 2659 1626 in
2701 1584 2829 1627 vere
2869 1586 2989 1626 cum
3021 1573 3259 1644 gramina
3305 1573 3507 1643 produ-

1922 1673 2080 1727 cunt;
2113 1662 2275 1718 nimbi
2308 1670 2467 1730 sunt,
2498 1679 2621 1719 cum
2663 1665 2842 1720 subito
2869 1673 2924 1720 et
2959 1665 3216 1720 damnose
3260 1664 3505 1719 veniunt.

2627 1755 2681 1812 Ν
2686 1759 2702 1812 i
2706 1774 2806 1813 ves.

227 1862 379 1903 mare
412 1863 506 1915 per
530 1847 649 1903 dies
675 1858 885 1925 septem
908 1889 922 1914 ,
968 1858 1022 1904 et
1050 1864 1146 1921 per
1174 1849 1394 1905 totidem
1426 1850 1698 1920 proximos
1723 1850 1816 1919 de-
1846 1838 1899 1899 Β
1996 1848 2128 1904 Cum
2176 1851 2427 1920 humores
2471 1849 2786 1906 nebularum
2830 1850 3163 1917 ascendunt,
3204 1849 3247 1903 si
3295 1858 3509 1906 terreno

223 1939 445 1997 crescit.
507 1940 714 2011 Rursus
768 1957 866 2015 per
919 1952 1207 2012 sequentes
1259 1954 1467 2014 septem
1521 1947 1813 2015 recrescit,

225 2045 399 2101 usque
428 2031 494 2086 ad
524 2031 841 2104 vigesimum
875 2034 1106 2109 primum
1132 2033 1296 2101 diem,
1325 2045 1377 2092 et
1406 2037 1532 2091 inde
1562 2047 1700 2093 terra
1728 2036 1820 2093 de-

221 2125 427 2180 crescit
471 2140 638 2196 usque
677 2125 743 2181 ad
774 2127 1091 2197 vigesimum
1130 2138 1374 2185 octavum
1416 2130 1579 2186 diem.
1624 2131 1820 2187 Notan-

221 2217 355 2272 dum
383 2232 512 2273 vero
552 2219 678 2287 licet
720 2219 823 2275 hoc
864 2222 1022 2276 modo
1063 2232 1337 2292 augeatur,
1383 2240 1487 2281 non
1535 2234 1710 2282 tamen
1752 2226 1818 2283 ad

222 2313 501 2385 proprium
534 2322 731 2381 statum
752 2356 767 2381 ,
801 2316 901 2370 nisi
933 2324 1051 2386 post
1078 2300 1200 2373 octo
1224 2300 1395 2374 annos
1434 2321 1633 2377 redeat.
1671 2321 1819 2377 Luna

220 2422 441 2477 quoque
490 2424 596 2479 quo
645 2410 764 2481 plus
815 2411 1276 2480 Septentrionales
1323 2425 1503 2489 partes
1549 2417 1815 2486 attigerit,

224 2507 379 2554 tanto
411 2501 529 2570 plus
559 2517 707 2559 mare
734 2504 963 2572 crescit;
996 2508 1171 2562 minus
1204 2489 1355 2575 vero,
1386 2523 1491 2579 quo
1530 2509 1617 2563 illa
1650 2510 1819 2580 magis

204 2593 482 2647 Austrum
543 2594 805 2664 possidet.
870 2596 1064 2652 Dicunt
1117 2582 1343 2685 physici“
1380 2582 1570 2669 lunare
1626 2615 1819 2670 corpus

218 2686 488 2755 quasdam
532 2686 857 2744 influxiones
903 2698 957 2744 et
996 2688 1315 2747 efﬂuxiones
1362 2692 1575 2759 habere,
1621 2702 1677 2748 ct
1719 2692 1820 2750 hoc

219 2779 396 2849 magis
437 2795 503 2835 ex
550 2781 792 2841 dulcibus
838 2784 990 2854 aquis
1039 2785 1305 2854 provenit,
1354 2786 1542 2849 solaris
1583 2802 1712 2857 vero
1752 2788 1819 2846 de

217 2858 406 2927 salsis.
455 2872 657 2930 Praeter
690 2875 786 2931 has
813 2876 1114 2944 refusioncs
1156 2860 1296 2933 sunt.
1323 2879 1441 2934 alia:
1486 2882 1814 2938 refusionnm

217 2963 545 3030 refusiones,
589 2979 707 3036 quae
754 2966 910 3021 factae
950 2967 1200 3023 dicuntur
1243 2984 1339 3040 per
1380 2970 1684 3041 ilerculem,
1728 2960 1817 3045 qui

217 3069 347 3111 cum
376 3054 763 3115 habitationem
808 3068 1049 3115 nostram
1078 3060 1264 3117 dulces
1305 3072 1481 3118 tamen
1523 3050 1687 3135 aquas
1719 3064 1814 3121 ha-

221 3149 359 3206 bere
406 3149 645 3219 videret,
700 3151 951 3222 perfregit
998 3152 1210 3209 radices
1256 3152 1481 3210 duorum
1529 3159 1812 3227 montium,

219 3242 468 3306 scilicet,
495 3242 828 3309 Adamantis,
862 3253 914 3311 et
940 3241 1151 3313 Calpes,
1186 3258 1408 3316 quorum
1441 3246 1594 3314 alter,
1630 3248 1681 3302 id
1712 3256 1815 3316 est,

220 3332 399 3400 Atlas,
430 3334 686 3389 remansit
717 3334 770 3390 in
798 3324 1135 3402 Mauritania,
1162 3336 1355 3408 Calpes
1383 3339 1434 3394 in
1468 3340 1745 3410 Hispania.

731 3490 734 3494 Α
798 3426 1252 3483 Mediterraneum.

286 3516 445 3572 inter
474 3516 572 3572 bos
600 3527 844 3585 montes,
880 3519 930 3573 id
962 3529 1082 3586 est,
1113 3518 1313 3591 Calpen
1342 3530 1396 3577 et
1432 3522 1781 3582 Adamantem
1801 3569 1818 3595 ,

221 3610 423 3665 fretum
455 3609 755 3667 immissum
800 3612 1135 3668 latitudinem
1168 3614 1328 3670 habet
1357 3617 1591 3689 quinque
1631 3621 1821 3677 millia-

220 3708 340 3777 ria,
372 3708 668 3780 dividitque
694 3710 928 3765 Africam
960 3711 1029 3767 ab
1074 3713 1303 3783 Europa.
1343 3700 1505 3788 Facit
1532 3725 1710 3772 autem
1744 3718 1822 3773 fa-

219 3817 407 3858 mosos
456 3790 642 3869 sinus,
690 3802 947 3859 Galiciam
999 3804 1052 3858 in
1102 3803 1436 3862 Narbonensi
1487 3807 1705 3879 regione
1754 3812 1820 3865 ad

216 3905 465 3967 montem
503 3895 854 3950 Pessulanum
877 3941 892 3964 ,
922 3895 1044 3951 facit
1073 3897 1346 3954 Corsicam
1376 3899 1603 3956 insulam
1626 3944 1640 3968 ,
1677 3903 1822 3957 tllCl-

218 3997 424 4057 turque
454 3985 790 4058 Tyrrhenum
824 3990 876 4045 iu
910 3990 1103 4044 finibus
1150 3991 1310 4048 Italiae
1351 4013 1362 4046 :
1412 3996 1501 4065 qui
1534 3980 1819 4068 Carthagi-

212 4098 348 4155 nem
380 4085 596 4152 respicit
618 4125 635 4150 ,
662 4084 891 4155 scilicet,
928 4086 1068 4141 inter
1106 4085 1312 4144 Italiam
1345 4100 1397 4146 et
1428 4090 1662 4148 Siciliam
1686 4139 1699 4161 ,
1731 4078 1815 4149 di-

219 4177 365 4230 citur
417 4173 653 4241 Ionium,
702 4177 847 4231 circa
902 4178 1145 4237 Siciliam
1200 4182 1560 4251 Adriaticum,
1618 4187 1709 4259 qui
1767 4190 1816 4243 in

219 4267 449 4322 Oriente
496 4267 698 4323 Italiam
751 4270 939 4337 alluit;
993 4270 1229 4343 facitque
1281 4276 1544 4331 maritima
1596 4277 1821 4335 Graecia:

219 4359 341 4414 loca
386 4374 575 4414 versus
619 4364 869 4417 Austrum
923 4364 1174 4433 plurima,
1225 4366 1492 4439 Cyprum;
1544 4371 1815 4440 Rhodum,

221 4452 576 4521 Carpathum,
607 4462 663 4523 et
686 4455 771 4510 ubi
800 4456 993 4511 desinit
1024 4456 1156 4514 dare
1188 4460 1477 4533 terminum
1504 4462 1641 4519 inter
1674 4464 1817 4520 Afri-

220 4563 340 4603 cam
370 4558 424 4604 et
453 4551 654 4621 Asiam,
685 4551 870 4623 incipit
899 4552 1046 4609 Nilus
1074 4570 1260 4613 versus
1289 4557 1741 4629 Septentrionem,
1764 4570 1819 4617 et

221 4640 423 4709 dicitur
455 4641 850 4713 Hellespontus,
887 4645 1023 4700 inter
1051 4647 1242 4703 Seston
1276 4658 1330 4704 et
1357 4650 1605 4723 Abydon,
1640 4654 1691 4708 in
1726 4655 1817 4709 ul-

223 4735 411 4789 teriori
442 4735 665 4797 Pontus,
700 4736 822 4791 inde
852 4736 1160 4805 Propontis,
1195 4739 1318 4799 inde
1349 4741 1679 4811 Bosphorus,
1714 4744 1815 4799 ibi-

222 4841 331 4896 que
356 4826 702 4883 desinitdare
733 4830 1041 4885 terminum.
1078 4830 1223 4887 Inter
1253 4832 1518 4902 Europam
1550 4843 1604 4891 et
1632 4838 1816 4892 Asiam

222 4927 332 4973 stat
381 4918 598 4987 Tanais,
651 4922 740 4990 qui
790 4921 857 4977 de
906 4923 1140 4993 Riphaais
1198 4927 1469 4981 montibus
1516 4929 1709 5000 oritur,
1765 4938 1821 4986 et

220 5021 536 5081 stagnantes
584 5012 857 5070 Maaotides
904 5015 1122 5082 paludes
1170 5015 1313 5072 facit.
1363 5017 1620 5074 Similiter
1666 5029 1719 5075 et.
1762 5023 1818 5076 in

219 5104 449 5160 Oriente
469 5102 720 5176 Caspium
748 5109 983 5177 erumpit
1012 5110 1354 5180 Erytbreum,
1378 5114 1464 5182 qui
1495 5124 1547 5168 et
1578 5113 1816 5171 Rubeum

221 5197 452 5269 dicitur,
483 5212 607 5255 nam
648 5197 803 5253 alluit
832 5199 980 5254 littus
1012 5199 1287 5268 Rubrum;
1332 5202 1473 5257 unde
1514 5219 1663 5272 aqua:
1709 5223 1818 5260 ma-

222 5295 359 5346 rinae
386 5291 720 5357 colorantur,
755 5291 959 5363 fertque
1008 5292 1079 5348 ibi
1125 5293 1327 5365 lapides
1366 5299 1644 5364 pretiosos.
1693 5298 1819 5353 Asia

223 5382 653 5454 magnitudinem
685 5381 915 5454 Europae
946 5392 1002 5440 et
1031 5371 1224 5441 Africa:
1255 5386 1517 5456 possidet,
1549 5396 1603 5444 et
1630 5389 1818 5460 incipit

223 5474 296 5529 ab
348 5475 520 5530 hortis
570 5475 743 5544 Eden,
804 5474 856 5530 id
914 5484 1013 5541 est,
1069 5491 1101 5531 a
1142 5476 1448 5533 deliciarum
1504 5479 1706 5549 hortis;
1765 5484 1816 5537 in

222 5570 453 5629 Oriente
494 5579 548 5625 et
595 5570 646 5625 in
697 5574 894 5641 Austro
939 5569 1057 5625 Nilo
1101 5571 1436 5638 terminatur,
1489 5575 1541 5626 in
1586 5574 1815 5644 Septen-

226 5665 408 5722 trioue
438 5662 627 5719 Tanai.
663 5664 840 5720 Africa
885 5664 936 5718 in
978 5665 1187 5735 angulis
1229 5665 1341 5721 suis
1383 5667 1543 5721 habet
1570 5667 1815 5739 Cyrenen

221 5759 537 5823 civitatem,
585 5766 640 5812 et
679 5756 1092 5813 Catabathmum
1123 5771 1307 5812 versus
1336 5757 1589 5813 Austrum
1632 5759 1685 5813 in
1715 5760 1818 5817 0c-

223 5853 525 5912 cidentem.
570 5852 939 5912 Mauritaniam
970 5863 1025 5910 et
1054 5852 1356 5927 Atlantem,
1399 5853 1451 5909 in
1484 5852 1818 5926 Septentrio-
1860 5868 1865 5875 ‘

1926 1943 2124 2013 frigore
2158 1941 2577 2027 prrveniuntur,
2626 1944 2680 2000 in
2727 1943 2876 2001 nives
2915 1953 3341 2000 convertuntur:
3387 1957 3507 2010 quas

1926 2038 2093 2111 magis
2123 2040 2174 2094 in
2207 2048 2414 2094 montes
2452 2039 2646 2095 cadere
2675 2038 2885 2109 solent,
2910 2053 3069 2109 quam
3113 2038 3165 2093 in
3210 2037 3327 2093 loca
3356 2050 3502 2091 cam‘

1926 2132 2120 2202 pestria
2142 2174 2157 2198 ,
2191 2133 2268 2187 vel
2299 2135 2420 2202 quia
2465 2131 2567 2187 illis
2609 2134 2776 2203 magis
2811 2131 3071 2187 celsitudo
3114 2132 3376 2185 montium
3406 2127 3504 2185 ob-

1923 2232 2027 2278 Stet
2048 2265 2064 2289 ,
2100 2223 2180 2278 vel
2211 2214 2332 2293 quia
2365 2223 2440 2278 ibi
2469 2222 2637 2294 magis
2666 2223 2924 2309 Spiracula
2957 2222 3169 2293 frigoris
3200 2220 3500 2277 abundant.

1926 2313 2063 2371 Sunt
2090 2323 2267 2369 autem
2298 2313 2566 2385 duplices,
2600 2330 2716 2385 qua:
2746 2316 2799 2369 in
2832 2313 3089 2369 mu‘lcebri
3120 2328 3250 2369 aere
3274 2312 3510 2375 cadunt,

1926 2420 1981 2466 ut
2009 2425 2233 2482 grossae,
2262 2425 2381 2478 qua:
2424 2396 2619 2464 statim.
2647 2408 2981 2479 liquescunt;
3023 2415 3075 2463 et
3105 2406 3222 2462 alia:
3266 2407 3507 2473 minutae,

1924 2521 2044 2575 qum
2090 2505 2141 2560 in
2173 2502 2394 2558 uredine
2424 2502 2635 2572 frigoris
2661 2501 2916 2557 cadentes
2948 2503 3072 2557 tecti
3114 2498 3370 2555 foramina
3415 2512 3510 2567 pe-

1927 2580 2162 2651 netrant.
2194 2594 2356 2651 Nives
2387 2596 2546 2650 etiam
2595 2594 2650 2649 in
2692 2594 2802 2649 alto
2845 2595 2979 2649 mari
3011 2608 3116 2650 nou
3147 2594 3377 2658 cadunt,
3408 2580 3507 2649 Sed

1924 2702 2079 2744 secus
2110 2685 2274 2743 littus.
2306 2684 2439 2740 Nam
2466 2684 2633 2739 calida
2659 2695 2740 2739 est
2767 2698 2900 2754 aqua
2933 2685 3075 2738 salsa
3098 2727 3114 2759 ,
3143 2695 3195 2739 et
3230 2694 3507 2738 terrenum

1900 2776 2089 2855 frigus
2138 2779 2358 2850 impedit
2416 2794 2483 2849 ne
2530 2792 2707 2833 aerem
2770 2791 2930 2846 super
2971 2792 3031 2833 se
3075 2776 3317 2849 attingat.
3369 2777 3504 2832 Hinc

1924 2858 2133 2945 quoque
2164 2858 2426 2941 sententia
2470 2872 2562 2926 illa
2600 2870 2876 2941 astruitur,
2911 2870 3034 2940 quia
3075 2868 3157 2924 soi
3200 2868 3269 2924 de
3311 2868 3525 2930 calidis,

1923 2950 2076 3039 aquis
2101 2969 2265 3022 maris
2295 2975 2563 3036 pascatur.
2590 2963 2742 3019 Luna
2772 2977 2899 3018 vero
2928 2962 2995 3018 de
3023 2961 3267 3017 dulcibus
3301 2966 3504 3017 tantum

1923 3073 1974 3115 ct
2006 3061 2232 3133 frigidis,
2276 3048 2394 3130 Quae
2431 3068 2486 3114 et
2528 3057 2744 3130 proprio
2781 3056 2961 3113 calore
3000 3064 3148 3111 caret
3187 3064 3243 3110 et
3276 3054 3504 3111 iumine.

1925 3153 2028 3209 Alii
2049 3153 2233 3207 dicunt
2252 3152 2427 3207 omnia
2453 3150 2693 3207 coelestia
2714 3154 2944 3219 'corpora
2965 3147 3031 3203 de
3052 3146 3298 3203 dulcibus
3329 3149 3506 3217 pasci;

1925 3260 2046 3300 nam
2086 3244 2271 3299 dulces
2314 3256 2465 3314 aqua:
2507 3258 2654 3297 mare
2689 3242 2953 3296 intrantes
3011 3239 3263 3294 feruntur
3300 3239 3354 3293 in
3395 3239 3512 3309 ejus

1925 3336 2231 3407 superficie,
2264 3335 2406 3391 unde
2453 3350 2599 3389 mare
2645 3333 2745 3390 sibi
2797 3332 3067 3388 attrahere
3107 3332 3360 3387 dicuntur
3398 3331 3513 3400 pla-

1925 3440 2083 3486 netae.
2120 3429 2203 3484 Fit
2232 3428 2480 3500 qutestio,
2528 3441 2646 3480 eum
2676 3425 2846 3480 calida
2895 3426 2965 3479 sit
2996 3439 3157 3494 aqua,
3188 3437 3355 3493 quare
3386 3431 3513 3477 tunc

1926 3523 2087 3578 homo
2119 3531 2364 3577 contactu
2386 3520 2534 3576 illius
2560 3520 2813 3591 frigescat
2841 3520 3011 3591 magis
3041 3533 3199 3590 quam
3228 3506 3421 3573 terrae?
3447 3520 3529 3572 Et‘

1923 3617 2186 3674 solvitur:
2222 3618 2343 3686 quia
2384 3619 2486 3671 hoc
2516 3616 2584 3670 de
2624 3614 2869 3670 dulcibus
2908 3624 3113 3669 tantum
3153 3612 3356 3681 evenit,
3399 3627 3506 3668 non

1924 3714 1992 3767 de
2030 3710 2205 3767 salsis.
2248 3711 2344 3766 ’t’el
2384 3717 2559 3779 potest
2600 3710 2701 3777 hoc
2738 3708 2897 3762 etiam
2939 3720 3060 3761 esse
3101 3715 3209 3760 tam
3249 3705 3316 3761 de
3353 3704 3514 3760 salsis

1927 3819 2083 3877 quam
2112 3804 2179 3859 de
2208 3803 2469 3871 dulcibus,
2513 3810 2569 3857 et
2598 3800 2839 3869 frigescit
2873 3814 2940 3854 ex
2979 3798 3080 3853 hoc
3119 3799 3287 3867 magis
3327 3799 3510 3860 homo,

1924 3899 2045 3969 quia
2077 3896 2490 3968 conglutinatior
2529 3912 2664 3965 aqua
2696 3904 2800 3960 est,
2833 3905 2888 3949 et
2926 3896 3095 3963 magis
3134 3891 3373 3946 adhaaret
3412 3892 3510 3945 bo—

1925 3992 2053 4046 mini
2086 4007 2244 4061 quam
2275 4000 2435 4052 terra,
2479 3990 2522 4043 si
2564 3989 2640 4043 illi
2682 3989 3009 4058 imponatur,
3041 3985 3270 4056 ideoque
3297 3984 3507 4039 subtili-

1926 4086 2017 4138 tati
2048 4099 2199 4154 aqute
2237 4083 2339 4137 hoc
2368 4083 2649 4148 attribuas,
2680 4097 2799 4157 quae
2840 4080 3007 4150 magis
3037 4094 3196 4149 peros
3235 4086 3501 4148 penetrat,

1924 4189 2012 4233 aut
2043 4179 2145 4233 illis
2173 4193 2232 4233 se
2258 4176 2509 4247 applicat.
2543 4175 2628 4231 Fit
2656 4189 2866 4245 quoque
2891 4174 3137 4245 quaestio,
3165 4187 3284 4228 cum
3308 4172 3376 4228 de
3401 4172 3512 4229 sal-

1923 4270 1997 4325 sis
2038 4269 2188 4339 aquis
2226 4266 2434 4323 nebulae
2475 4264 2811 4337 proveniant,
2845 4281 2965 4320 cum
2998 4264 3193 4334 pluvia:
3222 4264 3403 4320 dulces
3433 4264 3504 4320 ad

1923 4379 2023 4419 nos
2048 4363 2395 4429 descendant,
2418 4361 2539 4433 quia
2572 4362 2770 4431 poteris
2797 4361 3062 4429 imputare
3087 4359 3200 4416 sive
3231 4360 3513 4414 immensis

1924 4456 2182 4512 tractibus
2206 4455 2368 4521 aeris,
2396 4454 2510 4510 sive
2535 4454 2702 4509 calori
2733 4454 2883 4509 solis.
2914 4453 3066 4522 Quod
3094 4459 3272 4507 autem
3303 4459 3504 4506 tantam

1932 4560 2244 4627 potestatem
2287 4550 2446 4606 habet
2484 4548 2656 4620 ignis,
2689 4548 2936 4604 videmus
2974 4548 3027 4603 in
3070 4547 3267 4602 amaris
3308 4545 3509 4613 herbis,

1927 4646 2058 4716 quas
2114 4645 2180 4699 ad
2237 4645 2545 4716 patientiam
2577 4653 2762 4715 gustus
2815 4641 3085 4710 excoquit,
3140 4641 3221 4696 vel
3278 4641 3329 4695 in
3384 4655 3511 4695 aere

1922 4739 2063 4794 dulci
2116 4728 2521 4794 amaritudinem
2577 4736 2768 4791 amittit
2825 4736 3017 4789 humor
3072 4748 3311 4797 amarus,
3369 4734 3506 4787 sicut

1923 4833 2105 4887 dulces
2128 4847 2279 4909 aqua:
2309 4832 2361 4886 in
2393 4845 2541 4885 mare
2568 4830 2788 4895 cadunt,
2816 4837 2869 4881 et
2895 4841 3105 4882 rursum
3135 4840 3229 4896 per
3256 4835 3505 4881 tracones

1923 4925 2180 4997 quosdam
2211 4924 2275 4978 ad
2314 4925 2525 4978 alveum
2571 4937 2723 4976 suum
2774 4928 3112 4975 revertuntur
3141 4919 3342 4974 dulces.
3397 4915 3511 4973 Hoc

1922 5027 2098 5073 autem
2128 5016 2365 5086 experiri
2421 5017 2640 5085 poteris.
2698 5013 2828 5067 Nam
2884 5011 2927 5066 si
2958 5012 3144 5068 dulces
3193 5025 3360 5082 aquas
3414 5025 3511 5081 per

1924 5116 2095 5186 algam
2129 5114 2290 5168 maris
2320 5110 2599 5178 colaveris,
2633 5119 2992 5163 amarescent.

2607 5199 2837 5255 Grande.

1992 5297 2191 5362 Nubes,
2220 5304 2279 5350 ut
2303 5294 2556 5361 diximus,
2586 5294 2637 5348 vi
2659 5301 2966 5365 ventorum,
3018 5293 3098 5348 vel
3146 5293 3278 5349 solis
3332 5294 3515 5351 calore

1922 5390 2308 5452 dissolvuntur,
2335 5397 2391 5443 et
2419 5389 2480 5443 fit
2506 5387 2724 5458 pluvia;
2754 5403 2875 5458 quae
2893 5388 2937 5442 si
2971 5396 3184 5443 terreno
3225 5387 3422 5459 frigore
3448 5388 3506 5446 in

1921 5482 2158 5539 cadendo
2192 5481 2610 5551 prreveniuntur,
2644 5479 2698 5534 in
2751 5477 3064 5550 grandinem
3098 5489 3503 5537 commutantur
3537 5530 3545 5542 ,

1920 5585 1971 5630 et
1999 5573 2346 5630 dealbantur:
2377 5588 2600 5644 quarum
2631 5573 2825 5641 duplex
2868 5581 2948 5626 est
2980 5587 3168 5642 genus.
3223 5572 3355 5629 Nam
3402 5573 3527 5655 mi-l

1920 5682 2047 5727 nuta
2076 5670 2180 5725 nivi
2209 5667 2433 5724 admista
2461 5670 2605 5723 venit
2628 5669 2680 5721 in
2714 5664 2925 5735 frigore.
2963 5667 3080 5723 Alia
3112 5670 3163 5723 in
3215 5667 3396 5724 vernis
3443 5677 3503 5725 et
3534 5742 3541 5749 θ

1920 5765 2119 5821 ωειὶνὶε
2149 5764 2336 5833 diebus
2362 5772 2415 5819 et
2438 5762 2604 5832 magis
2631 5776 2786 5827 quam
2811 5760 2862 5813 in
2897 5771 3077 5817 nocte.
3134 5759 3311 5818 Nubes
3334 5760 3497 5818 etiam
3532 5754 3556 5789 θ’

1923 5869 2125 5931 quanto
2147 5861 2303 5917 altius
2326 5859 2622 5924 elevantur,
2654 5856 2917 5928 incipiunt
2946 5858 3248 5926 attenuari,
3292 5866 3350 5916 et
3403 5870 3503 5929 per
