4010 6382
623 305 729 361 8&7
1105 301 1308 359 BEBE
1345 299 1798 359 VENERABILIS
1835 297 1988 358 OPP.
2028 296 2204 358 PARS
2239 296 2285 356 I.
2322 291 2514 356 SECT.
2552 297 2622 356 ﬂ.
2661 325 2735 342 —
2772 294 2981 355 BUBIA
3019 292 3107 352 ET
3145 293 3387 356 SPURIA.
3672 313 3746 370 333

624 433 812 482 aerem
837 421 1110 493 dispergi;
1140 429 1198 478 et
1220 419 1432 490 quando
1457 420 1540 476 sol
1570 433 1677 474 non
1705 425 1882 489 potest
1925 431 2088 488 aquas
2127 425 2208 470 at.
2234 417 2285 479 Α
2309 415 2534 486 sepibus
2562 424 2621 472 et
2658 416 2824 473 ramis
2849 415 3098 472 arborum
3127 414 3354 473 inhaeret.
3381 418 3514 474 Aliud
3539 436 3696 498 quoque
3712 432 3749 488 in

629 523 804 572 tactas
853 514 956 571 sibi
1010 515 1373 584 incorporare,
1422 520 1478 568 et
1516 509 1904 567 imtnensitates
1945 524 2206 580 aquarum
2314 511 2618 566 autumnali
2645 510 2832 566 volitat
2857 518 3120 580 tempore,
3144 511 3278 579 quod
3313 512 3443 580 pueri
3467 527 3748 574 vocantasta-

631 606 900 678 permittit
917 605 1190 671 decidere,
1229 603 1563 675 frequentius
1589 603 1785 659 cadunt
1814 604 1868 658 in
1916 615 2104 668 mare;
2153 608 2209 657 et
2312 609 2418 658 tem
2441 619 2456 669 ;
2480 603 2620 660 unde
2643 593 2853 658 aranea:
2879 603 3012 658 telas
3032 600 3241 667 faciunt,
3263 602 3344 672 qui
3365 612 3440 657 est
3463 603 3536 658 fex
3555 610 3663 662 aeris
3679 614 3755 668 sole

632 700 714 757 sic
742 700 885 756 Deus
912 701 1080 769 parcit
1104 706 1279 753 terr-te.
1311 697 1444 763 Quia
1471 695 1749 752 manubias
1793 694 2021 753 dicimus
2065 708 2208 750 com—
2312 694 2584 750 desiccati.
2648 694 2910 750 Praeterea
2969 694 3143 748 ventis
3185 693 3556 764 imminentibus,
3600 699 3754 756 inferior

633 791 864 859 positum
896 797 926 843 a
966 803 1143 855 manu,
1180 786 1320 856 quod
1349 795 1433 842 est
1461 785 1680 854 bonum,
1729 792 1784 839 et
1831 783 2062 840 nubibus
2111 797 2210 854 per
2314 785 2418 843 iste
2445 801 2537 843 aer
2575 787 2842 857 superiori
2883 785 3187 851 colliditur;
3234 786 3365 842 unde
3407 788 3612 843 scintillae
3638 794 3756 862 prosi-

633 881 945 948 θοῑῖιιιθσῖηι
973 879 1125 950 qlia-ii
1155 879 1378 935 minime
1401 877 1600 934 bonum
1640 875 1881 932 nubium.
2315 882 2475 950 liunt,
2503 898 2623 953 qua:
2673 883 2952 939 stellarum
3002 895 3181 936 casum
3211 881 3486 947 imitantur;
3513 898 3660 938 revera
3693 902 3757 942 au-

1361 973 1484 1028 Aer.
2319 981 2427 1029 tem
2457 989 2725 1044 nunquam
2765 974 2940 1046 aliqua
2969 975 3242 1030 stellarum
3268 972 3388 1040 tim,
3416 987 3498 1029 seu
3524 989 3641 1045 vaga,
3664 976 3760 1032 deci-

709 1066 1000 1138 Postquam
1031 1066 1101 1124 de
1132 1076 1272 1121 terra
1309 1074 1366 1122 et
1391 1080 1525 1137 aqua
1554 1064 1810 1131 diximus,
1839 1063 1908 1120 de
1934 1076 2062 1119 aere
2093 1074 2216 1130 pro-
2318 1063 2418 1132 dit,
2445 1063 2555 1122 imo
2579 1064 2825 1121 scintillae
2848 1065 3068 1120 humido
3088 1064 3197 1121 aeri
3223 1065 3420 1134 allapsae
3437 1066 3760 1136 exstinguuntur,

631 1162 780 1216 ximo
803 1160 895 1216 illo
919 1160 1272 1226 disseramus,
1303 1159 1454 1231 cujus
1496 1167 1674 1214 motus
1703 1173 1864 1214 causa
1895 1141 2211 1227 perhibetur
2319 1166 2375 1215 et
2402 1159 2454 1214 in
2502 1160 2645 1232 agris
2685 1159 2912 1215 inventae
2939 1157 3251 1229 pltlegmatis
3271 1158 3617 1214 similitudinem
3637 1163 3764 1230 expri-

634 1268 773 1324 aqua
804 1271 818 1308 :
849 1269 966 1323 quae
995 1263 1162 1321 mota,
1193 1252 1508 1308 naturaliter
1528 1261 1705 1307 movet
1728 1257 1929 1307 aerem.
1961 1250 2065 1310 Sed
2088 1265 2213 1307 cum
2329 1257 2502 1306 munt.
2534 1249 2670 1307 Sunt
2697 1259 2874 1306 autem
2906 1264 2994 1306 res
3025 1263 3316 1305 venenosae.

637 1358 914 1406 moveatur
937 1349 1004 1405 ab
1032 1349 1272 1416 Oriente,
1309 1349 1483 1404 Eurus
1508 1347 1738 1412 dicitur;
1771 1357 1826 1402 et
1873 1360 1993 1402 cum
2022 1345 2091 1402 ab
2114 1345 2216 1401 Oc-
2976 1339 3054 1394 De
3088 1339 3232 1394 iride.

569 1472 593 1510 ,;
637 1440 872 1508 cidente,
918 1440 1231 1514 Zephyrus;
1258 1454 1381 1496 cum
1423 1454 1454 1495 a
1481 1437 1726 1506 meridie,
1771 1438 2154 1503 Auster;cum
2185 1453 2216 1493 a
2398 1433 2488 1489 Fit
2515 1442 2771 1504 praeterea
2801 1447 2959 1488 arcus
3009 1433 3064 1487 in
3113 1446 3252 1498 aere,
3300 1432 3385 1502 qui
3428 1433 3669 1502 oppositam
3691 1433 3764 1502 plt-

636 1533 1039 1603 Septentrione,
1069 1530 1284 1602 Aquilo.
1313 1529 1368 1588 Si
1396 1531 1656 1602 quaeritur
1677 1544 1773 1586 cur
1805 1530 1979 1600 potius
2002 1538 2221 1584 natura-
2327 1545 2448 1604 gam
2489 1538 2685 1587 teneta
2715 1529 2862 1596 sole;
2892 1539 2970 1597 et,
2998 1540 3057 1584 ut
3084 1528 3262 1584 dicunt
3290 1527 3496 1602 pbysici,
3513 1531 3580 1585 sol
3597 1530 3718 1586 nubes
3734 1546 3769 1584 a-

587 1685 603 1700 ν
636 1625 759 1680 liter
783 1640 975 1696 aquam
1007 1638 1168 1696 quam
1214 1632 1410 1679 terram
1441 1623 1644 1679 moveri
1675 1621 1934 1686 dicamus,
1991 1635 2218 1692 respon-
2338 1634 2534 1692 quosas
2559 1629 2615 1676 et
2641 1634 2911 1676 concavas
2945 1620 3270 1686 reverberat,
3299 1634 3397 1675 non
3421 1621 3612 1676 multum
3627 1621 3769 1676 cottler-
3817 1625 3820 1630 '

567 1717 601 1794 ﬁ;
638 1716 740 1770 deo
770 1734 781 1768 :
811 1715 933 1785 quia
960 1725 1217 1786 perpetuo
1241 1729 1407 1785 aquas
1428 1715 1638 1771 moveri
1661 1713 1921 1781 videmus,
1951 1727 2056 1769 non
2081 1727 2222 1769 scm-
2339 1723 2439 1784 tas,
2485 1714 2629 1771 unde
2658 1715 2983 1771 diversitatis
3029 1714 3306 1770 mundana:
3329 1715 3516 1770 colores
3548 1715 3633 1768 illis
3653 1715 3771 1769 iuuat-

598 1803 600 1805 »
637 1819 736 1878 per
760 1822 962 1862 aerem.
989 1806 1046 1862 Si
1074 1807 1371 1877 perstiterit
1399 1806 1609 1876 aliquis,
1637 1804 1820 1862 dicens
1857 1824 1872 1862 :
1901 1803 2005 1861 Ubi
2036 1812 2119 1860 est
2139 1803 2223 1860 ef-
2253 1794 2304 1856 B
2327 1815 2543 1876 cuntur,
2573 1808 2663 1878 qui
2695 1816 2896 1862 tantum
2928 1823 2992 1865 ex
3017 1808 3234 1864 minima
3266 1807 3496 1863 distantia
3519 1806 3672 1878 liquide
3698 1805 3769 1860 dis-

646 1899 834 1954 ticiens
861 1914 1019 1956 causa
1068 1899 1292 1970 alicujus
1337 1900 1440 1968 rei,
1487 1899 1648 1956 debet
1668 1914 1790 1958 esse
1818 1899 2106 1966 effectum;
2137 1913 2223 1955 re-
2329 1900 2496 1971 tingui
2525 1913 2632 1957 non
2678 1907 2922 1968 possunt.
2971 1899 3114 1954 Beda
3143 1907 3312 1955 autent
3339 1897 3457 1954 dicit
3494 1906 3672 1967 quatuor
3701 1910 3776 1950 esse

645 1993 906 2062 spondeo,
929 1992 1160 2050 vicinum
1193 1994 1346 2049 illum
1375 2009 1531 2064 aqua:
1557 2004 1785 2062 motum,
1814 1995 1896 2051 vel
1937 1995 2088 2050 dicas
2115 2008 2222 2050 non
2327 1990 2535 2046 colores
2559 1976 2817 2056 diversos,
2843 1991 3109 2048 imitantes
3134 2002 3351 2059 quatuor
3384 1989 3605 2046 elementa
3625 2005 3638 2043 ς
3658 1987 3776 2041 viridis

641 2083 842 2156 ubique
864 2087 1096 2153 moveri,
1118 2087 1215 2142 sed
1244 2087 1300 2142 in
1328 2087 1528 2158 aliquo.
1581 2087 1687 2144 Alii
1708 2088 1830 2159 quia
1861 2087 1994 2144 levis
2019 2087 2224 2158 crispa-
2328 2083 2552 2138 viridem
2598 2093 2759 2140 terrae
2780 2084 3116 2154 superficiem
3144 2085 3392 2151 imitatur,
3430 2085 3614 2155 glaucus
3635 2097 3776 2152 aquam.

637 2179 712 2233 tio
740 2178 985 2249 qumdam
1015 2181 1179 2248 aeris,
1236 2196 1396 2251 quam
1427 2196 1614 2237 auram
1662 2197 1916 2239 vocamus
1943 2181 1998 2237 in
2042 2182 2220 2248 terris,
2329 2175 2644 2248 hiacyntltus
2667 2191 2866 2243 aerem,
2890 2177 3087 2232 rubens
3120 2179 3288 2247 ignem
3309 2178 3585 2233 aathereum.
3609 2175 3706 2231 Sunt
3721 2171 3778 2226 ali-

638 2268 880 2325 altanum
904 2284 1038 2326 vero
1084 2271 1138 2326 in
1167 2272 1324 2338 mari,
1358 2272 1662 2328 offendatur
1691 2273 1744 2328 in
1791 2272 2080 2337 montibus,
2125 2272 2224 2327 ibi-
2327 2272 2540 2342 quando
2562 2272 2722 2327 etiam
2743 2273 2850 2327 duo
2872 2287 3051 2340 arcus,
3076 2273 3197 2342 quia
3224 2272 3340 2328 luna
3359 2270 3572 2326 similiter
3588 2282 3719 2323 arcum
3734 2265 3780 2320 la-

634 2374 744 2431 que
773 2361 1160 2418 tumultuantur
1201 2373 1256 2418 et
1285 2373 1571 2434 augentur.
1621 2363 1728 2421 Alii
1777 2364 1965 2420 dicunt
1991 2364 2223 2420 rationa-
2329 2368 2424 2432 cit,
2455 2367 2668 2436 plenum
2695 2369 3033 2437 tamen,quia
3059 2382 3163 2420 non
3183 2366 3385 2434 estipsa
3410 2362 3512 2428 Iris,
3535 2369 3578 2416 et
3594 2360 3780 2414 soletesse

635 2451 734 2508 bili
762 2463 909 2508 motu
941 2455 1143 2510 moveri
1176 2454 1603 2524 firmamentum,
1635 2465 1690 2513 et
1715 2455 1991 2528 subjectos
2037 2457 2220 2528 plane-
2337 2462 2738 2518 imminentibus
2766 2462 2936 2516 ventis
2962 2471 3053 2516 aut
3078 2460 3286 2531 pluviis.
3317 2459 3456 2513 lllum
3481 2467 3650 2526 quoque
3671 2461 3781 2505 nauta

638 2553 722 2602 ⁸³⁸
749 2546 840 2616 qui
870 2560 1049 2603 aerem
1101 2545 1416 2603 inferiorem
1465 2536 1833 2616 commovent;
1871 2559 1927 2606 et
1975 2551 2223 2606 omnibus
2336 2557 2643 2614 observant.
2692 2553 2824 2611 Nam
2850 2570 2920 2610 ex
2951 2569 3012 2610 ea
3038 2564 3189 2624 parte
3209 2566 3307 2623 qua
3327 2551 3531 2623 primum
3554 2544 3781 2606 dissolvitur,

638 2641 875 2698 motibus
898 2641 1199 2713 impellunt,
1227 2641 1279 2698 id
1307 2650 1412 2710 est,
1473 2657 1712 2710 sursum,
1761 2635 2039 2708 deorsum,
2093 2643 2224 2698 dex-
2337 2656 2530 2704 ventos
2575 2655 2666 2702 aut
2691 2646 2896 2718 pluvias
2917 2656 3169 2701 venturas
3193 2659 3307 2701 esse
3334 2648 3638 2714 praenoscunt.

640 2743 896 2804 trorsum,
921 2735 1309 2804 sinistrorsum,
1331 2743 1457 2792 ante
1501 2745 1558 2792 et
1598 2744 1747 2793 retro
1771 2753 1786 2803 ;
1809 2743 1863 2792 et
1907 2751 1997 2806 per
2050 2735 2227 2789 circu-
2969 2739 3047 2794 De
3085 2739 3288 2795 wthere.

640 2828 778 2896 lum,
810 2828 900 2899 qui
924 2829 1070 2886 solus
1092 2827 1426 2885 rationabilis
1443 2837 1546 2896 est,
1569 2828 1664 2885 sed
1691 2828 1745 2884 in
1773 2843 1840 2884 eo
1861 2842 1967 2884 non
1992 2820 2226 2898 ditt'per-
2407 2831 2540 2888 Huic
2571 2833 2684 2887 aeri
2714 2832 2964 2903 proximo
3009 2832 3131 2887 loco
3161 2830 3326 2886 aether
3363 2828 3597 2890 imminet,
3633 2823 3673 2878 in
3703 2831 3785 2890 quo-

641 2919 806 2987 sistit,
831 2920 973 2990 quod
1004 2922 1166 2979 etiam
1195 2922 1484 2993 aliquando
1508 2921 1961 2992 deprehendimus
2009 2921 2062 2976 in
2114 2929 2228 2975 tur-
2337 2944 2459 2985 mm
2491 2927 2728 2984 conﬁnio
2771 2928 2897 2983 [una
2931 2927 3179 2998 proxima
3209 2929 3326 2983 loco
3354 2934 3449 2990 est,
3493 2936 3622 2992 quam
3646 2915 3785 2988 physici

639 3015 787 3072 hine.
823 3013 934 3072 Nec
964 3003 1147 3072 turbat
1172 3016 1315 3088 quod
1348 3017 1589 3086 planetas
1619 3013 2064 3070 irrationabiliter
2106 3013 2227 3069 illos
2339 3030 2542 3079 ten-am
2567 3023 2857 3078 miheream
2889 3031 3218 3078 vocaverunt,
3251 3039 3264 3074 :
3300 3021 3462 3076 forsan
3490 3017 3608 3081 ideo,
3623 3013 3712 3085 quia
3725 3011 3786 3065 sic

644 3101 846 3167 moveri
874 3111 1006 3179 dixi,
1039 3094 1138 3169 boe
1167 3112 1249 3190 .fit
1297 3110 1702 3182 comparatione
1734 3108 2074 3173 firmamenti,
2133 3107 2221 3178 qui

2206 3107 2221 3161 i
2259 3171 2304 3190 η
2343 3124 2402 3168 ut
2451 3123 2594 3169 terra
2625 3127 2652 3166 a
2683 3114 2894 3167 terendo
2926 3112 3146 3179 dicitur,
3175 3114 3247 3168 ita
3273 3111 3359 3182 qui
3387 3126 3413 3164 a
3440 3107 3680 3164 caelestium
3715 3114 3786 3155 cor-

646 3202 926 3258 ab-eodem
949 3218 1111 3260 cursu
1135 3171 1679 3276 nunquam-desistit.
1715 3202 1949 3259 Planette
1988 3215 2118 3257 vero
2146 3199 2230 3255 di-
2257 3171 2308 3238 ο
2341 3221 2528 3276 porum
2569 3206 2892 3276 purgatione
2918 3207 3133 3272 teritur,
3161 3207 3214 3261 in
3237 3171 3407 3260 lunam
3429 3198 3655 3269 recipitur.
3672 3190 3788 3249 Ethoc

650 3299 823 3354 versis
845 3297 1103 3354 tractibus
1131 3298 1411 3356 labuntur.
1917 3284 1932 3293 ’
2340 3314 2371 3354 a
2391 3298 2507 3355 sole
2536 3305 2616 3364 ut,
2647 3299 2702 3354 in
2731 3297 2933 3368 speculi
2975 3297 3348 3361 similitudine,
3377 3291 3703 3351 reverberetur,
3721 3296 3789 3370 pop-

1249 3393 1328 3451 De
1359 3393 1594 3466 fulmine.
2337 3394 2575 3464 ponitur.
2617 3392 2859 3448 Lunares
2905 3403 3086 3449 autent
3121 3391 3330 3464 plurimi
3355 3396 3470 3445 sunt
3494 3385 3651 3440 animae
3673 3390 3791 3433 ascen-

725 3485 964 3556 Denique
982 3485 1282 3543 cardinales
1303 3465 1448 3544 venti
1469 3495 1579 3544 tres
1605 3486 1952 3556 conveniunt,
1976 3496 2030 3542 et
2059 3486 2230 3542 nubes
2338 3489 2547 3553 dentes,
2571 3486 2654 3542 vel
2675 3487 3082 3553 descendentes,
3104 3501 3225 3558 quae
3243 3487 3294 3541 in
3315 3481 3517 3554 singults
3535 3465 3791 3547 sphatrisquid

652 3579 982 3648 compellunt
1013 3588 1159 3635 tanta
1187 3580 1263 3648 vi,
1285 3588 1346 3636 ut
1368 3595 1433 3637 ex
1455 3581 1736 3638 collisione
1757 3581 1845 3636 illa
1869 3591 2119 3637 nascatur
2144 3595 2235 3637 so-
2344 3589 2665 3647 acceperant
2687 3577 3044 3633 obvolutionis
3067 3579 3373 3647 relinquunt
3392 3575 3478 3637 ibi,
3497 3570 3568 3626 vel
3583 3567 3791 3622 assumunt.

650 3671 817 3738 nitus,
851 3678 908 3726 et
934 3671 1154 3727 claritas
1207 3670 1473 3742 quaedam.
1523 3671 1678 3740 Quod
1723 3672 1963 3727 auditum
1991 3671 2233 3741 offendit,
2344 3673 2458 3728 sive
2495 3669 2922 3727 cacodarmoues.
2956 3671 3112 3740 Quod
3140 3679 3316 3726 autem
3362 3666 3487 3721 furvi
3505 3661 3664 3718 habere
3680 3653 3793 3709 riden-

651 3761 942 3818 tonitruum
961 3771 1044 3818 est
1068 3779 1082 3827 ;
1104 3763 1246 3834 quod
1276 3763 1470 3833 visum,
1491 3759 1668 3833 fulgur
1687 3763 1774 3820 vel
1793 3763 2109 3834 fulguratio;
2148 3764 2238 3834 qui
2344 3776 2430 3823 tnr
2453 3768 2507 3823 in
2535 3764 2735 3833 medio,
2757 3763 2864 3821 hoc
2891 3765 3165 3835 praedictae
3185 3777 3356 3822 causa:
3381 3757 3551 3833 poterit
3574 3747 3730 3809 ascribi.

652 3853 800 3924 ferit,
821 3855 1015 3912 fulmen
1031 3855 1248 3912 dicitur.
1269 3852 1514 3912 Nascitur
1540 3856 1612 3912 ibi
1631 3864 1887 3928 praeterea
1918 3857 2130 3928 quidam
2156 3857 2238 3911 la-
2921 3857 2998 3914 De
3022 3862 3176 3931 furvo
3207 3860 3356 3913 (ante.

654 3947 762 4020 pis,
785 3950 876 4021 qui
900 3950 982 4006 vel
1005 3950 1183 4006 nimiae
1202 3950 1611 4021 compressioni,
1635 3927 1720 4006 vel
1741 3950 1905 4004 nimio
1944 3949 2128 4015 calori,
2155 3950 2241 4005 vel
2431 3955 2580 4010 Luna
2611 3969 2677 4010 ex
2699 3965 2928 4025 quatuor
2968 3927 3185 4010 constat
3231 3945 3514 4010 elementis,
3558 3937 3634 3995 sed
3658 3927 3798 4025 "ii-“1'

657 4019 823 4098 nimio
844 4043 1049 4116 frigori,
1073 4019 1647 4115 potestattribui,quia
1662 4043 1940 4116 expressio
1959 4043 2241 4114 possithoc
2345 4045 2608 4101 elementa
2638 4019 2774 4098 bene
2820 4043 2920 4097 sibi
2952 4043 3238 4098 commista
3271 4049 3390 4096 sunt
3417 4044 3467 4093 et
3487 4032 3686 4098 levigata.
3717 4019 3798 4116 Natu

663 4109 1160 4192 efficere.vVideiur
1188 4136 1317 4192 satis
1344 4137 1434 4192 ubi
1461 4109 1666 4193 lacteus
1686 4109 1882 4192 humor
1901 4109 2236 4206 coagulatur,
2346 4147 2400 4193 et
2445 4137 2760 4192 naturaliter
2797 4144 2920 4190 sunt
2971 4135 3284 4206 perspicua,
3327 4141 3377 4188 et
3417 4129 3477 4184 de
3503 4139 3553 4180 se
3574 4109 3799 4211 lucem-reti-

661 4229 752 4297 qui
776 4243 902 4284 vero
928 4228 1077 4284 calor
1104 4230 1333 4286 diversis
1361 4231 1538 4286 modis
1561 4245 1649 4286 res
1673 4230 1904 4287 mulceat
1930 4205 2022 4284 aut
2046 4244 2242 4286 conso-
2347 4232 2500 4286 dunt.
2525 4229 2692 4285 Terra
2722 4236 2899 4282 autem
2931 4227 2985 4281 in
3015 4205 3115 4282 illo
3143 4228 3262 4282 loco
3292 4239 3391 4280 non
3421 4223 3542 4276 bene
3561 4214 3652 4269 aliis

661 4319 812 4386 lidet,
843 4329 1067 4391 apparet
1093 4321 1147 4377 in
1177 4322 1331 4378 limo.
1363 4321 1513 4390 Quod
1559 4331 1739 4379 autem
1778 4322 1944 4394 frigus
1989 4322 2240 4378 duritiem
2350 4337 2400 4381 ta
2430 4337 2534 4390 est,
2567 4339 2667 4380 nec
2693 4323 2760 4379 de
2788 4339 2848 4379 se
2880 4325 3053 4379 lucem
3085 4323 3336 4386 εσυησίι,
3361 4329 3413 4375 ει
3433 4317 3592 4372 scabra
3610 4317 3673 4365 est
3694 4304 3730 4357 in
3745 4297 3801 4352 illo

661 4412 840 4480 faciat,
873 4413 1085 4470 videtur
1111 4413 1164 4468 in
1191 4414 1419 4470 metallis
1445 4413 1763 4485 liquefactis,
1794 4424 1851 4470 ut
1878 4415 2109 4471 etiamin
2138 4414 2244 4470 fer—
2350 4420 2486 4475 loco.
2513 4417 2772 4475 Scabrum
2804 4424 2983 4472 autem
3017 4425 3124 4484 est,
3173 4416 3312 4488 quod
3346 4411 3566 4481 rubigine
3605 4399 3802 4458 obductum

666 4520 726 4558 ro
755 4521 770 4570 ;
796 4505 999 4574 lapides
1028 4505 1258 4561 dissilire
1289 4506 1435 4573 facit,
1469 4506 1668 4577 lignum
1691 4505 1865 4572 findit,
1892 4521 2088 4578 aquam
2114 4520 2244 4563 cono
2273 4525 2325 4582 μ
2350 4522 2452 4582 est,
2477 4521 2571 4568 aut
2591 4511 2926 4582 allevigatum
2955 4511 3237 4566 remansit.
3265 4507 3430 4564 liabet
3458 4504 3558 4557 haec
3577 4501 3719 4566 figuras
3732 4496 3804 4582 sep-

664 4597 901 4665 stringit.
955 4596 1152 4653 Dicunt
1184 4598 1296 4662 alii,
1351 4597 1494 4668 quod
1523 4598 1740 4668 quidam
1786 4561 2002 4656 crassits
2051 4608 2245 4656 ventus
2273 4561 2327 4622 Β
2352 4561 2480 4663 teni,
2515 4605 2645 4660 Nam
2679 4561 2954 4659 mounoidos
2981 4605 3049 4659 ab
3075 4605 3282 4659 unitate
3315 4601 3516 4661 dicitur,
3563 4603 3660 4647 cum
3696 4581 3803 4655 prima

667 4690 1003 4746 contineatur
1026 4692 1080 4747 in
1107 4692 1360 4762 nubibus,
1393 4693 1483 4762 qui
1529 4692 1654 4746 dum
1707 4693 1959 4762 erumpit,
2010 4696 2243 4749 sonitum
2353 4707 2468 4766 ese;
2524 4697 2887 4762 dichotomos,
2921 4697 3008 4751 vel
3041 4696 3349 4766 dyatomos,
3405 4706 3516 4747 cum
3563 4680 3695 4741 media
3733 4678 3801 4728 e51;

673 4779 825 4849 facit,
856 4784 1007 4854 cujus
1035 4786 1114 4842 rei
1138 4784 1510 4855 probationem
1553 4785 1647 4840 dat
1670 4793 1862 4840 ventus
1891 4786 2068 4840 vesica
2114 4799 2242 4841 con-
2352 4793 2485 4865 dyas
2515 4792 2658 4847 enim
2689 4790 2796 4845 duo
2826 4790 3037 4855 dicitur,
3063 4800 3242 4846 ιοωοε
3306 4785 3483 4848 sectio,
3526 4773 3802 4865 amphicirlfsv

666 4883 874 4944 ceptus,
898 4889 1018 4944 quae
1044 4853 1277 4946 displosa
1308 4876 1578 4933 violenter
1625 4877 1852 4933 intonat.
1913 4877 2015 4932 Alii
2068 4877 2251 4933 dicunt
2353 4853 2407 4941 id
2434 4893 2540 4950 est,
2591 4887 2736 4940 circa
2785 4853 3189 4940 rotunditatem,
3245 4882 3338 4937 Est
3385 4853 3802 4950 pleniluniuminde‘

675 4978 885 5024 atomos
915 4968 1154 5025 humoris
1199 4973 1525 5042 vaporaliter
1576 4975 1891 5041 ascendere,
1944 4983 1999 5029 et
2048 4973 2248 5046 ignium
2352 4978 2661 5043 crescendo,
2694 4975 2820 5032 item
2849 4986 2932 5032 est
2961 4975 3357 5048 amphicyrtos,
3410 4979 3516 5041 post
3554 4956 3801 5019 dichotomosr

671 5060 991 5118 caumaliter
1017 5061 1363 5131 descendere,
1388 5067 1442 5122 in
1469 5081 1694 5136 quorum
1723 5076 1988 5122 conventu
2015 5068 2250 5123 nascitur
2353 5080 2407 5129 et
2439 5071 2563 5128 inde
2593 5070 2893 5126 tnonoidos.

681 5140 775 5210 ille
798 5155 1026 5221 sonitus,
1055 5154 1317 5226 daturque
1364 5159 1655 5217 similitudo
1700 5162 1941 5232 quaedam
1991 5162 2058 5216 de
2100 5163 2251 5220 fabro
2787 5163 2863 5220 De
2899 5163 3077 5236 ιειὶρεὶ
3113 5163 3239 5218 satis
3271 5171 3320 5216 et
3349 5162 3492 5214 ιωιω.

667 5244 870 5303 ferrum
888 5245 1115 5303 calidum
1145 5247 1379 5318 ιίιιεεηιθ
1408 5251 1459 5306 in
1487 5267 1640 5323 atina.
2428 5261 2574 5314 Luna
2605 5273 2814 5329 quoque
2845 5258 2932 5312 illa
2960 5235 3174 5329 semper
3204 5257 3342 5328 pleni
3370 5252 3505 5309 orbis
3528 5256 3612 5303 est.
3648 5235 3741 5293 Nam
3766 5237 3805 5329 εξ

1339 5339 1416 5395 οε
1450 5359 1582 5398 νοτεο
2355 5370 2417 5411 ea
2441 5363 2591 5426 parte
2618 5368 2722 5425 qua
2752 5353 2921 5408 solem
2969 5353 3212 5420 respicit,
3247 5361 3452 5417 semper
3479 5343 3609 5413 plena
3633 5337 3720 5391 ⁸⁵ίῖ

746 5433 987 5490 Desudat
1015 5424 1228 5505 quoque
1257 5437 1310 5490 in
1351 5449 1477 5491 aere
1498 5453 1607 5503 ros,
1638 5441 1727 5510 qui
1753 5443 1890 5498 luna:
1921 5446 2247 5512 attribuitur,
2354 5424 2784 5519 aliqttandoftota,
2805 5445 2886 5500 vel
2907 5461 2973 5500 ex
3000 5455 3166 5515 parte,
3186 5443 3504 5500 obscuratur,
3522 5424 3807 5522 cumeSiflmi‘

673 5539 740 5580 eo
768 5527 908 5596 quod
937 5527 1024 5582 illa
1055 5531 1122 5582 sit
1164 5531 1396 5585 cribrum
1427 5533 1744 5590 caelestium.
1802 5538 1902 5592 Alii
1957 5541 2253 5596 attribuunt
2357 5550 2406 5594 ta
2437 5514 2662 5603 decima,
2693 5539 2774 5592 vel
2805 5514 3009 5594 decima
3041 5538 3246 5605 quinta,
3270 5537 3313 5590 si
3336 5534 3402 5588 sit
3426 5532 3474 5586 in
3492 5522 3686 5594 eclipliﬂ
3707 5514 3807 5611 ¹ξξ¹θ²ξ

674 5615 892 5686 Veneri,
917 5621 1213 5691 eademque
1243 5633 1298 5678 et
1327 5638 1551 5693 vespere
1574 5634 1627 5680 et
1651 5640 1837 5691 mane;
1862 5629 1952 5696 qui
1984 5631 2030 5684 si
2055 5631 2252 5702 frigore
2355 5640 2408 5687 et
2438 5647 2532 5702 per
2560 5632 2884 5686 diametrum
2913 5630 3011 5685 soli
3049 5603 3316 5700 opposita.
3377 5617 3690 5680 Diameterest
3721 5603 3807 5702 lim“

673 5711 1018 5777 praevenitur,
1073 5716 1260 5784 pruina
1289 5714 1540 5772 efficitur.
1598 5714 1796 5772 Cauma
1843 5693 2054 5792 quoque
2101 5693 2250 5794 gvros-

2229 5753 2250 5764 -
2356 5693 2475 5797 qua:
2515 5724 2798 5794 aliquando
2836 5693 3195 5794 partitur-iul
3223 5722 3354 5777 duas
3403 5713 3690 5773 medietales;
3728 5693 3807 5797 dif

675 5802 904 5872 sum'fit,
937 5806 1080 5862 cadit
1105 5811 1290 5877 pruina
1324 5811 1376 5866 in
1401 5810 1614 5880 frigoris
1636 5813 1864 5868 maxima
1889 5793 2128 5885 uredine,
2159 5820 2251 5886 qui
2356 5793 2498 5875 enim
2524 5817 2761 5873 biuarius
2789 5793 2891 5877 est.
2916 5829 3148 5880 metron,
3181 5826 3426 5873 mensura
3449 5826 3463 5872 ;
3485 5819 3591 5866 nam
3613 5805 3706 5854 tunc
3721 5793 3806 5842 ιθπλ
