4010 6382
347 301 446 361 B89

1569 303 1572 306 ’
1610 304 1824 363 MUNDI
1863 303 2329 368 CONSTITUTIO.

3481 326 3582 381 890

342 423 394 475 in
415 417 589 473 medio
617 417 807 486 posita,
835 417 1010 474 lumen
1039 416 1166 475 solis
1188 432 1256 474 ne
1283 419 1425 474 lunre
1453 417 1758 474 infundatur
1803 422 1906 474 im-
1932 422 1984 484 Α
2009 422 2122 479 rius
2145 439 2264 483 cum
2293 426 2360 481 ad
2393 427 2459 482 12
2490 435 2692 498 partem
2739 432 2964 500 venerit,
2999 434 3204 492 videtur
3243 439 3378 494 sicut
3397 449 3451 496 et
3484 443 3568 498 lu-

342 512 506 583 pedit,
538 518 592 565 et
620 511 844 566 verbera
874 511 990 581 ejus
1022 512 1088 567 ad
1118 513 1296 566 lunam
1324 527 1491 581 usque
1543 512 1905 581 protenditur,

342 617 393 664 et
418 615 504 663 est
524 607 740 676 eclipsis
770 606 930 674 lunae,
955 607 1095 677 quod
1115 606 1401 676 deliquium
1423 605 1674 661 dicimus.
1704 605 1788 660 Fit
1808 621 1904 661 au-

339 713 446 760 tem
476 711 582 759 tam
608 703 660 758 in
688 702 926 758 inferiori
954 703 1328 773 hemisphaerio
1349 719 1507 774 quam
1541 705 1594 759 in
1623 704 1904 774 superiori,

338 805 446 851 tam
488 796 542 851 in
569 796 788 851 Oriente
815 810 974 866 quam
1015 796 1068 850 in
1090 795 1396 852 Occidente.
1424 797 1536 853 Non
1568 807 1743 852 tamen
1774 814 1908 854 sem-

335 903 434 958 per
480 887 557 955 ﬁt,
588 901 709 942 cum
739 896 822 943 est
868 886 1074 943 decima
1102 897 1312 957 quarta,
1355 888 1436 943 vel
1465 888 1668 944 decima
1698 890 1901 960 quinta,

334 980 431 1035 sed
463 990 582 1048 post
603 995 697 1034 sex
717 993 929 1035 menses
958 995 1190 1050 semper.
1220 979 1353 1036 Cum
1383 988 1562 1036 autem
1612 981 1665 1035 in
1712 982 1903 1038 eodem

331 1072 489 1142 signo
515 1071 571 1126 ﬁt
599 1081 654 1127 et
693 1072 892 1150 ,eodem
925 1087 1133 1138 mense,
1183 1087 1286 1127 non
1316 1072 1418 1128 nisi
1470 1081 1590 1142 post
1619 1073 1906 1130 novemde-

331 1167 438 1220 cim
470 1179 658 1220 annos.
683 1165 816 1220 Cum
841 1174 1017 1222 autem
1045 1165 1098 1220 in
1129 1166 1315 1220 eodem
1341 1166 1515 1235 signo,
1541 1175 1594 1221 et
1622 1181 1824 1233 mense,
1851 1179 1906 1224 et

331 1255 470 1326 signi
493 1265 660 1324 parte,
695 1271 801 1310 non
835 1257 936 1311 nisi
976 1264 1093 1325 post
1119 1272 1184 1311 LV
1214 1271 1380 1312 annos
1404 1256 1603 1312 evenit.
1634 1256 1786 1324 Quod
1813 1275 1904 1314 ve-

331 1362 396 1402 ro
419 1348 473 1402 in
517 1348 705 1404 eodem
735 1349 906 1419 signo,
951 1363 1158 1415 mense,
1184 1357 1354 1420 parte,
1383 1352 1650 1406 revocatis
1699 1352 1904 1407 cunctis

331 1439 564 1508 planetis
591 1439 657 1495 ad
688 1441 861 1496 locum
892 1455 1065 1505 suum,
1118 1456 1223 1496 non
1275 1441 1375 1496 nisi
1427 1450 1548 1511 post
1601 1441 1898 1511 quindecim

327 1544 544 1587 menses
568 1545 829 1587 annorum
858 1533 938 1588 ﬁt.
976 1532 1207 1602 Eclipsis
1237 1533 1366 1588 solis
1397 1531 1451 1588 in
1481 1534 1748 1604 trigesima
1778 1533 1900 1588 luna

330 1624 414 1692 ﬁt,
447 1624 525 1678 sol
551 1623 812 1693 eclipsim.
865 1625 994 1680 Nam
1021 1625 1254 1681 declinat
1281 1625 1368 1711 vel
1398 1627 1463 1682 ad
1510 1626 1784 1692 Austrum,
1817 1628 1900 1684 vel

327 1715 397 1772 ad
447 1717 899 1786 Septentrionem.
953 1718 1086 1774 Cum
1133 1729 1310 1775 autem
1339 1721 1419 1775 sol
1451 1720 1501 1775 in
1532 1721 1720 1776 eodem
1748 1722 1900 1792 signo
1930 1744 1970 1792 _-

2010 529 2098 569 na.
2135 514 2309 573 Venus
2355 535 2483 574 vero
2532 536 2652 577 cum
2703 524 2770 578 ad
2799 525 2830 578 7
2884 536 3084 594 partem
3116 529 3253 600 signi
3282 546 3311 584 a
3341 533 3454 588 sole
3483 551 3574 591 re-

2010 612 2245 678 cesserit,
2284 612 2490 670 videtur
2515 619 2665 686 quasi
2689 618 2800 688 jam
2829 620 3018 688 major.
3042 622 3190 678 Luna
3220 639 3428 696 quoque
3474 629 3576 682 ibi-

2009 704 2129 758 dem
2151 705 2441 775 videretur,
2466 711 2508 764 si
2531 713 2801 782 pr0prium
2827 698 3002 772 lumen
3032 717 3269 774 traheret.
3298 720 3448 786 Quod
3473 737 3571 775 au-

2011 807 2114 854 tem
2146 803 2448 871 superiores
2477 814 2533 861 et
2561 807 2841 865 inferiores
2870 812 2983 867 sole
3006 811 3267 888 feruntur,
3299 817 3574 886 tripliciter

2008 907 2103 963 per
2135 894 2465 963 conjecturas
2496 901 2816 968 ostenditur,
2864 905 2974 959 sive
3015 921 3110 973 per
3138 909 3571 967 intersectionem

2007 985 2347 1057 circulorum,
2381 989 2495 1045 sive
2534 993 2675 1062 quod
2723 995 2830 1049 sint
2877 999 3121 1068 epicycli,
3151 999 3203 1054 id
3254 1009 3355 1068 est,
3385 1017 3571 1070 supcr-

2007 1074 2295 1134 circularcs
2322 1090 2516 1137 terram
2546 1099 2650 1140 non
2684 1086 2927 1142 habendo
2953 1099 3216 1158 centrum,
3243 1094 3408 1148 solem
3436 1110 3566 1163 qua-

2007 1170 2051 1224 si
2081 1179 2322 1228 centrum
2348 1190 2534 1232 cursus
2565 1179 2646 1233 sui
2668 1180 2923 1246 efﬁciunt,
2968 1175 3081 1240 sive
3110 1186 3440 1242 altitudinem
3490 1205 3572 1244 so-

2007 1261 2072 1317 lis
2101 1264 2282 1320 circuli
2314 1271 2638 1326 emetiuntur
2664 1274 2866 1330 obtusis
2893 1277 3005 1332 sive
3034 1278 3204 1333 acutis
3220 1280 3566 1349 anfractibus,

2006 1357 2447 1423 quemadmodum
2478 1363 2807 1421 latitudinem
2839 1369 3040 1424 zodiaci
3070 1371 3296 1439 planetae
3317 1374 3567 1437 evadunt,

2004 1461 2121 1516 quae
2149 1450 2383 1519 subjecta
2415 1455 2583 1508 oculis
2627 1459 2834 1526 pictura
2875 1461 3221 1518 demonstrat.
3279 1465 3384 1518 Sed
3433 1481 3563 1534 quo-

2005 1538 2143 1593 niam
2194 1541 2518 1599 mentionem
2575 1551 2839 1616 quomodo
2887 1552 3160 1610 zodiacum
3205 1556 3571 1625 perambulent

2007 1631 2244 1703 fecimus,
2270 1638 2474 1704 plenius
2503 1641 2625 1697 inde
2646 1645 2902 1701 dicamus.

2535 1734 2608 1790 De
2655 1736 2800 1792 lineis
2829 1738 3044 1794 zodiaci.

326 1811 533 1880 pariter
567 1819 622 1867 et
649 1825 835 1867 mense
864 1812 942 1879 ﬁt,
973 1821 1093 1883 post
1122 1828 1191 1867 LV
1238 1827 1440 1879 annos;
1472 1813 1564 1868 sed
1594 1815 1680 1883 qui
1709 1814 1896 1870 eodem
1929 1785 1978 1846 Β
2073 1817 2252 1874 Venus
2278 1830 2333 1876 et
2385 1821 2506 1878 luna
2554 1827 2620 1880 ad
2670 1830 3031 1886 extremitates
3080 1833 3276 1889 zodiaci
3322 1837 3568 1905 perlatas,

320 1905 501 1973 signo,
525 1919 709 1962 mense
751 1913 806 1961 et
859 1915 1008 1976 parte
1032 1905 1109 1974 ﬁt,
1143 1906 1407 1962 revocatis
1435 1906 1684 1961 omnibus
1731 1907 1898 1962 stellis

320 1999 390 2054 ad
420 1999 654 2069 priorem
679 1999 874 2065 locum,
908 2000 1008 2054 hoc
1029 2008 1131 2067 est,
1160 2009 1280 2070 post
1307 2017 1373 2055 xv
1420 2000 1581 2055 millia
1609 2015 1893 2058 annorum.

785 2094 862 2148 De
889 2094 1067 2148 ordine
1093 2095 1434 2166 planetarum.

393 2189 542 2241 Nunc
563 2187 629 2241 de
654 2186 934 2242 ordinibus
960 2187 1310 2242 disseramus.
1343 2187 1517 2255 Plato,
1545 2203 1771 2259 sequens
1801 2190 1896 2246 IE-

321 2282 557 2352 gyptios,
589 2281 679 2350 qui
707 2283 806 2336 hoc
830 2291 1235 2351 persuaserunt,
1283 2281 1336 2336 in
1388 2284 1628 2351 proxima
1678 2285 1896 2353 regione

311 2385 439 2444 post
460 2375 637 2430 lunam
665 2374 834 2430 solem
866 2374 1095 2430 asseruit
1127 2375 1228 2430 hac
1255 2375 1482 2430 ratione.
1511 2375 1656 2432 Luna
1677 2379 1894 2447 proprio

315 2474 519 2529 lumine
547 2481 715 2539 caret,
735 2472 858 2543 quia
891 2481 1162 2528 mutuatur
1183 2488 1211 2525 a
1235 2472 1370 2528 sole.
1405 2472 1534 2527 Nam
1565 2474 1608 2528 si
1637 2473 1814 2528 Venus
1837 2483 1894 2529 et

309 2562 609 2619 Mercurius
657 2562 732 2618 illi
779 2571 835 2618 et
885 2564 1022 2617 luna:
1077 2562 1563 2632 interponerentur,
1613 2562 1893 2632 aliquando

304 2655 440 2711 solis
479 2655 653 2710 lumen
684 2654 1052 2725 praeriperent.
1105 2654 1259 2709 Ratio
1307 2653 1520 2720 quidem
1565 2669 1732 2723 parva
1781 2662 1886 2720 est,

305 2765 436 2806 nam
458 2750 632 2804 omnis
667 2750 855 2804 umbra
883 2750 1103 2805 minoris
1131 2749 1394 2820 corporis,
1419 2765 1449 2804 a
1477 2749 1665 2818 majori
1690 2750 1891 2806 lumine

302 2851 476 2910 tecta,
511 2849 850 2908 extenuatur,
869 2857 967 2897 nec
1001 2843 1158 2912 longe
1205 2839 1566 2910 protenditur;
1600 2842 1785 2910 sicque
1811 2842 1890 2896 ha:

299 2935 427 2991 dua:
456 2935 584 2989 nihil
615 2935 755 2990 lunae
786 2935 1126 3004 impedirent.
1159 2933 1364 2989 Tullius
1394 2933 1674 2992 Chaldaeos
1705 2934 1882 3002 sequi-

299 3038 412 3093 tur,
447 3027 628 3082 dicens
651 3027 818 3082 solem
844 3028 1076 3081 medium
1108 3027 1441 3096 planetarum
1470 3041 1590 3080 esse
1632 3041 1877 3094 numero,

298 3135 410 3175 nou
435 3121 626 3189 spatio,
657 3137 777 3175 nam
809 3121 928 3191 plus
959 3136 987 3174 a
1017 3121 1356 3179 ﬁrmamento
1380 3136 1586 3190 quanta
1615 3131 1751 3174 terra
1787 3137 1871 3174 re-

293 3212 485 3268 cessit.
535 3213 648 3268 Non
681 3221 858 3268 tamen
901 3228 1158 3282 negamus
1187 3212 1448 3268 Venerem
1478 3223 1532 3268 et
1560 3213 1894 3269 Mercurium"

293 3305 588 3375 aliquando
617 3306 944 3375 superiores,
975 3305 1116 3376 quod
1146 3307 1312 3360 etiam
1340 3305 1574 3361 historia:
1627 3308 1875 3375 probant.

293 3405 538 3460 Iiahetur
565 3405 708 3459 enim
735 3406 788 3458 in
813 3404 1034 3460 historia
1077 3405 1251 3459 Caroli
1280 3405 1421 3474 quod
1469 3405 1762 3459 Mercurius
1783 3420 1880 3474 per

293 3513 491 3552 novem
516 3497 628 3552 dies
649 3497 701 3551 in
725 3497 838 3552 sole
863 3504 1114 3565 tanquam
1137 3496 1344 3551 macula
1367 3505 1669 3566 appareret.
1697 3496 1878 3562 Quan-

290 3595 366 3648 do
396 3607 528 3648 vero
564 3593 846 3648 intraverit
885 3593 974 3648 vel
1017 3592 1263 3658 exiverit,
1314 3593 1480 3647 nubes
1527 3593 1878 3661 perhibebant

291 3684 504 3740 videre.
538 3684 591 3738 ln
628 3683 868 3739 Romana
901 3699 1114 3754 quoque
1146 3683 1366 3738 historia
1396 3684 1610 3750 dicitur,
1635 3686 1877 3755 Augusto

294 3776 508 3831 Caesare
551 3775 694 3831 Julio
721 3774 973 3844 adoptivo
1020 3775 1156 3844 patri
1202 3774 1450 3830 funebres
1480 3779 1763 3846 exsequias
1794 3777 1872 3830 fa-

294 3869 494 3935 ciente,
529 3865 786 3922 Venerem
821 3865 1053 3932 fulsisse,
1084 3882 1239 3935 quam
1265 3869 1380 3936 ejus
1406 3868 1611 3924 stellam
1644 3869 1869 3925 censuit.

296 3960 362 4014 lli
393 3960 497 4016 duo
527 3976 644 4015 eum
675 3960 808 4014 infra
833 3962 1002 4015 solem
1033 3968 1176 4025 sunt,
1222 3960 1364 4014 clare
1393 3961 1638 4014 videntur
1670 3958 1720 4012 in
1753 3975 1870 4015 me-

292 4052 454 4107 ridie.
484 4050 651 4106 Causa
681 4068 809 4108 vero
857 4063 959 4122 est,
985 4053 1104 4122 quia
1137 4062 1262 4107 sunt
1298 4054 1582 4108 viciniores
1613 4064 1786 4122 terra),
1820 4064 1872 4110 et

294 4146 528 4216 majores
554 4156 827 4216 apparent,
863 4162 961 4202 nec
991 4147 1071 4200 sol
1103 4147 1221 4200 illas
1250 4145 1522 4200 obscurat.
1554 4144 1684 4199 Cum
1740 4161 1868 4201 vero

289 4251 454 4305 supra
477 4237 646 4291 solem
669 4246 814 4302 sunt,
839 4239 1053 4292 claritas
1083 4237 1200 4306 ejus
1226 4251 1328 4290 non
1360 4236 1616 4303 permittit
1645 4237 1761 4292 illas
1790 4237 1869 4292 vi-

284 4329 426 4394 deri,
461 4340 706 4400 tanquam
749 4330 858 4400 jam
900 4332 1006 4385 sint
1036 4331 1306 4396 minores;
1334 4344 1456 4384 cum
1487 4330 1690 4385 directe
1737 4345 1866 4400 quo-

283 4436 392 4489 que
419 4422 500 4475 sol
529 4421 649 4476 illas
678 4423 1002 4487 reverberat,
1031 4432 1087 4477 ut
1115 4432 1237 4477 ante
1266 4423 1349 4477 vel
1373 4428 1518 4477 retro
1545 4427 1765 4491 pesitas,
1790 4424 1863 4478 si-

280 4513 482 4568 militer
501 4523 590 4568 aut
621 4514 908 4580 modicum,
943 4523 1034 4568 aut
1065 4514 1284 4568 minime
1309 4514 1571 4568 videntur.

669 4605 948 4661 De‘mediw
975 4608 1111 4661 luna:
1141 4608 1465 4662 obscuritate.

352 4695 431 4750 De
480 4696 602 4750 luna
652 4711 864 4768 quoque
913 4697 1032 4752 talis
1080 4697 1305 4752 habetur
1359 4700 1686 4769 conjectura,
1721 4701 1857 4770 quod

270 4787 347 4841 sit
378 4787 622 4856 qumdam
661 4789 923 4843 nubecula
943 4790 1080 4845 inter
1109 4803 1207 4844 nos
1237 4801 1289 4844 et
1319 4791 1494 4845 lunam
1527 4793 1720 4862 posita,
1755 4795 1855 4848 im—

269 4878 498 4947 pediens
527 4879 680 4935 nobis
712 4882 902 4949 partim
935 4881 1228 4936 claritatem
1261 4883 1429 4948 lunae;
1462 4899 1583 4939 nam
1615 4885 1728 4954 ipsa
1759 4888 1853 4943 ad-

265 4971 629 5026 ministratrix
656 4978 741 5026 est
759 4971 1107 5040 corpulentia:
1140 4984 1243 5027 tam
1287 4975 1652 5042 superioribus
1693 4994 1852 5048 quam

266 5061 640 5131 inferioribus,
691 5073 747 5119 et
783 5065 1084 5119 cribrautur
1137 5066 1208 5121 ibi
1236 5065 1452 5135 quidam
1483 5070 1669 5135 atomi,
1703 5072 1854 5140 cujus

268 5153 589 5223 liquidiores
616 5165 790 5223 partes
822 5170 1032 5210 sursum
1060 5156 1188 5211 dant
1216 5158 1627 5226 corpulentiam.
1662 5162 1853 5217 Sordi-

267 5248 454 5301 diores
481 5257 655 5302 autem
686 5247 768 5302 his
791 5247 1130 5303 inferioribus
1151 5257 1205 5303 et
1231 5248 1448 5304 caducis
1472 5249 1852 5323 infunduntur,

266 5351 324 5394 et
357 5339 429 5394 ibi
446 5352 756 5408 evaporant.
788 5341 990 5396 Lunam
1007 5344 1279 5411 quoquein
1293 5359 1354 5398 ea
1380 5353 1528 5414 parte
1549 5349 1851 5416 aspectibus

266 5434 469 5487 nostris
490 5433 770 5501 subtrahit,
795 5436 1239 5504 quemadmodum
1265 5440 1480 5504 nebula,
1518 5455 1634 5508 quae
1665 5442 1750 5495 ubi
1782 5441 1851 5499 de

263 5525 540 5579 montibus
559 5525 792 5592 exhalat,
829 5527 1002 5581 oculis
1045 5528 1190 5582 illum
1235 5530 1429 5585 nostris
1453 5531 1521 5584 ibi
1548 5533 1844 5590 abscondit.

662 5619 738 5673 De
779 5620 1017 5691 epicyctis
1064 5628 1111 5675 et
1157 5623 1454 5677 intersectis.

331 5710 556 5777 Quando
589 5709 765 5766 Venus
790 5720 847 5766 et
891 5711 1181 5768 Mercurius
1233 5714 1363 5769 solis
1404 5704 1701 5787 vicinitate,
1759 5719 1846 5776 vel

255 5806 581 5875 remotione,
643 5806 944 5875 videantur,
991 5809 1074 5866 vel
1105 5824 1208 5867 non
1262 5810 1568 5869 videantur.
1630 5815 1839 5874 Mercu-

2001 1908 2276 1966 duodecim
2308 1913 2472 1970 lineas
2521 1917 2673 1973 divisi
2706 1923 3038 1989 perveniunt.
3086 1925 3264 1981 Venus
3307 1936 3482 1982 tamen
3515 1929 3568 1982 in

2000 1999 2203 2056 duobus
2261 2009 2548 2062 momentis
2601 2013 2835 2076 excedit,
2883 2013 3175 2073 Mercurius
3233 2027 3357 2073 octo
3407 2021 3572 2076 lineas

1999 2094 2116 2162 ejus
2145 2098 2495 2165 perambulat.
2526 2101 2613 2156 Sol
2662 2102 2793 2158 duas
2843 2106 3041 2161 medias
3067 2117 3270 2172 servat,
3302 2124 3402 2164 nec
3455 2111 3569 2166 illas

1999 2187 2100 2242 nisi
2129 2189 2179 2243 in
2210 2189 2366 2246 L'ibra
2408 2193 2633 2261 excedit,
2681 2196 2822 2252 unde
2867 2198 3084 2254 Ovidius
3132 2220 3143 2253 :
3197 2200 3569 2272 Exspatiantur

1997 2279 2131 2350 equi.
2158 2281 2298 2337 Mars
2318 2294 2543 2352 quatuor
2568 2289 2916 2359 perambulat,
2939 2291 3144 2360 Jupiter
3165 2295 3436 2364 quinque;
3469 2296 3565 2350 sed

1996 2378 2054 2424 et
2077 2371 2128 2424 hi
2170 2373 2493 2443 frequentius
2522 2379 2748 2433 anomali
2782 2379 2928 2435 ﬁunt.
2983 2382 3245 2440 Saturnus
3291 2395 3398 2440 tres
3447 2397 3558 2441 tau-

1998 2470 2130 2518 tum.
2153 2461 2285 2518 Cum
2316 2466 2384 2520 sit
2405 2466 2664 2525 dubitatio
2690 2469 2757 2524 de
2786 2472 2972 2528 ordine
2995 2474 3142 2541 solis,
3168 2475 3430 2542 Mercurii,
3464 2477 3566 2531 Ve-

1997 2556 2156 2622 neris,
2204 2556 2347 2610 nulla
2401 2567 2578 2614 tamen
2626 2569 2708 2616 est
2759 2563 2826 2618 de
2873 2565 3112 2632 caeteris;
3145 2579 3266 2620 nam
3298 2577 3498 2622 tantum
3532 2583 3558 2620 τι

1994 2647 2127 2713 sole,
2159 2658 2212 2702 et
2237 2664 2267 2702 a
2299 2664 2357 2705 se
2385 2650 2611 2707 invicem
2643 2665 3000 2721 recesserunt,
3024 2667 3080 2711 ut
3109 2659 3247 2727 quod
3283 2659 3361 2713 sol
3395 2660 3444 2714 in
3467 2674 3556 2712 an-

1994 2755 2062 2795 no
2093 2743 2315 2810 perficit,
2349 2745 2450 2800 hoc
2490 2745 2628 2801 Mars
2671 2747 2724 2801 in
2747 2747 2976 2818 duobus,
3007 2749 3210 2820 Jupiter
3239 2752 3290 2807 in
3338 2766 3431 2812 xu,
3459 2750 3560 2808 Sa-

1996 2844 2182 2892 turnus
2213 2836 2266 2891 in
2299 2837 2536 2906 triginta.

2555 2929 2632 2986 De
2652 2933 2981 2989 transitoriis.

2062 3020 2298 3089 ipsorum
2329 3036 2536 3092 quoque
2586 3026 2917 3094 planetarum
2948 3025 3038 3081 alii
3078 3035 3200 3082 sunt
3243 3026 3558 3098 hippolitici,

1989 3112 2078 3166 alii
2109 3115 2428 3184 stationarii,
2462 3117 2552 3172 alii
2600 3120 2916 3189 retrogradi,
2948 3120 3035 3175 alii
3081 3122 3328 3176 anomali.
3366 3123 3560 3193 Hippo-

1990 3205 2140 3273 litici,
2172 3207 2224 3261 id
2255 3215 2358 3276 est,
2391 3211 2706 3280 transitorii,
2742 3213 2872 3266 suut'
2893 3213 2982 3282 qui
3005 3212 3069 3268 de
3087 3214 3248 3284 priori
3279 3215 3432 3285 signo
3453 3225 3559 3270 ten-

1983 3297 2114 3353 dunt
2140 3299 2193 3354 in
2218 3300 2500 3369 posterius.
2555 3299 2794 3373 Cumque
2826 3305 2926 3360 hoc
2957 3320 3144 3362 omnes
3175 3307 3292 3362 aliae
3340 3307 3560 3373 faciant,

1983 3397 2249 3464 prmcipue
2275 3395 2354 3450 sol
2384 3405 2436 3450 et
2459 3395 2600 3463 luna,
2632 3398 2705 3451 ita
2732 3399 2872 3453 enim
2918 3400 2972 3453 hi
2994 3414 3038 3456 lt
3091 3401 3160 3456 de
3201 3402 3559 3458 anterioribus

1981 3490 2145 3558 signis
2177 3491 2241 3544 ad
2273 3491 2565 3559 posteriora
2598 3492 2840 3560 tendunt,
2893 3494 3031 3563 quod
3075 3509 3344 3565 nunquam
3391 3504 3554 3563 stent,

1981 3599 2247 3653 nunquam
2276 3586 2746 3654 retrogrediantur.
2801 3586 2856 3642 Si
2879 3588 3070 3657 aliquis
3100 3597 3335 3658 opponat
3384 3589 3551 3646 solem

1979 3677 2289 3746 subsistere,
2323 3681 2442 3746 quia
2489 3680 2606 3748 plus
2653 3682 2703 3734 in
2751 3681 2979 3749 geminis
3023 3690 3266 3737 moretur
3293 3697 3448 3752 quam
3499 3683 3551 3738 in

1978 3768 2278 3839 Sagittario,
2311 3771 2472 3826 dicite
2487 3772 2625 3841 quod
2651 3772 2751 3828 hoc
2774 3774 2967 3828 morari
2998 3789 3101 3828 non
3129 3783 3210 3829 est
3231 3777 3542 3844 subsistere,

1978 3860 2071 3914 sed
2098 3861 2240 3926 quod
2270 3861 2440 3932 majus
2488 3863 2716 3930 spatium
2750 3864 2820 3918 ibi
2846 3863 3037 3919 habeat
3066 3864 3353 3933 complere,
3389 3880 3544 3934 quant

1977 3964 2030 4009 et
2055 3954 2172 4008 aliis
2202 3955 2390 4024 signis,
2419 3956 2511 4009 ubi
2533 3955 2649 4011 axis
2678 3956 2794 4026 ejus
2845 3967 2948 4010 tam
2973 3957 3077 4012 alta
3121 3972 3224 4011 non
3267 3965 3366 4024 est,
3406 3957 3546 4026 quod

1975 4055 2120 4117 patet
2176 4048 2228 4101 in
2281 4049 2654 4103 excentritate.
2689 4048 3001 4104 Stationarii
3041 4059 3162 4104 sunt
3209 4051 3298 4119 qui
3347 4051 3548 4105 diutius

1977 4155 2139 4208 prope
2162 4140 2390 4208 aliquam
2415 4141 2574 4193 lixam
2597 4140 2804 4194 stellam
2826 4141 3094 4208 videntur,
3115 4156 3271 4211 quam
3302 4144 3538 4197 soleant:

1974 4247 2077 4287 non
2105 4233 2318 4303 quidem
2346 4244 2506 4299 stant,
2539 4233 2632 4288 sed
2660 4235 2951 4289 secundum
2992 4251 3183 4290 cursus
3211 4238 3288 4290 sui
3321 4237 3538 4307 ﬁguram

1971 4327 2050 4382 vel
2084 4325 2395 4390 ascendunt,
2421 4327 2503 4380 vel
2535 4326 2888 4395 descendunt,
2913 4336 2966 4382 et
2990 4343 3095 4382 nou
3121 4329 3340 4383 multum
3365 4330 3416 4384 in
3442 4345 3537 4384 na-

1970 4418 2129 4472 turali
2152 4433 2308 4473 cursu
2349 4417 2660 4486 proceduut.
2692 4417 2828 4473 Sunt
2855 4428 3031 4474 autem
3062 4420 3278 4490 legitimi
3304 4423 3536 4490 termini,

1886 4527 1940 4588 D
1972 4508 2023 4564 iu
2053 4509 2244 4578 quibus
2287 4509 2532 4563 videntur
2562 4510 2884 4577 stationarii,
2915 4511 2964 4565 id
2995 4519 3095 4577 est,
3130 4527 3250 4566 cum
3281 4513 3480 4568 distant
3508 4528 3535 4566 a

1967 4603 2083 4658 sole
2112 4616 2205 4670 per
2251 4603 2349 4656 tria
2409 4602 2580 4672 signa,
2617 4603 2704 4658 vel
2753 4618 2846 4672 per
2892 4611 3138 4672 quatuor,
3172 4605 3311 4673 quod
3341 4605 3396 4658 fit
3446 4621 3540 4674 per

1966 4693 2310 4763 triangulum,
2346 4693 2425 4747 vel
2480 4694 2920 4764 quadrangulum,
2966 4694 3019 4748 id
3063 4705 3165 4760 cst,
3197 4696 3248 4750 in
3305 4697 3534 4766 trigono,

1962 4788 2047 4843 vel
2074 4796 2378 4858 tetragono,
2408 4790 2508 4843 hoc
2533 4795 2635 4855 est,
2663 4789 2715 4842 iu
2751 4789 2962 4854 triceto,
3000 4790 3082 4845 vel
3112 4791 3163 4844 in
3195 4791 3531 4860 quadriceto.

1959 4880 2128 4936 Causa
2149 4891 2326 4936 autem
2358 4883 2513 4950 hujus
2541 4881 2784 4937 stationis
2817 4882 3231 4950 perhibeturvsol
3260 4898 3399 4938 esse.
3437 4884 3532 4938 Est

1959 4983 2133 5030 autem
2165 4975 2322 5030 statio
2345 4975 2442 5027 alia
2477 4974 2756 5041 matutina,
2791 4975 2893 5029 alia
2923 4979 3246 5044 vespertina.
3271 4977 3522 5030 Matutina

1957 5078 2059 5133 est,
2092 5082 2211 5122 cum
2243 5077 2366 5122 ante
2395 5077 2570 5121 ortum
2598 5068 2728 5121 solis
2760 5079 2839 5122 est
2869 5068 2919 5122 in
2948 5069 3198 5124 statione.
3236 5069 3304 5125 Et
3333 5077 3516 5124 notau-

1955 5160 2081 5214 dum
2113 5161 2252 5229 quod
2292 5161 2342 5214 in
2396 5163 2697 5229 vespertina
2743 5162 2968 5216 statione
3011 5171 3210 5216 tantum
3259 5162 3388 5215 ﬁunt
3439 5177 3522 5217 re-

1956 5255 2221 5323 trograde.
2261 5253 2414 5306 Verbi
2450 5254 2635 5321 gratia,
2667 5255 2708 5308 si
2732 5253 2939 5325 Jupiter
2961 5257 3028 5310 de
3055 5255 3290 5310 Geminis
3342 5269 3525 5324 proce-

1953 5347 2122 5402 datin
2149 5345 2437 5409 Cancrum,
2467 5354 2522 5400 et
2569 5347 2690 5399 item
2739 5348 2923 5402 redeat
2971 5346 3022 5400 in
3054 5346 3330 5416 Geminos,
3379 5347 3519 5416 quod

1951 5453 2070 5494 cum
2113 5440 2322 5509 quidam
2352 5437 2401 5492 in
2432 5438 2742 5507 quibusdam
2795 5439 2958 5508 signis
2994 5441 3158 5494 semel
3201 5447 3402 5493 tantum
3453 5439 3526 5492 fa-

1950 5535 2111 5597 ciant,
2146 5531 2403 5587 Saturnus
2449 5540 2623 5585 tamen
2652 5545 2863 5599 semper
2889 5529 2970 5584 his
3019 5530 3083 5583 ad
3115 5530 3391 5599 quodlibet
3441 5532 3525 5586 si-

1949 5640 2110 5694 gnum
2161 5623 2476 5692 regreditur,
2527 5631 2584 5677 et
2630 5621 2912 5692 aliquando
2964 5624 3122 5676 tertio
3165 5623 3405 5692 pervenit
3454 5623 3517 5676 ad

1948 5719 2111 5786 idem,
2146 5717 2285 5788 quod
2309 5716 2643 5772 moramsui
2689 5728 2878 5771 cursus
2921 5717 3212 5771 secundum
3267 5719 3520 5787 quosdam

1947 5811 2131 5870 efﬁcit.
2151 5811 2280 5868 Nam
2305 5809 2595 5866 secundum
2617 5807 2751 5864 alios
2773 5808 3077 5880 magnitudo
3091 5811 3294 5867 circuli.
3329 5811 3494 5882 Pytha
