4010 6382
1032 299 1236 358 BEDE
1272 295 1722 355 VENERABILIS
1760 293 1912 353 0P9.
1951 288 2129 349 ΡΑΜ

2251 285 2439 345 sucr.
2477 283 2543 347 tt.
2580 282 2896 341 -—.DUBIA
2934 282 3024 341 ετ
3059 281 3296 340 seum
3503 246 3509 251 ’
3624 292 3697 353 3,,

558 432 715 493 geras
743 427 918 475 autem
944 431 1119 487 usque
1137 414 1512 485 retregradari,
1553 425 1723 480 neque
1760 415 1926 472 mare,
1950 415 2127 474 neque
2152 402 2207 469 Α
2229 398 2397 455 salem
2420 397 2607 466 induit
2634 396 2936 493 obscurari,
2963 402 3018 453 et
3040 395 3332 493 recedentia
3374 397 3421 453 in
3458 399 3704 463 duodecima

560 512 861 569 anomalam
890 509 1119 579 aliquam
1145 521 1266 563 esse
1291 506 1517 569 dicebat,
1542 502 1641 559 sed
1664 514 1853 557 omnes
1874 497 2132 567 ienquah’

560 606 733 675 spatio
757 602 1010 675 temporis
1030 599 1304 670 aequaliter
1323 597 1593 666 complere
1610 596 1840 664 spatium
1863 593 2128 649 locorum.

565 696 844 765 Quomodo
870 692 1183 764 meando
1206 691 1507 759 videantur,
1534 688 1623 743 .vel
1646 686 1982 753 emissario,
2008 700 2133 741 eum

561 799 740 849 tamen
770 805 875 847 non
900 788 1030 853 aint,
1060 784 1597 857 timuerim“.
1628 780 1923 847 Anausin.
1946 778 2000 834 id
2024 786 2127 843 est,

560 886 879 956 tragulam
923 890 1067 945 sunt,
1098 894 1218 935 cum
1266 879 1348 933 vel
1376 876 1595 939 diutius,
1624 874 1707 930 vel
1751 871 1933 939 citius.
1973 872 2134 935 solito

565 986 860 1037 morantur,
885 972 969 1033 vel
996 972 1258 1035 oriuntur,
1284 977 1376 1024 aut
1395 968 1510 1024 initi
1532 967 1693 1025 solito
1710 965 1835 1027 loco
1848 971 2130 1034 apparent,

565 1066 701 1136 quod
728 1081 850 1122 eum
870 1064 990 1120 aliis
1014 1065 1178 1121 etiam
1204 1063 1435 1127 eveniat,
1470 1059 1698 1117 maxime
1745 1066 1922 1117 tamen
1953 1055 2129 1121 Marti,

561 1159 732 1230 quiin
780 1156 1163 1227 posterioribus
1210 1156 1418 1211 duobus
1443 1152 1598 1209 anuis
1644 1165 1910 1220 nunquam
1951 1155 2135 1205 servat

565 1249 736 1319 legem
770 1248 1026 1317 priorum.
1064 1247 1239 1301 Venus
1287 1259 1465 1301 autem
1494 1254 1551 1301 et
1595 1243 1812 1299 Martius
1858 1253 2131 1310 nunquam

560 1340 615 1395 in
646 1341 834 1397 triceto
864 1340 945 1395 uel
970 1340 1022 1399 in
1045 1338 1357 1407 quadriceto
1378 1336 1693 1407 regulariter
1721 1334 1920 1393 distant
1938 1347 1966 1387 a
1991 1332 2130 1393 sole.

562 1447 662 1488 nec
689 1446 719 1486 a
745 1431 999 1491 chronica
1020 1440 1146 1489 ortu
1168 1428 1433 1493 oriuntur,
1460 1436 1551 1483 aut
1579 1425 1847 1489 occidunt,
1870 1424 1994 1494 quia
2022 1436 2132 1477 non

560 1524 677 1591 plus
698 1538 727 1577 a
754 1523 869 1578 sole
897 1522 1099 1583 distant
1123 1536 1283 1589 quam
1318 1519 1494 1579 Venus
1535 1532 1628 1586 per
1649 1516 1857 1585 signum
1886 1524 1940 1571 et
1980 1513 2135 1571 dimi-

564 1614 729 1677 dium,
764 1615 982 1670 Martius
1030 1629 1123 1682 per
1152 1614 1359 1681 signum
1389 1620 1444 1666 et
1469 1611 1601 1669 duas
1626 1619 1802 1678 partes
1830 1606 2005 1672 unius,
2032 1607 2136 1663 ibi-

566 1723 669 1777 que
688 1723 837 1762 suam
855 1706 1298 1761 stationaritatem
1312 1711 1367 1759 et
1382 1702 1895 1773 retrogradationem
1920 1700 2136 1768 patiun-

2234 503 2382 565 μηδ
2402 491 2705 557 illuminari,
2737 499 2790 551 et
2817 490 3023 549 duobus
3037 490 3224 547 diebus
3240 495 3566 557 tantummodo
3594 498 3703 559 latet.

2302 698 2363 752 in
2386 697 2852 757 iutersectionibus
2874 712 3088 767 quoque
3115 697 3319 754 obsides
3332 709 3417 755 aut
3428 695 3711 774 Suntquidan

2234 791 2474 847 tramites
2518 790 2610 861 qui
2659 790 2907 845 dicuntur
2952 799 3043 845 aut
3081 790 3715 867 lragendoperspiras,per

2234 896 2365 953 quas
2392 881 2627 937 stellaria
2658 894 2885 950 corpora
2912 881 3187 947 incedunt,
3234 881 3393 937 iuliae
3432 885 3616 954 triginta
3651 903 3715 943 oe-

2232 975 2502 1030 eultantur
2527 980 2619 1027 aut
2648 973 2847 1041 plures,
2878 972 2974 1029 sed
3002 976 3241 1029 minores
3266 973 3463 1030 diutius.
3505 976 3613 1031 Natu
3637 994 3717 1033 mt-

2230 1066 2376 1136 ieres
2401 1066 2556 1120 citius
2580 1065 2848 1122 videntur.
2870 1066 3139 1135 incipiunt
3155 1076 3324 1122 autem
3346 1068 3604 1135 obscurari,
3627 1086 3717 1128 cum

2230 1160 2315 1214 sol
2335 1157 2402 1213 ab
2420 1158 2594 1226 aliqua
2612 1157 2819 1214 illarum
2834 1157 2972 1213 ultra
2990 1160 3286 1229 quindecim
3303 1171 3465 1229 partes
3482 1161 3720 1221 destituitur

2234 1257 2397 1313 terra,
2426 1248 2566 1318 quod
2597 1249 2698 1304 iter
2716 1248 3019 1318 quindecim
3047 1250 3234 1305 diebus
3263 1252 3475 1320 perficit,
3497 1255 3721 1310 recedens-

2230 1358 2341 1402 ouo
2366 1343 2434 1399 ab
2457 1358 2517 1399 ea
2545 1342 2848 1413 quindecim
2874 1342 3064 1399 diebus
3091 1345 3356 1401 obscurat.

2661 1433 2738 1490 De
2764 1451 3008 1490 suum
3049 1436 3379 1504 planetarum.

2310 1524 2377 1582 Ut
2421 1526 2655 1584 diximus
2696 1542 2857 1597 supra
2883 1528 2936 1583 in
2966 1528 3158 1587 triceto
3203 1530 3284 1584 vel
3330 1529 3606 1600 quadriceto
3645 1535 3726 1587 sole

2234 1618 2568 1688 respiciendo
2597 1620 2847 1704 planetas.
2868 1621 3000 1675 ﬁunt
3025 1622 3368 1676 stationarios
3395 1624 3666 1693 retrogradi,
3689 1635 3727 1678 et

2238 1721 2513 1771 contra'se
2540 1728 2751 1783 quoque
2780 1713 3118 1783 respiciendo
3166 1728 3405 1781 magnum
3432 1714 3521 1768 sibi
3549 1711 3729 1783 prebeat

568 1774 686 1865 tur;
720 1798 936 1869 propius
973 1809 1149 1854 autem
1193 1798 1359 1852 videri
1402 1805 1623 1866 possunt
1664 1792 1946 1864 aliquando
1973 1807 2134 1859 supra
2162 1774 2214 1835 Β
2241 1774 2585 1860 consensum.
2617 1774 2749 1859 ut...
2781 1774 2899 1861 0...;
2930 1806 3162 1862 salubris
3188 1774 3445 1861 salubrem
3480 1774 3729 1873 respexerit,

562 1890 721 1947 simul
747 1900 802 1946 et
830 1889 984 1955 infra,
1013 1889 1171 1944 simul
1202 1898 1365 1954 retro,
1399 1885 1492 1942 aut
1524 1896 1683 1949 ante;
1734 1885 1876 1941 unde
1899 1895 1955 1941 et
2001 1885 2137 1943 duos

562 1981 839 2039 Luciferos
862 1982 1101 2039 videmur
1130 1980 1325 2035 habere
1354 2019 1370 2045 ,
1402 1979 1650 2037 similiter
1686 1978 1822 2033 duos
1850 1978 2133 2047 Hesperos,

561 2089 685 2131 cum
714 2088 840 2129 vero
872 2072 1167 2129 Mercurius
1212 2081 1338 2125 ante
1376 2079 1479 2136 est,
1516 2069 1751 2131 vindicat
1786 2068 1892 2131 sibi
1936 2079 2137 2131 nautea

560 2166 810 2225 Luciferi.
845 2164 1022 2223 Venus
1044 2173 1220 2221 autem
1246 2174 1331 2218 est
1354 2177 1546 2221 nomen
1572 2172 1805 2229 natura,
1832 2161 1887 2219 id
1908 2170 2011 2228 est,
2043 2173 2141 2223 ne:

564 2263 828 2329 turaliter,
853 2262 1150 2332 ubicunque
1175 2261 1289 2317 haec
1308 2262 1462 2317 stella
1490 2268 1594 2325 est,
1620 2259 1799 2317 Venus
1819 2258 2138 2328 appellatur.

564 2352 695 2411 Cum
729 2369 856 2411 vero
884 2354 1057 2411 solem
1086 2353 1340 2422 praecedit
1367 2353 1421 2408 in
1449 2363 1590 2417 ortu,
1642 2352 1857 2411 Lucitas
1902 2350 2138 2415 dicitur;

563 2458 683 2501 cum
706 2446 817 2500 sole
839 2446 1116 2503 occidente
1140 2450 1465 2513 apparuerit,
1492 2444 1779 2513 Hesperus,
1805 2443 1888 2500 vel
1913 2442 2136 2510 Vesper,

562 2548 719 2594 etest
749 2540 943 2594 nomen
964 2538 1146 2593 officii.
1174 2537 1365 2593 Dicunt
1388 2553 1601 2608 quoque
1622 2537 1849 2593 Aristet.
1894 2545 1953 2592 et
1996 2535 2143 2591 Peri-

567 2632 778 2701 patetici
806 2632 1030 2689 naturali
1055 2647 1215 2689 cursu
1258 2632 1393 2687 volvi
1419 2633 1657 2701 planetes
1685 2646 1809 2687 cum
1831 2630 2140 2689 firmamen-

564 2737 642 2794 to,
672 2727 765 2782 sed
805 2743 992 2783 orntus
1028 2728 1297 2783 celeritate
1324 2727 1498 2798 ipsius
1542 2726 1830 2796 praeteriri.
1872 2726 2135 2781 Saturnus

571 2818 622 2872 in
652 2824 855 2871 tantum
887 2833 1006 2873 cum
1033 2818 1153 2887 ejus
1175 2819 1450 2873 celeritate
1471 2818 1764 2881 contendit,
1809 2817 1951 2886 quod
2000 2816 2140 2873 intra

566 2908 698 2964 duos
725 2924 894 2964 annos
934 2919 989 2965 et
1018 2910 1295 2967 dimidium
1328 2909 1478 2967 illum
1518 2910 1786 2978 prmccdat
1837 2909 2143 2964 ﬁrmamen-

568 3010 677 3059 tum
702 3002 864 3069 auius
890 3009 1090 3059 tantum
1120 3002 1256 3071 signi
1290 3000 1634 3072 longitudine.

1244 3094 1317 3153 De
1337 3105 1472 3151 ortu.

640 3187 944 3247 Notandum
974 3204 1183 3259 quoque
1207 3189 1348 3259 quod
1391 3200 1537 3249 ortus
1559 3189 1697 3244 alius
1744 3186 2054 3253 matutinus,
2079 3200 2142 3243 s-
2179 3186 2187 3207 ’

562 3281 675 3341 lius
695 3284 1049 3352 vespertinus.
1086 3284 1399 3350 Hatutinus,
1416 3284 1510 3340 ubi
1530 3283 1706 3352 aliqua
1729 3281 1880 3339 stella
1904 3283 2034 3338 satis
2054 3297 2145 3338 or-

564 3382 679 3430 tum
732 3376 987 3444 prmeedit
1032 3384 1149 3445 post
1202 3376 1431 3433 mediam
1474 3385 1732 3445 noctem;
1782 3377 2142 3446 vespertinus,

565 3468 659 3531 ,ubi
692 3478 811 3536 post
832 3483 1083 3533 occasum
1125 3469 1254 3525 solis
1280 3468 1454 3537 aliqua
1482 3470 1638 3527 stella
1664 3469 1991 3540 apparuerit.
2054 3469 2147 3525 Est

568 3569 832 3629 praeterea
862 3570 1010 3623 ortus
1051 3560 1183 3617 alius
1214 3561 1538 3627 mundanus,
1565 3561 1701 3619 alius
1730 3559 1986 3628 heliaous,
2010 3560 2147 3617 alius

570 3652 914 3705 achronicus.
944 3652 1242 3719 “undantis
1287 3661 1390 3717 est,
1419 3667 1541 3706 cum
1589 3652 1655 3709 de
1700 3653 1937 3709 inferiori
1978 3652 2151 3715 hemi-

572 3741 806 3811 sphaerio
833 3744 886 3798 in
911 3742 1154 3811 superius
1176 3742 1354 3812 aliqua
1382 3744 1536 3799 stella
1567 3746 1867 3805 emerserit.
1896 3744 2149 3811 Reliquus

575 3844 678 3899 est,
708 3849 828 3888 cum
855 3835 931 3891 sol
964 3834 1219 3893 recedens
1249 3836 1318 3893 ab
1351 3832 1525 3904 aliqua
1554 3836 1712 3893 stella
1742 3836 2005 3909 permittit
2029 3850 2146 3897 eam

572 3928 760 3984 videri.
789 3929 1075 3995 Acronius,
1105 3944 1225 3985 cum
1246 3928 1429 3998 aliqua
1459 3930 1636 3996 stella,
1668 3931 1752 3987 vel
1794 3929 1960 3999 sidus,
2006 3930 2151 3987 occi-

572 4021 673 4088 dit,
705 4032 756 4077 et
786 4024 1086 4092 oppositum
1114 4023 1256 4079 illius
1276 4038 1377 4092 per
1402 4021 1726 4081 diametrum
1749 4024 1944 4083 oritur.
1976 4022 2148 4081 Chro-

576 4130 674 4171 nos
702 4126 877 4171 autem
910 4124 1119 4186 tempus
1147 4118 1546 4184 interpretatur.

1210 4206 1286 4265 Ds
1310 4222 1518 4269 occasu.

647 4303 877 4359 Occasus
905 4317 1117 4373 quoque
1158 4304 1298 4359 alius
1348 4303 1667 4370 mundanus,
1719 4302 1853 4365 alitis
1874 4301 2145 4368 bellantis,

578 4393 715 4451 alius
735 4394 1068 4449 achronicus.
1121 4394 1417 4451 nuntiantis
1446 4404 1547 4461 est,
1574 4409 1697 4453 cum
1747 4394 2010 4463 superior-ti
2056 4394 2150 4453 be.-

2240 1904 2462 1965 eugetur
2514 1896 2834 1962 salubritas;
2866 1898 2913 1952 si
2944 1898 3170 1953 adversa
3225 1896 3520 1962 adversam,
3569 1907 3732 1968 augetur

2238 1988 2533 2045 adversitas
2557 2008 2573 2056 ;
2595 1990 2637 2044 si
2655 1988 2886 2045 salubris
2898 1988 3198 2054 adversam,
3229 1989 3313 2044 vel
3332 2005 3362 2043 e
3391 2004 3633 2055 converso,
3657 1990 3727 2043 nti-

2243 2080 2423 2135 nuitur
2469 2088 2818 2150 utrarumque
2847 2080 3093 2137 eil‘ectus.
3149 2081 3434 2137 Mercurius
3458 2090 3622 2147 autem,
3646 2081 3733 2148 quia

2240 2181 2324 2231 est
2352 2172 2679 2239 indill'erens,
2710 2174 2832 2243 plus
2866 2183 3042 2228 tamen
3068 2174 3246 2227 bonus
3277 2188 3425 2241 quant
3450 2172 3731 2237 malus,sem—

2242 2278 2338 2334 per
2358 2264 2477 2323 talis
2500 2264 2752 2332 efficitur,
2782 2267 2957 2336 qualis
2991 2265 3082 2321 illa
3122 2279 3284 2335 quam
3325 2266 3543 2333 respicit,
3568 2274 3612 2319 et
3627 2263 3736 2333 ejus-

2232 2358 2364 2423 dem
2390 2358 2611 2423 coloris.
2658 2358 2793 2413 Nam
2820 2360 2865 2418 si
2893 2358 3176 2417 adversam
3204 2359 3509 2428 respexerit,
3550 2366 3674 2422 auget
3698 2363 3736 2409 et

2240 2449 2505 2507 accelerat
2555 2450 2699 2511 illius
2755 2452 3181 2519 proceritatem;
3221 2450 3269 2506 si
3307 2464 3427 2505 vero
3472 2460 3735 2521 prosperam,

2234 2552 2400 2612 auget
2425 2551 2481 2597 et
2502 2543 2766 2599 accelerat
2788 2543 2908 2613 ejus
2936 2542 3353 2608 adversitatem;
3387 2541 3493 2610 plus
3520 2548 3658 2597 tamen
3679 2546 3738 2590 est

2240 2636 2587 2699 accommoda
2615 2638 2974 2707 prosperitati.

2832 2729 2911 2787 De
2944 2728 3244 2787 domiciliis.

2315 2823 2373 2881 Si
2403 2823 2454 2879 in
2486 2822 2710 2894 singulis
2737 2821 3021 2879 domiciliis
3070 2820 3269 2892 singuli
3312 2819 3523 2889 planetu
3558 2826 3736 2871 necesse
3816 2856 3824 2867 .

2241 2917 2375 2982 rint,
2402 2914 2685 2984 plurimum
2712 2913 2816 2969 sibi
2846 2912 3247 2982 obsequuntur.
3282 2909 3406 2969 Illud
3428 2918 3581 2967 autem
3618 2904 3740 2959 domi-

2245 3008 2425 3069 cilium
2473 3005 2758 3077 cujuslibet
2809 3004 2929 3060 dico
2980 3004 3311 3075 principale,
3354 3004 3403 3057 in
3439 3014 3533 3072 quo
3578 2996 3739 3068 quilibet

2254 3099 2464 3168 planeta
2491 3098 2544 3152 in
2574 3096 2778 3165 origine
2806 3094 2987 3150 mundi
3029 3103 3280 3165 repertus
3308 3102 3405 3149 est.
3434 3092 3563 3146 Luna
3585 3087 3739 3159 quidem

2252 3198 2307 3246 et
2327 3189 2404 3246 sol
2427 3188 2635 3259 singula
2667 3187 2865 3247 habent
2894 3186 3188 3257 domicilia,
3221 3187 3313 3243 sed
3340 3184 3541 3256 quilibet
3561 3181 3615 3235 de
3631 3180 3743 3235 certis

2248 3280 2504 3349 quinque,
2534 3279 2732 3341 habent
2751 3279 2857 3333 duo
2878 3294 3044 3345 unum
3066 3278 3459 3337 secundarium.
3486 3276 3532 3330 In
3551 3269 3744 3345 principio

2242 3373 2430 3443 itaque
2457 3372 2640 3429 mundi
2673 3373 2800 3433 luna
2838 3370 2934 3435 fuit
2969 3373 3021 3427 in
3055 3370 3290 3441 Cancro,
3315 3386 3426 3444 qua:
3450 3382 3553 3424 cum
3577 3363 3745 3421 constel-

2242 3468 2449 3525 latione
2475 3483 2570 3524 sua
2614 3482 2826 3538 semper
2855 3466 2993 3523 bona
3025 3468 3333 3537 portendat,
3365 3463 3599 3536 praecipue
3623 3469 3745 3512 tamen

2243 3561 2477 3625 Cancro.
2509 3560 2564 3617 Si
2594 3560 2763 3619 solem
2814 3573 2995 3619 secum
3041 3559 3319 3626 habuerit,
3356 3560 3683 3617 incrementum
3711 3554 3747 3601 et

2250 3653 2636 3723 corpulentiam
2664 3652 2826 3713 rebus
2861 3650 3094 3719 maxime
3118 3650 3371 3717 infundit,
3400 3647 3526 3719 quod
3549 3647 3591 3699 in
3613 3636 3745 3696 florida

2243 3755 2437 3805 testate
2463 3744 2748 3817 patethol
2776 3759 2909 3800 uero
2936 3753 3185 3814 repertus
3218 3743 3313 3799 fuit
3340 3742 3390 3797 in
3415 3740 3588 3799 Leone,
3612 3735 3653 3788 in
3674 3743 3747 3801 quo

2246 3837 2518 3911 pracipue
2567 3845 2860 3906 potestates
2904 3850 3028 3890 suas
3075 3836 3321 3907 designat
3368 3824 3740 3891 siccitateetler-

2246 3945 2403 3999 rore,
2428 3930 2571 3987 unde
2599 3941 2652 3986 et
2675 3929 3006 3987 caniculares
3035 3929 3155 3987 dies
3183 3937 3308 3985 sunt
3331 3928 3444 3983 aliis
3480 3917 3739 3979 fervidiores.

2250 4035 2311 4085 ut
2336 4026 2449 4087 sole
2472 4028 2738 4083 existente
2760 4026 2812 4089 in
2832 4040 2929 4079 suo
2958 4016 3256 4080 domicilio.
3286 4019 3598 4079 Cauiculares
3618 4019 3745 4066 autem

2253 4119 2369 4175 dies
2393 4118 2639 4179 dicuntur
2659 4133 2688 4172 a
2717 4117 2984 4182 canicula,
3016 4132 3177 4185 quam
3221 4125 3345 4171 tunc
3385 4108 3637 4183 ingreditur
3676 4097 3746 4154 sol-

2255 4211 2565 4277 Hetcttrius,
2591 4212 2734 4266 sicut
2760 4209 3004 4275 infirmus
3032 4209 3295 4274 omnium,
3346 4208 3550 4279 primum
3585 4195 3751 4254 obtinuit

2252 4302 2593 4373 electionem,
2624 4304 2884 4376 elegitque
2903 4303 2971 4358 ab
2996 4301 3434 4363 antecedentibus
3469 4296 3652 4354 Canem,
3677 4283 3750 4339 Ge-

2262 4397 2464 4463 minos;
2502 4411 2533 4452 a
2557 4396 3027 4465 consequentibus,
3084 4394 3343 4460 Leonem,
3394 4387 3642 4459 Virginem,
3682 4378 3749 4430 hac

583 4483 891 4551 mlSplllBI'lO
922 4486 974 4539 in
1004 4484 1222 4543 interius
1252 4486 1499 4555 qualibet
1524 4487 1683 4543 stella
1708 4486 2001 4543 descendit.
2046 4486 2156 4543 He-
2184 4501 2240 4567 ι)
2267 4492 2494 4556 ratione,
2529 4499 2582 4545 ut
2613 4490 2682 4544 ibi
2712 4489 2852 4557 quod
2883 4489 3041 4543 vellet
3091 4488 3394 4557 designaret
3444 4471 3750 4567 Ρτίοθίίλῗψθτῖ

578 4578 761 4642 liacus,
786 4593 906 4633 cum
936 4579 1037 4647 sol,
1069 4578 1135 4634 ad
1179 4579 1413 4649 aliquam
1438 4580 1647 4639 stellam
1679 4582 1966 4650 accedens,
1992 4581 2147 4637 illam

578 4671 745 4725 videri
777 4685 881 4725 non
913 4672 1188 4739 permittit.
1215 4672 1506 4727 Acronicus
1533 4681 1637 4738 est,
1670 4688 1790 4729 cum
1815 4672 1992 4743 aliqua
2012 4673 2150 4729 stel-

579 4763 629 4820 la
654 4763 734 4821 vel
775 4762 982 4831 signum
1030 4764 1244 4827 accidit,
1276 4774 1334 4821 et
1379 4764 1679 4834 oppositum
1709 4762 1785 4820 illi
1812 4779 1913 4835 per
1939 4766 2155 4823 diame-

580 4865 720 4913 trum
750 4854 945 4911 oritur.

1002 4945 1081 5003 De
1103 4948 1435 5003 occultatione
1450 4947 1736 5003 stellarum.

651 5039 780 5097 Cum
829 5039 1163 5097 occultantur
1191 5041 1382 5106 stellae,
1413 5040 1524 5095 sive
1553 5055 1583 5096 a
1613 5040 1749 5105 sole,
1781 5041 1894 5099 site
1920 5041 1992 5097 ab
2010 5040 2158 5095 absi-

580 5133 733 5188 dibus
756 5132 890 5198 suis,
913 5146 1019 5189 non
1047 5141 1223 5187 tamen
1249 5147 1439 5189 omnes
1465 5134 1575 5202 pari
1606 5131 1780 5202 spatio
1801 5132 2156 5189 occultantur.

581 5224 711 5301 bam
759 5226 1019 5279 Saturnus
1046 5239 1189 5281 cur:
1220 5224 1409 5280 diebus
1435 5224 1501 5278 ad
1544 5224 1713 5296 majus
1742 5224 2059 5292 occultatur,
2094 5218 2163 5281 ad

582 5319 756 5371 minus
800 5332 927 5373 vero
962 5333 997 5375 ι
1037 5326 1265 5373 tantum.
1308 5316 1515 5385 Jupiter
1560 5334 1724 5375 XXXVI
1753 5318 1818 5374 ad
1849 5318 2048 5387 majus,
2094 5316 2159 5373 ad

583 5409 760 5467 minus
789 5424 841 5475 ι,
874 5409 1138 5465 similiter.
1173 5399 1310 5469 Mars
1342 5419 1521 5465 autem
1567 5410 1844 5471 anomalus
1874 5418 1977 5466 est.
2011 5408 2164 5466 Unde

584 5503 635 5555 iu
667 5502 842 5558 Gestis
869 5502 1045 5558 Caroli
1076 5517 1169 5573 per
1201 5504 1463 5575 integrum
1489 5517 1685 5561 annum
1718 5505 1883 5560 latere
1912 5504 2164 5572 perhibe-

586 5603 690 5650 tur.
738 5594 915 5650 Yenus
954 5606 1132 5652 autem
1178 5612 1306 5653 nutu
1354 5596 1544 5653 diebus
1570 5595 1640 5652 ad
1666 5595 1858 5666 majus,
1890 5598 1955 5657 ad
1989 5597 2166 5653 minus

584 5695 761 5743 autem
777 5702 874 5743 ut.
888 5687 1177 5745 let-curius
1188 5689 1254 5745 ad
1269 5688 1440 5760 majus
1459 5703 1543 5747 xrn
1559 5688 1768 5753 diebus,
1787 5689 1853 5743 ad
1877 5689 2053 5747 minus
2067 5702 2165 5743 xu.

585 5777 741 5855 Luna
765 5782 1064 5843 accedentia
1085 5784 1137 5839 in
1153 5782 1465 5841 duodecima
1484 5791 1635 5851 parte
1653 5781 1793 5852 signi
1811 5782 1968 5841 unius
1983 5790 2168 5851 contra

2254 4582 2457 4639 Tamen
2480 4584 2521 4636 si
2548 4581 2926 4651 hospitalitatis
2946 4594 3105 4637 causa
3127 4578 3269 4634 alius
3288 4578 3488 4648 planeta
3511 4568 3604 4624 illic
3623 4560 3754 4616 fuisse!

2255 4680 2548 4748 ingressus,
2580 4675 2717 4731 dixit
2741 4688 2800 4729 se
2822 4673 2957 4729 velle
2987 4674 3059 4727 illi
3088 4672 3312 4737 obsequi
3335 4668 3503 4723 colore
3527 4669 3574 4716 ct
3594 4652 3751 4712 elleclu.

2259 4771 2458 4837 Yenus,
2493 4770 2568 4824 uti
2598 4768 2845 4837 proxima
2868 4766 3010 4827 loco,
3037 4763 3336 4835 proximam
3359 4759 3473 4815 fecit
3492 4748 3755 4810 electionem.

2256 4871 2312 4921 et
2333 4863 2403 4919 ab
2429 4857 2867 4921 antecedentibus
2910 4856 3071 4923 elegit
3112 4854 3379 4915 Taurum,
3420 4863 3449 4902 a
3476 4847 3757 4933 consequitur.

2258 4959 2398 5017 tibus
2447 4954 2682 5020 Libram,
2734 4951 2918 5007 eadem
2970 4922 3199 5013 ratione,
3239 4954 3296 5001 ut
3322 4958 3443 5000 suos
3490 4936 3674 4994 effectus
3708 4922 3758 4976 illi

2256 5050 2668 5109 demonstraret.
2694 5043 2754 5098 Si
2782 5056 2913 5098 vero
2937 5041 3109 5097 malus
3168 5042 3384 5107 planetu
3426 5032 3542 5089 illuc
3575 5021 3756 5116 intraret,

2260 5142 2423 5199 “uel
2467 5139 2540 5195 ίω
2577 5136 2869 5202 “ﬂeturi.
2898 5145 2953 5195 οι
2980 5149 3075 5193 sua
3098 5132 3460 5203 prosperitate
3503 5124 3623 5177 vires
3661 5109 3760 5167 ιιιίυε

2258 5236 2525 5299 minuere.
2567 5228 2833 5300 νεωσὶριιθ
2872 5228 3077 5285 habens
3120 5223 3462 5288 Mercurium,
3499 5213 3762 5309 vellet

2262 5328 2438 5385 lerare
2466 5336 2739 5393 prospera.
2767 5322 2900 5377 Cum
2924 5335 3054 5381 vero
3086 5320 3282 5377 bonum
3314 5331 3407 5371 sua
3432 5306 3760 5369 constellatione

2262 5420 2551 5490 plurimum
2581 5416 2843 5485 designet,
2868 5411 3134 5483 praecipue
3165 5420 3345 5467 ιαωεη
3367 5407 3433 5463 de
3459 5400 3585 5459 ίθίίεί
3610 5402 3758 5494 ⁰⁰¹ἷ¹¹“ἶ

2262 5515 2357 5575 hic
2380 5511 2825 5582 iucundissimum
2857 5510 3052 5578 pignus
3078 5503 3256 5561 aii‘ert.
3286 5502 3359 5556 Ea
3393 5507 3583 5569 quoque
3602 5490 3763 5582 ratione

2268 5577 2410 5661 Mars
2457 5603 2691 5658 Arietem
2732 5609 2786 5655 et
2823 5577 3170 5668 Scorpionem
3224 5594 3407 5665 elegit,
3452 5597 3503 5641 ut
3545 5577 3762 5675 maximam

2264 5697 2549 5770 portendat
2573 5694 2978 5761 adversitatem,
3007 5699 3063 5747 et
3092 5688 3360 5760 pracippe
3384 5674 3673 5770 ﬂagrantiam
3708 5676 3764 5770 Ill‘

2269 5765 2433 5855 δίου·
2479 5793 2685 5865 ιυρῖια
2736 5789 2917 5862 pisces
2934 5799 2995 5853 μ
3018 5786 3349 5859 sagittarium
3389 5775 3550 5848 elegit,
3580 5765 3651 5835 qui
3672 5768 3765 5817 ιω·
