4010 6382
230 369 340 435 898

1507 378 1723 443 MUNDI
1762 376 2244 443 CONSTITUTIO.

3388 397 3496 467 804

229 497 447 567 peratur
467 490 536 555 de
554 491 813 567 adversis,
838 504 1062 569 augetur
1082 513 1109 555 a
1133 498 1424 570 prosperis,
1458 496 1587 555 Cum
1619 496 1807 552 Martio
1838 496 1888 565 Α
1914 492 2037 550 inde
2062 509 2232 580 annus
2263 496 2585 571 bissextilis;
2617 503 2771 579 quod.
2799 518 2929 562 vero
2972 506 3259 579 liquescat,
3286 511 3358 567 ita
3381 513 3494 571 dis-

226 583 491 643 accelerat
528 586 594 639 ad
626 586 880 649 bonitatis
925 606 1035 649 sua:
1089 591 1304 658 indicia,
1334 592 1402 647 de
1432 591 1574 649 felici
1614 606 1808 662 regno-

226 688 347 730 rum
376 687 569 733 eventu
592 677 848 749 disponit.
877 680 1140 741 Saturnus
1162 687 1268 743 duo
1288 685 1536 741 continua
1554 685 1807 757 obtinuit,

226 767 453 833 scilicet,
477 769 766 842 Aquarium
786 783 838 828 et
857 775 1263 844 Capricornum,
1288 791 1408 833 cum
1435 778 1587 835 bonis
1605 779 1807 853 mitior,

224 873 347 919 cum
374 861 771 933 malisszcvior,
799 880 920 923 cum
954 868 1215 925 Mercurio
1242 870 1292 924 in
1323 869 1639 926 crudelitate
1665 870 1810 927 cele-

224 951 360 1019 rior,
404 954 651 1025 interque
700 959 871 1014 malas
915 960 1313 1035 designationes
1340 963 1534 1035 frigore
1559 972 1616 1021 et
1642 964 1807 1021 nimia

223 1044 512 1117 asperitate
554 1048 805 1106 abundat.

726 1141 804 1199 De
839 1145 1032 1217 [rigore
1067 1147 1307 1205 Saturni.

290 1229 387 1285 Est
405 1240 584 1287 autem
607 1235 746 1290 inter
765 1251 953 1292 omnes
972 1240 1216 1309 planetas
1238 1240 1501 1299 Saturnus
1528 1240 1807 1311 frigidissi-

224 1337 368 1393 mus,
401 1327 552 1399 cujus
582 1330 763 1399 plures
792 1346 970 1387 causa:
996 1331 1292 1389 redduntur
1316 1334 1641 1404 fabularum,
1683 1335 1805 1407 quia

215 1428 386 1472 scaex
437 1419 538 1475 fuit
582 1423 797 1495 quidem
851 1424 956 1483 'vir.
1005 1426 1175 1489 Senes
1222 1438 1399 1489 autem
1438 1438 1561 1487 sunt
1598 1429 1805 1500 frigidas

214 1515 445 1579 naturae,
498 1513 638 1571 unde
660 1525 713 1569 et
736 1514 927 1587 flegma
959 1517 1009 1573 in
1031 1518 1109 1577 eis
1138 1517 1393 1587 abundat,
1438 1521 1577 1590 quod
1624 1520 1805 1578 hieme

213 1602 433 1657 crescit.
463 1602 556 1659 Vel
589 1605 710 1661 ideo
741 1606 962 1676 frigidus
989 1607 1317 1680 perhibetur,
1375 1612 1500 1681 quia
1554 1613 1804 1669 remotis-

212 1691 389 1749 simus
434 1697 556 1761 sita
585 1701 727 1775 sole,
768 1704 853 1757 vel
894 1706 1021 1781 quia
1051 1705 1131 1763 sol
1161 1706 1465 1785 in'Saturni
1514 1706 1803 1767 domiciliis

211 1789 444 1856 positus,
478 1793 868 1850 remotissimus
894 1806 978 1852 est
1005 1813 1035 1853 a
1063 1799 1237 1868 nobis,
1285 1808 1410 1863 tunc
1426 1802 1555 1871 quia
1604 1802 1803 1874 frigore

1910 603 2191 661 ponamus.
2236 591 2328 649 Sol
2359 595 2411 649 in
2436 596 2698 669 principio
2722 598 2903 655 arietis
2924 614 3045 659 esse
3064 611 3313 677 ponatur,
3347 606 3491 664 idem

1912 689 2032 752 post
2057 696 2260 741 CCCLXV
2308 685 2420 741 dies
2450 686 2587 744 adeo
2621 688 2830 745 vicinus
2859 691 2962 747 erit
2990 692 3164 750 eidem
3195 696 3328 767 parti
3354 699 3492 754 arie-

1912 774 2001 840 tis,
2033 776 2175 846 quod
2204 779 2249 832 si
2279 777 2452 833 adhuc
2481 794 2580 835 sex
2612 779 2759 836 horae
2789 791 3072 850 restarent,
3101 787 3342 842 eamdem
3368 804 3493 860 par-
3536 782 3542 787 ’

1912 873 2020 921 tem
2064 869 2370 938 attingeret.
2403 869 2481 927 De
2508 872 2715 941 reliquo
2769 872 3054 948 diligenter
3106 879 3488 937 animadverte.

1910 956 1968 1012 In
1994 967 2105 1014 toto
2125 975 2222 1015 suo
2235 962 2438 1015 ambitu
2462 960 2543 1034 (ut
2564 962 2823 1036 diximus)
2845 974 3048 1022 tantum
3067 970 3293 1039 spatium
3318 972 3489 1043 ponit.

1912 1046 2204 1105 Videamus
2227 1052 2386 1121 igitur
2415 1055 2665 1131 primum,
2698 1057 2990 1113 secundum
3041 1061 3299 1130 aequalem
3347 1077 3494 1118 com-

1909 1144 2263 1213 putationem,
2308 1155 2563 1216 quantum
2606 1147 2658 1203 in
2689 1150 2911 1220 singulis
2954 1152 3118 1223 signis
3149 1162 3330 1223 ponat.
3360 1153 3492 1211 Nam

1909 1235 2199 1290 secundum
2244 1241 2591 1313 compotistas
2624 1240 2676 1295 in
2705 1243 2943 1312 quolibet
2988 1245 3143 1315 signo
3189 1247 3336 1312 ponit
3384 1261 3493 1303 xxx

1909 1326 2024 1383 dies
2055 1337 2160 1384 etx
2188 1328 2350 1385 horas
2378 1341 2427 1385 et
2461 1332 2760 1399 dimidiam,
2804 1344 2859 1391 et
2896 1350 2960 1391 ex
3005 1334 3088 1392 his
3132 1336 3199 1392 ad
3250 1337 3491 1393 eamdem

1908 1434 2178 1475 summam
2212 1423 2434 1480 redibis.
2468 1424 2600 1479 Nam
2649 1426 2934 1489 duodecies
2983 1445 3091 1484 xxx
3139 1440 3262 1485 sunt
3305 1446 3491 1497 cccu,

1908 1512 2201 1569 duodecies
2229 1530 2262 1570 x
2292 1519 2437 1572 horae
2462 1517 2664 1572 faciunt
2689 1521 2927 1589 quinque
2958 1520 3092 1587 dies,
3117 1530 3174 1577 et
3202 1523 3493 1579 duodecies

1908 1601 2127 1657 dimidia
2154 1601 2278 1660 facit
2310 1605 2659 1674 quadrantem
2693 1624 2707 1661 :
2738 1622 2867 1664 ecce
2895 1610 3084 1666 eadem
3113 1627 3339 1668 summa.
3374 1612 3491 1668 Phi~

1913 1687 2123 1766 losopbi
2168 1713 2315 1765 vero,
2361 1700 2437 1753 rei
2479 1701 2759 1756 veritatem
2807 1705 3256 1774 contemplantes,
3307 1707 3493 1777 depre-

1907 1788 2208 1849 henderunt
2238 1791 2405 1846 solem
2436 1791 2554 1860 plus
2586 1796 2636 1847 in
2672 1809 2777 1849 uno
2808 1796 2985 1865 signo,
3018 1806 3072 1849 et
3100 1797 3275 1851 minus
3305 1798 3356 1852 in
3388 1799 3493 1853 alio

211 1882 526 1957 premimur.
579 1886 713 1941 cum
759 1904 887 1945 νει-ο
925 1891 977 1945 in
1025 1892 1137 1947 suis
1189 1893 1477 1955 domiciliis
1543 1895 1806 1955 Saturnus
1835 1876 1884 1941 Β
1910 1878 2181 1935 immorari
2200 1881 2233 1947 ;‘
2254 1883 2394 1937 unde
2419 1882 2471 1937 in
2502 1884 2744 1939 Geminis
2775 1886 2909 1940 duos
2941 1887 3057 1942 dies
3096 1902 3257 1958 super
3295 1904 3396 1946 xxx
3441 1899 3495 1946 et

219 1986 340 2027 cum
395 1975 511 2031 sole
550 1979 759 2053 positus
798 1982 975 2049 fuerit,
1023 1985 1390 2055 gravissimam
1432 1988 1555 2047 facit
1597 1988 1809 2060 frigoris

216 2063 516 2134 uredinem,
565 2085 665 2125 nec
706 2072 862 2135 aliter
902 2083 985 2130 est
1014 2075 1260 2145 frigidus,
1287 2078 1394 2133 nisi
1423 2093 1516 2148 per
1537 2079 1807 2137 effectum.

212 2152 351 2212 Mala
377 2159 519 2214 enim
540 2164 951 2227 constellatione
972 2182 1068 2225 sua
1092 2177 1281 2225 enecat
1305 2170 1571 2239 homines,
1603 2171 1809 2229 enecati

219 2262 349 2305 vero
414 2262 540 2308 sunt
589 2254 783 2329 frigidi,
816 2260 902 2315 vel
946 2261 1119 2327 aliter,
1160 2263 1282 2333 quia
1334 2267 1809 2335 supercmlestibus

210 2341 366 2410 aquis
406 2343 763 2403 vicinissitnus
788 2361 901 2419 est;
926 2360 979 2407 et
1008 2354 1125 2409 ideo
1148 2354 1203 2413 fit
1226 2355 1465 2428 frigidus.
1498 2359 1576 2425 De
1613 2361 1808 2431 quibus

205 2432 392 2501 plures
418 2436 612 2495 dantur
630 2442 975 2512 conjecturae,
999 2448 1269 2520 quomodo
1298 2451 1465 2506 fertur
1497 2454 1804 2521 rotundum,

206 2534 261 2579 et
318 2541 578 2605 perpetuo
632 2534 866 2591 volubile
887 2540 1181 2596 consistere
1229 2547 1418 2612 possit.

637 2624 718 2678 De
756 2628 1190 2695 supet'cwlestibus
1216 2635 1383 2703 aquis.

280 2707 463 2765 Prima
498 2716 804 2784 conjectura
832 2728 935 2785 est,
964 2722 1101 2788 quod
1120 2722 1225 2776 sint
1254 2725 1306 2779 in
1331 2733 1584 2783 exteriori
1612 2743 1804 2801 super-

212 2796 340 2855 ficie
369 2801 492 2857 coeli
526 2808 789 2863 exstantia
830 2819 886 2866 et
923 2812 1250 2869 subsidentia
1279 2816 1417 2885 loca,
1458 2828 1514 2877 ut
1542 2796 1701 2877 etiam
1751 2825 1803 2880 in

208 2895 507 2962 superficie
542 2904 719 2969 terrae,
755 2900 808 2955 in
836 2902 1028 2972 quibus
1076 2920 1240 2977 aquas
1287 2910 1549 2975 contineri
1579 2912 1799 2983 dicunt;

216 2997 344 3038 cum
370 2993 514 3042 tanta
549 3005 675 3045 vero
698 2993 971 3051 celeritate
1000 2998 1303 3067 volvuntur,
1331 3011 1385 3059 ut
1405 3019 1507 3069 non
1532 3004 1799 3078 labantur,

222 3077 370 3172 quod
398 3080 480 3172 de.
494 3082 651 3150 pleno
674 3099 799 3140 vase
821 3088 1060 3157 quolibet
1086 3092 1295 3161 probari
1320 3105 1513 3164 potest.
1541 3097 1672 3153 Nam
1694 3077 1800 3172 quo

215 3170 411 3239 majori
441 3173 637 3241 impetu
671 3193 829 3233 manu
851 3180 1313 3256 circumvolvitur,
1341 3202 1409 3243 eo
1425 3191 1601 3245 minus
1620 3170 1796 3249 efful-

1912 1985 1945 2025 x
1978 1969 2137 2027 horas
2158 1980 2214 2026 et
2241 1971 2516 2026 dimidiam
2549 1982 2808 2029 moratur.
2843 1975 2885 2029 Ε
2914 1984 3099 2031 contra
3133 1978 3184 2031 in
3214 1977 3495 2049 Sagittario

1909 2063 2045 2119 duos
2070 2064 2184 2120 dies
2210 2065 2386 2119 minus
2412 2080 2575 2134 quam
2604 2082 2716 2121 xxx
2739 2068 2919 2137 ponit;
2946 2076 3001 2122 et
3023 2070 3123 2125 hoc
3149 2070 3271 2124 inde
3291 2071 3491 2140 evenit,

1910 2157 2051 2229 quod
2099 2159 2215 2213 axis
2263 2173 2357 2213 sua
2409 2160 2679 2214 exrenlris
2726 2169 2828 2229 est,
2862 2173 2915 2217 et
2946 2162 3307 2218 vicinissimus
3330 2174 3412 2220 est
3440 2166 3492 2220 in

1914 2249 2156 2307 Geminis
2186 2251 2545 2317 ﬁrmamento,
2578 2262 2632 2308 et
2662 2255 3057 2310 remetissimus
3097 2271 3126 2309 a
3167 2264 3327 2322 terra,
3374 2266 3427 2311 et
3464 2270 3496 2311 e

1909 2344 2246 2399 conversoin
2276 2343 2583 2413 Sagittario.
2630 2345 2684 2400 Si
2724 2348 2804 2401 vis
2843 2346 2909 2401 ad
2938 2347 3186 2403 eumdem
3229 2363 3490 2404 summam

1909 2434 2107 2501 redire,
2141 2433 2245 2489 hoc
2274 2434 2432 2490 modo
2460 2436 2661 2505 poteris
2691 2436 3118 2507 deprehendere.
3156 2439 3209 2493 in
3250 2438 3492 2495 Geminis

1908 2526 2048 2581 duos
2078 2526 2192 2583 dies
2212 2540 2372 2598 supra
2397 2544 2501 2583 xxx
2526 2539 2786 2596 moratur,
2818 2530 2956 2587 unde
2978 2530 3031 2586 in
3062 2534 3312 2602 proximo
3338 2533 3495 2605 signo

1906 2634 1942 2673 x
1973 2618 2131 2674 horas
2165 2620 2374 2686 minuit,
2406 2629 2460 2676 et
2482 2622 2555 2675 ita
2588 2637 2756 2693 usque
2776 2623 2845 2677 ad
2873 2624 3218 2694 Sagittarium
3251 2626 3493 2682 minuen-

1906 2709 1993 2775 do,
2024 2710 2161 2766 duos
2189 2711 2323 2767 infra
2348 2729 2455 2768 xxx
2478 2715 2767 2785 relinquit;
2796 2717 2921 2772 inde
2954 2717 3144 2774 iterum
3164 2721 3484 2790 ascendens,

1905 2799 1958 2854 in
1990 2801 2230 2872 quolibet
2266 2805 2421 2873 signo
2443 2819 2533 2859 xvt
2582 2808 2746 2861 sumit
2792 2823 2961 2877 usque
2988 2808 3052 2862 ad
3095 2808 3371 2865 Geminos.
3414 2810 3488 2866 Ita

1905 2894 2119 2965 quidem
2172 2897 2644 2966 deprehenderunt
2669 2913 2808 2966 esse,
2865 2902 2977 2955 sive
3030 2901 3144 2957 haec
3175 2902 3245 2957 sit
3298 2917 3486 2973 causa,

1904 2991 2201 3061 quodiuter
2225 2992 2403 3047 radios
2429 2993 2518 3063 qui
2547 2994 2809 3060 serviunt,
2858 2996 2936 3050 vel
2970 2994 3181 3063 finiunt,
3232 2994 3492 3053 Geminos

1904 3083 2104 3138 absidis
2130 3085 2248 3154 plus
2278 3083 2773 3150 contineatur,'sive
2797 3086 2875 3142 sol
2902 3087 2971 3140 ibi
2990 3087 3148 3141 altius
3170 3088 3490 3154 ascendens,

1902 3176 2113 3248 longius
2138 3177 2368 3247 Spatium
2397 3176 2557 3231 habet
2587 3178 2664 3233 ire
2693 3179 2745 3232 in
2785 3177 2877 3233 illo
2905 3179 3056 3250 signo
3086 3193 3245 3249 quam
3276 3180 3324 3233 in
3347 3180 3493 3248 alio;

203 3259 376 3317 ditur.
405 3263 653 3323 Setunda
684 3279 785 3336 est,
810 3273 951 3343 quod
980 3275 1051 3330 ibi
1090 3242 1415 3349 vaporaliter
1442 3242 1794 3355 querneae—nia.
1825 3242 1871 3323 ς’
1902 3287 2001 3326 nec
2033 3270 2154 3327 ideo
2185 3271 2454 3351 longiores
2485 3272 2601 3327 dies
2628 3271 2772 3340 facit,
2807 3273 2929 3341 quia
2972 3256 3169 3341 quanto
3200 3282 3283 3328 est
3309 3272 3486 3339 altior,

203 3354 337 3411 dum
372 3357 460 3413 hic
492 3361 658 3417 nubes
710 3366 960 3435 pendent,
1009 3372 1404 3429 contineantur.
1456 3354 1636 3432 Tertia
1687 3388 1791 3447 est,

202 3451 354 3519 quod
407 3463 623 3524 propter
673 3459 805 3515 solis
856 3465 1229 3535 remotionem,
1278 3482 1307 3522 a
1352 3484 1458 3539 quo
1496 3471 1798 3543 praecipuus

202 3543 684 3613 calor'exhibetur,
716 3550 963 3609 indurato
993 3556 1291 3627 glacialiter
1327 3561 1464 3617 caelo
1502 3563 1791 3629 cohaereat.

202 3632 365 3691 Unde
396 3636 584 3695 dicunt
636 3641 923 3699 Saturnum
980 3647 1384 3719 frigidissimum
1440 3654 1793 3727 planetarum,

199 3728 333 3811 quia
368 3730 473 3786 illis
500 3733 651 3803 aquis
680 3735 1086 3793 vicinissimum.
1124 3741 1215 3795 Est
1243 3746 1404 3798 etiam
1448 3755 1656 3813 quarta,
1705 3744 1798 3803 fir-

200 3836 540 3884 mamentum
573 3840 629 3885 ut
654 3832 819 3910 fixum
845 3850 950 3888 non
979 3837 1147 3907 volvi,
1183 3839 1275 3894 sed
1307 3839 1487 3896 stellas
1516 3843 1590 3898 illi
1630 3858 1796 3917 appo-

198 3919 360 3989 sitas,
420 3920 519 3979 nec
568 3926 720 3992 lixas,
771 3930 976 3983 moveri
1005 3945 1020 3995 ;
1052 3940 1107 3984 et
1137 3930 1188 3983 hi
1216 3946 1284 3985 an
1334 3934 1674 4005 quadratum,
1728 3953 1796 3993 an

197 4012 496 4077 rotundum
555 4016 627 4071 sit
673 4017 938 4085 dubitant.
1006 4018 1307 4079 Novissime
1349 4024 1579 4093 quaestio
1619 4026 1796 4089 divina

198 4104 405 4160 virtute
453 4105 694 4175 solvitur,
747 4110 869 4181 quia
914 4110 987 4167 ibi
1036 4120 1318 4173 teneantur
1374 4119 1665 4173 secundum
1701 4119 1794 4177 Dei

195 4196 559 4265 voluntatem,
593 4199 717 4255 licet
742 4200 829 4256 hic
860 4202 1048 4259 modus
1074 4204 1318 4260 homines
1350 4205 1534 4277 lateat,
1560 4224 1692 4278 quas
1720 4211 1796 4281 ibi

198 4287 257 4343 in
289 4304 449 4347 usum
480 4291 784 4348 divinorum
817 4295 1050 4364 servavit
1075 4295 1234 4364 Deus,
1269 4298 1354 4353 vel
1383 4309 1438 4354 ut
1464 4300 1640 4373 ignem
1668 4302 1791 4359 caeli

198 4390 511 4452 temperent
545 4401 556 4436 :
587 4396 749 4454 super
790 4385 886 4439 has
926 4386 1229 4457 spirituales
1254 4388 1377 4445 caeli
1414 4399 1561 4459 sunt,
1592 4390 1644 4451 in
1676 4395 1793 4463 qui-

199 4471 304 4528 bus
337 4474 599 4543 angelicae
630 4475 858 4543 virtutes
897 4479 1260 4549 continentur.
1307 4481 1610 4549 Secundum
1662 4484 1793 4553 alios

197 4565 360 4630 nihil,
394 4566 495 4621 nisi
526 4567 700 4623 inane.

369 4681 373 4684 ν
424 4656 539 4723 Quo
560 4670 786 4731 tempore
810 4678 992 4729 cursus
1042 4664 1575 4737 perﬁciantplanetw.

278 4749 549 4806 Saturnus
577 4766 677 4823 pro
694 4754 882 4817 circuli
914 4756 1286 4826 amplitudine,
1329 4773 1425 4829 pro
1452 4761 1790 4831 retrograda-

192 4848 374 4917 tione,
399 4864 501 4921 pro
523 4849 936 4919 stationaritatc,
962 4852 1321 4939 declinatione
1338 4856 1415 4911 vel
1432 4856 1495 4917 ad
1514 4859 1789 4927 Austrum,

198 4944 286 4998 vel
311 4942 916 5012 Aquilonem,sensum,
947 4946 1028 5000 vel
1061 4948 1257 5017 visum,
1286 4963 1484 5017 annum
1506 4963 1661 5019 suum
1688 4966 1794 5017 non

199 5035 308 5090 nisi
344 5021 566 5105 triginta
604 5038 760 5103 annis
794 5036 1020 5105 perficit,
1049 5048 1101 5092 et
1133 5039 1339 5099 duobus
1368 5041 1523 5117 annis
1550 5052 1603 5097 et
1631 5040 1797 5107 diuti-

197 5125 296 5183 die
321 5143 492 5200 unum
523 5127 736 5201 signum
785 5130 992 5184 transit.
1043 5129 1248 5202 Jupiter
1281 5133 1573 5211 \duodecim
1618 5134 1793 5200 annis,

198 5223 350 5279 unde
376 5224 601 5293 singulis
631 5224 785 5281 anuis
815 5225 1076 5293 solaribus
1105 5227 1313 5297 signum
1343 5243 1504 5282 unum
1529 5238 1792 5297 peragrat.

192 5315 351 5385 μελε-δ
373 5317 426 5371 in
449 5316 654 5372 duobus
683 5318 857 5385 annis,
891 5320 1032 5373 unde
1064 5334 1168 5373 uno
1199 5335 1337 5374 anno
1358 5329 1562 5376 sextum
1586 5321 1795 5391 signum

201 5417 480 5481 peragrat,
503 5410 605 5464 nisi
636 5410 901 5465 efficiatur
925 5413 1222 5477 anomalus.
1283 5411 1484 5465 Habent
1515 5412 1656 5468 enim
1692 5412 1797 5467 Ge-

200 5512 289 5556 sta
322 5486 506 5558 Caroli
532 5504 672 5574 quod
704 5504 756 5560 in
795 5505 1003 5576 integro
1051 5521 1194 5561 anno
1243 5522 1347 5561 non
1387 5507 1455 5563 sit
1494 5508 1660 5563 visus.
1706 5508 1797 5565 Sol

184 5593 342 5661 jnfra
370 5609 573 5651 eccm
604 5596 791 5651 diebus
820 5607 869 5651 et
900 5597 1195 5667 quadrante
1224 5598 1350 5667 diei,
1381 5615 1496 5670 qum
1523 5601 1572 5653 in
1603 5600 1795 5670 primo,

134 5758 141 5769 γ
199 5687 448 5743 secundo
477 5697 531 5744 et
563 5691 739 5757 tertio,
788 5705 931 5745 anno
972 5706 1078 5746 non
1125 5700 1492 5761 computatur;
1527 5693 1579 5747 in
1610 5705 1801 5760 quarto

138 5780 151 5795 ’
172 5794 343 5855 Avero
368 5781 486 5836 dies
517 5779 853 5839 intercalaris
878 5784 1235 5853 componitur,
1270 5784 1359 5855 qui
1380 5785 1646 5841 bissextus
1668 5785 1800 5842 dici-

160 5848 321 5949 ἰντ,
348 5891 422 5947 ἕο
448 5877 592 5963 (βοά
644 5877 725 5947 bis
762 5881 816 5947 in
844 5848 1161 5952 sexta-ldus
1210 5848 1381 5949 Dia-nit
1430 5886 1798 5955 computetur;

1822 4612 1879 4690 ι)

1901 3373 2048 3420 tanto
2078 3363 2246 3437 magis
2275 3380 2302 3417 a
2334 3372 2488 3434 raptu
2520 3363 2843 3419 firmamenti
2876 3364 3167 3434 impellitur
3196 3365 3263 3418 ab
3286 3376 3408 3419 ortu
3435 3367 3488 3419 iu

1897 3469 2165 3510 occasum.
2198 3454 2273 3509 De
2303 3456 2421 3511 aliis
2454 3471 2665 3526 quoque
2694 3456 2923 3526 planetis
2956 3456 3093 3510 idem
3125 3456 3324 3512 evenit.
3355 3457 3485 3513 Nam

1901 3549 2167 3606 Saturnus
2198 3548 2251 3603 in
2282 3548 2576 3619 Scorpione
2631 3550 2992 3605 vicinissimus
3021 3556 3106 3604 est
3133 3549 3488 3618 firmamento,

1898 3642 2023 3697 luna
2063 3641 2114 3696 in
2163 3641 2360 3707 Tauro,
2395 3640 2603 3712 Jupiter
2633 3644 2686 3697 in
2712 3641 2947 3712 Virgine.
2973 3642 3105 3697 Cum
3139 3642 3235 3700 illo
3258 3644 3302 3697 si
3333 3642 3496 3700 fuerit

1899 3734 2098 3797 Venus.
2133 3737 2400 3810 significat
2453 3738 2651 3792 bonum
2703 3738 3008 3809 conjugium
3036 3740 3192 3795 alicui
3224 3739 3489 3809 futurum;

1901 3829 2041 3884 unde
2068 3828 2246 3885 Venus
2279 3830 2330 3884 in
2363 3830 2544 3900 specie
2576 3816 2808 3901 Virginis
2858 3834 3144 3888 venatricis
3192 3834 3493 3891 occurrisse

1900 3920 2093 3976 dicitur
2115 3921 2330 3989 Aiacis,
2365 3937 2482 3993 quae
2513 3923 2587 3976 illi
2611 3922 2806 3979 bonum
2838 3923 2952 3978 fieri
3002 3924 3309 3995 conjugium
3358 3939 3494 3993 por-

1901 4013 2173 4069 tendebat.
2227 4014 2366 4069 Mars
2415 4014 2466 4069 iu
2518 4013 2736 4081 Leone;
2793 4029 2913 4069 cum
2972 4030 3076 4084 quo
3124 4016 3167 4068 si
3200 4017 3279 4071 sol
3314 4017 3489 4085 fuerit,

1901 4105 2209 4161 incendium
2258 4105 2556 4159 animorum
2587 4114 2642 4159 et
2669 4106 2810 4160 aeris
2851 4105 3114 4176 designat.
3148 4106 3239 4163 Sol
3270 4107 3290 4180 (
3319 4115 3375 4162 ut
3399 4108 3494 4162 di-

1900 4208 2045 4269 ctum
2075 4195 2179 4271 est)
2213 4196 2264 4251 in
2304 4196 2549 4265 Geminis
2578 4197 2786 4252 vicinus
2818 4196 3184 4263 firmamento,
3221 4196 3396 4252 Venus
3436 4200 3491 4255 in

1896 4289 2202 4363 sagittario,
2260 4288 2404 4344 Mars
2435 4288 2490 4343 in
2520 4288 2864 4359 Capricorno.
2908 4288 2965 4343 lu
3005 4290 3263 4359 oppositis
3312 4299 3490 4347 autem

1892 4384 2062 4457 signis
2082 4392 2206 4457 sunt
2229 4391 2384 4440 terrae
2413 4382 2745 4439 vieinissimi.
2766 4381 2942 4449 Venus
2970 4383 3022 4436 in
3049 4397 3277 4438 cccxmx
3302 4384 3493 4441 diebus

1897 4492 2111 4549 cursum
2132 4476 2386 4547 complet.
2418 4476 2599 4545 Maris,
2625 4479 2748 4547 quia
2780 4477 2926 4531 ocior
2948 4484 3051 4543 est,
3081 4492 3271 4532 novem
3303 4477 3493 4534 diebus

1900 4569 2118 4635 minus;
2162 4566 2260 4625 sed
2290 4583 2410 4623 cum
2443 4569 2635 4641 smpius
2662 4568 2969 4623 efficiuntur
3008 4569 3326 4638 retrogradi,
3364 4570 3483 4639 plus

1900 4672 2145 4734 possunt.
2178 4661 2349 4726 Luna,
2374 4662 2667 4719 secundum
2714 4660 3060 4726 Macrobium,
3109 4660 3279 4715 ambit
3310 4661 3489 4716 zodia-

1898 4769 2017 4811 cum
2070 4755 2124 4811 in
2184 4771 2349 4827 xxvtn
2415 4756 2661 4821 diebus;
2718 4754 2810 4810 sed
2877 4754 2975 4810 hoc
3035 4754 3163 4823 dicit
3217 4755 3281 4809 ad
3340 4770 3485 4811 con-

1897 4850 2297 4917 demnationem
2347 4847 2663 4921 septenarii,
2696 4846 2805 4918 qui,
2838 4855 3024 4917 quater
3074 4846 3484 4918 multiplicatus,

1896 4941 2029 5013 facit
2053 4957 2242 4998 xxvm.
2275 4944 2381 4998 Sed
2406 4957 2593 4997 revera
2626 4941 2761 5009 infra
2800 4957 2940 4996 xxvn
2973 4942 3107 5008 dies,
3134 4951 3186 4997 et
3214 4950 3332 4996 octo
3379 4941 3492 4996 fere

1900 5034 2079 5101 horas,
2115 5043 2282 5089 totum
2314 5034 2590 5088 zodiacum
2624 5033 2978 5103 perambulat,
3011 5034 3103 5089 sed
3139 5049 3241 5104 non
3272 5031 3480 5088 illumi-

1894 5136 2055 5203 natur
2077 5137 2421 5199 eotempore.
2473 5127 2627 5182 Verbi
2654 5129 2846 5196 gratia,
2878 5129 2921 5197 si
2952 5129 3031 5185 sol
3062 5139 3113 5195 et
3138 5129 3257 5199 luna
3278 5130 3486 5211 pariter

1901 5219 2063 5275 fuerit
2106 5220 2162 5287 in
2197 5219 2456 5289 principio
2488 5217 2705 5286 Arietis,
2755 5218 2879 5274 luna
2933 5219 3223 5292 procedens
3254 5221 3305 5274 in
3342 5235 3490 5275 xxvtt

1890 5314 2091 5386 ,diebus
2121 5324 2175 5369 et
2198 5324 2319 5370 octo
2349 5314 2460 5369 fere
2490 5314 2635 5368 horis
2668 5315 2911 5386 pervenit
2933 5314 2998 5369 ad
3031 5313 3167 5385 idem
3196 5323 3445 5383 punctum
3473 5331 3487 5381 ;

1902 5409 1993 5477 sed
2026 5406 2201 5462 solem
2238 5406 2309 5460 ibi
2341 5420 2444 5459 non
2476 5405 2699 5473 invenit,
2731 5405 2853 5476 quia
2880 5404 2992 5476 jam
3019 5412 3073 5458 et
3102 5404 3215 5474 ipse
3240 5416 3332 5459 sua
3376 5403 3492 5476 lege

1904 5510 2239 5585 procosserat
2267 5513 2435 5569 usque
2463 5496 2602 5553 circa
2635 5497 2792 5553 finem
2840 5495 3059 5562 Arietis,
3092 5494 3157 5549 ad
3187 5509 3344 5567 quem
3372 5509 3493 5549 con-

1904 5592 2236 5661 sequendum
2282 5594 2468 5660 postea
2515 5590 2637 5646 luna
2680 5587 2827 5662 ponit
2865 5586 3003 5644 duos
3047 5586 3165 5643 dies
3186 5594 3241 5641 et
3265 5597 3494 5658 quatuor

1902 5686 2098 5757 horas;
2152 5695 2206 5740 et
2254 5695 2379 5741 tunc
2430 5683 2878 5742 reilluminabitur
2926 5682 2995 5738 ab
3044 5681 3157 5755 illo,
3205 5696 3379 5752 neque
3426 5681 3492 5747 de

1907 5779 2221 5851 accensione
2268 5779 2332 5833 ad
2385 5781 2756 5833 accensionem
2815 5777 3078 5832 intersunt
3135 5790 3259 5830 xxix
3300 5774 3411 5847 dies
3439 5782 3494 5831 et

1898 5889 1980 5947 ,ιιι
2026 5873 2196 5946 horae,
2245 5889 2365 5949 quae
2394 5887 2499 5947 non
2554 5880 2930 5961 computantur
2960 5872 3015 5949 in
3048 5874 3229 5966 primo
3284 5885 3487 5947 mense.
