4010 6382
568 314 601 335 κν

594 376 699 436 895
764 400 769 415 ι

1085 362 1289 423 ΒΕὒιΕ
1331 357 1781 420 VENERABILIS
1818 356 1967 413 OPP.
2010 356 2184 412 PARS
2221 354 2261 413 Ι.
2301 351 2493 412 SEC’I‘.
2525 353 2590 410 ll.
2631 382 2701 395 —
2739 351 2948 410 DUBIA
2986 352 3076 409 ET
3119 350 3372 410 SPURIA.
3663 366 3738 424 395

598 493 749 551 Unde
782 498 986 547 tantum
1039 486 1200 541 habet
1244 498 1370 540 xxix
1421 479 1557 549 dies,
1590 478 1644 534 in
1673 476 1907 534 secundo
1954 493 2179 549 compu-
2207 476 2257 537 Α
2285 473 2601 545 imperfecti,
2648 482 2904 545 quantum
2944 472 3011 528 ad
3051 482 3278 529 nostrum
3322 477 3489 546 visum,
3529 485 3623 549 quia
3665 502 3739 545 non

595 597 797 658 tantur,
826 594 882 643 et
905 595 1027 641 tunc
1052 583 1170 638 aliis
1200 579 1415 643 additat,
1449 575 1651 631 faciunt
1672 586 1910 631 mensem
1932 587 2037 626 xxx
2061 572 2174 627 dies

596 683 811 746 habere,
845 677 948 734 nisi
973 676 1027 732 in
1056 668 1530 731 decemnovennali
1588 682 1751 735 anno,
1809 666 2025 739 quando
2060 664 2176 721 dies

594 769 924 829 subtrahitur
954 780 1111 823 unus.

1157 855 1236 911 De
1273 854 1411 910 saltu
1447 854 1600 908 (ante.

664 954 775 1010 [lac
806 959 981 1008 autem
1007 951 1214 1005 ratione
1241 948 1357 1017 plus
1378 945 1570 1002 damus
1598 945 1741 1001 lunae
1769 942 1990 1013 singulis
2018 955 2170 997 men-

592 1044 738 1102 sibus
768 1058 926 1113 quam
956 1042 1070 1112 ipsa
1092 1046 1395 1096 consumat.
1418 1036 1553 1093 Illud
1581 1045 1760 1092 autem
1788 1035 1923 1091 adeo
1953 1048 2176 1103 parvum

592 1144 697 1203 est,
730 1135 871 1207 quod
901 1133 1123 1205 singulis
1149 1130 1426 1187 mensibus
1455 1139 1770 1199 computare
1816 1126 2035 1181 difﬁcile
2062 1132 2175 1192 est;

593 1229 687 1289 sed
718 1229 772 1285 in
798 1234 914 1284 toto
942 1241 1085 1283 anno
1116 1224 1482 1283 tantummodo
1520 1224 1877 1294 supercrescit
1905 1236 1921 1275 ι
1952 1220 2083 1274 liora
2125 1224 2180 1273 et

590 1337 611 1379 ι
642 1331 914 1393 punctum,
947 1328 1001 1376 et
1029 1320 1237 1377 decima
1267 1333 1405 1374 nona
1437 1334 1560 1390 pars
1590 1318 1791 1388 puncti,
1823 1315 1914 1387 qui
1952 1313 2178 1386 singulis

541 1419 548 1427 ’
593 1417 749 1473 annis
778 1415 1055 1472 collectum
1087 1412 1300 1471 decimo
1326 1426 1468 1469 nono
1493 1425 1634 1467 anno
1682 1412 1806 1465 facit
1851 1410 1991 1465 diem
2042 1408 2181 1463 inte-

589 1525 762 1583 grum,
797 1510 1056 1580 illumque
1093 1507 1234 1563 diem
1284 1506 1636 1562 transiliendo
1677 1502 1989 1569 auferimus,
2031 1515 2179 1556 com-

589 1610 837 1675 putantes
860 1610 968 1657 tres
998 1601 1299 1655 lunationes
1347 1614 1470 1654 xxix
1511 1597 1719 1652 dierum
1764 1602 1987 1651 tantum.
2032 1591 2178 1648 Pun.

589 1703 734 1750 ctum
779 1701 954 1748 autem
1001 1699 1083 1747 est
1128 1697 1317 1760 quarta
1364 1703 1487 1758 pars
1536 1687 1735 1744 lunaris
1788 1684 1961 1751 horae,
1991 1684 2177 1754 quinta

593 1799 721 1841 vero
750 1782 959 1839 solaris.
996 1781 1106 1837 Hoc
1136 1779 1278 1851 quod
1310 1778 1541 1834 diximus
1588 1787 1672 1835 est
1720 1775 2012 1833 secundum
2058 1775 2180 1830 illos

2278 567 2520 623 videmus
2566 566 2703 636 eos),
2752 568 2885 623 alter
2937 564 3230 622 solstitialia
3273 567 3427 637 signa,
3478 579 3608 629 totos.
3640 575 3741 633 Sunt
3826 554 3833 567 ’

2277 668 2421 727 tunc,
2452 669 2508 714 ut
2526 674 2667 727 reor,
2700 658 2909 730 integri,
2941 670 2995 714 et
3024 659 3218 714 habent
3262 659 3604 719 distinctionem
3647 681 3740 723 suo-

2277 769 2397 809 rum
2436 753 2698 809 siderum.
2727 753 2785 810 Si
2815 754 2907 823 qui
2939 752 3010 808 ibi
3034 761 3178 821 sunt,
3209 753 3272 807 de
3298 753 3373 809 bis
3390 754 3575 810 dubium
3608 768 3670 812 est
3697 775 3744 817 an

2278 845 2346 900 de
2375 847 2571 901 Austro
2617 846 2880 901 ducantur
2910 844 2963 901 in
2994 845 3429 916 Septentrionem,
3467 849 3539 904 vel
3577 857 3689 906 extra
3724 868 3745 906 a

2284 937 2436 1007 signo
2476 938 2539 992 ad
2588 938 2818 1008 signum.
2872 937 2976 994 Sed
3003 938 3071 994 de
3100 938 3181 993 his
3225 939 3499 1001 dicendum.
3540 946 3637 1012 quia
3671 954 3746 1001 tam

2285 1043 2451 1085 zonas
2480 1045 2639 1100 quam
2669 1031 2952 1102 parallelos
2986 1029 3223 1085 dividunt
3247 1031 3297 1086 in
3328 1044 3574 1102 quaternas
3606 1046 3747 1106 partes.

2472 1130 2475 1133 '
2809 1121 2887 1176 De
2916 1120 3080 1176 lacteo
3110 1122 3317 1177 circulo.

2353 1215 2447 1270 Est
2470 1225 2727 1286 praeterea
2755 1215 2829 1271 ibi
2853 1216 3055 1270 lactens
3074 1200 3325 1284 circulus,
3351 1219 3431 1288 qui
3458 1220 3504 1273 in
3538 1222 3752 1276 serenitate

2280 1306 2493 1363 videtur
2519 1327 2536 1374 ;
2567 1307 2635 1364 de
2661 1321 2726 1364 eo
2755 1307 3013 1364 fabulosae
3043 1317 3096 1364 et
3126 1309 3352 1380 physicae
3378 1324 3531 1365 causa:
3551 1312 3751 1369 dicuntur.

2279 1400 2418 1456 Juno
2469 1401 2717 1458 Martium
2766 1403 3068 1473 privignum
3126 1418 3278 1458 suum
3325 1404 3386 1459 de
3422 1404 3540 1459 Maia
3583 1407 3753 1474 genitum

2281 1495 2516 1562 iactavit,
2544 1495 2610 1550 ad
2632 1496 2785 1566 cujus
2815 1494 2937 1551 facti
2963 1496 3173 1566 insigne
3192 1495 3378 1551 cmlum
3404 1496 3465 1551 de
3490 1496 3605 1552 lacte
3622 1500 3755 1553 eodem

2280 1587 2552 1657 respersit.
2577 1586 2679 1641 Alii
2709 1606 2721 1641 :
2749 1586 3004 1643 Hercules
3026 1602 3241 1643 sumens
3263 1572 3408 1643 lactis
3427 1587 3757 1657 superﬁaitatem

2279 1694 2307 1733 a
2336 1678 2577 1750 pluribus
2606 1679 2926 1747 nutricibus,
2963 1680 3037 1736 ibi
3066 1681 3280 1736 tandem
3302 1681 3535 1737 evomuit.
3561 1681 3720 1752 Physici
3746 1699 3754 1733 :

2282 1772 2394 1830 Duo
2426 1771 2802 1843 hemisphaeria
2832 1772 2958 1829 fecit
2979 1774 3144 1838 Dens,
3179 1774 3231 1828 in
3256 1788 3468 1844 quorum
3510 1773 3760 1842 conglutina-

590 1876 680 1947 qui
728 1875 909 1930 dicunt
959 1847 1354 1928 firmamentum
1409 1868 1713 1925 ratio‘nabili
1755 1873 1919 1924 motu'
1942 1866 2085 1922 volvi
2109 1866 2177 1921 ab
2207 1847 2254 1908 Β
2281 1864 2425 1919 tione
2472 1863 2643 1934 major
2688 1863 2906 1920 claritas
2963 1863 3197 1920 infulsit.
3255 1864 3359 1918 Alii
3395 1882 3408 1918 :
3439 1864 3560 1934 quod
3598 1865 3681 1918 sint
3711 1864 3760 1920 ibi

591 1964 810 2023 Oriente
838 1981 933 2037 per
963 1965 1328 2030 Occidentem,
1373 1964 1570 2019 iterum
1618 1963 1671 2017 in
1708 1961 2005 2017 Orientem.
2053 1958 2179 2015 Pla-

592 2069 743 2117 netas
790 2074 919 2116 vero
966 2058 1035 2114 ab
1079 2057 1373 2114 Occidente
1419 2072 1518 2129 per
1571 2057 1845 2112 Orientem
1895 2057 2088 2111 iterum
2124 2056 2180 2110 in

589 2153 964 2220 Occidentem,
1026 2150 1169 2220 quod
1221 2158 1469 2205 asserunt
1522 2148 1800 2204 Platonici.
1863 2146 2181 2202 Aristoteles

593 2258 720 2301 vero
746 2253 797 2299 et
822 2240 1162 2314 Peripatetici
1189 2241 1375 2297 dicunt
1400 2240 1641 2311 planetas
1690 2237 1993 2295 rationabili
2035 2246 2182 2293 motu

594 2335 789 2407 pariter
834 2349 956 2391 cum
1010 2333 1349 2389 ﬁrmamento
1398 2332 1561 2399 volvi,
1601 2331 1695 2386 sed
1745 2331 1867 2386 illas
1911 2330 2185 2387 celeritate

594 2428 914 2486 ﬁrmamenti
941 2426 1205 2499 praeteriri
1228 2443 1304 2494 vi,
1328 2427 1609 2483 vidcantur
1630 2426 1783 2495 quasi
1810 2424 2181 2492 retrocedere;

594 2510 889 2579 secundum
939 2536 1099 2593 quam
1149 2524 1471 2579 sententiam
1521 2520 1721 2592 quanto
1764 2528 1891 2576 sunt
1938 2520 2182 2587 altiores,

592 2625 741 2675 tanto
767 2624 890 2673 sunt
917 2616 1229 2684 celeriores,
1261 2624 1316 2671 ut
1344 2615 1607 2672 Saturnus
1636 2613 2015 2669 velocissimus
2056 2627 2185 2668 con-

594 2710 774 2767 tendat
818 2724 941 2766 eum
990 2709 1329 2765 ﬁrmamento
1384 2716 1534 2763 tanta
1562 2707 1981 2774 suaceleritate,
2040 2705 2183 2777 quod

592 2803 731 2860 infra
754 2803 890 2861 duos
916 2818 1089 2863 annos
1116 2813 1172 2861 ct
1195 2802 1480 2859 dimidium
1519 2816 1628 2857 non
1672 2801 1773 2857 nisi
1821 2815 1930 2857 uno
1978 2809 2183 2856 tantum

2284 1958 2470 2013 breves
2514 1955 2705 2025 stellae,
2755 1965 2807 2011 et
2859 1964 3144 2023 consertae,
3195 1957 3263 2012 de
3307 1972 3513 2027 quarum
3561 1958 3764 2012 vicinitate

2283 2048 2537 2118 splendor
2564 2048 2653 2105 ille
2683 2047 2969 2115 efﬁciatur,
2998 2058 3052 2104 et
3084 2049 3316 2120 ipsarum
3345 2049 3475 2103 inter
3492 2062 3543 2103 se
3565 2047 3763 2103 distinctio

2284 2142 2617 2199 obscuretur.
2693 2143 2799 2199 Alii
2834 2161 2847 2197 :
2876 2143 3018 2213 quod
3068 2144 3241 2200 stellte
3271 2143 3463 2199 zodiaci
3496 2143 3557 2199 ibi
3596 2139 3765 2212 resplen-

2287 2238 2469 2305 deant,
2501 2245 2557 2294 ct
2582 2237 2730 2309 juxta
2763 2238 2968 2307 tropica
2996 2238 3078 2292 sol
3106 2239 3188 2293 sui
3219 2237 3425 2293 luminis
3449 2244 3499 2293 et
3521 2235 3633 2308 ignis
3656 2234 3765 2290 bene-

2288 2328 2403 2384 ﬁcia
2428 2343 2614 2385 versus
2644 2336 2928 2400 utrumque
2956 2329 3139 2399 polum
3172 2329 3436 2385 extendat.

2905 2418 2985 2474 De
3011 2420 3249 2475 zodiaca.

2359 2514 2620 2569 Zodiacus
2646 2529 2857 2585 quoque
2886 2514 3090 2571 duabus
3120 2514 3376 2572 extremis
3415 2513 3550 2568 lineis
3585 2512 3767 2567 termina-

2290 2614 2395 2675 tur,
2424 2616 2478 2662 et
2510 2608 2704 2674 media,
2732 2623 2849 2679 qum
2878 2610 3121 2677 eeliptica
3155 2597 3367 2673 dicitur,
3397 2609 3704 2668 intersecatur,
3734 2605 3769 2659 in

2289 2714 2390 2768 qua
2422 2699 2637 2769 eclipsis
2666 2701 2803 2755 solet
2829 2700 2966 2757 ﬁeri.
3000 2700 3268 2757 Praeterea
3295 2701 3526 2758 zodiacus
3568 2700 3773 2755 distinctus

2286 2800 2369 2845 est
2408 2804 2505 2859 per
2544 2806 2620 2845 xu
2655 2793 2827 2861 signa,
2869 2808 3093 2864 quorum
3138 2793 3531 2865 unumquodque
3555 2792 3598 2846 in
3623 2789 3773 2860 triginta

593 2897 746 2968 signo
788 2906 1072 2967 praetereat
1120 2896 1251 2953 illud
1303 2898 1722 2952 ﬁrmamentum.
1763 2893 1916 2951 Luna
1944 2908 2093 2963 vero,
2127 2901 2180 2949 ut

2288 2890 2467 2951 partes
2522 2881 2753 2939 divisum
2794 2894 2893 2952 est,
2927 2896 2980 2941 et
3013 2901 3446 2958 unamquamque
3497 2884 3682 2954 partium
3723 2879 3777 2936 sol

602 2988 842 3045 omnium
890 2988 1107 3056 inﬁma,
1135 2996 1218 3045 est
1267 2986 1588 3044 tardissima.
1639 2986 1769 3042 Nam
1801 2987 1846 3040 si
1875 2985 2033 3040 hodie
2071 2985 2183 3039 visa

594 3084 665 3138 sit
692 3082 746 3137 in
779 3082 1043 3153 principio
1072 3083 1292 3149 Arietis,
1323 3096 1443 3137 cras
1472 3080 1681 3135 oriente
1710 3079 1915 3142 Ariete,
1950 3092 2056 3131 non
2112 3075 2182 3130 ibi

592 3174 773 3230 lunam
805 3174 1070 3242 invenies,
1119 3176 1213 3231 sed
1244 3183 1363 3245 post
1393 3175 1447 3229 in
1473 3172 1793 3229 duodecima
1842 3181 1996 3241 parte
2038 3169 2183 3226 illius

592 3264 782 3321 oritur.
836 3263 927 3321 Sol
965 3280 1176 3337 quoque
1200 3264 1248 3320 si
1276 3264 1329 3319 in
1359 3265 1530 3335 prima
1571 3271 1726 3335 parte
1773 3262 1971 3318 Arietis
2021 3262 2181 3320 hodie

594 3359 772 3428 fuerit,
803 3372 924 3415 cras
957 3358 1155 3416 ibidem
1183 3372 1286 3413 non
1317 3357 1617 3429 apparebit,
1649 3355 1744 3412 sed
1787 3366 1907 3424 post
1952 3369 2021 3410 xv
2054 3369 2180 3425 par-

596 3457 701 3504 tem
754 3451 909 3505 unius
951 3449 1101 3505 liora:
1148 3448 1404 3504 naturalis
1430 3447 1677 3519 sequenti
1708 3446 1794 3503 die
1820 3446 1990 3501 oritur
2011 3445 2064 3500 in
2090 3459 2180 3503 se-

593 3541 767 3598 cunda
790 3550 942 3612 parte
969 3541 1210 3611 ejusdem
1241 3542 1377 3612 signi
1405 3560 1421 3608 ;
1450 3551 1506 3598 et
1534 3542 1588 3597 hi
1617 3542 1801 3597 dicunt
1832 3549 2031 3597 terram
2081 3540 2182 3594 im-

596 3634 869 3702 mobilem,
902 3643 956 3690 et
978 3633 1153 3689 omnia
1203 3635 1479 3704 aequaliter
1513 3633 1652 3689 circa
1708 3634 1854 3689 illam
1903 3633 2062 3687 volvi.
2099 3632 2179 3689 Ad

597 3742 757 3801 quam
801 3727 1120 3782 sententiam
1149 3727 1355 3781 accedit
1401 3725 1628 3793 Tullius,
1660 3724 1749 3795 qui
1778 3724 1904 3779 dicit
1938 3723 2181 3780 acutissi-

603 3836 748 3878 mum
799 3832 1043 3889 somnum
1095 3817 1261 3874 nimia
1317 3816 1592 3873 celeritate
1648 3815 1969 3871 ﬁrmamenti
2030 3816 2177 3882 ﬁeri,

599 3911 975 3988 gravissimum
1000 3925 1129 3967 vero
1150 3909 1204 3964 in
1230 3910 1352 3965 luna
1384 3917 1603 3978 propter
1629 3907 1848 3962 nimiam
1878 3906 2178 3961 tarditatem

596 4006 711 4076 ejus
737 4001 1255 4059 circumvolutionis.
1292 4000 1710 4056 Firmamentum
1733 3997 1982 4053 omnibus
2004 4010 2182 4066 acqua-

594 4098 719 4153 liter
770 4108 931 4164 supra
978 4092 1209 4146 volvitur
1248 4094 1485 4163 quinque
1546 4091 1717 4155 zonis,
1768 4104 1899 4160 quas
1945 4089 2179 4144 invicem

596 4185 836 4260 paralleli
889 4184 1168 4254 dividunt,
1228 4185 1319 4254 qui
1357 4184 1425 4238 ab
1472 4181 1689 4237 Oriente
1736 4181 1790 4236 in
1836 4180 2178 4236 Occidentem

597 4280 876 4334 ducuntur.
906 4276 1070 4332 Sonat
1094 4284 1272 4331 autem
1300 4275 1577 4347 aequaliter
1606 4275 1841 4341 distans;
1884 4290 1991 4330 non
2037 4273 2182 4345 quod

596 4384 783 4425 omnes
803 4369 996 4439 aequali
1042 4368 1215 4440 spatio
1236 4367 1456 4436 distent,
1478 4368 1575 4424 sed
1594 4367 1700 4423 duo
1714 4376 1767 4424 et
1781 4367 1888 4422 duo
1905 4365 2180 4438 aequaliter

598 4459 706 4515 sibi
769 4461 1017 4528 invicem,
1069 4458 1142 4513 ita
1200 4460 1343 4529 quod
1391 4473 1615 4528 usquam
1663 4457 1763 4514 sibi
1814 4460 2057 4529 propius,
2097 4458 2179 4515 vel

2262 2968 2393 3032 'uno
2422 2977 2510 3033 die
2542 2979 2753 3045 transit,
2781 2988 2835 3035 et
2864 2980 2935 3035 ita
2962 2981 3177 3054 signum
3205 2990 3403 3037 tantum
3430 2980 3480 3034 in
3509 2994 3599 3034 uno
3626 2989 3775 3044 mense,

2287 3073 2391 3128 nisi
2420 3075 2561 3143 quod
2595 3085 2799 3131 tantum
2852 3078 2976 3133 inde
3009 3080 3288 3135 auferatur
3316 3080 3539 3151 quolibet
3563 3092 3719 3141 mense,
3741 3082 3780 3129 ut

2287 3175 2466 3221 tamen
2494 3168 2544 3222 in
2574 3169 2834 3224 bissextili
2865 3186 3007 3226 anno
3035 3172 3158 3229 dies
3188 3172 3446 3229 naturalis
3490 3176 3774 3239 componatur.

2294 3217 2323 3219 μ
2574 3217 2834 3224 η------.-.
2865 3217 3003 3226 an..-
3037 3217 3158 3229 ...νυ
3190 3217 3445 3229 .....υ.....,
3492 3217 3757 3239 νν...τ----.η

2210 3217 2257 3281 c
2285 3258 2395 3314 Sub
2424 3261 2679 3327 parallelo
2711 3262 2822 3328 illo,
2848 3279 3004 3333 quem
3036 3264 3181 3334 dixi,
3242 3280 3423 3321 secare
3468 3273 3689 3331 perustam
3704 3256 3780 3328 qui-

2283 3368 2495 3424 cunque
2544 3343 2810 3424 maiieret,
2861 3372 3073 3427 semper
3118 3358 3349 3415 haberet
3392 3355 3707 3427 aequinoctium
3746 3363 3779 3401 ιγ

2282 3445 2529 3500 solstitia.
2565 3445 2864 3503 Solstitium
2894 3464 3028 3505 voco
3057 3450 3443 3507 vicinissimam
3504 3446 3781 3506 accessionem

2282 3545 2338 3591 et
2384 3536 2675 3592 maximam
2721 3540 3097 3596 remotionem.
3139 3544 3256 3599 Duo
3285 3542 3492 3614 quidem
3533 3540 3706 3594 haberet
3739 3547 3781 3587 ex

2282 3629 2577 3697 vicinitate,
2604 3639 2661 3685 ut
2683 3632 2735 3685 in
2767 3631 2946 3689 Ariete
2967 3642 3019 3688 et
3043 3634 3236 3700 Libra,
3274 3646 3327 3692 et
3350 3637 3451 3691 duo
3470 3649 3528 3691 ex
3548 3629 3783 3689 remotione.

2284 3727 2341 3773 ut
2366 3719 2419 3774 in
2463 3720 2670 3776 Cancro
2697 3731 2749 3777 et
2779 3722 3129 3792 Capricorno.
3184 3726 3338 3792 Quod
3384 3734 3546 3779 autem
3588 3721 3630 3774 in
3661 3714 3783 3772 medio

2282 3826 2515 3884 perustae
2543 3800 2748 3887 positus
2774 3832 2986 3888 semper
3035 3820 3265 3878 haberet
3316 3819 3675 3891 aequinoctium,
3709 3813 3786 3866 Itiro

2283 3916 2367 3963 cst
2393 3922 2573 3977 causa,
2606 3909 2749 3978 quod
2798 3919 3053 3982 utrosque
3097 3913 3255 3983 polos
3290 3923 3344 3968 et
3365 3925 3538 3967 omnes
3583 3901 3785 3977 parallelos

2283 3996 2493 4053 videret
2519 3998 2792 4068 dimidios,
2825 4010 2879 4055 et
2905 4016 3120 4060 omnem
3151 4007 3296 4060 viam
3323 4005 3450 4061 solis
3473 4016 3613 4074 quam
3638 3989 3788 4052 facitab

2283 4096 2403 4143 ortu
2426 4103 2593 4159 usque
2621 4091 2673 4143 in
2702 4105 2975 4148 occasum.
3000 4094 3081 4150 Ad
3105 4097 3506 4152 similitudinem
3527 4084 3786 4148 ﬁrmamenti.

2283 4179 2411 4234 solis
2466 4180 2678 4250 sphaera
2727 4181 2918 4237 alicubi
2949 4195 3029 4241 est
3061 4185 3336 4254 ditiusior,
3366 4197 3419 4243 et
3445 4183 3617 4241 alicubi
3640 4188 3790 4235 contra-

2283 4272 2441 4339 ctior,
2470 4283 2526 4328 ut
2555 4273 2657 4327 sub
2685 4276 3041 4345 aequinoctiali
3089 4279 3302 4335 circulo
3346 4289 3427 4335 est
3473 4274 3689 4334 diﬁusior,
3723 4264 3790 4322 sub

2284 4365 2502 4434 tropicis
2558 4366 2915 4435 contractior;
2975 4370 3221 4441 alioquin
3280 4379 3545 4443 oporteret
3599 4360 3789 4422 circulum

2283 4454 2412 4511 solis
2439 4456 2493 4511 in
2524 4457 2741 4526 tropicis
2790 4457 3102 4514 viciniorem
3152 4475 3282 4517 esse
3337 4462 3643 4516 ﬁrmamento
3680 4460 3791 4521 quam

601 4552 874 4618 remotius,
935 4551 1134 4607 distent
1170 4569 1180 4604 :
1214 4566 1439 4621 quorum
1500 4550 1606 4606 duo
1663 4528 1960 4607 brevissimi
2016 4561 2176 4618 sunt,
2206 4591 2262 4652 Β
2286 4548 2339 4603 in
2365 4548 2726 4618 aequinoctiali
2757 4551 2981 4620 circulo,
3014 4552 3057 4605 si
3087 4568 3198 4608 non
3242 4553 3311 4609 ad
3338 4552 3694 4610 similitudinem
3729 4542 3796 4596 lir-

597 4642 821 4710 scilicet,
846 4644 1109 4709 extremi;
1141 4643 1349 4698 medius
1370 4658 1520 4710 vero,
1547 4644 1637 4715 qui
1656 4654 1739 4700 est
1761 4644 2178 4715 aequinoctialis;

599 4734 886 4801 maximus,
919 4734 1011 4804 qui
1040 4736 1108 4790 ab
1138 4736 1388 4791 omnibus
1416 4735 1625 4790 videtur
1650 4724 1925 4805 dimidius,
1957 4737 2058 4792 nisi
2099 4736 2182 4793 his

599 4825 690 4898 qui
732 4834 858 4881 sunt
904 4827 1004 4882 sub
1031 4828 1189 4897 polo;
1225 4843 1347 4885 nam
1378 4828 1434 4884 hi
1462 4837 1632 4884 totum
1678 4828 1859 4885 videre
1906 4837 2179 4899 poterunt,

599 4917 692 4987 qui
719 4917 931 4971 illorum
961 4918 1295 4975 horizontem
1323 4920 1598 4977 terminat.
1626 4919 1839 4991 Tropici
1879 4935 2009 4976 vero
2057 4930 2184 4977 sunt

603 5006 937 5063 medioximi.
962 5008 1206 5063 Arcticus
1236 5010 1450 5079 dicitur,
1477 5011 1566 5082 qui
1593 5026 1743 5066 ursas
1769 5019 2022 5082 utrasque
2048 5012 2099 5065 in
2123 5027 2183 5068 se

601 5100 1000 5171 complectitur,
1025 5098 1109 5154 cui
1132 5102 1413 5169 oppositus
1438 5113 1522 5156 est
1549 5101 1892 5157 antarcticus.
1924 5102 2181 5173 Tropicus

604 5193 822 5249 aestivus
856 5194 970 5250 sive
1000 5192 1278 5260 terminus,
1309 5193 1401 5263 qui
1427 5195 1718 5250 secundum
1746 5197 2027 5266 quamdam
2069 5197 2180 5251 dis-

603 5286 930 5357 positionem
971 5286 1237 5343 Cancrum
1265 5295 1411 5342 secat
1445 5286 1499 5343 in
1522 5289 1718 5359 medio,
1751 5290 1858 5357 vel,
1888 5291 2181 5347 secundum

604 5381 913 5455 Hyginium,
969 5385 1021 5439 in
1069 5392 1256 5439 octava
1296 5392 1469 5453 parte,
1517 5384 1583 5440 ad
1630 5399 1788 5455 quam
1838 5387 1919 5442 sol
1962 5388 2184 5443 veniens

605 5475 919 5543 revertitur;
950 5474 1040 5545 qui
1059 5474 1304 5530 aestivum
1335 5474 1621 5533 solstitium
1652 5477 1863 5550 dicitur,
1891 5481 2183 5537 secundum

604 5568 739 5624 alios
764 5569 1011 5624 terminat
1045 5566 1309 5625 Cancrum
1337 5578 1392 5623 et
1416 5570 1711 5626 zodiacum.
1755 5573 1905 5627 Alter
1947 5575 2184 5643 tropicus

608 5660 852 5716 hiemalis
900 5668 1002 5728 est,
1032 5661 1174 5718 unde
1202 5662 1269 5717 ad
1298 5676 1396 5717 nos
1426 5663 1507 5717 sol
1537 5663 1882 5733 convertitur,
1909 5666 1997 5736 qui
2025 5667 2093 5721 sit
2131 5667 2185 5722 in

610 5761 798 5808 octava
828 5761 979 5824 parte
1016 5751 1343 5825 Capricorni.
1391 5755 1528 5811 Sunt
1572 5770 1781 5826 quoque
1829 5756 1935 5812 duo
1991 5757 2183 5828 coluri,

611 5859 838 5916 quorum
885 5858 1025 5904 unus
1076 5847 1469 5918 aequinoctialis
1524 5847 1713 5907 dividit
1766 5848 1881 5920 (qui
1937 5848 2188 5908 dicuntur

2285 4642 2540 4697 mamenti
2592 4643 2645 4698 in
2693 4658 2989 4700 convexum
3044 4644 3465 4711 diﬁ‘underetur,
3495 4656 3544 4699 et
3569 4645 3611 4696 in
3637 4633 3794 4705 tropicis

2284 4732 2709 4789 contraheretur.
2756 4733 3052 4805 Oppositio.
3085 4735 3146 4793 Si
3180 4737 3237 4792 in
3292 4736 3507 4808 tropicis
3553 4728 3795 4790 contractior

2284 4834 2365 4880 est
2391 4824 2624 4880 circulus
2649 4824 2800 4895 solis,
2832 4825 2957 4881 facit
2985 4827 3056 4882 ibi
3086 4827 3373 4884 breviores
3395 4828 3526 4895 dies,
3548 4825 3624 4880 ubi
3643 4816 3794 4877 brevius

2285 4920 2448 4976 habet
2476 4920 2608 4986 iter;
2633 4919 2686 4975 in
2718 4920 3103 4991 mquinoctiali,
3140 4923 3239 4978 ubi
3270 4922 3522 4979 laxiorem
3561 4916 3694 4974 habet
3730 4907 3798 4963 cit-

2285 5015 2497 5080 culum,
2530 5022 2584 5068 et
2614 5014 2716 5068 iter
2745 5014 2974 5083 longius,
3021 5016 3150 5072 facit
3194 5017 3315 5072 dies
3366 5016 3638 5088 longiores;
3672 5006 3799 5070 δίαινε

2284 5121 2506 5163 necesse
2554 5115 2637 5161 est
2686 5121 2791 5161 non
2841 5121 3054 5176 semper
3102 5107 3182 5163 ibi
3235 5110 3438 5165 habere
3482 5097 3796 5177 aequinoctium.

2284 5198 2512 5255 Solutio.
2539 5197 2806 5268 Quidquid
2830 5200 3074 5255 recedita
3090 5203 3281 5257 medio
3306 5212 3511 5256 tumore
3536 5184 3798 5251 firmamenti.

2286 5293 2462 5348 minus
2507 5290 2800 5360 impellitur
2844 5290 2987 5347 illius
3038 5294 3249 5364 impetu
3286 5313 3298 5347 :
3332 5295 3408 5349 ita
3456 5291 3535 5349 sol
3574 5284 3736 5359 positus
3764 5276 3799 5330 in

2288 5385 2509 5456 tropicis
2562 5384 2739 5439 minus
2792 5384 3083 5455 impellitur
3141 5403 3311 5457 quam
3369 5386 3469 5441 sub
3526 5366 3799 5451 aequinoctiali
3890 5372 3891 5447 ς

2287 5478 2509 5544 circulo,
2536 5488 2591 5534 et
2620 5487 2818 5534 tantam
2872 5480 3060 5537 circuli
3113 5482 3463 5538 latitudinem
3512 5469 3803 5555 recompeml
3890 5494 3891 5555 ς

2287 5573 2515 5642 impetus
2537 5573 2800 5643 rapacitas
2831 5573 3024 5645 majori
3048 5575 3357 5631 celeritate.
3390 5572 3536 5643 Quod
3555 5576 3700 5625 autem
3716 5554 3803 5613 dicit

2289 5665 2611 5732 Macrobius,
2663 5680 2782 5723 esse
2834 5668 3174 5738 planetarum
3221 5670 3554 5727 celeritatem
3592 5654 3803 5731 aqualem.
3890 5708 3891 5713 η

2291 5762 2391 5817 hoc
2444 5761 2562 5819 ideo
2606 5762 2757 5831 dixit,
2813 5764 2940 5835 quia
2993 5764 3281 5835 mqualiter
3339 5765 3587 5826 nituntur,
3627 5750 3803 5809 sed!Ion

2290 5853 2566 5923 παυειὶιετ
2612 5857 3020 5926 Promoventur,
3063 5865 3125 5913 ut
3164 5865 3420 5914 natantes
3463 5849 3615 5924 aequis
3658 5837 3804 5899 virili“
