4010 6382
252 348 358 406 897

1519 352 1737 413 HUNBI
1774 350 2249 425 CONSTITUTIO,

3400 372 3507 430 898

259 477 448 523 contra
469 475 781 537 torrentem,
804 479 1107 532 nontamen
1128 475 1401 545 aequaliter
1421 486 1821 547 promoventur,
1850 478 1905 540 Δ
1928 476 2347 532 stationalitates
2369 484 2424 534 et
2465 478 2977 550 retrogradationes.
2997 482 3281 553 Saturnus,
3305 496 3365 544 ut
3392 491 3508 549 vult

245 562 501 619 torrentis
521 562 722 634 impetu
746 563 958 622 diverse
982 567 1102 624 illos
1129 568 1471 638 impediente.
1498 568 1574 625 lta
1596 570 1824 641 planetae

244 655 408 712 modo
438 656 787 726 stationarize,
810 659 970 716 modo
991 661 1334 732 retrogradae,
1357 663 1517 718 modo
1539 661 1822 721 altitudine

243 747 439 805 circuli
469 750 793 821 impediente
817 752 884 808 ab
914 754 1102 823 aequali
1130 754 1483 824 promotione.
1509 755 1690 826 Itaque
1732 755 1827 827 qui

241 849 390 897 esset
416 841 517 898 sub
552 851 782 913 perustae
810 844 1008 913 medio,
1058 859 1271 916 semper
1313 846 1533 904 haberet
1579 847 1821 918 mquino-

243 935 431 1001 ctium,
456 943 509 990 et
534 947 766 1005 quatuor
803 937 1049 992 solstitia.
1101 938 1365 1006 Quantum
1405 947 1582 995 autem
1631 940 1824 1011 aliquis

239 1039 272 1080 a
297 1026 477 1083 medie
498 1037 730 1096 perustae
748 1029 814 1084 ad
843 1032 1309 1100 septentrionalem
1329 1032 1535 1102 plagam
1557 1032 1818 1100 tenderet,

242 1126 394 1175 tanto
424 1119 499 1175 illi
533 1122 685 1191 plaga
717 1121 803 1178 illa
831 1123 1150 1194 elevaretur,
1179 1133 1234 1180 et
1265 1124 1526 1179 Australis
1551 1124 1822 1194 deprime-

238 1193 428 1278 retur;
463 1223 515 1268 et
546 1223 676 1282 quot
728 1229 1026 1286 sexagenas
1043 1216 1486 1286 Septentrionalis
1502 1228 1820 1287 assumeret,

239 1309 321 1359 tot
343 1302 605 1361 Australis
626 1306 912 1375 amitteret,
928 1309 1192 1380 recipiens
1211 1311 1389 1366 statim
1412 1311 1822 1381 inmqualitatem

241 1394 457 1452 dierum
484 1407 538 1453 et
560 1400 818 1467 noctium,
851 1400 1022 1457 donec
1044 1402 1275 1471 tandem,
1310 1403 1410 1459 sub
1442 1405 1565 1475 polo
1596 1406 1817 1475 positus,

243 1492 421 1543 totum
449 1489 658 1547 videret
677 1492 1101 1563 aequinoctialem
1143 1496 1423 1564 circulum,
1456 1506 1510 1553 et
1536 1496 1590 1551 in
1621 1499 1823 1555 aestivis

238 1579 413 1650 signis
439 1582 716 1641 dimidium
734 1602 929 1641 armum
952 1586 1169 1643 haberet
1188 1589 1498 1644 continuum
1519 1590 1686 1655 diem,
1706 1591 1822 1648 etin

231 1672 557 1733 hiemalibus
587 1671 754 1746 signis
782 1680 1061 1736 dimidium
1090 1696 1283 1737 annum
1320 1691 1554 1751 noctem,
1587 1664 1823 1740 videret-

230 1784 343 1839 que
372 1771 651 1830 dimidium
684 1776 930 1845 superius
961 1776 1417 1848 hemisphaerium,
1450 1788 1505 1838 et
1536 1779 1814 1837 dimidium

227 1860 479 1922 inferius.

700 1959 779 2015 De
817 1963 1100 2019 meridiano
1140 1967 1353 2022 circulo.

301 2051 437 2105 Sunt
468 2061 726 2122 prmterea
762 2055 869 2112 duo
894 2058 1103 2127 circuli,
1135 2061 1461 2117 meridianus
1484 2071 1539 2119 et
1566 2064 1806 2120 horizon.

219 2140 627 2201 Meridionalem
656 2161 811 2203 suum
838 2165 1064 2221 quaeque
1092 2152 1191 2209 sibi
1220 2168 1353 2223 gens
1373 2155 1558 2223 efﬁcit,
1588 2157 1678 2228 qui
1711 2156 1811 2214 du-

217 2237 371 2293 citur
398 2252 558 2309 super
582 2249 742 2311 caput
769 2256 954 2298 eorum
983 2259 1011 2297 a
1044 2244 1419 2316 Septentrione
1446 2248 1499 2305 in
1526 2250 1806 2320 Austrum,

215 2339 276 2386 et
308 2341 547 2388 mutatur
576 2334 630 2390 in
661 2335 900 2404 quolibet
925 2352 1107 2409 passu,
1153 2348 1207 2396 et
1236 2340 1362 2398 inde
1405 2351 1487 2398 est
1515 2344 1656 2413 quod
1686 2359 1807 2401 cum

215 2424 384 2480 nobis
411 2433 494 2480 est
518 2427 787 2495 meridies,
820 2430 1248 2489 Occidentalibus
1274 2434 1345 2490 sit
1371 2433 1583 2501 Oriens,
1610 2446 1664 2493 et
1693 2454 1808 2496 me-

213 2517 310 2571 dia
338 2532 443 2572 nox
463 2517 546 2574 his
568 2520 657 2590 qui
687 2531 811 2577 sunt
838 2523 888 2578 in
910 2525 1090 2581 medio
1119 2525 1388 2585 inferioris
1414 2528 1803 2601 hemisphaerii.

212 2609 285 2667 Et
316 2611 397 2667 sic
425 2611 482 2668 in
510 2614 700 2673 ordine
727 2626 1001 2689 computa.

815 2710 895 2766 De
930 2713 1207 2768 Iwrizonte.

289 2795 525 2854 tlorizon
557 2808 657 2867 est,
690 2800 800 2871 qui,
845 2803 1218 2861 consideratus
1266 2804 1317 2859 in
1365 2818 1519 2876 aquae
1559 2805 1801 2877 planitie,

208 2886 300 2941 vel
338 2896 518 2956 terrae,
546 2892 922 2949 terminabitur
960 2896 1013 2951 in
1046 2897 1403 2955 anterioribus
1447 2914 1551 2956 cxx
1593 2901 1801 2970 stadiis,

207 2979 268 3026 et
319 2983 468 3029 retro
512 2976 758 3046 totidem,
797 2981 843 3035 si
875 2981 1130 3038 ambitum
1180 2984 1298 3055 ejus
1342 2986 1801 3057 comprehendere

204 3067 485 3133 volucris;
537 3070 742 3140 triplica
782 3074 901 3140 ejus
950 3074 1269 3131 diametrum
1324 3091 1446 3133 cum
1499 3077 1801 3149 adjectione

206 3163 457 3225 septena:
504 3160 668 3228 partis
725 3163 997 3230 diametri,
1046 3177 1099 3222 et
1145 3166 1367 3223 habebis
1415 3169 1800 3240 longitudinem

207 3247 334 3317 ejus
378 3249 630 3309 ambitus.
661 3252 899 3311 Horizon
941 3265 1118 3313 autem
1146 3257 1342 3314 dicitur
1371 3260 1589 3330 proprie
1620 3262 1798 3318 termi-

207 3342 355 3399 nalis
375 3344 626 3404 circulus.

614 3448 622 3455 ‘
704 3441 784 3497 De
819 3444 1313 3501 constellationibus.

277 3531 426 3588 Sunt
471 3544 731 3603 praeterea
779 3537 1025 3607 quaedam
1076 3539 1247 3595 stellae
1276 3554 1395 3611 quae
1425 3540 1586 3613 longo
1633 3543 1799 3599 inter-

205 3625 357 3681 vallo
396 3627 651 3697 temporis
693 3629 1008 3701 interposito
1045 3632 1382 3702 exoriuntur,
1413 3642 1469 3690 et
1515 3634 1801 3705 designant

202 3721 458 3789 morbos,
487 3732 548 3777 ut
576 3724 850 3795 Canicula,
879 3742 997 3797 quae
1019 3735 1140 3797 post
1165 3727 1576 3799 quadriennium
1605 3732 1797 3797 oritur,

202 3828 391 3883 neque
418 3813 474 3868 in
502 3815 694 3872 iisdem
736 3816 888 3884 locis,
921 3819 1044 3889 quia
1086 3819 1306 3875 interim
1343 3820 1544 3891 aliquid
1570 3820 1653 3877 sui
1679 3836 1802 3879 cur-

200 3920 299 3961 sus
332 3905 620 3975 expletur;
650 3924 826 3980 neque
854 3911 1109 3967 continuo
1152 3911 1351 3966 malum
1382 3912 1645 3984 designat,
1677 3929 1798 3969 nam

199 4005 548 4069 temperatur
575 3999 641 4055 de
687 4000 1057 4071 adjacentibus
1090 4002 1249 4060 bonis
1279 4004 1467 4076 signis,
1499 4007 1585 4062 vel
1616 4006 1798 4076 plane-

197 4090 298 4158 tis,
328 4088 390 4145 in
418 4105 649 4161 quorum
696 4092 984 4150 domiciliis
1013 4102 1106 4150 aut
1149 4105 1253 4161 est,
1283 4105 1376 4151 aut
1423 4097 1666 4166 respicit.
1693 4096 1801 4153 Do-
1826 4090 1831 4095 ’

196 4181 471 4258 micilium
521 4183 667 4239 illius
696 4185 1006 4255 perhibetur
1033 4200 1154 4267 esse
1194 4186 1251 4241 in
1300 4200 1397 4242 ore
1425 4185 1643 4254 Leonis,
1695 4202 1800 4258 quo

193 4274 339 4331 dum
391 4275 475 4332 sol
512 4278 680 4345 venit,
728 4279 1058 4338 caniculares
1098 4280 1216 4338 dies
1260 4268 1382 4338 esse
1418 4282 1690 4338 dicuntur.
1725 4282 1799 4339 De

195 4372 478 4442 principio
511 4372 704 4430 Leonis
754 4390 922 4447 usque
946 4377 1016 4432 ad
1062 4376 1406 4433 medietatem
1439 4390 1533 4446 per
1563 4392 1631 4431 xv
1657 4375 1795 4433 dies.

188 4463 251 4519 Si
290 4478 426 4520 vero
454 4463 710 4521 Canicula
739 4481 859 4523 cum
886 4467 1002 4524 sole
1030 4468 1213 4534 fuerit,
1245 4467 1492 4524 ardorem
1520 4468 1792 4538 designat.

1924 563 2249 635 Macrobius,
2282 582 2349 625 ex
2380 571 2751 641 magnitudine
2799 573 3005 642 circuli,
3057 589 3367 638 xxx.annos
3405 597 3503 652 po-

1924 656 2020 712 nit.
2052 657 2201 715 Luna
2249 675 2405 732 vero,
2433 677 2500 718 ex
2543 663 2742 721 circuli
2784 666 3067 738 brevitate,
3098 685 3338 729 mensem
3388 682 3506 731 tan-

1925 755 2038 804 tum
2071 754 2238 820 ponit.
2292 754 2609 826 Quicunque
2638 771 2768 813 vero
2820 760 3154 829 planetarum
3199 773 3406 822 teneret
3432 766 3509 824 di-

1923 840 2259 899 midietatem
2287 845 2499 902 itineris
2521 847 2759 916 Saturni,
2783 850 2873 908 ille
2899 854 3108 911 medius
3136 867 3281 914 esset
3308 859 3502 930 spatio,

1926 933 2052 1001 quia
2082 936 2305 993 vicinius
2332 939 2451 995 aliis
2495 939 2624 996 facit
2660 942 2895 1014 Jupiter;
2929 948 3069 1003 unde
3101 963 3270 1020 prope
3295 952 3506 1011 medius

1924 1036 2006 1081 est
2035 1030 2233 1098 spatio,
2284 1046 2391 1087 non
2442 1050 2688 1091 numero.
2737 1038 2827 1094 Sol
2876 1048 3055 1097 autem
3104 1058 3348 1115 numero,
3395 1061 3504 1104 non

1922 1116 2117 1185 spatio,
2150 1120 2446 1176 secundum
2480 1122 2735 1191 Tullium,
2769 1135 2822 1183 et
2866 1128 3180 1203 Chaldaeos,
3225 1134 3366 1193 inter
3394 1146 3505 1196 ter-

1923 1220 2024 1262 nos
2051 1222 2313 1278 summos,
2345 1221 2399 1266 et
2430 1220 2609 1271 ternos
2640 1216 2796 1273 imos.

1995 1297 2133 1355 Mars
2174 1303 2381 1371 positus
2430 1303 2482 1359 in
2527 1315 2713 1362 centro
2757 1310 2966 1382 mundi,
3006 1315 3052 1369 si
3099 1316 3384 1377 Saturnum
3435 1338 3502 1382 ex

1926 1396 2203 1469 tetragono
2235 1398 2558 1464 respexerit,
2580 1399 2623 1453 si
2652 1403 2903 1469 proximo
2930 1404 3047 1462 loco
3071 1419 3191 1478 post
3219 1428 3340 1468 eum
3368 1415 3500 1472 Mer-

1921 1484 2100 1539 curius
2149 1501 2269 1542 cum
2316 1489 2471 1556 plena
2505 1491 2633 1547 luna
2662 1492 2803 1549 idem
2838 1498 3071 1569 tetigerit
3115 1511 3382 1573 centrum,
3408 1509 3499 1577 qui

1922 1586 2213 1632 nascuntur
2242 1579 2294 1634 in
2344 1580 2433 1636 illa
2477 1581 2665 1639 diurna
2696 1586 2902 1656 genesi,
2936 1590 3243 1649 efﬁciuntur
3271 1596 3497 1655 homici-

1924 1664 2029 1733 dae,
2075 1667 2252 1739 gladio
2293 1674 2491 1744 casuri,
2548 1678 2878 1748 sanguinarii
2928 1685 3169 1754 consilio,
3210 1689 3291 1745 vcl
3335 1692 3494 1762 facto,

1922 1755 2216 1831 libidinosi,
2249 1763 2469 1834 ebriosi,
2520 1768 2857 1839 dmmoniosi,
2888 1786 3215 1836 scrutatores
3261 1794 3497 1842 secreto-

1843 1841 1894 1902 B
1924 1868 2065 1922 rum,
2097 1863 2507 1930 necromantici,
2539 1866 2790 1934 maleﬁci,
2840 1871 3107 1946 sacrilegi,
3138 1879 3404 1948 prmeipue
3449 1881 3497 1938 si

1919 1948 2062 2003 nulla
2082 1963 2335 2023 prospera
2356 1954 2715 2025 impediverit.
2742 1959 2921 2018 Martis
2945 1964 3167 2023 elTectus
3201 1978 3285 2025 est
3312 1972 3414 2027 iste
3439 1973 3496 2031 in

1919 2042 2161 2110 quolibet
2182 2046 2355 2116 signo,
2382 2049 2681 2121 praecipuus
2704 2052 2758 2109 in
2783 2054 2896 2111 suis
2917 2057 3237 2117 domiciliis:
3263 2065 3497 2124 maxime

1915 2132 1960 2188 si
1990 2134 2047 2191 in
2089 2138 2269 2195 medio
2298 2139 2692 2211 domiciliorum
2736 2160 2957 2203 suorum
3002 2150 3209 2220 positus
3249 2164 3493 2212 centrum

1922 2226 2175 2296 tetigerit.
2223 2230 2485 2288 Centrum
2525 2245 2704 2292 autem
2736 2251 2872 2295 voco
2902 2242 3063 2297 modo
3091 2243 3490 2307 Meridionalem

1912 2317 2192 2388 circulum,
2223 2322 2278 2377 in
2306 2339 2413 2395 quo
2442 2325 2566 2383 dum
2609 2327 2770 2385 fuerit
2813 2331 2915 2400 sol,
2966 2333 3088 2391 dico
3126 2336 3276 2394 illum
3324 2339 3489 2399 fuisse

1914 2409 1966 2464 in
1997 2424 2222 2480 centro;
2252 2415 2523 2488 distatque
2549 2422 2829 2490 aequaliter
2858 2424 2926 2480 ab
2969 2425 3188 2486 Oriente
3216 2440 3272 2487 et
3295 2434 3361 2490 ab
3385 2435 3488 2490 0c-

1912 2502 2147 2571 cidente,
2179 2521 2307 2562 raro
2335 2518 2513 2565 autem
2545 2512 2827 2583 aequaliter
2863 2516 2931 2574 ab
2958 2520 3156 2578 Austro
3182 2531 3237 2579 et
3263 2523 3488 2593 Septcn-
3554 2564 3565 2571 -

1910 2595 2107 2663 triane,
2139 2599 2242 2655 nisi
2274 2601 2326 2655 in
2354 2601 2566 2660 duobus
2593 2607 2945 2675 aequinoctiis.

1988 2685 2166 2744 Venus
2195 2699 2248 2745 et
2277 2691 2402 2747 luna
2431 2708 2553 2750 cum
2584 2694 2818 2754 Saturno
2848 2700 2901 2755 in
2929 2700 3143 2761 Saturni
3172 2706 3480 2779 domiciliis,

1909 2775 1961 2831 id
2005 2787 2110 2847 est,
2158 2779 2472 2851 Capricorni
2520 2795 2574 2840 et
2613 2786 2870 2858 Aquario,
2912 2795 3281 2866 existentibus,
3334 2775 3485 2872 quae;

1907 2882 2115 2939 cunque
2167 2872 2417 2930 mulieres
2471 2875 2525 2931 in
2571 2876 2761 2933 diurna
2811 2880 2903 2936 illa
2943 2886 3128 2954 genesi
3172 2903 3484 2965 nascuntur,

1908 2960 2174 3033 viragines
2231 2975 2407 3033 erunt,
2452 2978 2713 3040 promptae
2770 2974 2837 3028 ad
2890 2978 3276 3051 agricultores,
3316 2960 3477 3057 bella,

1907 3053 2098 3108 mdium
2120 3063 2449 3125 structuras;
2474 3075 2594 3128 quae
2623 3070 2748 3119 sunt
2780 3061 3101 3126 feminarum
3128 3053 3481 3147 negligentes,

1910 3155 2198 3215 unguenta,
2242 3148 2624 3223 calceamenta,
2655 3166 2833 3213 vestes
2879 3169 3133 3230 appetent
3162 3164 3290 3221 viris
3333 3181 3482 3226 com-

1907 3252 2115 3305 munes,
2170 3255 2271 3297 nec
2315 3257 2345 3297 a
2390 3245 2597 3303 maritis
2647 3248 3056 3323 redarguentur.
3092 3254 3480 3318 Testimonium

1902 3345 2033 3386 vero
2059 3330 2216 3401 hujus
2250 3336 2496 3402 prohibet
2522 3337 2682 3406 Mars,
2712 3343 2826 3398 sive
2855 3344 2926 3399 sit
2954 3344 3006 3401 in
3033 3346 3225 3404 iisdem
3254 3349 3480 3409 domici-

1904 3422 2011 3489 liis,
2042 3426 2154 3482 sive
2181 3427 2235 3482 in
2261 3427 2449 3486 triceto
2477 3433 2561 3487 vel
2585 3434 2844 3504 quadrato
2874 3442 3190 3507 respexerit.

1976 3515 2153 3574 Venus
2201 3535 2320 3576 cum
2370 3521 2559 3591 Marte,
2607 3525 2661 3581 in
2711 3525 2894 3584 Martis
2934 3528 3226 3601 domicilio,
3279 3537 3335 3593 id
3374 3549 3477 3608 est,

1903 3611 2106 3678 Ariete,
2146 3612 2340 3683 posita,
2374 3615 2419 3672 si
2450 3615 2737 3675 Saturnum
2762 3620 2816 3675 in
2853 3630 3127 3697 tetragono
3155 3633 3477 3701 respexerit,

1902 3703 1948 3758 si
1980 3703 2070 3772 qui
2100 3705 2197 3761 viri
2242 3715 2368 3763 tunc
2415 3719 2729 3778 nascuntur,
2760 3713 3054 3773 eﬂ'eminati
3099 3732 3279 3793 erunt,
3308 3726 3483 3782 virilia

1904 3799 2254 3870 nrgligentes,
2288 3803 2603 3861 mulieribus
2627 3805 2989 3879 indulgentes.
3021 3812 3187 3883 Mars,
3229 3817 3274 3871 si
3309 3817 3482 3875 Vene-

1903 3909 2017 3948 rem
2049 3895 2102 3949 in
2132 3904 2410 3967 tetragono
2446 3900 2764 3969 respexerit,
2796 3902 2844 3958 si
2884 3904 3029 3959 nulla
3060 3905 3353 3964 salubrium
3380 3909 3483 3967 im-

1904 3987 2187 4057 pediverit,
2237 3989 2283 4045 si
2335 3990 2510 4059 quiin
2562 3991 2745 4061 genesi
2774 3993 2865 4048 illa
2895 4006 3207 4064 nascuntur,
3252 3999 3483 4057 adulteri

1904 4088 2083 4146 erunt,
2118 4080 2388 4150 praecipue
2440 4082 2495 4136 in
2540 4084 2884 4141 matrimonio
2929 4098 3151 4155 matres,
3203 4090 3341 4149 tilias
3388 4102 3486 4150 aut

1902 4185 2141 4240 sorores,
2172 4175 2510 4243 copulantes.
2539 4174 2772 4248 Ideoque
2821 4176 3037 4250 tingitur
3061 4174 3353 4243 Mars‘cum
3376 4186 3483 4245 Ve-

1902 4278 2031 4319 nere
2057 4263 2383 4319 adulterium
2433 4277 2796 4337 perpetrasse.
2846 4268 3085 4341 Sphaarae
3133 4281 3329 4333 terram
3380 4278 3478 4335 ha-

1900 4353 2028 4410 bent
2068 4364 2333 4426 centrum,
2363 4357 2459 4413 sed
2502 4358 2887 4418 absides-sunt
2917 4375 3220 4426 excentres.
3248 4369 3478 4431 Absides

1899 4455 2024 4503 sunt
2069 4449 2275 4517 circuli,
2308 4452 2360 4505 in
2389 4451 2581 4522 quibus
2627 4464 2753 4510 sunt
2784 4457 3047 4527 spirarum
3098 4461 3348 4534 divortia,
3378 4467 3487 4525 ubi,

192 4556 387 4613 Sirius
413 4558 499 4611 illa
530 4558 729 4615 dicitur
760 4562 813 4616 in
841 4560 1050 4629 Graeco,
1085 4569 1142 4618 et
1171 4570 1253 4618 est
1292 4561 1513 4633 cynicus
1540 4576 1730 4630 annus,
1763 4578 1792 4618 a
1820 4579 1876 4644 Ι)
1902 4550 2152 4644 ηθξέίηίξτ
2197 4544 2454 4644 “fuime
2501 4555 2555 4600 ⁸⁸
2602 4548 3109 4644 “lmﬁrédélimes-
3151 4554 3382 4614 Αθδίδθδ
3421 4559 3478 4616 in

190 4662 403 4718 cynos,
438 4647 532 4718 qui
579 4657 661 4704 est
706 4649 868 4706 Canis
902 4650 1043 4705 1160
1067 4651 1213 4707 anni.
1247 4649 1487 4722 ngyptii
1538 4661 1794 4720 praeterea

188 4739 348 4793 Abas
387 4749 585 4795 Vocant
611 4743 895 4812 quamdam
942 4745 1177 4811 stellam,
1205 4760 1326 4816 quae
1374 4743 1574 4801 eisdem
1626 4745 1795 4802 inter-

186 4832 354 4887 vallo
388 4834 643 4904 temporis
668 4837 861 4903 oritur,
883 4835 1036 4907 cujus
1060 4836 1247 4893 timent
1274 4836 1676 4893 adversitatem.
1709 4836 1795 4893 Vi-

186 4924 338 4981 dent
371 4925 515 4980 enim
565 4926 622 4981 hi
669 4928 871 4998 aliquas
901 4929 1085 4985 stellas
1127 4944 1246 5000 quae
1295 4943 1326 4983 a
1378 4928 1554 4996 nobis,
1587 4938 1794 4988 tumore

188 5029 371 5076 terra:
420 5019 833 5089 interveniente,
871 5039 979 5079 non
1033 5024 1297 5091 videntur,
1332 5033 1392 5080 ut
1437 5025 1690 5097 Canopon
1739 5027 1794 5083 in

185 5114 481 5184 principio
510 5112 744 5187 Egypti.
782 5118 878 5173 ESt
909 5127 962 5174 et
990 5119 1115 5187 alia,
1154 5135 1272 5190 quae
1312 5121 1480 5176 semel
1523 5123 1603 5191 (ut
1652 5124 1793 5195 reor)

181 5206 483 5286 apparuit,
514 5222 614 5265 nec
660 5210 802 5265 ultra
848 5209 1033 5266 forsan
1081 5213 1380 5282 apparebit,
1414 5212 1642 5281 scilicet,
1674 5230 1793 5286 qua

178 5284 642 5365 incarnationem
673 5295 841 5357 t‘ribus
872 5301 1040 5373 magis
1071 5301 1345 5357 indicavit.

422 5390 500 5445 De
540 5392 872 5460 planetarum
911 5395 1093 5450 ordine
1131 5403 1178 5449 et
1216 5395 1588 5465 designatione.

260 5482 437 5539 Solet
460 5484 771 5554 magnitudo
796 5484 883 5541 vel
914 5486 1148 5557 qualitas
1176 5485 1501 5541 circulorum
1528 5501 1592 5542 ex
1622 5501 1794 5569 quan-

176 5580 364 5635 titate
414 5575 507 5632 illa
535 5576 874 5649 planetarum
927 5579 1279 5651 deprehendi,
1330 5588 1387 5633 ut
1431 5586 1631 5649 quanto
1675 5580 1793 5649 plus

176 5672 473 5743 temporis
520 5672 575 5728 in
619 5671 936 5729 circuitione
979 5683 1277 5742 consumat,
1335 5673 1426 5727 illa
1473 5672 1790 5744 ampliorem

168 5766 474 5824 circulum
517 5764 730 5834 habeat,
763 5765 887 5826 licet
910 5765 1013 5823 hoc
1036 5765 1355 5838 quibusdam
1387 5780 1490 5820 non
1519 5763 1788 5832 videatur,

167 5878 325 5921 cum
358 5859 672 5932 magnitudo
702 5860 889 5921 circuli
918 5876 1023 5920 non
1054 5861 1120 5921 sit
1154 5859 1265 5918 sola
1296 5874 1476 5925 causa,
1509 5856 1605 5916 sed
1633 5857 1790 5916 etiam

1898 4634 2214 4705 quibusdam
2239 4634 2370 4691 locis
2397 4647 2522 4693 sunt
2546 4647 2702 4695 terrae
2733 4640 3040 4711 viciniores,
3072 4644 3126 4701 in
3155 4647 3471 4716 quibusdam

1899 4726 2256 4784 ﬁrmamento.
2312 4728 2430 4798 Ipsa
2477 4744 2699 4800 vespera
2727 4731 2887 4786 etiam
2938 4734 3204 4803 quoddam
3251 4741 3479 4810 spatium

1898 4823 2208 4896 contiguum
2245 4825 2449 4882 habens
2494 4836 2599 4884 tres
2626 4829 3014 4900 dimensiones,
3043 4831 3280 4905 longum,
3310 4836 3475 4909 latum

1898 4928 1953 4975 et
1992 4920 2180 4975 altum.
2234 4920 2369 4977 Nota
2420 4920 2562 4992 quod
2600 4921 2739 4978 sicut
2785 4923 2955 4995 stellae
2992 4924 3193 4983 faciunt
3219 4930 3478 4990 infractus

1897 5013 2110 5070 ratione
2139 5012 2454 5081 latitudinis,
2480 5015 2553 5071 ita
2583 5003 2784 5072 faciunt
2809 5026 2864 5074 et
2889 5017 3100 5076 ratione
3124 5021 3431 5081 altitudinis.

2335 5106 2415 5162 De
2450 5108 2662 5163 diversis
2697 5110 3030 5181 wquinectiia.

1924 5244 1925 5247 η
1965 5198 2141 5269 Siqui
2169 5207 2290 5254 sunt
2321 5198 2375 5252 in
2408 5198 2588 5254 medio
2634 5209 2888 5269 perustae,
2941 5202 3081 5259 idem
3128 5219 3342 5276 semper
3375 5206 3475 5266 ha-

1895 5289 2024 5347 bent
2056 5289 2469 5361 aequinoctium,
2512 5291 2632 5361 quia
2682 5302 2939 5363 utrosque
2992 5295 3142 5365 polos
3189 5306 3245 5353 et
3286 5313 3474 5360 omnes

1895 5383 2175 5457 parallelos
2225 5387 2441 5454 semper
2489 5384 2670 5441 vident
2704 5386 2982 5456 dimidios;
3024 5390 3158 5445 etsi
3210 5393 3300 5463 qui
3350 5394 3476 5451 inde

1895 5488 2270 5547 removentur,
2321 5475 2437 5533 visu
2466 5476 2591 5535 illos
2634 5493 2742 5535 non
2769 5478 3100 5549 dimidiatur,
3129 5482 3256 5540 item
3297 5500 3472 5557 neque

1894 5571 2323 5645 aequinoctialem
2372 5579 2518 5629 recte
2556 5571 2856 5629 dimidiant.
2887 5573 3040 5643 Quod
3090 5576 3135 5631 si
3177 5586 3281 5644 est,
3334 5594 3470 5635 nun-

1894 5681 2054 5738 quam
2104 5666 2361 5723 habemus
2401 5667 2800 5737 :equinoctium.
2852 5667 3078 5727 Solutio.
3112 5670 3296 5729 Terra:
3342 5675 3469 5746 glo-
3535 5693 3538 5697 ν

1894 5761 2094 5817 bositas
2121 5769 2175 5816 et
2221 5759 2539 5827 ﬁrmamenti
2569 5760 2882 5817 convexitas
2920 5761 3129 5820 confert
3166 5764 3471 5825 dimidieta—

1897 5859 2004 5912 tem
2039 5853 2445 5929 aequinoctialis
2483 5853 2640 5910 lineae
2695 5867 2910 5927 semper
2962 5855 3133 5917 videri
3190 5853 3475 5927 cuiuslibet
