4010 6382
583 328 687 389 899

1044 328 1253 388 BEDIE
1293 330 1745 388 VENERABILIS
1781 320 1931 386 OPP.
1976 312 2155 382 PARS

2282 316 2473 379 SEC’I‘.
2517 314 2581 380 ιι.
2620 353 2688 367 -
2717 323 2925 384 DUBIA
2964 326 3053 383 ET
3088 326 3342 391 SPURIA.
3659 346 3734 411 θα)

582 445 866 518 positionis
895 446 1229 512 hominibus,
1276 446 1377 503 nisi
1426 446 1557 503 suus
1606 444 1692 501 his
1736 442 1827 514 qui
1879 442 1982 499 sub
2027 440 2165 512 potis
2190 437 2242 499 Δ
2269 437 2399 492 tunc
2426 437 2565 494 ultra
2592 439 2744 507 illos;
2776 443 2873 498 sed
2905 443 3175 515 faltuutur,
3204 458 3362 522 neque
3383 454 3507 512 enim
3535 468 3655 521 recte
3673 481 3738 523 vo-

586 547 737 594 recte
776 537 1050 604 habitant;
1077 537 1155 593 illi
1200 544 1343 594 enim
1391 546 1555 593 totam
1586 536 1773 593 vident
1818 535 2172 606 cquinoctis-

582 633 691 689 lein
734 632 787 688 in
814 642 914 689 suo
944 632 1247 701 horizonte,
1282 630 1588 703 habentque
1638 632 1801 687 etiam
1854 629 1959 685 hoc
2010 627 2171 684 modo

584 723 982 795 «quinctium,
1014 724 1155 795 quod
1185 736 1284 781 sex
1327 725 1501 794 signa,
1535 723 1591 779 id
1623 730 1726 790 est,
1776 720 2032 778 dimidius
2075 734 2173 775 an-

586 828 690 874 nus
720 816 948 885 confert,
978 818 1063 873 vel
1093 818 1237 874 diem
1263 817 1605 882 continuum,
1651 822 1705 871 et
1735 824 1829 869 sex
1860 813 2009 883 signa
2041 812 2169 869 reli-

581 920 710 978 qua,
745 907 799 964 id
827 912 932 974 est,
956 908 1215 964 dimidius
1242 918 1417 963 anuus
1448 908 1757 962 continuam
1786 908 2025 962 noctem.

1084 999 1190 1055 Cur
1224 1000 1387 1055 steilw
1425 1000 1682 1053 videnlur.

654 1093 786 1152 Scit!
825 1092 1126 1159 occidente,
1158 1106 1283 1149 cum
1329 1093 1541 1149 decima
1583 1087 1767 1162 quinta
1798 1100 2010 1162 quoque
2036 1102 2169 1161 pars

583 1185 723 1259 signi
752 1186 1010 1243 occiderit
1034 1197 1157 1260 post
1187 1189 1359 1257 illum,
1388 1188 1498 1259 jam
1528 1198 1706 1245 tamen
1756 1187 1837 1244 sol
1864 1184 2169 1253 descendit,

582 1279 675 1349 Qui
704 1279 927 1336 utboua
970 1289 1133 1338 terras
1172 1280 1307 1353 erigi
1355 1284 1565 1353 incipit,
1612 1283 1766 1354 cujus
1794 1282 1964 1354 gratia
2015 1281 2168 1354 signa

579 1369 857 1439 videmus;
885 1372 977 1443 qui
1025 1371 1132 1429 nisi
1166 1382 1384 1440 essent,
1418 1386 1691 1444 nunquam
1737 1374 1920 1429 stellas
1962 1373 2173 1429 videre-

582 1478 724 1534 mus,
755 1465 886 1523 solis
930 1465 1133 1523 lumine
1161 1466 1358 1523 diurno
1395 1468 1581 1525 oculos
1625 1468 1974 1539 impediente.
2004 1462 2174 1525 Nocte

583 1570 762 1616 autem
793 1559 926 1616 illud
954 1561 1111 1618 nobis
1142 1562 1432 1631 subtrahit,
1466 1576 1564 1618 nec
1589 1571 1765 1618 tamen
1798 1576 1864 1619 eo
1905 1560 2086 1617 minus
2115 1559 2167 1617 in

580 1654 768 1711 stellas
794 1663 849 1711 et
877 1654 1157 1725 superiora
1187 1655 1389 1727 dirigit.

653 1746 1105 1818 Philosophorum
1134 1748 1403 1806 sententia
1452 1756 1556 1817 est,
1586 1748 1731 1821 quod
1760 1747 1954 1804 animm
1985 1748 2173 1805 solum

2276 538 2403 586 unt
2428 529 2704 589 Orietttem
2736 536 2817 592 vel
2842 534 3206 597 Occidentem.

2630 622 2711 681 De
2744 628 2869 683 satis
2905 644 3147 699 eguerunt
3184 639 3464 698 nominibus.

2342 715 2437 771 Sol
2480 719 2775 775 secundum
2805 730 2992 791 poetas
3022 723 3214 782 dicitur
3240 729 3299 784 in"
3321 740 3461 788 curru
3492 736 3595 792 vehi
3630 755 3743 812 quem

2272 813 2493 868 trahunt
2522 814 2666 883 equi,
2699 828 2933 885 quorum
2979 818 3097 874 haec
3132 828 3253 877 sunt
3280 828 3497 896 nomina,
3524 835 3746 895 secundum

2274 900 2632 977 Fuigentium.
2681 908 2910 980 Primus,
2940 911 3213 984 Erythras,
3258 915 3309 972 id
3334 928 3427 987 est,
3453 923 3635 994 rubens,
3660 930 3748 998 quia

2272 1008 2435 1053 mane
2459 998 2540 1053 sol
2571 999 2748 1056 rubet.
2780 1000 3065 1059 Secundus
3087 1005 3307 1075 Acteon,
3323 1009 3372 1065 id
3401 1022 3491 1081 est,
3515 1015 3748 1089 splendens,

2276 1093 2401 1162 Quia
2432 1094 2577 1150 circa
2618 1095 2830 1152 tertiam
2880 1097 3077 1156 clarius
3126 1100 3284 1159 lucet.
3329 1103 3518 1162 Tertius
3558 1106 3750 1183 Lampon,

2274 1184 2327 1241 id
2352 1196 2457 1254 est,
2493 1189 2723 1256 ardens;
2772 1200 2895 1247 nam
2941 1192 2995 1248 in
3045 1194 3265 1252 meridie
3307 1206 3386 1254 est
3428 1199 3739 1261 fervidissimus

2273 1279 2506 1347 Quartus
2536 1282 2806 1355 Pbiloges,
2839 1285 2895 1340 id
2922 1294 3026 1355 est,
3067 1300 3256 1346 amans
3287 1302 3497 1361 terram;
3526 1310 3625 1353 nam
3648 1298 3755 1357 nobis

2275 1373 2577 1432 occidendo
2615 1376 2825 1433 videtur
2861 1379 3204 1451 apprOpiare.
3257 1384 3360 1439 Sed
3386 1386 3635 1443 secundum
3673 1391 3756 1445 Ori-

2273 1465 2419 1553 dium
2451 1467 2615 1525 habet
2649 1469 2751 1525 alia
2784 1470 2899 1526 haec
2944 1472 3160 1530 nomina
3197 1493 3210 1529 :
3242 1474 3396 1545 Eous,
3426 1477 3475 1534 id
3496 1489 3587 1549 est,
3611 1483 3758 1553 oriens,

2275 1544 2638 1633 vel'surgens.
2682 1562 2908 1633 Ethon,
2957 1564 3008 1620 id
3038 1572 3143 1632 est,
3187 1544 3389 1626 elatus.
3419 1544 3601 1643 Pyrois,
3624 1572 3664 1629 id
3685 1544 3755 1644 est,

2277 1655 2465 1725 lgneus
2491 1674 2502 1708 :
2529 1654 2792 1728 Phlegon,
2827 1657 2879 1713 id
2922 1668 3024 1724 est,
3058 1661 3297 1729 acclivis,
3325 1664 3438 1733 quia
3479 1666 3667 1735 primum
3701 1668 3756 1724 soi

2274 1747 2465 1816 surgit,
2493 1746 2688 1803 dehinc
2717 1749 2979 1817 elevatur,
3024 1760 3211 1821 postea
3241 1753 3425 1825 i‘ervet,
3455 1757 3503 1812 in
3528 1756 3616 1815 ﬁne
3635 1771 3759 1816 autem

581 1854 612 1895 ι
642 1816 892 1911 corpore“
915 1844 1102 1911 velint,
1142 1843 1343 1902 debent
1389 1852 1445 1903 et
1492 1816 1719 1916 possint,
1753 1842 2167 1917 reincorpOrari.
2201 1816 2250 1885 Β
2276 1836 2381 1894 diei
2412 1838 2701 1896 inclinatur
2727 1841 2795 1896 ad
2822 1856 3096 1900 occasum.

582 1932 783 2001 Veiint,
819 1934 966 2004 quia,
997 1942 1183 2006 potato
1221 1932 1465 2004 Lethaeo,
1498 1934 1677 1994 oblita:
1708 1946 1834 1995 sunt
1861 1938 2164 2007 praeterito-

581 2037 727 2092 rum,
753 2027 1108 2100 videntesque
1132 2031 1415 2100 prmmium
1439 2031 1544 2088 sibi
1575 2032 1933 2103 propositum,
1957 2034 2003 2089 si
2031 2032 2170 2090 bene

580 2117 879 2174 meruerim
920 2120 975 2176 in
1009 2130 1256 2191 corpore,
1292 2122 1602 2180 desiderant
1653 2125 2006 2197 incorporari.
2041 2120 2170 2182 Pos-

579 2218 726 2276 sunt,
754 2212 877 2281 quia
906 2222 1033 2271 sunt
1080 2214 1439 2276 immortales.
1490 2216 1697 2275 Debent
1729 2227 1825 2290 per
1873 2221 2169 2277 necessita-

581 2308 713 2372 tem,
744 2305 868 2376 quia
900 2320 1020 2364 cum
1050 2310 1289 2379 quotidie
1318 2326 1454 2368 nova
1485 2323 1741 2369 creentur
1766 2324 2020 2385 corpora,
2054 2315 2171 2371 ani-

579 2409 683 2451 mal.
712 2406 839 2453 vero
867 2398 1032 2455 semel
1060 2396 1176 2470 iam
1226 2401 1295 2457 ab
1342 2400 1553 2474 origine
1581 2416 1771 2461 omnes
1797 2414 1993 2461 creatae
2022 2413 2166 2461 sunt.

579 2488 814 2547 Necesse
843 2501 927 2548 est
962 2506 1087 2549 vero
1117 2510 1236 2566 quae
1268 2495 1415 2566 prius
1448 2506 1605 2554 erant
1636 2499 1993 2569 incorporatae
2026 2500 2169 2556 rein-

577 2593 954 2653 corporentur.
982 2586 1087 2642 Sed
1116 2602 1237 2644 cum
1271 2587 1373 2645 hoc
1400 2588 1595 2648 debeat
1624 2584 1814 2649 JEneae
1843 2592 2005 2665 (teste
2044 2588 2170 2649 Vir-

578 2671 729 2745 gilie)
760 2685 907 2746 pater
933 2677 1192 2736 Anchises
1223 2680 1529 2753 ostendere,
1569 2684 1732 2742 altius
1775 2684 1985 2755 incipit,
2019 2685 2167 2741 scili-

580 2774 685 2833 cet,
715 2770 783 2825 ab
809 2768 900 2825 iiio
939 2773 1080 2844 quod
1112 2770 1284 2830 Graeci
1323 2774 1535 2847 Topan,
1582 2774 1635 2834 id
1683 2788 1788 2849 est,
1814 2774 2036 2845 Totum,
2065 2796 2163 2835 vo-

581 2869 722 2929 cant,
759 2863 902 2934 quod
932 2864 1031 2920 sub
1059 2867 1311 2936 quinario
1339 2867 1651 2925 includitur.
1686 2869 1824 2927 Sunt
1862 2871 2007 2927 enim
2034 2886 2166 2941 qua-

581 2960 702 3007 tuor
753 2954 1059 3023 eleutent’a,
1109 2956 1278 3027 ignis,
1329 2972 1443 3026 aer,
1497 2973 1655 3030 aqua,
1705 2971 1870 3027 terra,
1899 2964 1956 3016 et
2000 2958 2161 3017 Deus.

583 3042 811 3101 Mundus
835 3047 977 3101 enim
1009 3060 1113 3103 non
1141 3058 1315 3119 poteSt
1346 3056 1514 3106 totum
1550 3051 1752 3122 vocari,
1794 3051 1897 3108 nisi
1925 3052 2072 3123 prius
2113 3052 2163 3108 ei

580 3135 757 3195 infuso
797 3138 978 3196 divino
1026 3140 1240 3212 spiritu,
1290 3159 1449 3213 quem
1497 3145 1731 3200 animam
1784 3160 2055 3203 vocamus.
2084 3144 2162 3201 Ex

575 3229 854 3287 elementis
883 3233 1027 3288 enim
1077 3243 1131 3291 et
1186 3234 1363 3291 anima
1408 3234 1522 3292 illis
1567 3236 1764 3307 infusa,
1814 3248 2163 3307 procreantur

570 3326 771 3383 oMnia.
825 3324 977 3383 Unde
1027 3322 1147 3383 cum
1200 3326 1472 3399 duplicem
1527 3337 1772 3385 naturam
1823 3328 2159 3399 habeamus,

574 3415 863 3473 videndum
906 3427 986 3475 est
1030 3416 1171 3490 quod
1216 3418 1283 3475 ab
1309 3420 1581 3478 alimentis
1621 3421 2018 3493 quodammodo
2046 3420 2178 3480 sor?

571 3509 790 3566 tiamur.
824 3513 1305 3583 Deprelienderunt
1345 3517 1488 3572 enim
1532 3515 1842 3588 philosophi
1870 3517 2012 3588 quod
2052 3519 2162 3589 spi-

571 3602 735 3658 ritum
764 3618 794 3659 a
838 3602 950 3663 Deo
978 3607 1399 3681 accepissemus,
1429 3611 1553 3681 quia
1585 3612 1701 3682 ipse
1730 3624 1813 3668 est
1842 3611 2155 3679 invisibilis;

572 3696 714 3754 unde
758 3707 943 3756 auctor
982 3715 1225 3758 summus
1274 3702 1439 3771 Deus,
1472 3719 1501 3758 a
1547 3720 1655 3775 quo
1685 3705 1835 3761 ducit
1876 3706 2157 3777 originem,

571 3804 768 3860 corpus
793 3800 978 3850 autem
1005 3794 1075 3851 ab
1097 3796 1403 3865 elementis,
1435 3797 1557 3868 quia
1589 3797 1727 3853 sicut
1752 3799 2016 3856 elementa
2037 3809 2162 3857 sunt

569 3880 822 3953 visibilis,
848 3885 925 3942 sic
953 3897 1007 3944 et
1028 3899 1255 3959 corpora
1287 3898 1495 3958 nostra,
1525 3900 1579 3946 et
1608 3890 1747 3947 sicut
1775 3890 1864 3947 illa
1912 3891 1980 3947 de
2018 3901 2163 3948 statu

571 3975 625 4031 in
655 3984 853 4034 statum
878 3989 1158 4037 mutantur
1181 3998 1275 4052 per
1297 3984 1695 4043 contextiouem
1724 3993 1778 4040 et
1798 3984 2161 4044 recontextio-

572 4080 695 4123 nem
727 4069 830 4136 sui,
863 4070 943 4125 sic
968 4084 1195 4141 corpora
1246 4082 1432 4129 nostra
1474 4071 1702 4130 diversis
1746 4072 1921 4132 modis
1948 4072 2159 4133 varian-

572 4445 628 4493 et
651 4437 979 4496 iuvariabilis
1002 4444 1159 4498 estin
1193 4442 1277 4499 sui
1305 4454 1517 4513 natura,
1542 4457 1600 4503 ut
1630 4458 1817 4504 auctor
1838 4464 1992 4516 suus,
2019 4451 2161 4535 unde

572 4531 732 4587 etiam
762 4544 947 4589 servat
993 4536 1374 4605 aeternitatem,
1420 4555 1617 4610 corpus
1668 4552 1846 4599 autem
1891 4531 2381 4631 composi—Diur.
2413 4537 2645 4604 εοὶιίθοῑ,
2691 4537 3031 4631 ςταηύἱηιιιιιι
3087 4538 3328 4631 "Militis

572 4629 683 4678 tum
733 4631 788 4679 et
830 4627 1195 4697 corruptibile.
1242 4626 1396 4684 Circa
1428 4627 1543 4684 haec
1575 4630 1717 4686 enim
1759 4642 2005 4689 versatur
2049 4636 2165 4691 An-

568 4714 736 4772 chisae
783 4714 1024 4785 intentio,
1060 4728 1113 4774 ut
1143 4719 1443 4776 animarum
1474 4720 1855 4780 immortalitas
1902 4726 2161 4782 ostenda-

572 4818 675 4865 tur.
711 4810 793 4864 Ad
822 4812 961 4879 quod
1010 4814 1132 4884 quia
1162 4816 1389 4871 dchrsm
1438 4829 1727 4874 occurrunt
1770 4820 2164 4890 oppositiones,

571 4900 786 4957 videndi
830 4911 954 4957 sunt
1000 4905 1193 4960 diversi
1225 4906 1665 4978 philosophorum
1696 4924 1932 4977 errores,
1966 4927 2162 4969 omnes

572 4994 734 5061 enim,
777 4994 872 5050 sed
903 5010 1006 5050 non
1037 4996 1223 5053 eodem
1272 4998 1431 5056 modo
1458 5002 1729 5058 errabant.
1761 5002 1988 5071 Quidam
2016 5007 2163 5061 enim

572 5086 819 5144 dicebant
858 5089 1061 5145 animas
1104 5102 1310 5148 creatas
1357 5108 1479 5151 esse
1519 5095 1587 5150 ab
1623 5097 1833 5167 origine
1870 5098 2078 5166 mundi,
2107 5108 2169 5156 et.

574 5181 777 5251 pesitas
807 5180 858 5238 in
882 5196 1164 5255 compares
1210 5184 1393 5242 stellas
1448 5198 1699 5259 tanquam
1728 5187 1781 5245 in
1808 5189 2076 5258 vehicula,
2104 5204 2167 5248 ut

573 5275 842 5335 discerent
869 5278 1242 5335 rationabilem
1275 5289 1476 5337 motum
1499 5280 1845 5340 ﬁrmamenti.
1869 5284 1975 5341 Alii
2000 5301 2163 5342 uuam

578 5368 780 5426 tantum
812 5384 930 5427 esse
974 5373 1297 5428 mundanam
1340 5374 1599 5446 animam,
1631 5393 1752 5448 quas
1782 5378 1961 5434 omnia
2009 5394 2161 5435 com-

573 5460 701 5531 plet,
748 5466 927 5519 omnia
975 5476 1245 5536 penetrat,
1302 5469 1482 5524 omnia
1512 5469 1766 5527 viviﬁcat.
1811 5471 1917 5529 Alii
1966 5483 2165 5546 printer

572 5557 893 5613 mundanam
927 5574 1048 5616 esse
1078 5560 1366 5619 humanas.

647 5646 873 5706 Videtur
920 5652 1186 5725 aliquibus
1240 5652 1357 5711 sole
1408 5654 1584 5725 posito
1630 5654 1685 5711 in
1740 5653 1969 5728 Cancro,
2018 5660 2163 5730 quod

575 5734 713 5793 ultra
745 5738 864 5797 illos
894 5742 973 5798 sol
1005 5744 1248 5811 occidat;
1281 5748 1359 5804 sic
1390 5755 1444 5803 et
1483 5747 1551 5803 de
1596 5748 1744 5819 luna,
1775 5762 1897 5805 cum
1942 5751 1995 5807 in
2023 5750 2165 5807 Can-

575 5846 667 5889 cru
697 5831 863 5890 fertur
894 5837 946 5891 in
980 5850 1253 5906 occasum,
1294 5840 1434 5910 quod
1480 5856 1547 5897 ex
1584 5844 1681 5897 hac
1731 5849 1883 5913 parte
1927 5842 2067 5901 sicut
2108 5856 2166 5902 et

2782 1934 2861 1991 De
2896 1938 3069 1994 mima
3106 1938 3351 1996 “manu.

2345 2026 2444 2095 Qui
2471 2034 2651 2083 autem
2680 2038 2930 2085 asserunt
2953 2032 3161 2088 anirnas
3192 2044 3313 2090 esse
3339 2034 3403 2091 ab
3431 2030 3607 2106 origine
3632 2037 3761 2093 mundi

2276 2128 2509 2187 creatas,
2552 2121 2737 2177 dicunt
2762 2122 2883 2178 illas
2912 2134 3035 2180 esse
3062 2125 3196 2183 sitas
3223 2126 3277 2182 in
3302 2126 3609 2198 comparibus
3630 2129 3763 2193 stellis,

2274 2220 2336 2267 ut
2384 2212 2659 2271 discerent
2712 2216 3091 2273 rationabilem
3149 2226 3351 2276 motum
3406 2220 3694 2286 ﬁrmamenti,
3729 2229 3766 2275 ut

2273 2317 2398 2359 cum
2425 2318 2522 2375 spe
2549 2313 2606 2361 et
2631 2305 2904 2363 desiderio
2931 2320 3161 2365 summa
3190 2309 3518 2367 beatitudinis
3537 2309 3664 2367 etiam
3688 2325 3766 2364 -or-

2274 2409 2612 2468 perarantur,
2644 2401 2938 2456 secundum
2967 2410 3178 2458 motum
3226 2400 3530 2459 ﬁrmamenti
3553 2399 3767 2458 rationali.

2276 2489 2399 2545 liter
2429 2501 2676 2563 regerent
2695 2504 2945 2563 corpora.
2980 2493 3095 2550 Illic
3126 2504 3309 2552 autem
3333 2496 3525 2567 positae,
3550 2495 3768 2565 plenarum

2275 2581 2473 2640 habent
2511 2585 2871 2656 cognitionem
2918 2589 3294 2667 praesentium,
3345 2576 3700 2658 prateritoriim,
3734 2592 3770 2639 et

2272 2674 2599 2746 futurorum,
2628 2693 2861 2749 cumque
2891 2679 2996 2735 iiiis
3030 2679 3291 2736 subvenit
3315 2678 3613 2735 desiderium
3648 2676 3773 2730 incor-

2273 2764 2517 2840 porandi,
2551 2771 2733 2826 statim
2764 2772 3025 2838 incipiunt
3053 2774 3291 2843 gravari,
3324 2780 3378 2828 et
3420 2782 3587 2826 versus
3610 2778 3769 2836 corpora

2272 2861 2483 2919 deduci.
2532 2864 2627 2919 Est
2656 2874 2835 2921 autem
2866 2864 2973 2921 illis
3002 2866 3301 2923 descensus
3330 2878 3357 2919 a
3385 2864 3572 2920 Cancro
3605 2860 3711 2917 sicut
3737 2864 3773 2913 et

2234 2945 2238 2950 ’
2271 2966 2550 3021 ascensus,
2584 2968 2679 3025 per
2705 2955 3089 3026 Capriconum,
3122 2966 3179 3014 et
3205 2936 3572 3014 descendendo.
3602 2961 3773 3023 poma-

2274 3059 2440 3107 teram
2472 3051 2666 3109 Bacchi
2699 3053 2950 3123 primam,
2983 3052 3057 3109 ibi
3090 3064 3281 3124 potant
3307 3050 3608 3108 oblivionem
3635 3041 3775 3117 prioris

2270 3153 2439 3200 status
2487 3138 2589 3212 sui,
2640 3153 2696 3201 et
2745 3144 2870 3201 inde
2918 3144 3230 3201 labentibus
3278 3143 3555 3200 obveniunt
3596 3134 3773 3209 quietiam

2272 3235 2523 3292 aethereze
2553 3245 2609 3292 et
2637 3237 2796 3292 aeria:
2839 3232 3246 3302 obvolutiones,
3291 3246 3345 3293 et
3384 3232 3612 3290 hauriunt
3632 3218 3773 3297 aliquid

2268 3331 2324 3386 in
2355 3332 2581 3401 singulis
2607 3330 2856 3402 sphmris,
2888 3340 2942 3385 ut
2982 3331 3036 3386 in
3082 3332 3258 3401 prima
3289 3324 3498 3386 Saturni
3534 3317 3769 3382 correlatio-

2265 3438 2410 3488 uem,
2445 3422 2495 3477 id
2542 3431 2646 3491 est,
2697 3420 2953 3479 similium
3003 3422 3408 3487 collectionem,
3459 3428 3511 3475 ut
3548 3433 3628 3489 per
3664 3422 3777 3469 unum

2266 3514 2442 3572 simile
2471 3513 2607 3569 sciat
2636 3514 2785 3570 aliud
2822 3514 3153 3584 approbare,
3192 3522 3251 3570 ut
3294 3515 3341 3570 si
3373 3512 3520 3569 velim
3543 3506 3687 3564 album
3709 3503 3774 3556 ali-

2266 3607 2395 3678 quid
2445 3606 2756 3674 ostendere,
2794 3607 2975 3664 dicam
3021 3607 3205 3665 albius
3253 3616 3340 3665 est
3388 3605 3520 3663 nive.
3560 3599 3778 3669 Torporem

2266 3701 2427 3756 etiam
2457 3699 2742 3770 quemdam
2772 3700 2849 3755 ibi
2874 3700 3096 3770 Iccipit,
3134 3703 3189 3755 in
3219 3700 3353 3769 Jove
3382 3695 3635 3754 scientiam
3658 3698 3698 3744 et
3717 3686 3778 3740 de-

2266 3793 2523 3849 siderium
2571 3794 2855 3863 regnandi,
2911 3794 3146 3865 aliisque
3199 3791 3509 3865 imperandi.
3556 3786 3607 3843 lu
3646 3783 3777 3844 ιιιιιο.

2266 3885 2666 3944 animositatem
2724 3888 2973 3955 ardoris;
3020 3888 3079 3945 in
3137 3890 3283 3956 sole,
3325 3888 3431 3944 vim
3460 3877 3685 3944 sentimdi
3719 3885 3782 3947 per

2266 3980 2502 4051 quinque
2549 3993 2769 4047 sensus;
2818 3979 2875 4036 in
2904 3979 3146 4051 Venere,
3193 3981 3533 4053 cupiditatem
3580 3968 3782 4034 fervoris;

2216 4116 2220 4125 .
2267 4075 2323 4129 in
2353 4074 2541 4142 Marte,
2576 4073 2685 4128 vim
2715 4072 3057 4141 disserendi;
3110 4075 3169 4130 in
3217 4073 3369 4140 luna,
3406 4070 3506 4127 vim
3533 4061 3715 4137 augendi
3746 4064 3783 4112 et

574 4169 679 4217 tur.
711 4161 866 4235 item,
900 4165 1081 4223 anima
1109 4169 1386 4225 rationalis
1423 4178 1528 4237 est,
1562 4180 1618 4225 ut
1650 4168 1791 4227 Deus
1820 4188 1851 4229 a
1882 4188 1989 4242 quo
2016 4174 2163 4231 ducit
2209 4160 2218 4216 ί

568 4255 853 4326 Originem.
884 4256 1091 4328 Corpus
1120 4270 1300 4317 autem
1333 4261 1722 4331 irrationabile,
1758 4266 1899 4320 sicut
1945 4274 2001 4322 et
2043 4266 2161 4324 ele-
2203 4289 2206 4293 ’

570 4355 748 4401 menta
772 4348 994 4418 absque,
1022 4348 1217 4407 animm
1245 4352 1527 4409 beneﬁcio.
1550 4354 1702 4422 Item,
1724 4355 1901 4411 anima
1931 4357 2161 4426 simplex

2198 4432 2222 4468 ί
2269 4444 2576 4502 relationes
2605 4446 2660 4501 in
2704 4442 2947 4501 inferiori
2998 4460 3132 4503 aere
3166 4444 3333 4501 variis
3364 4439 3646 4498 tumultibus
3668 4429 3791 4500 pulsﬁ'

2268 4165 2567 4223 minuendi.
2593 4164 2798 4223 Horum
2827 4180 3042 4238 quoque
3070 4168 3324 4223 omnium
3375 4164 3447 4222 ibi
3474 4159 3642 4232 accipit
3662 4152 3786 4211 anima

2268 4260 2378 4316 vim
2433 4268 2487 4316 et
2539 4258 2848 4324 scientiam,
2880 4272 3116 4327 quorum
3171 4270 3354 4314 tamen
3404 4248 3678 4313 exercitium
3714 4252 3786 4296 non

2268 4349 2380 4421 agit
2406 4359 2532 4406 ante
2557 4352 2736 4408 carnis
2761 4350 3217 4417 obrolutionem;
3252 4359 3374 4420 post
3403 4348 3697 4419 planetarum
3725 4332 3789 4387 ob-

3378 4532 3666 4606 pluviarum,
3703 4531 3792 4574 ναὶ·

2274 4638 2474 4698 torum,
2498 4640 2550 4686 et
2578 4629 2795 4685 tandem
2828 4629 3065 4687 tenebris
3095 4629 3357 4700 corporis
3379 4624 3667 4682 obvolvitur,
3687 4607 3795 4709 nihil-

2271 4738 2376 4795 que
2406 4724 2661 4780 scitorum
2692 4721 3028 4789 recordatur,
3055 4722 3204 4778 adeo
3235 4722 3440 4791 irrigua
3466 4714 3595 4773 mole
3616 4711 3794 4775 corvom

2271 4826 2544 4890 gravatur,
2582 4815 2723 4888 quod
2754 4822 2900 4884 patet
2926 4815 2979 4870 in
3023 4814 3264 4871 stultitia
3300 4823 3595 4885 puerorum,
3620 4802 3689 4871 qui
3713 4804 3794 4890 cf?

2271 4884 2415 4967 bone
2448 4884 2660 4965 lucente
2690 4908 2804 4963 laesi
2834 4908 3213 4977 decipiuntur.
3249 4884 3518 4977 Quaeritur
3541 4900 3601 4957 de
3637 4884 3795 4951 obvolu-

2274 5002 2510 5058 tionibus
2536 4999 2776 5067 aetheris,
2824 5014 2890 5055 an
2939 5000 3047 5056 illis
3096 5002 3520 5072 incorporentur
3560 4990 3797 5048 animat.in

2273 5108 2419 5160 non;
2467 5100 2524 5147 et
2571 5091 2759 5147 dicunt
2797 5090 3016 5161 quidam
3069 5093 3225 5161 quod
3280 5092 3391 5147 illis
3451 5081 3799 5154 incorporeum.

2272 5187 2490 5259 quidam
2539 5185 2681 5255 quod
2730 5198 2858 5240 non.
2911 5183 3014 5252 Qui
3061 5193 3256 5240 autem
3286 5185 3477 5240 dicunt
3502 5192 3586 5234 eas
3609 5172 3694 5230 illis
3728 5174 3799 5217 non

2276 5278 2626 5349 incorporari,
2660 5286 2910 5333 asserunt
2942 5275 3090 5345 quod
3124 5276 3184 5333 in
3219 5276 3333 5333 illis
3379 5283 3577 5331 tantum
3607 5262 3802 5322 altst

2278 5385 2364 5429 tur
2386 5385 2570 5429 eorum
2602 5370 2844 5436 claritas,
2874 5378 2932 5425 ut
2958 5370 3147 5441 imago
3174 5372 3249 5427 de
3282 5368 3453 5425 fumo.
3483 5361 3682 5434 Quidam
3712 5357 3801 5404 νοω

2277 5474 2527 5521 asserunt
2571 5477 2662 5519 eas
2705 5463 2814 5518 illis
2861 5462 2998 5518 uniri
3039 5471 3101 5519 et
3154 5458 3518 5534 inccrporari,
3562 5446 3803 5534 mihi”

2285 5556 2581 5627 Macrobio,
2615 5555 2806 5612 anima:
2855 5555 3156 5613 redeuntes
3207 5571 3241 5613 ιι
3291 5531 3519 5627 corpore
3543 5543 3722 5606 easdem
3741 5531 3805 5587 οδ·

2278 5651 2584 5708 volutiones
2633 5631 2756 5705 illuc
2788 5649 3076 5717 reducunt,
3122 5649 3280 5707 unde
3309 5626 3433 5707 illas
3458 5626 3804 5710 assumtum“

2279 5744 2438 5803 Unde
2468 5744 2625 5800 datur
2651 5741 2876 5815 intelligi
2913 5743 3056 5815 quod
3084 5742 3221 5802 illas
3247 5756 3438 5802 secum
3460 5742 3516 5797 in
3537 5736 3726 5804 corpori

2278 5840 2568 5905 duxerant,
2601 5837 2723 5896 ideo
2753 5810 2859 5895 illis
2888 5810 3087 5895 animae
3117 5839 3488 5911 incorporate
3517 5830 3717 5895 [ueruti-
3736 5810 3808 5876 ον
