4010 6382
222 421 312 485 901

1499 413 1706 477 unum
1742 404 2220 475 Cotts'riTU'no.

3379 404 3482 474 90%

215 539 394 613 jicitur
423 555 436 594 :
467 538 607 607 Ergo
652 541 695 592 si
747 539 1111 608 incorporatur
1142 538 1313 592 anima
1357 529 1461 591 illis
1492 537 1788 591 obvolutio-
1823 533 1877 595 Α
1901 532 2184 604 originem.
2225 533 2454 600 Quidam
2493 532 2738 589 dicebant
2786 531 2933 589 illam
2990 536 3109 588 esse
3161 535 3481 606 Sangmn‘em

220 631 392 697 nibus,
420 640 543 685 tunc
574 639 689 686 erat
719 633 910 686 animal
942 642 1224 702 antequam
1271 630 1575 700 perveniret
1605 628 1668 685 ad
1698 633 1797 685 hoc

221 725 445 778 mortale
475 737 691 792 corpus,
725 724 848 793 quia
877 725 1052 780 anima
1093 725 1376 794 conjuncta
1405 739 1526 780 cum
1574 727 1800 793 corpore

222 814 344 872 facit
386 817 604 870 animal.
654 816 760 873 Sed
811 832 916 872 non
965 829 1047 873 est
1083 817 1442 873 necessarium
1473 823 1592 871 cum
1622 816 1798 870 anima

219 907 392 978 juncta
440 917 522 963 est
570 906 761 978 digito,
811 923 915 964 non
969 910 1126 963 iaciat
1175 909 1393 976 animal,
1427 910 1549 978 quia
1603 917 1800 979 praeter

219 1011 411 1069 corpus
440 1010 492 1054 et
523 999 752 1055 animam
805 1003 971 1054 multa
1003 1002 1270 1070 pertinent
1301 989 1366 1055 ad
1397 1000 1641 1056 animalis
1667 1013 1799 1055 con-

221 1096 570 1164 stitutionem,
605 1105 661 1152 ut
708 1098 1048 1164 sensualitas,
1096 1106 1200 1152 ctc.
1237 1095 1443 1152 Anima:
1493 1096 1673 1164 itaque
1718 1093 1796 1149 in-

221 1197 519 1259 corporatte
563 1189 758 1243 dantur
796 1189 914 1244 duae
959 1175 1124 1259 vir'es,
1156 1190 1231 1243 ira
1263 1195 1312 1244 et
1345 1187 1798 1258 concupiscentia,

223 1296 339 1351 ωιτη
372 1294 424 1336 et
455 1281 727 1350 portioiies
755 1282 872 1351 ejus
903 1282 1120 1336 abusive
1150 1281 1419 1338 dicuntur.
1468 1281 1546 1336 ira
1586 1282 1800 1351 quidem

221 1374 394 1441 datur,
429 1384 486 1428 ut
513 1376 771 1428 irascatur
801 1376 974 1440 malis,
1007 1376 1463 1443 concupiscentia,
1505 1375 1563 1430 ut
1591 1382 1801 1446 Semper

220 1468 354 1523 bona
401 1469 600 1537 cupiat.
643 1468 883 1537 Cumque
928 1468 1011 1522 his
1053 1470 1260 1524 viribus
1305 1472 1478 1524 anima
1511 1468 1802 1524 rationabi-

220 1559 342 1614 liter
375 1559 559 1623 utitur,
583 1558 725 1629 jnsta
753 1569 833 1614 est
858 1559 962 1614 vita
1010 1559 1272 1626 hominis;
1303 1576 1424 1615 cum
1469 1562 1644 1616 anima
1675 1576 1802 1617 con-

222 1653 408 1723 trarias
440 1651 557 1704 vias
598 1649 817 1715 intedit,
871 1651 1024 1707 bonis
1075 1652 1378 1719 irascendo,
1423 1663 1472 1709 et
1525 1653 1663 1708 maia
1709 1669 1801 1708 cu-

227 1743 440 1811 piendo,
475 1752 600 1798 tunc
645 1743 993 1812 degenerata
1039 1757 1242 1800 naturae
1271 1761 1380 1801 sua:
1427 1745 1650 1815 origine.
1698 1744 1801 1802 Sed

221 1847 412 1890 rursus
450 1833 517 1888 ad
566 1835 1036 1891 reilluminandam
1080 1837 1343 1892 rationem
1375 1837 1530 1892 datur
1559 1838 1797 1893 doctrina

1903 629 2112 696 cordis,
2156 629 2426 685 imitantes
2465 627 2740 684 Thaletem
2785 621 3081 693 Milesium,
3135 629 3223 698 qui
3269 639 3478 686 aSSere-

1903 723 2030 777 bant
2073 722 2252 778 omnia
2297 737 2359 778 ex
2407 720 2630 778 humore
2674 731 2943 779 constare.
2980 721 3144 780 Stoici
3187 723 3472 792 quemdam

1903 812 2150 882 spiritum
2183 815 2503 882 naturalem,
2529 813 2669 885 quod
2694 815 2990 886 probabant
3017 817 3104 887 tali
3136 814 3479 883 syllogismo:

1903 909 2056 977 Quod
2091 910 2375 966 recedente
2403 908 2471 966 ab
2503 910 2752 978 homine,
2788 909 2949 967 homo
2979 907 3175 966 desinit
3205 921 3328 965 esse
3367 906 3488 961 ani-

1909 1003 2046 1068 mal,
2099 1005 2275 1058 anima
2322 1012 2442 1071 est;
2494 1004 2588 1060 sed
2636 1005 2826 1076 spiritu
2882 1005 3109 1060 naturali
3164 1003 3486 1066 recedente,

1911 1092 2072 1148 homo
2110 1093 2307 1149 desinit
2347 1101 2465 1151 eSSe
2503 1095 2698 1152 animal
2741 1113 2754 1150 :
2787 1109 2914 1166 ergo
2962 1095 3182 1165 spiritus
3231 1096 3489 1151 naturalis

1906 1185 1988 1242 est
2017 1187 2218 1242 anima.
2250 1179 2409 1244 Plato
2433 1195 2608 1244 autem
2641 1181 2776 1244 dixit
2808 1188 3012 1243 animas
3043 1181 3301 1243 humanas
3331 1202 3479 1242 com-

1906 1277 2108 1348 positas
2137 1285 2260 1335 esse
2287 1277 2354 1335 de
2381 1280 2618 1350 reliquiis
2652 1279 2933 1336 mundanre
2966 1279 3179 1335 animae.
3210 1278 3477 1335 Aristote-

1907 1372 1986 1427 les
2015 1381 2144 1429 vero
2171 1373 2398 1429 vacabat
2425 1385 2543 1430 eam
2577 1373 2945 1430 endelechiam
2972 1415 2986 1441 ,
3019 1374 3070 1430 id
3100 1379 3183 1430 est
3208 1415 3223 1441 ,
3257 1373 3486 1428 fortnam

1907 1465 2128 1520 animati
2173 1470 2447 1536 corporis,
2497 1473 2549 1522 et
2593 1473 2687 1537 per
2731 1465 2833 1523 hoc
2876 1467 3126 1523 volebant
3175 1463 3320 1523 illam
3365 1483 3487 1524 esse

1908 1555 2180 1612 accidens.
2215 1555 2320 1614 Sed
2354 1551 2540 1623 Plato,
2571 1557 2722 1627 cujus
2751 1559 3039 1614 auctoritas
3071 1557 3479 1629 przeponderat,

1907 1657 1962 1703 et
2001 1663 2156 1718 quem
2195 1652 2425 1704 marime
2453 1647 2748 1706 Macrobius
2794 1650 3056 1720 imitatur,
3095 1647 3223 1706 dicit
3249 1651 3484 1705 animam

1909 1755 2028 1797 esse
2072 1741 2422 1798 substantiam
2468 1743 2837 1814 ineorpoream
2885 1753 2945 1801 se
2985 1751 3321 1800 moventem:
3355 1751 3407 1799 et
3433 1742 3487 1798 in
3539 1741 3546 1750 ’

1913 1834 2014 1890 hoc
2051 1836 2170 1891 aliis
2211 1846 2292 1892 est
2337 1839 2614 1907 oppositus
2657 1836 2930 1893 Aristoteli
2973 1837 3229 1908 quidem,
3275 1837 3365 1906 qui
3408 1835 3488 1890 di-

227 1888 236 1890 _
289 1888 335 1890 -c
375 1888 402 1889 η
569 1888 616 1889 η
731 1888 738 1889 ,
1380 1888 1520 1892 πη,
1563 1888 1797 1893 ,ηψπ
1995 1888 2008 1890 _
2220 1888 2289 1892 ﬁ,
2344 1888 2612 1907 Ἴτηηπ-
2978 1888 3229 1908 νηηηη
3416 1888 3460 1890 _,

227 1929 443 1994 animae,
478 1936 533 1981 ut
573 1927 850 1994 discendo,
901 1941 954 1982 et
995 1930 1232 1999 neglecta
1263 1929 1575 1999 relegendo,
1618 1929 1803 1986 redeat
1832 1888 1884 1959 Β
1913 1929 2069 1983 cebat
2117 1925 2259 1984 illam
2313 1943 2437 1987 esse
2482 1931 2769 1997 accidens,
2814 1947 3028 1988 causam
3080 1930 3305 2004 primam
3355 1931 3491 1988 sub-

221 2020 284 2074 ad
319 2020 550 2089 priorem
581 2023 974 2091 cognitionem;
1003 2022 1146 2078 unde
1185 2023 1326 2092 quod
1357 2022 1496 2091 apud
1543 2038 1640 2077 nos
1671 2021 1807 2076 dici-

175 2095 180 2099 .
222 2118 308 2166 tur
355 2111 538 2176 lectio,
564 2109 703 2182 apud
754 2113 972 2168 Griccos
1006 2123 1228 2170 voeatur
1269 2113 1499 2184 repetita
1549 2114 1805 2184 cognitio.

225 2203 606 2259 Reilluminata
665 2211 794 2259 vero
843 2204 1072 2274 ratione,
1125 2221 1230 2259 non
1289 2214 1469 2262 tamen
1524 2205 1810 2275 aliquando

223 2307 398 2368 potest
432 2298 607 2354 facere
629 2311 746 2369 quze
770 2300 870 2354 scit
901 2307 1022 2355 esse
1052 2300 1356 2355 necessaria
1381 2308 1436 2354 et
1458 2300 1608 2356 utilia
1631 2316 1645 2354 :
1668 2297 1811 2369 quod

222 2400 276 2445 ut
309 2390 499 2459 possit,
540 2391 823 2446 adhibetur
862 2391 908 2446 ei
940 2392 1128 2458 virtus,
1157 2389 1313 2461 cujus
1342 2392 1458 2448 haec
1501 2400 1581 2446 est
1611 2399 1813 2462 etymo-

224 2484 359 2552 logia
392 2503 403 2537 :
432 2486 602 2539 virtus
647 2483 868 2551 dicitur,
901 2487 1053 2556 quasi
1107 2486 1336 2554 propriis
1384 2485 1588 2540 viribus
1635 2485 1812 2541 nitens

220 2589 405 2633 contra
437 2580 584 2633 vitia.
624 2577 884 2635 Delinitur
911 2591 1088 2638 autem
1122 2581 1236 2636 sic:
1270 2579 1451 2636 Virtus
1482 2592 1564 2637 est
1598 2577 1811 2636 habitus

226 2673 389 2725 animi
442 2674 493 2726 in
546 2675 762 2728 modum
811 2683 1013 2730 naturae
1060 2675 1255 2729 rationi
1298 2684 1725 2740 consentaneus,
1758 2672 1811 2728 id

221 2773 327 2830 est,
369 2765 636 2821 consentit
673 2767 865 2821 anima:
908 2765 973 2821 ad
1008 2763 1056 2822 id
1089 2766 1230 2838 quod
1261 2776 1383 2821 nata
1413 2776 1516 2835 est,
1552 2766 1603 2821 id
1635 2776 1717 2823 est
1741 2763 1810 2821 ad

224 2857 447 2923 bonum,
499 2865 554 2913 et
591 2860 646 2912 in
675 2858 778 2914 hoc
809 2857 1006 2914 fautrix
1047 2859 1162 2926 eius
1209 2869 1307 2914 est.
1341 2856 1474 2914 Cum
1511 2867 1686 2914 autem
1733 2858 1814 2913 hae

220 2950 680 3006 animze'debeant
730 2951 948 3020 probari
1003 2952 1354 3017 immortales,
1404 2952 1584 3021 plures
1621 2965 1808 3008 occurs

220 3053 350 3099 runt
377 3045 721 3111 quaestiones,
755 3059 977 3115 quarum
1015 3043 1131 3100 haec
1161 3053 1242 3100 est
1296 3045 1485 3113 prima.
1517 3044 1570 3100 Si
1620 3043 1814 3099 animm

220 3143 352 3193 sunt
380 3133 737 3203 immortales,
766 3147 815 3194 et
848 3154 1035 3194 omnes
1065 3138 1308 3208 ejusdem
1338 3139 1608 3209 dignitatis
1653 3140 1704 3194 in
1733 3133 1815 3194 sui

224 3237 444 3296 natura,
478 3244 571 3283 cur
604 3230 718 3298 plus
764 3231 816 3284 in
862 3246 969 3286 uno
998 3230 1142 3300 viget
1191 3247 1347 3302 quam
1399 3232 1449 3286 in
1491 3231 1637 3286 alio?
1663 3225 1818 3298 Quod

221 3326 390 3382 solvit
439 3323 693 3395 Virgilius
739 3325 926 3382 dicens
979 3325 1287 3392 :Quantum
1335 3327 1548 3381 innoxia
1595 3343 1814 3393 corpora

219 3417 453 3484 tardant,
483 3416 533 3471 id
563 3424 669 3483 est,
700 3432 797 3486 pro
828 3415 1104 3471 liahilitate
1133 3431 1418 3484 corporum
1446 3411 1609 3472 habet
1639 3416 1816 3470 anima

223 3523 452 3563 suarum
483 3509 673 3563 virium
705 3510 1055 3573 exercitium;
1089 3509 1228 3564 sicut
1275 3507 1360 3563 leo
1388 3510 1619 3585 clausus
1649 3509 1701 3563 in
1731 3523 1821 3562 ca«

219 3613 317 3654 vea
353 3614 544 3654 «mines
573 3599 786 3669 quidem
821 3601 964 3656 vires
1003 3615 1126 3654 suas
1149 3599 1345 3655 ibidem
1379 3593 1560 3667 habet,
1585 3598 1680 3655 sed
1713 3613 1820 3654 non

223 3702 334 3745 tam
371 3699 615 3758 potenter
644 3703 864 3747 exercet
894 3691 1014 3747 illas
1060 3693 1112 3746 in
1160 3705 1319 3747 cavea
1352 3707 1510 3763 quam
1561 3693 1611 3746 in
1661 3691 1816 3746 silva.

219 3782 356 3837 inde
389 3796 576 3839 rursus
605 3785 896 3854 opponitur
928 3803 942 3839 :
975 3783 1082 3839 Cur
1115 3783 1314 3851 anima,
1349 3802 1465 3854 quae
1497 3783 1711 3854 dignior
1739 3793 1822 3841 est

219 3873 275 3928 in
319 3874 403 3931 sui
453 3885 666 3943 natura,
707 3878 950 3946 subjecta
975 3879 1044 3933 sit
1071 3878 1282 3948 corpori
1315 3873 1636 3949 indigniori?
1667 3879 1822 3935 Solu—

218 3966 320 4022 tio.
357 3969 548 4023 Anima
598 3986 726 4025 vero
755 3971 968 4041 dignior
1013 3979 1096 4026 est
1143 3971 1196 4026 in
1247 3973 1326 4026 sui
1378 3981 1589 4037 natura,
1641 3971 1734 4028 sed
1767 3969 1820 4028 in

219 4053 328 4114 hoc
363 4061 503 4128 quod
537 4061 839 4117 continetur
873 4063 1138 4132 indignior
1171 4071 1253 4118 est
1282 4079 1506 4134 corpore
1537 4068 1822 4121 continen-

218 4158 297 4219 te,
323 4159 382 4207 et
427 4153 722 4209 Secundum
772 4151 908 4210 hanc
940 4156 1252 4226 dignitatem
1303 4158 1544 4227 subjecta
1577 4167 1659 4212 est
1701 4174 1822 4212 cor-

219 4243 371 4313 pori.
401 4243 667 4313 Objicitur
714 4247 837 4302 item
870 4267 880 4300 :
912 4249 966 4303 Si
1013 4252 1191 4304 anima
1221 4250 1591 4318 comprimitur
1618 4251 1670 4305 in
1697 4266 1822 4305 cor-

222 4349 384 4402 pore,
418 4341 611 4389 utnon
660 4338 829 4406 possit
869 4339 1011 4393 vires
1060 4355 1188 4395 suas
1219 4356 1494 4406 exercere,
1537 4350 1661 4396 tunc
1704 4356 1824 4395 cor-

218 4425 519 4490 rumpitur,
553 4434 605 4479 et
639 4427 742 4481 erit
791 4427 1022 4498 indigna,
1058 4446 1156 4486 nec
1201 4431 1358 4485 bene.
1387 4430 1617 4487 Solutio.
1650 4429 1704 4485 In
1739 4431 1822 4486 sui

217 4527 422 4572 natura
481 4531 584 4572 non
637 4524 1021 4591 corrumpitur,
1056 4525 1176 4593 quia
1235 4526 1535 4581 naturalem
1569 4527 1824 4581 observat

190 4607 553 4674 "claritatem,
599 4612 722 4667 licet
767 4613 946 4668 clausa
980 4616 1033 4669 in
1067 4624 1295 4684 corpore
1344 4633 1450 4671 non
1485 4621 1651 4687 possit
1681 4619 1819 4674 adeo
1848 4637 1902 4700 ι)

217 4707 424 4771 nitere,
460 4701 596 4758 sicut
627 4706 850 4760 lucerna
879 4707 1062 4761 modio
1092 4711 1366 4779 supposita
1412 4727 1519 4764 non
1546 4727 1611 4766 eo
1643 4712 1821 4767 minus

217 4795 490 4849 claritatis
517 4796 568 4849 in
593 4811 650 4852 se
677 4797 890 4862 habeat,
924 4798 1049 4855 licet
1077 4816 1140 4855 eo
1171 4802 1345 4855 minus
1373 4811 1648 4871 appareat.
1681 4803 1819 4857 itur-

217 4903 316 4941 sus
344 4891 676 4956 opponitur:
712 4889 769 4944 Si
816 4889 947 4944 nihil
1000 4891 1053 4945 in
1097 4908 1154 4948 se
1201 4893 1476 4948 sordidum
1511 4894 1822 4964 admittunt,

217 4989 321 5032 cur
353 4993 484 5046 ergo
513 4979 565 5033 in
614 4979 830 5037 inferno
876 4985 1210 5053 puniuntur?
1239 4985 1466 5040 Solutio.
1499 4985 1629 5054 Quia
1665 5001 1826 5042 nove-

218 5079 356 5124 runt
414 5081 603 5127 exutas
646 5073 714 5128 de
763 5077 1083 5145 corporibus
1134 5077 1324 5132 sordes
1373 5077 1546 5133 adhuc
1603 5078 1825 5147 habere,

216 5177 348 5232 quae
376 5163 446 5218 de
475 5166 751 5233 corporeis
779 5178 832 5221 et
864 5169 928 5222 de
974 5169 1204 5223 terrenis
1244 5169 1404 5225 rebus
1449 5171 1556 5225 illis
1586 5173 1828 5227 adhaese-

215 5263 376 5318 runt,
411 5267 529 5322 quae
560 5268 616 5309 ut
666 5258 994 5326 auferantur,
1034 5260 1273 5330 indigent
1322 5263 1388 5316 ad
1444 5272 1652 5331 tempus
1701 5280 1823 5334 pur-

215 5347 471 5418 gatione,
507 5347 646 5403 sicut
687 5363 896 5420 gemma
946 5354 1157 5408 noverit
1189 5353 1254 5408 de
1286 5353 1396 5408 luto
1432 5355 1609 5410 levata
1653 5355 1830 5411 adhuc

219 5438 445 5494 habere
466 5438 656 5496 surdes
683 5441 783 5495 sibi
813 5441 1159 5510 inhaerentes,
1194 5443 1397 5516 indiget
1430 5446 1760 5517 purgati-one.

709 5531 782 5587 De
811 5535 1008 5608 origine
1046 5536 1358 5591 animarum.

308 5622 390 5679 De
419 5621 517 5677 hac
545 5625 842 5679 animarum
871 5626 1075 5698 origine
1099 5628 1324 5684 diversae
1350 5627 1680 5686 diversorum
1708 5632 1833 5688 sunt

228 5715 557 5770 sementim.
592 5717 824 5784 Quidam
849 5718 991 5774 enim
1020 5719 1269 5776 dicebant
1294 5721 1526 5778 animam
1557 5739 1674 5779 esse
1705 5739 1830 5780 con-

213 5806 425 5862 ﬂatam
464 5823 530 5862 es
571 5810 764 5865 atomis
817 5810 988 5882 ignis,
1041 5812 1308 5871 imitantes
1357 5817 1728 5889 Anaxagoram
1778 5830 1833 5874 et

221 5897 608 5971 Heraclitum,
637 5904 724 5974 qui
751 5903 1002 5962 volebant
1026 5906 1202 5977 ignem
1229 5907 1466 5967 omnium
1498 5925 1679 5969 rerum
1709 5925 1832 5971 esse

1911 2020 2204 2087 stantiam,
2259 2020 2378 2078 aliis
2434 2031 2646 2094 quoque
2702 2022 2790 2094 qui
2850 2003 3097 2080 dicebant
3161 2021 3304 2080 illam
3371 2040 3493 2081 esse
3577 2003 3582 2016 ³

1919 2123 2231 2180 corpoream
2258 2155 2273 2179 ,
2312 2128 2530 2170 causam
2580 2115 2803 2184 primam
2844 2115 3238 2186 incorporeum.
3282 2115 3490 2183 Qureri-

1919 2213 2002 2260 tur
2053 2215 2229 2262 autem
2280 2201 2572 2264 seCundum
2616 2224 2775 2278 quem
2799 2252 2812 2276 ,
2850 2210 3163 2278 incorporea
3193 2207 3488 2264 substantia

1914 2307 2092 2354 utrum
2137 2301 2209 2354 slt
2256 2309 2512 2368 generata
2563 2301 2774 2369 anima,
2830 2317 2896 2356 an
2950 2303 3280 2371 ingenerata.
3338 2299 3490 2369 Quod

1925 2394 2213 2462 utrumque
2245 2393 2394 2451 Plato
2425 2395 2616 2452 asserit
2660 2395 2804 2452 illam
2849 2413 3000 2462 esse,
3047 2393 3270 2452 diversis
3315 2407 3492 2452 tamen

1917 2485 2270 2554 respectibus.
2318 2487 2644 2542 Generatam
2687 2491 2830 2543 enim
2864 2490 2974 2544 vult
3007 2487 3151 2543 illam
3186 2487 3407 2558 intelligi
3436 2487 3492 2544 in

1924 2573 2149 2643 Tintzeo,
2186 2577 2273 2634 ubi
2305 2581 2432 2635 dicit
2462 2601 2472 2633 :
2507 2581 2958 2638 Prmstantissima
2989 2601 3016 2637 a
3053 2586 3493 2654 prmstantiseimo

1925 2667 2064 2723 facta
2094 2679 2208 2736 est,
2241 2672 2321 2726 vel
2352 2671 2403 2726 in
2449 2674 2714 2739 secundo,
2759 2676 2991 2730 universi
3031 2677 3242 2745 generis
3283 2692 3495 2732 semen-

1920 2769 2026 2816 tem
2059 2761 2271 2818 faciam.
2308 2765 2421 2820 Non
2451 2779 2763 2834 generatam
2796 2784 2921 2824 vero
2953 2769 3125 2824 innuit
3153 2769 3203 2824 in
3238 2763 3491 2824 thdro-

1919 2865 2005 2918 ne,
2037 2866 2158 2910 cum
2182 2850 2314 2912 dicit
2343 2875 2354 2910 :
2389 2856 2576 2913 Anima
2608 2875 2706 2914 nec
2735 2867 2875 2925 nata,
2911 2869 2967 2916 et
2997 2860 3118 2915 ideo
3147 2871 3369 2915 aeterna.
3411 2859 3489 2917 Ne

1920 2956 2100 3004 autem
2133 2959 2255 3017 post
2283 2951 2334 3006 in
2367 2949 2466 3007 hoc
2494 2953 2739 3009 videatur
2771 2952 2868 3010 sibi
2898 2967 3016 3010 esse
3043 2955 3338 3024 oppositus,
3374 2955 3494 3010 ideo

1897 3029 2047 3096 dicit
2076 3042 2309 3098 animam
2345 3045 2711 3115 ingeneratum
2735 3089 2748 3109 .
2779 3043 2925 3117 quod
2952 3055 3130 3101 utatur
3173 3047 3290 3115 lege
3333 3063 3491 3116 gene-

1917 3142 2152 3188 ratorum
2176 3175 2189 3199 ,
2220 3129 2463 3200 scilicet,
2493 3143 2548 3191 ut
2573 3136 2897 3192 dissolvatur
2923 3133 3224 3202 actualiter,
3253 3138 3367 3192 sive
3397 3154 3492 3192 na-

1922 3227 2184 3281 turaliter.
2218 3226 2346 3282 Nam
2380 3227 2556 3284 omnia
2593 3237 2844 3299 generata
2866 3271 2879 3293 ,
2910 3235 3105 3297 prmter
3149 3227 3403 3284 mundum
3443 3240 3498 3284 et

1924 3315 2136 3382 divina,
2171 3313 2536 3375 dissolvuntur
2567 3319 2866 3387 actualiter,
2900 3317 3128 3375 mundus
3167 3331 3297 3375 vero
3341 3329 3496 3375 uatu—

1923 3408 2130 3466 raliter.
2166 3405 2298 3465 Nam
2336 3411 2460 3466 licet
2489 3423 2761 3481 nunquam
2805 3409 3148 3477 dissolvatur,
3193 3418 3380 3466 natura
3425 3420 3503 3465 ta-

1926 3515 2079 3567 men,
2129 3497 2176 3557 si
2221 3503 2470 3558 conditor
2521 3502 2714 3572 vellet,
2760 3500 3160 3558 dissolutionem
3207 3507 3492 3570 pateretur.

1923 3588 2054 3650 Nam
2086 3595 2344 3665 quidquid
2376 3594 2442 3651 de
2475 3596 2712 3666 partibus
2744 3604 2827 3652 est
2868 3593 3254 3664 compositum,
3285 3591 3359 3648 illi
3403 3605 3498 3647 na-

1925 3685 2099 3741 turale
2128 3699 2209 3743 est
2238 3687 2500 3754 dissolvi;
2533 3687 2726 3742 animze
2757 3699 2885 3742 vero
2915 3685 3174 3754 simplici,
3211 3697 3307 3740 nec
3345 3694 3496 3739 com-

1928 3780 2159 3848 positre,
2194 3795 2299 3835 non
2332 3788 2413 3836 est
2453 3779 2697 3836 naturale
2740 3778 3009 3843 dissolvi;
3056 3775 3198 3833 unde
3239 3777 3380 3832 dicta
3423 3782 3507 3832 est

1926 3867 2253 3939 ingenerata.
2313 3870 2632 3926 Generatam
2687 3880 2865 3925 autem
2919 3867 3068 3924 Plato
3124 3869 3239 3922 ideo
3292 3869 3494 3932 innuit,

1926 3962 2068 4035 quod
2096 3963 2389 4019 secundum
2423 3963 2617 4018 multos
2646 3961 3018 4032 prmjacentem
3046 3959 3320 4014 materiam
3347 3957 3507 4028 hylen

1936 4053 2224 4121 habuerit,
2256 4053 2398 4124 quod
2429 4053 2558 4108 licet
2587 4067 2848 4120 nusquam
2896 4049 3044 4105 Plato
3087 4057 3331 4113 testetur,
3376 4063 3508 4105 nus-

1930 4161 2094 4215 quam
2132 4153 2311 4200 tamen
2343 4144 2681 4200 contradicit.
2716 4141 2851 4215 ilyle
2883 4141 3094 4212 quidem
3141 4143 3198 4196 in
3235 4155 3368 4210 puro
3410 4151 3510 4196 suo

1928 4247 2072 4292 statu
2121 4237 2495 4305 considerata,
2550 4251 2655 4292 non
2703 4234 2914 4290 differat
2956 4251 2985 4289 a
3031 4235 3252 4291 materia
3297 4235 3508 4290 anima}.

1929 4329 1984 4385 In
2029 4344 2162 4400 puro
2200 4342 2298 4386 suo
2341 4339 2482 4384 statu
2515 4330 2872 4398 considerata,
2905 4330 2956 4386 id
2989 4340 3091 4394 est,
3123 4330 3246 4385 sine
3269 4329 3508 4392 ratione,

1928 4419 2040 4489 ira,
2091 4431 2146 4478 et
2192 4421 2658 4491 concupiscentia,
2691 4421 2884 4496 quibus
2936 4421 3276 4492 informatur,
3311 4424 3368 4478 id
3401 4433 3510 4492 est,

1930 4529 2050 4585 qua:
2083 4515 2134 4571 in
2166 4526 2230 4572 ea
2261 4514 2572 4572 funduntur.

2452 4605 2530 4663 De
2578 4609 2752 4663 anima
2797 4610 2992 4663 mundi.
3538 4636 3544 4686 ;

2010 4701 2200 4757 Dicunt
2229 4703 2389 4758 etiam
2423 4703 2636 4772 quidam
2671 4717 2828 4758 unam
2861 4711 3066 4758 tantum
3095 4715 3215 4759 esse
3243 4704 3510 4770 animam,

1931 4793 1988 4850 id
2020 4796 2342 4849 mundanam
2366 4837 2380 4861 ,
2417 4809 2537 4865 quae
2567 4793 2742 4850 omnia
2777 4796 2828 4850 in
2863 4794 3098 4872 animum
3132 4805 3185 4852 et
3210 4795 3514 4853 conformes

1931 4888 2223 4958 unicuique
2255 4889 2334 4944 rei
2365 4887 2508 4943 vires
2541 4903 2638 4958 pro
2681 4903 2778 4943 sua
2822 4889 3126 4957 habilitate,
3168 4889 3304 4945 sicut
3345 4890 3510 4944 stellis

1934 4982 2194 5036 rationem
2218 5022 2236 5050 ,
2266 4979 2577 5036 hominibus
2607 4996 2742 5051 quos
2772 4982 2824 5038 in
2855 4983 3069 5039 caducis
3113 4983 3273 5039 rebus
3314 4982 3517 5036 invenit

1886 5115 1888 5117 μ
1935 5076 2139 5131 habere
2168 5062 2718 5147 sphaericum‘caput,
2750 5087 2802 5133 et
2833 5090 3064 5134 erectam
3100 5077 3314 5144 faciem,
3350 5079 3518 5131 ratio-

1935 5181 2060 5222 nem
2102 5180 2314 5238 quoque
2354 5165 2580 5232 inludit,
2628 5177 2682 5222 et
2722 5170 3123 5224 scnsualitatem
3154 5169 3292 5222 sicut
3323 5167 3519 5223 divinis

1937 5259 2287 5329 corporibus,
2329 5261 2453 5314 licet
2485 5275 2590 5329 prae
2631 5261 2793 5317 nimia
2839 5261 3291 5330 contemplatione
3339 5261 3517 5318 divina

1937 5351 2188 5406 animalia
2219 5350 2620 5408 scnsualitatem
2666 5369 2770 5408 non
2815 5351 3378 5409 exerceant..C-.eteris
3406 5355 3521 5408 ani-

1939 5445 2213 5500 mantibus
2267 5459 2485 5501 sensum
2543 5455 2598 5501 et
2651 5447 3061 5518 vegetationem.
3123 5443 3417 5500 Arboribus
3472 5453 3528 5500 et

1887 5601 1896 5606 ε
1943 5539 2122 5595 herbis
2179 5537 2546 5596 tantummodo
2603 5543 3024 5612 vegetationem;
3083 5548 3138 5595 et
3192 5537 3330 5593 sicut
3385 5549 3522 5593 umis

1939 5632 2121 5689 vultus
2151 5633 2206 5688 in
2237 5631 2476 5703 pluribus
2506 5635 2770 5703 speculis,
2798 5643 2853 5688 et
2879 5634 2932 5688 in
2959 5647 3066 5688 uno
3095 5633 3311 5703 specqu
3341 5633 3525 5702 plures

1945 5727 2122 5782 vultus
2147 5735 2424 5798 apparent,
2456 5729 2526 5783 ita
2559 5741 2660 5782 una
2693 5727 2863 5780 anima
2897 5726 2954 5780 in
2984 5727 3218 5795 pluribus
3245 5726 3530 5788 rebuszet

1946 5821 2141 5892 ubique
2170 5835 2356 5879 omnes
2389 5822 2528 5878 vires
2559 5834 2682 5876 suas
2715 5822 2904 5890 habet,
2938 5823 3058 5876 licet
3089 5821 3140 5876 in
3171 5820 3404 5876 diversis
3437 5821 3512 5873 ha

1946 5917 2070 5974 beat
2097 5916 2410 5976 eaercitium
2442 5932 2537 5988 pro
2565 5917 2842 5976 habihtate
2873 5927 3183 5987 corporum.
3216 5912 3526 5972 Secundum

1851 5998 1899 6015 Α

1858 6020 1899 6055 τε
