4010 6382
562 344 670 404 905

1062 342 1268 400 BEDE
1307 342 1758 400 VENEBABILIS
1794 342 1942 400 OPP.
1984 341 2162 400 PARS
2196 341 2240 398 Ι.
2283 340 2478 402 SECT.
2516 343 2583 401 l-I.
2623 371 2695 386 -
2732 343 2939 402 DUBIA
2981 345 3070 403 ET
3106 346 3342 410 SPURIA

3639 363 3715 420 9οι

566 475 726 533 quam
771 460 1088 517 sententiam
1137 461 1315 517 nullus
1363 461 1528 518 homo
1572 461 1784 516 videtur
1827 474 1948 517 esse
1992 461 2140 532 pejor
2165 461 2422 524 Asumat
2450 476 2697 533 aereum,
2729 463 2814 518 vel
2843 461 3167 530 aethereum,
3200 474 3254 520 ut
3279 467 3434 537 angeli
3458 468 3528 526 vel
3559 473 3708 530 damo-

562 556 668 623 alio
690 598 705 623 ,
733 555 855 626 quia
885 570 987 611 una
1019 555 1316 626 eademque
1347 555 1526 611 anima
1555 556 1693 611 bona
1721 564 1775 612 et
1803 555 2143 612 immaculata

569 655 622 710 in
671 654 752 708 sui
802 661 991 708 natura
1021 659 1105 708 est
1129 651 1185 707 in
1215 651 1466 707 omnibus
1497 651 1811 721 corporibus
1838 668 1852 716 ;
1886 649 1978 706 sed
2011 648 2145 705 dici-

567 755 653 801 tur
682 745 850 815 magis
877 744 1205 814 degenerare
1237 743 1291 797 in
1338 759 1447 798 uno
1476 759 1634 812 quam
1678 742 1729 797 in
1770 743 1876 797 alio
1898 782 1914 809 ,
1939 741 1996 797 ut
2021 750 2145 812 pote

564 837 988 894 consensualitas
1013 836 1318 892 dominatur
1348 834 1576 902 rationi,
1610 837 1737 906 quia
1769 836 1823 890 in
1856 835 2147 905 cujuscun-

566 946 670 1000 que
699 943 924 998 corpore
966 928 1074 996 sit,
1116 927 1248 983 illud
1291 942 1486 997 corpus
1526 937 1608 984 est
1648 925 1886 983 infernus
1932 929 2142 983 animat.

563 1022 869 1079 Secundum
928 1023 1066 1077 hanc
1118 1037 1332 1093 quoque
1383 1023 1703 1078 sententiam
1758 1023 1937 1078 nullus
1985 1023 2146 1078 homo

567 1116 812 1183 moritur,
870 1116 942 1171 ita
998 1114 1140 1186 quod
1198 1115 1428 1187 patiatur
1477 1118 1869 1186 separationem
1915 1119 2144 1186 animae,

570 1225 872 1282 quanquam
926 1218 1205 1281 separatur
1259 1226 1290 1265 a
1342 1218 1570 1280 quatuor
1624 1211 1936 1276 elementis,
1991 1211 2152 1281 inque

572 1309 754 1362 omnia
785 1321 1010 1375 corpora
1038 1305 1380 1361 resolvuntur
1405 1322 1419 1370 ;
1455 1304 1550 1361 sed
1579 1314 1702 1360 tunc
1731 1305 1925 1359 dicitur
1965 1305 2102 1360 mori
2134 1345 2149 1372 ,

574 1416 694 1457 cum
727 1401 779 1455 in
813 1399 918 1454 illis
950 1400 1127 1455 anima
1159 1399 1416 1469 relinquit
1455 1400 1691 1470 priorum
1722 1398 1918 1454 virium
1949 1399 2154 1454 exerci-

577 1495 727 1548 tium.
761 1492 1026 1548 Praeterea
1058 1491 1243 1547 dicunt
1269 1491 1489 1562 quidam
1533 1491 1779 1547 eamdem
1824 1491 2150 1547 mundanam

574 1586 806 1642 animam
837 1587 1035 1656 pariter
1063 1601 1184 1642 cum
1214 1585 1446 1640 humana
1476 1585 1654 1639 anima
1681 1599 1801 1640 esse
1830 1584 1884 1639 in
1915 1583 2151 1650 homine,

575 1679 642 1734 de
669 1693 774 1748 qua
803 1691 1019 1733 vermes
1046 1676 1388 1732 vivificentur
1419 1677 1472 1732 in
1501 1675 1738 1744 homine,
1770 1674 1953 1745 sicque
1985 1676 2157 1732 homi-

581 1783 700 1824 nem
732 1767 866 1822 dnas
892 1766 1099 1820 animas
1127 1776 1376 1822 asserunt
1406 1766 1628 1822 habere.

717 1855 863 1912 Idem
882 1899 895 1924 ,
926 1858 989 1913 de
1016 1860 1304 1913 animarum
1332 1859 1528 1932 origine
1556 1861 1836 1916 secundum
1861 1859 2013 1914 alios.

649 1951 753 2007 Sed
793 1950 1074 2020 quaeritur,
1107 1951 1151 2005 si
1194 1951 1368 2005 anima
1410 1952 1644 2007 humana
1673 1961 1756 2007 est
1781 1960 2035 2022 generata
2058 1993 2071 2017 ,
2105 1949 2158 2004 id

579 2049 693 2107 est,
724 2049 937 2108 creata,
969 2055 1037 2095 an
1071 2050 1260 2096 auctor
1289 2057 1414 2098 suus
1442 2056 1632 2099 omnes
1663 2043 1872 2098 animas
1903 2044 1955 2098 in
1987 2042 2157 2112 prima

486 2173 494 2178 -
571 2133 759 2188 mundi
801 2133 1184 2189 constitutione
1231 2135 1429 2204 pariter
1468 2135 1763 2204 creaverit,
1811 2150 1880 2189 an
1922 2135 2160 2205 quotidie

573 2243 741 2285 novas
780 2227 1008 2283 fecerit?
1048 2226 1144 2292 Si,
1190 2229 1507 2284 testantibus
1547 2229 1918 2300 philosophis,
1968 2243 2158 2284 omnes

576 2320 775 2394 pariter
805 2321 872 2376 ab
901 2320 1124 2376 exordio
1154 2321 1337 2375 mundi
1369 2321 1521 2376 factm
1551 2331 1711 2389 sunt,
1744 2331 1796 2378 et
1838 2322 1891 2376 in
1933 2301 2154 2390 compa-

577 2431 663 2473 res
691 2414 874 2470 stellas
913 2423 1161 2482 tanquam
1187 2413 1242 2468 in
1266 2413 1513 2469 vehiculo
1543 2415 1752 2481 locatae,
1785 2413 1956 2468 donec
1985 2413 2158 2482 quoti-

575 2508 665 2565 die
695 2505 1074 2578 incorporandi
1104 2505 1375 2562 desiderio
1402 2506 1751 2562 descendant.
1787 2506 1904 2562 l-luc
1944 2505 2158 2560 accedit

575 2598 839 2654 llebraica
867 2598 1094 2662 veritas,
1122 2611 1240 2666 qua:
1268 2596 1397 2652 dicit
1425 2615 1438 2651 :
1465 2595 1598 2652 Ecce
1623 2613 1722 2652 vox
1753 2598 2018 2668 sanguinis
2049 2597 2159 2666 fra-

573 2692 666 2746 tris
699 2691 771 2746 tui
800 2691 988 2744 clamat
1017 2689 1086 2744 ad
1115 2705 1194 2744 me
1233 2691 1298 2744 de
1340 2699 1508 2755 terra,
1553 2690 1605 2745 id
1647 2700 1761 2759 est,
1805 2691 1997 2745 animae
2039 2705 2158 2761 qua:

575 2785 983 2857 incorporandte
1031 2793 1187 2842 erant
1228 2785 1369 2840 natis
1401 2785 1468 2841 de
1497 2785 1755 2857 sanguine
1803 2785 1976 2851 Abel,
2036 2784 2158 2840 ideo

579 2879 722 2937 enim
753 2878 1090 2945 clamabant,
1137 2878 1260 2948 quia
1302 2878 1552 2935 volebant
1593 2877 1887 2948 perfectam
1929 2876 2158 2932 beatitu-

573 2976 751 3032 dinem
795 2975 993 3030 mereri
1037 2975 1090 3029 in
1129 2973 1478 3044 corporibus;
1523 2972 1617 3027 sed
1657 2970 1985 3042 superfluum
2027 2969 2150 3028 nihil

575 3069 706 3126 facit
735 3068 911 3136 Deus,
943 3067 1087 3123 unde
1118 3065 1310 3120 frivola
1341 3074 1423 3121 est
1452 3065 1569 3120 haec
1599 3063 1885 3120 sententia.

712 3143 880 3228 Item,
913 3161 977 3214 de
1004 3161 1296 3214 animarum
1325 3159 1525 3229 origine
1553 3159 1834 3212 secundum
1863 3156 2016 3211 alios.

650 3255 750 3311 Alii
782 3255 970 3309 dicunt
999 3253 1235 3308 animam
1266 3265 1386 3306 esse
1417 3259 1624 3321 partem
1653 3250 1844 3305 divinae
1874 3256 2122 3305 essentne
2142 3287 2159 3315 ,

579 3363 738 3418 quam
772 3347 990 3403 trahunt
1017 3345 1086 3401 ab
1115 3345 1208 3400 illo
1236 3344 1356 3400 loco
1379 3360 1394 3399 :
1429 3342 1502 3397 Et
1528 3343 1736 3414 spiravit
1764 3345 1815 3397 in
1845 3342 2029 3413 [aciem
2053 3342 2163 3412 ejus

576 3442 888 3515 spiraculum
930 3442 1064 3495 vitaz.
1097 3440 1224 3494 llaec
1247 3447 1425 3494 autem
1453 3438 1706 3508 particula
1735 3452 1841 3492 non
1872 3435 2031 3492 rediit
2059 3449 2166 3491 am-

583 3536 755 3606 plius,
792 3536 863 3589 ita
893 3548 1026 3589 vero
1057 3533 1273 3587 uniatur
1301 3545 1423 3586 cum
1467 3531 1615 3598 Deo,
1664 3529 1804 3586 unde
1846 3539 1902 3586 et
1946 3542 2166 3598 peccare

581 3636 777 3700 potest.
814 3626 881 3683 lli
911 3633 1091 3680 autem
1123 3633 1288 3694 agunt
1317 3623 1383 3678 de
1417 3623 1526 3677 Deo
1559 3632 1808 3692 tanquam
1840 3622 1910 3676 sit
1953 3619 2162 3675 localis.

583 3722 848 3776 Asserunt
892 3716 982 3773 alii
1015 3717 1220 3771 animas
1250 3723 1401 3770 natas
1431 3715 1500 3769 de
1529 3714 1784 3784 angelicis
1830 3713 2163 3767 subsrantiis.

580 3815 750 3871 Aiunt
779 3813 868 3868 alii
897 3810 1105 3866 animas
1151 3807 1299 3863 nasci
1329 3806 1399 3862 dc
1430 3815 1570 3861 terra
1591 3846 1606 3871 ,
1657 3805 1793 3859 duce
1836 3805 2080 3869 semine;
2114 3812 2168 3858 et

580 3909 720 3964 sicut
751 3905 977 3962 scissum
1014 3910 1096 3958 est
1125 3914 1320 3970 corpus
1369 3899 1465 3953 lilii
1506 3898 1573 3954 de
1619 3899 1790 3952 Patris
1834 3895 2126 3952 substantia
2150 3937 2166 3962 ,

577 4002 651 4058 ita
699 3998 876 4055 anima
921 3994 1014 4051 lilii
1058 3993 1124 4050 de
1169 3991 1343 4046 anima
1383 3989 1600 4056 Patris;
1647 3993 1970 4058 trahuntque
2005 4002 2166 4059 argu-

581 4105 819 4154 mentum
849 4092 919 4150 de
949 4086 1404 4148 consimilitudine
1435 4099 1668 4140 morum.

1022 4182 1100 4236 De
1131 4191 1267 4235 certa
1296 4179 1485 4234 anima:
1518 4178 1731 4249 origine.

652 4279 750 4335 Est
807 4284 989 4332 autem
1050 4272 1364 4328 indubitatae
1425 4269 1580 4335 fidei,
1641 4283 1741 4323 nec
1793 4267 1916 4324 inde
1963 4267 2170 4322 animas

585 4373 775 4442 nasci,
807 4370 893 4428 vel
922 4367 1091 4424 creari
1117 4406 1131 4432 ,
1161 4366 1247 4421 vel
1278 4361 1492 4419 aliunde
1520 4360 1748 4426 adduci,
1780 4360 1876 4416 sed
1919 4360 2172 4416 similiter

586 4486 705 4527 cum
734 4471 851 4537 ipso
875 4475 1108 4534 corpore
1139 4458 1284 4535 nasci
1310 4473 1327 4524 ;
1360 4464 1415 4512 et
1438 4465 1522 4511 est
1549 4453 1816 4524 quoddam
1845 4452 2172 4509 determina-

591 4573 703 4619 tum
736 4571 944 4629 tempus
973 4564 1095 4628 post
1127 4551 1536 4619 conceptionem
1564 4548 1787 4603 seminis
1806 4589 1822 4616 ,
1854 4547 1997 4616 quod
2026 4547 2169 4603 redi-

589 4659 730 4728 gitur
763 4654 818 4709 in
849 4664 1044 4721 corpus
1075 4647 1368 4702 humanum
1390 4682 1404 4707 ,
1434 4655 1540 4711 quo
1570 4641 1810 4696 nascitur
1837 4639 2014 4695 anima
2044 4653 2162 4694 cum

585 4760 834 4818 corpore.
896 4743 1103 4796 Anima:
1151 4745 1329 4793 autem
1378 4733 1497 4790 dua:
1543 4741 1672 4788 sunt
1710 4733 1880 4800 vires,
1922 4747 2027 4787 una
2071 4747 2165 4786 su-

585 4844 786 4915 perior,
833 4837 997 4890 altera
1045 4832 1288 4888 inferior.
1336 4826 1591 4898 Superior
1641 4825 1951 4881 caelestibus
1993 4833 2046 4879 et
2088 4825 2169 4879 in-

585 4927 1026 5002 corruptibilibus
1065 4924 1335 4988 adhaeret,
1381 4929 1434 4975 et
1478 4918 1584 4973 alia
1613 4916 1976 4985 concupiscit,
2009 4929 2168 4970 voca-

593 5034 790 5095 turque
822 5017 1176 5082 rationalitas,
1208 5013 1450 5084 spiritus,
1481 5011 1699 5068 domina
1732 5024 1903 5075 mens,
1935 5009 2167 5063 animus.

589 5105 818 5174 inferior
862 5121 947 5169 est
995 5123 1116 5179 quae
1165 5104 1526 5176 voluptatibus
1574 5100 1815 5172 corporis
1865 5100 2167 5165 consentit,

585 5219 916 5276 vocaturque
959 5199 1315 5264 sensualitas,
1362 5195 1701 5263 animalitas,
1751 5193 1946 5249 famula
1996 5208 2167 5248 mens.

583 5303 950 5374 Superiorque
977 5296 1138 5353 debet
1162 5305 1349 5362 regere
1377 5290 1685 5346 inferiorem
1711 5304 1729 5356 ;
1760 5288 1852 5344 sed
1887 5287 2172 5358 aliquando

583 5412 654 5454 ex
702 5390 999 5464 superioris
1046 5383 1370 5458 negligentia
1418 5382 1672 5453 praevalet
1718 5382 1956 5449 inferior,
1986 5389 2040 5435 et
2087 5393 2173 5434 se-

581 5492 730 5550 ducit
758 5488 1110 5560 superiorem.
1141 5482 1240 5538 Est
1267 5489 1321 5535 et
1350 5480 1406 5532 in
1437 5478 1538 5532 hoc
1569 5476 1737 5547 ﬁgura
1772 5476 1902 5529 Adae
1928 5482 1982 5528 et
2014 5473 2168 5528 Eva}.

584 5586 648 5644 Si
677 5583 820 5640 enim
852 5580 1021 5636 Adam
1051 5575 1299 5647 superior
1327 5586 1387 5628 se
1418 5578 1562 5627 recte
1592 5569 1850 5637 rexisset,
1883 5582 1990 5622 non
2021 5565 2173 5620 illum

586 5678 698 5734 Eva
729 5675 951 5731 inferior
982 5669 1310 5726 seduxisset.
1355 5664 1597 5733 Cumque
1642 5663 1720 5716 eis
1764 5661 1985 5730 spiritus
2029 5667 2175 5714 esset

592 5771 887 5830 secundum
935 5763 1276 5823 diversitates
1325 5761 1660 5822 animarum,
1710 5769 1846 5809 unus
1894 5755 1986 5824 qui
2038 5769 2172 5809 nun-

583 5885 749 5942 quam
781 5869 964 5928 unitur
991 5879 1124 5944 cum
1142 5873 1372 5930 corpore
1395 5896 1411 5926 ,
1443 5858 1570 5914 licet
1599 5851 1888 5940 aliquando
1916 5850 2047 5910 illud
2079 5863 2195 5938 as-_
2218 5902 2236 5909 _

2248 570 2362 612 nes.
2393 556 2564 625 Alius,
2593 557 2684 628 qui
2709 573 2984 628 nunquam
3003 566 3086 614 est
3111 557 3224 614 sine
3247 575 3469 632 corpore,
3493 574 3542 620 ut
3561 568 3722 638 spiritus

2249 646 2529 704 brutorum
2559 648 2900 716 animalium,
2925 648 3015 718 qui
3044 662 3162 705 eum
3187 649 3309 720 ipsis
3331 661 3381 708 et
3403 655 3546 710 oritur
3565 667 3608 713 et
3628 659 3725 716 iule-

2249 741 2340 795 rit.
2365 741 2601 810 Tertius,
2630 741 2789 796 modo
2818 741 2873 796 in
2902 756 3148 811 corpore,
3174 743 3322 798 modo
3340 754 3470 800 extra
3493 761 3666 818 corpus,
3685 762 3727 807 ut

2249 832 2469 902 spiritus
2501 832 2593 904 qui
2633 831 2867 888 vivificat
2898 831 3144 888 homines
3165 873 3179 898 ,
3210 833 3261 888 id
3290 844 3364 889 est
3386 876 3400 902 ,
3427 837 3593 892 anima.
3618 840 3728 906 Quod

2251 934 2427 979 autem
2452 923 2675 979 dicitur:
2698 923 2928 994 Spiritus
2956 923 3167 979 Domini
3194 925 3429 995 ferebatur
3446 945 3574 1000 super
3596 947 3727 1000 aquas,

2253 1014 2356 1070 hoc
2383 1030 2597 1086 quoque
2627 1014 2835 1071 dictum
2867 1027 2996 1086 puto
3026 1017 3138 1072 sive
3167 1017 3234 1073 de
3262 1019 3357 1075 hoc
3383 1034 3495 1078 aere
3517 1033 3670 1091 terrae,
3694 1037 3732 1082 et

2253 1121 2403 1176 aquae
2458 1107 2912 1175 circumfusione,
2968 1109 3083 1165 sive
3132 1109 3198 1164 de
3248 1112 3513 1181 subtiliori,
3559 1115 3602 1170 id
3644 1128 3725 1181 est.

2255 1197 2452 1253 aethere
2472 1239 2487 1263 ,
2532 1199 2618 1254 vel
2663 1199 2731 1255 de
2774 1199 2979 1269 Spiritu
3006 1200 3280 1257 Trinitatis
3300 1245 3315 1270 ,
3347 1204 3408 1258 de
3433 1219 3526 1274 quo
3549 1206 3587 1262 si
3611 1207 3730 1272 dicit.

2257 1294 2429 1349 innuit
2458 1294 2680 1350 salutem
2712 1295 2942 1350 futuram
2975 1310 3069 1365 per
3100 1311 3308 1365 aquam.

2331 1384 2465 1441 Nota
2495 1393 2603 1440 tres
2635 1386 2832 1454 ﬁguras
2865 1385 2920 1440 in
2950 1387 3334 1454 compositione
3357 1389 3530 1445 anima:
3554 1391 3734 1461 depictas

2257 1477 2322 1534 ad
2351 1477 2491 1533 idem
2537 1492 2671 1547 pene
2704 1477 2920 1534 tandem
2947 1495 2962 1544 ;
2997 1479 3281 1534 intervalla
3309 1481 3441 1536 enim
3465 1496 3566 1550 qua
3590 1494 3682 1538 sunt
3702 1485 3736 1538 in

2259 1574 2460 1641 prima,
2492 1585 2612 1627 cum
2657 1572 2855 1628 vellent
2896 1573 3112 1643 impleri
3157 1574 3469 1630 harmonicis
3503 1590 3737 1632 consonuit.

2260 1667 2366 1732 tiis,
2399 1680 2496 1722 nec
2524 1667 2900 1736 proportiones
2932 1669 3062 1737 ipsae
3093 1677 3308 1738 possent
3336 1668 3564 1738 discerni,
3591 1671 3633 1724 in
3659 1679 3732 1724 tam

2261 1756 2438 1825 parvis
2483 1759 2721 1812 numeris
2768 1758 2907 1814 facta
2953 1767 3036 1814 est
3084 1760 3290 1829 figura,
3341 1768 3396 1816 ut
3438 1761 3485 1816 in
3523 1759 3741 1830 majoribus

2189 1835 2239 1894 Β
2265 1850 2500 1904 numeris
2528 1850 2801 1917 doceatur,
2851 1866 2970 1922 quas
3017 1866 3125 1907 non
3171 1860 3372 1921 poterat
3415 1853 3464 1908 in
3503 1852 3740 1907 minoribus.

2262 1941 2484 1996 Ponitur
2511 1955 2637 2010 ergo
2666 1950 2825 1997 sexto
2855 1942 2972 1998 loco
3019 1943 3235 1999 unitatis
3257 1986 3273 2012 ,
3322 1944 3433 1999 loco
3475 1944 3633 1999 binarii
3671 1959 3742 2009 ru,

2261 2040 2316 2086 et
2347 2032 2425 2087 sic
2456 2040 2578 2086 nota
2611 2033 2664 2086 in
2694 2032 2925 2088 caeteris.
2959 2032 3067 2088 Sed
3097 2035 3226 2104 quia
3253 2033 3422 2089 adhuc
3461 2033 3647 2090 deerant
3679 2048 3744 2087 nu-

2262 2127 2393 2183 mcri
2418 2170 2434 2197 ,
2467 2131 2522 2182 in
2551 2128 2746 2198 quibus
2777 2128 3068 2184 semitonia
3115 2128 3554 2195 discernerentur,
3594 2127 3746 2183 iuventa

2269 2222 2425 2275 tertia
2456 2221 2648 2290 figura,
2678 2231 2734 2277 et
2763 2231 2940 2277 tamen
2972 2238 3067 2292 pro
3090 2223 3422 2294 suppletione
3445 2224 3746 2279 bemitonorum
3781 2275 3788 2284 ,

2263 2324 2526 2383 quantum
2571 2312 2644 2368 ibi
2686 2329 2783 2384 per
2814 2329 2873 2369 se
2905 2329 3011 2369 non
3058 2317 3427 2382 ostenduntur,
3468 2314 3550 2371 sed
3588 2315 3632 2370 in
3665 2329 3750 2367 coa-

2261 2404 2554 2471 sonantiis,
2588 2404 2917 2460 diatessaron
2965 2415 3020 2462 et
3064 2407 3349 2476 diapente,
3379 2421 3576 2476 quarum
3609 2417 3747 2459 causo-

2266 2497 2570 2551 nantiarum
2603 2499 3036 2568 proportionales
3070 2499 3284 2556 numeri
3307 2498 3536 2555 distincte
3557 2498 3616 2553 ibi
3639 2509 3746 2566 repe-

2264 2589 2500 2644 riuntur.
2547 2588 2781 2645 Mundus
2810 2590 3028 2657 dicitur,
3059 2606 3149 2647 res
3198 2592 3301 2647 illa:
3343 2583 3752 2655 sensibilesnluasi

2262 2680 2534 2735 mundata:
2582 2691 2638 2736 et
2691 2681 2942 2738 discreta:
2998 2682 3066 2738 ab
3121 2683 3218 2738 illa
3269 2681 3559 2738 confusione
3600 2677 3643 2733 in
3681 2687 3750 2743 (11³³

2263 2771 2410 2842 prius
2439 2773 2654 2829 fuerunt
2683 2775 2739 2830 in
2768 2773 2914 2846 hyle.
2950 2773 3102 2830 Unde
3134 2775 3488 2847 Augustinus:
3515 2791 3532 2825 (
3553 2770 3590 2827 0
3611 2764 3752 2823 mundo

2262 2867 2578 2922 imrnunde!
2618 2886 2636 2919 ι
3542 2922 3556 2933 ,

2334 2958 2623 3014 Sciendum
2654 2960 2797 3029 quod
2829 2976 2884 3015 in
2915 2975 3243 3031 quocunque
3273 2960 3498 3031 epitheto
3524 2950 3750 3012 constitutis

2261 3047 2470 3104 duobus
2517 3049 2805 3120 epogdois,
2839 3051 3099 3121 quidquid
3148 3059 3390 3108 remanet
3428 3050 3587 3105 limma
3610 3052 3697 3108 est,
3721 3035 3758 3095 id

2263 3149 2382 3208 est,
2414 3142 2591 3196 minus
2625 3141 2971 3197 semitonium
2995 3185 3012 3211 ,
3043 3153 3334 3212 superatur
3379 3158 3407 3196 a
3447 3138 3612 3194 minori
3647 3130 3757 3188 semi-

2269 3234 2448 3299 tonio,
2506 3243 2563 3302 ut
2615 3236 2794 3306 sagaci
2849 3236 3272 3307 investigatione
3316 3227 3636 3291 calculatorite
3673 3219 3761 3278 artis

2271 3340 2546 3399 repertum
2579 3339 2663 3386 est
2685 3373 2700 3398 ,
2736 3331 2892 3387 tertia
2929 3342 3079 3402 parte
3108 3334 3196 3388 sui
3232 3331 3396 3402 ipsius
3434 3322 3663 3385 semitouii
3691 3317 3760 3374 miv

2267 3425 2413 3478 noris
2436 3465 2450 3489 ,
2481 3433 2533 3478 et
2567 3423 2670 3479 104
2699 3434 2850 3495 parte
2879 3440 2990 3480 suae
3032 3426 3204 3495 partis
3236 3423 3423 3480 tertiae.

2338 3515 2393 3570 Si
2423 3517 2504 3571 vis
2533 3517 2672 3572 scire
2699 3517 2971 3588 quomodo
3000 3518 3068 3573 de
3097 3527 3215 3574 toto
3246 3515 3418 3587 possis
3444 3514 3597 3568 facere
3628 3506 3754 3562 minus

2268 3609 2611 3665 semitonium
2638 3653 2652 3678 ,
2683 3611 2866 3682 accipe
2895 3621 3142 3668 octavam
3177 3620 3383 3681 partem
3401 3652 3415 3677 ,
3444 3619 3538 3676 qua
3561 3595 3760 3682 δεςαιιίοα

2270 3714 2388 3757 tava
2439 3704 2715 3774 proportio
2761 3681 2928 3761 vincit
2973 3703 3530 3774 subsesquioctavam,
3564 3701 3610 3748 et
3638 3681 3763 3743 diVidl

2270 3811 2387 3852 eam
2439 3797 2490 3851 in
2538 3813 2729 3853 novem
2775 3798 3009 3868 aequales
3055 3809 3284 3869 partes;
3333 3803 3532 3867 postea,
3571 3775 3763 3842 relictis5

2272 3889 2526 3951 novenis,
2562 3898 2671 3945 tres
2717 3903 2957 3945 novenas
2999 3889 3288 3960 aequaliter
3333 3884 3502 3943 divide
3541 3881 3585 3934 iu
3609 3874 3661 3928 27
3686 3883 3766 3940 Ρ³τ’

2276 3989 2378 4036 tes.
2415 3982 2491 4036 De
2521 3981 2718 4051 quibus
2747 3982 3006 4038 vicesima
3036 3984 3268 4052 septima
3299 3985 3446 4051 parte
3471 3970 3667 4032 sublata,
3689 3971 3768 4032 ι)το-

2271 4075 2354 4128 cul
2387 4073 2552 4129 dubio
2581 4074 2884 4131 remanebit
2917 4075 3011 4130 tibi
3040 4074 3230 4130 limma
3250 4115 3268 4143 ,
3298 4071 3352 4128 id
3397 4077 3508 4132 est,
3535 4061 3676 4119 minus
3707 4065 3768 4106 se-

2271 4165 2394 4221 mis.
2424 4165 2539 4221 Iioc
2584 4175 2763 4222 autem
2812 4182 2920 4223 non
2965 4175 3049 4223 est
3092 4164 3481 4238 ignorantium,
3521 4168 3612 4228 ‘1“0
3646 4146 3768 4241 mi“?

2271 4259 2435 4315 semis
2478 4259 2796 4315 collocatum
2837 4275 2958 4316 cum
3000 4261 3376 4329 sesquioctava
3417 4244 3705 4338 ρτοροτίξθθῗ
3723 4231 3768 4284 u-

2273 4355 2376 4409 lius
2421 4353 2847 4424 sesquioctavae,
2898 4367 2928 4406 a
2975 4351 3130 4420 cujus
3163 4365 3307 4406 nona
3343 4353 3488 4417 parte
3511 4335 3767 4427 diminuilur.

2275 4445 2516 4501 continet
2547 4454 2711 4500 totam
2743 4443 2889 4498 illam
2918 4443 3389 4513 sesquioctavam,
3418 4445 3470 4493 et
3496 4435 3675 4496 insuper
3694 4427 3771 4486 91'”

2200 4572 2250 4632 Β
2277 4538 2347 4592 24
2377 4548 2582 4609 partem
2612 4538 2729 4609 ejus
2758 4538 3032 4593 vicesima!
3057 4536 3090 4591 4
3121 4537 3324 4606 partis,
3355 4540 3409 4586 et
3431 4518 3773 4632 praeters:l

2275 4647 2396 4686 vam
2429 4640 2639 4700 partem
2691 4629 2806 4698 eius
2854 4636 3059 4698 quarta:
3091 4627 3264 4696 partis
3286 4665 3301 4691 ,
3334 4632 3389 4678 et
3416 4615 3593 4688 septies
3616 4609 3664 4664 81
3693 4613 3772 4672 Pa"

2273 4733 2379 4780 tem
2409 4723 2527 4794 ejus
2559 4731 2768 4778 octavae
2799 4721 2985 4791 partis.
3017 4717 3186 4774 Verbi
3231 4714 3405 4788 gratia
3425 4752 3440 4779 ,
3481 4701 3772 4794 praeponatnuf

2274 4819 2408 4873 tales
2438 4785 2650 4872 numeri
2683 4817 2736 4884 5,
2768 4785 2821 4870 in
2852 4814 3045 4885 quibus
3076 4785 3342 4883 liquescat
3365 4806 3453 4877 qui
3480 4799 3659 4858 dicitur.
3683 4785 3774 4842 Sum

2275 4917 2484 4973 numeri
2514 4915 2650 4985 245,
2682 4922 2735 4968 et
2763 4915 2896 4979 255,
2923 4923 2978 4968 et
3003 4912 3134 4981 2T5,
3166 4919 3224 4965 et
3255 4907 3528 4965 trientem,
3553 4902 3600 4952 et
3623 4893 3773 4985 senili“?

2273 5011 2409 5066 ciam
2434 5052 2447 5074 ,
2479 5007 2610 5074 245,
2638 4983 2698 5063 ⁷ει
2724 5005 3242 5077 subsesquioctavus
3272 5000 3339 5056 ad
3367 4993 3490 5061 275,
3519 4999 3566 5046 et
3594 4983 3772 5077 trientem

2274 5100 2626 5158 semunciam.
2668 5099 2801 5154 Nam
2847 5100 2948 5152 iste
2991 5105 3076 5153 est
3117 5094 3515 5164 sesquioctavus
3553 5078 3610 5137 ad
3641 5071 3771 5131 illum.

2275 5196 2512 5250 continet
2538 5208 2661 5248 eum
2696 5202 2896 5260 totum,
2931 5200 2985 5245 et
3013 5190 3130 5260 ejus
3175 5199 3420 5243 octavam
3461 5185 3666 5250 partem.
3695 5170 3776 5231 (Ιοπ

2276 5297 2360 5344 est
2387 5287 2479 5352 30,
2509 5296 2562 5342 et
2591 5285 2759 5340 triens
2787 5295 2841 5339 et
2871 5283 3174 5349 semuncia,
3201 5290 3258 5358 et
3287 5279 3445 5336 etiam
3470 5281 3610 5329 tonus
3629 5260 3776 5354 iulei‘f'

2277 5384 2344 5438 ad
2376 5383 2547 5436 illum.
2583 5379 2808 5435 Ducenti
2842 5394 2972 5434 vero
3004 5378 3096 5444 55,
3126 5377 3223 5446 qui
3271 5382 3522 5429 numerus
3558 5359 3776 5455 εει

2279 5475 2426 5530 tonio
2456 5473 2662 5538 nimus,
2689 5472 2780 5542 qui
2812 5471 2882 5526 ad
2909 5469 3016 5523 eis
3064 5445 3432 5537 comparatur,
3478 5445 3775 5547 benedici“:

2281 5569 2533 5624 diminuti
2570 5583 2598 5621 a
2631 5533 2772 5621 nona
2803 5573 2956 5635 parte
2987 5565 3347 5618 ducentorum
3377 5557 3465 5623 78,
3494 5563 3544 5608 et
3569 5533 3780 5604 trientise’

2280 5660 2592 5718 semuncias.
2619 5659 2857 5726 Quorum
2889 5665 3085 5726 praeter
3113 5663 3291 5710 totum
3319 5653 3474 5709 etiam
3517 5635 3780 5740 potealﬁ?‘

2281 5759 2440 5814 tineri
2471 5771 2609 5812 nona
2642 5721 2793 5826 parte
2838 5721 2922 5807 sui
2966 5749 3083 5821 ejus
3125 5758 3375 5804 octavam
3406 5749 3618 5814 partem,
3641 5724 3683 5783 id

2283 5853 2638 5912 ducentorum
2668 5845 3108 5932 sexagintatrium
3130 5883 3147 5906 .
3174 5843 3263 5902 cui
3292 5844 3579 5918 concauus.
3600 5840 3631 5892 ll
