4010 6382
225 257 322 317 305

1495 239 1704 305 ΜυΝῡι
1745 238 2219 304 (ΣΟΝΞἸΊἹὍΤΙΟ.

3363 241 3474 301 906

227 374 437 430 modum
483 369 886 440 sesquioctavus
934 368 1079 425 facit.
1126 366 1240 422 Non
1289 366 1431 421 enim
1475 373 1692 434 superat
1735 362 1794 416 il—
1825 365 1871 421 A
1905 362 2056 417 Unde
2091 364 2375 432 proborum
2410 375 2591 416 mores
2623 374 2836 430 assequr
2866 375 2969 413 non
3001 359 3213 424 valent,
3247 375 3336 429 qui
3367 376 3479 417 cer-

223 473 331 535 lum
353 515 368 538 ,
400 469 502 525 nisi
533 468 817 532 tredecim,
849 465 1088 522 continet
1121 473 1302 518 tamen
1333 460 1485 514 illum
1512 467 1714 523 totum,
1743 464 1796 511 et

225 567 334 633 ejus
356 563 665 617 vicesimam
688 568 930 629 quartam
960 567 1166 627 partem
1189 596 1205 622 ,
1231 568 1347 625 quae
1372 553 1531 608 etiam
1556 552 1623 605 10
1648 560 1797 603 asses

223 667 277 712 et
315 653 371 721 5,
403 665 458 708 et
484 662 770 722 praeterea,
801 649 1042 704 continet
1089 645 1244 715 hujus
1288 643 1554 698 vicesima:
1594 651 1799 710 quartae

228 747 427 814 partis,
459 759 578 812 qum
621 743 785 797 etiam
830 740 936 794 duo
976 752 1144 792 asses.
1189 736 1405 790 Necnon
1454 733 1628 786 adhuc
1672 746 1800 784 con-

224 837 358 890 tinet
409 835 564 902 hujus
616 841 820 901 quarta:
868 829 1031 898 partis
1086 827 1118 880 8
1175 835 1415 894 partem,
1473 836 1592 892 quae
1639 821 1800 876 etiam

223 929 488 1000 quadrans
521 943 581 993 ι,
612 927 666 981 9.
698 924 782 997 εδ.
815 939 864 978 c.
900 923 956 980 9.
989 923 1054 976 Et
1099 920 1342 975 omnium
1391 914 1633 971 continet
1681 918 1803 979 post

224 1019 498 1087 superiora
549 1016 707 1085 hujus
753 1024 955 1069 octava:
1003 1012 1170 1082 partis
1215 1009 1426 1079 species
1471 1004 1801 1074 octogesima

223 1115 450 1184 primam
501 1120 746 1180 partem,
795 1124 912 1178 quzc
959 1118 1040 1161 est
1092 1103 1374 1172 scrupulus
1423 1112 1476 1155 et
1525 1098 1798 1162 calculus;

219 1221 354 1277 ergo
400 1205 573 1259 minus
617 1203 956 1258 semitonium
1003 1207 1367 1266 comparatum
1416 1210 1536 1250 cum
1582 1193 1800 1248 subses-

226 1299 509 1364 quioctava
543 1294 888 1362 proportione
919 1285 1059 1345 illius
1103 1288 1484 1356 sesquioctava:
1510 1328 1525 1351 ,
1575 1299 1606 1340 a
1651 1284 1806 1353 cujus

227 1401 374 1443 nona
425 1398 575 1456 parte
620 1385 956 1447 diminuitur,
997 1380 1404 1448 comprehendit
1449 1387 1612 1432 totam
1655 1375 1803 1430 illam

223 1468 753 1546 subsesquiuctavam
772 1517 787 1540 ,
819 1482 873 1529 et
899 1472 1014 1542 ejus
1040 1469 1112 1526 24
1142 1481 1196 1526 et
1225 1479 1426 1540 partem
1447 1509 1465 1535 ,
1498 1477 1552 1523 et
1573 1465 1648 1520 24
1680 1481 1804 1534 par-

220 1569 326 1632 tis.
356 1581 598 1640 quartam
621 1611 636 1636 ,
668 1578 724 1623 et
749 1578 950 1635 quarta:
980 1575 1218 1620 octavam
1241 1552 1342 1628 ,let
1369 1572 1572 1617 octava:
1603 1560 1803 1629 septies

217 1657 294 1716 81
331 1671 555 1731 partem.
588 1659 644 1713 Si
675 1669 850 1713 autem
882 1659 983 1711 hoc
1013 1656 1251 1711 invenire
1280 1654 1555 1710 desideras
1585 1653 1638 1707 in
1668 1652 1804 1706 inte-

224 1757 340 1823 gris
368 1756 471 1820 his,
505 1756 556 1808 in
588 1754 881 1807 minoribus
912 1768 1015 1806 non
1046 1751 1244 1821 poteris
1273 1749 1512 1803 invenire
1542 1745 1800 1810 numeris,

219 1861 387 1914 quam
418 1846 555 1900 inter
585 1844 677 1907 57,
701 1842 828 1909 208,
857 1851 913 1897 et
942 1841 1030 1906 65,
1061 1840 1186 1894 550.
1217 1840 1286 1896 Ut
1315 1838 1522 1908 plenius
1550 1838 1809 1907 liquescat

217 1938 500 2009 probatio,
535 1947 862 2005 pr0ponatur
891 1932 1139 2002 epitritus
1164 1940 1218 1988 et
1246 1930 1593 1997 subepitri’tus
1624 1943 1809 1983 nurne-

220 2038 346 2094 rus,
379 2028 464 2082 ubi
498 2037 615 2096 post
641 2027 774 2080 duos
806 2035 960 2079 tonos
992 2031 1270 2077 remaneat
1299 2021 1391 2075 libi
1424 2019 1767 2074 semitonium
1789 2061 1804 2086 ,

221 2119 322 2173 ubi
354 2119 606 2186 probetur
633 2116 902 2186 quadrans
929 2128 1047 2168 esse
1077 2126 1262 2167 verum
1286 2151 1304 2178 ,
1336 2121 1390 2166 et
1433 2111 1504 2166 ita
1549 2111 1807 2164 inclineno

222 2218 320 2262 tur
346 2207 437 2272 49,
463 2207 587 2270 155,
617 2205 733 2275 ejus
759 2213 974 2258 octavas
1001 2211 1176 2270 partes
1203 2200 1257 2264 6,
1288 2200 1408 2267 100,
1437 2200 1526 2264 11,
1553 2199 1607 2264 4,
1637 2199 1725 2265 50,
1752 2197 1806 2264 5,

220 2301 506 2370 200,10,
543 2302 678 2366 100,
709 2299 776 2362 6,
805 2298 920 2366 ejus
947 2305 1132 2352 octava
1166 2310 1288 2366 pars
1317 2296 1382 2362 7,
1412 2291 1549 2359 700,
1580 2292 1678 2356 76,
1706 2292 1807 2359 65,

221 2386 360 2446 536.
409 2391 512 2446 lste
543 2403 670 2460 ergo
699 2389 939 2444 continet
968 2395 1136 2440 tutum
1167 2387 1503 2453 superiorem
1526 2425 1542 2448 ,
1587 2393 1648 2439 et
1693 2382 1810 2453 ejus

223 2482 542 2536 vicesimam
574 2489 816 2550 quartam
847 2489 1084 2548 partem,
1119 2492 1236 2546 qua:
1265 2483 1348 2531 est
1373 2473 1508 2539 648,
1552 2485 1606 2529 et
1652 2474 1811 2542 hujus

223 2583 440 2643 quartae
471 2573 638 2644 partis
667 2584 910 2627 octavam
943 2579 1178 2640 partem,
1208 2585 1329 2639 quze
1354 2581 1435 2624 est
1459 2568 1555 2632 80,
1587 2576 1640 2622 et
1669 2569 1811 2621 insu-

223 2677 334 2730 per
377 2664 616 2717 continet
662 2663 862 2730 septies
908 2660 1286 2730 octogesimam
1337 2661 1560 2727 primani
1608 2667 1808 2724 partem

222 2752 398 2820 hujus
441 2763 643 2808 octavte
694 2755 882 2822 partis.
932 2752 1074 2806 lnter
1102 2752 1136 2806 5
1164 2761 1337 2805 autem
1389 2760 1442 2804 et
1481 2759 1706 2819 quatuor
1733 2750 1812 2803 sic

218 2855 412 2916 potest
441 2842 667 2900 inveniri
699 2844 1042 2900 semitonium
1062 2886 1078 2911 ,
1107 2857 1138 2896 a
1169 2843 1374 2898 duobus
1405 2842 1660 2912 e‘pogdois
1691 2842 1813 2895 reli-

225 2945 382 2994 ctum
402 2981 419 3004 ,
450 2940 484 2994 5
513 2949 697 2992 octava
731 2953 856 3007 pars
888 2946 972 2992 est
1000 2938 1164 2991 triens
1191 2945 1244 2991 et
1274 2937 1586 3000 semiuiicia,
1619 2935 1811 2990 scxtuli

223 3034 468 3100 obulus,
501 3031 738 3086 calculus
769 3040 826 3086 et
853 3029 1108 3085 dimidius
1136 3030 1202 3093 5,
1237 3029 1582 3081 hemitonium
1614 3028 1806 3081 minus.

220 3127 383 3181 Inter
438 3125 536 3179 bos
584 3123 720 3178 duos
769 3136 1020 3176 numeros
1069 3121 1334 3175 invenitur
1377 3119 1550 3172 minus
1597 3119 1815 3172 semito-

221 3221 386 3274 nium
410 3257 425 3282 ,
454 3219 542 3286 qui
575 3225 700 3271 sunt
725 3216 760 3270 4
781 3254 797 3280 ,
828 3213 968 3279 800,
996 3213 1065 3267 60
1087 3254 1100 3278 ,
1132 3213 1200 3279 4,
1231 3222 1284 3267 et
1312 3213 1379 3277 4,
1409 3210 1533 3278 500,
1571 3211 1691 3276 100,
1732 3211 1812 3265 l7.

219 3311 290 3367 Si
327 3311 492 3379 igitur
531 3309 611 3363 vis
653 3308 793 3362 scire
835 3306 1100 3376 quomodo
1143 3320 1204 3359 se
1249 3304 1408 3358 habet
1452 3303 1504 3356 in
1548 3304 1691 3356 omni
1732 3317 1817 3357 se-

223 3400 466 3456 ηιιιοιιίο
510 3398 704 3453 minori
750 3395 922 3466 major
965 3406 1220 3450 numerus
1266 3395 1330 3448 ad
1376 3394 1670 3460 minorem,
1723 3395 1816 3454 sed

225 3491 438 3544 horum
493 3478 719 3542 duorum
770 3500 1118 3541 numerorum
1169 3483 1540 3539 collectionem
1598 3483 1819 3538 firmiter

229 3581 446 3649 ubique
489 3577 705 3633 habeas.
752 3575 1002 3632 Continet
1030 3589 1260 3644 namque
1287 3577 1340 3629 in
1373 3577 1471 3629 hac
1501 3573 1821 3630 collectione

224 3671 421 3743 major
449 3685 704 3726 numerus
724 3710 740 3736 ,
771 3670 859 3737 qui
891 3678 973 3724 est
1003 3671 1056 3734 4,
1085 3666 1212 3732 800,
1245 3668 1336 3734 00,
1369 3665 1424 3732 4,
1454 3676 1621 3721 totum
1651 3668 1821 3720 mino-

225 3783 394 3831 rem,
425 3765 667 3831 scilicet,
701 3763 767 3830 4,
802 3762 925 3828 500,
962 3762 1086 3827 100,
1121 3761 1223 3825 18;
1255 3770 1308 3815 et
1339 3760 1559 3828 insuper
1588 3761 1704 3828 ejus
1733 3776 1822 3815 no-

227 3872 367 3911 nam
399 3854 659 3908 decimam
694 3861 933 3922 partem,
966 3865 1084 3919 quae
1119 3852 1169 3914 1,
1199 3849 1304 3905 200
1325 3890 1341 3916 ,
1377 3851 1468 3918 10,
1500 3849 1588 3915 50,
1622 3851 1690 3915 5;
1725 3861 1822 3904 nec

234 3959 360 4002 non
393 3945 509 4014 ejus
545 3959 696 3997 nonze
726 3943 949 3997 decimae
981 3943 1146 4011 partis
1176 3943 1555 4011 octogesimam
1598 3942 1822 4011 primam

235 4045 461 4107 partem
493 4037 546 4100 1,
579 4034 612 4087 5
638 4051 653 4100 ;
685 4042 740 4089 et
769 4045 1024 4103 praeterea
1067 4035 1305 4088 continet
1344 4035 1683 4103 octogesima:
1713 4035 1822 4103 pri-

236 4145 355 4182 una:
392 4127 558 4194 partis
581 4167 595 4189 ,
626 4141 745 4194 qua:
774 4135 858 4180 est
887 4126 1085 4179 unitas.
1120 4125 1266 4178 linus
1296 4123 1420 4178 duo.
1455 4123 1578 4178 l-leo
1607 4139 1636 4177 a
1671 4126 1825 4177 ruini-

229 4233 336 4272 mo
374 4218 464 4271 hic
505 4215 645 4270 l;ber
683 4214 902 4284 incipit,
935 4215 1056 4284 quia
1097 4214 1341 4268 conditor
1385 4217 1627 4268 humanm
1669 4215 1827 4268 molis

227 4325 534 4366 numerum
583 4310 752 4365 voluit
803 4310 1002 4365 habere
1047 4311 1323 4380 exemplar
1367 4309 1420 4364 in
1470 4311 1615 4364 omni
1664 4326 1826 4378 opere

1833 1719 1880 1778 B

1907 455 1973 507 tis
2003 463 2057 507 et
2106 452 2472 521 probabilibus
2520 460 2740 506 utuntur
2780 450 3101 506 rationibus.
3151 451 3238 506 Fit
3278 455 3419 508 enim
3451 456 3480 507 ὁ

1903 545 2203 600 intervallo.
2240 545 2380 598 Dicit
2409 543 2509 598 hoc
2537 559 2632 614 per
2663 544 2991 598 involucrum
3039 551 3095 597 et
3137 542 3474 612 integumen-

1904 646 2050 702 tum,
2082 637 2233 706 quasi
2265 649 2397 691 axes
2443 636 2565 692 caeli
2607 636 2894 704 aliquando
2942 635 3062 689 trini
3105 636 3471 700 cmolirentur,

1905 738 1959 783 et
1982 729 2226 783 “facerent
2257 730 2423 797 ipsam
2447 729 2718 798 Spbacram
2765 727 3014 782 mundani
3063 729 3304 797 corporis
3351 730 3480 783 sub-

1905 821 2105 884 sidere,
2139 830 2194 874 et
2224 819 2294 874 ita
2325 820 2473 875 calor
2503 821 2868 874 dominaretur
2899 820 3137 885 humori,
3172 829 3225 874 et
3255 821 3325 875 ita
3359 833 3484 887 pro-

1905 911 2113 965 veniret
2142 912 2398 966 diluvium
2433 927 2528 981 per
2563 913 2747 982 ignem
2772 955 2786 980 ,
2818 919 2874 965 et
2900 925 2928 965 e
2960 925 3237 965 converso.
3283 912 3483 970 Taliter

1906 1002 2379 1058 circumactionem
2430 1014 2586 1059 vocat
2635 1006 3006 1059 transitionem
3049 1017 3105 1059 et
3144 1007 3483 1060 retransitio-

1909 1110 2028 1148 nem
2083 1094 2512 1156 elementorum.
2567 1097 2709 1164 quod
2768 1111 2872 1150 non
2927 1097 3064 1165 ignis
3115 1096 3378 1166 spissatur
3432 1098 3484 1149 in

1898 1200 2086 1239 aerem
2114 1225 2128 1248 ,
2165 1202 2258 1238 aer
2289 1187 2340 1238 in
2385 1201 2608 1255 aquam,
2641 1201 2778 1255 aqua
2812 1188 2862 1240 in
2897 1198 3088 1241 terram
3109 1229 3122 1251 ,
3155 1189 3238 1242 vel
3282 1203 3312 1242 c
3359 1202 3488 1242 con-

1907 1291 2098 1344 verso,
2135 1287 2259 1330 tunc
2289 1279 2466 1331 exulat
2510 1280 2675 1344 calor,
2720 1280 2802 1331 vel
2854 1279 3044 1333 humor
3091 1280 3147 1331 lit
3193 1279 3479 1344 diluvium,

1907 1370 1991 1425 vel
2034 1385 2129 1438 per
2178 1369 2389 1439 ignem,
2433 1369 2519 1423 vel
2568 1385 2662 1436 per
2705 1384 2932 1437 aquam,
2984 1371 3206 1424 alteram
3253 1371 3486 1424 circum-

1908 1461 2174 1516 actionem
2208 1461 2338 1514 dicit
2385 1475 2477 1530 per
2504 1463 2935 1516 convolutioiiem
2963 1461 2992 1513 7
3021 1461 3353 1530 planetarum
3373 1504 3388 1528 ,
3420 1480 3486 1518 ex

1906 1571 2132 1625 quorum
2179 1565 2366 1608 natura
2395 1555 2482 1609 vel
2517 1555 2713 1608 nimius
2758 1554 2906 1608 calor
2936 1555 3019 1608 vel
3052 1555 3248 1609 humor
3295 1569 3487 1624 prove-

1910 1649 2007 1702 nit.
2040 1647 2136 1701 Est
2160 1647 2340 1702 adhuc
2373 1648 2542 1715 major
2570 1661 2730 1702 causa
2752 1662 2877 1702 cum
2907 1647 3335 1703 ferventissimus
3365 1660 3445 1703 est
3464 1691 3480 1710 .

1909 1739 1954 1794 si
2001 1749 2128 1793 tunc
2176 1739 2366 1792 humor
2409 1739 2628 1793 nimium
2674 1749 2912 1794 moratus
2955 1740 3144 1806 fuerit,
3179 1742 3346 1809 stella:
3375 1741 3484 1795 cir-

1909 1831 2165 1887 cumfusrc
2187 1833 2284 1886 soli
2310 1834 2526 1887 mittunt
2545 1847 2609 1886 ex
2639 1847 2698 1886 se
2728 1832 2992 1887 fervorem
3024 1835 3164 1888 circa
3195 1835 3402 1897 solem,
3431 1846 3486 1889 et

1913 1922 2041 1976 inde
2076 1922 2404 1990 minuuntur,
2439 1924 2670 1976 calorem
2701 1923 2860 1976 mittit
2888 1935 3045 1978 terra:
3065 1964 3079 1988 ,
3109 1935 3165 1979 et
3198 1935 3322 1978 tunc
3363 1925 3487 1994 igne

1911 2023 2161 2084 pereunt.
2196 2013 2291 2068 Vel
2321 2013 2645 2068 exorbitatio
2692 2013 2895 2069 referas
2942 2015 3008 2069 ad
3058 2029 3275 2070 currum
3321 2017 3489 2084 solis,

1913 2119 2038 2159 nam
2070 2105 2377 2160 exorbitare
2407 2105 2618 2159 videtur
2663 2107 2713 2160 in
2759 2117 2978 2171 aestate,
3005 2123 3126 2162 cum
3171 2109 3326 2163 altior
3371 2120 3493 2164 sur-

1911 2200 2028 2268 git;
2061 2207 2115 2251 et
2146 2207 2272 2252 tunc
2300 2199 2473 2268 magis
2509 2208 2703 2255 contra
2737 2214 2834 2252 nos
2862 2214 3052 2253 versus
3097 2209 3215 2266 est,
3247 2215 3405 2268 quam
3436 2202 3491 2256 iu

1921 2291 2138 2357 hieme,
2188 2293 2269 2346 vel
2316 2292 2466 2346 dicas
2509 2292 2650 2360 quod
2703 2293 2861 2362 longo
2911 2292 3194 2348 intervallo
3238 2293 3378 2347 dicit
3425 2295 3494 2348 de

1915 2400 2106 2456 magno
2139 2399 2308 2451 anno,
2340 2385 2428 2454 qui
2462 2394 2545 2438 cst
2577 2383 2749 2441 15000
2797 2399 3080 2440 annorum.
3113 2386 3283 2440 Aliter
3311 2386 3496 2442 dicmit

1913 2491 2125 2545 quoque
2171 2475 2476 2544 philosophi
2522 2477 2690 2532 solem
2737 2491 2856 2532 esse
2901 2478 3021 2530 talis
3063 2485 3300 2542 naturae,
3352 2477 3495 2546 quod

1914 2570 2151 2622 omnium
2203 2567 2254 2621 in
2304 2584 2364 2623 se
2412 2567 2584 2622 trahat
2638 2569 2814 2637 ignem
2867 2569 3176 2634 stellarum,
3221 2568 3286 2622 ad
3336 2584 3497 2638 quem

1919 2659 2325 2724 temperandum
2357 2658 2579 2713 attrahit
2607 2659 2708 2714 sibi
2743 2659 3019 2714 humorem
3053 2660 3192 2712 illius
3223 2659 3495 2721 elementi.

1915 2749 2122 2803 scilicet
2143 2790 2158 2814 ,
2192 2765 2381 2818 aqum;
2414 2761 2466 2806 et
2495 2759 2625 2804 tunc
2655 2765 2789 2820 aqua
2822 2760 2875 2804 et
2905 2751 3137 2804 maxime
3169 2750 3337 2803 maria
3367 2764 3496 2804 con~

1917 2842 2218 2906 trahuntur,
2251 2856 2410 2910 quam
2445 2856 2565 2895 cum
2599 2842 2835 2906 remisit,
2867 2843 3177 2896 distrahitur
3206 2856 3374 2906 mare,
3402 2841 3498 2896 sed

1918 2933 2093 3002 aliquo
2126 2941 2366 3002 tempore
2397 2933 2566 3001 magis
2595 2948 2756 3003 quam
2785 2933 2906 2987 alio.
2945 2933 3093 2989 Unde
3123 2933 3402 2987 Lucanus:

2105 3087 2398 3202 Flammiger
2419 3101 2482 3138 an
2505 3089 2648 3141 Titan
2673 3096 2727 3140 ut
2752 3090 2944 3140 alentes
2968 3091 3157 3142 hauriat
3179 3093 3347 3155 undas,

2105 3150 2273 3202 Erigat
2343 3165 2547 3202 ceanum
2567 3154 2845 3202 ﬂuctusaue
2864 3155 2922 3202 ad
2944 3154 3107 3202 sidera
3133 3155 3286 3202 tollat.

2100 3150 2273 3212 Erigat
2295 3150 2547 3202 Oceanum
2567 3154 2845 3216 ﬂuctusque
2864 3155 2922 3202 ad
2944 3154 3107 3204 sidera
3133 3155 3286 3206 tollat.

1918 3298 2056 3354 Nota
2099 3301 2240 3371 quod
2273 3301 2403 3356 dicit
2435 3318 2716 3358 numemm
2747 3305 2980 3373 priorem
3013 3304 3316 3373 superﬁcie.
3364 3303 3499 3362 Nul-

1921 3391 2030 3444 lum
2066 3393 2210 3446 enim
2243 3393 2492 3448 accidens
2523 3395 2670 3462 prius
2701 3405 2781 3447 est
2810 3395 3058 3461 subjecro
3101 3411 3231 3461 suo,
3278 3405 3333 3451 et
3373 3395 3506 3452 dicit

1921 3483 2261 3551 superﬁciem
2295 3499 2608 3552 corpoream
2642 3495 2864 3555 propter
2910 3497 3222 3556 perpetuam
3270 3490 3500 3558 conjun—

1921 3575 2154 3629 ctionein
2186 3575 2268 3628 sui
2301 3589 2421 3629 cum
2451 3590 2677 3642 corpore
2699 3617 2713 3642 ,
2747 3576 2888 3646 quod
2938 3591 3211 3647 nunquam
3259 3579 3499 3642 deserit,

1925 3667 2243 3735 incorporea
2277 3680 2455 3722 autem
2489 3678 2573 3721 est
2600 3669 2680 3721 sui
2715 3680 2926 3721 natura.
2951 3667 3140 3737 itaque
3187 3683 3503 3736 corporeum

1925 3768 1980 3815 ct
2030 3760 2403 3827 incorporeum
2457 3759 2558 3814 hoc
2603 3768 2852 3828 respectu
2905 3762 3040 3815 bene
3089 3762 3360 3829 patiuntur
3407 3775 3502 3824 sc,

1924 3867 2245 3919 corporeum
2281 3862 2339 3905 ut
2366 3852 2644 3920 corporis,
2675 3861 2732 3904 et
2764 3853 3138 3922 incorporeum
3171 3854 3362 3905 animm
3407 3867 3502 3919 pe-

1925 3943 2073 3998 nitus
2119 3951 2243 3998 sunt
2290 3947 2570 4012 opposita,
2619 3955 2716 3998 nec
2764 3945 2981 3998 omnino
3031 3943 3300 4012 patiuntur
3344 3958 3404 3997 se
3449 3945 3502 3996 in

1924 4034 2134 4089 eodem.
2671 4081 2676 4085 .
3101 4032 3114 4048 ‘

1999 4127 2137 4196 llyle
2179 4127 2437 4196 impressa
2486 4129 2620 4182 ideis
2661 4127 2790 4182 dicit
2837 4128 3053 4183 firmare
3082 4141 3315 4197 corpus,
3345 4127 3501 4196 cujus

1933 4220 2377 4289 praestantissima
2429 4230 2578 4290 parte
2631 4233 2878 4276 constare
2927 4223 3104 4276 divina
3155 4221 3308 4287 dicit,
3363 4223 3505 4291 quod

1937 4329 2043 4368 non
2077 4314 2284 4368 videtur
2311 4330 2448 4369 esse.
2488 4315 2619 4385 llyle
2649 4315 2790 4370 cnim
2839 4325 2922 4369 est
2965 4331 3052 4369 res
3099 4315 3342 4369 informis
3366 4355 3381 4380 ,
3413 4330 3505 4369 ve-

232 4416 386 4466 suo,
437 4401 524 4454 ubi
570 4401 728 4454 etiam
778 4400 831 4454 in
879 4399 962 4454 his
994 4409 1208 4454 notetur
1240 4400 1496 4470 perfectio
1526 4403 1740 4470 Operis,
1775 4412 1828 4457 et
1852 4420 1906 4479 D
1934 4419 2047 4458 ram
2081 4419 2184 4457 non
2220 4405 2376 4459 habet
2407 4415 2610 4473 partem
2642 4407 2694 4459 in
2726 4408 2805 4460 sui
2839 4419 3022 4460 natura
3053 4423 3067 4472 ;
3100 4421 3268 4475 quare
3298 4421 3360 4460 ex
3392 4408 3510 4475 ejus

223 4495 313 4545 ab
361 4504 502 4555 uno,
554 4489 606 4544 id
652 4499 771 4557 est,
818 4505 849 4544 a
897 4491 1040 4555 Deo,
1070 4492 1194 4561 quia
1235 4508 1370 4546 unus
1397 4505 1478 4547 est
1511 4494 1680 4548 factor
1707 4511 1821 4548 om-

230 4586 434 4647 nium,
471 4597 590 4651 quae
618 4592 782 4648 sunt,
816 4598 845 4636 a
878 4583 1091 4638 duobus
1122 4593 1176 4638 et
1202 4601 1230 4639 a
1264 4586 1461 4651 tribus,
1494 4590 1743 4655 quoniam
1776 4587 1828 4642 hi

227 4683 492 4728 tractant
519 4673 586 4726 de
613 4673 758 4727 omni
790 4672 1087 4739 alteritate,
1133 4691 1253 4743 quae
1280 4676 1347 4730 ab
1377 4692 1514 4742 uno,
1557 4677 1607 4730 id
1653 4690 1765 4744 est,
1800 4695 1828 4732 a

229 4766 369 4820 Deo
429 4764 744 4830 descendit,
801 4763 939 4818 sicut
990 4780 1019 4818 a
1073 4768 1301 4822 monade
1357 4771 1533 4822 omnis
1590 4771 1830 4825 alternas

229 4856 439 4911 mundi
472 4856 708 4910 ducitur.
741 4857 971 4923 Quartus
1015 4857 1113 4911 hac
1144 4859 1350 4913 ratione
1378 4860 1705 4915 subtrahitur
1735 4879 1833 4914 nu-

228 4961 481 5010 merus,
532 4955 589 5000 ut
637 4947 834 5000 senarii
883 4949 1088 5002 numeri
1140 4949 1426 5017 perfectius
1479 4963 1826 5018 remaneant,

221 5037 375 5107 quia
413 5037 464 5088 bi
497 5044 604 5088 tres
637 5033 855 5103 perfecti
889 5044 1141 5090 notantur
1169 5038 1222 5091 in
1253 5040 1475 5093 scientia
1506 5043 1572 5095 de
1605 5043 1832 5096 naturali

215 5126 485 5201 justitia.
514 5125 646 5180 Nam
675 5126 720 5181 si
753 5144 856 5181 non
886 5129 1308 5197 subtraheretur,
1358 5133 1610 5187 denarius
1657 5150 1833 5188 rema-

218 5228 447 5285 neret,
479 5233 640 5288 quem
669 5230 880 5276 constat
924 5237 1046 5278 esse
1093 5223 1416 5291 perfectum,
1465 5229 1582 5295 quia
1630 5228 1832 5284 divisus

217 5327 359 5369 non
392 5309 714 5377 reSIituitur,
742 5311 880 5367 sicut
907 5313 1148 5368 senarius
1177 5314 1518 5384 imperfectus
1546 5322 1834 5374 resolvitur

216 5417 348 5474 per
396 5410 618 5471 partes,
669 5415 789 5471 quae
837 5415 1170 5459 coacervata:
1221 5406 1417 5460 faciunt
1468 5407 1831 5478 imperfectum

216 5508 541 5555 numerum
562 5533 578 5560 ,
612 5493 664 5547 id
696 5503 807 5559 est,
839 5498 1130 5552 senarium.

320 5591 589 5657 Superest
628 5588 807 5657 igitur.
854 5589 1118 5657 Sophistze
1161 5608 1288 5647 vero
1331 5608 1470 5648 nunc
1501 5609 1623 5650 suas
1652 5595 1836 5652 delen-

217 5684 392 5740 dunt
423 5678 680 5744 rationes,
709 5689 765 5733 et
792 5679 998 5736 alienas
1015 5681 1340 5755 ‘impugnant
1361 5727 1378 5756 ,
1409 5695 1463 5741 et
1492 5701 1521 5744 e
1551 5701 1832 5747 converso.

714 5775 984 5835 Parnoc.
1033 5774 1163 5839 XC.

1934 4507 2085 4566 parte
2118 4498 2248 4550 nihil
2282 4509 2488 4552 con‘smt
2511 4540 2526 4566 ,
2562 4515 2659 4553 nec
2690 4501 2846 4553 etiam
2880 4515 2944 4552 ex
2991 4500 3105 4564 ejus
3135 4501 3363 4552 termino
3407 4499 3508 4552 ali-

1933 4587 2060 4656 quid
2111 4596 2344 4642 constal.
2377 4588 2429 4642 Si
2461 4589 2600 4641 enim
2636 4589 2757 4658 hyle
2806 4589 2857 4641 in
2888 4588 3100 4658 aliquod
3133 4602 3295 4641 unum
3332 4598 3506 4640 trans—

1937 4678 2039 4732 iret
2071 4687 2259 4744 totuin,
2289 4678 2397 4748 jam
2429 4680 2528 4732 alia
2556 4679 2730 4733 omnia
2762 4693 2826 4733 ex
2857 4680 2974 4749 byle
3007 4680 3226 4733 materia
3257 4694 3362 4732 non
3390 4693 3490 4732 con

1939 4781 2184 4838 starent,
2214 4772 2352 4838 quod
2384 4771 2542 4825 etiam
2574 4781 2656 4824 est
2701 4782 2887 4826 contra
2934 4771 3302 4826 auctoritatem
3326 4813 3341 4836 ,
3389 4785 3511 4826 cum

1937 4877 2036 4916 nec
2063 4878 2126 4916 ex
2159 4872 2272 4916 toto
2292 4903 2306 4926 ,
2341 4878 2438 4916 nec
2467 4877 2530 4916 ex
2564 4870 2712 4930 parte
2742 4861 2865 4931 her
2893 4870 3186 4918 constaret.
3214 4862 3510 4918 Dicendum

1937 4961 2021 5006 est
2053 4953 2217 5022 igitur
2247 4955 2370 5024 byle
2399 4953 2653 5008 advenire
2683 4955 2907 5007 tormam
2931 4999 2945 5021 ,
2991 4965 3043 5008 et
3088 4956 3259 5024 primo
3302 4957 3354 5010 in
3401 4956 3514 5009 ali-

1937 5060 2094 5113 quam
2130 5055 2333 5112 partem
2365 5047 2445 5099 Sili
2469 5087 2484 5110 ,
2520 5048 2656 5100 unde
2681 5048 2888 5101 dicatur
2916 5048 3030 5101 fieri
3059 5049 3290 5117 aliquid,
3318 5047 3515 5102 deinde

1936 5142 2093 5194 aliam
2123 5137 2348 5194 formam
2382 5142 2434 5193 in
2464 5141 2568 5194 alia
2601 5151 2751 5209 parte
2782 5141 2902 5206 sui,
2935 5151 2990 5196 et
3018 5143 3097 5196 sic
3143 5155 3237 5209 per
3280 5140 3509 5210 singula.

1938 5231 2177 5286 Tradunt
2208 5231 2412 5302 physici
2457 5232 2699 5301 quaedam
2747 5233 3092 5290 convenienti
3136 5247 3363 5301 corpore
3399 5232 3512 5286 ele.

1939 5333 2242 5379 mentorum
2297 5325 2361 5378 ad
2418 5324 2826 5380 similitudinem
2885 5339 3231 5380 numerorum
3284 5336 3514 5391 corpora

1939 5415 2363 5485 proportionari,
2392 5414 2458 5469 ad
2490 5415 2592 5470 hoc
2627 5425 2683 5470 ut
2711 5417 2820 5471 sint
2845 5425 2964 5485 apta
2996 5413 3250 5468 vivificari
3293 5413 3361 5467 ab
3403 5413 3519 5467 ani-

1939 5519 2024 5559 ma
2046 5547 2062 5572 ,
2097 5521 2214 5575 quae
2241 5505 2560 5575 compositio
2592 5507 2909 5563 universalis
2937 5507 3062 5560 dum
3094 5519 3249 5559 suum
3278 5512 3516 5558 tenorem

1941 5597 2099 5652 habet
2119 5636 2135 5663 ,
2167 5607 2408 5653 naturam
2438 5599 2686 5656 animalis
2713 5598 2937 5654 solidam
2966 5605 3019 5654 et
3045 5597 3279 5669 quietam
3300 5633 3318 5661 ,
3345 5606 3528 5663 quatis

1943 5697 2052 5745 tum
2086 5688 2140 5745 in
2171 5690 2250 5748 sui
2283 5700 2523 5750 naturam
2557 5706 2772 5751 manere
2801 5691 3000 5747 dicunt.
3052 5688 3108 5744 Si
3152 5702 3280 5745 vero
3310 5702 3376 5744 ex
3418 5685 3529 5742 ali-'
