4010 6382
605 283 707 340 90³1

1075 279 1275 336 ΒΕΙΜΞ
1317 280 1766 339 VENERABILIS
1803 281 1951 337 OPP.
1993 281 2167 339 PARS
2209 283 2246 338 Ι.
2293 283 2486 343 SECT.
2527 287 2589 341 11.
2631 316 2700 330 —-
2739 286 2942 346 DUliIA
2984 289 3070 344 ET
3109 284 3356 346 SPURIA.
3659 307 3733 363 903

605 411 710 464 qua
743 404 894 464 parte
921 407 984 448 ex
1018 393 1302 464 superﬁuis
1349 396 1694 461 humoribus,
1741 397 1854 452 sive
1895 397 2170 452 diminutis
2205 402 2251 460 Α
2278 409 2332 454 ει
2382 412 2634 470 perpetua
2684 406 2908 460 mansio.
2944 406 3192 462 Modestia
3221 419 3299 464 est
3333 425 3417 478 per
3450 427 3579 482 quam
3616 421 3737 486 pudor

601 488 872 544 discordia
915 489 1321 557 compositionis
1361 490 1636 555 evenerit,
1677 490 2038 546 inﬁrmitatem
2080 507 2172 546 ac~

600 581 824 644 cidere;
857 579 900 634 si
935 594 1063 634 vero
1095 581 1284 647 periit,
1319 580 1598 637 dissolutio
1647 581 1804 636 fuerit
1834 622 1851 647 ,
1897 582 2034 635 mori
2077 582 2175 634 ho-

599 677 844 740 minem;
889 674 1032 728 unde
1076 673 1204 728 dicit
1243 674 1402 738 liber,
1444 675 1570 728 dum
1617 675 1816 729 mundo
1853 686 2172 744 supersunt,

597 780 707 826 etc.
739 769 870 822 Cum
902 781 1030 821 vero
1057 765 1348 832 deﬁciunt,
1395 784 1518 822 mox
1561 783 1756 822 arcana
1803 770 1880 822 vis
1923 769 2170 830 solvitur.

598 863 720 941 quia
750 869 1004 930 quantum
1052 860 1105 913 in
1155 869 1345 913 natura
1391 859 1583 915 animae
1627 877 1747 915 cum
1795 875 2010 929 semper
2053 873 2173 930 apta

595 961 679 1005 est
707 952 946 1004 auiu‘iare
968 989 982 1012 ,
1013 949 1113 1003 nisi
1143 963 1339 1017 corpus
1382 949 1667 1016 impediat,
1703 952 1841 1006 unde
1869 953 2170 1021 subiungit,

591 1043 767 1095 anima
800 1043 912 1109 ipsa
943 1057 1049 1095 non
1083 1040 1296 1103 deficit,
1329 1051 1436 1097 etc.
1468 1040 1600 1095 (lum
1634 1043 1808 1096 adhttc
1839 1053 2015 1112 potest
2053 1058 2173 1098 esse

589 1133 846 1190 accessio.
878 1131 1010 1186 Nota
1042 1133 1142 1186 hoc
1171 1146 1290 1186 esse
1321 1143 1509 1186 contra
1539 1133 1859 1187 sententiam
1900 1133 2134 1187 Platonis
2156 1173 2171 1199 ,

591 1227 683 1281 ubi
722 1226 916 1280 dicitur
958 1226 1164 1280 meritis
1209 1227 1261 1280 in
1307 1225 1414 1280 ﬁne
1453 1226 1659 1281 locatis.
1705 1227 1836 1282 Nam
1881 1230 2169 1283 secundum

587 1321 806 1375 beatum
855 1319 1214 1390 Augustinum
1260 1321 1436 1374 omnis
1487 1319 1650 1374 homo
1697 1321 1902 1375 tollitur
1950 1335 1980 1374 a
2031 1323 2168 1387 vita,

587 1425 710 1465 cum
740 1409 827 1465 vel
855 1410 1094 1478 Optimus
1127 1409 1211 1464 vel
1245 1411 1516 1479 pessimus
1547 1420 1668 1477 est,
1701 1427 1806 1466 non
1845 1413 1965 1466 dico
2005 1428 2170 1479 quau-

586 1513 698 1556 tutn
753 1501 819 1554 ad
873 1500 1123 1555 effectum
1176 1501 1394 1568 operis,
1456 1511 1712 1570 pensatur
1760 1519 1825 1557 ex
1877 1505 2170 1572 quantitate

588 1594 824 1657 amoris;
865 1592 956 1661 qui
1000 1599 1180 1647 autem
1233 1603 1360 1648 tunc
1408 1593 1569 1648 homo
1619 1594 1822 1650 tollitur
1860 1611 1920 1651 ex
1961 1595 2167 1664 justitia

586 1685 682 1738 Dei
716 1684 808 1750 ﬁt,
841 1699 905 1738 ex
938 1698 1038 1752 qua
1071 1685 1230 1737 homo
1261 1685 1599 1740 incremento
1629 1686 1884 1741 virtutum
1931 1689 2162 1756 perﬁcit,

2281 493 2535 547 honestus
2557 496 2772 549 cltaram
2800 507 2853 550 et
2884 498 3128 552 stabilem
3156 513 3407 568 comparat
3430 471 3736 566 auctoritatem.
3908 471 3909 566 i

2279 583 2524 637 Amicitia
2574 595 2658 640 est
2705 588 2950 642 voluntas
2994 589 3248 644 booarum
3291 608 3470 658 rerum,
3496 611 3592 663 qua
3616 600 3742 664 aliqua

2278 677 2416 728 illius
2450 676 2615 744 ipsius
2639 691 2796 732 causa
2829 695 2984 744 quem
3015 680 3205 748 diligit,
3239 695 3405 736 contra
3437 685 3536 752 ejus
3562 688 3643 754 pati
3677 706 3742 738 vo-

2277 767 2556 820 luntatem.
2604 768 2940 838 PhilosOphia
2991 781 3074 825 est
3125 773 3353 826 veritatis
3397 778 3744 844 comprehensio.

2275 872 2393 926 quae
2437 857 2685 912 dividitur
2715 860 2765 912 in
2807 873 2925 923 tria,
2972 861 3211 926 scilicet,
3257 864 3495 928 ethicam,
3542 865 3740 936 logicatu,

2278 949 2568 1018 physicam.
2618 950 2801 1003 Ethica
2833 962 3006 1005 autem
3038 961 3124 1007 est
3171 953 3381 1007 scientia
3427 957 3628 1022 moralis,
3659 959 3748 1012 vitat

2275 1041 2514 1092 ordinem
2545 1052 2724 1107 aperte
2753 1040 3160 1108 demonstrans;
3194 1045 3274 1097 cui
3305 1056 3631 1112 supponuntur
3656 1048 3746 1110 tria,

2274 1129 2493 1194 scilicet,
2521 1134 2745 1196 animus,
2777 1132 2974 1197 anima,
3021 1136 3199 1189 homo.
3231 1137 3438 1190 Animus
3472 1147 3543 1190 est
3581 1153 3650 1190 res
3687 1140 3746 1194 sui

2275 1234 2456 1274 curam
2485 1237 2695 1290 gerens.
2733 1225 2920 1276 Anima
2961 1234 3044 1278 est
3069 1225 3272 1291 reipub.
3307 1240 3474 1279 curam
3501 1229 3747 1295 suscipiens.

2277 1312 2445 1367 llouto
2495 1324 2578 1368 cst
2623 1331 2708 1369 res
2760 1316 3056 1383 familiaris,
3108 1317 3336 1372 ofﬁcium
3373 1319 3638 1387 disponens,
3673 1323 3751 1384 vel,

2271 1404 2563 1459 secundum
2633 1405 2970 1472 dialecticos,
3026 1410 3222 1462 animal
3295 1411 3549 1464 rationale.
3597 1411 3750 1463 Anima

2271 1506 2447 1549 autem
2477 1507 2704 1561 quatuor
2734 1507 3126 1567 supponuntur,
3159 1500 3380 1565 scilicet,
3414 1501 3672 1569 prudentia,
3693 1500 3754 1569 ju-

2272 1585 2449 1650 stitia,
2495 1586 2769 1652 fortitudo,
2819 1591 3196 1656 temperantia.
3243 1588 3513 1644 Prudentia
3551 1601 3619 1645 est
3657 1605 3756 1644 vera:

2272 1675 2447 1730 laudis
2492 1673 2772 1745 perfectio.
2805 1678 3018 1735 Justitia
3047 1690 3132 1736 est
3162 1681 3369 1736 habitus
3398 1682 3564 1736 animi.
3589 1681 3757 1752 Sapien-

586 1788 641 1833 ει
670 1778 721 1832 in
753 1771 1003 1834 sordibus
1035 1780 1286 1833 vitiorum
1319 1781 1600 1849 puuesciL
1631 1781 1707 1834 De
1736 1792 1873 1836 ,πη
1915 1791 1968 1836 ει
2008 1783 2162 1852 igne,
2201 1755 2243 1814 Β
2273 1765 2360 1831 tia,
2389 1779 2579 1823 cuncta
2616 1769 2974 1840 prospiciens,
3020 1772 3104 1826 Vel
3137 1772 3345 1827 habitus
3372 1772 3519 1826 animi
3552 1773 3759 1827 communi

583 1871 707 1939 quia
738 1869 973 1924 vivificat
1021 1871 1346 1938 Spississima
1395 1881 1448 1926 et
1489 1873 1854 1928 subtilissima.
1906 1873 1982 1928 Ex
2027 1885 2165 1929 terra

579 1971 634 2015 et
663 1976 837 2031 aqua,
869 1960 994 2031 quia
1025 1963 1392 2031 spississima;
1445 1979 1512 2018 ex
1565 1979 1691 2019 aere
1739 1976 1792 2018 ct
1837 1965 1993 2034 igne,
2041 1968 2163 2035 quia

588 2053 932 2107 tenuissima.
966 2053 1118 2107 Hanc
1149 2053 1336 2108 dividit
1366 2053 1612 2109 horizon.
1663 2056 1773 2110 Hoc
1818 2072 1923 2110 non
1955 2067 2034 2110 est
2075 2073 2164 2109 ve-

582 2157 722 2197 rum.
759 2141 995 2196 Horizon
1027 2143 1171 2197 enim
1201 2143 1254 2197 in
1287 2142 1619 2214 longitudine
1651 2145 1809 2200 habet
1838 2145 1944 2200 560
1971 2147 2162 2212 stadia,

581 2250 685 2304 qua
737 2249 986 2289 mensura
1032 2244 1230 2290 terram
1276 2250 1397 2291 esse
1445 2236 1740 2308 longiorem
1783 2252 2026 2306 conSIat;
2067 2243 2163 2296 sed

578 2326 722 2394 quod
757 2325 847 2378 hic
876 2325 1012 2380 liber
1040 2325 1205 2394 dicit,
1239 2326 1647 2396 intelligendum
1678 2338 1761 2384 est
1790 2330 1856 2384 de
1886 2329 2163 2388 horizonte

584 2415 708 2471 caeli
730 2457 745 2480 ,
795 2415 939 2482 quod
970 2425 1056 2473 est
1086 2416 1565 2486 hemisphairium,
1594 2419 1695 2473 sub
1721 2435 1831 2490 quo
1858 2423 2163 2479 continetur

573 2506 794 2563 dimidia
821 2522 944 2576 pars
975 2516 1154 2564 terraz.
1183 2507 1442 2578 Ultroque
1471 2525 1716 2580 magnam
1751 2520 1979 2580 partem.
2006 2512 2160 2568 Citro

575 2599 699 2666 quia
733 2613 837 2652 non
870 2607 1035 2654 totam
1061 2600 1327 2665 continet,
1356 2601 1440 2656 vel
1485 2601 1627 2656 ultro
1653 2602 1916 2673 citroque,
1941 2604 1992 2659 id
2035 2615 2154 2669 est,

571 2707 637 2745 ex
661 2700 888 2759 utraque
915 2700 1086 2760 parte.
1111 2691 1263 2746 Tunc
1295 2704 1515 2762 propter
1540 2693 1816 2749 eluviones
1840 2708 1893 2751 et
1917 2699 2157 2752 exuStioo

575 2800 692 2840 nes.
730 2785 880 2851 Quod
915 2785 1069 2839 Plato
1098 2793 1347 2854 tesratur,
1374 2786 1451 2840 sic
1479 2786 1681 2842 dicens.
1715 2788 1799 2842 Fit
1823 2790 1965 2843 enim
1996 2789 2156 2860 longo

573 2876 858 2930 intervallo
902 2875 1087 2930 mundi
1132 2877 1566 2931 circumactionis
1610 2879 1967 2945 exorbitatio,
1996 2896 2153 2950 quant

575 2966 1016 3020 inﬂammationis
1070 2967 1334 3021 vastitatis
1384 2983 1606 3022 necesse
1647 2977 1729 3022 est
1771 2982 2150 3040 consequatur.

566 3057 702 3112 Cum
747 3057 880 3112 nihil
916 3057 1058 3112 aliud
1109 3067 1372 3126 tempora,
1403 3060 1506 3114 nisi
1537 3075 1728 3116 cursus
1757 3062 1886 3117 solis
1918 3064 2144 3119 efﬁciat.

568 3148 772 3203 Cursus
802 3149 929 3202 solis
958 3163 1065 3202 non
1112 3149 1278 3203 efﬁcit
1309 3160 1574 3219 tempora,
1605 3167 1727 3207 cum
1775 3154 1936 3208 etiam
1979 3157 2145 3222 aliqui

571 3239 688 3294 dies
718 3237 885 3294 fuisse
917 3239 1163 3309 legantur
1194 3249 1321 3296 ante
1348 3241 1478 3295 solis
1518 3243 1806 3312 originem;
1837 3245 1931 3300 sed
1959 3247 2038 3300 sol
2068 3246 2149 3301 di-

564 3332 702 3385 citur
723 3328 940 3386 efficere
967 3340 1199 3400 tempus,
1223 3332 1346 3400 quia
1375 3347 1468 3400 per
1489 3348 1611 3386 eum
1639 3334 1980 3389 discernitur.
2013 3336 2145 3392 Nam

565 3429 778 3488 tempus
825 3432 909 3475 εει
953 3432 1244 3490 perpetuus
1288 3438 1468 3476 rerum
1519 3424 1800 3491 decursus,
1845 3442 1938 3494 per
1973 3429 2145 3484 solem

567 3521 808 3567 notatus.
844 3515 966 3567 Ideo
1017 3513 1220 3584 physici
1266 3517 1522 3570 mundum
1575 3532 1823 3586 maguum
1876 3521 2144 3576 hominem

564 3616 777 3658 vocant.
817 3604 1065 3658 Mundum
1097 3607 1313 3660 nomine
1359 3605 1591 3662 ltominis
1639 3620 1986 3674 vocaverunt,
2015 3613 2144 3680 quia

561 3697 831 3751 animatus
870 3709 928 3750 ut
975 3696 1159 3764 homo,
1205 3695 1476 3752 hominem
1519 3712 1648 3752 vero
1690 3700 1908 3755 nomine
1953 3703 2136 3755 tnuudi

563 3798 909 3852 vocaverunt,
943 3789 1063 3858 quia
1095 3803 1160 3843 ex
1191 3799 1419 3858 quatuor
1459 3797 1671 3845 constat
1703 3791 2006 3848 elementis.
2037 3797 2145 3849 Aut

565 3880 831 3948 sphaerico
860 3890 1030 3934 motu.
1057 3878 1208 3946 Quod
1242 3880 1510 3949 sphaerico
1532 3892 1681 3936 motu
1712 3891 1937 3948 rotatur,
1969 3885 2141 3952 ipsum

561 3972 615 4023 in
658 3985 719 4024 se
768 3981 936 4024 totum
969 3969 1144 4024 locum
1187 3985 1344 4038 quem
1385 3970 1565 4036 habet,
1615 3988 1885 4041 nunquam
1920 3975 2141 4042 deserit,

564 4064 658 4118 sed
689 4064 743 4116 itt
774 4061 961 4117 eodem
990 4062 1193 4117 ambitu
1224 4077 1440 4132 semper
1468 4075 1646 4119 tuanet
1677 4075 1872 4131 totum,
1901 4082 1995 4135 per
2026 4084 2145 4135 par-

565 4167 646 4208 tes
675 4164 852 4208 autetn
883 4152 1153 4208 diversum
1187 4152 1360 4208 locum
1390 4155 1618 4209 assumit
1647 4157 2140 4214 circumvolvendo.

559 4248 710 4313 Quod
741 4257 916 4299 autem
951 4260 1045 4313 per
1077 4246 1274 4300 lineam
1302 4256 1574 4314 movetur,
1604 4251 1895 4319 aliquando
1931 4257 2141 4322 penitus

561 4341 792 4409 priorem
841 4338 1017 4391 locum
1064 4337 1268 4393 deserit
1317 4341 1632 4395 translatum
1682 4343 1735 4395 itt
1787 4345 1985 4412 alium,
2039 4347 2141 4399 ali-

2269 1859 2495 1915 utilitate
2531 1865 2867 1916 conservata.
2901 1862 3185 1918 Fortitudo
3215 1873 3301 1918 est
3337 1866 3581 1935 qua-dam,
3607 1865 3759 1918 relictis

2267 1951 2432 2017 vitiis,
2465 1951 2530 2006 ad
2573 1954 2798 2008 meliora
2845 1968 3062 2025 semper
3092 1971 3152 2010 se
3197 1957 3428 2026 erigens,
3455 1957 3528 2011 vel
3565 1958 3685 2010 fortis
3708 1968 3762 2008 est

2270 2041 2628 2109 periculorum
2661 2045 2952 2114 susceptio,
2982 2054 3036 2100 et
3069 2046 3331 2100 malorum
3361 2047 3623 2116 perpessio.
3649 2045 3762 2099 Tem-

2270 2138 2506 2204 perantia
2538 2147 2641 2201 est,
2671 2139 2810 2206 quod
2857 2139 3055 2194 amoris
3085 2142 3351 2209 gravitate
3380 2155 3586 2210 quiaque
3610 2144 3764 2192 consti-

2267 2237 2439 2284 tuens.
2473 2229 2666 2297 LOgica
2715 2239 2795 2285 est
2840 2229 3071 2298 diligens
3115 2231 3252 2286 ratio
3281 2231 3580 2296 disserendi,
3608 2240 3652 2285 et
3683 2245 3760 2281 tua-

2263 2320 2426 2390 gistra
2478 2318 2696 2388 judicii;
2742 2321 2820 2375 sic
2869 2320 3086 2376 definita
3137 2321 3325 2376 stricte
3371 2321 3624 2389 accipitur,
3657 2334 3766 2372 cotu-

2265 2411 2602 2480 prehendens
2631 2421 2806 2466 tamen
2835 2412 3159 2468 rhetoricam
3191 2415 3484 2469 dialectica.
3510 2412 3655 2480 Large
3676 2426 3766 2465 vero

2263 2505 2340 2557 sic
2368 2503 2692 2558 describitur
2720 2521 2730 2554 :
2767 2503 2961 2574 Logica
2993 2516 3075 2560 est
3105 2506 3476 2561 sermocinalis
3503 2504 3708 2566 scientia,
3731 2507 3769 2555 et

2260 2593 2513 2648 dividitur
2545 2596 2598 2649 in
2627 2596 2748 2660 tria,
2783 2598 2834 2649 iit
2867 2597 3232 2662 dialecticam,
3275 2597 3598 2659 rhetoricam,
3633 2608 3766 2663 gra-

2258 2686 2526 2738 maticam.
2561 2685 2845 2740 Dialectica
2875 2695 2959 2742 est
3003 2689 3271 2757 sagacitas
3305 2687 3520 2758 ingenii,
3560 2683 3772 2739 stultitiae-

2259 2791 2364 2845 que
2409 2789 2706 2845 sequester.
2741 2777 3347 2852 Supponunturautem
3392 2780 3649 2834 dialecticae
3673 2789 3770 2845 qua-

2260 2875 2400 2930 tuor,
2431 2870 2660 2934 scilicet,
2692 2866 2956 2934 probatio,
2984 2873 3310 2939 assumptio,
3341 2869 3662 2931 conﬁrmatio,
3684 2880 3776 2918 con-

2257 2957 2451 3011 clusio.
2501 2956 2806 3020 Rhetorica,
2835 2961 3236 3028 coniunctionis
3288 2963 3542 3022 honestae,
3571 2969 3616 3012 et
3657 2955 3772 3010 faceti

2259 3048 2478 3118 eloquii,
2510 3049 2721 3103 doctrix
2766 3059 3178 3120 argumentosa;
3211 3053 3300 3108 cui
3329 3058 3666 3122 supponuntur
3688 3048 3776 3107 tria,

2256 3147 2459 3206 natura,
2492 3139 2758 3204 doctrina,
2807 3156 2952 3196 usus.
2999 3139 3393 3208 Grammatica,
3427 3138 3679 3210 eloquendi
3705 3150 3773 3204 pe-

2253 3233 2397 3288 ritia.
2454 3233 2712 3304 Physica,
2767 3234 2991 3289 scientia
3043 3239 3316 3291 naturalis
3364 3233 3578 3306 vigoris,
3615 3241 3779 3284 causam

2251 3335 2400 3379 recte
2428 3339 2874 3380 commemorans.
2912 3326 3144 3397 Physica
3199 3337 3382 3384 autem
3413 3328 3514 3381 alia
3555 3317 3774 3379 intellecti-

2252 3407 2394 3478 biiis,
2427 3422 2483 3467 ut
2510 3416 2723 3483 angeli;
2767 3416 2871 3469 alia
2911 3416 3298 3487 intelligibilis,
3329 3428 3389 3473 ut
3419 3417 3579 3481 Deus;
3606 3414 3690 3467 alia
3714 3423 3780 3462 na-

2253 3505 2463 3570 turalis,
2491 3516 2545 3558 ut
2571 3507 2892 3560 substantia.
2918 3508 3195 3563 Naturalis
3221 3513 3355 3564 vero
3377 3509 3613 3563 dividitur
3632 3503 3675 3556 iu
3692 3514 3777 3559 sex.

2250 3595 2476 3661 scilicet,
2518 3597 2949 3664 arithmeticam,
2993 3603 3393 3670 geometriam,
3442 3601 3781 3658 musiciet.”

2252 3695 2604 3757 tronomiatn,
2654 3691 3031 3760 astrologiam,
3079 3695 3440 3749 medicinam.
3489 3686 3775 3746 Aritltmetica

2248 3792 2332 3838 est
2379 3781 2753 3850 multitudinis,
2787 3799 2904 3854 qua:
2952 3801 3047 3852 per
3089 3800 3152 3841 se
3197 3797 3290 3842 est
3331 3784 3561 3840 sollicita
3603 3774 3781 3835 calcula-

2250 3873 2372 3928 trix.
2405 3872 2768 3928 Arithmetica:
2797 3877 3114 3943 supponitur
3145 3877 3442 3946 perfectio,
3476 3869 3775 3943 imperfecti".

2251 3965 2526 4035 plusquam
2557 3966 2834 4035 perfectio.
2860 3967 3168 4024 Geontetria
3198 3979 3294 4026 est
3327 3967 3610 4026 immobilis
3631 3959 3784 4030 magni-

2249 4061 2448 4116 tudinis
2476 4061 2714 4116 docuina
2755 4063 3126 4131 ponderatrix,
3159 4065 3253 4119 vel
3304 4060 3671 4121 mensuratrix,
3695 4065 3784 4122 qut

2253 4152 2416 4208 habet
2444 4153 2792 4222 lineamenta,
2819 4156 3122 4222 intervalla,
3155 4158 3580 4226 magnitudines,
3613 4155 3784 4221 ﬁguras.

2254 4243 2637 4312 dimensiones,
2680 4263 2952 4302 numeros.
2989 4249 3193 4304 Musica
3224 4259 3315 4304 est
3346 4249 3583 4304 tnelodize
3607 4243 3783 4312 ejusque

2197 4371 2200 4374 ~
2249 4335 2725 4391 instrumentorqu
2753 4339 2947 4394 artifex
2989 4341 3230 4395 curiosa.
3266 4342 3474 4395 Music:
3503 4347 3680 4396 autem.
3703 4331 3782 4385 ιιίδ

559 4431 771 4494 quando
805 4432 1035 4498 priorem
1083 4445 1188 4484 non
1237 4431 1538 4486 deserendo
1580 4435 1864 4503 porrigitur
1904 4437 1956 4491 itt
2004 4443 2136 4493 ulte-

2249 4427 2578 4494 ltarmouica,
2601 4431 2700 4484 alia
2723 4431 3044 4501 rhythmica,
3081 4432 3184 4485 alia
3223 4432 3478 4487 metrica.
3506 4423 3786 4483 Astronomia

556 4522 778 4585 rioreut,
809 4533 862 4576 ut
906 4523 1067 4576 arbor
1112 4524 1426 4578 crescendo.
1461 4523 1569 4579 Nos
1611 4542 1800 4580 cavere
1850 4531 2135 4599 praestigia.

559 4615 712 4668 Sicut
738 4613 792 4668 in
825 4615 1106 4685 prazsﬁgiis
1127 4616 1324 4682 aliquid
1356 4617 1564 4671 videtur
1585 4634 1726 4684 esse,
1749 4635 1868 4674 cum
1895 4622 2020 4675 nihil
2047 4625 2134 4689 sit,

555 4709 626 4761 ita
658 4708 834 4761 verbis
865 4707 1007 4762 illius
1055 4710 1143 4777 qui
1173 4709 1463 4777 scphistice
1491 4713 1619 4780 agit,
1649 4726 1766 4765 cum
1805 4723 1978 4768 tamen
2008 4716 2137 4770 nihil

555 4796 799 4850 veritatis
827 4794 913 4850 sit.
939 4797 1245 4854 Intellectus
1272 4811 1353 4856 est
1382 4816 1479 4870 per
1506 4819 1662 4870 quem
1693 4805 1902 4859 animus
1924 4821 1985 4860 ea
2021 4824 2138 4876 qua:

551 4899 684 4945 sunt
726 4889 995 4958 perspicit.
1029 4889 1384 4958 Providentia,
1437 4909 1529 4960 per
1560 4911 1718 4963 quant
1749 4896 1949 4966 aliquid
1996 4897 2138 4952 futu-

557 4999 677 5037 rum
710 4982 940 5049 videtur,
965 4991 1248 5053 antequam
1278 4985 1386 5040 ﬁat.
1412 4986 1823 5058 Magnanimitas
1853 5001 1936 5046 est
1960 5007 2136 5046 rerum

547 5091 866 5148 magnarum
887 5087 941 5132 et
967 5077 1302 5130 excelsarum
1330 5095 1452 5133 cum
1479 5081 1660 5135 anima
1685 5087 1862 5151 ampla
1884 5095 1939 5139 et
1969 5085 2139 5154 splen-

558 5170 675 5224 Jida
726 5170 956 5239 quadam
1010 5170 1377 5239 pr0positione
1437 5174 1695 5243 cognitio.
1747 5176 2137 5245 Magniﬁcentia

545 5261 740 5314 eadem
789 5261 841 5314 in
874 5259 1089 5315 effectu.
1125 5259 1341 5316 Fiducia
1371 5274 1452 5318 est
1497 5280 1589 5333 per
1619 5281 1778 5335 quam
1839 5267 2046 5337 magnis
2085 5280 2135 5324 et

547 5349 792 5406 honestis
822 5352 872 5406 in
903 5354 1062 5408 rebus
1093 5353 1318 5408 multum
1353 5357 1466 5423 ipse
1497 5357 1709 5412 animus
1738 5360 1789 5411 in
1823 5374 1882 5414 se
1930 5360 2136 5416 ﬁduciae

553 5456 681 5495 cum
707 5453 854 5497 certa
884 5457 982 5513 Spe
1022 5444 1362 5498 collocatum.
1391 5444 1699 5500 Tolerantia
1729 5455 1813 5503 est
1843 5448 2137 5506 honestatis

551 5541 648 5588 aut
678 5535 922 5590 utilitatis
953 5550 1110 5590 causa
1142 5550 1235 5590 rex
1267 5536 1554 5591 arduarunt
1588 5554 1650 5594 ac
1681 5539 2003 5607 difficilium,
2039 5558 2137 5597 voo

555 5621 842 5678 luntarium
874 5639 936 5680 ac
960 5625 1148 5680 diurna
1180 5627 1476 5696 perpessio.
1501 5627 1836 5696 Constantia,
1866 5613 1984 5692 sive
2017 5646 2137 5702 per-

547 5721 876 5786 severantia,
911 5730 994 5805 est
1032 5722 1087 5777 in
1133 5703 1340 5778 ratione
1370 5722 1508 5779 bene
1537 5723 1896 5794 considerata,
1931 5728 2138 5780 sta‘Vilis

2246 4530 2330 4574 est
2361 4523 2573 4576 mobilis
2622 4525 3005 4592 magnitudinis
3051 4526 3229 4580 aseita
3280 4515 3790 4593 contemplatrist-

2243 4615 2465 4686 trologia
2512 4627 2595 4670 est
2641 4619 2828 4686 peritia
2878 4634 2996 4687 qua:
3038 4619 3196 4673 cmlis
3251 4621 3572 4689 vertiginem
3609 4622 3789 4668 convero

2241 4707 2394 4763 sione
2423 4709 2746 4763 considerat.
2775 4711 2956 4765 Altera
2987 4720 3165 4764 autem
3221 4714 3526 4776 naturalis,
3556 4709 3699 4764 altera
3723 4717 3793 4756 auo

2243 4811 2345 4854 tem
2378 4806 2768 4877 superstitiosa.
2797 4805 3062 4859 Naturalis
3106 4807 3242 4861 dum
3279 4809 3602 4877 exsequitur
3626 4801 3732 4855 solis
3755 4804 3792 4846 ει

2241 4896 2381 4950 luna:
2410 4873 2648 4963 cursum,
2677 4909 2963 4962 astrorum,
2993 4912 3172 4956 certas
3207 4912 3528 4969 temporum
3557 4895 3788 4953 stationes.

2241 4987 2621 5056 Superstitiosa
2651 5006 2779 5045 vero
2824 4997 2930 5058 est,
2965 5007 3122 5059 quam
3175 4992 3564 5048 mathematici
3604 4997 3791 5052 sequtm'

2242 5090 2346 5141 tur,
2389 5097 2506 5150 quae
2553 5083 2603 5136 in
2649 5084 2819 5138 stellis
2857 5094 3220 5152 augurantur.
3276 5087 3401 5142 lloe
3432 5099 3561 5140 vero
3586 5090 3660 5136 est
3690 5077 3795 5131 ἱιιιετ

2241 5175 2623 5228 astronomiam
2656 5185 2708 5229 et
2751 5176 3121 5246 astrologiam,
3153 5178 3293 5246 quia
3351 5174 3669 5231 astronomia
3695 5181 3794 5223 cor

2243 5263 2526 5327 versiouis,
2555 5273 2724 5329 ortus,
2751 5265 2952 5332 obitus,
2984 5277 3282 5336 motusque
3317 5268 3562 5324 siderum
3585 5258 3796 5319 continet.

2242 5366 2297 5408 et
2325 5369 2418 5409 cur
2450 5356 2528 5410 sic
2570 5367 2850 5411 vocentur.
2879 5358 3182 5428 Astrologia
3219 5375 3364 5415 vero
3412 5361 3601 5428 partim
3631 5360 3796 5408 natura-

2240 5445 2326 5511 lis,
2355 5455 2412 5500 et
2435 5449 2804 5515 superstitiosa
2839 5450 3052 5516 partim.
3086 5449 3368 5506 Medicina
3404 5462 3492 5506 est
3519 5463 3604 5504 ars
3628 5457 3728 5514 qua
3747 5437 3797 5492 de

2241 5537 2441 5591 morbis
2483 5548 2539 5593 et
2578 5540 2749 5594 salute
2795 5555 3082 5609 corporum
3126 5552 3366 5601 tractat.
3403 5545 3526 5599 Alia
3559 5553 3677 5595 vero
3713 5545 3801 5588 me-

2241 5632 2475 5696 thodica,
2500 5633 2603 5686 alia
2632 5643 2810 5687 autem
2842 5633 3115 5703 empirica,
3146 5637 3264 5691 alia
3299 5640 3507 5710 logica.
3536 5625 3802 5690 Aristotcles

2238 5728 2422 5793 qumrit
2457 5741 2522 5779 an
2578 5727 2713 5781 Deus
2754 5727 2861 5782 sit:
2895 5742 3049 5793 poena
3089 5712 3300 5797 dignus
3365 5746 3472 5798 cst,
3505 5731 3623 5798 quia
3667 5721 3802 5777 colere
