4010 6382
225 339 313 400 θυι

1495 327 1747 385 MUSICA
1791 325 2157 383 TllEORICA.

3351 307 3454 366 910

223 457 387 530 inagis,
418 470 576 526 quam
606 452 878 525 inquirere
905 449 1160 507 convenit
1186 443 1438 515 sapienti.
1467 441 1774 497 Alexander
1802 452 1854 510 Α
1879 451 2068 493 omnes
2099 436 2289 530 animae
2319 440 2649 530 recreantur.
2681 430 3070 530 liermogencs.
3097 426 3154 485 Si
3184 426 3323 484 Deus
3349 435 3458 476 non

223 549 282 604 ad
320 548 633 620 Didymum:
666 546 758 600 Est
782 545 959 600 anima
1004 557 1104 596 una
1137 555 1230 609 per
1271 552 1332 592 se
1377 535 1603 598 stabilis,
1647 533 1786 587 unde

1891 540 1996 584 est.
2022 526 2162 582 unde
2188 525 2360 580 bona?
2384 524 2428 577 si
2456 531 2560 590 est,
2589 523 2729 576 unde
2756 521 2932 576 mala?

227 659 3462 721 .____————————————-—-—-————,—'——-———'—“

939 793 1472 911 annm
1548 720 2728 958 Pansnvr'rnm

1506 981 1760 1037 MUSICA
1799 977 2168 1034 THICORICA.

283 1132 568 1190 Notandum
599 1139 680 1184 est
709 1126 852 1197 quod
878 1122 1053 1179 omnis
1081 1137 1169 1176 ars
1201 1121 1252 1175 in
1282 1128 1490 1175 ratione
1525 1116 1778 1172 contine-

216 1235 314 1280 tur.
336 1223 532 1278 Musica
562 1232 774 1288 quoque
805 1217 857 1271 in
885 1217 1094 1270 ratione
1137 1225 1484 1268 numerorum
1531 1208 1780 1265 consistit

221 1329 362 1388 atque
390 1324 649 1369 versatur.
684 1311 812 1366 Illud
843 1321 1018 1364 autem
1049 1308 1190 1378 quod
1225 1307 1282 1361 lit
1311 1322 1378 1362 ex
1411 1315 1657 1358 tonorum
1701 1304 1780 1356 in-

217 1407 514 1462 strumentis
560 1401 907 1459 mutatorium
952 1409 1054 1455 est.
1085 1401 1331 1469 Quinque
1375 1405 1499 1452 sunt
1545 1409 1776 1450 sensus:

219 1498 438 1567 ipsorum
463 1509 718 1550 sensuum
745 1493 854 1547 duo
884 1502 1010 1546 sunt
1039 1493 1125 1561 qui
1152 1491 1304 1560 juxta
1331 1504 1528 1558 corpus
1555 1504 1779 1544 sumun-

219 1599 318 1653 tur,
341 1587 485 1642 visus
511 1595 566 1640 et
609 1586 855 1650 auditus;
885 1593 940 1638 et
967 1585 1073 1638 duo
1113 1593 1238 1638 sunt
1266 1584 1355 1652 qui
1400 1583 1565 1645 intra,
1597 1591 1782 1651 gustus

215 1689 270 1736 et
292 1689 472 1746 tactus,
504 1671 765 1732 imo-vere
794 1675 1040 1731 olfactus.
1069 1676 1294 1730 Dubium
1319 1685 1404 1729 est
1431 1683 1608 1728 utrtun
1637 1674 1782 1728 intus

1888 1129 2152 1184 quaquam
2184 1127 2281 1166 nos
2311 1114 2547 1182 potuisse
2591 1114 2810 1177 sentire,
2845 1113 2946 1167 nisi
2994 1113 3044 1166 iti
3077 1129 3233 1168 sensu
3278 1123 3464 1166 nostro

1887 1207 2063 1274 aliqua
2110 1205 2401 1260 similitudo
2436 1207 2746 1276 conspectui
2794 1207 3057 1274 corporis.
3091 1205 3272 1274 Neque
3321 1206 3464 1259 enim

1885 1313 2008 1352 eum
2035 1298 2262 1351 annulus
2284 1312 2422 1353 certe
2446 1298 2792 1366 imprimitur,
2817 1298 2934 1353 ideo
2959 1299 3102 1351 nulla
3134 1297 3308 1365 imago
3335 1298 3472 1352 facta

1886 1401 1989 1454 εει,
2022 1388 2145 1456 quia
2177 1403 2281 1440 non
2321 1388 2666 1454 discernitur,
2699 1389 2799 1442 nisi
2837 1402 2962 1442 cum
3003 1386 3161 1442 fuerit
3189 1397 3468 1454 separata;

1883 1479 1976 1534 sed
1995 1478 2245 1548 quoniam
2270 1486 2388 1547 post
2404 1493 2579 1532 ceram
2598 1489 2894 1546 separatam
2919 1480 3248 1549 inanetquod
3271 1479 3466 1533 factum

1887 1581 1994 1633 est,
2031 1578 2087 1623 ut
2117 1570 2282 1623 videri
2331 1570 2516 1638 possit.
2565 1570 2851 1639 Propterea
2893 1570 3049 1626 facile
3096 1571 3471 1640 persuadetur,

1889 1663 2030 1732 quod
2080 1663 2250 1715 inerat
2287 1661 2397 1733 jam
2443 1678 2581 1717 cerae
2621 1663 2790 1718 forma
2839 1665 3095 1731 impressa
3145 1680 3208 1719 ex
3253 1665 3471 1729 annulo,

219 1789 282 1828 an
309 1772 431 1827 foris
452 1772 681 1828 sentiat?
711 1771 1014 1825 Est-autem
1039 1784 1229 1824 sensus
1249 1768 1515 1823 vinculum
1541 1767 1784 1836 Corporis
1821 1795 1864 1854 Β
1891 1763 1947 1809 ει
1993 1764 2274 1824 θηιειιιιειη
2322 1757 2390 1808 ab
2429 1755 2517 1810 illa
2562 1767 2861 1824 δθβθτθίυτο
2892 1756 2946 1810 Si
2999 1768 3177 1811 “mem
3210 1773 3237 1811 ³
3272 1757 3473 1827 "qum"

213 1874 270 1919 et
305 1865 510 1918 animai.
541 1861 794 1930 Quaedam
839 1867 962 1913 sunt
997 1860 1352 1927 incorporalia
1383 1867 1438 1912 et
1469 1856 1784 1920 invisibilia,

223 1967 280 2010 ut
305 1958 502 2020 anima;
535 1963 587 2008 et
613 1955 855 2022 quaedam
875 1952 1179 2020 corporalia
1211 1960 1264 2004 et
1293 1950 1545 2014 visibilia,
1578 1958 1635 2003 ut
1665 1957 1791 2002 sunt

223 2064 466 2117 corpora;
506 2047 749 2115 quaedam
784 2045 1064 2100 invisibilia
1088 2057 1144 2100 et
1171 2044 1490 2114 corporalia,
1521 2053 1575 2098 ut
1603 2057 1792 2098 sensus

215 2139 476 2207 corporei.
526 2137 836 2207 Corporalia
892 2148 1048 2201 sunt,
1108 2136 1230 2206 quia
1285 2137 1499 2205 corpori
1557 2133 1791 2188 admini-

223 2241 481 2293 strantur;
513 2241 565 2284 et
597 2230 902 2294 invisibilia,
929 2231 1051 2298 quia
1083 2228 1206 2283 illud
1233 2239 1290 2281 ut
1323 2227 1571 2282 inanimis
1599 2227 1680 2281 vel
1713 2226 1792 2280 vi-

221 2339 330 2388 sus,
368 2338 474 2377 non
530 2331 706 2390 potest
755 2321 944 2375 videri.
981 2319 1132 2376 Unde
1174 2320 1260 2386 llt,
1296 2329 1351 2374 ut
1389 2334 1512 2374 cum
1562 2320 1796 2389 quinque

218 2416 456 2484 corporei
495 2430 688 2470 sensus
719 2415 821 2469 alia
849 2414 1122 2469 exteriora
1153 2414 1410 2481 sentiant,
1440 2413 1648 2482 seipsos
1691 2429 1794 2466 non

217 2511 465 2565 sentiant.
494 2509 651 2563 Visus
683 2509 827 2564 enim
859 2508 1096 2577 seipsum
1139 2524 1243 2562 non
1272 2497 1458 2573 ividet,
1488 2516 1678 2577 gustus
1708 2521 1796 2561 se-

221 2603 386 2670 ipsum
412 2617 514 2655 non
543 2607 751 2672 gustat;
781 2600 922 2670 quod
953 2601 996 2653 si
1025 2599 1246 2664 faceret,
1279 2613 1549 2668 nunquam
1573 2597 1798 2668 jejunus

211 2703 388 2758 esset;
420 2694 495 2746 sic
518 2692 586 2746 de
610 2693 840 2746 εωιιιτὶε.
870 2691 1331 2747 Considerandum
1362 2707 1490 2762 ergo
1519 2691 1643 2761 quia
1674 2707 1795 2746 cum

215 2797 408 2838 sensus
439 2783 681 2852 corporis
710 2784 828 2837 sine
862 2785 1045 2838 labore
1073 2784 1423 2838 adhibeamus
1453 2782 1800 2839 sensibilibus

218 2874 382 2931 rebus
412 2890 527 2943 qua:
567 2871 923 2944 percipienda:
963 2883 1108 2939 sunt,
1139 2878 1206 2929 ab
1237 2875 1340 2928 illis
1372 2890 1476 2928 non
1521 2874 1676 2930 facile
1709 2889 1802 2942 po-

220 2974 328 3022 test
353 2965 608 3034 explicari
649 2977 702 3019 et
738 2964 950 3020 deliniri
980 2982 1099 3034 qua:
1144 2975 1330 3020 natura
1377 2965 1615 3035 ipsorum
1648 2967 1803 3036 quin-

215 3075 325 3128 que
352 3074 600 3113 sensuum
646 3059 728 3115 vel
775 3061 1022 3128 corporis
1060 3061 1162 3127 sit,
1203 3063 1285 3116 vel
1335 3077 1455 3132 qua:
1498 3064 1802 3131 proprietas

1891 1847 2100 1900 humori
2158 1846 2546 1916 adjuttgeretur
2613 1848 2875 1909 annulus,
2916 1863 2982 1902 eo
3026 1849 3296 1911 detracto,
3351 1848 3482 1902 nihil

1891 1941 2058 2010 magis
2088 1953 2390 2009 appareret.
2434 1940 2542 1995 Nec
2582 1942 2703 1996 ideo
2753 1949 2930 1995 tamen
2980 1941 3288 1998 discernere
3338 1945 3475 1996 ratio

1894 2047 1998 2086 non
2031 2033 2247 2087 deberet
2277 2033 2441 2086 fuisse
2474 2035 2524 2086 in
2557 2033 2650 2086 illo
2683 2032 2929 2099 hutnore,
2960 2045 3244 2104 antequam
3290 2035 3472 2090 detra-

1896 2123 2132 2188 heretur,
2163 2125 2342 2178 annuli
2376 2126 2594 2178 formam
2640 2127 2829 2179 laetam
2861 2141 2926 2179 ex
2955 2129 3151 2181 annulo
3173 2168 3187 2192 ,
3219 2143 3338 2197 quae
3368 2127 3480 2182 dis-

1897 2215 2183 2283 tinguenda
2208 2226 2290 2268 est
2315 2217 2380 2269 ab
2423 2231 2484 2280 ea
2532 2215 2700 2269 forma
2746 2217 2865 2286 q'uze
2898 2217 2953 2271 in
2979 2217 3174 2272 annulo
3203 2229 3305 2285 est,
3335 2219 3478 2272 unde

1896 2307 1997 2361 ista
2027 2307 2164 2361 facta
2196 2317 2298 2371 est,
2327 2322 2446 2376 quae
2492 2307 2734 2362 detracto
2765 2300 2962 2363 annulo
2994 2324 3100 2363 non
3131 2311 3257 2378 erit,
3291 2325 3479 2380 quain-

1898 2404 1977 2457 vis
2024 2403 2110 2458 illa
2151 2405 2202 2456 in
2245 2404 2442 2457 annulo
2473 2411 2710 2469 maneat,
2743 2403 2884 2458 unde
2929 2405 3030 2459 ista
3075 2403 3214 2459 facta
3255 2414 3359 2460 est.
3391 2404 3481 2460 Sic

1898 2511 2088 2553 sensus
2115 2497 2392 2551 oculorum
2422 2512 2527 2552 non
2557 2497 2814 2562 ideo.uon
2845 2498 3010 2554 habet
3043 2500 3328 2571 imaginem
3359 2515 3483 2554 cor-

1901 2593 2067 2662 poris,
2109 2593 2249 2662 quod
2301 2592 2536 2656 videtur,
2565 2593 2800 2662 quandiu
2839 2594 3072 2658 videtur,
3106 2597 3227 2661 quia
3276 2609 3345 2648 eo
3387 2596 3485 2648 de-

1904 2691 2074 2738 tracto
2103 2699 2206 2738 non
2235 2695 2497 2746 remanet,
2530 2698 2592 2738 ac
2625 2699 2719 2753 per
2760 2685 2860 2738 hoc
2901 2685 3224 2739 tardioribus
3255 2687 3482 2754 ingeniis

1902 2775 2216 2831 difficillime
2243 2776 2553 2844 persuaderi
2585 2786 2760 2845 potest
2788 2777 3004 2831 formari
3035 2780 3084 2831 in
3112 2792 3295 2832 n05tro
3319 2794 3478 2834 sensu

1905 2869 2187 2939 imaginem
2219 2869 2294 2923 rei
2324 2869 2567 2934 visibilis,
2590 2885 2709 2924 cum
2741 2885 2859 2924 eam
2891 2871 3131 2925 videmus
3157 2882 3205 2926 et
3239 2873 3483 2926 eamdem

1907 2961 2130 3015 formam
2163 2975 2285 3015 esse
2313 2961 2600 3015 visionum.
2631 2961 2688 3017 Si
2721 2963 2809 3032 qui
2841 2962 2978 3017 forte
3008 2964 3490 3020 animadverterint

1907 3053 2045 3122 quod
2075 3053 2530 3117 commemorabo,
2562 3069 2664 3107 non
2709 3055 2778 3106 ita
2808 3055 2858 3106 in
2893 3055 2989 3108 liac
3023 3055 3368 3125 inquisitione
3397 3056 3482 3110 ia-

213 3151 552 3205 sensibilium
590 3166 765 3206 rerum
799 3153 1181 3221 percipiuntur.
1219 3153 1412 3207 Natura
1458 3154 1504 3208 si
1543 3153 1670 3224 quid
1716 3169 1802 3208 re-
1833 3156 1880 3219 C
1915 3146 2214 3209 bombum.
2262 3145 2576 3214 plerumque
2630 3159 2751 3198 cum
2808 3145 3050 3202 ἀίυείυιϐ
3097 3148 3488 3206 allellderimus

211 3245 453 3310 quiritur
477 3259 756 3308 sensuum,
789 3253 844 3298 et
884 3245 1140 3299 delinitur
1169 3246 1318 3314 quod
1344 3247 1451 3300 sint
1479 3246 1722 3314 corporei
1748 3255 1807 3301 et

219 3333 545 3398 invisibiles,
579 3344 636 3386 ut
671 3342 755 3388 est
797 3333 1011 3388 auditus
1058 3349 1350 3403 corporeus
1396 3343 1450 3388 et
1501 3335 1801 3390 invisibilis.

219 3424 332 3477 Res
377 3438 506 3476 vero
551 3423 840 3489 sensibilis,
872 3425 992 3492 quia
1043 3425 1334 3491 percipitur
1384 3426 1450 3478 ab
1499 3425 1708 3487 auditu,
1751 3423 1806 3478 id

213 3529 324 3581 est,
357 3532 458 3569 vox
493 3517 847 3586 proprietates
880 3513 1060 3581 liabet,
1090 3524 1147 3567 ut
1175 3529 1266 3568 aer
1296 3530 1417 3569 esse
1461 3515 1805 3568 commodum

215 3620 276 3664 et
307 3623 622 3678 percussmn
650 3607 881 3677 quodam
913 3607 1042 3674 ictu,
1073 3622 1193 3677 qua:
1236 3608 1347 3675 ipsa
1379 3622 1590 3676 quoque
1619 3621 1810 3676 corpo-

215 3719 312 3758 rea
344 3714 425 3757 est
453 3711 508 3757 et
536 3701 833 3755 invisibilis.
862 3700 994 3756 Nam
1027 3700 1352 3770 proximiOra
1387 3701 1593 3754 facilius
1635 3701 1807 3754 visum

217 3802 530 3864 penetrant,
563 3809 720 3862 quain
751 3808 812 3847 ea
860 3807 978 3862 quzc
1024 3804 1148 3846 sunt
1195 3790 1504 3846 remotiora.
1534 3791 1589 3846 Si
1640 3807 1812 3861 neque

214 3885 429 3941 clausis
479 3884 648 3938 oculis
695 3883 895 3952 aliquid
946 3882 1283 3952 pervidemus
1331 3897 1669 3950 corporeum.
1703 3889 1814 3936 Au-

215 3975 496 4046 gustinus,
526 3975 577 4028 in
610 3974 744 4028 libro
766 3990 816 4027 χι
847 3974 916 4028 de
945 3985 1126 4028 sancta
1157 3973 1442 4037 'l‘rinitate,
1476 3972 1604 4027 dicit
1633 3991 1644 4026 :
1675 3991 1696 4024 ‹
1720 3973 1813 4026 Gi-

222 4069 414 4135 gnitur
440 4083 567 4136 ergo
593 4082 658 4121 ex
686 4083 746 4122 re
777 4066 969 4120 visibili
1011 4067 1164 4128 visio,
1199 4069 1290 4118 sed
1323 4080 1427 4118 non
1457 4080 1519 4118 ex
1551 4064 1684 4128 sola,
1717 4064 1816 4116 nisi

213 4161 368 4213 adsit
415 4167 470 4213 et
510 4159 771 4212 videatur.
798 4177 816 4210 ι
850 4156 1112 4224 Quocirca
1154 4171 1220 4210 ex
1272 4156 1461 4209 visibili
1506 4164 1560 4208 et
1608 4154 1820 4208 vidente

214 4251 467 4321 gignitur
493 4251 648 4313 visio,
677 4250 746 4302 ita
777 4263 924 4312 sane,
953 4257 1011 4300 ut
1038 4263 1103 4302 ex
1135 4247 1347 4301 vidente
1374 4246 1442 4299 sit
1469 4259 1661 4298 sensus
1689 4259 1818 4297 ocu-

219 4342 435 4406 lorum,
477 4348 531 4394 et
573 4339 880 4406 aspicientis
926 4348 1086 4407 atque
1131 4335 1387 4391 intuentis
1435 4337 1682 4389 iutensio.
1732 4334 1818 4387 llli

217 4444 415 4485 tamen
466 4428 767 4484 informatio
807 4445 1016 4494 sensus,
1047 4443 1165 4498 qua:
1215 4427 1353 4481 visio
1395 4427 1610 4492 dicitur,
1642 4442 1671 4480 a
1704 4427 1821 4478 solo

1909 3254 2132 3307 qumque
2180 3237 2483 3303 luminaria,
2530 3247 2585 3292 et
2627 3236 2827 3292 deinde
2877 3240 3230 3295 clauserimus
3280 3243 3489 3307 oculos,

1911 3330 2060 3398 quasi
2095 3339 2375 3382 versantur
2407 3329 2456 3381 in
2489 3339 2782 3397 conspectu
2829 3330 3042 3400 quidam
3093 3334 3251 3388 lucidi
3283 3335 3492 3391 colores

1911 3421 2058 3472 varie
2089 3435 2206 3474 sese
2236 3419 2716 3485 communicantes,
2750 3429 2805 3474 et
2845 3423 3023 3478 minus
3068 3423 3350 3495 minusque
3389 3429 3493 3482 ful-

1912 3520 2120 3580 gentes,
2151 3510 2323 3566 donec
2353 3513 2574 3567 omnino
2601 3514 2886 3581 desistant,
2915 3518 3064 3586 quasi
3091 3517 3494 3592 intelligendum

1913 3612 1998 3656 est
2039 3603 2268 3671 reliquas
2307 3618 2428 3657 esse
2471 3603 2660 3659 forma:
2710 3605 2872 3673 illius,
2917 3625 3036 3679 qua:
3091 3612 3225 3667 facta
3281 3624 3398 3670 erat
3445 3615 3500 3671 in

1916 3709 2077 3750 sensu
2115 3710 2238 3750 eum
2288 3711 2482 3766 corpus
2528 3698 2763 3752 lucidum
2809 3700 3103 3768 videretur,
3139 3707 3501 3776 paulatimque

1917 3796 1972 3841 et
2000 3787 2396 3856 quodammodo
2423 3788 2686 3856 gradatim
2715 3789 3015 3848 deficienth
3038 3797 3250 3850 variari.
3278 3797 3408 3852 Nam
3440 3809 3497 3851 et

1919 3875 2241 3931 insertarum
2273 3880 2621 3933 fenestrarum
2650 3883 2900 3947 cancelli,
2932 3885 2973 3937 si
3006 3900 3100 3938 eos
3143 3886 3279 3942 forte
3323 3889 3496 3944 intue-

1923 3968 2130 4032 bamur,
2163 3983 2306 4037 saepe
2336 3969 2390 4024 in
2422 3969 2524 4022 illis
2555 3986 2852 4040 apparuere
2897 3975 3186 4040 coloribus,
3221 3987 3280 4031 ut
3330 3981 3502 4034 mani-

1923 4060 2112 4112 festum
2157 4061 2226 4112 sit
2263 4061 2400 4115 hanc
2444 4061 2779 4118 all‘ectiourm
2811 4070 2992 4120 sensui
3025 4079 3209 4122 nostro
3235 4085 3300 4124 ex
3331 4086 3391 4124 ea
3437 4089 3494 4126 re

1924 4163 2040 4216 quae
2073 4151 2354 4204 videbatur
2385 4153 2664 4220 impressa.
2696 4155 2822 4209 Erat
2850 4173 2978 4226 ergo
3009 4158 3168 4213 etiam
3197 4176 3316 4215 cum
3353 4164 3499 4217 vide-

1925 4257 2124 4302 remus,
2157 4253 2210 4295 et
2241 4244 2326 4295 illa
2357 4255 2473 4298 erat
2515 4245 2710 4300 clarior
2737 4257 2788 4302 et
2826 4251 3153 4317 expressior,
3187 4253 3231 4306 si
3278 4256 3501 4310 multum

1925 4333 2206 4401 eonjuncta
2246 4350 2366 4387 cum
2412 4335 2590 4406 specie
2634 4339 2708 4392 rei
2753 4340 2870 4409 ejus
2911 4357 3030 4412 qua!
3071 4346 3412 4414 cernebatur,
3451 4358 3508 4403 ut

1927 4424 2153 4479 discerni
2178 4429 2397 4480 omnino
2430 4445 2532 4480 non
2569 4443 2770 4495 posset,
2803 4441 2858 4485 et
2888 4435 2998 4502 ipsa
3031 4447 3144 4489 erat
3175 4437 3334 4491 visio.
3363 4438 3504 4506 Quin

219 4522 559 4578 informatur
589 4535 816 4588 corpore
845 4520 988 4590 quod
1019 4519 1248 4584 videtur,
1280 4519 1333 4572 id
1363 4529 1466 4586 est,
1498 4534 1528 4573 a
1554 4535 1612 4575 re
1641 4519 1816 4588 aliqua
1851 4520 1899 4581 D
1927 4518 2087 4572 etiam
2118 4536 2237 4572 enin
2271 4520 2502 4573 lucerna:
2534 4520 2804 4578 llamtnula
2836 4525 2995 4580 modo
3024 4528 3252 4596 quodam
3301 4530 3505 4585 divari-

219 4614 470 4680 visibili;
504 4629 606 4680 qua
635 4613 892 4679 detracta,
923 4613 1066 4667 nulla
1101 4622 1341 4666 remanet
1379 4609 1547 4664 forma
1592 4628 1709 4680 quae
1742 4611 1823 4663 iti-

216 4717 352 4764 erat
377 4707 582 4770 sensui,
604 4708 725 4758 dum
753 4705 964 4759 adesset
983 4703 1110 4758 illud
1132 4704 1273 4772 quod
1299 4703 1598 4757 videbatur.
1625 4706 1823 4756 Srnsus

221 4812 422 4856 tamen
453 4797 567 4866 ipse
615 4805 877 4861 remanet,
905 4796 995 4864 qui
1027 4805 1142 4848 erat
1175 4804 1232 4848 et
1274 4795 1581 4862 priusquam
1626 4795 1824 4863 aliquid

218 4893 554 4955 sentiretur,
578 4888 720 4942 velut
749 4888 800 4941 in
832 4902 968 4954 aqua
999 4885 1282 4954 vestigium
1315 4885 1494 4937 tandiu
1526 4896 1607 4938 εει
1655 4885 1827 4937 donec

219 4987 417 5054 ipsum
467 4997 662 5051 corpus
712 4998 818 5050 quo
869 4980 1196 5049 imprimitur
1253 4980 1412 5033 inest.
1458 4978 1575 5044 Quo
1625 4977 1826 5042 ablato,

217 5079 444 5133 nullum
467 5076 589 5141 erit,
613 5089 735 5130 cum
757 5083 1032 5130 remaneat
1056 5087 1210 5142 aqua,
1234 5087 1353 5141 qua}
1380 5083 1515 5136 erat,
1541 5082 1827 5139 antequam

219 5175 472 5228 formam
527 5170 770 5240 corporis
814 5177 1052 5238 caperet.
1109 5169 1334 5237 Ideoque
1392 5184 1496 5220 non
1549 5181 1831 5236 possumus

218 5267 460 5336 quidem
489 5263 692 5328 dicere,
721 5263 860 5332 quod
890 5276 1107 5316 sensum
1135 5259 1314 5330 gignat
1344 5275 1430 5314 res
1461 5260 1717 5316 visibilis:
1750 5261 1831 5328 gi-

217 5359 349 5426 gnit
385 5366 568 5408 tamen
599 5356 820 5407 formam
855 5353 1045 5408 nedum
1074 5351 1478 5406 similitudinem
1507 5367 1682 5414 suam,
1710 5367 1832 5420 qua:

217 5449 298 5500 sit
336 5446 394 5498 in
428 5458 618 5522 sensu,
646 5457 768 5496 cum
799 5441 996 5512 aliquid
1043 5441 1275 5496 videndo
1318 5441 1602 5496 sentimus.
1631 5440 1688 5496 Si
1722 5441 1833 5495 for-

223 5553 387 5591 tnam
412 5537 659 5604 corporis
680 5551 842 5606 quam
873 5535 1140 5601 videmus,
1168 5545 1224 5589 et
1257 5534 1483 5588 fortnam
1507 5550 1625 5603 qua:
1652 5537 1719 5590 ab
1745 5534 1833 5588 illa

226 5631 286 5684 in
341 5646 510 5686 sensu
542 5629 770 5684 videntis
801 5628 876 5693 lit,
909 5643 1005 5698 per
1043 5627 1293 5682 eumdem
1339 5641 1556 5681 sensum
1579 5641 1684 5681 non
1722 5626 1836 5681 dis-

219 5726 514 5791 carnitur,
559 5725 812 5794 quoniam
847 5733 992 5778 tanta
1046 5723 1356 5791 conjunctio
1387 5732 1488 5788 est,
1523 5732 1581 5777 ut
1609 5739 1712 5778 non
1745 5739 1838 5795 pa-

224 5823 363 5873 teat
406 5815 750 5873 discernendi
803 5815 973 5882 locus,
1006 5814 1101 5871 sed
1143 5815 1352 5870 ratione
1398 5813 1699 5885 colligimus
1737 5831 1833 5872 ne-

1926 4614 2058 4664 catis
2086 4609 2246 4664 radiis
2275 4613 2577 4678 oculorum,
2601 4617 2754 4684 quasi
2785 4618 3106 4683 geminatur,
3133 4620 3250 4674 dua:
3272 4622 3510 4678 visiones

1930 4705 2082 4765 fiunt,
2107 4719 2225 4757 eum
2259 4706 2327 4758 sit
2355 4719 2440 4758 res
2465 4721 2564 4758 una
2588 4722 2704 4775 qua:
2737 4708 2966 4762 videtur.
2993 4710 3274 4780 Sigillatim
3305 4716 3506 4784 quippe

1928 4798 2230 4852 efficiuntur
2261 4798 2400 4852 idem
2435 4800 2566 4852 radii
2597 4802 2663 4855 de
2690 4816 2790 4854 suo
2820 4802 3044 4872 quisque
3074 4805 3232 4859 oculo
3263 4808 3503 4861 emican-

1931 4898 2031 4953 tes,
2063 4889 2188 4944 dum
2221 4905 2326 4943 non
2360 4891 2648 4955 liniuntur,
2691 4893 2740 4945 in
2777 4892 2903 4947 illud
2945 4909 3138 4964 corpus
3189 4896 3505 4954 intuendum

1933 4979 2151 5048 pariter,
2191 4979 2586 5050 conjuncteque
2628 4996 2984 5051 concurrere,
3018 5000 3073 5039 ut
3122 5003 3259 5042 unus
3305 4977 3508 5044 liat'ex

1933 5086 2158 5145 utroque
2185 5076 2461 5142 contuitu;
2489 5085 2543 5130 et
2571 5075 2692 5130 ideo
2718 5076 2760 5130 si
2795 5093 2956 5131 unum
2990 5081 3203 5134 oculum
3245 5082 3507 5138 clauseri-

1935 5187 2071 5235 mus,
2104 5186 2210 5226 nou
2254 5172 2521 5240 geminum
2567 5171 2766 5240 ignem,
2813 5174 2940 5238 sed,
2984 5176 3137 5230 sicuti
3182 5186 3295 5242 est,
3347 5193 3508 5232 unum

1935 5264 2197 5318 videmus.
2247 5265 2484 5317 Sinistro
2541 5266 2699 5333 igitur
2748 5265 2964 5334 clauso,
3016 5267 3104 5321 illa
3164 5268 3372 5336 species
3423 5269 3517 5324 vi-

1937 5353 2050 5409 deri
2107 5354 2337 5418 desinit,
2389 5369 2507 5422 qua:
2553 5354 2617 5408 ad
2666 5355 2914 5410 dextrum
2962 5364 3114 5422 erat;
3164 5356 3508 5429 vicissimque

1939 5447 2130 5501 dextro
2175 5447 2383 5512 clauso,
2429 5445 2520 5500 illa
2571 5447 2964 5514 intermoritur,
2995 5463 3113 5516 qute
3143 5447 3208 5501 ad
3239 5448 3516 5505 sinistrum

1939 5547 2072 5594 erat.

2012 5631 2425 5687 Adverbialiter.
2460 5631 2589 5688 Nam
2623 5635 2760 5688 sicut
2789 5632 3003 5702 quando
3029 5643 3254 5704 augetur
3283 5635 3401 5692 dies
3427 5634 3516 5693 vel

1943 5725 2222 5792 minuitur,
2257 5742 2360 5782 non
2407 5727 2586 5781 statim
2627 5735 3000 5797 prmsentatur,
3044 5727 3144 5782 nisi
3196 5742 3290 5798 per
3318 5729 3520 5784 multos

1943 5816 2098 5884 dies;
2131 5819 2210 5876 sic
2241 5819 2399 5875 etiam
2429 5819 2630 5875 musica
2658 5819 2870 5888 quando
2912 5828 3135 5889 augetur
3161 5831 3214 5877 et
3259 5818 3516 5878 minuitur
