4010 6382
597 315 694 369 ill

1095 315 1298 371 BiCDA'I
1342 317 1793 374 VENERABILIS
1830 317 1980 374 OPP.
2024 319 2156 375 PAR

2265 366 2280 380 .
2320 320 2512 376 SECT.
2557 320 2618 376 ΙΙ.
2655 351 2722 362 -
2763 322 2965 379 ΒυΒΙΛ
3006 325 3092 380 ΕΤ
3133 325 3380 386 ΞΡυῐίΙΛ.
3650 347 3722 400 ΜΞ

595 439 694 492 per
718 421 1032 488 hemitonia,
1067 425 1150 478 vel
1179 425 1294 479 dies
1338 426 1389 480 in
1421 441 1524 480 non
1567 431 1822 482 continuo
1851 432 2168 499 percipitur,
2203 439 2249 496 Α
2281 418 2769 501 perparticularitas
2800 436 3052 494 continue
3077 441 3334 510 scribitur,
3360 448 3463 513 quia
3491 465 3565 518 per
3601 471 3729 525 partes

596 527 768 578 donec
810 522 915 577 illa:
961 533 1139 591 partes
1186 537 1619 594 supercrescant.
1666 527 1925 590 lsciatiri,
1963 529 2015 583 id
2067 539 2170 596 est,

596 628 854 668 coxarum
886 614 1214 684 injuriaticus
1262 616 1435 681 dolor,
1478 627 1534 671 ut
1580 629 1662 672 est
1710 617 1967 687 frigiditas
1996 636 2170 690 aqum,

601 707 887 762 humiditas
916 710 1074 771 aeris,
1108 708 1349 761 caliditas
1403 709 1557 778 ignis,
1592 709 1802 764 siccitas
1836 722 2009 766 terrrc.
2042 712 2169 766 Nam

596 801 704 855 dno
731 816 798 856 ex
846 800 926 854 bis
954 808 1136 869 agunt,
1168 799 1302 870 ignis
1344 809 1398 854 et
1426 815 1551 866 aer;
1577 803 1682 856 duo
1713 804 2004 870 patiantur,
2037 820 2170 872 aqua

597 903 652 946 et
676 901 834 946 terra.
853 892 1086 957 Quatuor
1109 900 1283 945 autem
1309 901 1431 944 sunt
1456 901 1716 960 tempora,
1743 899 1944 963 χειμὼν
1973 893 2165 959 hiems,

592 981 687 1058 ἔαρ
718 997 833 1047 ver,
864 983 1008 1055 θέρος
1047 992 1227 1048 mstas,
1268 971 1582 1060 φθινόπωρον
1631 994 1935 1039 autumnus.
1985 985 2169 1040 lliems

595 1085 935 1144 comparatur
961 1091 1134 1143 aqum,
1165 1085 1450 1132 autumnus
1479 1088 1652 1131 terrm.

666 1168 867 1222 Plinius
899 1168 1195 1232 Secundus,
1227 1169 1277 1221 in
1322 1168 1460 1222 libro
1502 1169 1737 1223 secundo
1785 1169 2053 1223 Naturalis
2087 1169 2167 1223 bi-

586 1261 788 1324 storim,
811 1275 877 1314 an
908 1261 977 1314 sit
1003 1260 1299 1315 immensus
1331 1260 1581 1324 mundus,
1606 1271 1663 1316 et
1689 1259 1810 1315 ideo
1833 1278 2046 1315 sensum
2069 1277 2163 1316 au-

587 1353 726 1408 rium
758 1353 1052 1408 extendens
1085 1363 1242 1408 tanta!
1265 1353 1421 1408 molis
1458 1363 1643 1408 multa:
1671 1355 1928 1424 vertigine
1953 1355 2164 1408 assidua

591 1449 648 1500 lit
670 1455 866 1507 motus,
885 1459 989 1500 non
1012 1446 1225 1515 quidem
1249 1445 1402 1500 facile
1423 1445 1672 1508 dixerim,
1693 1460 1798 1500 non
1825 1447 1991 1515 magis
2008 1461 2164 1515 quam

587 1537 1033 1595 circumactorum
1063 1538 1224 1592 simul
1258 1537 1482 1593 tinnitus
1507 1537 1766 1603 siderum,
1794 1552 2024 1607 suosque
2054 1538 2166 1591 Vol-

584 1632 822 1685 ventium
850 1631 1031 1686 orbes.
1060 1633 1141 1685 An
1171 1631 1342 1685 dulcis
1371 1630 1610 1700 quidam,
1637 1639 1690 1684 et
1721 1629 2017 1684 incredibili
2044 1644 2166 1682 sna-

584 1722 748 1777 vitate
770 1731 1058 1790 conceptus
1082 1722 1259 1787 nobis,
1283 1721 1373 1790 qui
1403 1720 1545 1776 intus
1568 1722 1772 1792 agimus
1796 1721 1948 1792 juxta
1973 1721 2163 1777 diebus

586 1813 937 1881 noctibusque
965 1814 1153 1867 tacitus
1182 1813 1397 1869 labitur.

661 1903 792 1956 Dum
840 1904 1040 1956 tnusica
1079 1903 1314 1958 caelestis
1352 1919 1416 1958 ex
1457 1903 1822 1958 subtilioribus
1863 1905 2160 1968 conﬁcitur,

581 1995 698 2050 sine
741 1995 846 2050 ulla
889 1996 1312 2050 inconvenientia
1361 1996 1707 2050 sonorissima
1751 1997 2163 2066 comprehendi-

581 2098 695 2151 tur;
731 2103 851 2141 nam
885 2089 1110 2143 latenter
1130 2103 1197 2144 ex
1228 2089 1595 2158 superioribus
1616 2089 1682 2143 ad
1713 2089 1965 2145 inferiora
1990 2105 2162 2160 usque

580 2180 795 2236 auditus
823 2189 1034 2234 nostros
1057 2179 1348 2234 ellunditur
1371 2182 1614 2249 quamvis
1638 2196 1755 2236 eam
1786 2191 2006 2251 propter
2033 2197 2158 2236 con-

584 2269 918 2323 suetudinem
942 2284 1046 2322 non
1075 2269 1458 2335 consentimus,
1487 2271 1626 2325 sicut
1654 2280 1778 2324 sunt
1800 2271 1875 2325 illi
1903 2270 1993 2340 qui
2022 2273 2160 2326 circa

581 2361 908 2432 καταϐαθμόν
940 2361 1213 2425 habitant,
1243 2360 1294 2416 id
1327 2372 1440 2427 est,
1481 2363 1798 2419 descensum
1829 2364 1952 2419 Nili.
1983 2365 2036 2419 Si
2067 2379 2160 2419 au-

577 2464 687 2507 tem
727 2452 920 2522 aliquis
949 2453 1001 2508 in
1032 2454 1202 2509 altero
1233 2455 1429 2509 mundo
1460 2468 1770 2512 nasceretur
1798 2458 1866 2528 (si
1907 2459 2160 2528 possibile

576 2544 738 2613 esset)
784 2555 842 2599 ut
889 2554 1108 2600 sanctus
1141 2547 1471 2613 Augustinus
1518 2547 1773 2618 afﬁrmat,
1806 2557 1865 2604 ut
1904 2550 1955 2604 in
2011 2549 2156 2604 hunc

576 2637 832 2692 tumulum
881 2645 1064 2706 postea
1113 2639 1370 2706 venisset,
1421 2654 1541 2695 eam
1595 2640 1715 2697 sine
1766 2641 1877 2695 ullo
1932 2640 2159 2710 impedi-

575 2740 754 2783 mento
801 2729 1044 2796 audiret,
1082 2731 1240 2799 eique
1279 2729 1415 2784 ultra
1465 2731 1605 2785 vires
1653 2733 1906 2799 placeret.
1957 2730 2154 2785 Musica

574 2832 752 2874 autem
801 2821 1046 2886 quamvis
1095 2822 1390 2887 terrestris,
1441 2820 1596 2875 nobis
1647 2821 1930 2890 placuerit,
1976 2829 2153 2875 tamen

573 2915 696 2981 quia
742 2911 1230 2980 corpulentioribus
1270 2911 1550 2966 elementis
1609 2910 1862 2979 efﬁcitur,
1907 2910 1991 2964 vix
2037 2911 2158 2964 sine

571 3004 748 3073 aliqua
780 3003 1185 3070 incongruentia
1232 3000 1529 3055 invenitur.
1577 3001 1642 3054 Et
1681 3001 1782 3054 hoc
1825 3000 2151 3066 notandum,

569 3095 711 3166 quod
738 3095 874 3150 sicut
905 3095 1067 3149 multa
1112 3092 1288 3148 anima
1317 3099 1449 3164 agit,
1480 3093 1572 3148 illa
1607 3094 1720 3163 ipsa
1769 3093 2059 3160 nesciente,
2098 3103 2154 3147 ut

2281 491 2293 501 _
2379 491 2390 501 _
2813 491 2820 492 κ
3030 491 3047 494 -
3080 491 3334 510 --ννη-ν--ν
3363 491 3463 513 ἰη-υ·
3491 491 3556 518 rw
3602 491 3729 525 [tanta

2279 525 2521 593 partitur.

2345 613 2534 669 Omnis
2563 617 2877 686 symphonia
2919 620 3194 688 multiplex
3247 623 3464 682 discretae
3498 635 3734 699 quantitatis

2277 707 2656 775 prortrietatem
2715 712 2984 778 sequitur,
3037 727 3142 766 non
3203 724 3366 771 tamen
3420 729 3468 774 ut
3509 721 3730 795 inﬁnitain,
3895 731 3897 770 ι

2273 797 2366 851 sed
2429 813 2522 865 per
2580 805 2688 853 tres
2747 808 2947 854 tantum
3006 803 3233 871 gradus,
3282 808 3507 879 duplum,
3557 818 3733 888 scilicet,

2275 887 2489 954 triplum
2521 897 2575 942 et
2604 889 2976 960 quadruplum.
3002 894 3188 949 Omnis
3231 906 3392 952 autem
3432 910 3717 975 superparticu

2275 982 2398 1034 laris
2428 982 2765 1051 symphonia,
2796 988 3104 1054 quantitatis
3132 993 3386 1048 continuae
3425 1009 3628 1055 naturam
3659 1020 3741 1059 ser-

2271 1086 2389 1138 vat,
2423 1091 2527 1129 non
2556 1077 2765 1144 quidem
2810 1080 2860 1132 in
2901 1079 3200 1149 inﬁnitum,
3232 1087 3319 1140 sed
3357 1098 3532 1146 tantum
3567 1111 3639 1161 per
3663 1108 3739 1152 tres

2271 1167 2498 1234 gradus,
2555 1170 3000 1240 sesquialterum,
3057 1178 3437 1245 sesquitertium
3522 1189 3741 1255 δθειμήυοά

2272 1265 2471 1311 taxum.

2343 1349 2584 1418 Duplicat
2619 1367 2846 1422 namque
2889 1359 3380 1425 superparticularis
3418 1377 3552 1417 suam
3583 1381 3748 1436 propor-

2270 1439 2489 1509 tionem,
2522 1456 2851 1512 qumcunque
2879 1447 2966 1509 sit,
2992 1455 3046 1501 et
3075 1462 3168 1517 per
3197 1449 3396 1504 dualem
3425 1469 3656 1508 numerum
3681 1459 3746 1512 de-

2270 1537 2528 1613 nominat,
2560 1547 2718 1605 atque
2744 1552 2771 1589 a
2803 1537 2944 1591 dnali
2978 1539 3213 1606 inchoat,
3242 1551 3294 1610 et
3319 1546 3370 1598 in
3399 1559 3508 1600 eum
3536 1550 3750 1616 redigitur,

2269 1642 2440 1696 neque
2462 1630 2701 1698 pervenit
2722 1631 2785 1684 ad
2813 1633 3099 1698 unitatem;
3127 1637 3347 1704 ideoque
3366 1650 3526 1692 servat
3546 1641 3749 1694 continuus:

2266 1720 2573 1788 quantitatis
2600 1721 3014 1791 proportionem.

2193 1803 2239 1863 B
2354 1812 2766 1882 Transgreditur
2818 1831 3046 1884 namque
3112 1820 3324 1873 musica:
3383 1821 3745 1884 consonantiam,

2265 1901 2493 1972 ideoque
2537 1907 2676 1973 quod
2729 1907 2904 1975 plures
2953 1919 3133 1978 partes
3181 1911 3416 1976 excedit,
3446 1923 3494 1966 et
3521 1927 3546 1964 a
3579 1909 3756 1981 simplici

2263 1995 2510 2049 discedit.

2333 2086 2388 2140 In
2431 2101 2572 2141 nono
2609 2088 2778 2158 quinti
2825 2088 2942 2142 libri
2987 2089 3245 2159 capitulo,
3287 2097 3501 2154 ortavo,
3538 2097 3692 2158 quarto
3725 2099 3760 2139 et

2265 2175 2443 2241 tertio,
2478 2177 2590 2246 ipse
2634 2192 2845 2248 quoque
2889 2177 3275 2248 Pythagoricus
3331 2178 3618 2232 Ptolenucus
3656 2175 3760 2229 Phil-

2261 2271 2524 2342 adelphus
2553 2272 2928 2341 philosophus.

2340 2365 2394 2418 In
2442 2365 2690 2419 omnibus
2745 2364 2825 2418 bis
2875 2366 3004 2419 latet
3051 2364 3348 2434 epogdoos,
3391 2363 3438 2417 id
3471 2369 3570 2424 est,
3607 2361 3764 2427 sesqui

2258 2466 2442 2512 octava
2501 2457 2808 2527 proportio‘;
2866 2457 3091 2526 ideoque
3140 2456 3448 2526 specialiter
3495 2456 3612 2507 inter
3651 2467 3760 2521 sym-

2260 2550 2482 2619 phonias
2527 2567 2632 2606 non
2683 2551 3177 2606 connumerabitur.
3234 2551 3310 2604 Ex
3362 2563 3427 2604 eo
3472 2561 3668 2614 namque
3688 2558 3765 2594 ca:-

2259 2651 2387 2697 terte
2431 2625 2846 2712 componuntur.
2897 2642 2992 2696 Est
3049 2640 3196 2697 enim
3249 2639 3541 2696 communis
3586 2634 3768 2690 omnium

2258 2747 2530 2787 mensura.

2335 2824 2430 2878 Est
2459 2824 2511 2878 in
2555 2825 2773 2879 vocibus
2803 2825 3072 2887 similiter,
3108 2834 3163 2877 ut
3199 2831 3314 2878 tres
3362 2821 3424 2877 ad
3456 2835 3600 2875 unum
3636 2814 3769 2883 tripli.

2255 2932 2374 2984 qua:
2412 2918 2653 2972 continet
2701 2918 2752 2969 in
2796 2931 2854 2970 se
2891 2916 3025 2969 duas
3062 2920 3474 2980 consonantias,
3505 2923 3554 2966 ut
3579 2913 3609 2965 5
3640 2909 3692 2963 ad
3725 2907 3772 2970 2,

2255 3007 2524 3073 diapente,
2549 3007 2582 3058 ‘2.
2611 3006 2674 3060 ad
2709 3007 2756 3070 ι,
2787 3007 3067 3075 diapason.

2328 3096 2420 3152 Ille
2449 3097 2606 3150 nimis
2635 3105 2818 3150 acutus
2857 3106 2970 3160 est,
3017 3112 3122 3150 non
3159 3096 3462 3151 reﬂectitur
3498 3092 3558 3146 ad
3595 3102 3777 3161 gravem,
3913 3088 3915 3153 4

571 3189 746 3258 capilli
772 3188 1089 3258 ungulmque
1113 3195 1387 3254 crescunt,
1411 3187 1488 3241 sic
1511 3187 1673 3242 etiam
1701 3186 1865 3240 multa
1893 3186 1944 3240 in
1967 3186 2152 3241 auditu
2180 3157 2227 3222 δ
2262 3198 2319 3242 ut
2343 3189 2390 3243 ei
2436 3190 2738 3254 conveniat,
2784 3200 2836 3242 et
2877 3188 2992 3257 ille,
3024 3187 3113 3258 qui
3145 3189 3334 3242 minus
3378 3194 3460 3241 est
3503 3183 3675 3256 gravis,
3697 3192 3774 3232 nou

569 3281 737 3350 ipsius
766 3291 1016 3351 aguntur,
1049 3293 1168 3349 quae
1194 3293 1313 3332 eam
1347 3287 1564 3348 propter
1593 3275 2036 3335 consuetudinem
2071 3277 2150 3331 la-

572 3385 708 3439 tent,
738 3384 796 3428 ut
821 3373 1028 3427 sonitus
1057 3364 1407 3442 planetarum.

645 3464 770 3518 llmc
793 3464 1046 3517 vivacitas
1077 3463 1302 3516 ratlonis
1327 3469 1408 3515 est
1439 3461 1552 3529 ipsa
1587 3458 1667 3512 vis
1694 3459 1914 3513 rationis
1937 3460 2151 3524 animm,

573 3568 695 3624 quae
722 3553 823 3607 sub
863 3553 1075 3607 silentio
1101 3549 1154 3606 in
1185 3553 1365 3606 animo
1407 3551 1555 3607 latet.
1581 3550 1730 3604 Tunc
1757 3559 1933 3604 autem
1963 3551 2153 3604 misce-

569 3657 657 3701 tur
677 3645 912 3714 corpori,
939 3645 1149 3715 quando
1178 3644 1495 3701 mirabiliter
1521 3659 1618 3714 per
1641 3657 1806 3699 sonos
1836 3643 1980 3698 foras
2006 3657 2152 3715 egre-

569 3737 735 3794 ditur.

638 3827 1038 3898 Contemplatio
1079 3827 1383 3899 regularum
1429 3841 1495 3883 ex
1543 3834 1742 3894 mente,
1788 3840 1908 3896 qua:
1959 3827 2150 3883 Grznce

576 3924 811 4000 θεώρημα
836 3923 1048 3977 dicitur.

638 4017 913 4086 Multiplex
943 4017 1101 4086 igitur
1128 4016 1248 4072 ideo
1279 4015 1535 4085 majorem
1566 4023 1883 4085 potestatem
1910 4012 1977 4066 ad
2008 4026 2138 4066 con-

568 4109 843 4166 sonantias
887 4109 1113 4176 retinet,
1162 4109 1284 4178 quia
1342 4111 1554 4164 disertze
1602 4107 1881 4178 quantitati
1935 4106 1986 4160 in
2043 4120 2143 4158 au-

574 4213 792 4273 gmento
821 4209 1099 4256 crescente
1122 4200 1404 4254 similatur.
1443 4199 1509 4253 Et
1536 4213 1632 4252 cur
1666 4196 1984 4266 propterea?
2013 4196 2147 4262 Quia

571 4290 905 4346 arithmetica
935 4305 1055 4360 quae
1087 4305 1178 4359 per
1215 4305 1273 4345 se
1301 4299 1405 4357 est,
1435 4296 1489 4344 et
1529 4288 1753 4351 musica,
1780 4302 1898 4355 quae
1951 4299 2151 4339 conso-

574 4381 878 4437 nantiarum
910 4381 1328 4436 demonstratrix
1362 4391 1466 4448 est,
1497 4380 1564 4435 ad
1595 4378 1878 4434 discretam
1929 4377 2152 4446 quanti-

568 4483 728 4528 tatem
755 4474 1046 4543 pertinent.

641 4563 950 4620 Geometria
981 4578 1108 4619 vero
1147 4573 1201 4618 et
1230 4562 1512 4630 astrologia
1545 4562 1809 4616 continuae
1837 4559 2149 4626 quantitatis

501 4675 513 4700 ί
568 4665 730 4720 sunt,
775 4655 860 4712 cui
913 4656 1036 4725 quia
1082 4653 1582 4723 superparticularis
1631 4654 1680 4706 in
1719 4653 2154 4707 decrescentibus

570 4751 809 4818 partibus
838 4751 1028 4804 similis
1057 4758 1162 4817 est,
1191 4763 1296 4802 non
1322 4748 1560 4802 eamdem
1591 4761 1746 4815 quam
1780 4746 2053 4814 multiplex
2085 4745 2150 4799 ad

565 4842 946 4895 consonantias
989 4841 1094 4894 vim
1145 4847 1374 4904 retinet,
1407 4838 1451 4891 si
1497 4847 1673 4892 tamen
1719 4848 1930 4906 propter
1972 4836 2151 4904 singu-

569 4931 834 4987 laritatem
878 4931 1104 4999 partium
1150 4929 1386 4986 secundo
1435 4929 1552 4982 loco
1601 4927 1914 4982 admittitur.
1947 4928 2148 4994 Super—

577 5022 913 5089 particularis
955 5020 1116 5076 etiam
1173 5019 1549 5074 consonantias
1596 5027 1829 5080 tantum,
1879 5018 2150 5086 multiplex

572 5129 702 5169 vero
745 5128 848 5170 non
881 5125 989 5170 tam
1027 5109 1404 5168 consonantias
1435 5126 1593 5182 quam
1625 5110 2037 5180 mquisonantias
2066 5111 2147 5166 ef-

570 5204 703 5260 ﬁcit.
794 5215 798 5220 '

646 5294 951 5353 Secundum
995 5291 1388 5365 Pythagoricos
1434 5301 1488 5347 et
1534 5293 1914 5358 Ptolemaeum,
1961 5301 2149 5346 natura

572 5388 866 5444 secundum
897 5387 1274 5456 Aristoxenum
1300 5393 1383 5440 est
1414 5386 1465 5440 in
1495 5386 1772 5456 qualitate.
1801 5385 1931 5439 Nam
1963 5400 2150 5452 quam-

574 5482 656 5536 vis
699 5496 754 5535 tn
786 5480 1022 5536 numeris
1063 5479 1457 5550 particularitas
1504 5480 1732 5543 dicatur,
1759 5479 1976 5533 abusive
2019 5478 2151 5532 dici-

568 5583 688 5640 tur;
717 5587 840 5628 cum
872 5573 1085 5643 proprie
1112 5573 1368 5644 quidquid
1409 5587 1502 5644 per
1532 5581 1711 5642 partes
1739 5572 1988 5640 partitur,
2009 5585 2148 5626 coo-

571 5664 719 5717 tioua
767 5665 1033 5733 quantitas
1087 5664 1431 5736 intelligatur,
1462 5679 1583 5734 quas
1629 5662 1981 5733 longitudine,
2025 5663 2146 5717 lati-

573 5754 780 5816 tudine.
828 5755 1853 5843 altitudineque.comprehenditur:ct
1898 5755 2016 5812 ideo
2059 5771 2150 5842 suf

2207 3279 2210 3284 ’
2257 3280 2372 3332 vult
2399 3277 2600 3347 aliquid
2628 3277 2780 3348 erigi.
2812 3280 2946 3346 Quia
2976 3281 3234 3349 Cognovit
3273 3279 3595 3334 diﬂ‘erentias
3633 3283 3782 3328 conso-
3913 3277 3915 3343 ξ

2258 3371 2572 3426 nantiarum.
2651 3395 2654 3398 ο

2329 3461 2568 3527 Auditni,
2600 3470 2652 3515 et
2682 3476 2786 3514 non
2835 3460 3051 3515 rationi.
3099 3461 3270 3517 Multa
3318 3462 3462 3518 enim
3503 3460 3704 3514 varietas
3724 3462 3784 3508 est

2259 3551 2398 3604 inter
2423 3563 2640 3604 sensum
2667 3562 2721 3601 et
2751 3552 3037 3605 rationem.

2332 3641 2505 3696 Medio
2537 3640 2730 3696 itinere
2761 3640 3021 3707 feruntur,
3051 3645 3178 3712 quia
3214 3658 3319 3698 nec
3347 3659 3414 3698 ex
3448 3651 3554 3696 toto
3597 3639 3785 3692 tribuunt

2253 3733 2630 3788 discretionem
2680 3735 2923 3799 auribus,
2956 3750 3053 3789 nec
3081 3751 3150 3791 ex
3189 3747 3308 3790 toto
3356 3734 3562 3799 rationi,
3592 3731 3670 3785 sed
3697 3741 3782 3796 par-

2259 3822 2351 3876 tim
2373 3822 2594 3890 anditui,
2624 3824 2817 3893 partim
2847 3823 3059 3892 rationi,
3083 3841 3312 3894 sonum,
3339 3825 3600 3886 videlicet,
3622 3828 3784 3875 aculam

2255 3915 2341 3969 vel
2372 3930 2584 3984 gravem
2617 3914 2841 3982 auditui,
2874 3915 3217 3972 differentias
3244 3930 3428 3973 autem
3460 3910 3777 3970 construantu-

2255 4021 2370 4060 rum
2403 4004 2616 4060 rationi.

2330 4099 2593 4155 Producta
2618 4108 2742 4154 sunt
2767 4109 3032 4155 momenta
3061 4103 3148 4156 vel
3186 4112 3376 4158 motus
3405 4101 3590 4156 artium
3613 4106 3658 4149 et
3681 4094 3787 4151 vitae.

2251 4206 2313 4245 ea
2345 4207 2461 4261 qua:
2506 4191 2863 4246 discernenda
2912 4201 3056 4245 sunt.
3110 4193 3393 4261 Primum,
3428 4192 3654 4247 sensibus
3687 4181 3792 4238 acci-

2253 4283 2405 4348 dunt,
2428 4298 2490 4337 ac
2522 4299 2617 4352 per
2644 4298 2862 4339 sensum
2893 4286 3238 4354 sentiuntur,
3265 4301 3332 4341 ac
3359 4295 3620 4356 postremo
3638 4275 3793 4332 ratione

2251 4375 2649 4430 discernuntur.

2324 4463 2653 4534 Pythagoras
2703 4465 2947 4534 indigens
2996 4465 3441 4536 interrogatione
3491 4464 3573 4517 vel
3617 4462 3796 4512 interru-

2258 4553 2485 4622 gationis
2533 4555 2771 4608 cumulo.
2821 4554 3019 4624 Pythos
3071 4557 3232 4610 enim
3294 4553 3667 4624 interrogatio,
3703 4559 3798 4614 330°

2254 4657 2342 4697 ras
2382 4645 2662 4711 cumulus;
2705 4644 2827 4700 inde
2877 4659 3057 4715 agora,
3101 4647 3386 4712 Ecclesia,
3425 4649 3507 4701 vel
3551 4644 3796 4712 Synaguga,

2253 4745 2491 4788 vocatur.

2323 4828 2516 4892 Quales
2562 4841 2724 4882 sonos
2777 4827 3072 4882 reddebant
3132 4831 3427 4900 primum,
3475 4831 3600 4883 tales
3644 4829 3802 4889 ιιυυίιίθε

2252 4930 2529 4989 postquam
2560 4933 2773 4975 mutata:
2799 4932 2945 4987 sunt,
2968 4924 3088 4991 quia
3117 4938 3236 4978 non
3271 4934 3396 4979 erat
3428 4924 3481 4979 in
3503 4925 3554 4977 vi
3585 4915 3802 4974 fcrentiqu

2249 5026 2432 5079 sonus,
2455 5012 2548 5068 sed
2579 5013 2632 5067 in
2662 5013 3032 5083 magnitudine
3061 5016 3436 5072 malleorum.

2318 5100 2468 5174 Ἐχω
2507 5120 2735 5174 namque
2774 5105 2965 5172 habeo,
2995 5107 3125 5163 inde
3155 5097 3411 5183 συνέχὼ,
3443 5108 3704 5164 continuo;
3724 5094 3804 5153 as-

2251 5217 2443 5265 στημα,
2487 5195 2842 5263 intervallum,
2886 5199 2968 5252 vel
3004 5201 3296 5268 spatium;
3331 5201 3461 5257 inde
3486 5191 3805 5265 stemma.

2251 5294 2446 5361 Spatia,
2474 5295 2556 5348 vel
2585 5293 2890 5348 intervalla.

2327 5385 2422 5440 llic
2468 5394 2590 5440 nota
2635 5387 2954 5462 αἱθητήριον,
2989 5386 3040 5442 id
3086 5396 3220 5451 est,
3275 5389 3582 5445 custodiam
3625 5378 3808 5438 omnium

2249 5490 2524 5542 sensuum,
2555 5490 2674 5546 qua:
2721 5479 2892 5545 primo
2923 5479 2974 5531 iu
3005 5479 3183 5535 corde
3213 5483 3590 5538 communiter
3617 5471 3808 5532 contineo

2253 5577 2358 5635 tur,
2386 5568 2512 5624 inde
2551 5568 2862 5638 specialiter
2887 5569 2955 5624 ad
2983 5585 3188 5628 omnes
3223 5589 3433 5630 sensus
3475 5571 3697 5641 corporis
3720 5576 3810 5633 pro-

2250 5663 2483 5728 ducitur,
2517 5672 2573 5718 ut
2600 5672 2682 5718 est
2711 5663 3032 5719 luminosum
3078 5667 3140 5720 in
3191 5670 3385 5725 oculis
3424 5667 3687 5739 quiddam,
3712 5651 3814 5728 αυοά

2252 5756 2462 5827 igneam
2497 5756 2658 5814 habet
2689 5769 2954 5828 naturam,
2989 5759 3284 5827 quoddam
3322 5764 3530 5820 mobile
3574 5759 3746 5816 aerium
3779 5754 3811 5799 ει
