4010 6382
304 318 414 380 91⁸5

1593 316 1841 373 MUSICA
1880 314 2242 373 TllEORICA.

3457 321 3563 376 9H

305 447 557 488 serenum
588 440 640 485 tn
684 431 920 493 auribus,
951 430 1091 500 quod
1124 429 1312 498 recipit
1357 429 1555 484 formas
1601 430 1874 483 colorabi-
1905 432 1952 491 Α
1981 438 2036 484 ει
2061 430 2148 484 ubi
2183 430 2336 483 tertia
2373 444 2494 498 pars
2522 430 2701 495 fuerit,
2735 444 2871 496 pone
2903 432 3162 491 arculum.
3189 444 3242 489 et
3274 444 3428 505 tange
3455 447 3565 492 ter-

306 524 406 586 les,
451 537 777 590 quascunque
823 522 952 576 liunt
996 538 1060 576 ex
1106 522 1365 590 superiori
1398 521 1667 576 elemento
1699 524 1880 591 igneo,

305 628 434 668 aere
463 613 778 668 tenuissimo
806 614 1056 682 quodam,
1090 613 1340 666 olfactum
1385 613 1436 666 in
1468 613 1706 678 naribus,
1741 613 1884 682 quod

307 723 371 762 ex
433 709 670 762 inferiori
709 719 765 762 et
820 709 1070 761 crassiori
1131 722 1257 761 aere
1314 707 1635 776 coniicitur;
1698 717 1884 775 gustus

308 815 375 854 ex
414 813 580 868 aqua,
635 807 806 854 tactus
843 800 909 853 ad
968 809 1162 854 terram
1211 799 1476 866 pertinet,
1515 801 1638 868 quia
1681 799 1883 853 nullum

309 911 478 964 genus
523 895 740 948 musicae
779 893 1046 948 invenitur
1083 903 1205 946 ante
1235 893 1382 946 illam
1420 892 1760 960 disciplinam
1801 901 1882 948 te-

309 985 742 1052 trachordorum,
791 984 842 1038 id
904 993 1018 1051 est,
1073 983 1519 1053 quemadmodum
1581 983 1885 1052 pervenerit

306 1091 593 1131 nervorum
653 1087 907 1131 numerus
948 1075 1014 1129 ad
1073 1060 1467 1144 pluralitatem,
1517 1075 1569 1128 in
1618 1088 1726 1144 qua
1778 1089 1884 1130 non

304 1179 406 1224 est.

884 1257 1021 1325 Quid
1043 1259 1108 1312 sit
1138 1267 1302 1314 tonus.

383 1349 566 1403 Tonus
631 1357 713 1403 est
777 1348 989 1418 quando
1058 1351 1244 1406 vocula
1304 1350 1547 1405 voculam
1616 1358 1722 1404 tota
1797 1349 1880 1405 sui

301 1440 598 1506 quantitate
634 1440 985 1507 superaverit,
1025 1448 1082 1494 et
1129 1442 1346 1509 insuper
1396 1441 1564 1510 ipsius
1609 1451 1880 1510 superatae

301 1531 508 1585 vocula:
539 1540 724 1586 octava
755 1539 925 1599 parte,
957 1531 1042 1586 vel
1077 1534 1128 1586 in
1154 1533 1453 1588 intensione
1477 1535 1762 1603 acuminis,
1797 1535 1880 1590 vel

301 1625 355 1678 in
405 1625 719 1680 remissione
760 1624 1060 1693 gravitatis.
1099 1626 1449 1682 Semitonium
1500 1637 1617 1695 est,
1665 1629 1882 1698 quando

1988 522 2115 577 tiam
2142 533 2346 592 partem
2377 524 2542 590 ipsius
2571 523 2806 589 chordae,
2833 533 2988 596 tange
3016 536 3068 581 et
3090 530 3310 583 alteram
3345 540 3568 596 partem,

1987 622 2042 668 et
2070 614 2272 669 videbis
2305 615 2706 690 consonantiam
2735 616 3012 686 diapason.
3049 619 3226 674 Tertia
3266 622 3412 674 en'm
3441 636 3564 690 pars

1986 702 2070 756 his
2098 706 2303 758 acutior
2331 685 2556 760 duarnni
2587 685 2836 774 partium,
2870 717 2925 762 et
2966 708 3084 763 duae
3115 719 3290 778 partes
3323 709 3402 765 bis
3442 685 3570 780 gra-

1987 793 2163 849 viores
2205 795 2256 850 in
2305 809 2460 852 sono.
2509 797 2589 853 Ad
2643 801 3049 855 consonantiam
3105 818 3232 858 vero
3285 803 3570 872 diapente.

1985 882 2182 939 deinde
2213 893 2380 940 totum
2415 903 2635 943 nervum
2666 888 2716 942 in
2743 889 2979 960 quinque
3007 893 3240 960 aequales
3281 901 3480 960 partes,
3514 891 3568 946 id

1985 985 2089 1044 est,
2123 978 2208 1032 ubi
2255 988 2361 1034 tres
2410 980 2622 1037 fuerunt
2660 982 2820 1036 [initae
2864 994 3064 1052 partes,
3098 999 3232 1052 pone
3260 985 3566 1051 articulum,

1987 1075 2044 1123 et
2087 1077 2246 1137 tange
2294 1081 2542 1140 utrasque
2594 1084 2792 1140 partes,
2838 1083 2893 1129 et
2937 1076 3040 1129 erit
3086 1076 3250 1130 altera
3296 1091 3422 1146 pars
3461 1086 3572 1132 tota

1987 1162 2284 1229 quantitate
2317 1163 2536 1218 minoris
2559 1166 2772 1233 gravior
2792 1165 3007 1235 insuper
3027 1176 3079 1222 et
3101 1166 3217 1238 ejus
3244 1169 3569 1233 medietatis,

1986 1253 2153 1308 altera
2198 1271 2326 1309 vero
2358 1271 2479 1323 pars
2509 1259 2716 1313 acutior
2758 1269 2865 1315 tota
2903 1263 3216 1329 quantitate,
3245 1263 3461 1332 majoris
3489 1264 3574 1318 in-

1985 1357 2147 1412 super
2190 1355 2245 1398 et
2287 1347 2404 1413 ejus
2454 1349 2779 1412 medietatis.
2827 1349 3186 1407 Consonantia
3236 1354 3569 1410 diatessaron

1986 1436 2109 1501 erit,
2158 1434 2200 1488 si
2245 1435 2452 1490 dividas
2503 1447 2663 1493 totam
2713 1441 2968 1496 chordam
3018 1443 3069 1497 in
3117 1454 3320 1512 septem
3372 1455 3569 1514 partes,

1987 1540 2124 1592 pone
2148 1527 2412 1591 arculum,
2441 1538 2496 1583 et
2525 1537 2680 1600 tange
2721 1541 2972 1602 utrasque
2998 1543 3195 1602 partes.
3226 1534 3355 1592 Item
3388 1536 3570 1592 divide

1983 1613 2152 1684 ipsam
2182 1617 2438 1673 chordam
2471 1621 2522 1674 in
2552 1629 2778 1690 septem,
2812 1623 2862 1678 id
2894 1633 2996 1689 est,
3025 1626 3208 1681 decem
3243 1636 3443 1696 partes,
3477 1629 3569 1684 ubi

302 1728 465 1769 tonus
495 1715 544 1767 in
576 1715 708 1769 duas
736 1729 842 1769 non
874 1731 1075 1784 a'quas,
1108 1718 1201 1771 sed
1234 1717 1524 1784 inaequales
1574 1731 1751 1788 partes
1788 1735 1879 1776 se-

1986 1725 2123 1763 noua
2169 1726 2294 1780 pars
2335 1710 2497 1768 fuerit
2546 1728 2682 1781 pone
2723 1717 2983 1782 arculum,
3024 1727 3078 1772 et
3120 1726 3275 1788 tange
3315 1730 3568 1788 utrasque

299 1817 475 1858 catur.
508 1805 749 1859 Alterum
802 1806 1143 1861 semitonium
1177 1809 1370 1877 majus,
1401 1811 1623 1865 alterum
1662 1813 1883 1866 semito-
1912 1782 1960 1842 Β
1991 1811 2189 1868 Panes.
2222 1811 2276 1855 ει
2306 1803 2542 1858 invenies
2586 1806 2847 1861 Πιῖηοτθῐη
2891 1818 3094 1875 Partem
3142 1813 3432 1865 τιοιιιῖοτοιιι
3464 1827 3571 1866 υῐιο

300 1897 448 1949 nium
482 1897 660 1950 minus
693 1897 798 1950 dici
831 1897 1149 1952 maluerunt.
1206 1898 1379 1954 Diesis
1415 1910 1496 1954 est
1545 1902 1883 1957 semitouium

298 1991 499 2055 minus,
529 1991 580 2045 in
631 1991 764 2044 duas
793 1999 968 2059 partes
995 1990 1246 2056 divisum,
1274 1991 1324 2045 id
1371 2004 1475 2057 cst,
1513 1994 1686 2047 minus
1717 1995 1885 2049 semi-

299 2084 505 2138 tonium
568 2083 740 2138 diesin
804 2085 1052 2140 dixerunt
1098 2085 1308 2141 musici.
1365 2085 1594 2140 Melodia
1648 2087 1882 2152 dicitur,

296 2194 420 2245 quae
448 2188 503 2233 et
527 2179 813 2248 antiquior,
845 2179 1089 2247 quamvis
1116 2179 1479 2248 subasperior,
1512 2179 1726 2248 quando
1753 2195 1884 2235 con-

295 2270 543 2323 sonantia
573 2284 637 2324 εχ
670 2270 879 2324 duobus
902 2269 1042 2324 tonis
1069 2280 1124 2325 et
1151 2271 1456 2336 semitonio,
1481 2273 1564 2326 vel
1596 2273 1887 2328 hemitonio

295 2370 354 2414 et
383 2361 590 2416 duobus
635 2363 796 2424 tonis,
829 2362 1148 2429 completur.
1191 2363 1530 2418 Chromatica
1576 2374 1659 2419 est
1683 2381 1803 2434 qua:
1831 2375 1884 2421 et

297 2452 585 2518 posterior,
615 2461 670 2509 et
697 2452 762 2506 ad
791 2452 1202 2508 delectationem
1243 2455 1449 2508 aurium
1492 2468 1586 2508 sua
1627 2454 1887 2510 varietate

295 2545 595 2613 permulcet
622 2543 853 2608 animos,
886 2553 941 2598 et
969 2545 1146 2600 nimiis
1185 2544 1423 2600 minutiis
1461 2545 1664 2601 tinnule
1695 2546 1882 2612 fertur,

293 2643 614 2702 constatque
661 2651 730 2689 ex
781 2643 907 2689 tono
957 2643 1008 2689 et
1041 2635 1212 2691 tribus
1237 2635 1558 2700 semitoniis,
1598 2637 1680 2691 vel
1716 2637 1886 2691 tribus

295 2726 602 2780 semitoniis
653 2737 709 2780 et
757 2735 903 2780 tono.
966 2726 1384 2782 Enharmonium
1441 2735 1604 2781 totam
1651 2728 1885 2796 possidet

295 2817 658 2880 harmoniam,
687 2825 741 2872 ct
770 2818 850 2871 sui
884 2819 1142 2886 dignitate
1166 2818 1302 2873 alias
1328 2818 1626 2888 prtecellit;
1666 2826 1718 2874 et
1757 2834 1886 2874 con-

293 2918 402 2961 stat
453 2924 516 2962 ex
566 2908 775 2962 duobus
817 2907 1000 2976 diesis,
1030 2918 1086 2964 et
1127 2909 1334 2964 duobus
1374 2910 1532 2974 tonis,
1567 2909 1648 2965 vel
1677 2909 1885 2965 duobus

293 3000 440 3053 tonis
469 3008 523 3053 et
550 2998 758 3056 duobus
783 3000 971 3055 diesis.
1003 3001 1361 3055 Consonantia
1406 3001 1736 3056 diatessaron
1776 3011 1880 3068 est,

293 3093 508 3162 quando
551 3093 738 3148 vocula
789 3091 1092 3148 intensione
1131 3095 1215 3148 sui
1258 3094 1520 3149 acuminis
1558 3093 1796 3150 voculam
1825 3095 1876 3148 in

293 3184 614 3239 remissione
638 3183 917 3254 gravitatis
950 3191 1114 3239 totam
1148 3185 1405 3254 possidet,
1448 3184 1662 3253 insuper
1687 3193 1742 3239 et
1769 3193 1877 3240 ter-

293 3277 424 3330 tiam
456 3285 658 3346 partem
685 3285 950 3344 superata;
979 3277 1210 3332 voculae.
1246 3267 1504 3345 Diapen’te
1532 3276 1881 3332 consonantia

291 3376 402 3434 est,
436 3365 646 3434 quando
675 3365 861 3421 vocula
886 3366 1128 3420 voculam
1161 3374 1270 3420 tota
1297 3366 1377 3420 sui
1405 3368 1696 3434 quantitate
1724 3381 1882 3435 supe-

292 3467 398 3523 rat,
457 3458 724 3524 videlicet,
774 3467 829 3511 et
875 3466 1144 3526 superatis
1191 3459 1359 3523 vocis,
1410 3458 1625 3526 insuper
1672 3469 1726 3512 et
1767 3459 1882 3526 ejus

293 3547 580 3603 medietate
622 3547 704 3601 vel
751 3549 803 3602 in
836 3546 1136 3603 intensione
1171 3549 1449 3614 acuminis,
1484 3549 1564 3602 vel
1606 3549 1657 3603 in
1691 3550 1880 3604 remis-

293 3639 448 3691 sione
498 3637 796 3706 gravitatis.
859 3637 1120 3706 Diapason
1179 3652 1284 3691 non
1340 3640 1732 3704 consonantia,
1781 3641 1875 3694 sed

291 3729 678 3794 aequisonantia
727 3737 831 3794 est,
863 3728 1073 3798 quoties
1123 3730 1310 3783 vocula
1343 3728 1583 3784 voculam
1627 3729 1708 3782 sui
1746 3745 1874 3787 acu-

292 3821 444 3873 mine
491 3821 533 3873 si
583 3821 741 3875 luerit
786 3821 840 3874 in
891 3819 1210 3882 intensione,
1260 3830 1353 3874 aut
1397 3821 1476 3874 sui
1522 3826 1798 3889 gravitate,
1832 3821 1875 3875 si

292 3911 457 3965 fuerit
481 3913 533 3964 in
565 3911 902 3978 remissione,
929 3921 1036 3966 tota
1065 3913 1146 3966 sui
1170 3913 1464 3981 quantitate
1491 3923 1752 3981 superatze
1785 3930 1877 3968 vo-

291 4002 372 4055 cis
396 4001 744 4068 quantitatem
789 4002 870 4057 bis
911 4010 1152 4071 occupat.
1193 4003 1257 4054 Et
1303 4013 1359 4055 ιιι
1399 4012 1582 4070 aperte
1628 3993 1875 4058 advertas

291 4092 420 4160 quid
468 4092 539 4146 sit
587 4093 839 4161 intensio,
884 4093 1005 4161 quid
1053 4093 1320 4161 remissio,
1375 4109 1492 4161 qua:
1538 4095 1588 4148 itt
1629 4095 1876 4150 munibus

290 4182 659 4238 consonantiis
687 4183 916 4239 videnda
947 4192 1052 4249 est,
1082 4183 1151 4237 ita
1186 4184 1397 4238 noveris
1417 4187 1629 4253 quando
1651 4186 1874 4254 primam

291 4292 484 4330 vocem
528 4293 596 4332 ει
629 4293 744 4344 ore,
775 4278 858 4332 vel
896 4277 1075 4342 corde,
1120 4278 1202 4333 vel
1241 4277 1412 4346 aliqua
1444 4278 1659 4332 materia
1691 4279 1874 4348 organi

292 4369 540 4422 etniseris
569 4385 584 4422 :
616 4369 718 4438 fige
745 4377 964 4434 metam,
988 4377 1044 4423 et
1065 4368 1318 4438 quidquid
1350 4384 1443 4438 per
1470 4369 1614 4423 illam
1650 4372 1874 4439 primam

293 4474 485 4513 vocem
533 4461 584 4513 in
611 4461 778 4515 altum
817 4461 898 4515 sui
931 4462 1088 4530 gerit,
1120 4471 1212 4515 aut
1239 4472 1442 4525 tonum,
1471 4473 1559 4515 aut
1595 4463 1870 4531 diapason,

291 4561 386 4604 aut
423 4551 701 4620 diapente,
746 4561 836 4605 aut
877 4551 1229 4619 diatessaron,
1277 4555 1490 4608 noveris
1533 4555 1647 4607 illas
1689 4571 1874 4610 omnes

286 4644 672 4697 consonantias
737 4645 788 4697 itt
847 4644 1147 4698 intensione
1202 4645 1462 4699 acuminis
1515 4659 1632 4699 esse
1689 4646 1872 4700 iactas.

285 4735 558 4803 Quidquid
609 4749 736 4789 vero
789 4751 882 4803 per
914 4736 1058 4790 illam
1103 4737 1323 4804 primam
1363 4751 1547 4790 vocem
1580 4738 1665 4790 ubi
1697 4741 1874 4792 termi-

288 4843 422 4878 num
463 4826 697 4879 diximus
744 4825 1008 4895 [igendum
1048 4841 1186 4890 esse,
1218 4825 1468 4884 deorsum
1501 4828 1873 4883 remittendum

286 4917 526 4981 ﬂuxerit,
579 4918 692 4971 sive
741 4929 917 4982 tonus,
972 4917 1086 4972 sive
1127 4917 1482 4982 diatessaron,
1510 4917 1622 4972 sive
1659 4929 1870 4984 caetera,

285 5014 429 5064 scito
455 5023 641 5062 onmes
674 5010 788 5064 illas
819 5009 1194 5064 consonantias
1223 5008 1275 5062 in
1307 5010 1620 5064 remissione
1647 5011 1875 5079 gravita-

288 5103 362 5158 tis
387 5103 525 5159 lieri.
556 5103 612 5159 Si
640 5114 819 5157 autem
850 5105 955 5158 toni
987 5118 1176 5158 sonum
1211 5102 1295 5157 vel
1336 5102 1667 5157 diatessaron
1698 5115 1761 5155 ac
1790 5115 1874 5154 re-

289 5199 558 5267 liquarum
617 5196 1023 5251 consonantium
1083 5209 1241 5248 nosse
1288 5194 1480 5262 cupis,
1535 5192 1691 5246 talem
1744 5205 1874 5262 cape

1905 3135 1952 3196 ϐ

1906 4489 1950 4546 D

1989 1901 2137 1958 t0no,
2155 1893 2413 1962 majorem
2443 1911 2571 1951 vero
2586 1898 2886 1968 graviorem
2916 1916 3024 1954 uno
3046 1911 3171 1954 tono
3194 1902 3395 1956 intota.
3416 1903 3570 1970 Qua:-

1988 1983 2125 2039 ritur
2148 1999 2315 2056 quare
2343 1987 2490 2055 prius
2511 1990 2687 2059 posuit
2707 1990 2986 2059 diapason,
3015 1990 3280 2060 diapente,
3313 1994 3570 2049 diatessa-

1986 2093 2108 2146 ron,
2137 2088 2192 2134 et
2221 2095 2364 2136 nunc
2393 2082 2552 2139 aliter
2580 2083 2765 2153 incipit
2805 2085 2860 2139 in
2887 2086 3075 2141 ordine
3117 2087 3350 2156 ipsarum
3380 2103 3570 2145 conso-

1989 2169 2294 2225 nautiarum
2322 2182 2554 2229 vertere.
2586 2173 2738 2242 Quod
2768 2175 2846 2230 sic
2876 2177 3119 2244 solvitur,
3151 2178 3276 2247 quia
3321 2180 3371 2233 in
3403 2195 3570 2250 quan-

1987 2266 2098 2313 tum
2126 2259 2194 2315 ad
2218 2263 2766 2331 proportionalitatem
2798 2265 3151 2323 arithmetica:
3181 2269 3434 2336 pertinet,
3467 2285 3568 2324 an-

1987 2347 2184 2403 tecedit
2235 2350 2400 2420 dupla
2439 2351 2864 2422 sesquialteram,
2895 2358 3166 2412 antecedit
3221 2360 3570 2428 sesquialtera

1985 2442 2402 2511 sesquitertiam,
2446 2461 2563 2514 quae
2611 2457 2882 2516 postremo
2928 2452 3161 2518 ponitur.
3209 2452 3251 2506 Ε
3298 2455 3570 2507 contrario

1986 2547 2116 2588 vero
2170 2535 2390 2590 musica:
2444 2540 2795 2594 consonantia
2850 2551 2993 2596 retro
3045 2543 3368 2611 speculatur.
3437 2545 3568 2599 Nam

1987 2624 2155 2690 prima
2185 2627 2532 2680 consonantia
2574 2637 2656 2683 est
2685 2630 2902 2685 musicae
2928 2633 3058 2687 artis
3085 2635 3440 2703 sesquitertia,
3469 2636 3570 2692 hoc

1984 2719 2086 2778 est,
2120 2712 2484 2782 diatessaron;
2517 2717 2638 2772 inde
2681 2721 2988 2787 pervcnitur
3031 2723 3098 2777 ad
3138 2725 3566 2792 sesquialteratn,

1985 2803 2087 2860 hoc
2125 2813 2228 2869 est,
2258 2806 2538 2875 diapente;
2587 2807 2717 2864 inde
2758 2811 2824 2865 ad
2853 2812 3091 2881 duplam,
3120 2826 3239 2883 quae
3268 2825 3348 2869 est
3385 2815 3568 2884 diapa-

1985 2907 2108 2950 son.
2150 2895 2308 2952 Nicos
2355 2899 2546 2965 victor,
2597 2899 2802 2956 machia
2849 2916 3042 2973 pugna,
3075 2919 3198 2960 orea
3229 2905 3414 2962 Grazce
3454 2907 3568 2974 pul-

1986 2985 2136 3052 chra,
2170 2987 2348 3056 pltone
2379 3004 2502 3054 vox,
2535 2991 2658 3047 inde
2699 2993 2931 3062 orpheus
2971 2995 3185 3065 pulchra
3216 3012 3320 3053 vox
3348 2997 3566 3056 dicitur.

1986 3075 2294 3134 Similitudo
2323 3083 2596 3136 nominum
2640 3083 2693 3138 in
2721 3084 2987 3152 onmibus,
3031 3085 3328 3144 ditl‘erentia
3355 3106 3482 3146 vero
3511 3094 3566 3148 in

1987 3174 2224 3230 lichanos
2269 3175 2496 3246 hypaten
2537 3177 2901 3245 chromatico.
2947 3180 3307 3238 enharmonos
3338 3183 3567 3239 diatoni-

1981 3281 2097 3326 ,cos.
2147 3267 2402 3322 Similiter
2448 3269 2499 3322 in
2544 3269 2781 3325 lichanos
2812 3287 3018 3340 meson,
3047 3283 3102 3329 et
3141 3287 3393 3343 paranete
3419 3277 3564 3330 sine-

1987 3371 2203 3421 menon,
2235 3367 2290 3412 et
2320 3369 2570 3427 paranete
2602 3359 2985 3430 hyperboleon.
3013 3363 3146 3420 Nam
3175 3380 3294 3420 cum
3332 3367 3438 3422 sint
3466 3367 3561 3421 de-

1983 3460 2098 3500 cem
2125 3454 2179 3501 et
2198 3455 2321 3501 octo
2346 3449 2517 3517 nervi,
2552 3461 2602 3505 et
2629 3453 2678 3504 itt
2711 3451 3002 3520 diatonico,
3035 3465 3088 3508 et
3130 3453 3183 3510 in
3210 3456 3562 3522 chromatico,

1982 3549 2039 3594 et
2091 3541 2141 3593 in
2191 3541 2574 3608 enharmonio;
2628 3544 2817 3613 reliqui
2867 3545 3114 3602 similiter
3151 3557 3290 3612 sunt,
3325 3551 3563 3618 exceptis

1983 3631 2231 3701 quinque.
2264 3633 2559 3693 Dissimiles
2588 3650 2716 3704 ergo
2759 3635 2826 3691 de
2867 3640 3198 3694 chromatico
3227 3623 3479 3710 qu'mque,
3509 3651 3566 3695 et

1981 3723 2050 3778 de
2079 3725 2428 3780 enharmonio
2457 3726 2715 3796 quinque,
2757 3740 2966 3798 sumpta
2995 3729 3060 3784 ad
3107 3729 3290 3786 decem
3322 3742 3372 3785 et
3414 3743 3560 3798 octo,

1981 3817 2025 3870 si
2065 3817 2404 3886 adjiciuntur,
2437 3819 2526 3889 qui
2574 3829 2698 3874 sunt
2736 3821 2787 3875 in
2829 3821 3114 3890 diatonico,
3157 3823 3290 3883 ﬁunt
3332 3824 3396 3878 10
3425 3835 3477 3878 ει
3503 3826 3557 3879 8.

1983 3908 2317 3974 Ambrosius,
2350 3909 2400 3962 itt
2434 3913 2772 3978 expositione
2804 3914 2992 3980 psalmi
3033 3929 3214 3981 cxvttt,
3243 3929 3363 3986 cap.
3395 3917 3450 3980 ἓ,
3487 3919 3557 3971 ita

1981 3996 2110 4051 dicit
2139 4015 2150 4050 :
2188 4016 2212 4052 ‹,
2241 3998 2370 4053 Puto
2400 3999 2785 4071 Pythagoram,
2820 4004 3192 4072 philosophum
3233 4006 3552 4060 imitatorem

1982 4093 2402 4157 prophetarum,
2460 4091 2752 4148 instituisse
2802 4103 3024 4158 sectam,
3081 4105 3136 4150 ut
3183 4095 3426 4166 discipuli
3475 4099 3557 4153 sui

1979 4180 2355 4248 quinquennio.
2377 4197 2481 4236 non
2513 4183 2813 4252 loquentes,
2862 4195 3006 4240 tanto
3044 4186 3256 4243 silentio
3305 4189 3444 4258 loqui
3475 4189 3558 4245 di-

1979 4280 2224 4332 scerent.
2251 4289 2270 4322 ι
2309 4273 2614 4339 Axiomata,
2643 4274 2692 4329 id
2723 4284 2827 4342 est,
2854 4262 3205 4337 admiratione
3230 4277 3408 4348 digna,
3437 4296 3559 4349 qua:

1981 4373 2033 4416 ct
2084 4363 2357 4432 proloquia
2406 4363 2674 4431 dicuntur,
2724 4349 2777 4421 id
2820 4377 2926 4432 est,
2966 4369 3194 4423 obnoxia
3237 4370 3444 4424 veritati
3473 4371 3556 4426 vel

1981 4452 2220 4507 falsitati.
2264 4457 2307 4507 A
2334 4454 2496 4524 duplo
2543 4472 2771 4526 namque
2820 4459 3157 4527 sesquialter,
3187 4477 3217 4516 a
3258 4462 3413 4532 lriplo
3443 4480 3555 4518 ses-

1981 4544 2264 4611 quitertius
2303 4545 2706 4613 denominatur;
2745 4559 2798 4602 et
2851 4549 3039 4617 reliqui
3076 4551 3365 4605 secundum
3397 4570 3550 4607 suum

1980 4635 2241 4690 ordinem.
2273 4635 2327 4690 Si
2361 4637 2443 4690 illa
2474 4638 2837 4693 denominatio
2861 4649 3115 4711 quantum
3148 4640 3212 4694 ad
3251 4658 3466 4697 sensum
3501 4645 3552 4697 in

1977 4729 2301 4787 contrariam
2330 4741 2533 4798 partem
2565 4732 2654 4797 sit,
2695 4733 2816 4800 quia
2844 4735 3054 4812 cmujn
3088 4735 3366 4802 primitivis
3403 4735 3472 4788 sit
3501 4737 3552 4789 itt

1977 4829 2338 4888 augmentum,
2389 4819 2440 4874 in
2488 4819 2794 4875 derivativis
2835 4822 2886 4875 in
2934 4823 3285 4881 diminutione
3335 4837 3437 4880 est.
3496 4825 3553 4880 In

1978 4911 2356 4980 multiplicibus
2379 4914 2572 4983 quippe
2594 4924 2792 4983 quanto
2814 4916 2986 4985 major
3005 4927 3087 4972 est
3112 4934 3383 4987 numerus,
3407 4929 3552 4973 tanto

1939 5001 2145 5070 ,major
2197 5003 2254 5055 tit
2314 5005 2610 5072 proportio.
2671 5007 2890 5077 Insuper
2946 5010 3353 5077 particularibus
3424 5025 3552 5064 vero

287 5289 680 5358 conjecturam.
723 5289 918 5357 Accipe
947 5287 1184 5356 regulam
1220 5285 1445 5355 ligneam
1483 5283 1726 5337 manibus
1758 5297 1872 5336 ma—
1937 5348 1940 5351 _

288 5379 446 5451 gistri
474 5381 788 5442 formatam,
841 5387 895 5432 et
941 5374 1251 5444 praaparatis
1299 5373 1465 5427 tribus
1503 5371 1767 5435 articulis,
1791 5370 1873 5424 vel

288 5471 510 5539 arcolis,
536 5486 601 5524 ex
631 5469 774 5525 omni
806 5478 953 5537 parte
999 5481 1150 5535 mque
1191 5462 1392 5518 libratis
1431 5470 1486 5515 ct
1525 5461 1750 5527 cavatis,
1776 5475 1871 5513 cx-

291 5563 456 5617 tettde
498 5575 716 5614 nervum
764 5573 926 5627 super
979 5555 1214 5626 regulam
1262 5555 1314 5609 in
1356 5553 1562 5607 duobus
1609 5552 1874 5621 capitibus

291 5652 581 5721 suppositis
626 5649 884 5714 articulis,
933 5656 986 5702 et
1035 5662 1136 5701 non
1189 5643 1491 5708 ittcidcudo,
1534 5642 1625 5695 sed
1665 5643 1716 5696 in
1762 5656 1872 5696 me-

294 5744 488 5800 ticztda:
521 5751 680 5799 totam
711 5741 962 5798 chordam
993 5741 1042 5798 in
1070 5749 1176 5797 trcs
1210 5746 1385 5808 partes
1416 5735 1645 5805 aequales
1675 5734 1868 5802 divide,

1977 5103 2256 5148 crescente
2284 5109 2528 5162 numero,
2574 5095 2886 5151 decrescunt
2927 5101 3314 5168 proportiones.
3349 5101 3551 5166 aneri-

1979 5191 2062 5236 tur
2101 5185 2368 5252 quomodo
2407 5186 2579 5241 minor
2626 5191 2901 5256 proportio
2947 5202 3028 5243 est
3077 5189 3128 5243 in
3171 5190 3551 5258 quinquaginta

1978 5276 2167 5341 tribus,
2194 5287 2248 5330 et
2286 5277 2668 5348 quinquaginta
2697 5293 2838 5348 octo,
2871 5297 3025 5350 quam
3076 5283 3126 5333 in
3170 5283 3547 5350 quinquaginta

1976 5377 2030 5422 et
2057 5368 2433 5438 quinquaginta
2465 5370 2725 5440 quinque;
2767 5382 2821 5427 ct
2849 5373 3115 5442 quomodo
3147 5374 3335 5426 iterum
3381 5374 3550 5441 tnajor

1977 5463 2256 5527 proportio
2291 5471 2375 5515 cst
2423 5462 2475 5515 in
2519 5465 2860 5533 quadraginta
2900 5474 3045 5531 octo,
3079 5473 3133 5520 et
3171 5466 3546 5534 quinquaginta

1978 5552 2166 5618 tribus,
2199 5569 2354 5622 quam
2385 5556 2754 5626 quinquaginta
2795 5567 2848 5610 ct
2875 5559 3250 5627 quinquaginta
3278 5556 3548 5627 quinque?

1978 5647 2068 5702 Sic
2105 5647 2529 5715 respondendum
2561 5657 2643 5702 est
2676 5666 2686 5699 :
2712 5641 2861 5713 Quod
2888 5648 2932 5701 si
2966 5648 3261 5717 philologus
3288 5648 3386 5703 iste
3415 5648 3551 5704 Boe-

1978 5739 2080 5793 tius
2122 5740 2308 5798 itcrum
2355 5741 2573 5798 adderet
2614 5756 2771 5814 super
2812 5741 3181 5814 quinquaginta
3234 5752 3342 5798 trcs
3387 5741 3557 5809 duos,
