4010 6382
568 323 676 379 915

1076 313 1281 370 ΒΕΒΑΕ
1323 311 1777 369 VENERABlLlS
1815 311 1964 366 OPP.
2007 308 2183 364 PARS
2222 307 2260 360 Ι.
2304 304 2498 361 SEC’I‘.
2537 303 2603 360 11.
2634 334 2703 344 —-
2740 305 2944 362 DUBI‘A
2987 305 3073 361 ET
3111 305 3368 366 SPURIA.
3644 323 3719 384 915

567 448 751 497 essent
774 439 864 504 55,
898 444 952 492 et
989 415 1162 504 ipsum
1205 446 1484 488 numerum
1517 435 1848 484 mensuraret
1875 425 2151 496 quinarius
2179 427 2227 487 Α
2255 419 2462 489 tiplices
2491 427 2696 474 tantum
2734 427 2791 475 et
2827 420 3328 488 superparticularcs
3365 433 3517 482 notam
3548 446 3724 493 comnm-

569 533 851 598 undeeies;
900 543 954 585 et
997 530 1040 584 si
1075 529 1298 584 adderet
1342 540 1502 593 super
1547 521 1616 578 58
1662 523 1763 577 alia
1800 522 1928 585 duo,
1974 529 2154 575 essent

571 627 870 695 sexaginta,
899 633 950 679 et
979 629 1314 678 mensuraret
1351 619 1490 674 idem
1539 631 1790 670 numerus
1831 615 1980 669 illum
2021 615 2154 668 duo-

570 721 770 784 decies,
813 727 868 772 ct
912 727 1054 772 esset
1100 713 1563 785 sesquiundecima
1605 711 1900 782 proportio,
1947 709 1999 763 id
2045 718 2150 775 est,

571 811 953 878 quinquaginta
987 810 1238 878 quinque,
1273 817 1325 862 et
1356 806 1652 876 sexaginta,
1689 819 1807 870 quae
1849 814 1931 859 est
1976 804 2152 858 minor

569 918 634 954 ex
665 900 1061 970 sesquidecima.
1111 899 1212 954 Sed
1257 898 1501 967 quamvis
1550 896 1614 950 ad
1665 897 1809 949 illam
1852 896 2151 963 proportio-

571 1008 690 1046 nem
723 1007 826 1046 non
859 990 1098 1060 pervenit
1129 991 1178 1044 in
1207 988 1276 1046 55
1302 1001 1355 1044 et
1383 989 1479 1055 58,
1506 998 1680 1043 tamen
1713 996 1933 1056 apparet
1960 1002 2023 1041 ex
2048 990 2150 1042 hoc

568 1083 708 1150 quod
738 1085 911 1138 minor
935 1064 1206 1150 preporti°o
1235 1092 1316 1138 est
1345 1083 1400 1137 in
1431 1081 1718 1151 majoribus
1747 1079 2008 1145 numeris,
2037 1095 2150 1134 ma-

557 1175 646 1240 jor
677 1175 727 1227 in
760 1175 1076 1230 minoribus.
1111 1173 1262 1238 Item,
1292 1174 1334 1227 si
1367 1174 1608 1228 demeret
1648 1184 1759 1226 tres
1808 1189 1872 1227 ex
1918 1173 2147 1241 quadra-

565 1267 707 1328 ginta
733 1276 877 1331 octo,
913 1275 1094 1320 essent
1120 1264 1211 1328 45,
1245 1274 1299 1320 et
1327 1274 1664 1318 mensuraret
1697 1264 1840 1318 illum
1871 1262 2146 1331 quinarius

566 1358 768 1409 novies.
819 1358 972 1412 Esset
999 1357 1265 1425 similiter,
1299 1358 1342 1412 si
1394 1365 1502 1410 tres
1545 1357 1754 1410 tolleret
1795 1357 1862 1411 de
1890 1357 2149 1426 quinqua-

565 1448 708 1509 ginta
749 1449 1078 1515 tribus,.jure
1107 1457 1445 1503 remanerent
1476 1448 1877 1519 quinquaginta,
1907 1457 1959 1501 et
1997 1464 2148 1502 men-

562 1547 768 1589 suraret
808 1537 1082 1606 quinarius
1139 1538 1285 1590 illum
1351 1537 1573 1600 decies,
1624 1547 1767 1591 esset
1823 1540 2146 1606 sesquiunna

565 1631 858 1695 pr0portio,
891 1646 1011 1700 quae
1059 1630 1232 1699 major
1267 1639 1349 1684 est
1390 1630 1810 1697 sesquidecima;
1844 1641 1893 1683 et
1934 1641 2014 1684 est
2049 1631 2148 1685 iste

563 1737 814 1775 numerus
855 1723 924 1777 48
966 1733 1020 1776 et
1057 1723 1147 1785 55,
1178 1710 1385 1775 medius
1417 1723 1555 1776 inter
1586 1722 1838 1791 majorem
1879 1731 1933 1775 et
1971 1725 2146 1774 m‘no-
2179 1717 2187 1791 ξ

544 1813 695 1866 mu.
732 1813 796 1866 Et
827 1814 912 1867 hic
943 1813 1136 1868 iterum
1165 1816 1439 1882 quaeritur,
1475 1825 1582 1867 tres
1624 1814 1902 1881 quantitati
1945 1813 2144 1866 utrius-

563 1917 666 1967 que
713 1903 920 1957 numeri
971 1903 1149 1971 addit,
1184 1911 1241 1957 ut
1280 1903 1510 1972 majores
1553 1905 1749 1956 ι*111‹·ἰτιι
1788 1918 2060 1968 numeros,
2093 1915 2148 1958 et

557 2009 722 2061 quare
747 1994 881 2048 duos
910 1995 1099 2050 minuit
1127 2009 1191 2050 ex
1240 1997 1424 2050 eadem
1455 1999 1768 2064 quantitate,
1813 2007 1870 2050 ut
1912 2000 2148 2050 minores

563 2087 791 2142 Iaceret.
819 2088 908 2143 Sic
934 2088 1252 2143 solvendum
1285 2097 1386 2151 est,
1410 2089 1550 2157 quod
1576 2091 1872 2157 quantitate
1896 2087 2142 2155 quinarii,

559 2195 677 2244 quae
704 2191 785 2233 est
813 2180 1112 2236 dilTerenI-ia
1145 2180 1516 2250 praedictorum
1559 2197 1926 2247 numerorum,
1959 2181 2146 2235 divisit

473 2275 482 2282 ’
557 2272 610 2325 in
637 2271 772 2326 duas
799 2283 997 2343 partes,
1040 2273 1139 2327 hoc
1169 2282 1270 2339 est,
1315 2275 1365 2328 in
1414 2275 1510 2328 tria
1557 2283 1611 2328 et
1651 2275 1776 2340 duo,
1808 2285 1860 2329 et
1888 2278 2142 2338 majorem

559 2373 764 2428 partem
792 2363 938 2417 addit
967 2365 1244 2432 quantitati
1279 2365 1569 2432 prmdictm,
1603 2373 1658 2417 ut
1696 2375 1877 2419 essent
1917 2367 2146 2430 majores

557 2453 784 2519 numeri,
816 2462 870 2508 et
899 2455 1073 2508 minor
1102 2456 1410 2523 proportio;
1442 2465 1496 2509 et
1526 2453 1785 2509 minorem
1817 2455 2050 2521 dempsit
2079 2471 2143 2509 ex

557 2543 747 2600 eadem
780 2545 1100 2613 quantitate,
1129 2555 1188 2600 ut
1215 2557 1396 2602 essent
1441 2548 1675 2601 minores
1715 2547 1920 2600 numeri
1953 2557 2003 2599 et
2034 2563 2146 2599 ma-

553 2638 641 2704 jor
670 2637 966 2707 proportio.
1000 2637 1358 2693 Duodecimus
1385 2651 1642 2692 numerus
1665 2637 1728 2690 ad
1761 2635 1802 2689 8·
1825 2638 2147 2704 sesquialter-

556 2739 661 2794 est,
702 2728 768 2783 ad
813 2729 846 2782 9
891 2743 1018 2783 vero
1057 2728 1449 2799 sesquitertius.
1493 2729 1597 2783 Sed
1644 2730 1686 2782 si
1735 2726 2143 2791 duodenarium,

557 2821 647 2887 qui
679 2829 762 2874 est
817 2819 886 2874 ad
926 2819 960 2874 9
991 2820 1387 2889 sesquilertius,
1419 2820 1770 2885 subtraxeris,
1804 2828 2043 2872 remanet
2087 2818 2142 2879 9,

555 2913 621 2965 ad
651 2913 685 2968 8
733 2913 785 2966 in
837 2912 1208 2981 sesquioctava
1256 2913 1619 2979 proportione,
1651 2926 1770 2980 quin
1812 2910 2006 2964 exinde
2039 2924 2142 2961 non

554 3018 674 3058 es~'e
718 3004 891 3058 media
943 3003 1205 3057 subtractt.
1246 3003 1570 3072 sesquitertii
1610 3003 1901 3072 colligitur,
1931 3002 2051 3069 quia
2098 3001 2141 3052 si

555 3101 690 3148 duas
742 3098 1024 3150 continuas
1063 3097 1459 3163 sesquioctavas
1491 3097 1850 3165 perquisieris,
1883 3103 1939 3148 ut
1977 3096 2027 3148 in
2061 3097 2141 3148 his

556 3189 793 3243 numeris
823 3189 946 3256 102,
969 3188 1096 3252 216,
1119 3191 1244 3254 215,
1274 3191 1458 3243 tertius
1489 3191 1768 3252 terminus,
1800 3189 1850 3242 id
1880 3201 1986 3255 est,
2012 3188 2138 3252 215,

556 3297 663 3334 non
693 3282 892 3350 poterit
925 3283 1296 3352 sesquitertius
1324 3283 1389 3337 ad
1421 3282 1672 3350 primum,
1698 3283 1788 3335 sed
1819 3282 1944 3345 2‘6,
1973 3285 2142 3344 major

558 3373 805 3428 videlicet
833 3373 1208 3443 sesquioctavo
1233 3374 1494 3429 secundo.
1523 3373 1658 3441 Quid
1688 3373 1731 3427 si
1771 3372 1994 3439 simplex
2029 3386 2142 3425 ses-

557 3466 871 3533 quioctavus
918 3466 1176 3522 medietas
1231 3475 1372 3521 esset
1432 3465 1789 3535 sesquitettii,
1842 3477 2142 3532 geminatus

557 3563 742 3629 utique
777 3559 1037 3624 redderet
1085 3562 1369 3628 integrum.
1425 3557 1724 3630 Vigesimus
1772 3570 2024 3611 numerus
2076 3556 2139 3606 ad

557 3651 628 3707 15
653 3655 1022 3725 sesquitertius
1052 3663 1154 3719 est,
1196 3653 1261 3706 ad
1309 3650 1376 3703 15
1417 3667 1541 3706 vero
1580 3651 2000 3719 sesquiquartus.
2035 3647 2141 3702 Sed

558 3746 605 3801 si
628 3747 874 3802 eumdem
896 3746 967 3803 20
990 3760 1292 3809 numerum,
1319 3743 1406 3814 qui
1431 3753 1509 3800 est
1535 3744 1599 3798 ad
1628 3745 1691 3796 16
1713 3742 2142 3810 seSquiquartus,

556 3837 877 3908 deiiipseris,
908 3846 1188 3893 remanent
1218 3836 1309 3904 16,
1355 3835 1420 3888 ad
1478 3833 1543 3886 15
1591 3833 1644 3888 in
1683 3832 2144 3902 sesquiquintade-

556 3931 696 3983 cima
746 3931 1127 3998 proportione,
1175 3942 1294 3996 qua:
1354 3943 1460 3980 non
1503 3940 1625 3980 esse
1671 3925 1928 3979 medietas
1976 3923 2142 3976 ablati

560 4021 915 4092 scsquiquarti
945 4036 1011 4076 ex
1059 4021 1160 4075 hoc
1189 4018 1631 4089 deprehenditur,
1661 4019 1810 4086 quasi
1857 4017 1988 4071 duas
2016 4032 2143 4071 con-

559 4117 737 4168 tinuas
785 4113 1419 4184 sesquiquintasdecimas
1478 4110 1815 4165 habitudines
1856 4109 2144 4163 adiuvene-

559 4212 652 4280 ris,
691 4217 746 4261 ut
779 4209 830 4262 in
858 4207 942 4262 bis
973 4208 1209 4261 numeris
1241 4225 1252 4259 :
1286 4203 1412 4269 909,
1441 4205 1563 4270 900,
1597 4204 1684 4272 60,
1720 4203 1806 4266 10,
1831 4202 1921 4268 25,
1957 4202 2144 4258 tertius

561 4299 844 4366 terminus,
873 4298 922 4352 id
953 4306 1056 4366 est,
1082 4297 1365 4366 vigesimus
1393 4304 1632 4364 quartus,
1666 4311 1770 4347 non
1799 4293 1994 4363 pulerit
2022 4307 2144 4346 esse

557 4399 957 4460 sesquiquartus
985 4389 1050 4444 ad
1082 4389 1331 4458 primum.
1366 4389 1495 4440 Nam
1534 4387 1576 4440 si
1608 4386 1712 4441 900
1751 4395 1991 4455 quartam
2021 4398 2142 4452 par-

2169 3137 2217 3200 ϐ

2253 530 2377 570 nem
2407 528 2714 568 mensuram
2745 512 2944 569 habere
2974 527 3155 582 posse.
3183 513 3308 569 Nam
3345 525 3649 585 quaternarius
3678 532 3728 585 ad

2253 605 2518 660 binarium
2549 604 2742 674 duplus
2771 615 2876 670 est,
2907 603 2940 657 6
2967 618 3108 659 vero
3136 604 3203 658 ad
3246 604 3278 658 2
3317 609 3502 674 triplus.
3526 611 3729 674 Subtrahe

2251 699 2307 764 2,
2339 699 2405 754 ad
2434 715 2598 770 quem
2622 697 2655 749 6
2681 697 2867 767 triplus
2897 707 3005 764 est,
3032 707 3268 753 remanet
3292 699 3344 764 ϐ,
3367 701 3425 754 ad
3452 701 3480 753 4
3504 703 3546 755 in
3571 710 3727 775 sesqui.

2251 793 2417 846 altera
2469 791 2827 860 proportione.
2875 789 3005 844 Duae
3051 790 3396 859 sesquialterae
3440 799 3731 862 proportiones

2252 893 2376 938 sunt
2405 883 2438 938 6
2462 883 2529 936 ad
2557 882 2611 947 4,
2645 887 2679 938 8
2710 881 2775 936 ad
2802 881 2856 944 6,
2883 880 2978 935 sed
3017 880 3051 934 4
3080 880 3270 948 duplas
3293 882 3344 946 8,
3367 883 3534 947 minor,
3561 877 3729 953 Scilicet,

2254 978 2286 1029 9
2311 977 2546 1031 secundo
2589 975 2962 1044 sesquialtero.
3013 974 3144 1028 Nam
3187 975 3229 1027 si
3266 973 3493 1030 unitatem
3525 976 3734 1046 detrahas,

2249 1069 2500 1136 adquam
2527 1068 2778 1124 videlicet
2822 1068 2860 1123 5
2903 1066 3114 1136 triplus,
3147 1065 3180 1118 Δ
3210 1081 3327 1120 vero
3361 1067 3636 1136 quadruplus
3659 1083 3735 1137 est,

2252 1171 2490 1215 remanet
2520 1160 2576 1222 6,
2614 1159 2680 1213 ad
2705 1162 2738 1214 5
2769 1157 3163 1226 sesquitertius.
3191 1157 3317 1212 Tres
3343 1159 3619 1223 scsquitertii
3648 1172 3737 1214 sunt

2250 1253 2341 1318 27,
2383 1255 2470 1317 56,
2515 1251 2608 1317 48,
2655 1249 2745 1319 54,
2790 1251 2886 1305 sed
2918 1249 2990 1304 27
3035 1249 3238 1304 muneri
3281 1250 3451 1313 triplus
3483 1258 3557 1302 est
3582 1249 3735 1316 8|,cui

2251 1346 2452 1398 scilicet
2483 1343 2715 1398 minores
2739 1351 2864 1396 sunt
2895 1350 3002 1396 tres
3028 1341 3365 1409 sesqnitertii.
3397 1341 3496 1393 [luo
3518 1341 3738 1410 sesquiter-

2253 1436 2307 1489 lii
2339 1444 2463 1489 sunt
2497 1435 2579 1503 18,
2606 1434 2697 1496 25,
2741 1433 2830 1497 52,
2874 1432 3164 1499 ampliores
3211 1445 3421 1484 numero
3463 1429 3542 1494 27,
3581 1430 3650 1498 qui
3683 1439 3742 1483 est

2250 1528 2566 1595 sesquialter
2594 1524 2660 1578 ad
2695 1523 2780 1587 18,
2818 1523 2886 1580 12
2925 1523 3000 1575 θάη
3030 1522 3062 1576 9
3108 1521 3464 1590 sesquitertius
3495 1532 3582 1583 est,
3607 1519 3742 1573 9ad6

2250 1619 2601 1688 sesquialtcr;
2647 1618 2741 1670 sed
2774 1615 2839 1669 12
2869 1615 2933 1668 ad
2963 1630 3054 1668 sex
3085 1614 3298 1678 duplex.
3327 1611 3380 1667 Si
3420 1611 3500 1676 l2,
3531 1612 3602 1680 qui
3627 1612 3676 1663 ad
3698 1611 3744 1663 lt

2249 1711 2643 1778 scsquitertius,
2675 1710 2740 1764 ad
2772 1708 2805 1762 8
2835 1709 3152 1778 scsquialter
3192 1718 3294 1771 est,
3338 1707 3579 1768 detrahas,
3615 1718 3744 1758 rema-

2253 1815 2341 1856 net
2386 1804 2418 1857 9
2458 1803 2523 1855 ad
2558 1802 2594 1854 8
2643 1801 2693 1855 in
2733 1803 3104 1869 sesquioetava
3152 1800 3460 1853 habitudine.
3505 1795 3744 1851 Dilferentia

2252 1897 2632 1965 quinquaginta
2663 1909 2850 1949 novem
2886 1894 3112 1948 millium
3152 1891 3486 1962 quadraginta
3508 1903 3678 1949 novem,
3699 1885 3747 1939 ad

2251 1996 2526 2058 sexaginta
2573 1989 2684 2043 duo
2732 1988 2891 2042 millia
2938 1987 3201 2042 ducentos
3246 1994 3383 2044 octo.
3431 1993 3476 2037 et
3512 1981 3596 2035 tria
3625 1980 3745 2034 millia

2253 2099 2466 2138 Centum
2486 2084 2862 2153 quinquaginta
2887 2096 3102 2146 novem,
3117 2095 3237 2150 qua:
3256 2095 3318 2134 ex
3341 2076 3561 2130 ducentis
3577 2073 3746 2142 quadra-

2251 2178 2391 2247 ginta
2435 2177 2606 2231 tribus
2638 2185 2718 2230 ter
2746 2175 2928 2229 decies
2972 2171 3333 2240 multiplicatis
3370 2169 3598 2229 excrevit,
3617 2178 3658 2219 et
3677 2165 3748 2216 mi-

2252 2285 2352 2321 nns
2383 2285 2540 2333 quam
2571 2268 2791 2321 minoris
2821 2276 3064 2320 octavam
3087 2264 3347 2319 decimam
3374 2261 3558 2315 obtinet
3574 2265 3748 2324 partem.

2248 2362 2516 2416 Similiter
2542 2359 2867 2422 differentia,
2901 2356 3180 2423 sexaginta
3223 2357 3437 2409 duorum
3474 2349 3656 2403 millium
3679 2345 3748 2398 du-

2251 2463 2371 2506 et-ut
2413 2469 2528 2506 rum
2581 2463 2704 2505 octo
2755 2454 2820 2506 ad
2872 2449 3150 2517 sexaginta
3194 2447 3421 2516 quinque
3456 2435 3746 2506 millia,quin—

2247 2557 2438 2615 gentos
2489 2544 2700 2612 triginta
2753 2557 2870 2606 sex,
2919 2550 2976 2596 et
3023 2541 3123 2593 tria
3167 2538 3339 2592 millia
3381 2531 3578 2588 trecenti
3615 2525 3750 2595 viginti

2248 2649 2390 2698 octo,
2420 2653 2538 2705 qua:
2585 2653 2648 2690 ex
2698 2632 2942 2687 ducentis
2991 2628 3372 2700 quinquaginta
3416 2640 3500 2680 sex
3537 2631 3602 2674 ter
3620 2616 3752 2670 decies

2250 2728 2615 2793 nniltiplicatis
2637 2725 2895 2785 excrevit,
2922 2731 2977 2777 et
3018 2720 3295 2789 sexaginta
3335 2715 3541 2769 duorum
3567 2706 3752 2765 millium,

2247 2821 2596 2872 dttci-trlttrum
2642 2824 2768 2870 octo
2815 2817 2993 2868 minus
3047 2827 3211 2881 quam
3263 2818 3491 2863 octavam
3536 2798 3751 2855 decimam.

2253 2911 2370 2975 plus
2416 2925 2544 2961 vero
2595 2923 2751 2974 «μιειιιι
2804 2920 2999 2960 nonam
3054 2902 3319 2956 decimam
3365 2896 3550 2951 obtinet
3581 2896 3753 2961 partem-

2247 2997 2635 3066 Quiuquaginta
2687 3009 2877 3048 novem
2930 2992 3196 3058 millium,
3247 2985 3569 3056 quadraginta
3613 2988 3752 3066 norem

2250 3065 2440 3143 octava
2494 3101 2615 3154 pars
2662 3093 2767 3148 est,
2817 3093 3029 3152 septem
3077 3081 3269 3143 millia,
3320 3065 3757 3134 Iret-eniioctoginla

2250 3192 2498 3247 quatuor,
2541 3187 2594 3230 et
2640 3186 2826 3230 octava
2879 3168 3002 3241 pars
3030 3172 3274 3232 unitatis,
3302 3182 3416 3236 quae
3453 3161 3624 3216 eisdem
3645 3154 3756 3223 quin-

2247 3245 2499 3340 quadrua
2539 3283 2726 3323 novem
2760 3266 2996 3320 millibus
3039 3262 3391 3333 quadraginta
3439 3266 3604 3308 novatn
3628 3245 3757 3300 addita

2245 3368 2408 3422 elticit
2434 3367 2712 3434 sexaginta
2741 3378 2836 3417 sex
2877 3359 3069 3423 tnillia,
3091 3357 3503 3428 quadringentos
3525 3344 3758 3434 triginta-et

2246 3473 2513 3524 octavam,
2539 3431 2626 3528 qui
2659 3464 2915 3524 superant
2937 3455 3216 3521 sexnginta
3239 3450 3464 3518 quinque
3485 3439 3623 3495 millia
3646 3431 3757 3502 qllln‘

2245 3567 2436 3628 gentos
2476 3554 2686 3622 triginta
2736 3565 2858 3616 sex,
2905 3547 3230 3616 octingentis
3278 3539 3543 3628 nonaginta
3583 3533 3754 3597 quatuor

2247 3624 2534 3702 unitatibus
2583 3652 2642 3698 et
2684 3651 2875 3697 octava
2922 3648 3072 3708 parte
3111 3636 3354 3690 unitatis.
3397 3629 3447 3685 Si
3481 3624 3576 3678 2i5
3614 3625 3753 3712 oclata

2247 3738 2563 3810 requiritur,
2588 3736 2693 3790 erit
2721 3733 2812 3798 50,
2844 3740 2901 3786 et
2931 3731 3089 3782 trium
3123 3727 3386 3781 unitatum
3416 3726 3594 3773 octava!
3619 3716 3755 3810 partis.

2246 3804 2364 3900 qua:
2403 3829 2605 3885 eisdem
2652 3825 2832 3881 addita
2862 3822 3026 3878 eilicit
3053 3820 3182 3885 275,
3215 3833 3338 3872 cum
3383 3814 3532 3868 trium
3563 3804 3759 3900 nullqu

2245 3884 2475 3978 dctavis.
2509 3920 2647 3975 Sunt
2674 3932 2803 3986 ergo
2831 3916 2882 3968 in
2923 3911 3198 3968 semitonii
3243 3904 3567 3978 proportione
3589 3889 3690 3953 236,
3711 3884 3757 3939 ad

2245 4017 2509 4069 ducentos
2554 4010 2645 4076 44,
2694 4022 2921 4079 quorum
2967 4000 3274 4060 dilferentia
3329 3999 3413 4065 15,
3461 3994 3614 4048 minus
3643 3991 3760 4052 quam

2247 4109 2468 4163 minoris
2512 4116 2725 4170 octava,
2772 4101 3038 4156 decimam
3087 4097 3216 4164 plus
3265 4108 3392 4148 vero
3438 4099 3579 4155 quam
3614 4085 3760 4174 nam}?

2245 4200 2508 4253 decimam
2558 4207 2761 4264 partem
2793 4192 3020 4247 obtinet.
3065 4189 3123 4244 Si
3156 4189 3303 4243 enim
3344 4182 3506 4238 octies
3536 4171 3680 4230 decies
3712 4165 3760 4218 l3

2243 4292 2416 4356 dicas,
2463 4290 2664 4344 ellicies
2705 4286 2833 4350 255,
2883 4285 2972 4354 qui
3023 4293 3147 4337 sunt
3195 4283 3428 4333 minores
3471 4271 3565 4324 215
3598 4268 3760 4362 αυξιξξο

2247 4386 2418 4438 nario.
2468 4384 2521 4436 In
2571 4391 2850 4450 apotornes
2879 4391 3005 4432 vero
3049 4372 3400 4444 Ρτοιιοτιίοηθ
3435 4365 3647 4420 Constant
3661 4347 3758 4450 ἓξ),

557 4440 1010 4551 tcm'sujmpseris,
1043 4440 1159 4550 quae
1190 4489 1270 4535 est
1299 4479 1434 4546 225,
1463 4491 1515 4533 et
1542 4440 1782 4548 ejusdeui
1810 4477 2139 4547 apposueris,
2172 4499 2218 4556 ο
2246 4492 2365 4532 cum
2400 4477 2559 4530 trium
2593 4475 2852 4527 unitatem
2881 4469 3086 4525 octavis
3136 4466 3206 4521 ad
3245 4462 3376 4527 256,
3417 4466 3617 4528 quorum

558 4574 658 4625 erit
705 4589 954 4626 numerus
1005 4571 1164 4636 1125,
1207 4570 1399 4640 major,
1448 4570 1670 4636 scilicet,
1721 4568 1859 4623 1024
1906 4568 2144 4623 secundo

559 4664 1160 4733 sesquiquintodecimo.
1213 4664 1362 4730 Quod
1416 4664 1458 4716 si
1511 4662 1737 4730 simplex
1777 4659 2143 4728 sesquiquinta

558 4755 766 4809 decima
809 4760 1066 4809 medietas
1116 4765 1258 4808 esset
1304 4754 1683 4822 sesquiquarti,
1724 4753 1987 4821 duplicata
2028 4753 2144 4806 sine

559 4850 720 4902 dubio
749 4849 812 4902 ad
848 4851 1048 4916 integra
1081 4861 1242 4903 esset.
1278 4849 1386 4903 lloc
1417 4847 1469 4900 in
1500 4849 1747 4900 erunibus
1776 4847 2028 4912 deinceps
2056 4861 2145 4898 su-

561 4940 1066 5009 perparticularibus
1109 4943 1307 5008 evenit,
1351 4941 1476 4994 etsi
1517 4940 1762 4993 continua
1805 4938 1977 4991 minor
2019 4951 2144 5004 pro-

562 5035 734 5101 portio
764 5033 1036 5095 dematur,
1068 5037 1205 5102 quod
1239 5033 1552 5102 relinquitur
1581 5047 1684 5083 non
1725 5030 1896 5098 possit
1933 5029 2146 5082 subtra-

561 5139 660 5180 cta:
687 5136 938 5183 constare
981 5129 1259 5180 medietas.
1316 5126 1680 5182 lniodenarius
1720 5124 1784 5178 ad
1815 5122 1848 5175 8
1879 5124 2145 5191 sesquial-

563 5229 757 5282 terum,
786 5219 850 5272 ad
885 5222 916 5275 6
942 5236 1070 5273 vero
1100 5219 1312 5286 duplam
1355 5220 1549 5271 retinet
1587 5217 2005 5286 proportionem.
2038 5215 2144 5270 Sed

562 5312 605 5362 si
639 5312 894 5364 minorem
943 5312 1278 5375 continuant,
1305 5311 1386 5364 vel
1427 5309 1832 5378 sesquialterum
1863 5308 2145 5362 subtraxe-

561 5403 666 5467 ris,
710 5416 979 5458 remanent
1032 5403 1086 5470 8,
1141 5403 1206 5456 ad
1249 5399 1282 5454 6
1321 5403 1371 5455 in
1413 5399 1752 5470 sesquitertia
1802 5398 2139 5461 habitudine;

563 5512 682 5563 qua!
714 5498 987 5566 plusquam
1021 5498 1277 5552 medietas
1320 5494 1518 5562 dempti
1561 5490 1898 5561 sesquialteti
1937 5506 1999 5544 ex
2044 5490 2145 5543 hoc

563 5602 686 5642 esse
705 5589 994 5657 colligitur,
1025 5591 1142 5658 quia
1176 5591 1219 5643 si
1249 5590 1380 5642 duas
1409 5585 1772 5651 sesquitertias
1809 5581 2140 5647 adinvenies,

562 5689 622 5736 ut
649 5682 701 5735 in
735 5682 814 5734 lils
842 5685 1077 5736 numeris
1109 5698 1124 5740 :
1155 5683 1241 5747 18,
1273 5681 1366 5743 24,
1397 5679 1488 5744 52,
1522 5677 1753 5744 majores
1793 5683 1914 5729 sunt
1943 5676 2010 5728 27
2044 5691 2142 5727 uu-

561 5787 734 5838 mero,
762 5777 851 5842 qui
883 5784 966 5828 est
992 5776 1055 5827 ad
1096 5772 1157 5826 18
1187 5772 1518 5841 scsqnialter.
1552 5766 1649 5823 Ubi
1678 5765 1876 5822 dictum
1903 5775 1986 5820 est
2008 5765 2141 5819 mul-

2251 4571 2416 4627 rentia
2453 4571 2540 4636 17,
2572 4581 2694 4623 cum
2743 4565 2902 4619 trium
2946 4561 3150 4617 octavis
3201 4558 3380 4612 minus
3413 4562 3558 4621 quam
3594 4538 3764 4636 minoris

2246 4627 2810 4736 quartamdecimam,
2851 4658 2970 4728 plus
3014 4670 3148 4710 vero
3199 4665 3362 4723 quam
3411 4627 3762 4736 q"i"[a_m_decs‘

2245 4728 2388 4812 mam
2421 4757 2628 4810 obtinet
2657 4764 2883 4822 partem,
2907 4749 3029 4819 quia
3053 4749 3096 4802 si
3122 4755 3318 4816 quater
3344 4740 3514 4796 decies
3545 4733 3596 4786 17
3623 4728 3761 4782 ducas.

2247 4857 2406 4903 erunt
2432 4847 2557 4899 258.
2586 4845 2651 4898 Ει
2676 4844 2719 4896 si
2751 4843 2910 4896 trium
2939 4839 3204 4894 unitatum
3243 4842 3459 4888 octavas
3484 4826 3644 4884 ducas,
3665 4826 3757 4903 qut-

2248 4949 2330 4994 ter
2357 4946 2412 4992 et
2437 4936 2616 4991 decies
2646 4933 2885 4988 cilicieut
2915 4931 2950 4986 5
2974 4931 3213 4986 unitatcs
3239 4937 3300 4980 et
3334 4921 3651 4992 quadrantem
3678 4916 3761 5002 ιιηξο

2245 5033 2368 5088 tatis
2398 5051 2410 5084 ε
2444 5032 2540 5084 hos
2568 5029 2676 5083 258
2705 5026 2973 5095 scjungas,
3021 5024 3146 5078 [ient
3197 5019 3329 5080 245,
3373 5025 3426 5070 et
3468 5007 3763 5098 quadram-tul:

2246 5137 2428 5187 nores,
2476 5122 2702 5186 scilicet,
2752 5116 2859 5170 256
2909 5115 3194 5170 duodecim
3230 5107 3536 5165 unitatibus,
3571 5106 3616 5151 et
3640 5095 3763 5187 1119³⁸

2245 5183 2448 5284 quartis
2481 5183 2720 5280 partibus
2749 5208 2990 5262 unitatis.
3014 5205 3074 5261 Si
3103 5218 3236 5258 vero
3265 5195 3540 5271 quinquies
3563 5194 3610 5243 et
3631 5183 3761 5284 ἀεθίιξ

2248 5277 2309 5360 17
2344 5277 2527 5366 ducas,
2573 5302 2701 5355 ﬁent
2745 5298 2876 5363 250,
2922 5306 2978 5352 at
3024 5298 3069 5351 si
3115 5295 3281 5348 trium
3322 5291 3572 5346 unitatum
3603 5277 3763 5375 oclii'if

2248 5411 2342 5464 per
2385 5392 2450 5446 15
2500 5393 2753 5455 minores,
2783 5388 3011 5445 reddent
3059 5389 3299 5455 integras
3335 5382 3558 5452 quinque
3591 5370 3762 5464 ιιηιξειθξ

2246 5457 2300 5542 et
2325 5487 2557 5556 quinque
2598 5496 2814 5538 octavas
2862 5500 2876 5536 :
2923 5486 3018 5535 ltos
3059 5482 3227 5550 junge
3253 5477 3386 5542 255,
3426 5470 3575 5527 iacies
3603 5457 3762 5556 36.0.?

2246 5550 2483 5647 quinque
2513 5586 2745 5639 octavas,
2793 5573 2880 5640 qui
2913 5579 3171 5640 superant
3207 5568 3318 5623 256
3360 5573 3571 5634 quatuor
3599 5550 3763 5647 unitati:

2249 5645 2346 5722 lius
2374 5645 2423 5723 et
2467 5667 2702 5736 quinque
2750 5663 2974 5719 octavis.
3025 5663 3192 5731 Igitur
3241 5660 3287 5716 si
3336 5653 3558 5713 numeris
3597 5645 3763 5707 inleﬁr's

2250 5763 2360 5817 lucc
2389 5762 2565 5817 omnia
2598 5759 2776 5815 videre
2826 5757 3095 5814 desideras
3141 5767 3252 5812 tam
3295 5748 3656 5824 suprascriptos
3687 5741 3763 5785 te"
