4010 6382
305 322 415 383 917

1624 326 1876 385 MUSICA
1918 327 2285 385 THEOIHCA.

3469 332 3575 390 918

303 439 485 496 minos
513 449 671 506 quam
702 435 1045 502 dilierentias,
1078 453 1170 507 per
1189 437 1522 494 octonarium
1555 455 1798 504 numera,
1831 450 1887 498 et
1911 442 1963 501 Α
1988 440 2286 509 copuletur,
2332 447 2492 495 erunt
2534 439 2659 507 525,
2704 455 2759 496 et
2797 456 3005 509 octava,
3040 444 3129 512 qui
3175 455 3429 512 superant
3462 445 3573 499 525

304 528 438 584 nihil
469 528 753 582 molestum
796 537 847 581 te
885 529 1121 595 reperire
1163 530 1442 600 gaudebis.
1489 531 1599 587 Duc
1626 547 1755 603 ergo
1780 534 1887 589 245

301 623 494 686 octies,
543 620 672 675 (ient
699 621 792 676 tibi
824 620 987 688 1965;
1020 623 1187 677 octies
1221 622 1349 689 256,
1381 623 1556 690 2018;
1587 626 1757 681 octies
1784 624 1891 680 275

305 721 436 767 sunt
460 711 631 777 2181;
664 712 833 776 octies
879 723 984 769 tres
1009 725 1209 769 oetavaa
1241 724 1349 770 tres
1387 717 1621 785 integras
1659 719 1888 776 unitates

304 806 573 868 elt‘cient;
621 819 753 873 quas
779 803 944 876 junge
988 803 1150 869 2185,
1185 806 1235 860 in
1270 807 1636 875 sesquioctava
1666 824 1725 864 se
1765 824 1890 864 con-

305 897 539 950 tinentes
584 896 895 950 habitudine
920 896 985 951 ad
1021 896 1172 961 1914,
1216 914 1439 968 quorum
1476 898 1773 955 differentia
1803 909 1887 956 est

300 989 432 1054 215,
464 1006 582 1060 qua:
611 1006 673 1043 ex
707 990 776 1043 50
816 1000 865 1043 et
898 989 1054 1044 Itium
1090 990 1346 1045 nuitatum
1386 991 1586 1046 octavis
1616 993 1883 1057 distantia,

304 1081 532 1145 scilicet,
581 1077 690 1133 245
734 1087 789 1131 et
836 1079 962 1144 275,
1011 1080 1271 1135 unitatum
1319 1081 1540 1146 octavis,
1594 1082 1672 1136 sic
1719 1086 1886 1137 octies

304 1180 458 1224 aucta
491 1171 783 1224 concrevit.
814 1170 995 1225 Octies
1028 1171 1188 1225 triutn
1231 1180 1435 1226 octavae
1457 1172 1490 1225 5
1520 1173 1737 1243 integra:
1768 1174 1885 1229 uni-

301 1272 461 1316 tatcs.
493 1261 622 1316 lude
654 1261 766 1317 haec
794 1260 1098 1317 differentia
1123 1261 1232 1315 215
1256 1278 1461 1318 summa
1494 1273 1592 1319 est.
1628 1265 1680 1319 In
1720 1267 1883 1320 semi-

299 1355 409 1407 toni
443 1370 570 1408 vero
603 1354 1161 1411 minoris-habitudine
1189 1365 1436 1412 constant
1463 1356 1606 1411 2048
1632 1359 1695 1411 ad
1724 1359 1881 1427 1944,

294 1463 527 1513 quorum
560 1445 855 1501 tlilTereutia
883 1458 966 1502 est
1019 1447 1144 1513 104,
1190 1464 1256 1502 ex
1286 1447 1351 1501 15
1387 1447 1640 1504 distantia
1687 1448 1794 1502 245
1832 1461 1886 1505 et

294 1540 653 1592 ducentorum
688 1536 757 1591 56
794 1538 1136 1608 ocluplicata.
1174 1539 1389 1596 Obliuet
1438 1541 1660 1596 minoris
1708 1541 1884 1595 minus

294 1645 458 1696 qttant
486 1640 730 1684 octavam
756 1631 1039 1697 decimam,
1071 1631 1187 1700 plus
1218 1648 1346 1686 vero
1373 1649 1528 1703 quam
1559 1651 1754 1690 nonam
1785 1636 1883 1690 tle-

292 1723 511 1787 rimam,
544 1724 663 1792 quia
693 1723 859 1777 octies
888 1723 1067 1779 decies
1094 1724 1198 1779 104
1224 1735 1347 1779 sunt
1380 1726 1539 1793 1872,
1566 1728 1789 1792 scilicet,
1813 1742 1880 1783 ex

292 1812 405 1867 £51
432 1815 763 1882 octuplicalis
791 1814 936 1881 facti,
968 1826 1020 1871 et
1050 1828 1173 1870 sunt
1220 1820 1454 1872 minores
1498 1818 1639 1872 1944
1666 1828 1879 1887 septua-
1912 1798 1957 1857 Β

296 1910 445 1972 gitta
474 1904 683 1960 duabus
716 1907 1029 1972 unitatibus,
1058 1924 1176 1976 qua:
1207 1924 1272 1963 ex
1301 1910 1611 1975 novenario,
1644 1927 1751 1981 quo
1775 1911 1881 1967 245

294 1995 403 2049 251
437 1997 782 2063 superabant,
824 1999 857 2052 8
904 2009 1084 2068 aucto,
1112 2011 1418 2057 creverunt.
1447 2001 1503 2058 Si
1535 2017 1663 2059 vero
1694 2006 1882 2060 novies

295 2088 477 2140 decies
503 2086 602 2143 104
632 2103 849 2159 augeas,
893 2090 1114 2146 habebis
1148 2092 1303 2158 1976,
1348 2094 1571 2159 scilicet,
1601 2112 1664 2150 ex
1695 2095 1801 2149 218
1829 2098 1879 2152 in

294 2190 422 2235 octo
446 2181 642 2251 ductis,
667 2184 758 2253 qui
803 2195 925 2238 sunt
972 2186 1229 2255 majores,
1263 2186 1401 2241 1944
1433 2187 1516 2243 bis
1553 2190 1621 2243 52
1660 2206 1730 2243 un
1758 2191 1882 2245 tati-

296 2275 420 2340 bus,
442 2290 558 2342 qua:
578 2289 643 2329 ex
663 2279 716 2338 4.
744 2291 848 2342 quo
874 2275 1089 2331 ducenti
1118 2276 1212 2339 45,
1235 2279 1368 2332 actis
1394 2276 1483 2344 47,
1508 2280 1878 2347 vincebantur,

292 2367 464 2418 octies
494 2374 674 2429 aucto,
700 2375 1006 2421 creverunt.
1040 2367 1108 2420 At
1139 2368 1191 2419 in
1220 2378 1497 2437 apotomes
1528 2371 1881 2437 proportione

294 2454 601 2510 Consistunt
623 2453 788 2519 2187,
816 2471 1044 2526 quorum
1089 2458 1385 2512 dill'erentia
1426 2468 1510 2512 est
1540 2458 1661 2528 159,
1692 2476 1757 2515 ex
1790 2461 1879 2527 17,

292 2556 352 2600 et
384 2546 543 2600 trium
574 2546 838 2600 unitatum
866 2549 1106 2612 octavis;
1136 2548 1212 2602 sic
1236 2559 1392 2603 aucta
1423 2564 1438 2603 :
1470 2549 1637 2603 octies
1668 2550 1729 2603 17
1755 2560 1882 2606 sunt

294 2635 425 2693 156.
457 2637 636 2692 Octies
662 2646 868 2707 octava;
897 2639 1054 2691 trium
1090 2639 1308 2703 integra:
1338 2649 1445 2695 tres
1474 2639 1724 2704 unitates,
1751 2640 1879 2710 jun-

289 2742 506 2798 cucque
540 2728 658 2795 156,
687 2728 919 2784 reddunt
950 2728 1072 2805 159.
1115 2730 1332 2786 Ohtittct
1380 2732 1555 2786 minus
1581 2747 1741 2801 quam
1781 2732 1880 2787 mi-

292 2820 443 2874 tioris
480 2831 724 2889 quartam
776 2820 1060 2881 decimam,
1106 2824 1221 2891 plus
1261 2838 1389 2877 vero
1432 2839 1590 2893 quam
1640 2824 1877 2893 quintam

287 2913 577 2979 decimam,
602 2912 721 2979 quia
767 2923 1019 2984 sequatur
1063 2916 1241 2969 decies
1288 2913 1401 2969 159
1434 2914 1617 2979 ducas,
1661 2915 1880 2970 habebis

292 3004 455 3072 1916,
484 3021 547 3058 ex
571 3004 696 3069 245,
721 3013 777 3060 et
804 3006 1151 3074 quadrantem
1177 3006 1414 3070 unitatis,
1438 3006 1482 3060 si
1505 3015 1691 3061 auctos
1712 3009 1878 3062 orties

284 3097 421 3164 215,
468 3096 624 3153 1944.
673 3099 952 3166 Quadrans
996 3115 1208 3169 quoque
1255 3100 1423 3154 octies
1472 3108 1694 3165 auctus,
1746 3100 1876 3155 duas

282 3187 526 3257 integras
552 3189 781 3244 unitates
804 3189 969 3257 junge
1012 3187 1169 3256 1911,
1196 3198 1354 3245 erunt
1395 3190 1487 3245 tibi
1520 3189 1677 3257 1946,
1718 3202 1772 3247 et
1797 3193 1877 3247 in-

284 3289 417 3332 sunt
442 3279 676 3334 minores
696 3280 838 3336 2049
877 3280 980 3336 102
1008 3283 1319 3345 unitatltus,
1353 3299 1471 3351 qute
1499 3298 1564 3338 ex
1612 3283 1675 3337 12
1706 3295 1757 3339 et
1785 3286 1876 3340 tri-

286 3372 390 3424 hus
421 3373 623 3440 quartis
666 3373 926 3427 unitatem
978 3373 1237 3443 partibus,
1269 3374 1357 3440 qui
1406 3373 1532 3439 260,
1581 3388 1700 3430 cum
1748 3392 1877 3443 qna-

284 3464 482 3518 drante
511 3474 564 3517 et
592 3463 720 3527 256,
745 3465 1038 3532 distabant,
1069 3466 1146 3519 sic
1177 3476 1457 3520 venerunt.
1492 3469 1672 3522 Uctit-s
1713 3469 1779 3523 12
1806 3468 1877 3522 96

286 3564 449 3618 sunt;
475 3556 641 3611 octies
667 3558 701 3613 5
731 3567 932 3624 quarta:
966 3560 1186 3627 integra:
1215 3558 1282 3624 6;
1315 3559 1494 3627 iunge,
1524 3567 1578 3613 et
1602 3568 1722 3614 teue
1751 3560 1873 3615 102.

285 3646 442 3712 Quod
473 3647 516 3700 si
546 3648 831 3717 quinquies
861 3660 913 3702 et
944 3648 1122 3703 decies
1166 3648 1266 3703 139
1304 3646 1493 3716 facias,
1523 3662 1681 3705 erunt
1706 3652 1874 3718 2085,

282 3752 353 3790 cx
400 3734 507 3791 260
549 3747 605 3792 et
649 3738 883 3808 quinque
930 3741 1133 3795 octavis
1170 3741 1508 3810 octuplicatis
1536 3742 1614 3797 sic
1654 3743 1878 3798 :Octies

282 3829 417 3894 260,
442 3828 613 3893 2080;
647 3832 816 3885 octies
844 3831 878 3887 5
904 3840 1108 3887 octavae
1155 3833 1378 3887 unitatis
1424 3843 1601 3902 partes
1646 3835 1879 3906 integras

285 3921 521 3992 quinque
551 3921 821 3990 efﬁciunt;
851 3923 1013 3995 junge
1043 3925 1434 3994 superioribus,
1464 3936 1519 3982 et
1548 3928 1684 3983 habe
1711 3928 1874 3998 2805,

282 4014 377 4081 qui
432 4021 555 4066 sunt
608 4013 838 4082 majores
884 4014 1035 4083 2018
1072 4016 1154 4070 his
1202 4017 1268 4071 57
1312 4018 1652 4086 monadibus,
1682 4022 1770 4089 qni
1811 4035 1875 4075 ex

285 4104 629 4171 quaternario
673 4113 728 4158 et
775 4104 1010 4173 quinque
1055 4107 1258 4160 octavis
1300 4104 1409 4160 260
1455 4108 1755 4173 vincebant,
1799 4112 1877 4165 sic

287 4194 645 4262 pullulabunt.
678 4194 859 4250 Octies
885 4196 939 4259 4,
970 4195 1072 4263 52;
1105 4198 1271 4253 octies
1301 4198 1334 4253 5
1362 4207 1565 4253 octava:
1594 4200 1813 4270 integra:
1843 4202 1878 4258 5

284 4298 447 4353 sunt;
477 4289 638 4359 junge
667 4299 722 4344 et
749 4288 886 4342 habe
910 4291 1000 4345 57.
1035 4291 1091 4346 Si
1117 4291 1238 4361 quis
1282 4292 1335 4345 itt
1380 4291 1602 4362 integris
1640 4294 1878 4349 numeris

286 4380 632 4434 habitudines
682 4379 959 4449 pervidere
1001 4380 1262 4447 voluerit,
1302 4392 1515 4450 Oportet
1553 4392 1609 4438 ut
1655 4382 1754 4437 hac
1793 4398 1878 4438 ra-

287 4475 437 4527 tione
463 4472 787 4528 consideret.
820 4474 877 4528 Si
912 4473 978 4528 16
1006 4473 1061 4528 iu
1105 4488 1164 4528 se
1202 4474 1347 4539 ipsos
1379 4474 1716 4543 multiplicet.
1751 4474 1878 4530 lieut

282 4561 419 4614 236.
447 4561 501 4615 Si
534 4576 661 4616 vero
692 4577 785 4631 per
809 4561 840 4614 7
871 4571 927 4617 et
954 4562 1007 4625 9,
1042 4565 1169 4617 lient
1212 4563 1342 4618 272.
1390 4564 1541 4632 Quod
1588 4567 1631 4620 si
1679 4565 1710 4618 7
1751 4576 1806 4620 et
1845 4566 1878 4620 9

284 4668 385 4722 per
413 4667 475 4707 se
506 4653 650 4722 ipsos
671 4653 853 4718 ducat,
888 4653 1015 4708 {ient
1043 4653 1169 4708 289.
1202 4654 1375 4709 Erunt
1418 4655 1580 4725 igitur
1616 4657 1735 4711 dua:
1766 4672 1880 4712 ses-

284 4747 552 4813 (misellae
581 4745 807 4800 decima;
854 4748 1227 4817 proportiones
1254 4744 1380 4813 256,
1419 4747 1548 4813 272,
1580 4750 1707 4816 289,
1748 4766 1880 4822 quas

288 4838 434 4890 haud
465 4837 628 4891 dubio
652 4849 861 4894 constat
897 4841 1328 4909 sesquioctavum
1367 4842 1645 4907 excedere,
1675 4844 1796 4913 quia
1834 4845 1880 4899 si

286 4929 400 4984 2t0
424 4945 489 4985 ex
518 4929 588 4985 56
618 4942 805 4986 octava
836 4937 1191 5001 perquiratur,
1222 4948 1343 5003 quae
1365 4932 1434 4986 52
1461 4933 1750 4990 unitatibus
1770 4936 1883 4990 col-

287 5021 493 5090 ligitur.
519 5017 834 5094 eisdemque
858 5039 1084 5094 quorum
1133 5029 1297 5081 etiam
1339 5035 1526 5081 octava
1561 5035 1878 5097 apponatur,

289 5113 426 5167 [ient
471 5112 600 5178 288,
642 5114 733 5183 qui
763 5115 1017 5167 nimirum
1071 5128 1100 5167 a
1145 5114 1250 5179 289
1298 5115 1501 5171 unitate
1540 5126 1880 5183 superantur.

290 5206 503 5258 ltnrsus
532 5205 598 5258 10
627 5215 682 5260 et
709 5206 741 5259 7
774 5206 826 5259 in
859 5220 919 5260 se
947 5205 1092 5275 ipsos
1129 5207 1469 5278 multiplicet,
1512 5208 1641 5261 lient
1666 5207 1791 5264 289.
1824 5208 1881 5263 Si

284 5311 423 5350 vero
451 5296 668 5351 eosdem
715 5298 745 5350 7
793 5307 850 5352 et
893 5297 960 5353 10
986 5313 1082 5368 per
1124 5299 1191 5354 10
1228 5311 1279 5354 et
1316 5298 1350 5351 8
1379 5301 1557 5367 ducat,
1601 5300 1725 5355 [ient
1754 5302 1878 5356 506.

286 5386 449 5455 Quod
479 5372 523 5442 si
555 5387 621 5442 10
647 5396 701 5443 et
731 5391 765 5443 8
791 5404 899 5457 per
922 5403 985 5443 se
1028 5387 1174 5457 ipsos
1212 5389 1554 5461 colligantur,
1589 5392 1715 5444 liuut
1751 5389 1879 5458 524,

287 5494 415 5549 qua:
451 5480 704 5535 nimirum
751 5480 873 5536 duae
913 5482 1343 5550 sesquiseptima:
1389 5482 1629 5548 decimae,
1679 5482 1731 5536 id
1776 5496 1880 5548 est,

281 5572 420 5636 289.
451 5571 577 5638 506,
605 5572 731 5641 521,
765 5574 1192 5643 sesquioctavum
1233 5590 1340 5628 non
1390 5574 1635 5643 implent,
1665 5576 1786 5644 quia
1833 5576 1878 5630 si

232 5670 241 5685 ‘
286 5662 399 5716 289
426 5672 613 5723 octava
647 5666 1005 5733 perquiratur,
1037 5679 1157 5734 qua:
1186 5663 1257 5718 56
1286 5664 1576 5718 unitatiltns
1615 5675 1667 5718 et
1694 5676 1880 5719 octava

290 5761 443 5819 paulo
473 5752 689 5811 unitatis
717 5753 967 5819 eilicitur,
999 5769 1059 5811 ac
1089 5755 1289 5811 eisdem
1323 5771 1544 5825 quorum
1573 5766 1652 5812 est
1689 5769 1878 5813 octava

1995 534 2199 587 unitate
2222 540 2279 588 et
2307 542 2489 588 octava
2513 543 2662 601 parte
2688 535 2929 590 unitatis.
2955 534 3105 603 Quod
3133 535 3179 590 si
3208 533 3324 591 lucc
3350 535 3580 592 fortasse

1992 631 2178 678 octava
2226 639 2350 693 pars
2395 625 2615 681 unitatis
2665 627 2889 681 molesta
2939 626 3227 694 videbitur,
3273 630 3580 696 superiores

1992 716 2200 771 numeri
2230 731 2324 787 per
2351 714 2385 769 8
2416 718 2860 788 multipliceutur,
2891 728 2945 773 et
2991 718 3043 773 io
3090 721 3451 788 integerrimis
3483 737 3580 774 nu-

1991 807 2153 862 meris
2198 806 2381 863 decem
2420 808 2761 865 habitudines
2805 810 3164 879 repet-iuntur.
3211 810 3577 880 Multiplicatis

1989 914 2118 969 ergo
2160 899 2268 955 256
2316 916 2411 971 per
2444 914 2712 968 octavum,
2745 912 2871 958 sunt
2897 902 3073 971 2058;
3100 900 3207 957 272
3241 918 3366 957 vero
3408 905 3579 957 octies

1989 990 2154 1057 ducti,
2176 990 2317 1047 2176
2346 996 2636 1063 complent.
2665 995 2923 1050 Similiter
2942 994 3046 1049 289
3068 996 3235 1048 octies
3260 994 3404 1057 facti,
3434 990 3580 1046 2512

1989 1084 2249 1151 reddunt;
2291 1096 2346 1140 et
2389 1096 2513 1140 sunt
2544 1088 2736 1141 iterum
2780 1088 2900 1143 dote
2942 1090 3291 1154 scsquisextm
3335 1087 3578 1149 decimte,

1986 1173 2149 1242 2048,
2195 1174 2358 1242 2176,
2401 1177 2564 1246 2512,
2601 1196 2720 1248 qum
2748 1188 2999 1235 constant
3029 1183 3457 1246 sesquioctavum
3487 1195 3579 1234 su-

1990 1278 2199 1333 perare,
2252 1268 2374 1335 quia
2425 1269 2469 1322 si
2515 1268 2723 1322 duobus
2773 1270 3006 1323 millibus
3055 1269 3402 1340 quadraginta
3454 1277 3579 1325 octo

1991 1370 2112 1425 pars
2137 1358 2450 1413 corutndem
2483 1368 2690 1420 octava,
2717 1359 2769 1414 id
2801 1369 2901 1428 est,
2932 1358 3058 1427 246,
3083 1361 3421 1428 copulentur,
3448 1359 3579 1414 ﬂent

1987 1448 2148 1511 2504,
2183 1451 2272 1519 qui
2320 1460 2465 1505 certe
2494 1460 2814 1520 superantur
2857 1450 3074 1507 ao2512
3112 1462 3235 1507 octo
3262 1452 3575 1507 unitatibus.

1989 1536 2191 1596 Rursus
2214 1539 2320 1597 289
2350 1557 2444 1611 per
2472 1554 2720 1597 octavum
2745 1543 2909 1610 ducti,
2940 1543 3136 1598 faciunt
3154 1541 3315 1600 2562.
3344 1541 3578 1598 Trecen-

1989 1634 2023 1688 ti
2048 1648 2138 1689 sett
2170 1650 2379 1703 quoque
2407 1636 2576 1690 octies
2605 1636 2930 1703 augmentati
2955 1636 3154 1691 faciunt
3182 1632 3340 1689 1618.
3374 1635 3572 1690 Eodem

1986 1724 2145 1775 modo
2171 1722 2274 1777 524
2298 1725 2606 1795 octuplicati
2626 1724 2770 1781 2522
2789 1726 3168 1795 complent,'et
3196 1735 3356 1782 erunt
3383 1726 3576 1782 iterum

1983 1815 2102 1867 11ml!
2136 1817 2558 1884 sesquiseptima;
2584 1817 2830 1881 decimae,
2851 1815 3015 1880 2512,
3046 1814 3211 1883 2448,
3240 1815 3405 1872 2592.
3446 1816 3578 1884 Quae

1985 1906 2036 1959 in
2069 1906 2167 1960 huc
2197 1907 2541 1970 pervidentur
2570 1908 3002 1979 sesquioctavum
3034 1923 3138 1962 non
3171 1906 3420 1977 implere,
3450 1906 3577 1976 quia

1983 1995 2027 2049 si
2056 1993 2196 2050 2512
2224 2005 2409 2051 octava
2440 2000 2698 2067 ipsorum,
2730 1997 2783 2053 id
2810 2010 2911 2063 est,
2939 1998 3065 2061 239,
3098 2006 3419 2067 apponatur,
3443 1995 3578 2052 lient

1982 2082 2146 2151 2601,
2173 2088 2259 2155 qui
2304 2103 2401 2157 pro
2445 2100 2594 2142 certo
2640 2097 2898 2158 superant
2922 2088 3067 2143 2592
3094 2097 3217 2142 octo
3246 2087 3571 2153 unitatibus;

1984 2170 2035 2224 in
2069 2173 2334 2239 prioribus
2363 2176 2493 2243 erg'o
2523 2177 2761 2231 numeris
2805 2175 2985 2230 unitas
3029 2173 3385 2230 dill’erentiam
3432 2173 3575 2227 inter

1984 2268 2435 2336 sesquioctavum,
2465 2277 2519 2323 ct
2546 2271 2908 2339 sesquisextas
2957 2269 3193 2325 decimas
3237 2264 3576 2322 habitudines

1984 2355 2127 2420 fecit,
2158 2373 2278 2425 qua
2303 2359 2495 2413 eodem
2528 2375 2755 2415 numero
2780 2375 2890 2432 quo
2916 2369 2972 2417 et
3012 2360 3141 2430 ipsa:
3169 2374 3415 2422 summa,
3443 2370 3575 2428 qua-

1983 2461 2099 2500 rum
2125 2448 2420 2503 dtlferentia
2471 2448 2569 2504 fuit
2598 2460 2941 2523 augmentata
2972 2452 3024 2507 in
3057 2450 3448 2522 posterioribus
3474 2464 3572 2503 nu-

1984 2539 2166 2603 meris,
2194 2549 2317 2593 octo
2339 2541 2601 2596 tutitatum
2629 2543 3295 2612 pluralitatem~succrevit.
3312 2540 3571 2598 Similiter

1982 2628 2124 2684 inter
2160 2632 2585 2702 sesquioctavum
2616 2641 2673 2689 et
2713 2636 3152 2705 sesquiseptimas
3176 2636 3414 2690 decimas
3442 2647 3568 2701 pro-

1984 2721 2277 2789 portiones,
2314 2726 2488 2779 unitas
2536 2734 2594 2780 et
2633 2735 2974 2809 octava.pars
3003 2726 3223 2780 unitatis
3260 2724 3566 2780 distantiam

1982 2811 2126 2866 fecit.
2164 2812 2343 2868 Unitas
2367 2831 2492 2884 ergo
2519 2832 2613 2885 per
2648 2818 2979 2873 octonarium
3009 2817 3148 2871 sicut
3186 2825 3240 2869 et
3269 2814 3377 2870 illa:
3411 2830 3564 2870 sum-

1980 2919 2106 2970 une,
2133 2921 2361 2975 quarum
2389 2907 2688 2964 ditl‘erentia
2721 2910 2819 2964 fuit
2845 2907 3191 2978 multiplicata
3222 2908 3274 2962 in
3302 2908 3565 2977 posterio-

1980 2997 2148 3066 ribus,
2192 2999 2257 3051 all
2299 3010 2419 3054 octo
2461 3002 2690 3058 unitates
2729 3001 2985 3057 excrevit.
3026 3003 3223 3056 Octava
3268 3016 3396 3055 vero
3437 3016 3565 3070 pars

1985 3091 2205 3145 unitatis
2252 3094 2439 3149 eodem
2481 3094 2761 3150 oetonario
2802 3096 2983 3163 ducta,
3011 3095 3061 3148 in
3092 3092 3567 3162 integram‘unita-

1984 3192 2087 3236 tem
2121 3183 2364 3251 profecit.
2400 3187 2465 3239 Et
2495 3186 2615 3242 ideo
2645 3186 2699 3241 in
2729 3186 3116 3257 posterioribus
3144 3183 3388 3239 terminis
3422 3185 3563 3240 intra

1979 3276 2402 3344 sesquimtavam
2449 3286 2501 3333 et
2546 3280 2906 3349 sesquisextas
2946 3280 3182 3334 decimas
3235 3277 3564 3343 octonarius,

1979 3364 2118 3419 inter
2142 3370 2581 3435 sesquiseptitnas
2616 3384 2744 3424 vero
2772 3379 2827 3424 et
2867 3370 3296 3440 sesquioctavum
3330 3382 3564 3422 novena-

1981 3456 2090 3509 rius
2118 3457 2415 3513 tltli‘eremia
2457 3469 2557 3514 est.
2610 3454 2967 3516 Ducetttorutn
3017 3460 3289 3529 sexaginta
3333 3461 3562 3514 duorum

1980 3549 2200 3602 millium
2234 3549 2334 3603 141
2366 3552 2516 3606 tertia
2547 3567 2671 3623 pars
2700 3564 2781 3607 est
2822 3554 2910 3620 80,
2956 3553 3120 3621 7581,
3146 3562 3201 3607 et
3241 3552 3395 3606 tertia
3443 3566 3570 3622 pars

1981 3644 2216 3696 unitatis.
2253 3644 2306 3698 Si
2358 3661 2551 3699 nonam
2596 3655 2799 3715 partem
2830 3655 2952 3701 nete
2988 3645 3437 3716 diazeugmeuon,
3480 3645 3566 3700 vel

1981 3730 2173 3789 nonam
2221 3745 2422 3806 pallet"
2468 3754 2765 3807 paramese,
2795 3739 2877 3795 vel
2923 3753 3119 3792 nouam
3149 3738 3426 3806 utriusque
3461 3735 3557 3808 hy—

1981 3837 2101 3896 pate
2128 3829 2420 3895 sumpseris
2445 3831 2794 3884 rectissimam
2826 3831 3103 3898 utriusque
3124 3836 3376 3898 paranete
3398 3827 3563 3880 chro-

1980 3920 2192 3985 utatice,
2227 3923 2306 3973 vel
2338 3922 2612 3991 utriusque
2637 3921 2878 3976 lichanos
2899 3923 3226 3977 chromatice
3254 3934 3561 3975 mensuram

1980 4011 2032 4063 itt
2067 4010 2432 4063 monochordo
2481 4010 2680 4066 habere
2732 4014 2953 4081 poteris,
2988 4010 3077 4065 ubi
3124 4024 3334 4080 quoque
3375 4020 3565 4077 apolo-

1983 4115 2097 4153 ntos
2154 4110 2460 4154 mensurate
2516 4100 2820 4154 nullatenus
2877 4099 3114 4169 ell‘ugiet.
3172 4099 3227 4154 Si
3284 4099 3566 4153 coturnatis

1980 4206 2191 4261 quoque
2218 4207 2521 4246 mensuram
2554 4192 2886 4247 verissimam
2936 4191 3134 4246 habere
3175 4191 3450 4261 qumsieris
3481 4194 3566 4244 itt—

1982 4292 2063 4337 tcr
2105 4283 2350 4337 liclntnon
2398 4282 2631 4354 hypaton
2679 4284 3059 4338 chromaticam
3110 4282 3480 4354 Itypolumodi,
3511 4289 3569 4336 ct

1985 4376 2447 4443 parhipatcmeson
2475 4374 2856 4431 chromaticmn
2889 4376 3225 4448 ltypodorum
3257 4378 3441 4445 procul
3466 4376 3565 4431 du-

1905 4499 1955 4559 D
1986 4465 2072 4520 bio
2105 4467 2359 4533 reperies.
2391 4467 2532 4522 Inter
2559 4467 2663 4523 154
2708 4478 2759 4524 et
2803 4466 2908 4523 247
2953 4473 3318 4540 sesquioctava
3357 4469 3568 4525 dectma

1987 4562 2261 4628 proportio
2283 4569 2385 4624 est,
2416 4562 2537 4630 quia
2564 4558 2862 4617 dill'erentia
2891 4577 3101 4632 eorum,
3125 4577 3245 4632 qua:
3274 4574 3358 4620 est
3387 4563 3477 4630 15,
3508 4563 3567 4619 in
3655 4625 3667 4638 ,

1985 4649 2175 4703 tninori
2202 4660 2285 4704 est
2312 4650 2483 4706 octies
2510 4661 2565 4707 et
2606 4652 2805 4717 decies,
2833 4659 2890 4706 et
2930 4651 2985 4706 in
3026 4651 3253 4723 majore,
3301 4652 3486 4708 novies
3513 4661 3572 4708 et

1985 4747 2183 4799 decies.
2224 4746 2428 4811 Quibus
2469 4749 2514 4802 si
2547 4747 2819 4803 addideris
2846 4747 3186 4804 medietatem
3228 4746 3566 4810 dill‘ereulite,

1984 4853 2104 4906 quae
2151 4848 2232 4892 est
2273 4836 2359 4905 15,
2403 4838 2455 4893 id
2498 4848 2580 4894 est
2617 4840 2650 4895 6
2687 4849 2740 4894 et
2769 4838 3002 4894 medium
3032 4839 3271 4904 unitatis,
3305 4838 3435 4893 ﬁunt
3472 4855 3570 4893 nuo

1985 4934 2118 4986 meri
2145 4929 2251 4986 240
2280 4931 2465 4999 semis,
2495 4942 2545 4986 et
2566 4930 2674 4987 255
2700 4932 2886 4987 semis.
2911 4932 3052 4987 Inter
3073 4946 3208 5001 quos
3236 4940 3319 4986 est
3350 4945 3569 5000 propor-

1984 5022 2062 5077 tio
2090 5023 2458 5091 sesquioctava
2489 5022 2695 5078 decima
2740 5024 2924 5079 semis.
2974 5023 3066 5078 llis
3095 5023 3231 5078 adde
3259 5023 3365 5075 duo
3391 5030 3445 5075 et
3486 5034 3573 5074 sc-

1987 5111 2111 5177 mis,
2144 5111 2345 5168 ellicies
2368 5112 2493 5178 245,
2517 5121 2572 5168 et
2598 5112 2724 5180 256,
2748 5115 2837 5184 qui
2868 5113 3140 5169 semitonii
3182 5114 3415 5168 retinent
3443 5127 3569 5181 pro-

1989 5205 2309 5275 portionem,
2343 5206 2376 5259 9
2404 5207 2628 5270 scilicet,
2661 5207 2952 5262 unitatibus
2996 5204 3250 5274 majores,
3298 5217 3456 5271 quam
3491 5202 3566 5256 illi

1988 5297 2076 5366 qui
2095 5296 2394 5351 retinebant
2408 5298 2835 5367 sesquioctavam
2852 5297 3115 5352 decimam
3138 5294 3566 5365 preportionem.

1984 5391 2052 5446 Et
2081 5390 2201 5446 idco
2224 5390 2446 5445 minoris
2471 5390 2830 5460 proportionis
2852 5398 3158 5460 suntquam
3185 5388 3563 5458 sesquioctava

1962 5483 2213 5549 .decima,
2245 5484 2327 5538 vel
2355 5485 2722 5552 sesquioctava
2756 5483 2959 5537 decima
2994 5482 3179 5536 semis.
3217 5481 3310 5536 llis
3344 5480 3389 5534 si
3417 5480 3568 5533 addi-

1985 5575 2129 5630 detis
2162 5574 2219 5642 4,
2272 5577 2401 5630 [ient
2445 5564 2573 5645 247,
2606 5584 2661 5631 et
2701 5575 2827 5640 260,
2881 5575 3019 5629 inter
3065 5587 3201 5643 quos
3244 5574 3566 5641 sesqninona

1986 5666 2191 5720 decima
2242 5669 2538 5735 proportio,
2591 5681 2693 5735 qua
2726 5664 2912 5718 musici
2958 5665 3227 5716 semitonii
3287 5663 3567 5733 proportio

1988 5758 2156 5826 major
2185 5768 2283 5813 est.
2321 5758 2624 5814 Uilfereatia
2673 5776 2772 5825 qua
2829 5758 3170 5814 setttituuiuut
3228 5758 3400 5813 minus
3445 5756 3548 5811 tria
