4010 6382
584 371 689 429 M9

1049 369 1248 427 BEDzE
1290 368 1742 426 VENEMBILIS
1780 368 1931 425 OPP.
1977 366 2152 422 PARS
2193 367 2231 422 1.
2274 368 2466 425 SECT'.
2510 370 2574 425 ll.
2614 401 2683 413 -
2725 372 2926 431 DUBM
2971 373 3060 430 ET
3099 375 3358 433 SPURIA.
3661 389 3736 445 9m

580 495 787 541 comata
830 495 1083 555 superat,
1135 495 1217 537 est
1262 481 1425 570 5l‘65,
1471 501 1575 554 qua
1605 499 1735 538 vero
1780 483 1816 537 4
1862 483 2162 538 comatibus
2190 485 2244 545 Α
2269 482 2320 537 in
2367 484 2554 542 ordine
2602 487 3022 559 distinguuntur.
3071 494 3238 548 Acute
3279 494 3358 549 hic
3407 497 3738 571 inspiciendum,

578 587 894 644 superatur,
946 587 1030 632 est
1083 575 1240 631 l988.
1287 567 1417 644 Qua:
1466 577 1624 631 simul
1672 576 1874 646 juncta:
1919 575 2160 633 efﬁciunt

577 668 738 732 7154.
770 669 821 723 id
853 677 959 736 est,
1007 669 1232 725 comatis
1263 672 1626 738 proportione.
1672 669 1868 724 Eadem
1898 669 2154 724 differen-

575 759 649 814 tia
696 770 944 830 apotome
973 771 1188 828 superat
1219 762 1254 816 4
1303 772 1536 829 comata,
1585 776 1690 831 qua
1717 763 1896 817 minus
1925 764 2150 818 semito-

576 852 724 907 nium
754 853 872 916 tria,
897 862 952 908 et
978 853 1166 909 eadem
1192 864 1478 923 superatur
1499 870 1526 907 a
1552 855 1788 925 quinque
1820 854 2144 921 comatibus,

574 958 676 1012 qua
695 943 1034 998 semitonium
1054 945 1231 1000 minus
1253 960 1282 1000 a
1299 955 1541 1016 quatuor.
1573 945 1881 1002 Dilfcrentia
1900 962 2002 1016 qua
2033 947 2146 1002 toni

577 1035 849 1104 proportio
879 1045 1230 1104 supcratocto
1246 1045 1477 1101 comata,
1496 1045 1578 1091 est
1598 1036 1874 1107 l925,qua
1899 1052 2026 1092 vero
2055 1051 2146 1094 su-

572 1135 786 1194 peratur
806 1143 834 1180 a
860 1142 1048 1182 novem
1071 1138 1156 1184 est
1182 1127 1344 1193 5528,
1369 1145 1487 1198 qua:
1504 1129 1701 1198 junctae
1723 1130 2148 1195 redduntcoma,

570 1218 622 1272 id
650 1227 763 1285 est,
786 1219 947 1274 7l55.
973 1218 1212 1284 Scilicet,
1244 1230 1302 1274 ut
1328 1235 1356 1273 a
1391 1233 1542 1274 sexto
1569 1221 1796 1290 octuplo
1827 1220 2148 1290 incipiantur

568 1311 764 1380 inquiri
795 1313 1182 1382 sesquioctava:
1227 1312 1524 1382 portiones.
1558 1312 1614 1368 Si
1644 1311 1677 1364 It
1727 1313 1958 1368 litteram
1993 1313 2148 1368 trite-

567 1402 884 1458 sinemenon
917 1406 1297 1472 assumpseris,
1325 1405 1432 1460 erit
1461 1419 1521 1460 ea
1553 1405 1762 1472 species
1789 1420 1946 1472 quam
1993 1405 2148 1470 dicit,

567 1494 794 1559 scilicet,
842 1495 1130 1551 mobilibus
1160 1497 1468 1563 terminata,
1522 1511 1643 1551 cum
1706 1497 1844 1550 inter
1875 1496 2152 1566 parhipate

571 1601 756 1642 meson
785 1597 840 1642 et
869 1602 1150 1658 paramese
1181 1589 1460 1657 plusquam
1493 1589 1836 1644 diatessaron
1867 1590 1957 1656 sit,
1983 1599 2036 1644 et
2059 1605 2152 1659 pa-

567 1687 778 1730 ramese
825 1675 1046 1730 minime
1098 1675 1310 1731 mobilis
1352 1675 1447 1730 sit.
1503 1676 1810 1746 Descriptio
1869 1677 2055 1748 incipit
2118 1693 2148 1732 a

567 1766 1142 1834 proslambanomenon
1168 1767 1634 1839 hypermixolidii,
1658 1779 1712 1824 et
1743 1769 1924 1824 ﬁnitur
1945 1770 1996 1825 in
2021 1779 2149 1826 nete

565 1853 934 1926 hyperboleon
1009 1856 1327 1929 hypodoru;
1381 1859 1478 1914 sed
1536 1859 1900 1916 consideratio
1955 1876 2146 1916 vocum

566 1945 818 2005 diatonici
849 1948 1082 2018 generis,
1115 1949 1256 2019 quod
1302 1950 1354 2004 in
1387 1950 1719 2006 diatessaron
1750 1961 1879 2013 tono
1923 1961 1977 2008 et
2020 1961 2148 2008 tono

566 2039 960 2109 semitonioque
1004 2040 1205 2110 pariter
1247 2055 1276 2094 a
1306 2052 1427 2096 nete
1454 2041 1817 2113 hyperbolenn
1868 2043 2148 2114 hypodoru

562 2135 821 2198 exoritur,
837 2143 998 2204 atque
1020 2136 1071 2190 in
1096 2134 1472 2204 proslatnbano
1493 2150 1685 2191 menon
1713 2136 2148 2206 hypermixolidu

561 2227 882 2296 completur.
933 2227 1171 2298 hliroque
1202 2228 1364 2282 modo
1395 2243 1500 2297 qua
1531 2228 1845 2285 habitudine
1874 2229 2144 2285 diatonica

562 2318 615 2373 in
643 2318 973 2388 longitudine
1021 2320 1396 2390 descriptionis
1428 2321 1764 2391 singulorum
1800 2321 2078 2376 modorum
2112 2339 2143 2377 a

561 2423 623 2468 se
647 2411 797 2466 nervi
824 2411 1097 2481 differunt,
1124 2411 1313 2470 eadem
1347 2412 1656 2469 habitudine
1685 2412 1835 2470 nervi
1869 2421 2143 2482 troporum

2264 579 2404 646 quod
2435 594 2616 635 mesen
2660 597 2764 636 non
2795 582 2913 637 ideo
2958 581 3088 638 dicit
3113 599 3394 642 consonare
3421 588 3478 641 ad
3521 603 3646 648 neten
3679 599 3742 653 die

2262 684 2614 740 zeugmenon,
2643 673 2798 741 [quod
2851 674 2916 728 ad
2969 674 3114 730 illam
3147 685 3288 731 tenet
3333 679 3619 737 intervallum
3657 688 3741 741 dia-

2263 770 2422 830 pente
2447 765 2802 834 symphoniae,
2829 767 2923 842 sed
2951 768 3074 838 quia
3105 785 3197 838 per
3226 770 3460 840 diapason
3499 789 3745 834 consonan-

2261 853 2388 908 tiam
2421 853 2616 926 hypate
2643 871 2850 923 meson,
2884 859 3026 914 idem
3059 871 3215 915 sonat
3238 863 3370 932 quod
3397 877 3505 919 ncte
3528 867 3600 922 die
3627 887 3745 940 zeug-

2260 961 2478 1001 menon.
2511 947 2652 1004 Mese
2677 964 2888 1019 quoque
2918 966 3013 1019 per
3040 951 3292 1021 diapason
3325 953 3453 1010 idem
3479 969 3610 1011 sonat
3641 965 3745 1028 quod

2259 1049 2384 1097 nete
2416 1041 2804 1113 hyperboleon.
2835 1043 2970 1100 Nete
3002 1045 3363 1116 hyperboleon
3405 1059 3560 1103 autem
3586 1064 3748 1105 resinat

2257 1131 2322 1186 ad
2373 1141 2495 1188 nete
2524 1133 2613 1188 die
2661 1148 2993 1202 zeugmenon
3041 1135 3369 1191 diatessaron
3425 1139 3745 1209 symphoniam.

2258 1222 2404 1278 Mese
2432 1240 2670 1294 quoque,
2699 1225 2842 1293 quod
2892 1241 2988 1294 per
3037 1225 3289 1295 diapason
3323 1227 3451 1282 idem
3479 1241 3609 1284 sonat
3645 1235 3748 1296 quod

2258 1329 2431 1384 neque
2463 1316 2848 1386 hyperboleon,
2883 1315 2949 1371 ad
2979 1326 3102 1372 nete
3132 1317 3220 1371 die
3265 1334 3567 1388 zeugmenmt
3593 1321 3746 1376 diates-

2255 1420 2414 1460 saron
2446 1419 2736 1473 consonat;
2771 1409 2913 1464 idem
2944 1410 3442 1478 argumentandum,
3469 1411 3545 1463 ubi
3573 1412 3673 1465 dicit
3703 1415 3751 1466 ad

2254 1499 2558 1566 graviorem
2593 1508 2796 1569 partem
2825 1515 3140 1569 paramesen
3192 1515 3478 1555 consonare
3502 1501 3558 1554 ad
3583 1501 3750 1570 hypate-

2256 1605 2461 1646 tneson.
2497 1590 2612 1644 Non
2661 1591 2804 1644 enim
2839 1601 3057 1660 propter
3101 1591 3350 1659 diapente
3379 1591 3471 1644 hoc
3515 1592 3637 1654 dicit,
3679 1593 3750 1645 sed

2254 1682 2375 1750 quia
2407 1698 2500 1751 per
2525 1682 2782 1751 diapason
2813 1696 3090 1750 paramese
3122 1681 3263 1736 idem
3292 1689 3438 1733 sonat
3479 1681 3598 1746 quod
3627 1683 3749 1749 hypa-

2255 1773 2508 1842 teipaton,
2541 1781 2802 1827 consonat
2830 1772 3018 1827 eadem
3051 1786 3329 1840 paramese
3355 1771 3414 1824 ad
3441 1771 3750 1842 hypatemcson

2255 1866 2586 1920 diatessaron
2618 1865 2756 1919 sicut
2786 1863 3187 1936 hypateipaton.
3221 1863 3474 1928 Quoniam
3503 1863 3576 1914 hic
3604 1865 3755 1928 primus
3781 1859 3814 1896 ί

2256 1972 2507 2012 numerus
2539 1965 2713 2026 potest
2740 1956 2789 2010 in
2811 1955 2868 2021 2,
2893 1965 2948 2011 et
2976 1955 3030 2024 5,
3058 1963 3112 2011 et
3140 1955 3194 2021 4,
3228 1955 3411 2020 dividi,
3439 1953 3489 2007 iu
3515 1969 3616 2022 qua:
3651 1952 3754 2006 divi-

2255 2049 2333 2103 dit
2362 2050 2719 2103 Aristoxenus
2747 2058 2955 2115 tonnm,
3004 2045 3112 2102 245
3159 2048 3359 2116 septies
3383 2046 3516 2100 ducti
3544 2043 3654 2098 1701
3682 2059 3754 2096 nt:-

2257 2153 2462 2193 tnerum
2495 2137 2766 2204 efﬁciunt;
2823 2137 2931 2193 256
2959 2152 3089 2192 vero
3135 2139 3336 2206 septies
3389 2133 3622 2188 numerati
3656 2130 3760 2189 17θῖ

2256 2231 2546 2299 complent.
2579 2230 2841 2285 Similiter
2868 2231 2954 2295 l3,
2988 2243 3108 2299 qua:
3150 2239 3235 2283 est
3281 2227 3560 2281 differentia
3598 2224 3682 2279 256
3717 2232 3758 2280 et

2253 2321 2381 2382 2i3.
2430 2322 2806 2392 septuplicata,
2853 2320 3022 2378 efficit
3062 2320 3154 2387 91,
3206 2319 3550 2375 differentiam
3580 2315 3690 2372 lii)?
3719 2324 3762 2368 et

2257 2416 2417 2481 i702,
2453 2423 2560 2471 etc.

597 2579 3147 2603 Mm

1310 2715 1838 2826 BEDE
1910 2714 3100 2828 PRESBYTER!

1511 2903 1763 2962 ΜυθιοΑ
1805 2905 2188 2974 QUADRATA
2231 2906 2362 2962 SEU
2405 2901 2846 2962 MENSURATA.

627 3039 1052 3114 Quoniam'circa
1082 3048 1254 3096 artem
1276 3039 1535 3095 musicam
1571 3040 1870 3095 necessaria
1897 3039 2139 3111 quaedam

2247 3038 2470 3093 scientia
2525 3039 2741 3095 musica:
2797 3040 2851 3096 itt
2910 3039 3218 3111 cognitione
3273 3038 3515 3107 rationis,
3551 3052 3680 3110 quam
3719 3035 3759 3092 in

558 3135 638 3197 ad.
657 3135 936 3190 utilitatem
983 3134 1315 3192 cantantium
1362 3139 1593 3187 tractare
1622 3132 1990 3200 proponimus,
2039 3146 2136 3186 ne-
2167 3131 2214 3190 C
2247 3146 2413 3199 Opere
2449 3131 2717 3187 efﬁciendi
2761 3141 2922 3202 atque
2951 3141 3097 3196 actu,
3130 3132 3182 3186 in
3212 3140 3414 3202 quanto
3434 3145 3607 3201 corpus
3631 3141 3764 3184 mente

561 3239 714 3283 cesse
743 3233 821 3278 est
844 3221 1208 3278 utsecundnm
1233 3223 1467 3280 auctoris
1490 3223 1837 3276 intentionem
1861 3221 2146 3277 subtilissi-

561 3328 685 3378 mas
704 3313 914 3382 regulas
937 3326 1280 3382 summopere
1307 3311 1577 3382 subiectas
1605 3313 1904 3383 intelligere
1929 3313 2148 3369 studea-

562 3420 700 3467 mus.
739 3405 870 3461 Cum
902 3405 1044 3468 enim
1093 3405 1322 3461 humana
1367 3415 1555 3461 natura
1604 3407 1919 3464 naturaliter
1965 3407 2143 3462 omnia

565 3499 705 3561 scire
733 3496 1027 3561 desiderat,
1058 3505 1111 3552 ct
1138 3511 1166 3550 a
1198 3497 1354 3568 primi
1400 3498 1631 3553 hominis
1667 3509 1885 3568 peccato
1916 3509 2143 3568 quatuor

557 3595 684 3649 sunt
713 3587 848 3641 mala
879 3604 998 3659 qua:
1022 3597 1266 3643 naturam
1299 3590 1595 3658 impediunt
1645 3590 1954 3657 humanam,
1988 3591 2134 3645 scili-

559 3689 666 3744 cet,
696 3679 1016 3748 iguorantia,
1049 3680 1257 3746 vitium,
1289 3680 1554 3749 imperitia
1603 3681 1878 3751 loquendi,
1911 3690 1966 3736 et
1994 3682 2104 3737 indi
2127 3711 2139 3724 ι

556 3769 755 3841 gentia,
799 3770 992 3840 quibus
1041 3780 1218 3825 tamen
1265 3780 1494 3842 quatuor
1525 3771 1658 3826 bona
1699 3783 1824 3826 sunt
1852 3773 2090 3842 opposita
2119 3811 2137 3838 ,

557 3862 783 3926 scilicet,
819 3864 1132 3931 ignorantiae
1158 3864 1438 3933 sapientia,
1465 3863 1596 3918 vitio
1634 3864 1824 3932 virtus,
1855 3864 2138 3934 imperitia:

554 3954 803 4024 loquendi
830 3955 1158 4030 eloquentia,
1195 3954 1502 4025 indigentia:
1547 3957 1858 4022 necessitas,
1912 3955 2138 4025 ideoque

552 4046 730 4100 divina
777 4045 1060 4104 clementia
1116 4045 1450 4115 philosophis
1499 4046 1747 4112 peritiam
1793 4054 1936 4101 artes
1981 4047 2134 4100 inve-

550 4138 734 4198 niendi
763 4138 1051 4202 concessit,
1083 4146 1142 4193 ut
1169 4153 1262 4206 per
1289 4152 1406 4193 eam
1437 4139 1660 4210 quisque
1692 4140 1932 4192 notitiam
1959 4138 2135 4191 valeat

549 4228 805 4297 praedicta
835 4230 973 4289 bona
1003 4229 1484 4297 comprehendere,
1515 4241 1569 4284 et
1601 4230 1846 4284 faciendo
1867 4269 1883 4295 ,
1933 4231 2015 4282 his
2053 4230 2132 4282 la-

553 4333 702 4386 psam
753 4331 996 4374 naturam
1031 4329 1084 4375 et
1133 4321 1197 4374 ad
1240 4321 1515 4376 meliorem
1565 4323 1966 4377 consistentiam
2000 4321 2131 4376 sub-

550 4411 758 4468 limare.
790 4411 1029 4479 Cumque
1061 4427 1224 4466 unum
1254 4413 1462 4468 discere
1494 4414 1647 4468 valde
1675 4415 1745 4467 sit
1790 4413 2036 4478 dillicile,
2066 4412 2135 4466 de

2250 3231 2555 3291 superatur,
2594 3223 2757 3293 quod,
2786 3222 3013 3291 scilicet,
3045 3223 3278 3280 rationis
3329 3237 3517 3291 expers
3557 3223 3656 3278 sine
3691 3235 3758 3276 ra-

2250 3315 2394 3368 tione
2422 3312 2586 3381 degit.
2620 3313 2711 3367 llla
2745 3329 2874 3369 vero
2902 3314 3345 3384 imperatatque
3393 3317 3454 3369 ad
3495 3325 3668 3369 rectum
3693 3313 3761 3366 dc-

2244 3407 2411 3469 ducit,
2441 3407 2583 3476 quod
2618 3407 2722 3461 nisi
2753 3407 2868 3477 ejus
2899 3419 3154 3477 pareatur
3183 3407 3436 3478 imperio,
3465 3421 3632 3476 expers
3660 3416 3761 3472 opus

2247 3498 2466 3553 rationis
2520 3498 2789 3554 titubabit.
2840 3499 2996 3556 Unde
3046 3499 3107 3554 ﬁt
3153 3509 3214 3554 ut
3261 3501 3547 3571 speculalio
3587 3495 3762 3551 rationis

2243 3589 2506 3659 operandi
2547 3601 2669 3646 actu
2717 3607 2823 3646 non
2852 3601 3024 3662 egeat,
3058 3608 3320 3648 manuum
3371 3607 3494 3647 vero
3520 3591 3643 3646 nulla
3680 3587 3760 3641 sint

2242 3697 2425 3749 opera,
2459 3682 2564 3736 nisi
2611 3683 2820 3737 ratione
2864 3683 3148 3738 ducantur.
3184 3684 3310 3739 Jam
3341 3699 3466 3738 vero
3504 3691 3671 3752 quanta
3705 3677 3759 3730 sit

2241 3771 2408 3841 gloria
2459 3773 2793 3843 multumque
2848 3776 3103 3841 rationis,
3153 3775 3287 3832 hinc
3349 3774 3558 3842 intelligi
3606 3777 3756 3840 potesl.

2241 3863 2362 3933 quia
2394 3865 2573 3919 caeteri
2610 3865 2690 3936 (ut
2731 3866 2804 3920 ita
2835 3868 3036 3936 dicam)
3066 3869 3387 3936 corporales
3416 3868 3653 3923 artifices,
3681 3874 3758 3913 non

2240 3969 2308 4008 ex
2343 3955 2653 4024 disciplina,
2684 3957 2777 4012 sed
2809 3973 2874 4014 ex
2919 3958 3049 4028 ipsis
3079 3961 3266 4029 potius
3312 3957 3651 4014 instrumentis
3692 3964 3760 4005 ce-

2243 4061 2370 4114 pere
2398 4047 2682 4104 vocabula.
2715 4047 2849 4103 Nam
2880 4049 3211 4105 citharoedus
3258 4066 3326 4106 ex
3358 4051 3578 4112 cithara,
3607 4044 3758 4098 tibicen

2241 4139 2336 4193 vel'
2356 4140 2600 4195 aulterltts
2621 4156 2683 4198 ex
2709 4141 2864 4208 tibia,
2897 4142 3222 4212 caeterisque
3252 4158 3472 4197 suorum
3498 4142 3765 4194 insnumca-

2241 4240 2414 4285 torum
2442 4231 2717 4287 vocabulis
2742 4243 3137 4300 nuncupant-ur.
3170 4233 3337 4287 Ratio
3365 4246 3489 4286 vero
3519 4243 3610 4284 non
3633 4226 3687 4279 ab
3709 4227 3767 4275 in-

2237 4319 2585 4387 Strumentis,
2629 4323 2722 4377 sed
2758 4338 2788 4376 a
2820 4325 3192 4393 speculatione
3227 4336 3285 4380 et
3332 4323 3546 4378 scientia
3576 4314 3766 4373 denomi—

2239 4434 2369 4472 nare
2395 4419 2562 4472 voluit
2592 4419 2812 4472 musica:
2838 4418 3194 4487 professores.
3231 4420 3288 4474 Si
3320 4419 3438 4488 quis
3466 4431 3582 4484 ergo
3605 4427 3658 4466 ex
3693 4408 3767 4460 im-

551 4503 738 4559 multis
786 4521 891 4558 ttun
923 4511 1014 4560 cst,
1036 4503 1276 4569 dubium,
1310 4519 1431 4558 cum
1463 4505 1531 4558 sit
1575 4508 1721 4574 quasi
1757 4503 2088 4574 iltipossibiic
2115 4519 2129 4566 ;
2165 4537 2210 4594 ι)
2242 4511 2459 4579 proviso
2485 4510 2640 4565 discit
2667 4519 2909 4574 cantare,
2941 4511 3230 4580 qualitates
3263 4521 3321 4565 et,
3361 4510 3678 4579 quantitateS,
3713 4499 3767 4549 93'

553 4597 606 4652 in
635 4597 881 4651 omnibus
899 4606 1074 4654 tamen
1100 4597 1252 4652 valde
1283 4597 1436 4666 plura
1461 4608 1586 4651 sunt
1612 4614 1730 4668 quae
1759 4607 1942 4652 nostro
1965 4612 2128 4652 sensu

549 4689 889 4758 agnoscimus
917 4705 1072 4759 quam
1104 4704 1168 4744 ea
1196 4706 1313 4762 quae
1342 4705 1373 4743 a
1405 4693 1658 4761 magistro
1689 4691 1967 4745 discimus.
2000 4689 2132 4744 Nam

551 4782 690 4836 sicut
719 4780 768 4832 in
801 4781 991 4835 arbore
1019 4797 1176 4834 unam
1207 4792 1410 4836 natura;
1442 4783 1688 4836 virtutem
1723 4785 2008 4836 multarum
2041 4797 2131 4836 re-

553 4871 776 4942 gitivam
813 4871 1152 4939 propaginem
1200 4875 1610 4941 complantavit,
1663 4876 1740 4927 sic
1793 4874 1841 4925 in
1895 4874 2130 4937 homine,

550 4966 689 5027 ratio
718 4978 784 5018 ex
823 4963 976 5019 unius
1023 4965 1244 5020 scientia
1295 4982 1414 5022 esse
1445 4968 1735 5020 multarum
1769 4967 1947 5021 docuit
1978 4967 2128 5021 inve-

554 5059 696 5112 nire.
727 5057 824 5113 llic
869 5057 1031 5116 etiam
1086 5057 1216 5110 illud
1253 5059 1565 5117 intuendum
1616 5072 1720 5123 est,
1769 5061 1909 5128 quod
1950 5059 2125 5112 omnis

554 5164 666 5215 ars,
694 5151 974 5219 omnisque
1003 5150 1306 5218 disciplina,
1337 5152 1785 5206 honorabiliorem
1813 5152 2132 5204 naturaliter

555 5243 750 5300 habeat
779 5245 1039 5298 rationem
1098 5258 1258 5311 quam
1288 5242 1566 5297 artiﬁcium
1602 5243 1741 5314 quod
1775 5259 1931 5296 manu
1975 5256 2135 5310 atque

554 5351 719 5406 opera
751 5347 1059 5394 exercetur.
1091 5336 1258 5394 Multo
1285 5337 1425 5391 enim
1454 5337 1625 5404 majus
1656 5349 1814 5411 atque
1841 5339 2019 5403 aptius
2052 5345 2135 5390 est

553 5425 697 5486 scire
726 5429 869 5498 quod
898 5431 1126 5503 quisque
1152 5426 1331 5492 faciat,
1359 5443 1518 5502 quam
1553 5428 1726 5496 ipsum
1761 5428 1891 5481 illud
1917 5428 2133 5483 efficere

551 5520 697 5595 quod
728 5522 880 5577 sciat.
913 5519 1119 5579 Etenim
1149 5520 1430 5575 artificium
1463 5519 1588 5572 illud
1620 5522 1902 5586 corporale
1927 5560 1940 5584 ,
1988 5520 2130 5590 quod

553 5617 805 5671 serviens
837 5615 1146 5681 famulatur;
1180 5616 1314 5669 ratio
1340 5629 1487 5681 vero,
1521 5614 1666 5682 quod
1702 5613 1916 5672 domina
1958 5613 2129 5681 impe-

549 5717 664 5772 rat,
695 5718 749 5764 et
779 5708 880 5762 nisi
903 5723 1112 5772 tnauus,
1144 5707 1435 5764 secundum
1465 5706 1603 5776 quod
1635 5707 1768 5760 ratio
1795 5706 1956 5771 canit,
1983 5721 2118 5772 ope-

547 5809 735 5872 talur,
789 5802 981 5858 frustra
1034 5801 1111 5856 fit.
1164 5801 1216 5856 ln
1271 5810 1419 5856 tanto
1473 5797 1629 5869 igitur
1692 5796 1998 5870 praeclarior
2051 5807 2133 5854 est

2250 4603 2581 4657 militudines
2607 4612 2660 4656 et
2687 4602 3172 4666 dissimilitudines,
3203 4602 3542 4657 diversorum
3571 4601 3768 4649 sonorum

2249 4697 2650 4765 proportiones,
2684 4705 2925 4762 tempora
2957 4704 3009 4750 et
3041 4709 3383 4754 mensuram,
3419 4705 3609 4747 necnon
3636 4693 3681 4740 et
3710 4679 3769 4732 di-

2244 4788 2559 4842 stinctiones
2590 4789 2867 4856 longarum
2919 4785 3277 4854 breviumque
3321 4787 3600 4854 ﬁgurarum
3624 4787 3668 4830 et
3704 4785 3769 4826 se-

2244 4880 2560 4935 mibreviutn
2591 4881 2898 4934 discernere
2919 4879 3106 4941 voluit,
3141 4878 3349 4932 fontem
3372 4871 3674 4943 iubilationis
3695 4865 3766 4915 hu-

2239 4972 2326 5043 jus
2360 4974 2597 5027 scientize
2629 4972 2859 5032 hauriat,
2905 4978 2962 5024 et.
2991 4969 3110 5038 eius
3139 4970 3465 5036 suavitatem
3495 4962 3767 5031 experietur.

2244 5063 2371 5116 Nam
2427 5065 2514 5131 qui
2569 5063 2776 5116 vineam
2812 5063 3052 5130 plantare
3099 5060 3233 5123 vult,
3273 5075 3434 5112 unam
3485 5047 3763 5108 arlniscnlnm

2244 5156 2502 5220 inserere,
2539 5155 2621 5207 vel
2657 5169 2820 5206 unum
2853 5153 3061 5206 asinum
3109 5165 3344 5205 onerare
3373 5144 3629 5217 cognovil.
3667 5137 3770 5191 είτυί

2244 5246 2295 5300 in
2328 5261 2455 5314 uno,
2489 5249 2558 5300 ita
2589 5247 2640 5298 in
2686 5245 2933 5298 omnibus
2966 5241 3142 5298 facere
3191 5241 3282 5296 vel
3317 5241 3543 5302 melius,
3587 5247 3672 5286 non
3700 5225 3769 5278 ἀυ-

2241 5338 2449 5396 bitabit.

2317 5431 2369 5490 In
2401 5426 2664 5497 principio
2713 5435 2890 5478 autem
2943 5422 3103 5492 huius
3149 5421 3399 5478 scientia:
3440 5419 3574 5474 scire
3613 5409 3760 5497 opinaj

2243 5537 2359 5575 mur
2389 5495 2512 5590 quid
2555 5518 2624 5570 sit
2653 5520 2872 5577 musica,
2909 5515 2990 5569 vel
3023 5515 3143 5584 quis
3186 5514 3452 5578 musicus,
3481 5518 3533 5564 et
3560 5503 3679 5560 unde
3701 5495 3760 5548 di-

2243 5621 2434 5678 catur;
2464 5610 2602 5681 qnod
2633 5625 2825 5680 genus,
2857 5623 2975 5677 qua:
3007 5605 3253 5670 materia,
3303 5619 3424 5672 qua:
3455 5609 3650 5671 partes,
3674 5599 3764 5657 om

2239 5705 2469 5774 species,
2503 5703 2643 5772 quod
2669 5703 3104 5767 instrumentum,
3132 5713 3256 5768 qua:
3288 5699 3506 5762 utilitas,
3532 5687 3656 5763 quod
3679 5681 3770 5737 oili-

2241 5801 2400 5857 εἱιιωι
2436 5783 2587 5854 Undé
2616 5796 2755 5856 scire
2809 5794 3067 5852 debemus
3097 5791 3239 5862 quod
3269 5792 3475 5846 musica
3503 5794 3580 5841 est
3608 5780 3766 5835 libera.-
