4010 6382
255 428 357 486 9‘21

1532 437 1783 495 MUSICA
1826 437 2182 496 PRAC'HCA.

3398 445 3506 501 {‘92

240 547 310 604 lis
338 547 583 611 scientia,
639 549 808 616 perite
847 547 1092 602 cantandi
1125 547 1333 618 cupiam
1368 548 1802 604 subministrans.
1841 552 1886 610 Δ
1921 569 2108 610 eorum
2140 557 2275 609 inter
2301 571 2377 621 sc,
2434 567 2484 610 et
2533 559 2796 626 quomodo
2838 574 2927 613 sex
2974 559 3056 615 his
3110 574 3498 631 componuntur

241 642 349 699 Sed
374 643 489 697 hzcc
516 641 792 707 dividitur,
825 643 947 708 quia
977 643 1080 696 alia
1109 641 1550 707 instrumentalis,
1583 644 1683 697 alia
1709 644 1808 698 hu—

239 747 422 798 mana,
471 731 573 785 alia
607 731 929 803 rbylhmica.
981 731 1406 787 lnstrnmentalis
1450 748 1578 786 vero
1619 745 1701 788 est
1731 735 1814 788 di-

238 822 564 890 gnoscendis
611 831 665 875 et
716 821 1082 876 discernendis
1128 822 1375 876 cantibus
1426 823 1703 878 attributa.
1751 823 1815 878 Et

239 912 359 967 haec
413 913 573 967 etiam
629 911 924 978 dividitur,
985 913 1107 981 quia
1164 913 1262 966 alia
1321 913 1652 978 harmonica,
1711 914 1814 968 alia

238 1002 564 1076 rbythmica,
583 1005 683 1060 alia
703 1006 942 1059 metrica.
967 1005 1285 1060 llarmonica
1316 1019 1444 1060 vero
1469 1015 1548 1059 εει
1577 1006 1665 1058 illa
1694 1022 1815 1076 quae

237 1097 500 1152 discernit
527 1099 665 1154 inter
693 1113 854 1154 sonos
881 1113 1095 1168 gravem
1122 1109 1175 1154 et
1199 1109 1431 1153 acutum.
1471 1099 1564 1152 Vel
1596 1099 1814 1152 harmu-

249 1189 370 1243 nica
398 1199 480 1243 cst
508 1189 595 1243 illa
627 1206 742 1259 qua!
784 1191 1031 1245 consistit
1061 1191 1111 1245 in
1162 1190 1399 1246 numeris
1428 1190 1714 1258 dupliciter
1761 1199 1813 1244 et

233 1280 504 1333 mensuris
531 1295 664 1333 :una
693 1280 878 1334 localis
908 1279 1200 1334 secundum
1234 1280 1626 1349 proportionem
1647 1295 1813 1333 sono-

233 1388 357 1426 rum
400 1388 721 1442 vocumque.
745 1373 846 1426 alia
879 1373 1190 1440 temporalis
1211 1372 1502 1428 secundum
1524 1374 1816 1440 proportio-

231 1479 359 1518 nem
379 1464 648 1534 longarum
666 1465 1008 1534 breviumque
1025 1466 1336 1532 ﬁgurarum.
1359 1465 1492 1526 Alia,
1507 1465 1556 1518 id
1577 1474 1676 1527 est,
1703 1466 1814 1517 har-

230 1558 470 1625 monica,
500 1558 639 1626 quod
675 1557 926 1612 discretio
949 1557 1321 1611 modulationis
1347 1568 1401 1612 et
1429 1557 1702 1610 varietatis
1725 1572 1814 1610 ca-

229 1650 396 1705 nendi
444 1650 690 1716 scientia,
730 1660 783 1704 et
836 1649 1007 1706 facilis
1038 1650 1102 1704 ad
1153 1650 1533 1718 perfectionem
1581 1650 1807 1704 canendi

229 1743 344 1809 via,
395 1743 790 1813 plurimumque
832 1759 960 1799 vero
1009 1745 1341 1799 dissimilium
1391 1745 1812 1815 proportiunal's

231 1837 608 1903 consonantia,
632 1847 686 1892 et
712 1839 932 1892 scientia
956 1838 1022 1893 de
1056 1855 1278 1894 numero
1297 1839 1464 1894 relato
1489 1839 1556 1893 ad
1583 1855 1800 1893 sonum.

231 1926 552 1998 Rhythmica
583 1944 710 1983 vero
734 1939 816 1984 est
845 1930 932 1985 illa
965 1946 1085 2000 quae
1117 1915 1168 1984 in
1199 1932 1480 1985 scansione
1510 1933 1804 1986 verborum
1843 1901 1887 1960 Β

227 2021 459 2089 requirit
489 2030 662 2076 utrum
695 2022 830 2077 bene
858 2023 939 2078 vel
987 2025 1126 2078 male
1155 2023 1461 2079 cohaereant
1500 2024 1764 2079 dictiones
1788 2069 1802 2091 ,

227 2113 354 2178 quia
385 2113 653 2168 cantando
681 2113 959 2169 vitandum
989 2124 1091 2182 est,
1128 2125 1376 2184 tanquam
1413 2116 1657 2185 legendo.
1699 2116 1814 2172 Me-

227 2205 369 2258 trica
414 2218 544 2258 vero
573 2214 659 2260 est
707 2204 796 2259 illa
826 2221 944 2274 qua:
976 2221 1285 2261 mensuram
1331 2206 1666 2262 diversorum
1693 2222 1812 2260 me-

229 2307 436 2352 trorum
483 2297 720 2352 ostendit
765 2299 1026 2368 probabili
1077 2299 1324 2362 ratione.
1359 2307 1416 2353 ut
1453 2287 1596 2366 patet
1629 2298 1682 2352 in
1717 2299 1812 2354 he-

227 2393 402 2456 roico,
433 2393 664 2448 iambico
689 2401 743 2465 et
769 2394 1007 2461 elegiaco
1039 2403 1229 2447 metro.

301 2485 538 2541 Musicus
567 2501 698 2540 vero
747 2495 832 2541 est
878 2487 968 2542 ille
996 2487 1088 2555 qui
1134 2487 1346 2541 ratione
1390 2501 1652 2556 propensa
1709 2501 1814 2540 non

235 2577 412 2631 solum
447 2579 627 2644 operis
655 2577 912 2642 servitio,
963 2578 1054 2632 sed
1087 2578 1246 2632 etiam
1279 2577 1661 2646 speculatiunis
1714 2577 1814 2630 im-

232 2667 392 2736 perio
416 2668 642 2722 canendi
672 2669 948 2722 scientiam
997 2668 1288 2724 ministrat.
1322 2667 1472 2734 Quod
1514 2668 1558 2721 si
1593 2669 1643 2721 in
1673 2667 1807 2722 aedi-

232 2757 480 2813 ﬁciorum
510 2758 878 2829 bellorumque
921 2774 1087 2828 opere
1115 2759 1384 2824 videmus,
1417 2761 1468 2814 in
1508 2763 1811 2825 contraria,

227 2847 462 2911 scilicet,
494 2849 891 2919 nuncupatione
930 2851 1197 2915 vocabuli,
1228 2865 1413 2904 eorum
1447 2865 1676 2918 namque
1712 2865 1810 2905 no-

225 2939 465 2994 minibus
510 2940 655 2994 velut
699 2940 922 2995 aediﬁcia
977 2940 1362 3006 inscribuntur,
1413 2940 1498 2994 vel
1551 2940 1808 2994 dicuntur

230 3029 515 3094 triumphi,
543 3044 768 3099 quorum
802 3029 1028 3098 imperio
1057 3045 1118 3084 ac
1143 3030 1355 3084 ratione
1382 3040 1505 3083 sunt
1535 3030 1801 3092 instituta,

223 3135 334 3173 non
364 3134 590 3188 quorum
616 3134 778 3188 opere
808 3119 1135 3189 servitioque
1183 3120 1416 3188 perfecta
1445 3161 1461 3186 ,
1503 3119 1643 3174 unde
1688 3135 1804 3174 me-

1916 647 2140 713 motelli,
2181 663 2274 704 seu
2331 650 2597 716 conducti,
2632 654 2715 706 vel
2763 668 2980 721 organa.
3015 655 3198 710 Partes
3243 658 3495 710 tlteoricsn

1916 749 2035 796 sunt
2067 749 2194 805 tres,
2234 744 2456 810 scilicet,
2489 747 2556 800 de
2583 747 3014 816 dispositionibus
3058 750 3213 820 hujus
3243 753 3372 806 artis
3418 755 3494 807 iu-

1915 834 2157 887 veniendi
2209 847 2476 903 neumata,
2507 851 2561 893 et
2583 842 2938 910 cognoscendi
2983 833 3231 898 muneres
3277 863 3489 911 eorum,

1915 936 1967 980 et
1997 935 2125 995 quot
2155 938 2278 982 sunt
2304 931 2508 998 species
2537 946 2743 997 eorum,
2776 942 2826 986 et
2858 933 3159 989 declarandi
3191 943 3491 1007 proportio-

1917 1035 2011 1074 nes
2059 1023 2406 1087 quarumdam
2433 1064 2448 1089 ,
2491 1025 2553 1078 ad
2587 1026 2714 1080 alias
2759 1027 3242 1084 demonstrationes
3285 1033 3350 1084 de
3381 1051 3495 1085 οτη-

1915 1113 2071 1166 nibus
2113 1114 2236 1176 illis,
2269 1126 2320 1168 et
2361 1115 2554 1170 docere
2585 1118 2788 1184 species
2811 1119 3053 1174 ordinum
3090 1133 3141 1174 et
3171 1125 3363 1176 situum
3394 1140 3486 1178 eo-

1919 1221 2032 1257 rum
2059 1205 2250 1272 quibus
2275 1218 2654 1274 prmparantur,
2677 1218 2731 1261 ut
2757 1212 3061 1277 accipiath
3091 1213 3166 1266 eis
3185 1213 3324 1284 quod
3346 1216 3485 1280 vult,

1916 1303 1968 1348 et
1989 1307 2270 1364 componat
2299 1311 2360 1349 ex
2393 1298 2469 1350 eis
2504 1297 2824 1354 harmonias.

1988 1413 2211 1482 Species
2240 1432 2452 1486 quoque
2493 1419 2650 1489 hujus
2696 1432 2819 1476 sunt
2848 1424 3191 1479 diversitates
3224 1424 3495 1493 subjecto-

1917 1519 2054 1561 rum.
2099 1521 2160 1559 ex
2185 1509 2377 1573 quibus
2402 1509 2534 1563 ﬁunt
2565 1523 2808 1566 neumata
2839 1532 2852 1576 ;
2880 1531 2999 1568 nam
3023 1517 3314 1583 aliquando
3337 1532 3489 1581 voce,

1915 1599 2202 1665 aliquando
2233 1601 2380 1663 ﬂatu,
2435 1603 2719 1668 aliquando
2767 1615 2907 1658 tactu
2959 1617 3294 1660 exercentur.
3349 1607 3490 1661 Voce

1917 1706 2064 1754 vero,
2099 1703 2157 1745 ut
2189 1693 2420 1746 hominis
2468 1694 2627 1759 ﬂatu,
2660 1707 2716 1750 ut
2745 1697 2902 1763 tibia;
2941 1708 3104 1765 tactu,
3140 1709 3199 1754 ut
3231 1701 3487 1769 psalterio

1918 1782 2003 1836 vel
2032 1783 2257 1849 cithara,
2287 1794 2340 1839 et
2370 1785 2590 1840 similia.

1990 1918 2341 1974 Instrumenta
2401 1935 2530 1973 vero
2592 1921 2732 1975 aliud
2800 1923 2962 1977 habet
3017 1927 3277 1992 practice,
3340 1925 3484 1980 aliud

1919 2011 2174 2066 tbeorice.
2209 2013 2483 2067 'l‘heoricre
2514 2029 2641 2067 vero
2690 2016 3100 2070 inStru‘mentum
3147 2027 3233 2070 est
3263 2019 3486 2086 inquisi-

1917 2102 2010 2165 tio,
2043 2113 2094 2156 et
2125 2103 2512 2158 demonstratio
2545 2107 2970 2170 proportiunum,
3003 2122 3259 2161 sonorum
3291 2119 3347 2162 et
3385 2124 3487 2162 vo-

1915 2208 2056 2248 cum.
2091 2195 2348 2250 Practiczc
2371 2211 2518 2262 vero,
2565 2198 2706 2252 aliud
2736 2199 2999 2266 naturale,
3026 2200 3168 2254 aliud
3191 2201 3492 2257 artiﬁciale.

1919 2285 2169 2341 Naturale
2219 2302 2346 2341 vero
2397 2298 2480 2343 est
2516 2290 2734 2356 pulmo,
2795 2302 3014 2359 guttur,
3077 2292 3292 2361 lingua,
3343 2295 3493 2360 pala~

1917 2386 2048 2443 tum,
2083 2387 2187 2432 etc.
2241 2381 2474 2434 Membra
2504 2381 2826 2448 spiritualia,
2861 2383 3086 2447 scilicet,
3131 2384 3494 2451 principaliter

1919 2479 2045 2522 sunt
2091 2472 2247 2524 vocis
2274 2481 2328 2524 et
2380 2472 2642 2540 epiglotti.
2680 2473 2972 2527 Artiﬁciale
3001 2489 3130 2528 vero
3174 2475 3497 2528 instrunmen-

1918 2568 2029 2612 tum
2061 2570 2164 2624 eat,
2196 2571 2253 2614 ut
2279 2573 2557 2630 organum,
2605 2565 2762 2630 viola,
2805 2576 2860 2620 et
2888 2567 3112 2632 cithara,
3157 2567 3322 2630 atola,
3347 2568 3492 2634 psal-

1918 2654 2130 2717 terium,
2152 2663 2256 2707 etc.

2001 2767 2209 2822 Utilitas
2262 2781 2438 2824 autem
2485 2771 2602 2841 ejus
2655 2788 2841 2840 magna
2887 2784 2988 2840 est,
3021 2785 3076 2831 et
3119 2778 3400 2840 mirabilis,
3443 2787 3498 2830 et

1913 2858 2152 2913 virtuosa
2180 2859 2354 2922 valde.
2393 2876 2510 2929 qum
2569 2860 2708 2916 fores
2741 2863 2990 2918 Ecclesia:
3023 2880 3153 2918 ausa
3182 2873 3263 2919 est
3310 2865 3496 2918 subin-

1921 2959 2083 3004 trare.
2114 2951 2265 3005 Nulla
2296 2952 2436 3005 enim
2469 2953 2690 3006 scientia
2719 2969 2843 3006 ausa
2877 2964 2957 3008 est
3001 2939 3304 3010 subintrare
3348 2956 3490 3008 fores

1914 3042 2190 3106 Ecclesim,
2225 3043 2322 3096 nisi
2369 3041 2480 3107 ipsa
2529 3044 2894 3096 tantummodo
2944 3046 3184 3098 musica:
3233 3060 3328 3112 per
3369 3061 3488 3098 eam

1912 3147 2088 3187 rerum
2113 3132 2489 3199 plasmatorem
2519 3134 2697 3187 mundi
2723 3134 3023 3190 rollaudare
3043 3135 3298 3191 debemus
3324 3147 3376 3191 et
3399 3137 3491 3191 be-

219 3210 379 3264 tricze
429 3210 669 3265 deﬁnitio
717 3212 977 3280 sequitur.
1031 3210 1350 3265 Musicorum
1411 3222 1464 3264 et
1521 3221 1802 3266 cantorum

1915 3222 2182 3286 nedicere,
2215 3222 2490 3290 psallendo
2519 3226 2566 3276 ei
2595 3223 2858 3278 canticum
2891 3241 3108 3290 novum,
3153 3227 3292 3280 sicut
3319 3229 3488 3281 sancti

221 3317 418 3373 magna
445 3311 527 3358 est
555 3303 829 3358 distantia.
854 3303 945 3358 lsti
970 3302 1174 3367 dicunt,
1200 3303 1274 3357 illi
1303 3303 1479 3357 sciunt
1501 3317 1623 3372 qua;
1651 3317 1801 3357 com-

221 3396 378 3462 ponit
407 3396 629 3450 musica.
657 3395 786 3449 Nam
817 3395 906 3465 qui
936 3395 1077 3450 canit
1106 3393 1252 3465 quod
1276 3409 1382 3448 non
1406 3394 1572 3464 sapit,
1606 3393 1800 3448 deﬁni-

221 3497 309 3542 tur
341 3487 508 3542 bestia
535 3503 550 3552 ;
579 3486 722 3541 unde
747 3501 932 3541 versus
964 3504 976 3539 :

377 3617 562 3680 Bestia,
587 3630 682 3667 non
703 3621 888 3679 cantor,
914 3619 996 3680 qui
1021 3629 1115 3666 non
1139 3618 1268 3666 canit
1290 3623 1415 3679 arte,
1438 3616 1526 3666 sed
1552 3629 1658 3665 usu.

218 3739 338 3796 Non
369 3755 556 3796 verum
589 3751 862 3796 cautorem
893 3741 1019 3797 facit
1048 3757 1156 3806 ars,
1187 3742 1284 3817 sed
1314 3741 1734 3797 documentum.

297 3837 498 3894 Musica
529 3837 721 3892 dicitur
763 3852 791 3891 a
839 3835 1029 3902 Musis,
1075 3852 1194 3907 quae
1223 3837 1518 3892 secundum
1568 3837 1801 3891 fabulam

217 3929 474 3986 dicuntur
497 3929 616 3984 ﬁlia:
639 3929 784 3984 .l'uvis
807 3947 820 3995 ;
852 3939 904 3984 et
929 3929 1088 3984 habet
1109 3930 1379 3999 duplicem
1407 3930 1800 3984 consideratio-

217 4036 372 4085 nem,
403 4021 628 4086 scilicet,
657 4020 950 4074 secundum
980 4021 1217 4086 modum,
1246 4028 1302 4076 et
1353 4020 1650 4077 secundum
1696 4035 1801 4074 non

217 4115 463 4168 modum.
497 4113 802 4168 Secundum
831 4113 1071 4178 modum,
1099 4121 1155 4166 ut
1179 4111 1268 4169 hic
1297 4113 1551 4177 sumitur,
1582 4124 1663 4165 est
1687 4111 1803 4165 lou-

221 4209 408 4278 gitudo
436 4222 530 4260 seu
563 4207 798 4262 brevitas
827 4215 1016 4260 cantus
1035 4247 1050 4270 ,
1082 4219 1204 4274 qua:
1233 4219 1494 4274 organum
1522 4204 1802 4272 (quantum

217 4299 288 4352 ad
314 4299 437 4367 nos)
460 4297 780 4368 generaliter
801 4297 1098 4367 appellatur
1120 4311 1215 4364 per
1237 4306 1438 4349 certam
1467 4309 1803 4360 mensuram,

214 4389 285 4444 de
312 4404 414 4458 qua
458 4403 602 4442 nunc
651 4388 1004 4456 supponimus
1051 4385 1439 4440 inventionem.
1491 4384 1803 4439 Secundum

217 4499 328 4536 IIMI
376 4482 596 4536 modum
617 4521 630 4544 ,
662 4479 889 4533 sumitur
931 4479 1046 4531 sive
1079 4478 1414 4547 jrespective,
1446 4486 1502 4530 ut
1531 4475 1622 4530 ubi
1657 4474 1802 4530 nulla

214 4575 462 4629 Inaterim
493 4573 789 4642 proprietas
826 4582 907 4626 est
939 4572 1172 4626 inventa.

293 4665 478 4718 Genus
531 4678 660 4716 vero
704 4663 858 4731 hujus
895 4663 1132 4716 scientia:
1185 4671 1268 4716 est
1324 4660 1508 4730 peritia
1557 4659 1799 4714 modula-

213 4757 382 4811 tionis
411 4756 758 4821 harmonicaz,
789 4771 908 4824 qure
939 4771 1002 4809 ex
1029 4753 1411 4808 concordantia
1444 4753 1798 4822 plurimorum

213 4862 494 4909 sonorum,
530 4846 612 4899 vel
661 4861 727 4899 ex
777 4845 1170 4912 compositione
1212 4843 1490 4913 longarum
1525 4843 1798 4897 brevium—

214 4957 326 5009 que
362 4944 672 5007 ﬁgurarum,
704 4938 1000 5007 perﬁcitur.

292 5051 513 5104 Materia
546 5049 703 5118 hujus
727 5058 810 5104 est
840 5065 1003 5104 sonus
1033 5050 1311 5106 ordinatus
1343 5051 1639 5106 secundum
1685 5066 1804 5104 mo-

213 5143 372 5196 dum.
404 5143 584 5197 Sanus
613 5145 840 5196 sumitur
872 5159 968 5212 pro
999 5143 1246 5198 melodiaa
1278 5153 1334 5198 et
1360 5143 1662 5198 concordiae
1693 5144 1793 5198 dil-

214 5229 473 5301 ferentia,
504 5239 780 5296 ordinatur
811 5253 905 5305 pro
957 5239 1198 5292 numeris
1249 5249 1546 5306 temporum
1582 5237 1632 5291 in
1667 5238 1798 5307 ligu-

215 5333 294 5385 ris
327 5332 735 5385 consistentium
767 5339 890 5385 ante
921 5331 1209 5401 perlectam
1234 5345 1477 5398 pausam,
1507 5331 1799 5385 secundum

215 5421 438 5478 modum
466 5439 558 5491 pro
579 5426 872 5494 quantitate
899 5425 1173 5493 longarum
1197 5425 1561 5494 abreviumque
1609 5426 1800 5494 ﬁgura-

213 5525 363 5578 rum,
396 5530 514 5583 qua:
547 5516 596 5569 in
622 5516 767 5569 vocis
798 5524 1031 5570 accentu
1061 5524 1115 5570 et
1144 5525 1330 5570 tenore
1357 5517 1622 5570 consistit.

294 5606 489 5660 Partes
512 5621 642 5660 vero
667 5606 832 5674 ipsius
857 5606 989 5660 alias
1015 5605 1173 5660 habet
1210 5605 1472 5674 theorica,
1507 5607 1639 5660 alias
1683 5621 1804 5676 pra-

213 5699 352 5750 ctica
406 5706 600 5764 partes.
647 5697 901 5752 Practicaa
946 5706 1070 5750 sunt
1123 5705 1263 5764 tres,
1311 5698 1530 5751 scientia
1561 5697 1626 5751 de
1657 5699 1802 5768 gravi

213 5806 375 5854 snno,
402 5800 455 5843 et
480 5790 692 5846 scientia
711 5790 778 5845 de
805 5790 1000 5856 medio,
1025 5799 1078 5843 et
1099 5791 1322 5844 scientia
1352 5790 1420 5845 de
1448 5800 1632 5854 acuto;
1663 5791 1801 5846 etde

218 5882 304 5938 his
338 5891 560 5953 tractat,
601 5882 932 5940 ostendendo
981 5881 1232 5938 utilitates
1278 5889 1332 5939 et
1373 5881 1800 5953 comparationes

1913 3311 2096 3365 Patres
2143 3313 2308 3366 nostri
2341 3312 2612 3380 propheta:
2655 3315 2968 3371 docuerunt.
3000 3315 3130 3370 Nam
3163 3317 3340 3371 divina
3374 3317 3494 3371 ofﬁ-

1911 3403 2010 3467 cia,
2033 3403 2224 3472 quibus
2247 3405 2310 3458 ad
2337 3407 2716 3474 sempiternam
2746 3423 3100 3463 convocamur
3129 3409 3372 3478 gloriam,
3394 3426 3488 3479 per

1910 3509 2029 3549 eam
2060 3496 2293 3564 quotidie
2321 3497 2680 3553 celebrantur.
2717 3499 2802 3562 Et,
2834 3508 3061 3554 testante
3095 3500 3298 3565 Boetio,
3347 3503 3488 3568 quod

1914 3587 2053 3642 inter
2080 3598 2284 3653 septem
2317 3600 2457 3643 artes
2485 3590 2733 3646 liberales
2756 3592 2954 3646 musica
2975 3579 2978 3582 ’
2999 3591 3203 3646 obtinet
3226 3593 3491 3660 principa-

1911 3686 2042 3739 tum.
2080 3678 2208 3732 nihil
2239 3680 2380 3733 enim
2423 3682 2540 3734 sine
2570 3681 2656 3735 illa
2708 3691 2907 3736 manet.
2952 3682 3159 3737 Etenim
3187 3682 3300 3751 ipse
3331 3699 3486 3737 mun-

1909 3771 2010 3824 dus
2035 3771 2262 3841 quadam
2296 3771 2570 3827 harmonia
2602 3789 2852 3828 sonorum
2895 3775 3091 3829 dicitur
3119 3789 3238 3828 esse
3287 3777 3492 3829 consﬁ-

1911 3870 2077 3926 tutus,
2107 3871 2162 3915 et
2195 3862 2367 3930 ipsum
2395 3864 2588 3917 caelum
2620 3865 2718 3925 sub
2746 3866 3038 3919 harmonia:
3069 3865 3270 3919 revolvi
3301 3866 3488 3918 modu-

1911 3953 2129 4008 latione.
2161 3954 2303 4008 lnter
2331 3971 2514 4008 omnes
2545 3957 2684 4010 enim
2721 3957 2974 4010 scientias
3004 3958 3114 4023 ipsa
3146 3957 3486 4021 laudabilior,

1907 4045 2183 4108 curialior,
2229 4045 2534 4112 jucundior,
2589 4046 2781 4107 limior,
2828 4046 3106 4099 amabilior
3133 4061 3253 4100 esse
3298 4048 3490 4114 proba-

1909 4146 2028 4202 tur;
2061 4153 2182 4189 nam
2216 4136 2389 4191 reddit
2422 4136 2692 4191 hominem
2725 4137 3013 4200 liberalem,
3044 4135 3360 4206 jucundum,
3393 4151 3489 4191 cu-

1907 4229 2116 4290 rialem,
2151 4228 2353 4288 lzetum.
2387 4229 2703 4294 amabilem;
2738 4239 2916 4284 movet
2943 4229 3086 4284 enim
3137 4229 3360 4285 allectus
3391 4229 3491 4283 ho-

1907 4321 2130 4383 minum,
2162 4327 2411 4388 provocat
2443 4319 2494 4372 in
2517 4320 2784 4375 diversum
2813 4320 3073 4384 habitum,
3098 4319 3238 4373 sicut
3267 4319 3319 4372 in
3345 4334 3489 4388 prte-

1906 4412 2009 4467 liis.
2045 4411 2256 4467 Etenim
2289 4412 2534 4466 tubarum
2560 4423 2850 4467 concentus
2893 4425 3187 4482 pugnantes
3218 4413 3486 4473 accendit.

1905 4505 2026 4570 quia
2081 4515 2278 4574 quanto
2308 4505 2676 4559 vehementior
2724 4505 2887 4560 fuerit
2931 4507 3183 4574 clangor,
3234 4514 3380 4559 tanto
3430 4505 3492 4559 ﬁt

1832 4595 1884 4654 D
1910 4597 2118 4651 animus
2152 4597 2384 4651 velocior
2427 4597 2493 4651 ad
2538 4607 2828 4652 certamen.
2882 4596 3015 4663 Quid
3063 4596 3268 4650 multa?
3305 4611 3488 4651 verum

1910 4692 2110 4744 musica
2144 4691 2396 4745 mortales
2427 4691 2669 4745 hortatur
2716 4691 2781 4744 ad
2814 4691 3023 4744 labores
3054 4689 3381 4750 tolerandos,
3434 4697 3492 4743 et

1909 4779 2240 4845 singulorum
2273 4795 2498 4848 operum
2532 4781 2890 4847 fatigationem
2920 4777 3070 4833 vocis
3105 4777 3323 4832 modulo
3363 4792 3493 4831 con-

1909 4871 2132 4924 solatur.
2163 4871 2429 4925 Turbatos
2474 4871 2682 4925 animos
2713 4870 2917 4924 musica
2953 4878 3181 4937 recreat,
3235 4869 3486 4937 quoniam

1907 4962 2148 5017 dolorem
2181 4963 2370 5031 capitis
2405 4972 2459 5017 et
2504 4963 2768 5016 tristitiam
2817 4962 2972 5026 tollit,
3003 4961 3306 5015 immundos
3334 4960 3492 5025 spiri-

1911 5065 1994 5109 tus
2025 5055 2385 5123 bumoresque
2428 5069 2622 5123 pravos
2650 5063 2705 5108 et
2748 5053 3030 5123 languores
3060 5053 3302 5122 depellit.
3340 5051 3492 5107 Unde

1907 5155 1960 5198 et
1985 5144 2128 5198 utilis
2156 5145 2222 5198 ad
2250 5145 2475 5199 salutem
2503 5143 2748 5210 corporis
2775 5151 2830 5197 et
2857 5144 3049 5198 animai
3091 5144 3378 5207 invenitur,
3421 5155 3491 5196 eo

1907 5236 2054 5306 quod
2077 5236 2393 5304 quandoque
2418 5250 2610 5300 corpus
2638 5235 2940 5290 inﬁrmatur
2973 5235 3260 5304 languente
3283 5234 3487 5300 anima,

1907 5340 1958 5382 et
1989 5328 2274 5397 impeditur
2300 5331 2409 5396 ipsa
2439 5329 2704 5385 existente
2734 5331 3019 5399 impedita:
3052 5328 3195 5382 unde
3224 5337 3276 5382 et
3323 5314 3484 5379 causa

1909 5420 2040 5474 ratio
2069 5422 2312 5488 corporis
2340 5422 2396 5474 ﬁt
2424 5436 2568 5490 saepe
2595 5438 2690 5491 per
2715 5423 3040 5476 curationem
3071 5420 3282 5484 animae,
3312 5428 3366 5473 et
3392 5433 3489 5486 per

1908 5513 2235 5580 aptati‘onem
2289 5512 2478 5567 virium
2532 5529 2771 5576 suarum,
2819 5524 2872 5566 et
2919 5511 3326 5578 temperantiam
3377 5515 3490 5586 sua;

1906 5604 2218 5658 substantiae
2251 5604 2382 5659 locis
2415 5605 2854 5660 convenientibus
2878 5602 3156 5670 agentibus
3189 5618 3205 5657 :
3239 5602 3377 5655 sicut
3399 5600 3480 5653 le-

1875 5690 1878 5694 ’
1904 5695 2045 5763 gitur
2073 5693 2140 5749 de
2172 5694 2389 5762 Davide,
2420 5695 2507 5766 qui
2540 5709 2721 5763 regem
2753 5693 2946 5748 solavit
2975 5691 3189 5747 Saulem
3236 5707 3265 5744 a
3298 5689 3493 5758 spiritu

1907 5789 2136 5854 maligno
2193 5799 2307 5844 arte
2356 5787 2754 5844 modulationis.
2808 5787 2927 5854 Ipsa
2977 5799 3189 5856 quoque
3235 5781 3485 5853 reptilia,

1907 5896 2112 5938 necnon
2155 5891 2207 5938 et
2237 5882 2512 5952 aquatilia,
2559 5893 2739 5934 verum
2787 5885 2842 5932 et
2875 5875 3140 5939 volatilia,
3173 5888 3272 5929 sua
3301 5872 3484 5929 dulce-
