4010 6382
600 358 709 419 υἰὸ

2488 273 2560 283 4...-

1064 355 1271 411 ΒΕῡᾹΞ
1315 353 1765 410 VENERABILIS
1809 353 1959 408 Ol‘P.
2004 349 2183 415 PARS
2224 348 2264 403 1.
2299 350 2495 408 SliCT.
2543 316 2714 409 ll..-
2755 356 2956 411 DUBIA
3000 357 3091 412 ET
3128 355 3390 413 SPL'RlA.
3682 367 3763 427 924

602 475 724 528 diue
766 472 968 526 musica
998 469 1339 530 consolatur;
1372 466 1466 522 sed
1493 475 1547 521 et
1593 450 1846 535 quidquid
1878 465 2174 529 loquimur,
2213 464 2258 520 Α
2291 477 2409 517 nam
2440 478 2470 517 a
2502 464 2833 534 perfectione
2857 467 3000 523 circa
3030 471 3379 539 mqualitatetn
3422 470 3594 542 aliquid
3616 473 3766 539 habere

602 576 655 620 ct
676 580 928 621 venarum
964 562 1201 630 pulsibus
1227 576 1648 627 commovetnur,
1677 558 1956 614 harmonia
1985 558 2180 630 proba-

605 668 693 712 tur
716 671 857 717 esse.
890 654 1110 709 utilibus
1136 654 1418 709 sociatum.

674 748 921 803 Ulllciutn
951 760 1081 800 vero
1110 747 1250 798 aliud
1279 746 1439 800 habet
1469 745 1722 813 practica,
1750 744 1890 798 aliud
1914 745 2182 799 tbeorica.

606 840 843 894 l’ractica
890 852 1015 892 vero
1064 846 1148 892 est
1198 836 1502 891 harmonias
1549 851 1872 906 componere
1915 846 1969 891 et
2012 844 2181 890 artem

606 948 724 1000 qua:
746 936 1004 984 humanos
1026 939 1250 999 possunt
1273 946 1487 984 movere
1508 930 1749 984 allectus.
1769 930 2029 984 Theorica
2055 945 2183 983 vero

606 1034 717 1086 est,
763 1025 814 1077 iu
847 1037 1054 1076 summa
1084 1022 1541 1089 comprehendere
1589 1024 1945 1092 cognitionem
1976 1024 2184 1085 Specie-

606 1134 723 1172 rutn
749 1116 1166 1178 barmoniarum,
1199 1126 1251 1171 et
1279 1117 1328 1170 id
1361 1132 1423 1171 es
1452 1134 1558 1187 quo
1579 1130 1992 1188 componuntur,
2019 1131 2071 1173 et
2118 1123 2182 1177 ad

608 1210 660 1265 id
692 1211 833 1280 quod
863 1219 1279 1280 componuntur,
1303 1222 1353 1264 et
1379 1213 1606 1280 qualiter
1632 1224 2023 1279 componantur
2053 1230 2068 1274 ;
2100 1214 2184 1267 vel

610 1317 693 1359 est
724 1307 883 1359 etiam
908 1306 1140 1358 ofﬁcium
1194 1305 1391 1373 ﬁguras
1432 1307 1615 1375 longas
1644 1315 1699 1361 et
1732 1307 1941 1374 breves,
1981 1323 2185 1361 necnon

609 1412 832 1461 corpora
865 1405 918 1451 et
944 1412 1222 1451 mensuras
1263 1400 1601 1467 earumdem,
1630 1402 1912 1468 qualitates
1942 1411 1994 1455 et
2020 1418 2187 1471 quan-

614 1495 809 1555 titates,
860 1490 1237 1544 similitudines
1276 1499 1330 1544 et
1365 1491 1826 1549 dissimilitudines
1878 1498 2185 1565 proportio-

611 1598 760 1648 nutn,
805 1597 1055 1635 sonorum
1105 1592 1161 1637 et
1188 1597 1408 1647 vocum,
1441 1594 1494 1637 et
1524 1585 1954 1653 orthographiam
1994 1603 2187 1657 cogno-

612 1690 784 1738 scere,
811 1683 863 1727 et
908 1687 1251 1736 conservare.
1281 1683 1334 1727 et
1373 1675 1687 1741 regulariter
1712 1693 1829 1731 eam
1861 1678 2188 1745 describere,

613 1769 683 1820 ita
718 1767 857 1835 quod
901 1767 1075 1822 omnis
1104 1777 1293 1822 cautus
1322 1768 1707 1837 qualiscunque
1758 1771 1917 1825 fuerit
1962 1772 2192 1827 diversi-

610 1860 819 1927 ﬁcatus,
872 1874 1107 1928 congrue
1156 1873 1253 1927 per
1304 1860 1445 1913 illam
1487 1861 1653 1928 possit
1684 1862 1981 1918 declarare.

678 1950 813 2006 Cum
845 1952 1005 2021 igitur
1027 1952 1113 2005 illa
1138 1960 1193 2006 et
1219 1952 1322 2006 alia
1350 1955 1510 2006 multa
1546 1955 1597 2007 iu
1626 1956 1724 2009 bac
1753 1964 1870 2009 arte
1896 1956 2191 2013 secundum

607 2044 851 2098 ordinem
901 2044 1269 2108 declarantur,
1327 2045 1498 2113 primo
1548 2045 1851 2114 specialiter
1900 2048 2188 2103 videndum

608 2145 693 2191 est
718 2146 769 2190 et
818 2136 1092 2190 sciendum
1140 2136 1282 2204 qttod
1316 2138 1412 2189 tria
1446 2137 1817 2192 tantummodo
1845 2150 1968 2192 sunt
1995 2154 2192 2209 genera

612 2244 709 2293 per
732 2245 850 2293 quae
883 2238 987 2283 tota
1018 2229 1390 2285 mensurabills
1420 2230 1621 2284 musica
1654 2234 1996 2299 transcurrit,
2046 2235 2195 2288 scili-

608 2333 696 2375 cet
727 2322 1021 2387 discamus,
1055 2323 1285 2377 hocetus
1309 2332 1366 2377 et
1406 2338 1691 2392 organum.
1742 2324 2024 2380 Disrantus
2066 2342 2194 2380 vero

610 2412 1020 2482 est'aliquorum
1050 2414 1387 2469 diversorum
1440 2431 1697 2485 generum
1750 2426 1941 2472 cantus
1966 2416 2192 2473 duarum

611 2517 827 2568 vocum,
860 2520 953 2559 seu
985 2505 1169 2573 trium,
1202 2505 1255 2560 in
1282 2522 1386 2575 quo
1417 2508 1647 2562 termino
1674 2510 2021 2563 consonantia
2046 2548 2062 2574 ,
2088 2509 2196 2564 sei-

592 2597 761 2664 licet,
795 2599 1154 2665 diatessarou,
1184 2598 1454 2668 diapente.
1487 2601 1766 2668 diapason,
1798 2619 1890 2669 per
1917 2604 2194 2668 composi-

613 2689 810 2742 tionem
838 2689 1111 2760 lolignrum
1147 2690 1493 2759 breviumque
1526 2692 1846 2758 ﬁgurarum,
1893 2692 2191 2747 secundum

614 2780 823 2834 dulcem
872 2795 1175 2835 mensuram
1209 2783 1521 2836 naturaliter
1552 2783 1952 2850 prOportiouata
1987 2792 2193 2838 manet.

520 2871 529 2878 ”
618 2869 767 2924 Unde
790 2871 1080 2925 notandum
1099 2872 1333 2941 estquod
1360 2883 1467 2927 tres
1488 2874 1905 2943 generalissimm
1928 2886 2056 2929 sunt
2078 2891 2198 2945 spe-

609 2962 741 3023 cies.
776 2978 868 3024 per
901 2978 1027 3026 'tuas
1056 2978 1244 3019 omnes
1274 2964 1439 3028 modi,
1469 2964 1517 3016 id
1546 2975 1649 3027 est,
1672 2980 1861 3019 omnes
1888 2975 2104 3028 cautus,
2133 2966 2186 3020 in

610 3069 715 3123 quo
743 3054 987 3109 consistit
1034 3056 1318 3123 materies,
1373 3056 1759 3126 dignoscuntur
1784 3069 1837 3113 et
1870 3056 2195 3111 discernun-

612 3155 716 3209 tur,
749 3160 811 3200 ac
840 3149 1000 3201 etiam
1051 3148 1397 3203 moderantur
1427 3162 1523 3217 per
1579 3149 1824 3216 ﬁguram,
1877 3159 2090 3216 tempus
2137 3160 2186 3204 et
2219 3168 2270 3234 ο
2298 3198 2480 3208 ___

615 3251 952 3304 mensuram;
982 3246 1039 3293 et
1079 3240 1331 3307 quoniam
1365 3239 1520 3308 hujus
1553 3239 1825 3293 discantus
1859 3256 1952 3307 per
1996 3239 2192 3296 dictam

610 3329 1056 3398 compositionem
1100 3331 1201 3386 sub
1226 3341 1372 3386 certa
1417 3331 1756 3387 dimensione
1786 3332 2066 3401 temporis,
2098 3348 2191 3388 seu

613 3432 935 3490 temporum,
987 3439 1085 3494 per
1137 3424 1351 3480 diversa
1402 3428 1633 3495 capitula
1689 3426 2016 3497 declaratur,
2071 3427 2195 3486 ideo

612 3514 785 3579 primo
815 3515 884 3570 de
929 3518 1403 3585 repraesentatione
1429 3529 1484 3574 et
1530 3518 1703 3574 forma
1756 3519 2044 3591 ﬁgurarum
2068 3522 2197 3575 sim—

617 3605 857 3673 plicium,
890 3609 1124 3664 secundo
1139 3610 1207 3663 de
1230 3609 1416 3681 ﬁguris
1428 3611 1674 3666 similiter
1690 3613 1992 3680 pariterque
2020 3612 2195 3683 ligatis

610 3714 708 3751 seu
751 3696 968 3765 junctis,
1005 3715 1123 3769 qua:
1167 3708 1407 3769 tetnpora
1448 3702 1705 3770 quaelibet
1748 3703 1913 3772 ﬁgura
1962 3719 2057 3773 pro
2097 3718 2194 3758 sua

618 3800 770 3857 parte
799 3792 1035 3848 continet
1065 3793 1116 3847 in
1144 3807 1223 3857 se,
1253 3808 1318 3849 ac
1344 3793 1505 3848 etiam
1535 3793 1602 3847 de
1632 3795 1806 3861 plicis,
1845 3796 2196 3864 proprietati-

617 3886 716 3936 bus
741 3892 795 3937 et
822 3882 1252 3940 distinctionibus
1290 3899 1474 3940 earum
1503 3884 1798 3951 videamus,
1831 3894 1887 3941 et
1926 3888 2196 3956 quomodo

617 3988 713 4039 per
742 3973 902 4044 hujus
953 3976 1147 4044 ﬁguras
1192 3976 1479 4032 denotatur
1509 3976 1785 4048 longitudo
1816 3993 1909 4033 seu
1963 3978 2197 4033 brevitas

611 4074 821 4118 cantus.
848 4065 1050 4122 Deinde
1072 4066 1198 4137 quid
1228 4068 1303 4123 sit
1328 4076 1558 4139 tempus,
1584 4068 1711 4136 quid
1742 4082 2015 4123 mensura.
2043 4068 2198 4125 Unde

612 4156 810 4225 ﬁguras
833 4160 1240 4226 reprtesentatio
1269 4161 1390 4216 soni
1415 4162 1716 4218 secundum
1765 4177 1921 4217 suum
1953 4165 2193 4230 modum,

614 4255 671 4300 et
693 4248 986 4303 secundum
1013 4252 1464 4321 tequipollentiam
1506 4254 1590 4310 sui
1616 4255 2056 4324 mquipnllenlis;
2102 4257 2197 4312 sed

610 4337 920 4409 hujusmodi
953 4342 1134 4411 ﬁgurae
1178 4345 1464 4414 aliquando
1510 4358 1781 4418 ponuntur
1822 4365 1943 4405 cum
1980 4350 2155 4405 littera
2181 4391 2196 4417 ,

614 4432 914 4495 aliquando
937 4435 1073 4490 sine.
1106 4437 1238 4492 Cum
1270 4438 1447 4495 littera
1495 4455 1641 4505 vero,
1688 4451 1746 4495 ut
1777 4441 1829 4495 in
1861 4444 2095 4496 motellis
2142 4453 2196 4497 et

613 4523 903 4590 similibus,
938 4526 1054 4581 sine
1085 4526 1283 4595 littera,
1313 4541 1369 4584 ut
1401 4531 1453 4585 in
1483 4531 1692 4586 neumis
1720 4532 2107 4588 conductorum
2138 4543 2191 4588 et
2226 4528 2272 4587 ι)

610 4614 830 4669 similia.
860 4609 1001 4671 Inter
1027 4616 1169 4673 enim
1203 4620 1397 4689 ﬁguras
1425 4637 1545 4692 quae
1567 4631 1692 4676 sunt
1720 4638 1842 4677 cum
1877 4623 2077 4690 littera,
2108 4624 2197 4679 vel

610 4709 749 4773 sine,
782 4708 902 4765 talis
928 4708 1088 4766 datur
1128 4712 1452 4779 dilferentia,
1482 4715 1736 4784 quoniam
1781 4716 1882 4769 ill.e
1912 4731 2030 4786 quae
2064 4726 2191 4770 sttut

614 4804 733 4859 sine
761 4800 955 4871 littera,
988 4804 1206 4872 debent,
1239 4816 1395 4875 prout
1423 4816 1665 4875 possunt,
1698 4809 1931 4876 amplius
1979 4808 2192 4863 adinvi-

615 4906 735 4947 cem
788 4892 960 4963 ligari.
1014 4896 1119 4950 Sed
1183 4896 1487 4967 hujusmodi
1546 4898 1844 4967 proprietas
1898 4899 2192 4968 aliquando

613 4983 876 5038 omittitur
905 5000 1067 5055 supra
1116 4987 1345 5043 litteram
1400 4989 1485 5044 bis
1513 4990 1696 5060 ﬁguris
1744 4992 2089 5056 associatam,
2137 5001 2191 5047 et

612 5075 773 5144 hujus
799 5075 1086 5145 ﬁgurarum
1116 5080 1440 5147 proprietas.
1475 5091 1579 5135 tam
1618 5081 1812 5137 littera:
1841 5082 2189 5152 sociatarmu,

606 5183 770 5235 quam
813 5184 942 5235 non,
975 5169 1170 5225 dantur
1212 5170 1504 5229 divisiones
1548 5188 1612 5228 ac
1653 5175 1814 5229 etiam
1860 5175 2060 5244 regulae
2106 5191 2193 5229 se-

614 5268 860 5326 quentes.
887 5259 1227 5329 Quapropter
1247 5262 1311 5314 ad
1334 5264 1513 5317 omnia
1543 5262 1797 5319 discemla
1824 5265 2028 5334 prolata
2052 5266 2193 5320 scire

612 5349 872 5406 debemus
917 5353 1059 5421 quod
1111 5368 1206 5408 sex
1238 5356 1608 5410 tantummodo
1641 5357 1827 5426 ﬁgura:
1869 5367 1996 5412 sunt
2042 5356 2196 5412 adin-

609 5455 783 5498 venta:
811 5460 825 5497 :
855 5460 1079 5516 quarum
1103 5446 1243 5503 binae
1271 5456 1325 5502 et
1353 5447 1491 5502 bime
1515 5462 1730 5519 semper
1750 5460 1876 5506 sunt
1900 5450 2111 5517 afﬁnes,
2137 5454 2192 5508 in

611 5535 787 5590 l'orma
817 5547 872 5593 et
915 5539 967 5593 iu
999 5542 1295 5609 quantitate
1325 5542 1653 5607 consimiles,
1684 5543 1910 5609 scilicet,
1942 5546 1996 5600 in
2042 5555 2190 5614 pote-

615 5638 778 5694 state,
828 5641 965 5697 arte,
1011 5630 1191 5699 regula
1216 5624 1474 5689 'diﬂerunt
1500 5640 1557 5688 et
1599 5642 1806 5689 natura.
1856 5636 2092 5703 Quarum
2136 5646 2193 5693 et

611 5720 774 5785 prima
805 5737 967 5791 super
994 5738 1183 5779 omnes
1214 5724 1333 5780 fons
1362 5735 1448 5781 est
1471 5732 1527 5780 et
1553 5724 1707 5795 origo
1733 5725 1902 5795 ipsius
1944 5727 2187 5784 scientiae

613 5824 762 5880 ιξψιθ
812 5814 951 5881 linis,
985 5830 1105 5883 una:
1156 5816 1390 5885 perlecta
1435 5816 1592 5890 longa
1644 5814 1848 5874 minuta
1896 5826 2118 5875 vocatur
2167 5836 2181 5882 ;

2287 554 2535 623 sumpsit,
2564 569 2630 611 eo
2658 558 2799 625 quod
2837 559 2938 614 sub
2969 569 3115 614 certa
3145 559 3469 618 dimensione
3492 558 3766 637 lettgitutliais

2287 644 2463 707 unius,
2519 660 2613 715 per
2638 648 2783 701 vocis
2821 648 3179 706 accidentiam
3225 652 3275 706 itt
3316 667 3454 709 mora
3480 656 3602 713 circa
3637 660 3767 729 ipsum

2287 738 2563 807 mqualiter
2594 742 2995 810 proportiouata
3028 753 3227 808 manet,
3275 747 3587 818 seipsamque
3622 752 3664 806 itt
3699 769 3769 811 no-

2288 845 2407 882 Vem
2454 842 2632 899 partes
2680 832 3027 889 ditniuttettdo
3075 834 3356 903 dupliCtter
3392 840 3618 909 partiens,
3659 844 3770 915 Cujus

2291 920 2457 973 forma
2507 921 2949 991 quadrangularis
2996 923 3248 995 efﬁcitur,
3297 942 3491 985 comam
3530 944 3703 1003 semper
3735 937 3771 991 in

2289 1013 2404 1079 ejus
2455 1012 2616 1067 latere
2644 1013 2841 1068 dextro
2892 1016 3078 1081 ﬁxam,
3130 1032 3225 1086 per
3252 1035 3406 1085 quam
3447 1021 3590 1077 etiam
3621 1040 3767 1083 nomen

2291 1104 2635 1183 longitudinis
2668 1106 2865 1162 habere
2895 1118 3149 1175 meretur,
3175 1120 3231 1165 ut
3261 1122 3402 1181 patet
3427 1113 3475 1166 in
3500 1119 3724 1185 przesenti.

2365 1375 2607 1432 Secunda
2638 1391 2767 1431 vero
2816 1377 3135 1469 imperfecta
3177 1381 3333 1451 longa
3363 1383 3621 1449 aliquando
3655 1387 3773 1442 etiam

2295 1482 2399 1521 nou
2447 1477 2529 1522 est
2581 1468 2851 1534 perlecta:
2901 1470 3042 1541 quod
3096 1468 3198 1525 non
3251 1474 3476 1540 perlecta
3519 1477 3697 1541 dicitur,
3733 1494 3777 1533 eo

2293 1563 2431 1633 quod
2461 1562 2563 1617 nisi
2592 1564 2696 1616 duo
2723 1572 2958 1633 tempora
2982 1567 3213 1621 continet
3246 1571 3297 1622 in
3327 1583 3403 1633 se,
3447 1567 3714 1624 afﬁnitatem
3744 1573 3779 1626 in

2304 1656 2475 1708 forma
2522 1667 2576 1711 et
2628 1657 2955 1727 proprietate
3007 1658 3257 1728 perfectae
3309 1661 3481 1732 ﬁgura:
3529 1674 3708 1729 tenens,
3746 1673 3783 1717 ut

2299 1755 2458 1814 palt‘l.

3529 1262 3760 1275 ——_.——

2292 1929 2498 1941 .—-—____

2363 2016 2539 2072 Tertia
2572 2030 2712 2072 recta
2760 2020 2936 2075 brevis
2965 2021 3181 2087 dicitur,
3224 2023 3295 2078 ab
3324 2040 3389 2079 eo
3417 2029 3547 2095 quod
3575 2041 3704 2078 unum
3727 2042 3785 2079 re-

2293 2120 2436 2163 ctum
2467 2119 2521 2163 et
2551 2112 2818 2181 integrum
2850 2114 3092 2166 continet
3135 2113 3190 2179 in
3236 2129 3299 2169 se
3345 2126 3562 2183 tempus,
3593 2121 3787 2182 seipsatw

2292 2216 2397 2270 que
2424 2201 2631 2255 induas
2662 2203 2969 2258 diminuens
3014 2216 3189 2272 partes
3238 2221 3349 2261 non
3380 2207 3611 2277 aequales,
3658 2207 3723 2261 \el
3755 2209 3790 2260 in

2295 2302 2405 2348 tres
2455 2295 2820 2347 tantummodo
2878 2297 3112 2366 :equales
3167 2306 3222 2351 et
3277 2297 3644 2361 indivisibiles;
3684 2296 3792 2361 cuius

2296 2384 2462 2438 forma
2494 2388 2935 2457 quadrangularis
2980 2398 3084 2453 est,
3117 2388 3264 2443 onmi
3297 2404 3484 2444 carens
3527 2389 3791 2458 proprietate,

2296 2487 2352 2529 ut
2379 2476 2464 2531 hic
2491 2494 2502 2529 :

3485 2628 3779 2638 _—_———

2302 2625 3779 2677 m:

2364 2753 2584 2819 Quarta,
2633 2753 2801 2807 altera
2832 2753 3014 2808 brevis
3060 2755 3388 2824 appellatur,
3443 2771 3505 2810 eo
3546 2754 3664 2824 quod
3701 2753 3795 2805 duas

2296 2852 2468 2897 rectas
2515 2844 2707 2897 breves
2739 2852 2906 2909 tenet,
2938 2853 3099 2913 atque
3129 2860 3350 2915 semper
3377 2846 3588 2900 alterum
3628 2851 3795 2908 occupat

2297 2934 2496 2999 locum,
2528 2933 2839 2991 afﬁnitatem
2888 2944 3048 2990 rectte
3079 2934 3259 2990 brevis
3292 2948 3401 2990 tam
3433 2941 3481 2990 in
3509 2938 3653 2989 forma
3676 2947 3792 3001 quam

2296 3026 2348 3080 in
2380 3025 2707 3095 proprietate
2737 3034 2791 3079 et
2812 3026 3070 3082 societate
3103 3037 3318 3093 tenens,
3353 3040 3407 3080 ut
3438 3027 3556 3081 hic:

2819 3196 3002 3208 -σι

3482 3144 3495 3152 ο

3643 3194 3777 3207 ...ιι-ι-

3643 3199 3776 3207 _____

3063 3199 3782 3247 Et...

3375 3235 3667 3247 _————

2367 3348 2564 3414 Quinta
2591 3364 2719 3403 vero
2739 3348 3054 3404 somibrevis
3077 3349 3245 3417 major
3265 3349 3479 3414 dicitur,
3497 3358 3548 3404 et
3567 3348 3697 3402 habet
3716 3354 3793 3397 ass

2300 3441 2475 3493 minus
2522 3454 2793 3511 magnum,
2819 3440 2963 3508 quod
2987 3443 3147 3495 etiam
3174 3441 3564 3511 imperfectum,
3592 3451 3638 3495 et
3658 3438 3799 3499 brevis.

2299 3530 2422 3597 quia
2451 3529 2762 3596 imperfecta
2787 3531 3013 3585 srieutia
3044 3532 3222 3586 brevis
3244 3544 3305 3587 et
3324 3532 3492 3603 major
3509 3529 3798 3595 est,quuuiattt

2301 3625 2556 3695 majorem
2587 3636 2791 3694 partem
2824 3626 3017 3681 retinet
3049 3638 3208 3681 rectae
3238 3627 3447 3694 brevis,
3492 3639 3544 3682 ut
3568 3627 3802 3696 praedictum

2300 3727 2401 3780 est,
2429 3716 2582 3785 cujus
2610 3714 2779 3769 Imma
2802 3716 2921 3772 talis
2947 3725 3030 3771 est
3055 3733 3068 3769 :

2298 3884 3787 3941 Μ

2364 4015 2523 4070 Sexta
2556 4016 2873 4071 semibrevis
2924 4016 3097 4070 minor
3127 4019 3399 4073 consimili
3431 4017 3581 4073 modo
3605 4014 3805 4069 dicilttrcl

2302 4107 2528 4172 ttniuore,
2569 4123 2636 4163 eo
2672 4108 2815 4179 quod
2870 4109 3130 4163 minorem
3186 4113 3235 4163 in
3285 4127 3346 4167 se
3390 4111 3612 4165 continet
3655 4108 3802 4175 partem

2303 4206 2462 4252 περιρ
2489 4199 2686 4264 brevis,
2722 4211 2908 4257 tenens
2948 4202 3262 4257 affinitatem
3310 4204 3365 4258 in
3405 4206 3563 4258 forma
3586 4211 3631 4255 et
3656 4189 3802 4263 quanli-

2304 4302 2411 4348 tate
2440 4292 2769 4363 prtecedens,
2801 4308 2852 4349 ut
2883 4294 2997 4350 hic:

2301 4471 3791 4526 :m::____.____—-—-—-

2372 4618 2504 4671 Cum
2536 4615 2695 4685 igitur
2739 4616 2965 4683 perlecta
3014 4617 3176 4687 ﬁgura
3220 4630 3447 4672 manens
3485 4617 3534 4669 in
3581 4611 3742 4666 unitate
3761 4602 3806 4653 sit

2300 4708 2422 4763 lous
2442 4722 2495 4762 et
2527 4708 2677 4778 origo
2700 4708 2873 4779 ipsius
2909 4710 3151 4763 scientia:
3181 4719 3236 4762 et
3259 4708 3407 4771 ﬁnis.
3439 4716 3686 4777 propterea
3709 4693 3806 4764 tim”l

2303 4800 2480 4854 omnis
2514 4810 2706 4854 cantus
2735 4799 2805 4853 ab
2835 4802 3022 4853 eadem
3058 4799 3301 4867 procedit
3351 4811 3407 4855 et
3437 4800 3488 4854 in
3516 4796 3675 4852 eadem
3699 4785 3808 4851 teltll‘

2299 4902 2482 4946 catur:
2536 4903 2585 4946 et
2618 4892 2728 4961 ipsa
2774 4894 2823 4945 in
2870 4896 3103 4947 mum-ris
3141 4893 3414 4958 consistit,
3466 4884 3743 4957 temporibus
3772 4882 3807 4928 cl

2301 4983 2586 5047 mensuris,
2617 4992 2669 5039 et
2701 4984 2891 5038 trinam
2923 4985 2973 5038 in
3017 4999 3074 5037 se
3112 4984 3356 5039 cominet
3393 4982 3728 5054 aequalitatem.
3758 4967 3809 5020 νί-

2299 5078 2429 5131 dere
2455 5087 2701 5146 sequitur
2724 5079 2864 5148 quod
2897 5078 3007 5145 ipsa
3043 5080 3186 5147 prior
3213 5077 3427 5133 cteteris
3470 5089 3581 5131 esse
3622 5066 3806 5123 videtur:

2298 5185 2365 5226 eo
2409 5170 2547 5238 quod
2607 5171 2788 5223 tutudi
2841 5171 3269 5247 conditor_Deus
3322 5171 3501 5225 omnia
3541 5170 3589 5222 iu
3627 5170 3808 5247 nomen).

2300 5264 2536 5330 pondere
2586 5272 2641 5314 et
2694 5277 2944 5317 mensura
2987 5245 3305 5329 constituit,
3361 5270 3418 5317 et
3458 5261 3556 5315 hoc
3587 5245 3808 5327 ρῑίυοίῐθίθ

2298 5355 2503 5408 exstitit
2532 5354 2806 5423 exemplar
2827 5355 2880 5409 iu
2912 5355 3092 5409 animo
3120 5354 3449 5410 Conditoris.
3480 5353 3605 5408 Nam
3628 5353 3809 5417 autem

2297 5461 2401 5516 que
2428 5462 2455 5499 a
2493 5445 2751 5515 primaeva
2774 5448 2919 5503 orbis
2948 5448 3154 5520 origine
3200 5448 3433 5503 formata
3462 5454 3598 5509 sunt,
3625 5445 3808 5497 ηυωεω·

2297 5556 2415 5595 rum
2449 5543 2652 5596 ratione
2680 5543 2927 5597 universa
2956 5557 3077 5599 esse
3104 5543 3417 5598 constituta.
3447 5542 3512 5598 Et
3538 5542 3645 5596 ideo
3669 5542 3808 5590 ιιιιωο·

2295 5647 2387 5686 rus
2414 5648 2628 5689 omnem
2653 5645 2952 5688 creaturam
2977 5643 3165 5688 natura
3188 5633 3467 5701 praecedit,
3508 5629 3625 5687 etin
3646 5617 3807 5692 singuli

2298 5725 2561 5778 ternarias
2595 5724 2898 5779 invenitur:
2932 5725 3052 5796 quia
3081 5725 3149 5779 ab
3175 5724 3434 5780 inell‘abili
3464 5718 3809 5796 Trinitatem

2294 5825 2482 5871 cuncta
2523 5817 2775 5872 condidit.
2808 5818 3165 5874 essentialttcr
3195 5832 3299 5871 non
3333 5815 3552 5873 recedit.
3573 5795 3806 5868 Un-loillutl
