2005 3191
99 203 148 233 925

729 194 865 236 ‘MUSICA
888 206 1065 234 macrum.

1675 208 1726 234 9:26

98 263 122 290 in
146 261 300 289 auctoribus
316 261 421 296 legitur,
436 254 570 297 quomodo
584 263 653 290 Deus
668 263 800 298 imperare
814 272 880 299 gau-
896 269 919 295 Α
935 272 987 291 non
1000 268 1099 291 rectam
1116 270 1266 291 mensuram
1278 261 1494 297 habentcs,quod
1504 263 1653 290 faciendum
1667 270 1705 290 est
1718 275 1723 291 :

96 308 140 336 det
154 309 283 341 ternario,
300 308 335 335 ita
352 308 395 336 hic
414 316 543 336 numerus
559 309 629 336 inest
651 310 730 337 rebus
749 311 883 343 omnibus,

97 357 175 391 cuius
186 356 348 390 principium
363 357 451 384 unitas
466 362 517 389 est,
532 365 592 392 qu:e
602 357 695 384 Graece
711 366 804 386 monos
820 358 884 386 dici-

97 407 149 429 tur.
164 402 220 437 Ipsa
233 409 295 430 vero
308 410 359 429 non
374 410 512 435 numerus,
524 403 571 430 sed
587 403 647 431 fons
662 408 689 431 et
699 405 774 439 origo
789 413 884 432 nutrie-

98 455 199 479 rorum,
215 447 372 481 principium
387 452 414 475 et
429 447 488 474 ﬁnis
497 449 629 475 omnium:
647 453 674 475 et
688 448 747 476 ideo
766 457 818 476 non
835 450 885 476 im-

98 494 194 522 merito
217 494 250 520 ad
278 501 409 520 summatn
435 494 549 521 refertur
572 494 744 526 Trinitatem,
764 496 824 528 quia
842 503 885 522 res

97 539 222 574 quaelibet
236 539 366 566 naturalis
378 539 410 565 ad
419 539 621 567 similitudinem
632 540 731 566 divina:
743 545 843 567 naturze
852 549 883 568 ex

98 585 181 613 tribus
191 592 316 613 constare
331 586 467 613 annuitur.
480 586 507 612 In
522 586 630 613 vocibus
641 592 666 613 et
678 587 794 618 sonis,et
806 587 885 614 rebus

97 632 222 659 omnibus
239 632 307 658 trina
332 636 433 658 tantum
449 632 572 659 consistit
584 633 768 665 consonantia,
785 633 886 659 scilicet

96 678 278 711 diatessaron,
294 677 419 712 diapente
440 682 467 705 et
482 677 621 712 diapason.
642 679 714 705 llanc
727 679 807 713 igitur
820 679 886 705 Tri-

96 724 207 751 nitatem
221 723 311 750 omnia
327 723 483 751 naturaliter
498 723 610 751 formata
622 725 804 759 conSequitur,
817 732 884 759 quo-

96 770 168 797 niam
184 770 264 797 rebus
275 769 399 796 omnibus
411 770 445 796 ab
455 770 556 804 origine
572 770 656 804 prima
673 770 830 796 naturaliter
846 769 885 796 in-

97 816 255 850 ltmrentetn,
264 816 290 842 in
299 823 403 842 summo
413 820 440 843 et
447 816 533 850 primo
539 816 651 848 artiﬁce,
660 816 740 843 fuisse
748 816 886 849 imperitos

96 863 248 890 necessario
276 862 385 890 credere
410 867 533 897 oportet:
549 870 609 888 cum
630 862 693 889 nihil
709 864 781 895 prius
800 864 835 889 sit
847 863 885 889 fa-

94 913 177 940 ctum,
191 908 241 935 nisi
259 908 330 941 prius
344 909 379 935 sit
397 908 422 934 in
438 908 538 935 artiﬁce
565 908 679 935 faciendi
694 909 822 942 potentia,
844 909 884 935 vel

95 953 230 987 sapienter
255 952 313 980 sine
339 953 479 987 sapientia,
494 957 559 986 etc.,
574 953 656 980 nullae
670 953 796 988 indigeat,
821 954 885 981 nihil
901 945 925 974 Β

95 1000 127 1027 ab
139 1007 174 1026 eo
185 999 230 1026 ﬁat
243 999 293 1026 nisi
303 1007 334 1026 ex
348 1000 443 1034 gratia.
457 999 522 1026 Cum
534 1000 613 1034 igitur
621 1000 655 1026 ab
665 1008 697 1026 co
708 1000 773 1026 ﬁant
785 1002 886 1033 omnia,

94 1044 242 1071 maximum
254 1049 295 1070 est
307 1044 485 1078 sapientibus,
501 1044 571 1079 quod
586 1046 644 1071 hac.
660 1045 720 1077 tria,
735 1045 836 1072 scilicet
847 1053 889 1072 sa-

92 1090 206 1125 pientia,
219 1089 346 1123 potentia,
361 1089 455 1123 gratia,
468 1095 531 1116 sunt
543 1090 570 1117 in
581 1089 670 1117 divina
685 1090 814 1122 Ecclesia,
827 1091 889 1125 quia

94 1134 125 1160 ad
137 1141 273 1161 summum
286 1134 487 1168 perfectumque
504 1135 602 1162 bonum
614 1135 688 1169 plura
701 1142 752 1162 non
764 1139 827 1162 sunt
842 1143 889 1163 ne-

93 1180 221 1207 cessaria.
246 1179 279 1207 Et
303 1184 366 1207 tunc
393 1180 512 1215 omnium
531 1180 615 1214 prima
642 1180 770 1215 principia
787 1186 887 1209 tantum

94 1231 156 1252 sunt
181 1225 242 1253 tria.
272 1226 435 1260 Principium
462 1226 617 1259 immobile,
638 1227 708 1254 Deus
730 1227 888 1262 principium

94 1271 286 1305 principiorum
300 1280 306 1297 ;
321 1271 480 1305 principium
494 1271 593 1299 mobile
606 1272 736 1304 cmlestis,
751 1280 831 1307 super
843 1281 889 1300 cu-

92 1316 134 1350 ius
158 1321 234 1344 motu
249 1322 388 1345 moventur
399 1318 500 1345 omnia.
525 1318 557 1345 Et
571 1323 599 1345 ut
614 1318 730 1345 breviter
750 1319 886 1346 dicamus:

94 1363 188 1390 Omnis
197 1368 293 1390 cantus
308 1363 548 1395 mensurabilis.ab
561 1363 617 1397 ipsa
633 1364 714 1398 ﬁgura
729 1364 850 1398 procedit
862 1371 889 1391 et.

94 1409 234 1442 dividitur,
248 1415 275 1437 et
289 1409 316 1437 in
330 1410 452 1437 eamdem
467 1410 620 1444 replicatur,
636 1416 662 1437 et
682 1418 775 1438 omnes
797 1411 888 1445 ﬁgurae

94 1457 293 1492 subsequentes
317 1458 350 1484 ad
373 1457 512 1490 eamdem,
534 1463 643 1492 propter
665 1458 887 1492 aequipolluutiam

96 1503 276 1536 retinendam,
289 1503 415 1530 recurrit.
425 1503 506 1537 Cujus
515 1503 605 1537 regula
619 1503 677 1529 talis
685 1508 736 1534 εμι,
744 1508 770 1529 et
780 1508 885 1535 natura,

93 1549 164 1583 quod
178 1549 338 1583 quandoque
351 1553 458 1583 reperta
471 1553 513 1576 est
528 1552 590 1576 ante
599 1549 829 1583 longam,semper
839 1549 887 1575 tria

94 1600 216 1630 tempora
228 1600 309 1622 tenet.
326 1594 406 1622 Verbi
422 1596 521 1630 gratia:

129 1767 256 1795 Afﬁnitas
270 1773 358 1794 autem
372 1767 439 1802 cjus,
456 1776 515 1802 qua:
531 1768 556 1794 in
571 1768 655 1795 forma
670 1768 719 1795 sibi
741 1769 886 1795 consimilis

95 1813 223 1845 efﬁcitur,
238 1813 373 1846 sequitur:
389 1813 464 1848 cujus
479 1813 567 1847 regula
590 1814 650 1840 talis
671 1819 713 1840 est
736 1822 759 1840 et
780 1819 883 1844 natura,

91 1861 163 1895 quod
179 1865 288 1894 setnp‘er
298 1865 360 1887 ante
377 1861 485 1887 brevem
502 1861 542 1887 vel
565 1865 623 1894 post
638 1865 709 1887 stare
722 1861 810 1892 debet,
827 1868 885 1895 qna:

94 1907 143 1934 sibi
159 1905 324 1934 collateralis
340 1913 400 1933 e~se
417 1907 539 1933 refertur.
550 1905 628 1933 Verbi
642 1907 742 1940 gratia:

127 2054 155 2081 In
171 2062 224 2089 qua
236 2054 343 2082 nonnisi
353 2055 406 2084 duo
421 2059 540 2089 tempora
554 2053 745 2081 communicari
759 2057 883 2079 tenentur

91 2101 200 2128 ratione
214 2100 385 2133 collateralis,
412 2109 471 2135 quae
485 2101 519 2129 ab
534 2100 627 2127 eodem
647 2099 760 2126 Slttltllttl‘
775 2106 788 2124 a
812 2106 886 2133 parte

89 2146 161 2173 finis.
181 2146 258 2174 Unde
273 2154 366 2173 versos
377 2155 386 2173 :

185 2202 249 2226 Ante
262 2209 321 2226 vero
331 2202 438 2232 longam,
452 2203 550 2226 minitra
564 2201 634 2232 longa
648 2200 748 2225 faciunt.

184 2234 210 2257 Si
225 2234 306 2257 brevis
316 2234 425 2262 addatur,
438 2233 486 2257 duo
496 2238 603 2263 tempora
617 2232 689 2262 longa
702 2235 811 2256 meretur

935 313 1008 347 quia,
1021 312 1042 339 si
1051 319 1141 339 verum
1154 316 1236 343 esset,
1245 316 1306 338 tttnc
1317 316 1405 345 posset
1418 311 1475 337 ﬁeri
1489 315 1582 337 cantus
1593 312 1723 337 naturalis

935 357 970 385 de
980 358 1104 384 omnibus
1119 357 1294 392 imperfectis,
1303 357 1428 391 quoniam
1441 357 1623 391 imperfectutn
1634 357 1726 385 dicunt

935 410 996 430 esse
1011 402 1168 437 perfectum.
1185 402 1260 429 Sicut
1273 403 1344 429 enim
1357 409 1399 429 res
1411 402 1535 436 qumlibet
1549 402 1679 429 naturalis
1694 404 1726 427 ad

936 448 1138 476 similitudinem
1158 448 1255 475 divina:
1269 452 1381 480 natura},
1404 456 1436 475 ex
1451 448 1536 475 tribus
1549 452 1672 475 constare
1688 447 1728 473 iu-

937 495 1053 525 vt-nitur,
1069 499 1095 521 et
1111 494 1135 520 in
1148 493 1257 520 vocibus
1272 497 1298 520 et
1309 494 1382 520 sonis
1396 494 1463 520 trina
1480 498 1581 520 tantum
1599 494 1728 520 consistat

936 539 1125 566 consonantia:
1141 539 1180 565 sic
1194 539 1281 565 omnis
1295 544 1388 566 cantus
1401 539 1588 566 tnensurabilis
1604 539 1636 565 ad
1652 539 1728 564 simi-

937 586 1073 613 litudinem
1085 587 1182 613 divina:
1200 593 1311 620 naturae,
1326 594 1357 613 ex
1373 587 1456 613 tribus
1479 591 1603 614 constare
1626 587 1729 613 inveni-

937 638 994 660 tur:
1011 632 1087 667 cujus
1102 633 1223 666 probatio
1247 637 1319 666 patet
1333 633 1358 659 in
1377 640 1512 666 mensura,
1538 632 1582 659 ubi
1596 632 1728 658 ternarins

938 687 1064 705 mtmerus
1081 679 1216 705 reducitur
1230 678 1261 704 ad
1279 678 1477 712 perfectam.Et
1489 687 1521 705 ne
1537 679 1561 705 in
1575 678 1727 712 ambiguom

937 724 1124 759 procedamus,
1139 724 1278 751 sciendum
1294 729 1335 750 est
1349 724 1417 758 quod
1435 724 1550 757 perferta
1567 724 1649 758 ﬁgura
1662 713 1730 750 mul-

938 769 1021 806 tiplici
1038 769 1207 803 cognoscitur
1217 768 1317 802 regula.
1333 768 1506 800 l’ri:ua,sicut
1517 768 1616 802 praefati
1631 774 1729 795 canunt

937 813 1077 845 versiculi;
1091 814 1218 845 secunda,
1235 813 1449 847 quandocunque
1472 814 1540 840 inter
1551 814 1618 840 duas
1634 814 1729 848 longas

937 860 997 885 dua:
1013 859 1107 886 breves
1122 859 1195 885 Olltltl
1211 860 1374 892 proprietate
1391 865 1513 886 carentes
1526 861 1728 892 evenerunt,al'—

939 904 1066 932 ﬁnitatcm
1082 906 1107 931 in
1124 903 1210 931 forma
1226 909 1360 936 carentes.
1379 905 1456 932 Verbi
1470 904 1570 939 gratia:
1708 913 1710 915 ί

975 1137 997 1163 0
1013 1136 1104 1168 Maria,
1120 1136 1195 1163 beata
1210 1136 1336 1169 genitrix.

975 1183 1076 1216 Prima,
1090 1182 1191 1215 profert
1206 1190 1286 1208 unum
1302 1187 1416 1216 tempus,
1431 1189 1489 1216 qnze
1503 1187 1574 1208 recta
1592 1181 1679 1209 brevis
1691 1182 1730 1207 di-

939 1231 1020 1262 citur,
1043 1230 1143 1256 faciens
1162 1229 1226 1261 duo,
1242 1236 1302 1262 qua:
1315 1228 1396 1255 altera
1416 1228 1502 1254 brevis
1526 1228 1683 1262 appellatur,
1703 1234 1731 1254 et

939 1276 1052 1303 sumitur
1063 1284 1076 1302 a
1091 1281 1165 1311 parte
1180 1276 1238 1302 linis
1255 1275 1345 1309 ﬁgura:
1358 1275 1546 1309 przncedentis:
1562 1279 1589 1301 et
1603 1274 1730 1309 quoniam

940 1322 965 1348 in
978 1322 1023 1348 tali
1038 1321 1143 1348 binario
1166 1321 1215 1347 tria
1230 1327 1351 1355 tempora
1365 1321 1526 1347 commorari
1550 1321 1730 1354 reperiuntur.

940 1369 1000 1395 ideo
1015 1368 1153 1401 longarum
1165 1366 1268 1400 qumvis
1283 1366 1468 1400 praedictarum
1481 1372 1496 1392 a
1513 1366 1566 1392 Deo
1586 1365 1731 1399 perfectio-

940 1424 1001 1443 nem
1017 1415 1132 1442 retinere
1154 1419 1281 1445 meretur,
1296 1413 1347 1440 nisi
1371 1411 1555 1439 tantummodo
1569 1411 1625 1438 sola
1642 1412 1731 1439 brevis

941 1463 1051 1496 primam
1063 1461 1228 1496 praecesserit
1242 1461 1356 1494 longam,
1365 1460 1433 1486 sicut
1446 1466 1494 1494 per
1505 1459 1573 1485 hanc
1585 1458 1731 1486 clausulam

940 1512 1011 1542 patet
1022 1516 1028 1533 :

1018 1562 1645 1709 ﬁ

977 1741 1050 1766 ’l'nur
1066 1740 1118 1765 duo
1135 1743 1253 1772 tempora
1280 1737 1356 1771 longa
1373 1734 1489 1762 tenebit:
1513 1738 1539 1760 et
1554 1732 1592 1758 sic
1605 1730 1733 1765 perfectio

941 1792 1003 1813 ante
1030 1786 1225 1819 profectionem
1257 1782 1426 1816 coniunctam
1461 1779 1521 1806 sive
1547 1777 1729 1812 di~junctatn,

941 1838 1074 1864 nunquam
1100 1829 1209 1856 dininui
1230 1832 1332 1862 ptltest:
1356 1826 1482 1860 quoniam
1507 1824 1583 1857 longa
1613 1821 1729 1855 perfecta

941 1880 1033 1911 nequit
1061 1877 1157 1903 habere
1185 1875 1394 1910 perfectionem,
1421 1872 1471 1899 ιιὶςί
1491 1871 1625 1898 mediante
1644 1869 1730 1902 aliqua

941 1923 1105 1957 perfectione
1127 1927 1268 1956 sequente.
1283 1920 1384 1950 Tertia,
1398 1919 1419 1945 si
1437 1924 1491 1945 tres
1507 1919 1576 1944 inter
1592 1915 1732 1949 praedictas

940 1971 1097 2005 quandoque
1117 1969 1298 2003 reperiantur,
1321 1973 1347 1994 et
1363 1966 1388 1992 in
1411 1965 1494 1991 forma
1509 1961 1683 1991 consimiles,
1702 1965 1732 1986 ut

941 2018 996 2043 llltf!

972 2073 1695 2207 ﬂ

972 2211 1695 2227 ——————_‘—-————-f_

977 2257 1008 2284 Et
1020 2257 1081 2283 licet
1093 2263 1174 2282 ununt
1192 2260 1297 2287 tempus
1313 2257 1466 2284 conservat,
1481 2256 1508 2278 et
1523 2255 1577 2276 tmn
1595 2249 1731 2275 nihilomi-

125 2285 205 2312 Unde
215 2285 360 2334 notandum
375 2286 497 2334 estquod
513 2285 725 2334 qnandocunqne
739 2284 807 2334 iuteﬂr
816 2283 883 2309 duas
901 2299 924 2329 Β
940 2283 989 2329 nus’
1005 2301 1075 2328 "una
1092 2301 1229 2334 longarum
1250 2283 1375 2325 'vinmem
1391 2297 1447 2324 sive
1461 2295 1573 2330 gramm
1589 2302 1643 2321 si”,
1665 2301 1727 2327 ρει.-

88 2330 186 2366 longas
198 2332 254 2358 sola
272 2332 359 2358 brevis
380 2333 509 2365 evenerit,
531 2339 638 2365 semper
652 2331 684 2357 ad
700 2328 882 2365 imperfectam

87 2379 235 2404 reducetur
254 2378 446 2412 przecedenlem
460 2399 467 2409 ,
493 2383 518 2404 et
544 2377 638 2404 merito
661 2384 720 2403 cum
741 2375 773 2401 ab
791 2376 884 2401 eadem

86 2430 259 2458 procreatur,
275 2422 406 2450 consimili
419 2423 497 2450 modo
511 2423 539 2449 lit
549 2430 564 2449 e
575 2429 716 2448 converso.
730 2420 805 2448 Unde
819 2427 884 2447 con-

87 2469 263 2495 siderandum
290 2474 348 2501 est,
370 2469 477 2503 quando
497 2467 613 2503 perfecta
637 2468 692 2494 fieri
710 2465 817 2500 nequit,
833 2465 884 2492 nisi

70 2503 230 2541 ituediante
245 2514 317 2541 brevi
332 2520 471 2547 sequente,
495 2522 541 2541 seu
561 2513 737 2547 praecedente,
760 2511 884 2547 quoniam

88 2561 169 2596 longa
179 2566 209 2588 et
217 2561 315 2593 brevis,
323 2566 349 2587 et
357 2569 373 2588 e
383 2568 522 2593 converso,
532 2568 639 2594 semper
649 2567 726 2586 unam
738 2558 885 2593 perfectio-

86 2616 148 2635 netn
163 2608 277 2635 faciunt.
290 2607 367 2635 Unde
378 2608 399 2635 si
410 2612 512 2642 qumrat
524 2607 621 2641 aliquis
633 2611 720 2633 utrtnn
731 2604 813 2639 possit
828 2604 884 2630 ﬁeri

85 2654 217 2680 modulus
231 2654 289 2681 sive
310 2660 404 2681 cantus
426 2653 554 2680 naturalis
576 2652 611 2680 de
620 2652 744 2679 omnibus
760 2651 885 2684 imperte-

85 2704 146 2732 ctis,
158 2700 231 2726 sicut
240 2700 267 2726 fit
279 2698 313 2726 de
326 2699 448 2725 omnibus
458 2698 592 2733 perfectis,
600 2697 739 2731 responsio
748 2704 808 2722 cntu

84 2746 261 2781 probatione,
278 2746 348 2779 quod
368 2753 434 2778 non,
456 2753 516 2772 cum
543 2752 624 2779 puras
640 2742 810 2777 imperfectas

84 2800 168 2820 nemo
180 2794 356 2826 pronuntiare
365 2792 458 2826 possit.
468 2791 657 2818 Verumtamen
667 2789 773 2823 quidam
787 2789 812 2815 in

83 2838 192 2865 artibus
205 2837 260 2864 suis
275 2837 402 2867 referunt.
412 2837 556 2871 perfectam
569 2835 680 2870 figuram
690 2843 720 2863 se
730 2834 812 2861 habe~

84 2891 115 2912 re
131 2892 184 2919 per
194 2884 416 2911 ultramensuram
427 2893 432 2909 ί
441 2888 468 2911 et
478 2883 606 2918 quosdam
615 2883 695 2910 etiam
703 2881 807 2912 modos,
817 2881 886 2907 sicut

84 2931 213 2967 primum
225 2934 252 2958 et
266 2934 389 2965 quartum
406 2937 465 2958 esse
475 2938 522 2965 per
538 2928 783 2961 ultramensurales,
794 2927 819 2954 id
834 2930 885 2959 est,

941 2348 1061 2376 fectionis
1076 2347 1189 2377 amittet.
1206 2346 1254 2372 nisi
1276 2352 1305 2372 ut
1329 2344 1482 2378 praedictum
1504 2348 1555 2369 est.
1573 2342 1682 2374 Quarta,
1699 2348 1713 2366 s

939 2401 1053 2431 tpmtuor
1067 2395 1136 2420 inter
1152 2394 1292 2426 praadictas
1307 2391 1455 2421 evenerint,
1467 2395 1561 2415 omnes
1574 2388 1670 2413 breves
1682 2394 1728 2419 po.

942 2446 1039 2472 tantur,
1056 2444 1082 2465 et
1093 2438 1226 2471 aequales:
1240 2437 1285 2463 sed
1301 2436 1391 2461 ultima
1406 2435 1508 2460 oriatur
1518 2441 1532 2459 a
1545 2431 1731 2465 sttliSanenIi.

942 2488 972 2514 lit
985 2487 1065 2512 ctiam
1081 2492 1160 2510 ttuntn
1175 2490 1284 2516 parvum
1304 2486 1416 2508 tractum
1433 2479 1556 2506 informa
1574 2484 1601 2504 et
1617 2478 1733 2507 longitu-

941 2533 1002 2558 tline
1017 2529 1193 2563 semisnspirii
1209 2528 1327 2554 obtineat
1343 2525 1499 2560 praecedens
1516 2524 1592 2556 l-mga
1609 2523 1683 2556 juxta
1697 2521 1736 2545 la-

941 2584 982 2603 los
993 2585 1070 2603 suum
1085 2580 1176 2609 aperte
1192 2574 1261 2605 ﬁnis,
1277 2572 1321 2605 qui
1338 2571 1514 2598 differentiam
1529 2569 1666 2596 modorum
1684 2574 1733 2592 sou

942 2624 1121 2658 perfecturum
1133 2620 1275 2650 signiﬁcat,
1290 2623 1318 2645 ut
1333 2618 1392 2644 hic:

942 2707 970 2731 Ξ
1021 2706 1046 2730 92-1
1371 2717 1375 2723 ~
1416 2708 1472 2729 -έυς

977 2877 1009 2903 Et
1019 2882 1080 2902 tunc
1102 2875 1178 2909 longa
1192 2874 1357 2907 subsequens
1370 2876 1499 2905 tempora,
1513 2870 1563 2897 nisi
1585 2869 1638 2896 duo
1653 2875 1730 2896 tene-

942 2925 1016 2952 bant.
1042 2923 1074 2950 l‘it
1105 2924 1153 2951 ltoc
1179 2922 1258 2948 ctiam
1283 2919 1428 2947 secundum
1450 2917 1568 2946 ordinem
1591 2916 1677 2952 quarti
1705 2920 1735 2943 ct
