2005 3191
111 178 165 205 9⁸39

111 279 258 307 mibreves.
287 279 423 306 Ascensus
448 283 536 306 autem
561 278 725 313 intelligitur,
742 279 846 313 quando
861 287 905 307 se-

109 327 198 355 cunda
210 326 291 360 ﬁgura
305 324 417 359 alicujus
432 324 554 359 ligatum:
568 324 733 352 lueritaltior
748 325 842 359 prima.
853 325 906 352 De-

112 380 225 401 seensus
250 377 339 399 autem
353 378 526 404 econverso;
543 370 626 405 pritna
652 370 731 405 igitur
755 370 904 398 din‘erentia

111 420 175 448 talis
189 423 240 451 est,
253 418 322 453 quod
334 417 545 452 quandocunque
559 416 618 443 dua:
646 416 736 451 figurat
764 417 844 443 simul
870 417 907 443 li-

111 469 180 499 gata:
190 463 379 491 descendendo
392 471 452 491 cum
469 462 641 497 proprietate,
657 463 696 490 vel
711 462 770 490 sine
790 464 907 498 proprie-

111 514 168 537 tate
180 509 348 538 ascendendo
360 510 545 544 reperiuntur,
565 514 592 535 ut
608 509 664 536 hic:

155 764 243 791 Prima
264 768 336 791 recta
349 763 440 791 brevis
459 762 488 790 ﬁt
501 763 577 797 longa
601 762 766 797 imperfecta.
779 768 807 789 nt
822 763 908 789 mani-

113 810 188 843 Ateste
200 814 272 844 patet
287 810 313 836 in
327 814 435 844 quarto,
450 810 542 843 quinto
555 813 583 835 et
596 813 671 836 sexto
686 808 778 841 modo,
792 814 844 835 tam
863 816 909 834 su—

118 863 166 891 pra
188 856 317 889 litteram,
342 863 420 890 quam
441 856 499 883 sine
524 856 627 887 littera;
659 863 718 882 nam
739 855 765 882 in
795 855 911 882 secundo

119 904 212 935 modo.
225 904 304 931 tertio
315 908 342 931 et
356 903 483 938 septimo,
497 901 564 941 tales
581 910 675 929 omnes
694 902 759 929 tiunt
772 909 861 936 aequa-

118 951 160 978 les
173 949 358 976 tantummodo
374 956 453 983 supra
467 948 595 981 litteram,
612 947 758 975 secundum
772 955 857 973 usntn.

154 994 278 1022 Secunda
294 993 454 1026 ditl'erentia,
471 998 524 1020 tam
545 993 692 1020 ascendens
711 1000 789 1027 quain
815 992 861 1018 de-

115 1041 262 1074 scendens,
278 1049 325 1076 per
340 1040 501 1069 contrarium
517 1041 608 1075 primm.
622 1039 777 1066 differentiae
798 1046 860 1066 coti-

115 1091 181 1117 stat,
197 1090 227 1113 ut
241 1086 300 1113 hic:

121 1277 903 1290 ———-—————-————-————

120 1321 178 1344 tam
194 1316 220 1343 in
234 1315 405 1350 proportione
427 1322 507 1349 qttam
524 1314 549 1341 iu
563 1313 738 1349 proprietate.

159 1362 248 1389 Tertia
274 1360 435 1393 diﬂerentia,
460 1365 513 1387 tam
539 1358 688 1386 ascendens
708 1365 787 1392 quam
803 1357 917 1385 descen-

119 1410 202 1440 dens,
215 1408 263 1435 sub
279 1407 322 1434 tali
337 1407 421 1433 fortna
436 1406 565 1440 sequitur,
576 1404 646 1439 quod
658 1403 802 1431 secundutn
816 1411 855 1430 te-

121 1454 278 1489 qualitatem
291 1452 480 1486 proferuntur:

160 1636 794 1649 ¢———__.—————

164 1675 198 1702 Ει
213 1674 359 1701 notandutn
371 1679 413 1701 est
427 1674 497 1708 quod
512 1674 571 1701 talis
583 1674 692 1709 ligatura
703 1679 815 1701 vocatur
828 1681 918 1708 mqua-

123 1721 201 1754 lilas,
213 1720 338 1754 quoniam
351 1719 438 1747 reddit
449 1719 645 1754 aequalitatem;
662 1726 756 1746 omnes
767 1719 837 1751 alim,
853 1727 920 1753 qna-

124 1775 186 1793 rum
216 1766 300 1800 prima
325 1765 404 1793 fuerit
433 1765 537 1800 longior
560 1772 607 1792 seu
633 1765 759 1798 brevior,
781 1769 843 1792 sunt
867 1772 918 1791 null

126 1812 260 1847 aqualis.

161 1859 261 1892 Quarta
274 1857 424 1885 differentia
436 1862 489 1884 tam
501 1857 650 1885 ascendens
658 1863 738 1890 quam
751 1854 920 1893 descendens

127 1906 229 1933 retinet
244 1904 443 1939 proportionem
459 1911 511 1930 non
527 1903 673 1937 propriam,
687 1902 737 1930 sub
750 1902 793 1929 tali
810 1902 895 1928 turma
912 1910 918 1927 :

146 1959 853 1974 __—____________

146 1994 860 2106 Μ

167 2137 232 2170 Quae
251 2137 416 2164 semibreves
430 2136 608 2171 appellantur,
638 2143 691 2163 non
707 2136 824 2171 mquales
840 2135 920 2163 etiam

129 2185 316 2219 proferuntur,
342 2188 369 2210 ut
383 2184 537 2217 praedictum
551 2188 602 2215 est,
627 2183 699 2218 quod
715 2182 776 2210 dua:
791 2183 923 2210 semibre-

127 2237 195 2263 ves;
208 2236 322 2264 quarum
339 2229 424 2264 prima
441 2229 528 2257 minor
540 2234 591 2262 εει,
604 2233 631 2257 et
644 2237 659 2256 e
674 2236 805 2257 converso
818 2229 919 2256 consti-

131 2281 212 2302 luttnl
227 2283 307 2302 unatn
328 2275 446 2310 longam,
461 2279 489 2304 et
501 2275 661 2310 quandoque
683 2283 733 2311 pro
747 2275 830 2303 altera
847 2276 920 2303 brevi
938 2285 963 2315 ι)

126 2326 274 2355 ponuntur.

163 2367 254 2393 Tertia
276 2366 374 2394 divisio
397 2367 482 2394 tertize
506 2367 589 2401 partis
603 2371 644 2394 est
659 2366 779 2402 quatdam
797 2366 920 2401 ligatttra,

126 2414 172 2441 cui
188 2413 363 2447 coniunctura
381 2413 458 2441 triutn
476 2413 620 2448 ﬁgurarum
637 2421 732 2440 novem
753 2413 833 2440 liabet
848 2414 923 2440 «title-

128 2460 248 2492 tentias;
266 2467 378 2495 quarum
405 2460 531 2494 qnzeliltet
555 2459 584 2487 Iit
604 2460 757 2494 dupliciter,
774 2460 923 2487 ascendens

129 2504 258 2532 videlicet
279 2510 307 2532 et.
331 2505 509 2537 descendens.
531 2505 618 2532 Prima
643 2511 733 2533 autem
761 2506 922 2538 dilTerentia,

131 2556 190 2577 tam
212 2551 272 2577 sine
296 2550 383 2578 littera
405 2558 484 2585 qttam
499 2558 559 2578 cum
575 2550 673 2583 littera,
697 2551 757 2578 talis
780 2556 831 2585 est,
854 2551 924 2586 quod

130 2594 348 2630 quandocunque
378 2595 487 2622 trinaria
515 2595 628 2630 ligatura
654 2600 706 2623 tam
735 2595 925 2624 descendendo

130 2648 195 2668 cum
210 2641 383 2676 proprietate,
400 2648 479 2676 quam
490 2641 661 2670 ascendendo
675 2642 735 2670 sine
750 2643 925 2677 proprietate,

129 2690 242 2721 reperta
257 2686 338 2715 fuerit
359 2687 387 2715 in
412 2687 498 2722 primo
512 2687 596 2722 gradu
619 2688 653 2716 de
675 2688 737 2715 bina
757 2688 870 2724 ligatura
885 2695 929 2716 se-

132 2735 246 2767 quente.

769 176 891 205 MUSICA
915 179 1094 207 l‘ﬂACTlCA.

111 240 178 261 vero
187 231 309 264 carebit;
325 236 352 258 cl
367 236 661 266 ceonverso,cxeeptze
677 234 861 260 tantummodo
869 242 908 260 se-
922 236 946 264 Α

899 934 1042 1042 Ξ

900 1042 1042 1061 3—.—

1693 185 1746 215 950

999 236 1086 262 Prima
1100 237 1145 262 liet
1160 236 1236 271 longa
1251 236 1414 270 imperfecta,
1430 238 1544 265 secunda
1561 244 1643 272 recta,
1659 241 1746 269 brevis

962 284 1055 314 tertia;
1072 284 1139 310 sicut
1156 285 1250 318 prima,
1266 285 1285 310 si
1300 290 1362 311 ante
1378 285 1454 319 longa
1466 291 1602 319 sequatur,
1621 292 1681 314 tunc
1698 289 1746 314 tria

962 334 1080 364 tempora
1106 330 1182 358 tertia
1209 330 1299 357 donat.
1325 331 1447 358 Secunda
1469 332 1618 360 dttl‘crentia
1644 339 1696 361 tant
1721 335 1748 362 in

961 375 1136 409 proportione
1152 383 1229 408 qttam
1248 376 1272 402 in
1290 377 1463 411 proprietate,
1478 379 1588 405 omnino
1605 386 1651 413 per
1666 388 1749 414 oppo-

960 419 1041 446 situm
1058 420 1150 453 primae
1165 420 1334 454 ditl'erentiatz,
1362 426 1415 449 tam
1429 430 1508 457 supra
1528 423 1655 457 litteram,
1670 433 1748 459 quam

961 465 1019 492 sitte
1034 465 1121 492 littera
1139 470 1241 500 regnat.
1259 471 1287 494 ut
1303 469 1345 495 hic
1362 477 1367 495 :

997 690 1086 717 Tertia
1101 682 1264 724 dhiil'erentia,
1288 699 1340 719 tant
1364 701 1444 728 supra
1461 696 1575 722 litteram
1590 704 1667 730 quam
1683 697 1751 729 sine,

964 736 1023 763 talis
1035 742 1086 766 est,
1105 738 1175 771 qttod
1192 739 1403 773 quandocunqne
1420 740 1536 767 trinaritn
1547 741 1665 775 ligatum:
1680 744 1754 770 adin-

964 784 1049 810 vicetn
1066 785 1266 818 contineantur,
1290 787 1412 819 quamvis
1434 787 1510 821 longa
1535 789 1678 821 przecedat,
1705 796 1753 815 seu

966 834 1102 862 sequatur,
1128 829 1197 857 sicut
1212 830 1265 862 ltie,
1295 835 1347 857 tam
1363 831 1532 859 ascendendo
1546 840 1624 867 quant
1644 833 1756 860 descen-

928 881 950 910 Β
966 873 1062 900 dendo.

1415 951 1644 1067 ﬁ

1739 961 1762 1060 ξ

1415 1041 1520 1082 l—ﬂ

1349 1029 1576 1081 Hii:

1008 1114 1093 1140 t'rima
1108 1115 1207 1148 profert
1222 1122 1302 1141 unum
1321 1121 1433 1149 tempus,
1457 1115 1573 1142 secunda
1588 1116 1650 1147 duo,
1677 1115 1755 1142 tertia

971 1162 1029 1188 tria.
1050 1161 1082 1187 Et
1099 1162 1148 1187 hoe
1163 1166 1204 1187 est
1217 1162 1363 1187 secundum
1379 1161 1499 1188 ordinem
1523 1162 1618 1196 quarti,
1636 1161 1698 1188 dum
1721 1167 1760 1187 ta-

971 1214 1033 1233 men
1049 1206 1126 1241 longa
1143 1207 1168 1232 in
1186 1208 1271 1240 primo
1286 1206 1369 1241 gradu
1384 1207 1522 1233 consistat.

1006 1252 1104 1285 Quarta
1120 1252 1268 1278 dill‘erentia
1283 1256 1333 1284 est,
1346 1252 1416 1286 quod
1431 1252 1642 1286 qnandocnnque
1657 1251 1760 1278 binan‘a

973 1297 1084 1332 ligatnra
1106 1297 1233 1331 praecedit
1256 1300 1410 1330 ternariam,
1433 1298 1517 1331 prima
1533 1297 1634 1324 binaria
1658 1296 1759 1337 profert

971 1352 1051 1371 ttnnm
1069 1348 1184 1379 tempus.
1211 1345 1327 1371 secunda
1343 1345 1396 1371 dtto
1419 1344 1546 1376 ternaria,
1563 1348 1590 1371 ut
1604 1351 1684 1371 suora
1699 1351 1762 1371 eon-

972 1391 1071 1417 tinetur
1087 1399 1112 1417 nt
1131 1390 1261 1424 proxima.
1279 1390 1356 1417 Verbi
1369 1391 1451 1425 gratia
1467 1398 1472 1404 ι

917 1471 1576 1524 glsmnasx—ﬁlz,
1612 1511 1670 1521 ,__

931 1605 953 1635 C
1010 1610 1043 1637 Et
1069 1611 1118 1637 hoc
1142 1611 1288 1638 secundum
1304 1604 1426 1639 ordinem
1450 1612 1532 1647 quinti
1556 1613 1639 1640 tnodi.
1665 1613 1762 1647 Quinta

970 1656 1120 1683 dilIerentia
1135 1657 1255 1684 ascendit
1268 1662 1295 1684 et
1317 1658 1458 1684 descendit
1474 1663 1526 1684 tam
1550 1665 1629 1692 supra
1645 1658 1761 1685 litteram

971 1710 1050 1736 quam
1075 1702 1134 1729 sine
1157 1702 1255 1736 littera,
1274 1703 1334 1730 talis
1354 1709 1393 1730 cst
1417 1703 1628 1738 quandocunque
1649 1704 1763 1731 ternaria

972 1749 1080 1782 ligatura
1113 1756 1173 1776 eum
1189 1749 1341 1784 aequalitate
1360 1751 1478 1777 conlecta
1501 1755 1606 1784 reperta
1623 1750 1710 1783 fuerit,
1738 1754 1768 1776 ut

973 1794 1016 1821 ltie
1033 1802 1040 1819 :

1008 2014 1108 2040 Omnes
1127 2013 1298 2046 proferuntur
1312 2012 1439 2045 :equales,
1456 2013 1604 2038 secundum
1620 2014 1766 2040 ordinatio-

973 2067 1035 2087 netu
1051 2058 1169 2092 septimi.
1195 2057 1276 2085 Sexta
1301 2057 1448 2084 dill‘ercntia
1473 2062 1525 2083 tam
1552 2065 1632 2092 supra
1655 2060 1769 2087 litteram

973 2112 1053 2140 quam
1068 2104 1136 2137 sine,
1167 2105 1226 2130 talis
1240 2108 1292 2135 est,
1322 2103 1393 2137 quod
1408 2103 1622 2139 qnandocunqne
1645 2107 1768 2134 tentoria:

974 2152 1095 2186 ligaturze
1115 2150 1305 2177 contineantur
1320 2149 1500 2184 proprietates
1517 2158 1569 2177 non
1587 2152 1708 2186 proprias
1723 2154 1767 2180 lta~

976 2200 1071 2228 bentes
1087 2204 1139 2225 tam
1155 2205 1298 2225 ascensutn
1322 2205 1401 2231 quam
1416 2197 1590 2231 descensum,-
1603 2203 1631 2225 nt
1649 2200 1691 2225 hic
1707 2208 1713 2226 :

976 2249 1449 2374 ﬁ

1457 2325 1773 2333 ἣξ-

1458 2362 1773 2369 “_,

979 2387 1773 2399 _—_—-__._.__~*-_..

1020 2428 1084 2455 Duae
1111 2428 1203 2462 prima:
1225 2427 1496 2459 scndbreviabuntur,
1518 2426 1607 2453 ultima
1620 2428 1695 2462 longa
1707 2428 1774 2455 duo-

979 2483 1037 2502 rum
1064 2479 1214 2508 temporum
1240 2474 1385 2508 profertur,
1415 2473 1437 2500 si
1462 2473 1550 2500 brevis
1575 2481 1719 2508 sequatur;
1750 2476 1773 2502 si

978 2526 1040 2548 ante
1055 2520 1171 2555 longam,
1189 2520 1238 2547 tria
1263 2523 1385 2554 tempora
1400 2519 1494 2547 donat.
1512 2519 1629 2554 Septima
1648 2520 1773 2547 diiieren-

979 2567 1015 2593 tia
1029 2566 1179 2593 ascendens
1188 2570 1215 2592 et
1226 2565 1394 2593 descendens
1410 2571 1462 2592 tam
1475 2573 1555 2600 supra
1569 2566 1682 2593 litteram
1694 2575 1772 2601 quam

982 2611 1052 2644 sine,
1070 2611 1129 2639 talis
1158 2616 1209 2643 est,
1236 2611 1306 2645 quod
1334 2611 1550 2646 quandocunque
1578 2611 1693 2638 ternaria
1722 2619 1774 2638 tam

980 2657 1123 2693 coniuncte
1139 2665 1218 2693 quam
1242 2657 1321 2692 ligate
1335 2658 1516 2692 reperiuntur,
1541 2662 1569 2684 ut
1584 2657 1626 2684 ltic
1643 2667 1649 2683 :

1592 2749 1771 2758 ξ.

1062 2847 1591 2858 n———.—.—

867 2874 1008 2915 Ἡ
1093 2874 1158 2903 Dus:
1171 2875 1263 2909 prima!
1279 2874 1547 2903 setnibreviabuntur.
1562 2876 1661 2904 Ultima
1679 2876 1776 2912 profert

374 2931 379 2941 ι
400 2931 410 2932 η
426 2931 500 2953 “Vp
510 2931 950 2953 ﬁrm

1058 2925 1265 2958 unum_tempus,
1273 2920 1294 2948 si
1307 2919 1395 2948 brevis
1406 2924 1532 2954 sequatur
1542 2929 1549 2955 ;
1561 2922 1678 2951 siautem
1689 2923 1774 2956 longa-
