4010 6382
220 318 321 378 953

1526 304 1777 363 MUSICA
1817 302 2149 361 PRACTICA
2161 345 2175 361 .

3374 308 3480 364 954

281 432 409 489 Duas
459 428 653 501 primat
700 441 805 483 non
862 423 1095 497 mquales
1152 418 1695 481 semibrevialtuntur,
1736 424 1790 470 et
1819 412 2310 484 Asemisuspirittm
2336 412 2530 479 minus,
2554 413 2695 484 quod
2726 414 2866 470 inter
2885 413 3018 470 duas
3041 414 3205 471 lineas
3227 416 3461 472 medium

207 526 326 583 dua:
355 529 640 594 sequentes
669 528 857 576 breves
898 517 1153 588 :equales,
1204 513 1388 569 ultima
1422 512 1577 580 longa
1609 509 1653 564 si
1695 508 1789 561 im-

1888 515 2052 571 teuet,
2103 515 2156 559 et
2206 505 2420 573 ponitur
2471 518 2567 572 pro
2609 506 2891 560 setnibrevi
2944 507 3170 573 minore,
3219 507 3360 577 quod
3386 518 3472 563 est

207 615 439 688 perfecta
470 613 648 679 fuerit,
682 620 975 681 sequatur;
1017 611 1060 665 si
1093 617 1270 662 autem
1306 605 1480 674 longa,
1534 611 1660 655 tunc
1689 601 1793 655 erit
1886 594 2238 655 indivisibile.
2280 596 2348 650 de
2391 610 2613 665 quorum
2647 598 2948 665 majoritate
2973 594 3216 652 formulas
3248 605 3429 664 patent
3452 619 3470 652 .-

205 709 454 779 perl’ecta.
471 704 713 762 Secunda
735 702 1030 758 differentia
1052 701 1172 755 talis
1186 708 1287 764 est,
1307 697 1448 767 quod
1476 697 1518 749 si
1536 704 1685 751 sexta

203 806 495 866 apponatur
525 796 712 862 ﬁgura,
742 794 905 849 etiam
931 791 1164 848 similem
1195 789 1423 845 habeant
1443 789 1685 859 proprie-

204 878 382 934 tatem,
413 877 470 922 ιιι
496 866 582 921 hic
607 881 623 920 :

285 1023 898 1092 —

266 1378 404 1433 Tres
444 1380 630 1446 primae
672 1376 946 1447 aequaliter
974 1374 1512 1440 semihreviabuntur,
1556 1370 1617 1429 ‘et
1662 1374 1781 1430 dum

198 1477 483 1537 sequentes
509 1469 714 1523 ibreves
737 1467 998 1537 tequales;
1030 1467 1208 1520 ultima
1240 1482 1365 1540 vero
1394 1466 1571 1536 longa,
1603 1474 1661 1520 nt
1686 1464 1781 1520 de-

196 1565 453 1618 claratum
484 1570 586 1617 est.

266 1654 446 1720 Quum
474 1652 672 1706 dictum
699 1651 772 1706 sit
799 1651 864 1707 de
894 1651 1075 1720 ﬁguris
1101 1653 1184 1706 vel
1211 1652 1448 1719 ligaturis
1477 1660 1531 1706 et
1556 1652 1778 1720 conjun-

195 1746 318 1811 οιίεν
367 1744 598 1813 (illaille?
628 1745 766 1798 inter
796 1760 855 1798 8°
883 1744 1153 1809 ἀίπθηιιιιν
1204 1760 1345 1799 n'mc
1387 1754 1563 1800 amem
1594 1743 1776 1798 diceﬂ'
1814 1759 1860 1819 Β
1889 1755 2156 1823 propriam
2188 1760 2538 1827 quantitatem
2566 1761 2730 1826 possit
2761 1761 3041 1825 ohtincre;
3075 1777 3194 1814 nam
3222 1763 3343 1816 licet
3366 1780 3467 1817 vox

194 1833 320 1887 dum
370 1842 455 1889 est
498 1832 565 1888 de
607 1834 763 1903 plicis
813 1834 865 1888 in
920 1834 1120 1889 eisdem
1173 1835 1352 1903 ﬁguris
1399 1836 1777 1901 existentibus,

194 1924 445 1993 quoniam
502 1924 639 1978 sicut
684 1923 737 1977 in
785 1924 1014 1994 qualibet
1045 1926 1265 1979 scientia
1304 1925 1630 1994 speculativa
1658 1928 1789 1980 sunt

193 2015 439 2084 quedam
488 2030 607 2083 qttte
651 2012 853 2070 debent
903 2016 1154 2085 supponi,
1205 2018 1273 2069 ita
1307 2017 1358 2070 in
1410 2017 1509 2072 hac
1558 2017 1783 2072 scientia

192 2106 559 2160 necessarium
584 2116 671 2161 est
706 2101 851 2176 quod
897 2107 1108 2162 diversa
1139 2118 1380 2174 tempora
1410 2123 1503 2176 per
1529 2108 1771 2164 diversas

193 2195 543 2265 ﬁgurationes
585 2198 953 2267 designentur,
998 2209 1054 2253 et
1100 2198 1243 2268 quod
1291 2199 1443 2269 plicze
1487 2200 1781 2266 varientur,

193 2288 491 2344 secundum
523 2290 871 2344 variationem
914 2292 1173 2359 temporis
1212 2301 1268 2345 et
1314 2307 1598 2346 tneusurze.
1645 2291 1779 2348 Cum

192 2379 359 2447 igitur
408 2378 597 2451 primo"
624 2380 957 2436 declaratum
1009 2383 1079 2435 sit
1130 2381 1199 2436 de
1247 2382 1467 2450 singulis
1515 2383 1690 2451 plicis,
1724 2384 1778 2439 in

193 2468 371 2536 prima
400 2469 663 2523 divisione
691 2469 876 2540 primm
913 2472 1105 2539 partis,
1137 2485 1257 2541 quas
1293 2472 1471 2526 adhuc
1502 2470 1784 2528 manifeste

192 2571 255 2611 se
285 2568 656 2625 reprmsentat.

265 2647 533 2713 Quoniam
560 2646 673 2702 ﬁeri
699 2656 880 2717 posset
906 2649 1154 2718 quaestio,
1184 2650 1311 2718 quid
1336 2651 1407 2704 sit
1437 2660 1669 2719 tempus,
1717 2654 1786 2707 ad

186 2740 337 2809 quod
385 2738 834 2807 respondendum,
867 2741 1010 2810 quod
1054 2751 1264 2809 tempus
1305 2743 1387 2811 (ut
1418 2743 1502 2798 hic
1529 2745 1779 2812 Sumitur)

194 2841 283 2883 est
311 2832 560 2897 quadam
594 2833 868 2902 proportio
890 2833 1054 2902 justa,
1081 2832 1135 2887 in
1161 2849 1262 2902 qua
1305 2846 1447 2888 recta
1479 2837 1656 2890 brevis
1688 2837 1786 2889 ha-

194 2915 288 2970 bet
318 2916 546 2985 ﬁguram
574 2918 628 2973 in
658 2919 751 2973 tali
780 2920 1026 2976 videlicet
1056 2923 1422 2989 proportione,
1453 2924 1592 2991 quod
1619 2926 1785 2991 possit

191 3006 369 3060 dividi
412 3008 465 3061 in
493 3008 624 3063 duas
655 3019 833 3078 partes
860 3026 963 3065 non
1005 3014 1259 3081 aequales,
1313 3014 1391 3067 vel
1421 3014 1474 3067 in
1508 3023 1616 3067 tres
1661 3023 1789 3067 tan-

2055 1020 2359 1075 Notandum
2389 1022 2549 1076 etiam
2572 1023 2710 1090 quod
2738 1020 2971 1090 perfecta
2998 1038 3161 1091 pausa
3206 1039 3475 1094 nunquam

1987 1112 2199 1179 ponitur
2228 1113 2326 1166 nisi
2358 1115 2407 1166 in
2440 1115 2549 1180 pari
2578 1114 2694 1167 loco
2725 1124 2841 1182 post
2871 1113 3135 1169 minorem
3168 1114 3388 1183 ﬁguram
3412 1122 3472 1171 et

1988 1201 2298 1270 perlectam;
2317 1217 2435 1255 eum
2460 1212 2637 1256 tamen
2655 1206 2911 1258 naturalis
2931 1206 3195 1259 exstiterit
3212 1216 3403 1260 cautus
3417 1217 3476 1262 et

1991 1294 2200 1360 ponitur
2232 1310 2324 1363 per
2346 1294 2558 1350 eadem.
2595 1295 2818 1349 Pausula
2851 1312 2980 1351 vero
3009 1297 3061 1351 in
3095 1297 3213 1351 loco
3261 1300 3474 1366 ponitur

1886 1383 2135 1454 perfectas
2159 1385 2359 1455 ﬁguras.
2384 1386 2703 1455 Suspirium,
2738 1389 2789 1441 iu
2819 1389 2935 1443 loco
2965 1390 3139 1454 brevi,
3163 1388 3319 1459 cujus
3347 1406 3471 1457 pro-

1889 1474 2031 1529 batio
2062 1487 2144 1531 est
2188 1478 2239 1532 in
2291 1480 2335 1533 0
2379 1496 2529 1548 quam
2578 1493 2776 1543 sancta,
2826 1482 2958 1535 etin
2988 1484 3195 1535 cmteris
3242 1483 3474 1552 hynmis,

1884 1578 1976 1623 aut
2005 1571 2156 1627 aliter
2182 1574 2514 1640 compositis,
2548 1584 2600 1628 et
2630 1574 2686 1627 ﬁt
2719 1586 2925 1644 tempus
2955 1576 3005 1630 in
3051 1588 3289 1647 tempore
3334 1595 3459 1645 pro-

1884 1670 2005 1727 pter
2048 1664 2498 1732 a-quipollentiam
2550 1667 2837 1731 donatam,
2896 1671 3146 1735 quaniam
3195 1684 3293 1723 nee
3351 1679 3474 1738 post

1887 1847 2211 1915 obmutatur,
2244 1860 2452 1921 tempus
2479 1865 2653 1906 tamen
2682 1869 2809 1907 non.
2845 1851 2993 1908 Unde
3023 1868 3207 1907 versus
3243 1871 3255 1907 :

2071 1959 2314 2023 Tempora
2339 1968 2644 2025 praetereunt
2668 1976 2805 2012 more
2831 1964 3027 2013 ﬂuentis
3050 1978 3211 2028 aquae.

1956 2064 2209 2135 Sequitur
2232 2068 2301 2120 de
2325 2082 2598 2133 mensura,
2629 2083 2746 2137 qua.
2794 2083 2892 2138 per
2919 2078 3081 2123 totam
3112 2072 3369 2124 musicam
3401 2071 3475 2125 lo-

1888 2171 2007 2211 cum
2047 2157 2250 2212 obtinet
2281 2161 2667 2225 necessarium,
2698 2175 2817 2228 qua:
2858 2162 3015 2213 etiam
3051 2176 3155 2214 non
3198 2162 3367 2217 solum
3421 2162 3474 2215 in

1888 2252 2112 2316 musica,
2158 2252 2254 2306 sed
2288 2253 2449 2307 etiam
2499 2253 2553 2305 in
2605 2253 2854 2307 omnibus
2900 2239 3140 2323 perutilis
3185 2254 3472 2310 invenitur.

1890 2339 2042 2396 Unde
2070 2357 2278 2409 versus,

2018 2454 2077 2505 L‘t
2096 2457 2144 2504 in
2165 2469 2311 2504 omne
2333 2456 2461 2518 quod
2488 2463 2582 2517 est,
2609 2458 2842 2506 musicam
2869 2470 3053 2519 ponere
3078 2459 3278 2515 prodest
3302 2496 3317 2518 ,

2011 2519 2095 2567 Sic
2117 2519 2224 2566 sine
2251 2531 2497 2578 mensura,
2523 2520 2723 2580 deperit
2742 2532 2888 2567 omne
2912 2521 3040 2582 quod
3065 2530 3162 2570 ist.

1968 2619 2120 2676 Unde
2146 2620 2434 2674 videndum
2482 2629 2565 2674 est
2604 2622 2743 2688 quod
2790 2636 3039 2676 mensura
3091 2623 3375 2690 dupliciter
3424 2624 3475 2678 in

1890 2711 1989 2766 hac
2018 2721 2131 2765 arte
2156 2712 2479 2777 continetur,
2526 2712 2750 2776 setlicet,
2805 2712 2990 2766 localis
3038 2722 3093 2767 et
3123 2716 3472 2781 temporalis;

1891 2813 1945 2856 et
1975 2803 2112 2856 idem
2137 2812 2219 2856 est
2249 2803 2389 2868 quod
2435 2818 2522 2857 ars
2553 2802 2651 2855 ista
2685 2803 3062 2857 mensurabilis
3109 2806 3311 2858 musica
3344 2823 3477 2859 nun-

1892 2905 2143 2961 cupatur,
2193 2893 2257 2946 ad
2301 2891 2654 2946 differentiam
2706 2893 2880 2962 plena:
2923 2895 3163 2959 musicm,
3204 2896 3325 2965 quia
3356 2912 3476 2951 cum

1894 2985 2005 3054 ipsa
2028 2988 2179 3052 plena
2210 2987 2412 3039 musica
2445 2986 2601 3039 locali
2623 3002 2891 3051 mensura,
2922 3005 3040 3055 qua:
3070 2999 3153 3042 est
3182 2991 3247 3043 ad
3276 2991 3476 3044 distat"

197 3100 490 3155 tummodo
519 3102 754 3168 aequales
785 3114 838 3157 et
869 3078 1241 3169 indivisibiles,
1272 3107 1339 3159 ita
1369 3108 1512 3176 quod
1548 3123 1647 3161 vos
1680 3125 1785 3163 non
1815 3113 1861 3175 C
1895 3078 2242 3176 ‘i"m_“_'c0m
2272 3079 3163 3176 m§"5""_“"d?_“""1_59'“'“"{""°
3193 3097 3476 3138 mens"re'

193 3190 430 3246 alterius
485 3194 537 3246 in
595 3197 1275 3263 tempore,discretiuuum
1352 3201 1548 3253 habere
1605 3204 1787 3270 possit.

185 3280 374 3336 Etiam
400 3283 673 3339 sciendum
705 3296 807 3353 est,
844 3289 984 3356 quod
1015 3298 1221 3356 tempus
1253 3289 1411 3343 habet
1437 3294 1659 3360 ﬁguram
1690 3296 1786 3347 tri-

192 3373 372 3443 plani,
401 3375 690 3444 aliquando
718 3378 861 3432 enim
894 3392 1028 3432 voce
1075 3394 1241 3449 recta,
1274 3382 1561 3449 aliquando
1606 3398 1782 3449 cassa,

178 3465 492 3534 aliquando
514 3468 772 3523 demissa.
808 3469 949 3525 Voce
979 3487 1106 3525 vero
1137 3484 1301 3539 recta,
1337 3486 1391 3525 ut
1423 3489 1521 3528 vox
1553 3475 1783 3529 humana

183 3557 494 3626 procedens
521 3574 548 3610 a
594 3560 864 3627 pulmone.
908 3561 1073 3616 Cassa
1116 3578 1264 3632 vero,
1311 3574 1397 3619 est
1446 3580 1629 3631 sonus,
1682 3576 1820 3621 non’

166 3661 324 3711 vox,
352 3646 406 3702 id
432 3658 536 3711 est,
556 3663 657 3703 vos
683 3666 787 3703 non
818 3651 1118 3718 articulata,
1150 3666 1270 3722 quas
1296 3654 1352 3705 ﬁt
1373 3655 1662 3708 secundum
1691 3658 1788 3708 ali-

180 3736 344 3810 quod
370 3741 806 3808 instrumentum,
856 3752 909 3796 et
942 3743 1061 3797 ideo
1091 3743 1286 3799 dicitur
1316 3759 1490 3811 cassa,
1538 3745 1785 3814 quoniam

181 3843 391 3888 natura
435 3847 540 3887 non
570 3834 656 3889 hic
684 3835 879 3888 dicitur
922 3835 1041 3889 ﬁcta
1070 3850 1209 3891 esse.
1260 3837 1433 3891 Etiam
1467 3852 1567 3891 vox
1606 3853 1784 3905 parva,

180 3939 299 3978 non
334 3934 560 3992 mutata,
583 3924 779 3979 dicitur
805 3927 967 3981 etiam
997 3942 1169 3990 cassa,
1193 3928 1316 3997 quia
1338 3942 1459 3981 cum
1487 3936 1631 3981 recta
1655 3941 1787 3982 voce

180 4026 404 4069 rectam
462 4028 570 4069 non
618 4024 792 4085 potest
846 4015 976 4070 dare
1034 4016 1492 4070 concordantiam.
1548 4016 1785 4070 Demissa

179 4119 330 4160 vero
358 4120 483 4168 vox,
514 4113 601 4162 est
641 4106 732 4161 illa
765 4107 1040 4177 proportio
1063 4108 1176 4162 sive
1203 4123 1374 4172 mora,
1407 4123 1507 4177 qua
1536 4109 1788 4178 qualibet

186 4202 372 4268 ﬁgura
416 4199 663 4268 superius
716 4200 1123 4269 praenominata,
1174 4200 1467 4255 secundum
1516 4202 1682 4271 magis
1733 4210 1788 4256 et

177 4294 376 4346 tttitius
409 4292 882 4361 proportioualiter
929 4291 1089 4346 habet
1131 4291 1354 4361 ﬁguram
1404 4292 1489 4347 hic
1516 4294 1671 4346 tacite
1698 4305 1819 4346 ι·οά

175 4397 335 4436 ctam
387 4398 694 4437 mensuram
721 4383 1094 4452 exctigitando,
1144 4383 1437 4438 secundum
1469 4384 1610 4453 quod
1641 4400 1789 4455 qua:-

1895 3181 2002 3236 tur,
2029 3168 2114 3222 isti
2147 3186 2251 3222 non
2284 3170 2456 3222 solum
2489 3170 2670 3224 Iocalis
2697 3169 2913 3234 sufﬁcit,
2968 3173 3061 3226 sed
3091 3175 3252 3227 etiam
3288 3176 3467 3243 requi-

1894 3260 1961 3313 rit
1986 3275 2102 3314 eam
2135 3273 2189 3314 et
2220 3263 2593 3330 temporalem.
2632 3263 2987 3332 Temporalis,
3020 3273 3076 3319 ut
3104 3265 3209 3331 hic,
3238 3267 3319 3320 vel
3354 3284 3475 3320 mu-

1893 3355 2021 3405 tatio
2068 3363 2149 3406 est
2202 3353 2464 3417 duarum,
2519 3353 2673 3406 trium
2730 3355 2810 3407 vel
2860 3354 3089 3422 pluuium
3148 3357 3479 3426 ﬁgurarum;

1890 3442 2181 3498 secundum
2212 3444 2351 3510 quod
2393 3452 2518 3497 sunt
2547 3442 2597 3495 iu
2631 3459 2853 3497 numero
2901 3445 2967 3498 ad
3018 3446 3249 3513 aliquam
3300 3447 3475 3514 perle-

1890 3534 2119 3589 t-tionem
2165 3537 2331 3588 relata
2362 3534 2657 3604 aequalitas,
2707 3545 2763 3589 ut
2813 3536 2856 3589 si
2909 3538 3029 3606 quis
3068 3538 3300 3608 aliquam
3350 3553 3476 3609 pro-

1892 3631 2189 3700 portionem
2223 3630 2459 3698 justam,
2506 3644 2601 3683 seu
2648 3631 3056 3685 consonantiam
3087 3632 3314 3687 duorum
3344 3649 3479 3689 can-

1898 3722 2144 3783 tantium,
2176 3721 2290 3774 sive
2317 3719 2476 3774 trium
2508 3721 2841 3775 diversarum
2873 3737 3084 3789 vocum,
3116 3722 3338 3793 alicujus
3364 3725 3465 3780 loci

1891 3812 2142 3865 destinati
2171 3812 2312 3866 scire
2340 3812 2630 3877 desiderat,
2666 3813 2732 3867 ab
2754 3813 2935 3878 aliquo
2962 3814 3061 3868 sibi
3092 3826 3238 3881 nuto,
3276 3815 3469 3880 princi-

1891 3903 2087 3969 paliter
2108 3902 2172 3956 ad
2204 3901 2379 3956 locum
2412 3917 2578 3971 usque
2603 3903 2934 3970 deputatum,
2958 3920 3055 3973 per
3086 3904 3184 3957 tria
3215 3914 3474 3974 tempora,

1889 3995 1974 4049 vel
2026 4010 2118 4063 per
2164 3994 2644 4062 mquipollentiam,
2699 4005 2791 4048 aut
2819 4010 3036 4061 semper
3085 3996 3150 4048 ad
3185 3995 3475 4063 perlectam

1889 4085 2109 4153 ﬁgoram
2138 4085 2418 4153 diligenter
2442 4086 2653 4139 studeat
2676 4084 3038 4152 computando
3067 4087 3287 4139 referre.
3321 4086 3475 4141 Unde

1891 4177 2180 4230 notandum
2210 4184 2294 4231 est
2322 4175 2463 4245 quod
2498 4191 2591 4244 per
2620 4174 2863 4230 eamdem
2904 4191 3091 4229 onmes
3121 4175 3263 4229 modi
3295 4176 3462 4230 diver-

1889 4269 2098 4325 simode
2126 4269 2388 4337 originem
2424 4277 2842 4337 prosequuntur.

1958 4363 2090 4418 Cum
2118 4362 2362 4432 superius
2393 4362 2726 4417 declaratum
2756 4361 2821 4414 sit
2849 4360 2916 4414 de
2942 4360 3083 4414 omni
3119 4374 3314 4428 genere
3346 4358 3475 4429 ligu-

173 4475 329 4531 liiret
358 4476 526 4546 ﬁgura
560 4492 656 4545 pro
684 4490 779 4531 sua
811 4451 959 4545 parte
1008 4476 1247 4530 continet
1290 4477 1342 4529 in
1373 4491 1451 4531 se.
1489 4451 1782 4531 Unde’no-

1898 4470 2101 4521 rarum,
2146 4468 2196 4509 et
2225 4456 2293 4508 de
2336 4453 2668 4521 temporibus
2693 4462 2746 4506 et
2792 4466 3064 4519 mensura,
3116 4459 3172 4505 et
3217 4451 3376 4505 etiam
3409 4454 3473 4504 du

174 4569 420 4621 tandum
464 4576 549 4623 est
595 4568 735 4637 quod
784 4567 1150 4636 hujuscemodi
1200 4568 1359 4621 tacita
1412 4580 1665 4620 mensura
1704 4575 1789 4622 est

172 4671 287 4724 per
342 4655 578 4727 quinque
606 4657 839 4725 virgulas
885 4657 1068 4726 longas
1111 4665 1166 4710 et
1215 4657 1431 4721 breves,
1485 4657 1552 4710 de
1598 4658 1790 4725 quibus

174 4758 384 4818 patent
427 4750 663 4818 quinque
705 4749 1065 4804 diﬁ‘erentizez
1098 4764 1326 4819 quarum
1354 4748 1524 4819 prima
1558 4750 1788 4819 perfecta

173 4853 362 4911 pausa
392 4851 633 4907 vocatur,
680 4842 962 4896 continens
996 4842 1047 4895 in
1098 4840 1428 4911 longitudine
1459 4843 1692 4910 quinque
1731 4842 1792 4895 li—

174 4948 352 4996 neas,
384 4948 415 4985 a
462 4948 672 4987 summo
702 4949 871 5002 usque
910 4934 1164 4988 deorsum
1198 4934 1401 4988 habens
1431 4949 1648 4988 omnem
1691 4950 1790 5004 po-

170 5032 476 5091 testatem,
524 5025 759 5093 regulam
801 5036 856 5080 et
888 5040 1218 5089 mensuram,
1263 5039 1420 5095 quam
1452 5024 1612 5078 habet
1637 5024 1792 5093 longa

174 5121 462 5192 perfecta.
510 5118 758 5175 Secunda
792 5135 919 5174 vero
958 5130 1154 5188 pausa,
1207 5118 1513 5188 imperfecta
1549 5119 1790 5172 nomina-

172 5225 309 5281 tur,
364 5229 484 5284 qua:
531 5213 899 5269 summitatem
946 5213 1184 5267 continet
1226 5223 1454 5281 quatuor
1494 5211 1788 5277 linearum,

171 5309 414 5367 habens
444 5316 759 5376 potestatem
791 5307 1120 5378 imperfecta:
1169 5304 1378 5373 ﬁgurie,
1423 5312 1477 5358 et
1506 5304 1646 5358 illius
1672 5319 1790 5368 quae

1895 4549 2067 4618 plicis,
2100 4557 2154 4601 et
2181 4545 2524 4599 nihilominus
2561 4543 2807 4597 consistit
2833 4544 3023 4596 modus
3054 4558 3148 4596 seu
3179 4545 3469 4613 maneries,

1891 4651 1947 4697 et
1972 4642 2160 4694 modus
2189 4637 2448 4694 consistat
2496 4640 2548 4691 in
2596 4652 2848 4691 sonorum
2884 4635 3246 4689 modulatione
3278 4644 3333 4687 et
3377 4651 3471 4688 vo-
3558 4694 3562 4698 _

1891 4749 2012 4787 cum
2043 4732 2385 4794 discretione,
2426 4744 2567 4783 nunc
2595 4741 2773 4782 autem
2805 4727 3090 4781 dicendum
3134 4734 3219 4780 est
3245 4726 3371 4795 quid
3403 4728 3473 4779 sit

1895 4829 2114 4892 modus,
2147 4835 2199 4881 et
2220 4836 2347 4896 quot
2379 4827 2507 4891 sint,
2559 4831 2612 4877 et
2640 4820 2871 4891 qualiter
2918 4834 2947 4872 a
2991 4818 3270 4888 principali
3304 4821 3469 4890 ﬁgura

1892 4937 2078 4976 onmes
2110 4919 2317 4974 numeri
2347 4926 2593 4972 constare
2629 4914 2901 4968 videntur.

1967 5013 2153 5068 Modus
2184 5026 2310 5063 vero
2339 5008 2694 5070 maneriesve,
2724 5014 2781 5059 ut
2806 5004 2894 5059 hic
2916 5005 3168 5071 sumitur,
3202 5013 3285 5057 est
3311 5003 3471 5072 quid-

1893 5106 2016 5176 quid
2052 5121 2146 5174 per
2171 5103 2405 5158 debitam
2439 5114 2742 5154 mensuram
2793 5098 3155 5167 temporaliter
3189 5095 3468 5164 longarum

1892 5201 2242 5266 breviumque
2299 5196 2586 5263 ﬁgurarum
2641 5202 2701 5248 et
2754 5190 3135 5246 semibrevium
3194 5199 3439 5242 trauscur

1893 5301 2032 5348 rent.
2081 5291 2233 5346 Unde
2258 5288 2547 5343 notandum
2574 5285 2717 5354 quod
2744 5286 2808 5338 ad
2855 5283 3287 5338 constitutionem
3318 5289 3473 5334 natu-

1902 5384 2088 5438 raliom
2133 5383 2610 5436 instrumentorum
2656 5394 2845 5433 novem
2896 5377 3081 5430 modos
3125 5375 3338 5429 damus.
3389 5373 3474 5431 Ad

1893 5493 2123 5547 quorum
2182 5476 2539 5544 cognitionem
2587 5470 3027 5534 discernendam,
3085 5476 3141 5523 et
3187 5469 3475 5524 multorum

1892 5569 2048 5623 etiam
2071 5581 2308 5621 errorem
2336 5564 2744 5628 destruendum,
2794 5571 2902 5615 tres
2950 5560 3285 5615 liberaliores
3325 5562 3475 5613 excic

1893 5662 2129 5734 piuntur,
2163 5660 2388 5725 scilicet,
2418 5659 2640 5728 primus,
2664 5666 2884 5727 quartus
2910 5665 2961 5710 et
2984 5654 3275 5724 septimus;
3305 5667 3334 5706 a
3359 5653 3459 5720 qui-

1894 5759 1994 5814 bus
2017 5756 2107 5813 alii
2144 5769 2260 5821 scx,
2311 5753 2463 5825 quasi
2493 5753 2737 5817 clientes,
2789 5749 2901 5805 bini
2933 5757 2986 5806 et
3016 5747 3127 5805 bini
3157 5763 3186 5803 a
3230 5746 3459 5816 quolibe-

167 5410 432 5462 vocatur
472 5400 639 5455 altera
678 5397 844 5457 basis.
884 5400 1062 5453 Tertia
1120 5411 1246 5449 vero
1289 5388 1574 5462 suspirium
1633 5394 1790 5449 breve

165 5502 568 5562 nuncupatur,
611 5491 889 5547 continens
920 5490 1284 5544 summitatem
1317 5488 1475 5541 trium
1507 5486 1787 5549 linearum,

160 5597 236 5645 et
290 5585 519 5656 ponitur
550 5597 648 5652 pro
694 5583 846 5638 brevi
889 5592 1059 5639 recta.
1099 5582 1299 5647 Quarta
1348 5587 1432 5633 est
1478 5576 1791 5642 semisuspi-

162 5682 347 5739 rium
384 5678 579 5748 majus,
630 5677 911 5734 continens
950 5675 1310 5729 summitatem
1358 5673 1586 5726 duarum
1618 5669 1788 5724 linea-

161 5790 353 5839 rum,
396 5780 452 5829 et
496 5770 714 5845 ponitur
738 5783 835 5840 pro
882 5764 1166 5825 semibrevi
1209 5764 1432 5835 majore.
1480 5761 1675 5831 Quinta
1706 5768 1789 5817 est
