2005 3191
300 124 352 153 055
549 123 651 151 ΠΕΟᾹΞ
673 122 896 151 VENERABILIS
916 122 990 150 ()PP.
1014 122 1092 149 PARS

1096 134 1099 147 ι
1120 122 1139 148 Ι.
1161 121 1257 148 SECT.
1281 121 1357 148 |I.——
1374 121 1471 149 DUBIA
1494 121 1536 150 ET
1556 121 1681 151 SPURIA.
1831 132 1869 160 θείς

300 182 474 213 exoriuntur;
489 188 602 215 quorum
614 180 694 207 etiam
708 180 821 215 quilibet
832 179 965 214 perfectus
978 178 1086 210 dicitur,
1103 183 1125 212 Α
1178 179 1294 212 Quartus
1308 178 1509 213 quateruarium
1525 184 1595 207 tenet
1616 180 1753 215 ﬁgurarum,
1764 188 1786 211 et
1793 186 1820 212 ob
1835 188 1871 216 hoc

299 233 339 254 aut
354 226 535 261 imperfectus.
561 226 698 254 Perfectus
721 234 785 253 vero
808 231 850 253 est
866 226 913 252 ille
937 226 982 259 qui
1008 225 1087 252 habet
1143 230 1202 259 post
1215 226 1320 251 tertium
1331 225 1477 252 collocatur
1499 232 1605 260 parum,
1628 226 1684 254 ﬁnis
1695 233 1719 256 et
1738 231 1868 266 principium,

298 272 407 306 ‘iguram
431 276 505 299 recto
528 271 709 299 moderamine
734 271 856 303 ﬁnitam,
886 275 913 298 et
937 278 984 305 per
1008 271 1087 297 talem
1143 271 1272 305 perfectas
1288 277 1350 298 sunt
1366 272 1471 304 barum,
1484 271 1579 299 media:
1591 277 1649 300 sunt
1661 273 1759 309 ﬁnitimi,
1771 283 1813 304 non
1823 278 1874 307 atla-

297 318 483 352 quantitatem,
499 326 640 346 numerum
655 325 682 346 et
699 326 865 351 mensuram,
879 317 949 345 sicut
963 325 1009 352 per
1024 325 1088 353 qua-
1141 323 1283 354 quataruut
1297 326 1304 344 :

299 363 400 391 litatem
415 363 518 398 incipit.
534 363 708 399 Imperfectus
722 371 785 392 vero
795 363 889 391 cstille
902 364 946 398 qui
961 364 986 390 in
1000 363 1088 390 diver-
1142 385 1174 393 ._
1696 403 1699 405 η

296 409 333 436 sis
348 409 412 436 locis
427 409 553 436 variatur.
1142 417 1148 429 ε

333 454 437 481 Primus
449 456 543 482 modus
557 455 666 488 dicitur,
681 454 727 490 qui
738 459 841 482 tantum
853 453 1022 489 componitur
1029 460 1089 488 per-

299 500 375 528 fectis
389 501 480 536 ﬁguris
493 510 499 528 :
1107 520 1112 525 -

1181 573 1203 599 0
1220 574 1317 607 Maria,
1329 574 1400 602 beata
1412 575 1538 608 Genilriz,
1552 580 1604 603 etc.
1620 576 1735 610 Quaedam
1744 586 1785 613 per
1794 586 1817 607 se
1827 585 1878 607 stan-

1153 617 1220 650 ium,
1237 624 1315 654 atque
1328 621 1504 654 perfecturum
1524 629 1631 656 semper
1643 623 1676 649 sit
1690 623 1795 656 initium;
1815 625 1847 651 hic
1856 626 1878 652 li-

1144 667 1299 700 galurar'um
1323 672 1413 694 sutnet
1437 667 1590 703 ligatarum,
1616 677 1693 696 unum
1706 676 1794 704 etpost
1812 672 1879 703 alium,

1137 716 1228 738 totum
1243 712 1294 739 erit
1308 713 1409 739 clarum
1425 722 1431 740 τ

337 745 428 773 Sancti
443 746 557 781 splrllus
568 746 707 776 adsit.etc.
724 744 762 771 Ex
776 743 827 770 hoc
836 746 909 778 patet
920 743 1008 777 igitur,
1019 743 1089 778 quod
1107 741 1130 771 Β

301 792 352 819 hoc
372 800 505 827 nunquam
529 791 698 826 componitur
711 790 737 817 in
757 788 946 825 Iigaturis.sed
962 789 1045 816 libere
1085 795 1462 835 *Π

301 801 352 819 Hoc
372 801 505 827 nunquam
529 801 698 826 componitur
711 801 737 817 ιιι
757 801 946 825 ΙΙεῧιυΠῠιθῦυ
962 801 1045 816 tmere
1452 801 1458 802 ί
1510 801 1537 802 κ

299 835 443 869 excipitur,
458 840 485 861 et
499 835 573 861 solus
589 843 641 862 non
667 834 765 869 patitur
776 841 891 868 unquam
907 841 921 859 a
938 840 1046 867 pressu-
1085 801 1865 872 mm

300 880 337 906 ris
359 880 473 915 regit,et
486 888 537 907 non
550 880 871 915 regitur;imperausnon
883 879 966 906 utitur
980 879 1046 905 alia—

299 932 358 951 rum
371 924 442 959 jure.

1100 869 1858 937 ghw-m-u—IA

1249 975 1363 1009 Quintus
1372 977 1467 1005 modus
1477 983 1653 1012 nuncupatur,
1663 979 1704 1013 qui
1712 986 1741 1006 ex
1749 980 1885 1013 quinquecorr

1223 1027 1392 1057 gregatur,et
1402 1025 1551 1059 completur
1562 1024 1680 1056 vocibus;
1690 1025 1757 1059 cujus
1767 1025 1834 1058 prima
1845 1024 1885 1050 bre-

1224 1069 1321 1101 viatur,
1335 1074 1362 1096 et
1376 1070 1458 1104 ﬁgura
1475 1071 1648 1105 prolongatur
1673 1079 1703 1097 cx
1717 1070 1776 1096 binis
1792 1068 1885 1102 tempori-

1227 1116 1286 1147 bus,
1302 1121 1445 1150 propterea
1459 1117 1604 1149 corripiat;
1616 1120 1705 1150 quarta
1721 1116 1811 1143 brevius
1823 1114 1886 1148 appel-

1149 1167 1230 1196 latur,
1247 1170 1299 1189 non
1315 1163 1348 1189 de
1363 1163 1444 1189 certis
1473 1162 1609 1195 brevibus,
1624 1162 1719 1197 quinta:
1733 1162 1800 1188 trium
1813 1165 1887 1193 tempo-

1146 1217 1206 1236 rum
1221 1210 1309 1243 datur,
1326 1217 1390 1244 ergo
1406 1209 1483 1244 longa
1499 1214 1620 1236 teneatur
1635 1209 1676 1236 illa
1691 1208 1769 1235 muttis
1780 1207 1884 1234 erunibus:

297 983 1186 1156 3E

337 1177 390 1205 Iste
409 1177 509 1211 primus
521 1176 627 1209 dicitur,
650 1181 678 1204 et
696 1177 766 1211 juste
777 1176 939 1212 prmponitur
954 1175 1012 1202 aliis
1026 1182 1091 1202 ven-

299 1223 386 1256 turis;
404 1229 465 1249 nam
479 1222 511 1248 ad
525 1221 595 1249 hunc
611 1222 756 1255 reducitur,
781 1226 807 1248 ct
820 1222 845 1248 in
860 1222 930 1247 hunc
947 1220 1090 1247 resolvitur

296 1267 383 1302 quivis
394 1274 427 1294 ex
441 1266 542 1301 ﬁguris.
561 1266 588 1293 ltt
603 1267 653 1294 boc
667 1268 688 1295 si
704 1267 887 1302 pausal-ilitcr,
905 1267 990 1300 longa:
1000 1273 1088 1301 ρςιιιειιε

1158 1281 1879 1292 ________________

297 1313 434 1339 dabuntttr
451 1320 497 1346 per
512 1313 585 1340 locos
597 1313 622 1340 in
640 1314 741 1348 ﬁguris,
755 1313 833 1340 aliter
843 1312 986 1345 errabitur,
1002 1319 1091 1340 neces-

296 1359 399 1386 sarium
414 1359 605 1393 syncopabitur
621 1360 732 1387 multum
744 1361 783 1387 sui
795 1359 874 1394 juris.

335 1405 475 1433 Secundus
490 1405 586 1433 ntodus
601 1410 663 1433 tunc
675 1407 808 1441 sequitur,
835 1406 861 1433 in
877 1413 928 1440 quo
943 1405 1028 1439 primo
1044 1412 1090 1440 po-
1154 1405 1884 1434 A————‘-——’_".

299 1450 372 1478 nitur
386 1450 465 1485 longa
478 1451 645 1485 imperfecta,
666 1452 709 1478 cui
734 1458 795 1479 mox
812 1451 981 1485 subjuugitur
1002 1450 1036 1477 ab
1059 1457 1088 1478 ea
1350 1451 1493 1480 Denmmnt
1506 1451 1666 1489 grand't'oye,
1683 1458 1731 1481 etc.

296 1504 358 1530 quae
373 1496 491 1523 sumitur
510 1496 631 1530 qumdam
647 1496 734 1523 brevis
748 1502 830 1523 recta.

1106 1516 1127 1545 (-
1183 1504 1235 1532 Iste
1257 1506 1353 1534 modus
1367 1508 1516 1543 colligatur,
1543 1514 1607 1536 tunc
1627 1517 1659 1536 ex
1682 1508 1747 1536 binis
1767 1511 1889 1542 proponatur

295 1555 1086 1589 -———————-——T
1142 1550 1258 1584 .ligatura
1275 1552 1393 1585 vocibus,
1411 1557 1437 1580 et
1448 1555 1563 1580 ternaria
1576 1555 1716 1588 subdatur,
1728 1562 1798 1589 quam
1810 1555 1841 1580 bis
1849 1553 1890 1579 bim

294 1579 1081 1715 ﬁ
1148 1603 1340 1631 consequatur,
1365 1607 1470 1627 necnon
1487 1601 1554 1627 trin
1579 1605 1751 1636 postponatur
1762 1601 1810 1628 istis
1822 1605 1890 1634 prace-

1143 1640 1287 1670 dentibus:

1143 1640 1269 1670 dentibus
1281 1651 1287 1669 :

335 1738 387 1764 Ista
401 1737 423 1764 si
440 1737 575 1771 ligabitur,
595 1736 619 1764 ei
634 1737 719 1770 primo
734 1736 852 1768 dabitur,
875 1737 952 1764 trina:
973 1737 1074 1769 adjecta

299 1782 375 1816 Veni,
392 1788 478 1809 sancte
492 1782 619 1816 Spiritus,
634 1787 685 1809 etc.
700 1782 814 1809 Collecta
826 1790 905 1817 quant
916 1784 1081 1811 comitabitur

297 1827 412 1854 dualitas
424 1835 432 1854 τ

1128 1723 1301 1746 “is!
1315 1744 1338 1750 _
1644 1713 1891 1722 ——_—

1549 1810 1877 1850 ,ΕΙ-Δ*

1283 1881 1380 1910 Sextus
1394 1886 1488 1913 tuodus
1504 1886 1651 1921 ﬁgurarum
1667 1898 1717 1918 non
1732 1896 1798 1918 caret
1809 1890 1892 1919 senario.

1150 1921 1202 2028 s

296 1882 408 2023 Ξ

1248 1928 1269 1954 si
1283 1930 1407 1962 perfecta:
1422 1937 1591 1961 sunt'earum
1605 1937 1677 1970 duae,
1692 1938 1747 1965 sine
1760 1937 1842 1967 dubio;
1853 1942 1894 1962 nec-

296 1954 1092 2023 WE

1283 1954 1289 1962 I
1304 1954 1407 1957 ,,V,-.._
1422 1954 1484 1959 ..ι-η.
1499 1954 1591 1961 uulnu-
1605 1954 1677 1970 uuw,
1692 1954 1746 1965 Blllc
1760 1954 1842 1967 “HU'V'
1853 1954 1885 1962 “""

1096 1957 1202 2023 ᾗ
1249 1982 1301 2001 non
1314 1982 1427 2009 quatuor
1441 1979 1548 2007 illarutu
1566 1989 1704 2016 ponttntur
1716 1984 1740 2011 itt
1755 1983 1838 2015 medio,
1848 1983 1892 2010 duas

1249 2027 1354 2055 quoque
1364 2023 1462 2056 primas
1475 2024 1568 2052 harum
1578 2029 1741 2057 semibreves
1754 2029 1896 2063 facio,siq'ﬂ'

336 2055 444 2083 Tertius
468 2055 563 2082 modus
585 2057 747 2090 perﬁcietur,
770 2057 856 2084 levius
871 2058 1018 2084 addiscitur
1032 2057 1090 2091 ejus

1150 2071 1316 2101 rumcunque
1331 2070 1525 2102 sequendarum
1540 2077 1641 2101 rectam
1655 2075 1757 2103 brevem
1772 2075 1856 2103 nuntio.

298 2100 325 2128 vi
347 2101 473 2135 perfecta,
498 2101 541 2128 hic
568 2108 626 2136 post
650 2105 763 2135 primttm
788 2104 866 2137 igitur
888 2111 959 2137 esse,
983 2111 1014 2130 ex
1039 2102 1090 2130 hoc

300 2147 431 2181 arguitur.
456 2146 597 2174 Secundus
618 2148 660 2175 bic
676 2149 787 2176 insecta.
814 2148 919 2175 Tertius
944 2150 1091 2175 contraria-

300 2196 344 2219 tur
360 2193 416 2227 ipsa
439 2193 628 2227 prmcedentia.
657 2193 694 2220 Ε(
721 2195 773 2221 hoc
798 2195 892 2222 tertius
916 2195 1032 2227 dicatur,
1058 2201 1091 2221 ex

302 2156 431 2181 arguitur.
456 2156 597 2174 aecunaus
619 2156 660 2175 lllc
676 2156 787 2176 insecta.
814 2156 919 2175 'tcrttus
944 2156 1091 2175 contrarta-
1836 2184 1840 2189 _

302 2196 344 2219 tur
360 2193 416 2227 ipsa
439 2193 628 2227 prmcedentia.
657 2193 694 2220 Ε(
721 2195 773 2221 hoc
798 2195 892 2222 tertius
916 2195 1032 2227 dicatur,
1058 2201 1091 2221 el
1809 2187 1811 2189 ’

302 2245 382 2265 causa
403 2238 509 2266 dit-cute
524 2248 531 2272 ;
548 2239 609 2266 huic
623 2239 709 2272 prituo
724 2239 814 2266 brevis
826 2240 903 2267 datur
928 2240 1004 2274 longa
1030 2240 1079 2266 Sub

304 2285 446 2319 sequenti,
474 2290 557 2321 atque
586 2285 676 2313 brevis
702 2286 843 2313 comitatur
871 2286 943 2314 hunc
976 2286 1081 2314 inconti~

304 2330 378 2358 ttenti
390 2339 397 2357 :

1239 2369 1396 2405 llujnsmodi
1412 2372 1582 2407 ligaturarum
1595 2383 1682 2410 pones
1693 2377 1718 2404 in
1730 2373 1842 2411 principio
1849 2372 1897 2399 illam

1240 2390 1396 2405 ..νδ-ιυιιιυυι
1412 2390 1531 2407 "ausura"
1540 2390 1581 2401 llIlI
1596 2390 1682 2410 μυιιΰδ
1693 2390 1718 2404 Ill
1730 2390 1897 2411 μΙΊιιιὶψιυιιιιιιι

1204 2423 1252 2450 per
1267 2423 1295 2443 se
1311 2418 1500 2453 perrectarum,
1522 2427 1580 2454 qua:
1603 2426 1647 2449 est
1666 2422 1701 2450 de
1714 2420 1841 2452 consortio,
1853 2424 1897 2452 qua-

1148 2503 1150 2506 .
1204 2467 1318 2497 tunrque
1333 2464 1473 2499 ligatarum
1489 2472 1637 2501 sequantur
1649 2464 1897 2502 conﬁnio,sicutetiam

1204 2508 1230 2532 in
1245 2508 1358 2532 cnlleuin
1372 2510 1564 2532 srrintnrnrnm
1580 2518 1701 2532 nni-num
1715 2523 1721 2529 -

1204 2467 1318 2497 tuurque
1333 2464 1473 2499 ligatarum
1489 2472 1637 2501 sequantur
1649 2464 1897 2502 conﬁnio,sicutetiam

1148 2503 1150 2506 ’
1204 2508 1230 2534 in
1245 2508 1358 2544 collegio
1372 2510 1564 2545 scripturarum
1580 2518 1701 2542 notatum
1715 2523 1721 2541 :

335 2571 430 2598 Mar-ire
445 2573 583 2604 praeconia,
605 2572 713 2605 devotio,
729 2578 781 2601 etc.
804 2574 855 2602 Isle
871 2575 964 2601 modus
978 2575 1036 2601 col-

298 2617 405 2651 ligatur,
415 2617 476 2645 bina
487 2618 649 2653 prmcedenti
660 2620 771 2654 ligatnra
781 2622 958 2652 consociatur.
968 2622 1035 2650 trina

300 2663 400 2691 ﬁnienti
413 2672 420 2690 :

1149 2132 1894 2156 κ

1321 2315 1406 2343 Suaut
1419 2317 1482 2345 voile
1497 2318 1559 2345 dant
1573 2323 1633 2347 (arts
1643 2320 1707 2353 und,
1722 2324 1771 2348 etc.

1073 2589 1900 2672 m

1213 2705 1837 2718 —_,_,_____

1064 2722 1899 2738 _*——n—_____.___,__——’

1282 2798 1417 2831 Septimus
1434 2798 1528 2825 modus
1544 2805 1576 2825 ex
1592 2797 1703 2825 vocibus
1718 2801 1810 2832 septem
1822 2797 1900 2823 coml’o'

1244 2849 1427 2871 ueturttccuou
1444 2845 1525 2872 rtctis
1541 2843 1677 2877 brevibus,
1691 2842 1732 2871 hic
1742 2848 1799 2876 ergo
1813 2840 1900 2867 locem;
