4010 6382
616 360 721 415 υ59

1086 355 1285 411 BEDA'Z
1329 352 1770 410 VENERABILIS
1808 350 1954 406 OPP.
2001 350 2175 407 PARS
2216 351 2225 405 1

2358 348 2486 407 ΞΩΤ.
2530 349 2592 407 ll.
2634 382 2702 393 —-
2734 351 2936 408 ῡυιιιΑ
2978 352 3063 407 ΕΤ
3104 351 3359 411 SPURIA.

3682 368 3755 426 Μ’]

689 467 873 531 Polus,
918 468 961 521 is
999 464 1092 536 qui
1127 466 1327 520 Boreus
1367 464 1681 534 appellatur.
1716 463 1982 533 pervideri
2018 470 2192 532 potest
2222 465 2271 523 Α
2301 464 2496 534 Aquilo
2524 466 2908 531 constituitur;
2960 468 3151 523 iterum
3181 481 3349 525 autem
3377 474 3434 526 ad
3464 475 3564 544 ejus
3586 477 3687 549 signi
3707 497 3760 538 re-

618 574 867 631 semper;
894 558 1062 614 Notus
1108 567 1283 611 autem
1335 558 1539 611 ratione
1568 549 1848 611 dissimilis
1872 571 2087 624 semper
2114 566 2197 609 est

620 662 963 721 acunspectu
1013 658 1270 703 remotus.
1322 646 1589 702 Naturalis
1630 648 1810 701 mundi
1851 647 2016 701 statio
2065 649 2195 717 phy-

622 743 731 799 sice
759 742 973 803 dicitur,
1004 756 1064 795 ea
1105 755 1226 794 esse
1255 739 1306 792 in
1336 737 1507 793 Boreo
1539 740 1661 808 polo
1703 740 1872 806 liuita,
1919 748 1980 792 ut
2022 740 2198 792 omnia

623 848 656 888 ο
684 834 889 888 dextris
922 830 1158 900 partibus
1187 830 1415 895 exoriri,
1449 831 1500 883 in
1548 830 1782 884 sinistris
1824 830 2074 884 occidere
2122 828 2199 883 vi-

619 926 866 980 deantur.
898 924 1129 976 Exortus
1171 932 1253 975 est
1282 922 1422 974 enim
1478 921 1649 975 subita
1697 920 1941 990 qumdam
1990 921 2201 989 species

621 1016 827 1085 objecta
878 1023 1061 1069 nostro
1111 1011 1440 1081 conspectui.
1489 1012 1723 1065 Occasus
1766 1020 1943 1065 autem
1990 1011 2106 1081 pari
2135 1010 2203 1063 de

617 1091 803 1170 causa,
836 1114 895 1158 ut
922 1112 1105 1174 erepta
1134 1105 1204 1157 ab
1252 1103 1420 1156 oculis
1449 1102 1561 1156 visa
1604 1104 1656 1156 iri
1708 1102 1950 1157 ﬁnitione
1997 1100 2199 1155 mundi.

617 1196 818 1253 Circuli
859 1205 985 1251 sunt
1029 1194 1274 1265 paralleli
1318 1194 1578 1264 quinque,
1620 1194 1671 1246 iu
1702 1193 1900 1261 Quibus
1931 1201 2038 1246 tota
2070 1194 2205 1245 ratio

620 1291 847 1359 sphtcra:
875 1289 1155 1350 consistat,
1187 1295 1381 1355 praeter
1409 1302 1532 1340 cum
1556 1288 1643 1365 qui
1677 1286 1930 1339 zodiacus
1961 1285 2203 1352 appella-

619 1391 731 1435 tur.
760 1380 861 1447 Qui
889 1378 1029 1447 quod
1060 1392 1164 1431 non
1189 1387 1244 1431 ut
1265 1377 1450 1431 caeteri
1476 1376 1663 1431 circuli
1696 1384 1840 1431 certa
1869 1374 2206 1429 dimensione

621 1474 829 1540 ﬁnitur,
862 1481 916 1527 et
943 1469 1291 1524 inclinatione
1318 1468 1439 1523 aliis
1470 1466 1702 1534 videtur,
1738 1468 1893 1521 loxos
1933 1482 1963 1521 a
2002 1465 2208 1520 Graecis

620 1578 711 1621 est
758 1564 951 1619 dictus.
1000 1562 1247 1630 Quinque
1295 1569 1497 1625 autem,
1543 1575 1678 1629 quos
1728 1574 1887 1627 supra
1946 1557 2204 1622 diximus,

624 1657 781 1714 sicin
812 1655 1018 1726 Sphaera
1051 1662 1364 1707 metiuntur.
1397 1652 1550 1705 Initio
1578 1665 1831 1720 supremo
1869 1665 1897 1703 a
1933 1649 2079 1719 polo,
2118 1650 2209 1719 qui

582 1790 587 1797 .
629 1753 833 1807 Boreus
861 1750 1180 1819 appellatur,
1214 1747 1279 1800 ad
1313 1762 1432 1800 eum
1462 1747 1552 1815 qui
1586 1746 1753 1799 Notus
1780 1754 1835 1800 ct
1866 1744 2210 1799 Antarcticus

2297 556 2511 624 gionem
2538 558 2681 627 quod
2722 558 2945 612 Procion
2978 572 3220 614 vocatur.
3266 563 3522 620 Duodecim
3559 572 3760 639 signorum

2301 656 2477 713 partes
2523 650 2603 703 sic
2649 647 2971 703 dividentur.
3021 650 3264 720 Quinque
3308 654 3493 721 circuli,
3535 659 3593 713 de
3625 664 3763 729 quibus

2299 754 2457 809 Supra
2487 741 2743 807 diximus,
2781 743 2850 795 ita
2886 744 3171 810 liniuntur,
3218 756 3272 799 ut
3300 748 3611 817 unusquisque
3631 765 3763 812 eorum

2300 830 2565 885 dividatur
2593 834 2642 885 in
2673 844 2849 900 partes
2870 849 2940 887 xit
2963 874 2979 899 ,
3003 846 3056 890 et
3082 836 3150 890 ita
3182 854 3244 890 ex
3274 853 3441 893 eorum
3467 844 3637 907 punctis
3658 845 3765 902 linea

2304 922 2684 989 perducantur,
2711 940 2829 990 qua:
2851 925 3080 979 circulos
3119 927 3416 997 signilicent
3441 931 3598 996 factos,
3622 935 3662 989 in
3685 938 3766 1007 qui-

2303 1012 2403 1066 bus
2431 1014 2581 1081 signa
2616 1030 2686 1067 xit
2718 1014 3111 1072 describantur.
3153 1018 3257 1073 Sed
3301 1035 3327 1072 a
3354 1025 3587 1077 nonnullis
3613 1027 3769 1094 imperi.

2302 1104 2528 1158 ti0ribus
2558 1107 2817 1173 quaeritur
2860 1124 3024 1176 quare
3056 1124 3160 1162 non
3208 1112 3369 1180 requis
3394 1114 3601 1183 partibus
3637 1120 3769 1176 circuli

2308 1197 2577 1261 liniantur,
2610 1199 2712 1253 hoc
2738 1208 2839 1263 est,
2874 1212 2929 1253 ut
2956 1202 3023 1255 de
3052 1203 3260 1271 triginta
3292 1206 3508 1272 partibus
3528 1207 3668 1278 quina:
3688 1227 3771 1278 par-

2308 1297 2388 1344 tes
2418 1290 2739 1355 dividantur,
2770 1302 2825 1344 et
2856 1293 2924 1346 ita
2963 1292 3149 1348 circuli
3194 1296 3303 1364 pari
3354 1298 3537 1352 ratione
3562 1301 3769 1367 ducantur,

2308 1381 2359 1435 id
2387 1381 2636 1437 facillime
2662 1383 2877 1439 defendi
2902 1400 3058 1454 posse
3081 1387 3411 1443 confidimus.
3438 1389 3551 1443 Cum
3566 1394 3686 1446 "euitn
3704 1398 3774 1449 me

2308 1472 2393 1526 dia
2456 1473 2670 1539 sphaara
2722 1474 2893 1531 divisa
2952 1487 3071 1542 est,
3122 1479 3429 1533 circulorum
3474 1483 3621 1535 nullus
3657 1494 3774 1551 potest

2309 1565 2530 1633 a'qualis
2552 1578 2716 1631 esse;
2748 1569 2836 1637 qui
2889 1570 3134 1637 quamvis
3183 1572 3417 1640 proxime
3456 1590 3560 1627 eum
3605 1576 3774 1637 accedat.I

2315 1663 2487 1711 tamen
2512 1658 2685 1710 mittor
2706 1674 2823 1713 esse
2847 1660 3110 1714 videatur.
3135 1660 3321 1731 Itaque
3348 1665 3428 1731 qui
3451 1666 3639 1731 primum
3662 1667 3775 1735 splia-

2312 1763 2425 1801 ram
2495 1748 2753 1816 fecerunt,
2808 1766 2928 1804 cum
2992 1752 3195 1805 vellent
3253 1756 3481 1809 omnium
3540 1757 3776 1811 circulorum

628 1856 871 1904 vocatur,
902 1843 955 1898 in
984 1842 1194 1910 triginta
1229 1846 1409 1906 partes
1435 1838 1853 1905 unumquodque
1885 1836 2208 1905 hemisphze-
2245 1831 2286 1889 Β
2313 1854 2495 1902 mquas
2526 1840 2760 1895 rationes
2783 1855 2926 1906 esse,
2959 1857 3055 1910 pro
3086 1853 3200 1896 rata
3233 1854 3376 1912 parte
3403 1846 3642 1901 voluerunt
3662 1848 3777 1913 signi~

629 1934 771 1988 rium
801 1931 1078 1993 dividitur,
1111 1929 1182 1982 ita
1217 1929 1291 1982 uti
1319 1927 1586 1983 dimensio
1614 1928 1906 1995 signiﬁcari
1940 1927 2207 1991 videatur,

627 2027 817 2080 intota
846 2026 1056 2093 splirera
1104 2036 1166 2075 ιχ
1200 2028 1380 2089 partes
1426 2019 1616 2073 factas.
1665 2018 1866 2074 Deinde
1911 2018 1978 2073 ab
2019 2017 2209 2073 eodem

632 2112 899 2182 principio
930 2112 1101 2166 Boreo
1146 2125 1242 2164 sex
1297 2110 1536 2176 partibus
1582 2123 1648 2163 ex
1696 2117 1921 2177 utraque
1970 2106 2211 2161 ﬁtiidone

630 2208 887 2278 sumptis,
920 2204 1152 2258 circulus
1172 2201 1410 2267 ducitur,
1440 2201 1595 2271 cujus
1620 2211 1867 2256 centrum
1899 2202 2013 2271 ipse
2057 2200 2212 2270 polus

630 2301 832 2356 linitur.
863 2296 1106 2352 Cimolus
1132 2295 1376 2350 Arcticus
1405 2296 1727 2364 appellatur,
1748 2295 1891 2363 quod
1926 2296 2065 2363 intra
2088 2309 2210 2349 eum

634 2402 911 2446 arcturum
944 2384 1235 2441 simulacra
1282 2392 1339 2437 ut
1384 2384 1589 2438 inclusa
1637 2383 2054 2453 perspiciuntur.
2087 2384 2215 2450 Qure

633 2484 785 2553 signa
819 2497 849 2535 a
880 2477 1082 2534 nostris
1130 2491 1374 2531 ursarum
1405 2476 1585 2545 specie
1618 2477 1760 2541 licta,
1807 2474 2217 2545 Septentriones

637 2554 994 2643 appellantur.
1026 2570 1108 2625 Ab
1168 2569 1270 2622 hoc
1317 2568 1523 2623 circulo
1576 2568 1645 2623 de
1704 2569 1925 2639 reliquis
1972 2568 2218 2639 partibus

633 2666 871 2736 quinque
900 2663 1151 2730 sumptis,
1182 2661 1370 2716 eodem
1394 2671 1605 2727 centro,
1637 2676 1744 2730 quo
1774 2676 1937 2730 supra
1961 2661 2213 2728 diximus,

635 2758 867 2815 circulus
914 2755 1146 2818 ducitur,
1181 2754 1270 2822 qui
1319 2754 1562 2809 theriuos
1608 2754 1844 2821 tropicos
1892 2753 2212 2821 appellatur,

635 2851 758 2906 ideo
785 2849 925 2919 quod
956 2848 1038 2903 sol
1063 2861 1185 2902 cum
1211 2847 1274 2900 ad
1297 2861 1423 2901 eum
1456 2846 1719 2901 circulum
1751 2848 2020 2915 pervenit,
2057 2858 2217 2902 sesta-

635 2951 743 2996 tem
773 2939 935 2994 efﬁcit
960 2937 1038 2991 eis
1068 2936 1158 3006 qui
1186 2936 1239 2990 in
1268 2936 1551 3005 Aquilonis
1578 2936 1771 2990 ﬁnibus
1799 2945 1945 2999 sunt,
1988 2936 2218 2992 hiemem

635 3040 812 3086 autem
837 3029 915 3084 eis
948 3042 1084 3099 quos
1114 3029 1294 3083 Austri
1326 3026 1540 3082 ﬂatibus
1586 3028 1864 3096 oppositos
1906 3036 2031 3083 ante
2077 3028 2219 3084 dixi~

637 3140 777 3178 mus.
825 3123 1112 3192 Propterea
1164 3118 1307 3189 quod
1356 3121 1495 3175 ultra
1544 3135 1665 3175 eum
1704 3119 1967 3175 circulum
1996 3121 2077 3175 sol
2111 3133 2215 3174 non

2314 1930 2499 1996 ficare,
2548 1942 2605 1983 ut
2634 1941 2836 2000 quanto
2884 1934 3052 2003 magis
3101 1950 3130 1987 a
3178 1936 3300 2004 polo
3346 1936 3681 2000 discederetur,
3714 1939 3781 1992 hoc

2316 2022 2578 2097 titinorem
2629 2041 2908 2081 numerum
2970 2031 3198 2097 partium
3257 2043 3511 2087 sumerent
3552 2034 3593 2085 in
3634 2034 3781 2088 circulis

2316 2112 2619 2181 moliendis,
2652 2133 2756 2184 quo
2803 2132 3023 2173 necesse
3073 2121 3155 2173 his
3183 2130 3301 2175 erat
3344 2121 3576 2190 majorem
3598 2124 3781 2177 circulum

2315 2208 2559 2263 delinire.
2586 2210 2735 2275 Quod
2766 2210 2926 2264 etiam
2953 2226 3019 2264 ex
3048 2212 3157 2280 ipsa
3185 2213 3386 2280 sphaera
3415 2215 3525 2267 licet
3550 2215 3782 2281 intelligere,

2316 2309 2515 2369 quanto
2560 2302 2727 2369 magis
2754 2316 2780 2352 a
2814 2301 2934 2369 polo
2963 2301 3233 2369 discedes,
3267 2302 3364 2357 hoc
3405 2304 3608 2372 majores
3628 2304 3787 2357 circulos

2318 2390 2456 2459 ﬁeri,
2484 2402 2536 2446 et
2563 2391 2661 2446 hac
2684 2408 2740 2447 re
2768 2395 3027 2447 minorem
3059 2394 3180 2448 duci
3216 2411 3503 2461 numerum,
3529 2406 3577 2449 ut
3596 2409 3710 2464 pares
3730 2408 3788 2449 θοι

2318 2497 2437 2537 rum
2488 2482 2769 2535 videantur
2817 2481 3068 2548 ell‘cctus;
3118 2493 3173 2536 et
3214 2485 3259 2538 si
3310 2499 3409 2538 non
3458 2485 3504 2538 in
3546 2500 3630 2539 xxx
3671 2493 3790 2552 partes

2321 2574 2734 2642 unumquodque
2768 2573 3200 2644 lientispltzrrium
3245 2577 3515 2641 dividatur,
3542 2577 3619 2631 sed
3644 2578 3682 2630 in
3703 2576 3790 2630 alin

2319 2668 2597 2739 quodlibet
2628 2669 2917 2734 ﬁnitiones,
2974 2682 3149 2725 tamen
3191 2688 3259 2726 eo
3293 2674 3424 2727 ratio
3469 2672 3667 2742 pervenit
3698 2670 3790 2737 ejus,

2322 2776 2383 2816 ac
2407 2762 2450 2815 si
2483 2761 2691 2830 triginta
2721 2772 2898 2830 partes
2924 2763 3151 2817 fecisset.
3188 2763 3448 2819 Zodiacus
3469 2764 3660 2819 circulus
3680 2760 3792 2814 tribui

2324 2853 2406 2907 his
2433 2854 2726 2920 subjectus,
2757 2853 2823 2907 de
2864 2854 3058 2920 quibus
3089 2870 3247 2922 supra
3278 2854 3513 2920 diximus,
3543 2868 3599 2907 ex
3634 2851 3793 2922 quadam

2324 2952 2473 3012 parte
2501 2943 2759 3012 contingit
2789 2944 3030 2997 restivum
3058 2956 3111 2998 et
3147 2944 3447 3009 hiemalem,
3469 2942 3793 3012 :cquinoctialem

2322 3044 2498 3088 autem
2526 3034 2759 3088 medium
2780 3034 2991 3087 dividit.
3014 3035 3198 3105 Itaque
3219 3037 3297 3091 sol
3322 3052 3411 3106 per
3430 3036 3663 3089 zodiacum
3681 3034 3796 3086 circu-

2328 3126 2435 3179 lum
2469 3140 2720 3187 currens,
2752 3140 2925 3194 neque
2954 3137 3103 3179 extra
3134 3141 3261 3181 eum
3294 3127 3555 3191 transiens,
3580 3123 3797 3179 necessario

640 3217 856 3282 transit,
899 3214 995 3269 sed
1041 3213 1221 3269 statim
1266 3212 1579 3275 revertitur,
1611 3212 1852 3281 tropicus
1880 3219 1963 3265 est
1989 3212 2223 3282 appella-

2362 3233 2447 3272 um
2479 3218 2643 3286 signis
2674 3216 2777 3283 his,
2802 3218 2992 3286 quibus
3021 3217 3237 3273 innixus
3265 3219 3365 3274 iter
3384 3220 3616 3273 coniicere
3638 3214 3797 3272 videtur,

640 3315 748 3362 tus.
779 3306 860 3360 Ah
891 3306 989 3360 hac
1018 3303 1208 3359 circuli
1241 3300 1635 3371 signiﬁcatione
1662 3310 1891 3370 quatuor
1916 3301 1983 3355 de
2006 3300 2224 3370 reliquis

644 3397 886 3469 partibus
928 3396 1173 3465 sumptis,
1222 3395 1436 3449 ducitur
1486 3394 1722 3448 circulus
1772 3392 2225 3463 aequinoctialisa

643 3488 845 3547 Graecis
874 3491 1188 3545 iscmerinos
1242 3488 1568 3557 appellatus,
1619 3487 1742 3541 ideo
1788 3485 1931 3556 quod
1988 3486 2224 3540 sulcum

645 3586 714 3640 ad
745 3598 866 3661 eum
894 3583 1079 3637 orbem
1110 3582 1376 3649 pervenit,
1406 3578 1784 3648 aequinoctium
1824 3577 2065 3632 conficit.
2116 3575 2229 3630 Hoc

646 3676 849 3732 circulo
878 3674 1039 3737 facto,
1089 3672 1309 3726 dimidia
1355 3670 1581 3739 spher
1611 3685 1738 3740 pars
1787 3672 2077 3726 constituta
2109 3685 2231 3741 per-

648 3769 889 3840 spicitur.
925 3765 967 3821 E
993 3765 1265 3819 contrario
1292 3763 1417 3817 item
1441 3763 1601 3817 simili
1633 3763 1845 3816 ratione
1875 3777 1904 3815 a
1937 3762 2075 3816 Noto
2107 3762 2232 3831 polo

647 3880 742 3921 sex
783 3858 1024 3931 partibus
1069 3856 1323 3925 sumptis,
1373 3864 1430 3909 ut
1460 3869 1620 3923 supra
1667 3854 1733 3907 de
1768 3854 1937 3908 Boreo
1969 3853 2225 3913 diximus.

648 3954 877 4010 circulus
905 3949 1099 4005 ductus
1122 3945 1464 4002 Autarcticus
1491 3952 1735 4007 vocatur,
1756 3942 1898 4013 quod
1927 3946 2231 3998 contrarius

651 4055 735 4100 est
773 4043 977 4098 circulo
1007 4054 1168 4108 quem
1212 4037 1464 4093 Arcticon
1508 4049 1669 4105 supra
1698 4034 2071 4089 deﬁnivimus.
2125 4033 2236 4088 llac

651 4133 969 4191 deﬁnitione
999 4131 1248 4199 sphaerae,
1279 4135 1572 4195 centroque
1596 4126 1741 4196 polo,
1772 4127 1861 4195 qui
1906 4124 2078 4181 Notus
2098 4124 2235 4180 dici-

652 4238 759 4291 tur,
808 4224 1043 4296 quinque
1098 4219 1337 4289 partibus
1389 4218 1639 4286 sumptis,
1696 4218 1927 4272 circulus
1982 4218 2238 4273 imeriuos

654 4315 892 4386 tropicos
932 4312 1253 4377 instltuitur,
1293 4326 1321 4364 a
1370 4309 1526 4364 nobis
1570 4308 1839 4374 hiemalis,
1889 4325 1917 4362 a
1966 4310 2236 4364 nonnullis

655 4408 816 4463 etiam
856 4402 1115 4460 brumalis
1145 4402 1461 4471 appellatur,
1515 4400 1640 4455 ideo
1683 4398 1825 4469 quod
1877 4398 1956 4454 sol
2004 4414 2126 4454 cum
2176 4401 2241 4454 ad

658 4518 782 4560 eum
810 4500 1072 4557 circulum
1125 4498 1389 4569 pervenit,
1450 4497 1682 4551 hiemem
1732 4495 1899 4551 elllcit
1926 4495 2008 4550 his
2038 4497 2127 4566 qui
2174 4496 2240 4551 ad

658 4594 981 4666 Aquilonem
1009 4578 1356 4663 eispectant,
1389 4599 1628 4644 aestatem
1678 4600 1853 4644 autem
1915 4588 2000 4643 bis
2046 4590 2138 4658 qui
2190 4590 2242 4646 in

662 4686 841 4745 Austri
869 4686 1107 4755 partibus
1141 4683 1409 4739 domicilia
1441 4682 1860 4736 constituerunt.
1895 4681 2120 4749 Quando
2150 4697 2245 4736 au-

664 4792 774 4836 tem
804 4778 957 4834 abest
997 4779 1207 4848 longius
1247 4775 1316 4831 ab
1348 4775 1432 4830 his
1456 4774 1547 4844 qui
1586 4773 1638 4828 in
1670 4773 1953 4844 Aquilonis
2001 4773 2246 4830 habitant

666 4872 888 4938 ﬁnibus,
938 4870 1040 4924 hoc
1082 4868 1287 4939 majore
1334 4868 1510 4922 hieme
1556 4865 1952 4931 conflictantur,
2004 4874 2246 4921 aestatem

667 4975 847 5018 autem
896 4959 953 5016 hi
996 4960 1188 5029 quibus
1235 4959 1317 5014 sol
1366 4958 1642 5029 appositus
1690 4958 2020 5027 pervidetur.
2067 4957 2250 5029 Itaque

669 5053 956 5123 Ethiopes
1003 5051 1105 5105 sub
1147 5059 1376 5119 utroque
1422 5049 1554 5103 orbe
1605 5049 1912 5103 necessario
1964 5051 2118 5106 liunt.
2171 5051 2253 5104 Ab

671 5123 1002 5201 hoccirculo
1025 5141 1089 5197 ad
1109 5139 1558 5211 Equinoctialem
1583 5140 1841 5195 circulum
1876 5139 2094 5211 reliqum
2122 5141 2256 5197 liunt

673 5248 854 5310 partes
876 5244 1123 5307 quatuor,
1156 5234 1226 5288 ita
1255 5235 1328 5287 uti
1356 5234 1435 5289 sol
1482 5249 1576 5303 per
1623 5243 1746 5289 octo
1798 5245 1974 5302 partes
2026 5236 2257 5304 sphaera-

675 5343 894 5385 currere
920 5326 1187 5383 videatur.
1237 5324 1498 5380 Zodiacus
1546 5336 1722 5380 autem
1773 5327 2009 5381 circulus
2062 5328 2141 5382 sic
2172 5328 2257 5391 vel

677 5408 882 5491 optime
919 5419 1129 5476 deliniri
1162 5419 1378 5489 poterit,
1410 5427 1467 5472 ut
1510 5420 1675 5488 signis
1705 5419 1877 5484 lactis,
1906 5420 2046 5474 sicut
2080 5430 2262 5489 postea

679 5511 939 5576 dicemus,
971 5525 1037 5565 ex
1067 5511 1257 5563 ordine
1286 5510 1520 5563 circulus
1572 5513 1910 5578 perducatur.
1944 5511 2047 5580 Qui
2083 5524 2260 5566 autem

684 5604 909 5659 Lacteus
939 5612 1180 5669 vocatur,
1226 5603 1527 5657 cootrarius
1562 5604 1943 5671 aequinoctzali,
1976 5607 2056 5659 vel
2090 5606 2158 5658 ita
2192 5606 2262 5661 ibi

684 5703 897 5766 oportet
917 5696 1266 5760 constituere,
1300 5703 1354 5746 ut
1383 5706 1505 5747 eum
1538 5692 1767 5747 medium
1793 5694 2053 5761 dividere,
2087 5704 2140 5751 et
2172 5700 2251 5752 bis

689 5788 754 5842 ad
782 5801 902 5844 eum
941 5784 1220 5858 pervenire
1256 5783 1520 5852 videatur,
1569 5786 1733 5840 semel
1790 5786 1843 5841 in
1871 5798 1938 5842 eo
1986 5789 2122 5855 loco,
2181 5790 2268 5845 ubi

2271 4545 2323 4607 1Ί

2331 3313 2575 3378 pervenit
2602 3310 2667 3364 ad
2710 3325 2805 3366 eos
2850 3326 2985 3379 quos
3038 3326 3198 3380 supra
3242 3312 3465 3367 diximus
3502 3313 3650 3372 orbes,
3687 3318 3726 3361 et
3755 3308 3800 3357 ita

2330 3414 2558 3475 quatuor
2584 3416 2821 3473 tempora
2871 3406 3077 3459 delinit.
3122 3405 3260 3460 Nam
3304 3408 3371 3461 ab
3406 3406 3569 3460 Ariete
3602 3401 3799 3468 incipiens

2332 3510 2424 3551 ver
2451 3496 2705 3561 ostendit,
2730 3506 2781 3550 et
2801 3497 3059 3562 Taurum,
3092 3508 3145 3551 et
3177 3498 3430 3552 Geminos
3455 3497 3690 3554 transiens,
3708 3492 3801 3543 idem

2334 3586 2638 3655 significat;
2677 3586 2767 3640 sed
2804 3584 2913 3654 jam
2955 3584 3220 3653 capitibus
3265 3584 3587 3641 Geminorum
3624 3578 3802 3636 circulum

2336 3675 2575 3730 arstivum
2609 3685 2823 3746 tangere
2840 3675 3068 3731 videtur.
3101 3677 3162 3730 Et
3192 3694 3288 3745 per
3312 3677 3555 3732 Cancrum
3580 3685 3623 3729 et
3648 3674 3803 3727 Leonem

2336 3768 2598 3821 transiens
2639 3777 2694 3822 et
2739 3768 3031 3838 Virginem,
3077 3777 3322 3825 aasmtem
3351 3770 3521 3825 ellicit.
3567 3768 3805 3820 Etrursusa

2340 3857 2572 3928 Virginis
2597 3868 2834 3912 extrema
2886 3868 3041 3927 parte
3089 3864 3329 3917 transire
3375 3861 3438 3915 ad
3488 3852 3805 3929 azquinoctialem

2335 3951 2590 4005 circulum
2624 3951 2962 4019 perspicitur.
3006 3952 3064 4006 ln
3113 3952 3278 4007 Libra
3333 3961 3499 4007 autem
3530 3944 3806 4019 aquinoctium

2336 4045 2574 4109 coniicit,
2633 4054 2687 4098 et
2725 4054 3039 4100 autumnum
3087 4046 3392 4114 signiﬁcare
3435 4045 3613 4114 incipit.
3658 4040 3719 4094 Ab
3746 4036 3809 4088 [ιω

2338 4134 2492 4203 signo
2518 4134 2785 4189 transiens
2808 4135 2874 4188 ad
2903 4137 3257 4203 Scorpionem
3289 4147 3338 4192 et
3372 4135 3691 4204 Sagittarium;
3712 4127 3809 4179 dein-

2341 4223 2408 4278 de
2456 4223 2694 4290 protinus
2737 4225 2961 4280 incurrit
3011 4227 3063 4280 in
3097 4228 3385 4282 hiemalem
3416 4226 3657 4286 circulum,
3681 4226 3720 4273 et
3748 4213 3811 4267 αι’

2343 4317 2615 4387 pricoruo,
2643 4320 2900 4387 Aquario,
2946 4317 3185 4373 Piscibus
3233 4320 3461 4374 hiemem
3500 4314 3710 4381 transigit.
3746 4302 3811 4358 lt:-

2345 4422 2450 4477 que
2492 4408 2793 4463 ostenditur
2822 4424 2928 4462 non
2962 4423 3056 4477 per
3101 4419 3210 4465 tres
3242 4412 3386 4481 ipsos
3415 4408 3619 4464 circulos
3650 4410 3812 4458 currere.

2348 4502 2439 4556 sed
2466 4501 2743 4557 zodiacum
2771 4502 3037 4557 transiens
3063 4503 3130 4555 ad
3162 4518 3259 4558 eos
3286 4503 3569 4574 pervenire.

3064 4595 3217 4651 Item.
3364 4589 3375 4594 ’

2421 4688 2653 4745 Inventis
2685 4690 2737 4745 in
2762 4690 2968 4758 sphaera
2994 4690 3222 4745 rotunda
3245 4689 3467 4754 coluris.
3491 4695 3539 4743 et
3562 4685 3654 4751 ipsa
3677 4675 3815 4746 δρῑιεη

2352 4782 2403 4836 in
2437 4780 2713 4851 sexaginta
2736 4781 2927 4847 divisa,
2958 4782 3022 4835 ad
3055 4782 3431 4838 inveniendum
3461 4777 3610 4835 nostri
3634 4774 3819 4826 almucan'
3908 4774 3909 4851 ξ

2354 4884 2508 4937 tarat,
2542 4874 2653 4928 haec
2682 4884 2764 4929 est
2805 4873 2964 4928 ratio.
2998 4875 3079 4929 Ah
3120 4877 3303 4930 arctici
3331 4884 3510 4930 centro
3546 4872 3590 4925 in
3614 4860 3819 4921 meridiano
3908 4864 3909 4919 χ

2355 4967 2539 5020 coluro
2573 4981 2816 5020 assumas
2853 4976 3060 5052 septem
3099 4968 3484 5036 sexagesimas,
3529 4972 3577 5017 et
3618 4958 3674 5013 ibi
3908 4954 3909 4981 ³

2355 5072 2621 5112 summum
2656 5056 2875 5112 habeas.
2910 5039 2967 5112 Iri
2990 5074 3093 5126 quo
3124 5060 3342 5127 quidem
3369 5069 3565 5112 summo
3598 5064 3682 5104 uno
3700 5039 3819 5125 circini
3908 5054 3909 5127 ξ

2358 5151 2493 5219 pede
2523 5150 2712 5217 posito,
2758 5166 2822 5203 xv
2852 5152 3213 5219 sexagesimus
3264 5165 3505 5205 assumas
3549 5148 3714 5211 anteit;
3739 5127 3823 5199 llede
3908 5127 3909 5171 θ

2360 5260 2481 5316 cum
2510 5246 2697 5311 “"6"”.
2730 5255 2781 5299 el
2806 5245 3031 5314 primum
3055 5245 3458 5307 almucautarat,
3483 5242 3526 5293 id
3554 5248 3639 5296 est,
3660 5225 3821 5316 stabileﬂl
3908 5222 3909 5225 “

2365 5335 2532 5388 nostri
2587 5334 2917 5388 horizontem
2944 5335 3357 5390 circumvolvas.
3404 5306 3823 5387 Deindeinteriusﬁl1
3908 5400 3909 5405 γ

2365 5442 2449 5480 xiv
2484 5440 2668 5496 ponas,
2713 5434 2770 5479 ct
2821 5427 3011 5497 iterum
3040 5426 3447 5483 circutnvolvas.
3479 5419 3650 5477 Deinde
3683 5406 3826 5497 sntitl

2366 5515 2437 5571 ita
2487 5517 2551 5569 ad
2598 5516 2835 5586 singulas
2886 5518 3168 5587 interiores
3221 5518 3516 5587 sexagimas
3558 5520 3691 5580 ponas
3711 5493 3828 5556 διάν-

2368 5608 2659 5665 cumducas
2708 5609 2836 5679 dum
2885 5610 2949 5664 ad
2999 5626 3255 5667 cacumen
3288 5610 3484 5664 venias.
3524 5604 3593 5659 Ad
3617 5588 3827 5665 erigendam

2369 5703 2632 5772 Sphmram
2664 5706 2948 5760 rotundam
2982 5707 3060 5763 sic
3092 5706 3276 5761 facias.
3312 5706 3390 5761 Ad
3442 5700 3677 5759 Arcticum
3712 5684 3830 5742 sublus
3908 5708 3909 5772 ξ

2371 5796 2506 5852 duas
2551 5798 2931 5866 sexagesimus,
2983 5799 3034 5853 in
3089 5809 3325 5855 nostram
3375 5791 3678 5852 habitabilem
3700 5783 3829 5833 sumas.
