4010 6382
237 394 341 469 915

1590 411 1675 465 DE
1716 412 1932 468 SlGNlS
1969 416 2179 470 (ΚΕΗ.

3381 430 3485 484 {N6

304 532 515 601 Jupiter
540 539 752 585 creatus
781 538 863 583 est
893 529 943 583 in
973 527 1247 599 Sagittarii
1301 528 1481 597 quinta
1516 537 1686 598 parte,
1717 545 1804 585 re-
1834 534 1878 592 Α
1911 533 2038 586 loris
2063 534 2266 590 electri.
2286 534 2425 589 Mars
2452 533 2638 588 calida:
2662 543 2863 587 natura:
2882 577 2894 597 ,
2918 538 3115 591 coloris
3138 540 3282 593 terei.
3310 539 3484 592 Venus

236 614 412 661 tnotus
436 618 465 655 a
492 601 617 657 Sole
645 616 745 654 cxx
774 602 1032 666 partibus.

312 674 488 728 Venus
516 682 700 725 creata
744 671 796 723 in
843 671 1048 724 decima
1079 678 1441 739 qnartagparte
1466 666 1661 735 Librae,
1716 684 1802 725 re-

233 752 379 799 mota
407 758 436 796 a
461 742 584 796 Sole
614 756 699 794 ιω(
722 740 979 808 partibus.

305 814 569 868 Saturnus
593 807 802 864 creatus
843 820 924 863 est
955 811 1004 861 in
1034 807 1341 875 Capricorni
1372 807 1579 863 decima
1612 810 1800 878 quinta

230 893 408 952 parte,
458 889 696 952 remotus
724 894 751 932 a
783 879 909 935 Sole
932 887 1153 952 centum
1171 888 1225 933 et
1250 878 1636 952 quinquaginta
1667 894 1798 948 par-

236 947 401 1005 iibns.
435 952 499 1006 Et
539 951 651 1003 haec
679 951 940 1004 sententia
989 947 1360 1003 universorum
1395 947 1795 1018 )Egyptiorum.

234 1022 489 1075 Israelita:
522 1035 657 1075 vero
680 1028 736 1074 et
756 1020 987 1073 Chaldtei
1015 1020 1119 1071 alio
1139 1019 1297 1073 modo
1314 1017 1572 1073 sentiunt.
1599 1017 1798 1072 Dicunt

231 1094 456 1156 quidem
487 1092 667 1146 Solem
695 1091 745 1143 in
773 1088 938 1158 prima
978 1098 1128 1155 parte
1168 1090 1362 1143 Arietis
1406 1099 1666 1143 creatum.
1698 1090 1798 1141 Sa-

233 1171 448 1216 turnum
482 1162 533 1214 in
565 1162 730 1229 prima
763 1170 910 1229 parte
932 1158 1271 1229 Capricorni,
1316 1167 1579 1229 remotum
1606 1172 1635 1208 a
1666 1158 1796 1213 Sole

232 1233 523 1301 nonaginta
550 1227 1012 1301 partibusJovetn
1043 1228 1095 1301 in
1121 1230 1286 1301 prima
1317 1238 1467 1301 parte
1499 1228 1793 1301 Sagittarii,

229 1296 496 1356 remotum
521 1296 703 1354 a'Sole
729 1307 941 1354 centum
971 1307 1026 1354 et
1053 1296 1232 1366 viginti
1263 1299 1517 1367 partibus.
1570 1296 1795 1352 Martem

233 1373 284 1424 in
320 1373 488 1439 prima
518 1380 668 1439 parte
698 1369 929 1435 Scorpii,
975 1378 1296 1439 remotuma
1327 1367 1459 1422 Sole
1486 1376 1701 1439 centum
1743 1377 1798 1421 et

230 1437 613 1510 quinquaginta
664 1440 917 1507 partibus.
966 1437 1235 1510 AVenerem
1290 1439 1350 1510 in
1420 1438 1589 1506 prima
1646 1449 1796 1506 parte

230 1508 415 1571 Tauri.
441 1508 696 1565 remotam
719 1525 748 1562 a
771 1510 891 1564 Sole
914 1508 1122 1577 triginta
1150 1508 1403 1575 partibus.

304 1583 521 1634 Summa
546 1580 760 1647 quidem
792 1575 1001 1631 obsidis
1018 1579 1230 1631 Saturni
1255 1587 1337 1633 est
1364 1579 1414 1629 in
1444 1576 1625 1638 Libra,
1643 1575 1793 1630 Jovis

230 1650 285 1703 in
307 1650 535 1712 Cancro,
570 1649 754 1703 Martis
807 1651 859 1702 in
889 1647 1237 1716 Capricorno,
1278 1648 1417 1701 Solis
1460 1650 1511 1700 in
1570 1647 1749 1700 Ariete
1776 1688 1791 1709 ,

235 1720 457 1776 Veneris
490 1723 541 1773 in
593 1718 830 1773 Piscibus
853 1757 867 1781 ,
920 1719 1162 1775 Mercurii
1194 1719 1244 1772 in
1278 1717 1511 1785 Virgine,
1544 1716 1706 1770 Lunze
1738 1718 1789 1770 in

232 1791 431 1845 Tauro.
463 1790 555 1846 Sol
580 1791 631 1843 in
657 1791 839 1843 Ariete
866 1789 1106 1857 erigitur,
1154 1790 1203 1840 in
1253 1788 1410 1841 Libra
1438 1788 1791 1857 subvertitur.

234 1861 502 1916 Saturnus
542 1861 592 1913 in
638 1860 793 1913 Libra
838 1854 1081 1927 erigitur,
1137 1858 1188 1911 in
1218 1859 1403 1911 Ariete
1446 1854 1788 1927 subvertitur.

1910 614 2109 657 natura:
2142 606 2362 669 tepidae,
2416 605 2611 657 coloris
2651 606 2890 660 Stannei.
2938 607 3225 661 Mercurius
3279 617 3484 662 natura:

1906 674 2100 737 siccat,
2153 676 2350 728 coloris
2396 674 2649 743 plumbei.
2703 675 2975 732 Saturnus
3007 687 3219 732 natura»
3238 676 3483 747 frigidae,

1904 742 2100 798 Coloris
2135 744 2323 799 ferrei.

2030 759 2100 798 τις
2135 759 2323 798 terret.

2128 852 2200 907 De
2228 866 2341 908 ortu
2367 865 2413 909 et
2442 871 2625 910 occasu
2648 856 2915 911 duodecim
2946 857 3244 926 signorum.

1976 944 2297 1016 Tumporum
2341 947 2533 1014 quibus
2565 948 2847 1003 duodecim
2892 950 3039 1016 signa
3092 950 3338 1003 oriuntur
3391 959 3483 1002 aut

1904 1015 2146 1088 occidunt
2177 1017 2417 1070 habenda
2462 1028 2545 1071 est
2579 1018 2855 1072 distantia.
2903 1015 3035 1073 Nam
3086 1034 3207 1088 (μω
3257 1020 3476 1088 oblique

1900 1085 2163 1147 oriuntur,
2192 1096 2243 1140 et
2264 1097 2409 1140 recta
2449 1089 2721 1149 oeci-lunt,
2764 1089 3056 1143 celeriores
3095 1085 3244 1143 ortus
3273 1085 3473 1143 habent

1899 1170 2056 1227 quam
2084 1169 2305 1209 occasus
2324 1168 2558 1221 ;contra,
2576 1174 2693 1226 qua:
2720 1167 2866 1212 recta
2890 1160 3156 1221 oriuntur,
3182 1169 3233 1213 et
3252 1158 3472 1227 obliqua

1899 1225 2170 1287 occidunt,
2197 1227 2395 1280 tardius
2416 1225 2679 1292 oriuntur,
2705 1237 2759 1282 et
2784 1230 3012 1283 celerius
3036 1230 3305 1282 occidunt.
3326 1225 3466 1283 ea..-

1898 1309 2010 1361 cer,
2043 1297 2130 1363 qui
2161 1305 2307 1349 recte
2346 1296 2515 1350 oritur
2538 1297 2947 1366 inclinaturque,
2975 1308 3258 1360 mersatur,
3293 1301 3468 1352 oritur

1898 1365 2101 1418 duabus
2134 1365 2279 1420 horis
2306 1374 2359 1421 et
2387 1366 2697 1421 duodecima
2731 1365 2879 1433 parte
2908 1370 3089 1431 bone;
3118 1368 3318 1422 occidit
3367 1384 3461 1421 au-

1900 1443 2007 1487 tem
2039 1436 2165 1489 hora
2191 1450 2252 1487 ac
2274 1436 2696 1490 deum-ehem.
2731 1439 2839 1491 Lee
2880 1440 3049 1492 oritur
3076 1438 3285 1492 duabus
3316 1438 3469 1492 horis

1898 1515 1952 1559 et
1980 1506 2133 1558 tertia
2160 1514 2308 1573 parte
2336 1508 2516 1569 horas;
2550 1507 2746 1561 occidit
2790 1518 2969 1561 autem
3013 1508 3142 1561 hora
3173 1510 3336 1563 semis
3366 1548 3381 1570 .
3413 1520 3473 1563 et

1897 1584 2045 1630 sexta
2075 1586 2223 1643 parte
2254 1580 2418 1629 horae.
2453 1576 2610 1645 Virgo
2641 1576 2812 1630 oritur
2848 1576 3054 1631 duahu‘s
3094 1578 3341 1631 horis'et
3383 1579 3472 1631 di-

1898 1646 2079 1715 midia,
2112 1656 2167 1715 et
2194 1657 2341 1699 sexta
2370 1656 2516 1714 parte
2547 1649 2726 1711 horze;
2775 1646 3126 1715 similiterque
3155 1647 3335 1713 Libra,
3379 1662 3478 1701 oc-

1895 1714 2127 1786 ciditque
2160 1714 2286 1769 hora
2316 1724 2370 1768 et
2398 1716 2549 1770 tertia
2593 1727 2745 1784 parte
2788 1717 2954 1771 bene.
3001 1714 3257 1786 scorpius
3295 1720 3470 1771 oritur

1896 1784 2102 1856 duabus
2130 1787 2274 1856 horis
2314 1796 2367 1839 et
2395 1788 2547 1841 tertia
2579 1798 2727 1852 parte
2758 1790 2923 1841 horae.
2954 1784 3271 1856 Sagittarius
3299 1790 3470 1841 oritur

1905 1854 2046 1908 horis
2071 1853 2370 1910 duabus-et
2406 1855 2719 1910 duodecima
2752 1867 2901 1922 parte
2933 1853 3076 1912 hora:
3104 1875 3119 1924 ;
3153 1859 3345 1912 occidit
3370 1874 3470 1912 au-

232 1932 524 1987 Mercurius
553 1932 606 1984 in
642 1929 855 1999 Virgine
884 1918 1095 1982 erectus
1118 1967 1134 1992 ,
1187 1928 1512 1999 subvertitur
1545 1928 1597 1981 in
1630 1926 1792 1999 Pisci-
1826 1918 1869 1978 Β
1902 1934 2005 1999 tem
2037 1924 2163 1977 hora
2195 1940 2258 1980 ac
2286 1926 2491 1981 deunce
2522 1929 2689 1999 horae.
2737 1918 2811 1999 At
2866 1936 3072 1999 contra,
3107 1918 3230 1997 qua:
3260 1929 3471 1995 oblique

232 2001 352 2055 lius.
392 2003 566 2055 Venus
595 2001 647 2053 in
678 1996 915 2053 Piscibus
944 2008 1122 2053 erecta
1142 2039 1159 2060 ,
1190 1996 1487 2065 inVirgiue
1530 2006 1613 2051 est
1666 1997 1795 2050 sub-

231 2087 409 2125 versa.
468 2070 607 2123 Mars
644 2078 855 2123 erectus
900 2068 952 2120 in
982 2069 1327 2133 Capricorno,
1381 2066 1709 2120 subvertitur
1742 2069 1792 2120 in

225 2140 453 2195 Cancro.
481 2141 688 2207 Jupiter
711 2148 920 2193 erectus
945 2140 995 2191 in
1018 2138 1247 2202 Cancro,
1265 2136 1594 2191 subvertitur
1614 2137 1666 2190 in
1692 2136 1796 2207 Ca-

226 2214 497 2277 pricorno.
524 2206 671 2263 Luna
693 2210 745 2263 in
768 2210 944 2263 Tauro
972 2210 1213 2277 erigitur,
1250 2209 1303 2261 in
1335 2208 1633 2276 Scorpione
1660 2206 1791 2277 sub-

228 2275 480 2335 vertitur.
512 2279 606 2335 Sol
638 2279 893 2348 praesidet
915 2275 1078 2332 calori
1106 2322 1120 2342 ,
1172 2275 1487 2348 Mercurlus
1521 2275 1743 2348 siccitati
1772 2317 1788 2340 ,

223 2350 439 2418 Jupiter
465 2346 679 2413 ventis,
732 2348 911 2418 Venus
955 2348 1210 2403 imbribus
1234 2389 1248 2412 ,
1281 2347 1428 2401 Luna
1481 2346 1789 2417 frigoribus.

224 2417 503 2476 Saturnus
526 2421 695 2485 potior
723 2417 1045 2486 frigitlitate,
1081 2419 1220 2472 Mars
1248 2422 1426 2472 calore
1454 2418 1617 2486 nimio
1641 2417 1791 2470 solis.

222 2492 319 2545 Sol
342 2491 527 2544 calidae
554 2501 777 2551 natura},
798 2485 1004 2543 coloris
1031 2489 1199 2542 aurei.
1255 2488 1400 2541 Luna
1452 2485 1655 2555 frigida:
1704 2500 1795 2540 na-

222 2570 386 2629 turae,
418 2560 615 2616 coloris
646 2560 907 2629 argentei.
930 2559 1137 2627 Jupiter
1168 2557 1372 2627 frigida:
1412 2567 1614 2612 natura:
1638 2595 1654 2621 ,
1706 2571 1800 2611 co-

1900 1995 2167 2058 oriuntur,
2193 2005 2247 2049 et
2271 2006 2413 2050 recta
2435 1998 2702 2061 occidunt,
2736 1997 3010 2053 breviores
3031 1995 3179 2052 ortus
3209 2008 3475 2066 occupant

1903 2079 2059 2140 «plain
2087 2079 2328 2140 occasus.
2351 2066 2587 2140 Denique
2615 2082 2680 2121 ex
2703 2066 2891 2140 hisiest
2911 2070 3119 2140 signum
3133 2068 3468 2140 capricorni,

1900 2137 2038 2201 quod
2069 2136 2242 2189 oritur
2271 2137 2400 2190 hora
2433 2146 2488 2191 et
2535 2138 2743 2192 deunce
2794 2136 2983 2203 hoer
3016 2138 3213 2194 occidit
3264 2139 3473 2192 duabus

1900 2205 2046 2258 horis
2074 2215 2129 2259 et
2155 2206 2467 2260 duodecima
2501 2215 2651 2275 parte
2676 2208 2839 2261 horae.
2868 2209 3087 2272 Deinde,
3120 2209 3261 2277 quod
3293 2210 3476 2277 sequi-

1906 2285 1987 2327 tur
2014 2279 2427 2345 ununiquodqae
2454 2293 2519 2331 ex
2552 2280 2810 2343 oppositis
2845 2282 3001 2333 habet
3025 2282 3075 2332 in
3098 2294 3313 2333 occasu.

1974 2346 2097 2399 lla-c
2130 2348 2326 2400 habent
2355 2350 2477 2401 ista.
2501 2348 2655 2401 Aries
2686 2363 2806 2401 cum
2839 2349 3016 2415 Libra,
3050 2350 3103 2403 in
3134 2359 3258 2404 ortu
3294 2360 3348 2405 et
3375 2363 3475 2404 oc-

1899 2432 2024 2469 casu
2062 2418 2369 2472 concordat.

1974 2485 2181 2540 Taurus
2209 2495 2263 2540 et
2287 2485 2560 2556 Scorpius,
2592 2486 2800 2541 Gemini
2832 2498 2885 2541 et
2907 2488 3244 2556 Sagittarius,
3267 2489 3473 2545 Cancer

1914 2564 1969 2608 et
2000 2556 2375 2624 Capricornus,
2408 2558 2671 2626 Aquarius
2700 2570 2751 2611 et
2781 2559 2904 2622 Leo,
2934 2560 3113 2616 Pisces
3130 2570 3192 2615 et
3223 2561 3402 2630 Virgo.
3496 2587 3511 2600 -

1438 2878 1563 2955 DE
1622 2875 1962 2955 SIGNIS
2020 2877 2305 2954 C(ELI.

300 3060 502 3122 Helice,
529 3057 580 3112 id
610 3067 712 3123 est,
746 3057 1005 3111 Arcturus
1053 3055 1254 3125 major,
1313 3056 1472 3110 habet
1519 3057 1589 3108 iw
1620 3056 1790 3115 capite

217 3132 408 3189 stellas
436 3130 687 3183 obscuras
716 3138 942 3196 septem,
977 3129 1025 3182 in
1050 3127 1271 3193 singulis
1292 3129 1511 3180 auribus
1533 3125 1786 3193 singulas,

218 3216 387 3272 super
418 3209 600 3268 pectus
623 3199 684 3272 Δ1,
715 3200 780 3272 in‘
795 3200 1000 3265 spatula
1032 3200 1090 3260 1,
1120 3196 1388 3272 in_p.-de_l
1420 3236 1434 3260 ,
1465 3196 1517 3249 in
1548 3197 1707 3252 dorso
1735 3196 1785 3262 1,

219 3275 275 3328 in
295 3268 434 3326 'tihia
465 3269 733 3323 anteriore
757 3269 811 3331 2,
844 3283 1003 3337 super
1048 3268 1289 3323 eamdem
1318 3269 1381 3329 '5;
1432 3276 1556 3322 sunt
1603 3281 1791 3322 omnes

226 3345 320 3398 18.
364 3341 663 3410 Cynosura,
690 3338 805 3393 sive
834 3338 1081 3410 thnix,
1113 3340 1199 3405 qui
1230 3347 1285 3392 et
1313 3338 1572 3410 Arcturus
1594 3339 1788 3403 minor,

219 3424 333 3469 et~a
363 3404 677 3479 quihusdam
709 3410 854 3462 canis
884 3408 1049 3460 cauda
1083 3404 1301 3463 vocatur
1328 3449 1342 3472 ,
1405 3407 1562 3479 habet
1614 3419 1792 3479 autem

219 3499 324 3553 per
351 3478 775 3553 ututmqnemque
802 3480 1052 3553 angulum
1081 3478 1134 3531 in
1189 3481 1408 3553 humero
1451 3478 1789 3553 splendidam

225 3548 283 3618 1,
318 3554 377 3605 in
399 3551 565 3604 cauda
594 3552 646 3602 5.
676 3548 810 3603 Sunt
837 3561 1011 3601 autem
1042 3548 1177 3603 inter
1220 3549 1406 3602 ambos
1437 3550 1626 3601 Arctos
1664 3550 1792 3602 stel-

222 3626 292 3679 la:
321 3622 414 3675 3i.
445 3620 740 3688 Supersunt
771 3630 946 3671 autem
976 3620 1093 3672 alize
1123 3618 1291 3673 stella;
1324 3620 1412 3681 11),
1439 3633 1558 3683 qua:
1589 3632 1790 3686 praece-

220 3697 398 3756 dunt,
449 3698 501 3743 et
527 3690 769 3743 dicuntur
800 3689 1061 3743 Ludentes
1087 3705 1101 3749 ;
1131 3698 1185 3742 et
1238 3688 1453 3743 minima
1484 3703 1581 3740 una
1608 3729 1622 3751 ,
1674 3702 1791 3752 qua;

219 3771 445 3817 vocatur
477 3761 653 3824 l‘olus,
684 3758 771 3812 ubi
817 3760 997 3812 dicunt
1047 3768 1233 3811 totttm-
1266 3760 1519 3812 mundum
1561 3759 1786 3813 revolvi.

226 3830 527 3898 Draco,qni
550 3829 784 3882 continet
810 3840 1061 3897 utrosque
1090 3832 1360 3894 Arcturus,
1383 3828 1577 3882 Helicis
1603 3841 1787 3893 super-

217 3903 387 3957 volvit
417 3908 574 3967 caput
593 3941 607 3963 ,
652 3898 918 3953 Phwnicis
942 3899 1310 3965 circumcingit
1352 3898 1597 3953 caudam.
1623 3898 1789 3952 [labet

217 3982 406 4029 autem
456 3971 508 4023 in
555 3970 728 4035 capite
776 3971 959 4023 stellas
996 3968 1301 4034 splendidas
1330 3969 1382 4035 5,
1408 3978 1463 4023 et
1494 3984 1587 4036 per
1615 3978 1784 4023 totum

220 4056 421 4107 corpus
444 4039 511 4094 l2
536 4085 549 4107 ,
581 4039 649 4092 ab
670 4040 892 4092 invicem
918 4039 1212 4102 distantes;
1246 4050 1369 4093 sunt
1398 4054 1583 4093 omnes
1624 4038 1715 4092 15.

294 4111 581 4170 Hercules.
614 4108 701 4179 qui
731 4120 879 4163 stans
907 4123 1042 4172 genu
1071 4109 1272 4173 ﬂectit,
1306 4108 1463 4163 habet
1507 4119 1682 4162 autem
1735 4110 1784 4163 in

216 4184 401 4251 capite
440 4181 646 4251 stellam
687 4195 866 4251 unam,
912 4179 964 4232 in
1005 4187 1232 4251 utroque
1282 4180 1503 4251 humero
1554 4179 1785 4251 splendi-

216 4248 345 4308 dam
381 4252 431 4316 1,
470 4252 523 4305 in
550 4250 659 4304 cito
686 4249 904 4304 sinistro
936 4251 988 4310 1.
1023 4250 1072 4302 in
1105 4250 1287 4303 dextra
1316 4264 1445 4302 coxa
1476 4248 1532 4313 2,
1563 4250 1613 4301 in
1644 4264 1783 4317 genu

215 4324 415 4379 dextro
447 4322 497 4385 1,
526 4322 575 4375 in
598 4321 781 4374 eadem
824 4320 947 4375 tibia
978 4321 1028 4385 1,
1062 4321 1113 4374 in
1153 4319 1340 4374 dextra
1377 4335 1533 4373 manu
1564 4320 1609 4379 l,
1641 4330 1694 4372 et
1730 4321 1782 4373 in

220 4393 421 4463 ropulo
463 4406 620 4458 quem
656 4389 1054 4463 Atenetheadem
1111 4404 1275 4443 manu
1324 4392 1347 4444 1
1382 4431 1396 4454 ,
1447 4393 1517 4463 _in
1556 4390 1783 4463 sinistro

214 4459 362 4536 genu
394 4463 448 4517 in
480 4463 530 4527 1,
572 4461 756 4536 eadem
778 4460 922 4536 _tihia
964 4462 1031 4536 1‘;
1061 4467 1195 4513 sunt
1213 4475 1400 4536 ontnes
1428 4459 1729 4536 duodecim.

293 4534 501 4588 Corona
542 4546 687 4585 vero.
708 4531 867 4585 habet
913 4532 1093 4584 stellas
1122 4546 1311 4583 novem
1343 4532 1393 4583 in
1427 4529 1653 4585 circttitu
1683 4544 1778 4597 po-

212 4605 375 4667 sitas,
397 4603 489 4656 sed
520 4616 584 4655 ex
627 4600 756 4670 ipsis
801 4610 920 4655 sunt
966 4610 1075 4654 tres
1118 4600 1507 4670 Splendidiores
1532 4599 1599 4653 ad
1630 4609 1785 4670 caput

213 4674 470 4743 Serpenti
489 4671 651 4743 Arcti.

294 4740 690 4808 Serpentarius,
719 4740 806 4809 qui
835 4748 887 4795 et

214 4830 384 4883 supra
412 4812 757 4878 Scorpionem
800 4820 943 4883 tenet
969 4821 1269 4883 serpentem
1302 4812 1351 4865 in
1384 4811 1668 4883 manibus,
1689 4810 1790 4863 lla-

214 4882 313 4941 bet
334 4896 513 4938 autem
544 4883 596 4935 in
624 4883 797 4951 capite
825 4882 1033 4937 stellam
1056 4882 1389 4949 splendidam
1416 4884 1467 4946 1,
1496 4882 1547 4951 in
1571 4882 1788 4935 sinistra

216 4971 387 5011 manu
427 4955 480 5017 5,
510 4954 561 5005 in
592 4950 775 5006 dextra
809 4951 862 5017 4,
894 4953 944 5005 in
967 4963 1189 5016 utroque
1229 4952 1452 5006 humeio
1485 4950 1790 5018 isplendi-

211 5028 367 5082 dam.
400 5026 454 5078 In
482 5024 718 5090 utrisque
772 5022 962 5083 lumbis
1012 5024 1064 5087 1,
1117 5023 1167 5076 in
1223 5032 1450 5091 utroque
1474 5037 1616 5091 genu
1649 5022 1713 5091 1,
1734 5021 1784 5074 iu

213 5100 415 5151 dextra
456 5095 579 5148 tibia
615 5095 665 5160 1,
696 5095 746 5146 in
772 5102 995 5159 utroque
1022 5092 1154 5160 pede
1204 5094 1225 5145 1
1256 5110 1269 5158 ;
1312 5090 1436 5146 sunt
1478 5090 1673 5147 omnes
1700 5090 1783 5145 l7.

208 5170 461 5234 Serpens
484 5178 645 5233 quem
663 5160 885 5217 (ettetin
918 5164 1160 5216 inanibus
1191 5164 1346 5234 habet
1373 5163 1555 5234 Stellas
1586 5163 1647 5234 in
1687 5178 1787 5215 ca-

211 5232 337 5308 pite
358 5236 412 5297 2,
446 5232 552 5308 per
571 5234 839 5308 reliquum
858 5247 1051 5308 corpus
1080 5235 1143 5308 μ
1174 5232 1550 5308 liuntiitsimul
1581 5232 1673 5285 25.

295 5308 522 5373 Scorpio
542 5304 705 5357 habet
723 5304 906 5357 stellas
931 5306 980 5355 in
1004 5303 1241 5373 utrisque
1263 5304 1415 5356 labiis
1435 5303 1488 5356 Ξ.
1516 5303 1783 5373 Quantum

218 5372 837 5449 prioressunt__niagn:r,
892 5372 1453 5449 secundatobscurge.
1507 5372 1560 5425 ln
1611 5372 1785 5426 fronte

222 5444 359 5502 vero
396 5446 449 5511 5,
484 5444 655 5498 inedia
681 5454 856 5497 autem
879 5460 954 5497 ex.
996 5444 1125 5505 ipsis
1162 5444 1487 5511 splendidior
1513 5451 1596 5495 est
1621 5451 1783 5496 caete-

218 5522 319 5575 ris.
352 5518 405 5570 In
433 5515 584 5583 spina
605 5514 910 5582 splendidas
939 5513 995 5579 5,
1028 5514 1078 5567 in
1109 5522 1295 5568 ventre
1313 5513 1369 5580 2,
1398 5512 1451 5566 iu
1495 5514 1659 5566 cauda
1707 5511 1779 5577 5,

211 5602 384 5657 super
404 5586 641 5657 aculeum
668 5585 734 5657 2;
756 5594 879 5637 sunt
908 5599 1095 5639 omnes
1128 5584 1214 5640 19.

292 5652 459 5713 Arcas
481 5694 497 5719 ,
525 5656 612 5724 qui
640 5665 696 5709 et
724 5656 912 5709 Botates
936 5694 950 5717 ,
980 5666 1155 5707 custos
1188 5654 1405 5721 plaustri
1438 5652 1604 5706 lentur
1634 5667 1775 5707 esse.

213 5731 395 5787 liabet
422 5736 597 5779 autem
622 5726 803 5779 stellas
835 5724 886 5778 in
916 5725 1131 5777 dextera
1161 5741 1340 5784 nianu,
1387 5739 1505 5791 qu:e
1543 5739 1647 5774 non
1690 5739 1783 5777 oc-

146 5850 155 5853 ,
212 5802 710 5866 cidunt,quatuor;
769 5796 821 5847 in
874 5795 1051 5859 capite
1105 5795 1434 5860 splendidam
1476 5808 1675 5866 ttnatn,
1729 5794 1780 5846 itt

216 5883 452 5939 utroque
468 5864 701 5922 humero
733 5880 910 5932 unam,
939 5866 989 5920 in
1014 5868 1244 5934 utrisque
1273 5864 1577 5919 mammillis
1601 5880 1780 5932 unam,

1900 3058 1951 3109 in
1980 3056 2169 3112 dextro
2195 3055 2378 3112 cubito
2402 3065 2651 3125 quatuor,
2684 3054 2737 3109 in
2765 3053 2986 3109 sinistro
3008 3067 3183 3107 unam
3208 3094 3222 3117 ,
3254 3054 3303 3107 in
3329 3064 3477 3109 utro-

1897 3142 1998 3196 que
2027 3143 2166 3196 genu
2196 3127 2220 3182 1
2244 3145 2256 3191 ;
2284 3134 2409 3182 sunt
2436 3140 2624 3180 omnes
2652 3126 2739 3180 l6.

1971 3194 2155 3267 Virgo,
2182 3212 2301 3266 quae
2329 3206 2389 3252 et
2413 3196 2626 3252 Justitia
2654 3195 2977 3265 appellatur,
3002 3194 3159 3250 habet
3185 3194 3390 3251 stellam
3417 3194 3472 3248 in

1895 3266 2089 3333 capite,
2117 3268 2400 3322 obscuram
2453 3268 2605 3322 valde
2662 3282 2862 3328 unam,
2922 3266 2974 3319 iit
3027 3282 3337 3334 unaquaque
3388 3267 3471 3319 ala

1893 3337 2027 3419 duas
2058 3378 2073 3403 ,
2124 3336 2175 3391 in
2217 3337 2442 3419 singulis
2481 3338 2717 3419 humeris
2746 3336 3003 3419 singulas,
3035 3336 3087 3419 in
3145 3351 3467 3419 unoquoque

1895 3409 2077 3462 cubito
2104 3423 2286 3473 unam,
2306 3407 2355 3462 in
2378 3407 2598 3477 singulis
2626 3408 2869 3461 manibus
2899 3407 3158 3474 singulas,
3184 3408 3235 3459 in
3268 3407 3463 3475 penula

1895 3478 2198 3532 vestimenti
2227 3494 2345 3542 sex,
2369 3478 2420 3532 in
2450 3492 2767 3546 unoquoque
2798 3477 2933 3544 pede
2965 3492 3146 3530 unam.

1968 3548 2045 3602 Ex
2071 3548 2309 3603 Geminis
2338 3550 2481 3616 prior
2508 3552 2595 3615 qui
2636 3546 2847 3603 excedit
2893 3562 2961 3602 ex
3014 3547 3245 3611 Cancro,
3301 3546 3466 3601 habet

1893 3618 2105 3673 stellam
2151 3621 2202 3673 in
2233 3617 2406 3685 capite
2433 3618 2766 3685 Splendidam
2804 3632 2988 3683 unam,
3024 3619 3074 3671 in
3108 3627 3334 3687 utroque
3367 3618 3467 3671 hu-

1894 3702 2042 3743 mero
2077 3688 2412 3757 splendidam
2435 3704 2631 3753 unam;
2664 3695 2789 3741 sunt
2815 3702 3001 3743 omnes
3048 3690 3104 3742 5.
3158 3687 3310 3742 Alter
3338 3703 3467 3743 vero

1894 3758 2054 3812 habet
2083 3758 2135 3813 in
2163 3759 2335 3827 capite
2362 3759 2573 3813 stellam
2605 3757 2959 3828 splendidam,
3016 3759 3066 3812 in
3120 3759 3344 3812 humero
3394 3761 3469 3811 si-

1894 3830 2260 3894 nistrounam,
2292 3844 2385 3898 per
2413 3828 2616 3898 singula
2648 3829 2846 3883 femora
2872 3842 3052 3891 unam,
3079 3829 3130 3882 in
3156 3829 3316 3883 dorso
3335 3840 3461 3893 tres;

1891 3909 2014 3953 sunt
2042 3914 2230 3955 omnes
2256 3901 2309 3954 7.
2343 3899 2485 3954 Inter
2506 3910 2758 3969 utrosque
2784 3913 2914 3954 vero
2944 3899 3246 3957 duodecim.

1960 3992 2165 4045 Cancer
2185 3990 2345 4046 habet
2370 3991 2555 4046 stellas
2585 3991 2895 4059 splendidas
2925 3990 2977 4044 in
3004 3999 3136 4044 testa
3162 3990 3218 4054 4,
3248 3991 3299 4043 in
3329 3990 3464 4042 dex-

1896 4061 1991 4115 tris
2020 4063 2245 4130 pedibus
2268 4076 2364 4129 per
2394 4061 2634 4130 singulos
2664 4077 2847 4126 unam,
2880 4063 2930 4115 in
2963 4062 3183 4115 sinistro
3213 4061 3381 4128 primo
3407 4061 3462 4123 ‘2,

1890 4143 1944 4183 et
1972 4132 2021 4184 in
2046 4132 2269 4185 sinistro
2297 4132 2453 4185 tertio
2490 4134 2542 4196 1,
2575 4133 2624 4184 in
2651 4142 2841 4199 quarto
2876 4132 2927 4195 1,
2961 4132 3011 4184 in
3055 4145 3149 4185 ore
3180 4147 3363 4194 unam,
3409 4132 3460 4184 in

1889 4202 2077 4256 dextro
2118 4202 2258 4256 labio
2286 4202 2341 4267 5,
2376 4205 2426 4255 in
2458 4202 2675 4257 sinistro
2705 4203 2871 4268 duas;
2899 4211 3024 4256 sunt
3048 4217 3237 4257 omnes
3268 4202 3357 4256 18.

1962 4295 2069 4348 Leo
2121 4295 2282 4349 habet
2326 4296 2510 4351 Stellas
2538 4297 2587 4350 in
2633 4295 2806 4361 capite
2843 4294 2911 4361 5,
2962 4297 3011 4349 in
3055 4296 3264 4350 cervice
3290 4294 3346 4361 (ἒ,
3405 4294 3459 4346 in

1890 4377 2107 4435 pectore
2157 4379 2340 4431 unam,
2390 4367 2443 4421 in
2494 4368 2655 4421 dorso
2682 4377 2811 4428 tres,
2860 4368 2911 4420 in
2945 4367 3250 4420 summitate
3277 4364 3462 4420 cauda:

1886 4435 2215 4502 splendidam
2244 4437 2297 4497 1,
2339 4438 2461 4491 θυι).
2491 4450 2704 4505 pectore
2774 4438 2810 4491 2
2839 4481 2852 4503 ,
2898 4436 3246 4493 inantcriori
3328 4436 3461 4505 pede

1886 4506 2216 4575 splendidam
2254 4510 2301 4572 l;
2332 4518 2455 4562 sunt
2483 4524 2670 4562 omnes
2694 4508 2783 4563 15.

1825 4596 1871 4657 ι)
1897 4644 1909 4657 _
1966 4577 2206 4657 Agitator
2254 4579 2415 4657 habet
2449 4579 2660 4657 stellam
2691 4578 2770 4657 .in
2809 4579 3008 4657 capite_
3034 4580 3085 4642 1,
3122 4578 3191 4657 Δἰιξ
3235 4586 3462 4657 utroque

1896 4644 2118 4700 humero
2168 4647 2216 4721 l,
2249 4648 2340 4700 sed
2372 4663 2433 4701 ea
2464 4658 2547 4704 est
2573 4648 2792 4721 clarior,
2833 4644 2951 4721 qu:e
2994 4649 3046 4702 in
3094 4644 3458 4721 sinistro‘ltu-

916 4740 1193 4809 Asclepim
1220 4750 1461 4805 vocatur,
1486 4749 1633 4795 sum
1666 4753 1793 4794 vero
1895 4732 2042 4770 mero
2067 4725 2167 4809 est:
2201 4718 2257 4772 lo
2289 4728 2510 4801 utroque
2533 4718 2799 4809 cubitent,
2830 4716 2880 4772 in
2905 4720 3096 4800 dextra
3131 4716 3288 4809 tuatui
3323 4717 3384 4809 1,Ι
3405 4716 3459 4797 in

1892 4787 2199 4847 summitate
2229 4787 2676 4844 manus'sinistrre
2704 4789 2758 4849 2.
2794 4800 2847 4842 et
2889 4803 3051 4856 super
3080 4790 3192 4857 ipso
3239 4787 3461 4841 brachio

1892 4857 2075 4911 edulos
2100 4858 2174 4981 “ito,
2207 4871 2259 4914 et
2291 4863 2343 4913 in
2388 4869 2611 4931 utroque
2666 4860 2823 4915 edulo
2854 4862 3061 4915 stellam
3109 4873 3308 4915 unam:
3339 4868 3463 4913 sunt

1892 4942 2075 4981 omnes
2176 4970 2185 4981 .

1889 4942 2075 4981 omnes
2106 4934 2185 4981 I0.

1963 4998 2167 5055 'I‘aurns
2194 4998 2352 5053 habet
2383 4999 2566 5055 stellas
2600 5000 2651 5053 in
2680 5010 2903 5068 utroque
2943 5015 3109 5055 cornu
3142 5000 3192 5061 1,
3232 5001 3283 5053 in
3310 5000 3460 5053 fron-

1892 5076 1941 5121 te
1966 5070 2020 5133 2,
2064 5085 2155 5137 per
2189 5070 2424 5139 singulos
2470 5072 2653 5126 oculos
2698 5070 2722 5123 1
2752 5111 2768 5135 ,
2814 5072 2867 5125 in
2916 5087 3045 5126 nare
3079 5070 3127 5124 1.
3161 5070 3249 5124 lla).
3279 5079 3456 5122 autem

1889 5141 2058 5192 Stellae
2092 5141 2331 5194 Pleiades
2375 5148 2429 5194 et
2472 5141 2723 5207 Virgilite,
2752 5157 2957 5196 necnon
2984 5151 3037 5195 et
3064 5142 3339 5195 subuculzc
3366 5140 3458 5191 di-

1888 5222 2111 5274 cuntur;
2142 5210 2193 5281 in
2222 5220 2444 5279 utroque
2470 5226 2605 5279 genu
2645 5213 2689 5272 l,
2718 5213 2767 5265 in
2800 5213 3036 5281 paleario
3057 5210 3195 5275 9.,‘in
3227 5210 3366 5263 collo
3392 5208 3453 5281 2,

1888 5280 1940 5333 in
1969 5281 2132 5339 dorso
2162 5280 2215 5343 5,
2241 5282 2519 5348 exquibus
2560 5280 2848 5339 novissima
2898 5281 3173 5346 splendida
3229 5289 3347 5344 est;
3398 5280 3450 5339 in

1888 5361 2070 5406 ventre
2097 5366 2278 5416 unam,
2311 5351 2362 5404 in
2396 5359 2611 5419 pectore
2636 5368 2793 5406 unam
2827 5370 2841 5419 ;
2873 5362 2996 5408 sunt
3022 5364 3209 5407 omnes
3239 5350 3322 5405 l8.

1954 5442 2219 5515 Cephteus
2259 5442 2417 5497 habet
2448 5442 2500 5515 in
2536 5445 2707 5513 capite
2753 5447 2937 5502 stellas
2978 5445 3282 5515 splvmlidas
3310 5448 3367 5512 2,
3401 5458 3456 5503 et

1888 5513 1939 5566 in
1969 5513 2154 5567 dextra
2199 5528 2357 5585 manu
2385 5514 2715 5581 splendidam
2753 5518 2773 5570 l
2808 5556 2825 5581 ,
2884 5519 2937 5570 in
2970 5513 3194 5585 utroque
3226 5519 3451 5571 humero

1890 5585 1941 5656 1,
1963 5584 2021 5637 in
2043 5598 2177 5656 zona
2208 5584 2280 5656 5,_
2313 5583 2363 5656 in
2395 5585 2581 5640 dextro
2629 5586 2793 5641 latere
2832 5603 2897 5642 ex
2948 5583 3250 5641 transverso
3289 5603 3449 5656 super

1887 5654 2036 5707 illum
2060 5654 2110 5715 7,
2140 5654 2193 5707 in
2239 5653 2455 5709 sinistro
2507 5670 2645 5724 genu
2694 5656 2746 5718 9.,
2804 5658 2853 5709 in
2912 5658 3219 5712 summitate
3261 5653 3449 5726 pedum

1885 5736 2126 5795 quatuor;
2153 5736 2278 5779 sunt
2307 5740 2494 5780 omnes
2519 5726 2612 5779 2|.
2646 5727 2741 5780 llic
2766 5737 2939 5779 autem
2966 5730 3025 5779 .in
3054 5728 3445 5795 Septentrionis

1885 5793 2140 5867 incisione
2185 5798 2526 5850 constituitur
2554 5798 2687 5850 inter
2735 5797 2970 5853 medium
3003 5793 3444 5867 Septentrionalis

1885 5866 2069 5921 circuli
2096 5875 2145 5921 et
2178 5866 2396 5923 acstivali
2422 5867 2668 5923 solstitio.
