4010 6382
669 341 774 401 91⁸1

736 467 1043 533 Cassiopeia
1084 468 1245 523 habet
1286 470 1337 522 in
1379 468 1551 529 capite
1578 465 1786 521 stellam
1818 465 2148 530 splendidam
2179 467 2234 530 1,
2264 462 2311 520 Α

667 538 719 591 in
749 547 973 606 utroque
1003 539 1223 593 humero
1246 538 1571 605 splendidam
1606 539 1627 590 1
1662 575 1679 601 ,
1733 536 1783 589 in
1839 536 2025 591 dextra
2078 547 2228 604 parte

650 609 899 668 pectoris
928 610 1254 677 splendidam
1292 611 1341 667 1.
1373 610 1425 660 in
1455 609 1643 661 dextro
1686 606 1866 659 cubito
1900 608 1952 672 1,
1998 607 2049 660 in
2078 617 2225 660 utra-

668 694 889 745 rumque
928 694 1174 733 manuum
1199 679 1504 731 summitate
1527 678 1854 745 splendidam
1884 677 1934 739 1,
1969 678 2020 729 in
2054 677 2229 731 urnhi-

666 750 768 801 lico
796 748 1124 811 splendidam
1146 757 1198 800 et
1223 762 1465 818 magnam
1500 747 1522 799 1
1560 788 1572 805 .
1603 749 1653 800 in
1687 747 1901 799 sinistro
1941 746 2141 802 femore
2169 748 2224 810 2,

662 818 717 870 in
746 832 884 884 genu
914 820 1243 883 splendidam
1276 817 1345 881 1⁷,
1394 828 1449 871 et
1490 833 1584 885 per
1632 817 1868 888 singulos
1902 818 2124 888 angulos
2173 818 2224 872 in

664 889 971 942 summitate
998 890 1197 941 sellula!
1222 890 1242 941 1
1270 905 1284 952 ;
1317 897 1441 941 sunt
1466 902 1655 941 omnes
1688 887 1774 941 15.

729 957 1065 1013 Andromeda
1096 959 1254 1013 habet
1280 959 1486 1012 stellam
1518 957 1845 1021 splendidam
1875 956 1925 1010 in
1952 957 2127 1021 capite
2163 958 2214 1021 1,

659 1027 710 1079 in
738 1037 961 1093 utroque
984 1031 1209 1082 humero
1233 1031 1280 1092 1,
1315 1028 1366 1082 in
1395 1028 1575 1083 cubito
1601 1027 1789 1080 dextro
1834 1030 1886 1089 1,
1918 1030 1968 1080 in
2001 1027 2222 1081 sinistro

662 1098 713 1157 1,
746 1098 796 1150 in
826 1100 1141 1153 summitate
1183 1113 1371 1151 manus
1420 1098 1752 1166 splendidam
1786 1098 1839 1161 1,
1872 1098 1921 1149 in
1952 1097 2219 1163 pedalium

654 1168 961 1223 summitate
995 1169 1301 1234 splendidas
1325 1168 1378 1232 2,
1414 1169 1464 1220 in
1492 1184 1623 1222 zona
1654 1169 1707 1229 5,
1740 1182 1899 1229 super
1929 1182 2117 1221 zonam
2143 1168 2177 1222 4
2201 1208 2217 1232 ,

655 1237 707 1289 ἰη
740 1252 1061 1306 unoquoque
1091 1255 1226 1308 genu
1253 1239 1583 1305 splendidam
1612 1240 1663 1303 1,
1698 1237 1751 1291 in
1784 1236 1975 1292 dextro
2001 1237 2135 1305 pede
2156 1236 2213 1305 2,

653 1308 703 1359 in
733 1308 949 1363 sinistro
981 1324 1135 1362 uuam
1163 1326 1177 1373 ;
1212 1317 1337 1363 sunt
1357 1324 1543 1362 omnes
1562 1308 1649 1363 21.

727 1377 925 1446 Equus,
971 1379 1057 1447 qui
1111 1380 1369 1432 bellorum
1403 1378 1522 1431 fons
1551 1389 1603 1431 et
1632 1375 1955 1432 Belloforeus
1993 1377 2213 1445 dicitur,

652 1447 811 1502 habet
839 1446 1020 1503 stellas
1047 1450 1098 1502 in
1124 1457 1298 1501 rostro
1328 1448 1361 1501 2
1386 1449 1657 1511 obscuras,
1707 1448 1757 1501 in
1784 1446 1958 1515 capite
1982 1448 2215 1515 splendi-

650 1517 770 1570 dam
802 1520 855 1582 1,
884 1519 934 1572 in
967 1519 1181 1572 maxilla
1216 1519 1268 1582 1,
1293 1519 1344 1572 in
1371 1520 1608 1586 utrisque
1646 1517 1861 1571 auribus
1883 1517 2213 1581 Splendidam

648 1586 702 1651 1,
738 1589 787 1657 in
816 1590 1024 1642 cervice
1053 1588 1107 1653 4,
1145 1589 1197 1641 in
1230 1590 1451 1642 humero
1476 1588 1525 1650 1,
1569 1590 1620 1641 in
1668 1596 1880 1656 pectore
1906 1588 1956 1652 1,
1981 1586 2030 1641 in
2060 1588 2211 1657 spina

648 1659 704 1717 1,
734 1656 788 1712 in
822 1659 1077 1713 umbilico
1110 1660 1130 1713 1
1169 1658 1410 1719 nitidam.
1464 1659 1514 1711 in
1571 1667 1798 1725 utroque
1845 1672 1982 1727 genu
2030 1656 2212 1722 1,7per

645 1728 887 1795 singulos
918 1744 1119 1796 Ungues
1148 1732 1442 1782 anteriores
1471 1742 1664 1791 unam;
1688 1737 1811 1781 sunt
1831 1742 2019 1782 omnes
2048 1729 2135 1783 19.

1159 348 1363 405 BED/E
1406 347 1854 403 VENERABILIS
1889 348 2039 403 Ol‘P.
2083 346 2257 403 PARS
2284 346 2324 401 1.
2365 346 2555 403 SECT.
2600 349 2662 403 ll.
2694 380 2763 396 --
2803 349 3005 408 DUBIA
3048 348 3418 449 ET.SPURIA.

3693 360 3768 418 918

2410 462 2591 543 Lepus
2612 465 2773 543 habet
2808 467 2992 543 stellas
3021 468 3073 523 1n
3100 470 3328 543 utrisque
3362 472 3543 528 auribus
3569 477 3611 543 1,
3634 479 3771 534 incon

2340 547 2465 599 pore
2484 534 2547 616 .2,
2579 535 2629 617 in
2659 535 2820 617 dorso
2848 537 3069 592 nitidam
3103 539 3228 617 1,1u
3252 534 3588 610 posterioribus
3600 534 3769 617 pedibus

2332 618 2425 671 per
2454 606 2687 669 singulos
2718 608 2741 660 1
2768 624 2782 671 ;
2808 618 2932 661 sunt
2959 623 3148 664 omnes
3170 609 3223 664 7.

2400 674 2671 739 Canicula,
2694 692 2815 745 quae
2839 679 3009 733 oritur
3033 691 3146 743 post
3167 678 3420 742 Orionem,
3450 681 3582 738 habet
3617 686 3766 744 stellam

2329 745 2659 820 splendidam
2686 748 2736 800 in
2769 746 2945 820 lingua
2975 765 3134 803 unam
3163 788 3179 811 ,
3217 766 3364 818 quam
3390 751 3511 820 Syrii
3536 768 3680 809 canem
3702 772 3770 810 vo-

2328 822 2452 868 cant
2496 816 2799 870 rutilantem
2841 819 3095 882 multum,
3141 828 3197 874 et
3237 816 3327 885 per
3362 816 3593 876 intervalla
3625 825 3773 882 coloret

2328 893 2617 957 mutantem
2647 905 2658 939 :
2684 887 2847 957 habet
2875 887 2924 941 in
2951 900 3176 952 utroque
3222 890 3427 943 humero
3466 894 3690 947 obscuram
3722 902 3770 957 1,

2328 954 2378 1027 in
2437 964 2647 1017 pectore
2673 956 2708 1007 2
2732 996 2748 1018 ,
2779 957 2833 1010 in
2885 960 3137 1013 anteriori
3181 960 3309 1027 pede
3354 961 3544 1014 sinistro
3584 971 3705 1026 tres,
3736 954 3772 1019 iu

2328 1023 2517 1077 dextro
2547 1040 2726 1091 unam,
2756 1041 2913 1092 supra
2947 1028 3163 1083 dorsum
3183 1023 3317 1091 tres,
3347 1031 3395 1083 in
3423 1040 3579 1087 ventre
3606 1023 3705 1093 tres.
3737 1035 3772 1089 in

2323 1096 2543 1148 sinistro
2562 1096 2752 1170 lumho
2780 1112 2938 1170 unam
2974 1138 2988 1159 ,
3038 1100 3091 1170 in
3147 1101 3417 1167 posteriori
3455 1101 3637 1154 sinistro
3682 1103 3774 1170 pede

2326 1178 2482 1217 unam
2511 1180 2525 1226 ;
2562 1165 2611 1219 iu
2634 1168 2938 1221 summitate
2958 1165 3189 1223 caudze1
3214 1188 3228 1233 ;
3252 1179 3368 1223 sunt
3389 1185 3552 1225 emites
3574 1171 3647 1225 1‘l.

2394 1233 2557 1305 Navis
2580 1275 2596 1299 ,
2643 1251 2763 1303 qua:
2815 1239 2952 1304 apud
2995 1240 3220 1305 Argivos
3247 1242 3381 1305 Argo
3415 1252 3630 1304 vocatur,
3668 1240 3776 1297 habet

2320 1303 2503 1357 stellas
2525 1305 2578 1359 in
2601 1303 2861 1376 anteriori
2887 1310 3036 1372 parte
3063 1303 3214 1363 navis
3244 1308 3294 1365 4.
3323 1303 3375 1365 et
3412 1309 3459 1364 in
3489 1312 3620 1376 puppi
3652 1309 3712 1375 ιι.
3737 1312 3774 1366 in

2319 1374 2824 1499 utroqueﬂhumero
2875 1378 2948 1442 5,
3003 1378 3057 1434 in
3109 1379 3226 1434 velo
3253 1378 3319 1445 5,
3361 1379 3412 1433 in
3453 1374 3660 1445 costae‘i;
3691 1392 3778 1436 sunt

2319 1457 2509 1497 o:nnes
2611 1486 2625 1498 .

2319 1457 2509 1497 o:nnes
2535 1457 2625 1498 '21.

2388 1515 2550 1567 tietns
2570 1515 2669 1586 sub
2692 1517 2870 1574 Ariete
2891 1529 2944 1573 ct
2967 1518 3209 1574 Piscibus
3229 1519 3479 1586 gradiens,
3502 1517 3636 1572 habet
3650 1517 3776 1574 stellas

2319 1580 2376 1662 .iu
2410 1586 2574 1637 cauda
2595 1585 2905 1662 2_obscuras
2929 1607 2942 1653 ;
2984 1604 3015 1642 a
3045 1590 3213 1662 cauda
3230 1580 3405 1659 "usque
3439 1580 3498 1642 ad
3524 1588 3708 1657 gitubttln
3728 1589 3776 1651 6.

2316 1657 2369 1705 in
2406 1665 2589 1709 ventre
2619 1657 2687 1722 6;
2712 1668 2840 1711 sunt
2866 1674 3055 1714 omnes
3083 1660 3171 1715 11.

2394 1724 2583 1800 Eurus,
2615 1727 2703 1795 qui
2734 1738 2787 1782 et
2819 1729 3082 1784 Eridanus
3111 1770 3127 1792 ,
3167 1737 3223 1800 et
3259 1743 3288 1783 a
3323 1729 3611 1800 quihusdam
3637 1725 3779 1800 Nilus,

718 1794 872 1871 Aries
908 1794 1068 1871 habet
1106 1801 1312 1871 stellam
1347 1798 1398 1871 in
1428 1799 1600 1866 capite
1629 1813 1811 1871 unam,
1841 1798 1889 1850 in
1916 1814 2051 1871 nare
2077 1808 2206 1865 tres,
2245 1812 2286 1871 Β
2316 1794 2404 1871 qui
2428 1794 2671 1871 el,_Geou_.
2698 1813 2729 1851 e
2751 1800 3060 1871 meridianis
3083 1799 3320 1871 partibus
3341 1794 3532 1853 "habens
3556 1797 3717 1849 initium
3730 1801 3774 1849 ad

644 1868 699 1921 in
731 1869 870 1923 collo
901 1868 1031 1924 duas
1054 1912 1069 1931 ,
1104 1870 1154 1922 in
1183 1870 1487 1922 summitate
1514 1869 1796 1922 an'erioris
1829 1868 1979 1936 pedis
2010 1883 2166 1922 unam
2189 1911 2204 1935 ,

645 1939 696 1991 in
729 1939 892 1993 dorso
920 1948 1167 2009 quatuor,
1196 1944 1245 1993 in
1275 1945 1441 1993 cauda
1470 1953 1655 2003 unam,
1682 1939 1741 1996 in
1774 1948 1961 1992 ventre
1984 1950 2091 1993 tres
2116 1981 2131 2005 ,
2162 1941 2213 1996 in

643 2010 823 2062 lumho
850 2026 1031 2075 unam,
1067 2013 1117 2063 in
1146 2025 1356 2063 summo
1387 2010 1533 2077 pedis
1562 2009 1586 2062 1
1616 2027 1628 2073 ;
1662 2018 1787 2062 sunt
1814 2023 2003 2063 omnes
2036 2010 2122 2063 17.

715 2080 1066 2147 Triangulus,
1108 2082 1195 2149 qui
1223 2080 1365 2147 jacet
1393 2094 1550 2147 supra
1583 2079 1980 2149 caputArietis
2005 2118 2020 2143 ,
2056 2079 2215 2135 habet

640 2151 830 2204 stellas
875 2166 969 2219 per
1016 2152 1251 2214 singulos
1281 2152 1505 2207 angulos
1554 2152 1577 2204 1
1638 2148 1880 2215 nitidam,
1926 2164 1993 2204 ex
2022 2151 2214 2219 quibus

642 2236 743 2273 una
774 2231 855 2274 est
880 2222 1207 2289 splendidior
1233 2222 1463 2274 caeteris.

717 2289 884 2345 Piscis
914 2292 1229 2359 Aquilonius
1260 2290 1421 2343 habet
1444 2290 1629 2343 stellas
1674 2288 1763 2351 12,
1822 2290 2084 2343 Australis
2123 2291 2209 2345 15.

640 2359 883 2413 Linteum
914 2376 1098 2414 eorum
1132 2361 1182 2415 iu
1213 2375 1318 2429 quo
1345 2362 1686 2414 continentur
1720 2359 1880 2413 habet
1910 2361 2091 2414 stellas
2144 2366 2207 2416 ad

638 2431 957 2494 Aquilonem
988 2431 1042 2494 5,
1076 2432 1139 2484 ad
1171 2444 1415 2485 occasum
1448 2431 1500 2496 5,
1531 2432 1596 2485 ad
1626 2431 1885 2485 orientem
1916 2430 1972 2497 5,
1995 2432 2048 2484 in
2075 2447 2203 2487 con-

639 2516 777 2555 nexu
804 2504 836 2554 5
856 2518 869 2565 ;
901 2512 1023 2556 sunt
1049 2516 1234 2556 omnes
1265 2501 1351 2555 59.

711 2572 959 2637 Perseus,
992 2574 1078 2639 qui
1117 2572 1284 2625 fertur
1316 2583 1495 2635 tepere
1523 2580 1683 2639 caput
1714 2568 1997 2639 Gorgonis,
2049 2571 2206 2629 habet

634 2643 817 2695 stellas
848 2642 900 2696 in
932 2650 1156 2712 utroque
1180 2644 1402 2696 humero
1443 2641 1777 2709 splendidam
1814 2642 1863 2706 1,
1894 2644 1944 2695 in
1971 2647 2204 2697 summi-

638 2722 745 2766 tate
777 2728 964 2766 ntanus
994 2711 1196 2767 dextra:
1223 2728 1380 2767 unam
1405 2753 1419 2773 ,
1453 2714 1503 2765 in
1534 2711 1775 2780 ejusdem
1811 2714 1992 2766 cubito
2018 2729 2199 2781 unam,

635 2784 688 2835 in
719 2784 1025 2837 summitate
1056 2799 1243 2837 manus
1271 2782 1498 2836 sinistrae
1522 2797 1701 2846 unam,
1732 2783 1784 2835 in
1811 2792 1996 2838 ventre
2019 2799 2200 2851 unam,

634 2854 688 2905 in
720 2853 911 2907 dextro
953 2854 1132 2908 lumbo
1189 2853 1407 2908 nitidam
1452 2869 1608 2907 unam
1637 2893 1651 2914 ,
1687 2853 1738 2905 in
1781 2853 1971 2907 dextro
2000 2853 2203 2911 femore

633 2924 964 2983 Splendidam
990 2940 1173 2990 unam,
1205 2926 1255 2976 in
1288 2934 1514 2989 utroque
1534 2937 1671 2991 genu
1705 2937 1882 2988 unam,
1917 2924 1969 2977 in
1994 2924 2119 2979 tibia
2145 2928 2197 2979 2.

634 2991 939 3059 Gorgonius
970 3005 1145 3050 autem
1173 2994 1367 3048 dicitur
1398 2993 1595 3047 habere
1622 2994 1675 3047 in
1701 2993 1875 3061 capite
1904 2994 2112 3050 stellam
2144 2996 2197 3061 1,

633 3075 684 3117 et
713 3064 763 3117 iu
797 3064 1033 3119 crinibus
1063 3065 1129 3129 5;
1166 3075 1289 3119 sunt
1318 3077 1507 3117 omnes
1546 3064 1627 3117 16.

706 3134 827 3231 [Idra
856 3133 1014 3231 habet
1044 3136 1222 3231 stellas
1247 3136 1298 3231 iln
1322 3133 1857 3231 iitroque'pectined,
1883 3133 1937 3188 in
1963 3133 2197 3231 singulas
2225 3167 2272 3231 ρ

633 3205 851 3265 redales
884 3208 933 3267 1,
989 3207 1037 3258 in
1085 3206 1301 3259 modulo
1336 3206 1357 3256 1
1386 3242 1403 3267 ,
1437 3205 1487 3256 in
1519 3213 1744 3272 utroque
1788 3205 2012 3258 humero
2048 3208 2098 3271 1,
2143 3209 2195 3261 in

630 3275 752 3344 iugo
788 3277 837 3342 1,
873 3278 923 3330 in
958 3284 1211 3345 tympano
1236 3273 1569 3345 splendidam
1619 3284 1775 3344 atque
1815 3276 2142 3333 candidam1
2180 3295 2195 3343 ;

630 3356 756 3398 sunt
782 3362 970 3401 omnes
994 3353 1045 3401 9.

703 3418 900 3485 Cignus
932 3417 1089 3471 habet
1134 3415 1342 3469 stellam
1386 3415 1439 3469 in
1481 3413 2024 3486 capitehsplcndidam
2058 3419 2112 3483 1,
2143 3419 2196 3473 in

632 3483 1135 3553 collo'splendidam
1169 3486 1221 3549 1,
1249 3487 1301 3539 in
1334 3487 1522 3541 dextra
1549 3483 1633 3540 ala
1664 3483 1698 3537 5
1718 3483 1736 3544 .7
1767 3502 1924 3542 unam
1952 3487 2195 3553 nitidam,

631 3570 750 3621 qua:
778 3566 861 3611 est
904 3558 1042 3611 circa
1087 3556 1318 3619 collum;
1364 3558 1415 3610 in
1458 3556 1670 3610 sinistra
1696 3556 1775 3609 ala
1807 3558 1862 3623 5,
1891 3557 1942 3609 in
1972 3572 2199 3625 corpore

632 3641 812 3690 unam,
850 3627 901 3680 in
941 3626 1159 3698 genitali
1190 3640 1288 3679 suo
1320 3642 1563 3696 magnam
1587 3629 1608 3680 1
1635 3641 1654 3692 ;
1685 3637 2013 3698 suntomnes
2045 3630 2135 3684 14.

704 3696 967 3764 Aquarius
1019 3696 1179 3750 habet
1214 3698 1397 3749 stellas
1447 3698 1498 3750 in
1544 3696 1775 3763 capitei
1800 3702 2054 3753 obscuras
2080 3739 2095 3764 ,
2144 3700 2195 3755 in

628 3775 856 3833 utroque
878 3768 1101 3821 humero
1121 3766 1453 3837 splendidam
1482 3767 1534 3830 1,
1557 3766 1609 3820 in
1631 3769 1854 3822 summis
1875 3767 2118 3823 manibus
2143 3773 2193 3837 1,

627 3851 721 3903 per
743 3838 978 3906 singulas
1001 3835 1319 3891 mamrnillas
1343 3838 1394 3902 1,
1411 3836 1597 3890 subtus
1616 3839 1934 3893 mammillas
1959 3853 2023 3893 ex
2050 3850 2167 3894 utra
2180 3835 2197 3877 ⁷·

624 3922 731 3980 que
758 3918 909 3980 parte
930 3911 979 3972 1,
1000 3908 1051 3961 in
1075 3907 1292 3980 sinistro
1324 3908 1780 3980 lutnbounam,_in
1804 3916 2029 3980 utroque
2057 3926 2195 3980 genu

626 3979 680 4044 1,
713 3979 765 4033 in
792 3978 981 4033 dextra
1012 3980 1135 4034 tibia
1167 3979 1216 4042 1,
1246 3978 1296 4031 iu
1328 3978 1551 4045 singulis
1581 3978 1804 4046 pedibus
1836 3979 1859 4032 1
1887 3997 1901 4045 ;
1927 3978 2191 4034 suntom-

626 4063 722 4101 nes
773 4049 862 4105 18.
889 4050 1089 4103 Ellusio
1117 4059 1292 4105 aulcm
1326 4049 1386 4103 fit
1412 4050 1599 4102 dextra
1636 4050 1894 4118 laevaque,
1937 4051 1991 4105 in
2014 4066 2115 4120 qua
2160 4052 2196 4105 2

626 4129 752 4173 sunt
797 4121 1111 4185 splendidre,
1145 4129 1353 4174 cratera:
1384 4136 1511 4174 vero
1540 4120 1799 4174 obscurae.

696 4190 1052 4257 Capricornus
1094 4192 1252 4245 habet
1281 4191 1331 4242 in
1365 4202 1589 4258 utroque
1618 4206 1783 4244 cornu
1820 4191 2000 4245 stellas
2029 4191 2083 4252 2,
2140 4193 2192 4248 in

625 4260 843 4331 naribus
893 4260 1225 4326 splendidam
1254 4262 1312 4331 A1,
1337 4261 1398 4331 in
1447 4261 1618 4327 capite
1664 4260 1727 4323 2,
1760 4261 1809 4312 in
1839 4262 1978 4316 collo
2008 4263 2191 4331 splen-

624 4330 712 4409 did
734 4346 801 4383 im
834 4332 885 4409 1_,
916 4332 967 4409 in
1004 4340 1215 4409 pectore
1241 4329 1297 4409 2,
1334 4329 1386 4409 in
1431 4331 1684 4409 anterigri
1718 4332 1850 4409 pede
1884 4334 1935 4399 1,
1967 4329 2194 4409 in_:sum-

625 4401 811 4454 mitate
861 4401 1026 4471 ipsius
1071 4399 1219 4469 pedis
1251 4402 1301 4461 1,
1334 4400 1385 4453 in
1418 4402 1575 4455 dorso
1605 4400 1635 4451 7
1667 4441 1682 4465 ,
1717 4399 1769 4454 in
1806 4411 1992 4457 ventre
2019 4402 2052 4456 5
2076 4442 2092 4470 ,
2139 4406 2190 4458 in

626 4471 788 4524 cauda
814 4471 879 4535 2;
907 4481 1031 4525 sunt
1055 4487 1242 4525 omnes
1274 4472 1363 4525 ‘26.

700 4542 1011 4610 Sagittarius
1039 4542 1195 4595 habet
1224 4540 1274 4594 in
1307 4540 1481 4609 capite
1511 4540 1697 4594 stellas
1724 4541 1758 4593 2
1787 4583 1802 4605 ,
1850 4542 1903 4596 in
1971 4544 2188 4611 scapula

625 4626 785 4663 unam
835 4612 1050 4665 nitidam
1078 4652 1091 4674 ,
1126 4613 1176 4665 iu
1206 4611 1369 4665 dorso
1401 4610 1449 4675 5,
1488 4611 1537 4664 in
1562 4611 1727 4663 cauda
1753 4612 1806 4678 2,
1838 4613 1890 4666 in
1932 4610 2189 4667 anteriori

625 4697 765 4747 genu
797 4684 849 4745 1,
884 4684 937 4736 in
967 4696 1191 4751 utroque
1223 4682 1355 4751 pede
1382 4682 1435 4746 1,
1459 4682 1509 4734 in
1532 4694 1678 4751 arcu
1702 4680 1736 4732 2
1765 4726 1779 4748 ,
1833 4692 1887 4735 ct
1936 4684 1987 4736 in
2019 4684 2194 4751 jacqu

625 4760 890 4816 quatuor;
918 4768 1018 4807 una
1042 4749 1168 4807 vero
1194 4749 1244 4804 iu
1271 4767 1501 4815 summo,
1533 4751 1631 4804 alia
1666 4749 1717 4803 in
1742 4751 1918 4807 medio
1944 4749 2191 4818 obscura,

625 4832 675 4876 et
706 4821 741 4874 2
771 4823 823 4876 in
838 4826 1042 4947 1[Samiis
1068 4822 1253 4892 jaculi,
1276 4836 1342 4877 ex
1373 4822 1565 4893 quibus
1589 4821 1788 4877 clarior
1814 4833 1896 4877 est
1919 4839 2041 4890 una;
2072 4835 2197 4879 sunt

625 4907 811 4947 omnes
911 4930 925 4945 .
1160 4899 1173 4912 '

624 4907 811 4948 omnes
838 4895 925 4947 19.
1160 4899 1173 4912 '

699 4964 884 5031 Aquila
911 4962 1071 5017 habet
1099 4963 1149 5017 in
1178 4960 1312 5030 pede
1336 4962 1547 5017 stellam
1581 4962 1635 5031 1,
1680 4962 1732 5016 in
1762 4961 1939 5017 medio
1969 4978 2195 5032 corpore

624 5031 903 5088 obscuram
935 5034 985 5097 1,
1016 5038 1067 5086 in
1097 5043 1269 5087 rostro
1288 5034 1554 5104 superiori
1586 5034 1609 5087 1
1641 5075 1657 5098 ,
1700 5032 1751 5086 in
1784 5031 2079 5090 subteriori
2118 5037 2137 5089 1
2178 5054 2193 5102 ;

623 5114 747 5157 sunt
776 5120 959 5158 omnes
987 5106 1041 5159 4.
1996 5130 1999 5137 ·

701 5174 991 5242 Delphinus
1032 5190 1138 5229 non
1174 5174 1396 5227 multum
1440 5173 1775 5239 supercurrit
1822 5172 2150 5242 Capricorno
2175 5217 2192 5241 ,

623 5242 785 5298 habet
816 5247 869 5302 in
908 5260 1000 5299 ore
1049 5246 1257 5301 stellam
1299 5245 1350 5309 1,
1386 5244 1437 5297 in
1470 5247 1666 5299 vertice
1711 5244 1766 5307 2,
1813 5244 1863 5296 in
1904 5245 1986 5298 ala
2039 5262 2195 5300 secus

623 5325 862 5438 γειιιὸθιιι
895 5316 950 5382 5,
980 5331 1139 5386 supra
1168 5316 1384 5368 dorsum
1419 5315 1472 5379 1,
1519 5315 1573 5369 in
1615 5316 1788 5370 cauda
1815 5313 1850 5368 2
1880 5332 1894 5382 ;
1928 5327 2053 5371 sunt
2081 5334 2194 5373 uin-

624 5398 719 5438 nes
787 5424 801 5438 .

624 5398 719 5438 nes
748 5398 801 5439 9.

697 5456 884 5519 Orion,
906 5455 1155 5526 obliquus
1176 5454 1387 5526 quidem
1401 5452 1597 5519 Tauro,
1616 5455 1774 5509 habet
1800 5455 1851 5508 in
1872 5457 2043 5524 capite
2064 5456 2193 5511 stel-

628 5523 707 5577 las
733 5523 1049 5593 splendidas
1069 5527 1103 5579 5
1123 5568 1137 5591 ,
1167 5542 1229 5580 ex
1273 5525 1463 5593 quibus
1492 5540 1586 5577 una
1627 5536 1712 5579 est
1737 5523 2067 5592 Splendi’dior
2085 5542 2193 5581 ca:-

628 5594 776 5649 teris.
813 5594 867 5652 lu
898 5607 1121 5665 utroque
1164 5600 1388 5650 humero
1416 5595 1751 5660 Splendidam
1782 5612 1937 5649 tinam
1962 5635 1978 5659 ,
2014 5600 2063 5650 iu
2100 5612 2193 5650 cu-

628 5666 740 5718 hito
782 5673 803 5719 1
842 5669 1147 5735 obscuram,
1184 5669 1233 5720 iu
1262 5668 1567 5720 summitate
1598 5681 1792 5719 manus
1821 5667 1874 5729 1,
1904 5668 1955 5719 in
1978 5682 2111 5720 zona
2135 5667 2191 5730 5,

630 5736 680 5786 in
714 5736 915 5809 inantili
944 5740 978 5792 5
1006 5738 1282 5802 obscuras,
1317 5741 1368 5791 in
1403 5746 1628 5803 utroque
1654 5751 1793 5809 genu
1828 5737 1850 5789 1
1879 5776 1892 5802 ,
1946 5738 1999 5793 iu
2034 5734 2190 5793 utris-

627 5821 729 5878 que
760 5808 977 5876 pedibus
1006 5809 1027 5862 1
1058 5825 1071 5874 ;
1101 5820 1224 5865 sunt
1246 5823 1432 5865 omnes
1461 5810 1543 5863 17.

2317 1864 2529 1938 Orionis
2558 1866 2744 1933 pedem
2776 1870 3038 1932 tendens;
3070 1864 3317 1938 subiacet
3340 1872 3387 1924 ei
3420 1871 3555 1923 816113
3586 1880 3777 1938 ωηιξη·

2315 1946 2468 2007 catur
2488 1937 2749 2002 Canentis.
2770 1954 2891 2006 qua:
2921 1941 3083 2007 tangit
3106 1934 3395 2004 splendens
3412 1951 3658 1993 temonem.
3672 1934 3780 2007 Navis

2316 2006 2564 2078 spatium
2579 2005 2797 2068 parvum
2822 2018 2984 2073 patet,
3010 2005 3075 2065 eo
3096 2011 3240 2078 quod
3268 2010 3401 2063 circa
3424 2018 3595 2062 terram
3616 2019 3706 2078 εδξθ
3724 2005 3778 2078 Ῐ¹³

2313 2072 2471 2154 detur
2501 2094 2518 2154 :_
2553 2075 2711 2154 habet
2740 2071 2925 2154 stellas
2947 2071 2998 2132 in
3026 2071 3198 2154 prima
3229 2081 3345 2135 acie
3366 2079 3419 2144 5.,
3444 2080 3493 2134 in
3520 2074 3706 2133 secunda
3724 2071 3779 2137 5,

2316 2147 2368 2196 in
2391 2147 2552 2216 tertia
2580 2150 2633 2209 5,
2665 2164 2831 2216 usque
2859 2149 2923 2202 ad
2949 2147 3241 2203 novissima
3267 2164 3380 2206 sex.

2387 2213 2554 2269 Pi-cis
2600 2213 2819 2287 magnus
2857 2229 2912 2273 et
2958 2221 3151 2275 Auster
3190 2219 3418 2285 dicitur,
3464 2233 3493 2273 a
3536 2214 3780 2287 ϐπρτίορτηο

2315 2283 2821 2359 ιμςσιιιθρίςοθςὶίυε
2850 2290 3123 2359 longitudo
3146 2283 3487 2357 provolvitur,
3508 2288 3585 2356 qui
3604 2283 3781 2359 subjacet

2312 2353 2543 2428 Aquario
2564 2371 2614 2411 et
2635 2353 2854 2423 suscipit
2880 2353 2995 2428 ejus
3021 2353 3362 2414 effusionem.
3380 2353 3701 2428 llabet'stellas
3717 2353 3776 2414 12,

2310 2427 2599 2505 exquibus
2627 2442 2747 2505 esse
2780 2430 2947 2505 fertur
2975 2433 3075 2485 sub
3105 2431 3341 2505 pedibus
3376 2427 3603 2498 Aquarii,
3638 2434 3681 2505 ρι
3709 2432 3781 2476 lres

2312 2496 2362 2547 in
2396 2498 2604 2550 brattcis
2633 2498 2751 2567 ejus
2781 2520 2793 2552 :
2825 2501 2955 2568 ipsa:
2996 2496 3175 2556 autem
3214 2496 3467 2557 clariores
3499 2496 3674 2553 steteris
3702 2506 3784 2548 esse

2308 2578 2617 2622 ιιοεριιιιιιιτ.

2376 2636 2706 2704 Sacrarium,
2747 2640 2886 2709 quod
2917 2649 2971 2695 et
2994 2640 3199 2695 Fanum
3221 2641 3499 2709 accipitur,
3522 2636 3608 2690 hoc
3618 2633 3778 2709 signum

2305 2708 2549 2778 sequitur
2577 2705 2799 2764 caudam
2828 2713 3002 2777 magni
3043 2712 3254 2778 Scorpii
3282 2754 3296 2775 ,
3321 2705 3594 2765 circumdat
3614 2705 3783 2778 Septen-

2306 2776 2530 2831 trionem
2558 2789 2612 2832 et
2638 2781 2881 2847 quaedam
2913 2773 3039 2850 pars
3069 2773 3322 2836 obtusior
3351 2780 3583 2839 Arcturi.
3605 2790 3696 2844 (1³³⁸
3698 2773 3783 2850 dim

2302 2856 2478 2901 autem
2509 2852 2617 2903 cito
2641 2842 2741 2903 sub
2776 2842 3007 2919 Vespere
3034 2852 3239 2906 deficit.
3276 2852 3441 2905 Habet
3462 2842 3787 2919 autemistellas

2303 2930 2465 2993 super
2494 2920 2801 2974 craticulam
2830 2916 2894 2985 2,
2920 2923 2970 2993 in
2997 2922 3162 2976 vasile
3178 2922 3222 2993 2
3246 2940 3261 2988 ;
3296 2931 3418 2975 sunt
3440 2932 3608 2993 omnes
3629 2916 3699 2993 1..

2375 2988 2670 3044 Centaurus
2710 2993 2881 3045 fertur
2925 2992 3122 3047 habere
3175 2992 3399 3046 bestiam
3444 2991 3490 3043 iu
3521 2988 3787 3060 nianu__juita

2302 3056 2628 3135 5"Crariltm.
2662 3065 2713 3114 ίη
2742 3077 2848 3135 (1ρο
2872 3064 3089 3135 yidelur
3111 3063 3331 3117 oll'erre.
3393 3060 3550 3135 Habet
3587 3054 3727 3135 stellas
3754 3054 3789 3135 in

2303 3131 2482 3205 φρίβρ
2501 3120 2837 3205 ιιὺεέυιιᾳείὸ,
2864 3132 2923 3185 in
2955 3124 3180 3201 utroque
3213 3134 3435 3187 humero
3462 3120 3788 3205 splendidam},

2304 3191 2600 3275 iii-sinistro
2631 3203 2807 3275 cubito
2824 3191 3015 3275 unam,
3040 3191 3507 3275 iri-summanianti
3536 3196 3649 3275 1,‘in.
3667 3191 3791 3275 ωιθιιὶο

2303 3279 2516 3336 pectore
2554 3271 2599 3335 Ι,
2630 3272 2681 3326 in
2709 3274 2859 3340 spina
2887 3273 2942 3335 2,
2978 3263 3025 3327 in
3058 3286 3245 3327 ventre
3271 3272 3562 3341 splendidas
3575 3265 3679 3341 ‘2,_i_n
3702 3263 3793 3313 lum-

2301 3334 2368 3393 ho
2397 3334 2813 3408 splendidam],
2846 3343 2897 3396 in
2925 3334 3090 3398 cauda
3122 3343 3177 3405 5,
3196 3345 3249 3400 iu
3284 3334 3513 3409 utrisque
3539 3334 3789 3411 genibnsyej

2298 3412 2459 3482 torsis
2486 3411 2540 3474 2,
2567 3412 2617 3466 in
2644 3424 2867 3480 utroque
2891 3430 3042 3469 armo
3067 3414 3117 3475 1,
3135 3416 3189 3469 in
3223 3425 3450 3481 utroque
3476 3411 3595 3479 pede
3610 3413 3792 3482 anteriori

2300 3480 2372 3546 1;
2418 3493 2540 3535 sunt
2570 3498 2758 3537 omnes
2787 3484 2876 3537 24.
2930 3484 3124 3541 Ferunt
3176 3480 3389 3546 tenere,
3447 3485 3572 3536 sicut
3615 3480 3795 3551 superius

2298 3551 2733 3620 significavimus,
2764 3553 2815 3607 iu
2843 3556 3062 3609 sinistro
3091 3571 3259 3609 manu
3287 3569 3434 3610 arma
3454 3560 3506 3605 et
3531 3551 3738 3614 leporem.
3757 3556 3793 3619 If!

2298 3622 2484 3695 dextra
2518 3640 2643 3695 vero
2675 3625 2916 3690 bestiam,
2952 3636 3005 3679 et
3030 3642 3058 3678 a
3091 3626 3417 3695 quibusdam
3446 3621 3659 3691 hydriam
3681 3622 3793 3695 pce“.

2298 3704 2416 3758 quin
2446 3694 2602 3747 habet
2632 3695 2813 3749 stellas
2845 3684 3282 3760 in'cauda'duas,
3312 3698 3363 3749 in
3392 3684 3585 3748 summo
3613 3684 3715 3754 pede
3734 3697 3795 3733 au-

2300 3763 2495 3836 tcriore
2525 3765 2743 3818 nitidam
2777 3782 2958 3829 unam,
3003 3777 3057 3820 et
3096 3766 3149 3821 in
3180 3768 3337 3835 spina
3369 3764 3574 3836 nitidam
3599 3768 3739 3836 unam,
3759 3760 3795 3836 el

2299 3831 2351 3884 in
2380 3837 2650 3905 anteriore
2680 3836 2811 3904 pede
2836 3837 3170 3905 splendidam
3205 3831 3393 3902 unam,
3425 3842 3478 3888 et
3500 3832 3656 3886 subter
3674 3831 3796 3900 ipsi!!!)

2300 3904 2487 3966 ιη’(ιοηι
2518 3920 2723 3977 ulla");
2759 3910 2813 3962 in
2836 3904 3008 3977 capite
3035 3917 3178 3970 tres;
3211 3917 3341 3963 sunt
3371 3917 3550 3961 omnes
3577 3906 3794 3957 novetur”

2299 3981 2463 4027 totum
2494 3991 2619 4030 vero
2642 3974 2735 4033 55.
2902 3974 2915 3977 “
3757 4029 3779 4038 ..

2368 4045 2599 4113 Serpens
2617 4087 2634 4111 ,
2675 4031 2839 4112 super
2864 4048 3018 4117 cujus
3043 4051 3273 4103 caudam
3316 4060 3529 4102 currum
3558 4040 3723 4113 sedere.
3743 4031 3797 4081 (η’

2296 4112 2448 4178 dunt,
2474 4112 2550 4170 iet
2596 4117 2648 4171 in
2708 4118 2882 4172 medio
2912 4112 3097 4173 urnam
3153 4128 3433 4174 asserunt.
3460 4117 3635 4169 Ferunt
3658 4112 3796 4187 suum

2294 4187 2433 4252 quod
2460 4198 2616 4255 caput
2647 4189 2972 4260 suinmitatis
3000 4190 3232 4252 Cancro,
3265 4199 3340 4260 et
3370 4188 3582 4244 caudam
3620 4178 3673 4260 ad

2297 4246 2505 4311 taurum
2528 4246 2743 4329 tendat,
2773 4262 2860 4324 qui
2891 4260 3051 4316 habet
3076 4246 3269 4315 stellas
3309 4259 3367 4329 5,
3414 4260 3467 4314 in
3510 4246 3796 4310 cervicel,ln

2296 4335 2513 4394 pectore
2544 4330 2594 4392 1,
2628 4327 2679 4381 in
2713 4338 2900 4384 ventre
2932 4332 2982 4384 1.
3354 4327 3362 4329 “
3765 4380 3775 4390 .

2365 4397 2569 4452 Corvus
2596 4412 2726 4452 vero
2751 4397 2908 4454 habet
2939 4401 3122 4456 stellas
3155 4412 3295 4466 tres,
3329 4401 3384 4455 in
3416 4405 3580 4454 rostro
3606 4394 3799 4466 "1131113."!

2295 4467 2377 4519 ala
2415 4469 2466 4530 1,
2500 4469 2549 4521 in
2581 4469 2797 4538 genitali
2827 4455 3010 4526 unam.
3048 4472 3191 4526 Urna
3245 4455 3431 4525 autem
3485 4469 3627 4520 habet
3669 4455 3798 4538 stellis

2225 4522 2273 4581 Ι)
2304 4519 2799 4593 "crtumst;
2832 4519 3018 4596 Rigas
3045 4519 3529 4605 spargimur
3566 4542 3719 4589 omnes
3738 4519 3798 4576 10-

2298 4608 2432 4681 Sunt
2458 4610 2545 4675 qui
2574 4623 2691 4664 eam
2721 4612 2875 4664 aliter
2906 4615 3143 4680 pingunt,
3179 4627 3384 4681 nempe
3429 4616 3696 4676 serpentem
3724 4608 3799 4681 ξψ

2300 4679 2499 4749 pinum,
2530 4694 2713 4737 urnam
2756 4676 3051 4749 gestantem
3100 4683 3156 4737 in
3204 4676 3399 4748 dorso,
3425 4691 3480 4736 et
3504 4687 3693 4734 corvum
3714 4676 3799 4720 ου’

2295 4748 2417 4802 dam
2446 4751 2709 4817 serpentis
2738 4748 3087 4807 mordentem.

2368 4804 3269 4877 Anticziuisdicitnrsiibvéeminis
3316 4823 3455 4879 bene
3482 4828 3663 4889 parere.

2296 4892 2477 4963 stellas
2508 4902 2633 4953 tres,
2666 4907 2887 4956 quarum
2918 4908 3022 4950 nua
3049 4878 3395 4963 splendidior
3437 4878 3517 4947 est
3553 4878 3799 4963 θειεῐὶεέξξ

2296 4960 2422 5083 iéleo
2470 4955 2740 5017 Anth-anis
2792 4955 3173 5033 vocaturfeo
3239 4965 3392 5034 quod
3451 4965 3522 5017 sit
3576 4955 3801 5012 contranus

2345 5047 2447 5083 lim.

2345 5047 2447 5084 lim.

2365 5102 2607 5155 circulus
2651 5102 2864 5171 quidem
2900 5114 2982 5157 est
3012 5104 3064 5161 in
3092 5105 3373 5163 sideribus
3397 5098 3616 5171 candido
3637 5091 3799 5171 ωρονςε

2295 5186 2451 5239 quem
2485 5164 2710 5226 lacteum
2739 5188 2859 5226 esse
2888 5175 3127 5229 nonnulli
3156 5176 3445 5232 dixerunt.
3499 5164 3799 5239 EratoStbenet

2295 5237 2469 5315 autem
2500 5244 2755 5315 Mercurio
2776 5244 2904 5297 dicit
2929 5243 3112 5303 infanti
3136 5261 3315 5315 puero
3345 5246 3581 5315 inscita")
3602 5237 3798 5315 In"???

2294 5313 2506 5366 dedisse
2537 5313 2650 5379 lac;
2677 5315 2770 5367 sed
2805 5324 3077 5382 pestquam
3104 5303 3360 5372 rescierit
3386 5333 3508 5372 enm
3532 5303 3800 5382 λιθία-1111911

2294 5370 2717 5456 esse,_rejecisse
2745 5370 2868 5439 eum
2893 5370 3031 5441 εἶδε.
3066 5384 3139 5443 lta
3170 5370 3355 5442 lactist
3378 5370 3574 5456 profusi
3597 5370 3799 5456 _SP|¢','f‘f’,§

2296 5467 2410 5525 rem
2441 5443 2584 5525 inter
2603 5454 2780 5525 sidera
2807 5470 3087 5525 apparere.
3130 5457 3241 5512 Alii
3286 5443 3541 5513 dix'erunt
3579 5443 3799 5525 άοῐωίθυξξ

2294 5522 2486 5577 Junoni
2545 5520 3234 5595 Herculem'suppositum,
3293 5540 3354 5583 et
3406 5520 3800 5595 ειρθτηςεηηιιε

2293 5595 2432 5661 quod
2475 5607 2633 5667 supra
2664 5595 2901 5667 diximus
2932 5581 3140 5652 fecisse.
3193 5581 3539 5653 Animas.»
3582 5581 3797 5667 βετςυιὲυ

2296 5673 2511 5735 prppter
2545 5661 2771 5719 nimiam
2803 5668 3129 5734 aviditatem,
3162 5668 3566 5725 multitudinem
3595 5661 3797 5735 lactisap:

2297 5725 2489 5811 pe'tisse
2517 5776 2531 5799 ,
2565 5751 2736 5811 neque
2767 5739 2818 5789 in
2848 5752 2943 5791 ore
2968 5725 3258 5811 continere,
3306 5741 3555 5811 potuisse
3576 5725 3796 5811 :‘quqdf

2294 5820 2385 5861 ονε
2414 5798 2529 5875 “ius
2562 5798 2873 5877 profusum,
2916 5810 3167 5866 circulum
3214 5798 3486 5880 signasse.
3534 5804 3628 5862 Alii
3669 5798 3785 5854 dicun
