4010 6382
582 382 686 440 959

1056 385 1255 440 ΒΕΒίΕ
1299 383 1749 441 VENERABILIS
1785 383 1936 438 OPP.
1978 379 2154 437 PARS
2194 379 2232 433 l.
2258 378 2450 436 SECT.
2502 379 2563 434 ll.
2605 411 2675 422 —
2720 377 2926 434 DUBIA
2967 377 3053 432 ET
3090 375 3346 434 SPURIA.
3427 405 3432 414 -
3663 383 3748 440 960

577 464 886 564 signiferum
911 499 962 552 in
997 513 1068 552 sn
1095 508 1270 564 partes
1297 498 1497 563 divide,
1519 513 1623 553 non
1653 512 1751 567 per
1779 496 2038 564 seipsum,
2060 493 2154 550 sed
2185 499 2232 558 Α
2259 494 2553 567 secundum
2581 495 2842 567 quinque
2889 495 3086 567 partita
3151 494 3412 550 intervalla
3434 539 3449 566 ,
3487 511 3587 567 qua:
3624 515 3748 560 mea

577 581 673 635 per
684 566 1002 625 exteriorem
1019 570 1326 632 umbonem,
1345 583 1565 639 quarum
1587 566 1814 638 partium
1837 567 2156 636 quandoque

2265 566 2459 620 tabulae
2482 566 2686 635 sculpta
2709 565 3122 646 vides,lpartire.

587 705 3750 732 Μ

1302 815 1835 932 BEDE
1905 807 3093 932 PRESBYTER!

1527 1004 1616 1060 DE
1655 1004 2076 1060 NATIVITATE
2116 1001 2495 1071 INFANTIUM
2535 999 2888 1058 LIBELLUS.

643 1141 743 1206 Qui
772 1143 823 1196 in
850 1147 1054 1208 septem
1080 1140 1316 1194 nascitur
1343 1141 1640 1206 mensibus,
1675 1141 1718 1194 si
1749 1140 1820 1194 sit
1849 1139 2142 1203 masculus,

576 1211 792 1283 t_riginta
833 1211 1024 1283 diebus
1073 1210 1355 1283 formatur,
1400 1210 1454 1263 in
1497 1209 1851 1283 quadraginta
1879 1223 2150 1264 movetur.

575 1280 817 1346 Femina,
867 1282 920 1335 in
967 1281 1178 1348 triginta
1232 1280 1462 1349 quinque
1505 1281 1784 1343 formatur,
1842 1281 1893 1332 in
1935 1293 2156 1346 septua-

569 1352 717 1415 ginta
782 1359 1063 1417 movetur,
1123 1350 1368 1406 ducentis
1423 1350 1611 1406 decem
1672 1350 1863 1404 diebus
1912 1351 2157 1418 comple-

572 1431 679 1475 tur.

648 1492 842 1546 Decem
888 1491 1153 1546 mensium
1194 1489 1490 1553 masculus,
1531 1489 1882 1558 quadraginta
1911 1488 2152 1558 quinque

570 1561 830 1615 formatur
870 1561 1078 1626 diebus,
1109 1571 1164 1615 et
1201 1561 1486 1627 nonaginta
1519 1571 1784 1615 movetur.
1821 1559 2065 1624 Femina,
2095 1559 2149 1612 in

572 1630 956 1700 quinquaginta
1007 1631 1288 1698 formatur,
1336 1633 1387 1683 in
1414 1641 1626 1685 centum
1657 1640 1922 1694 movetur,
1955 1630 2009 1684 in
2041 1639 2148 1683 tre-

571 1701 743 1757 centis
773 1700 1030 1757 nascitur.

642 1770 842 1840 Novem
892 1771 1153 1826 mensium
1203 1771 1468 1824 masculus
1498 1769 1552 1824 in
1573 1769 1931 1840 quadraginta
1951 1768 2152 1823 forma.-

572 1848 683 1904 tttr,
729 1839 782 1894 in
829 1840 1096 1910 octoginta
1134 1849 1393 1895 movetur.
1442 1840 1683 1904 Femina,
1716 1841 1768 1893 in
1793 1839 2154 1910 quadraginta

2261 1138 2458 1192 Dentes
2509 1145 2634 1191 sunt
2665 1135 2816 1206 quasi
2875 1135 3116 1206 quadam
3175 1134 3442 1205 plantaria,
3495 1135 3675 1191 ossibus
3713 1149 3753 1196 et

2262 1219 2444 1263 mento
2472 1208 2652 1271 insita,
2685 1205 2778 1276 qui
2809 1215 2934 1260 sunt
2962 1205 3174 1276 triginta
3195 1205 3319 1270 duo,
3344 1205 3690 1262 sedecimenitn
3709 1214 3747 1264 in

2263 1277 2628 1333 maxillaribus
2653 1286 2779 1331 sunt
2806 1277 2982 1345 positi,
3011 1275 3468 1345 quorumquatuor
3491 1275 3536 1329 in
3552 1286 3749 1344 partem.

2263 1347 2466 1412 teriori,
2528 1362 2680 1417 pares
2737 1356 2994 1400 vocantur
3043 1354 3099 1399 et
3141 1345 3430 1417 quadrupli,
3461 1346 3749 1413 latitetacuti,

2263 1415 2540 1472 incisores
2574 1417 2699 1478 dicti
2747 1431 2775 1470 a
2825 1417 3066 1481 medicis,
3105 1425 3226 1469 sunt
3273 1415 3408 1470 enim
3434 1417 3682 1470 necessarii
3703 1420 3750 1471 ad

2263 1489 2578 1542 ineisionem
2649 1486 2936 1557 cujuslibet
2987 1487 3114 1540 cibi.
3172 1485 3286 1540 Duo
3336 1492 3582 1557 vocantur
3617 1487 3750 1557 canini

2259 1558 2597 1614 collaterales
2632 1555 2974 1625 quadruplis,
3019 1558 3070 1609 in
3120 1557 3420 1610 summitate
3460 1555 3603 1617 acuti,
3630 1555 3674 1609 in
3691 1571 3752 1610 ra-

2258 1628 2377 1684 dice
2424 1642 2553 1682 vero
2604 1627 2714 1691 lati,
2776 1627 2927 1680 duris
2964 1626 3100 1680 cibis
3120 1625 3490 1681 commolendis
3511 1626 3624 1692 apti.
3652 1626 3755 1680 Sunt

2258 1708 2313 1758 et
2337 1700 2522 1756 decem
2562 1697 2649 1751 alii
2675 1697 2927 1765 utrinque
2954 1697 3100 1764 quini
3127 1696 3453 1751 collaterales
3478 1695 3750 1765 quadruplis,

2266 1769 2354 1823 lati
2377 1778 2548 1836 atque
2578 1769 2750 1838 grossi
2775 1785 2788 1820 :
2822 1763 2878 1820 lii
2905 1763 3135 1838 mulares
3155 1763 3566 1838 sunt_vocati,’ad
3592 1765 3752 1838 molesto

2259 1838 2386 1896 dum
2417 1835 2561 1894 enim
2586 1835 2663 1907 iet
2693 1835 3042 1907 frangendum
3069 1837 3245 1907 cibum
3273 1835 3478 1890 fuerunt
3503 1835 3751 1907 necessarii.

570 1909 807 2000 quinque
853 1903 1076 2000 fortnam
1106 1910 1350 2000 suscipit,
1385 1912 1436 1963 in
1468 1903 2153 2000 notiagintautnotumIdu-
2183 1939 2232 2000 Β
2261 1909 2363 2000 [διε
2406 1907 2549 2000 idem
2578 1903 3102 2000 dentiam't‘iurmerus
3125 1903 3752 2000 ἱρᾼιξιεεηιρξεξῃίἓιεξρξὶᾕειῖ

573 1981 746 2034 centis
791 1980 1121 2050 septuaginta
1163 1981 1354 2035 diebus
1393 1979 1685 2035 nascitura.
1737 1979 2002 2050 Masculus
2025 1979 2149 2032 ideo

2257 1979 2356 2033 dus
2388 1996 2404 2034 :
2450 1979 2502 2033 hi
2529 1991 2719 2032 omnes
2749 1984 2877 2032 sunt
2903 1974 3117 2040 furcati,
3147 1977 3242 2031 sed
3273 1977 3322 2030 in
3349 1976 3423 2031 eis
3451 1984 3560 2029 sunt
3582 1974 3752 2042 quidam

574 2051 732 2104 citius
752 2040 1070 2122 completur,
1104 2050 1226 2122 quia
1250 2065 1463 2120 sperma
1493 2051 1634 2106 unde
1662 2051 1922 2114 nascitur,
1961 2048 2153 2104 fortius
2255 2048 2476 2122 diversi,
2513 2047 2620 2122 alii
2653 2047 2795 2122 enim
2832 2055 3082 2122 quatuor,
3128 2045 3221 2122 alii
3261 2055 3386 2122 tres,
3429 2045 3509 2099 alii
3535 2040 3754 2122 duospalii

571 2129 730 2190 atque
751 2120 971 2177 calidius
996 2131 1099 2177 est.

1203 2191 1280 2246 De
1306 2190 1522 2248 ossibus.

640 2277 828 2334 Omnia
873 2279 1116 2349 corporis
1160 2294 1285 2350 ossa
1332 2289 1456 2335 sunt
1496 2278 1842 2350 quadraginta
1890 2294 2053 2334 unum
2098 2289 2154 2334 et

571 2347 800 2420 ducenta
830 2365 846 2420 ;
871 2347 1074 2416 septem
1089 2349 1298 2418 capitis,
1315 2347 1540 2420 quatuor
1561 2347 1726 2418 paria,
1747 2350 2150 2420 quatuordecim

574 2418 896 2484 maxillaria,
925 2419 1167 2474 dentium
1193 2418 1450 2485 sedecim,
1483 2435 1645 2473 unum
1675 2418 1801 2488 pali,
1827 2421 1934 2475 duo
1955 2421 2147 2488 menti,

573 2488 812 2542 dentium
839 2503 1060 2543 suorum
1091 2490 1344 2554 sedecim,
1377 2490 1649 2557 spondiles
1678 2489 1862 2558 viginti
1894 2498 2144 2558 quatuor,

570 2571 828 2629 coxarum
877 2569 1006 2624 tres,
1036 2559 1122 2613 ani
1155 2570 1284 2624 tres,
1317 2569 1482 2616 costa:
1516 2560 1699 2629 viginti
1725 2571 1855 2623 tres,
1881 2559 2147 2616 teneritu-

573 2627 739 2700 dines
782 2635 924 2695 octo,
957 2630 1195 2700 spatula:
1239 2631 1382 2695 duae,
1405 2627 1639 2699 capitum
1662 2631 1989 2700 spatularum
2013 2629 2144 2696 duo,

569 2696 896 2752 fercularum
936 2696 1063 2763 duo,
1098 2714 1367 2756 armorum
1395 2696 1522 2764 duo,
1555 2696 1858 2756 cubitorum
1890 2702 2142 2766 superio-

573 2767 1186 2842 rumgduo,_inferiorum
1214 2771 1341 2838 duo,
1373 2771 1580 2842 rasclize
1607 2785 1859 2842 manuum
1882 2771 2144 2842 sedecim,

571 2838 902 2911 pectinis'i‘n
958 2841 1203 2895 manibus
1251 2850 1393 2907 octo,
1450 2841 1737 2911 digitorum
1773 2839 2011 2911 triginta,
2036 2854 2143 2911 an-

569 2909 791 2963 charum
845 2908 976 2978 duo,
1031 2912 1400 2965 calcaneorum
1446 2908 1573 2974 duo,
1616 2908 2143 2976 navicula’rumduo,

568 2979 779 3060 rascltae
829 2979 1021 3060 pedum
1050 2981 1259 3048 decem,
1292 2980 1517 3051 pectinis
1546 2980 1599 3036 in
1631 2980 1852 3050 pedibus
1880 2991 2026 3046 octo,
2058 2980 2144 3035 di-

569 3051 798 3115 gitorum
825 3051 1057 3120 triginta.

1031 3137 1110 3194 De
1147 3141 1310 3195 nervis
1349 3149 1396 3195 et
1429 3140 1684 3198 dentibus.

639 3227 840 3286 Omnes
889 3229 1038 3286 nervi
1080 3244 1236 3301 pares
1285 3240 1447 3302 atque
1484 3231 1716 3301 impares
1749 3239 1876 3288 sunt
1902 3229 2140 3302 triginta.

2254 2118 2398 2193 enim
2441 2118 2639 2174 habent
2687 2113 2968 2193 ferculum,
3012 2116 3295 2186 quadrupli
3322 2127 3473 2193 atque
3491 2113 3750 2193 paresidetn

2257 2188 2486 2243 molares
2513 2196 2642 2250 tres,
2669 2180 2963 2242 ulteriores
2983 2180 3239 2255 quatuor,
3259 2180 3408 2255 primi
3434 2180 3633 2240 molares
3645 2180 3748 2236 intra

2259 2259 2440 2332 positi,
2471 2259 2605 2332 duas
2633 2257 2851 2325 habent,
2884 2257 3214 2332 ultimitres.

2325 2321 2456 2384 Tres
2476 2328 2592 2382 dies
2620 2337 2677 2402 et
2708 2321 2894 2402 noctes
2908 2334 3038 2402 sunt
3056 2329 3106 2402 in
3129 2328 3324 2395 quibus
3343 2326 3388 2380 si
3418 2323 3492 2379 vir
3513 2331 3644 2377 natus
3664 2321 3752 2402 lue.

2254 2399 2346 2462 rit,
2377 2411 2570 2466 corpus
2592 2397 2708 2467 ejus
2749 2397 2866 2452 sine
2889 2397 3052 2452 dubio
3075 2399 3338 2467 integrum
3367 2404 3534 2467 manet
3559 2407 3694 2467 usque
3715 2397 3752 2444 in

2251 2469 2394 2541 diem
2416 2465 2600 2541 iudicii
2621 2465 2889 2541 ::_boc_est
2935 2467 2990 2521 in
3019 2481 3071 2521 vi
3099 2465 3321 2530 Kalend.
3354 2465 3621 2541 Februarii,
3644 2470 3687 2541 et
3707 2475 3752 2541 tn

2252 2532 2481 2663 Ka‘len'tllti
2523 2548 2578 2592 et
2619 2537 2741 2595 ldus
2765 2537 2950 2606 Febr.,
2979 2545 3036 2592 et
3060 2551 3220 2592 suum
3243 2536 3537 2608 mysterium
3563 2532 3756 2587 mirabile

2252 2623 2310 2663 es
2365 2624 2425 2663 va
2486 2622 2536 2663 e.

2252 2615 2336 2664 est
2365 2610 2536 2663 valde.

2323 2679 2417 2734 Die
2446 2679 2715 2737 Dominica
2738 2678 2868 2733 hora
2891 2676 3100 2742 diurna,
3120 2677 3236 2732 sive
3257 2672 3608 2744 nocturna,qui
3629 2679 3749 2726 natus

2252 2747 2428 2818 fuerit,
2462 2763 2686 2819 magnus
2716 2750 2818 2803 erit
2859 2758 2912 2803 et
2937 2747 3274 2817 splendidus.

2253 2819 2404 2876 Feria
2426 2820 2682 2881 secunda,
2712 2819 2865 2874 fortis
2886 2819 3012 2874 erit.

2250 2886 2406 2944 Feria
2437 2890 2612 2955 tertia,
2638 2889 2863 2956 cupidus
2881 2889 3004 2957 erit,
3034 2897 3090 2942 et
3108 2886 3178 2942 de
3205 2887 3345 2944 ferro
3364 2885 3595 2942 moritur.

2251 2957 2404 3013 Feria
2437 2972 2644 3028 quarta,
2673 2967 2927 3029 tractator
2953 2959 3102 3029 regni
3126 2960 3255 3014 erit.

2249 3029 2402 3098 [feria
2426 3031 2631 3098 quinta,
2662 3028 2887 3082 affabilis
2913 3027 3090 3083 erit'et
3110 3027 3450 3082 honoriﬁcus.

2250 3097 2405 3153 Feria
2429 3097 2600 3163 sexta,
2635 3099 2819 3152 rivalis
2841 3098 2943 3154 erit
2968 3107 3023 3154 et
3052 3098 3285 3154 multum
3310 3098 3608 3156 luxuriosus.

2249 3168 2508 3238 Sabbato,
2535 3184 2658 3224 raro
2689 3168 2837 3225 utilis
2857 3169 2985 3224 erit.

578 3387 3758 3422 -Μ

835 3531 966 3607 DE
1024 3530 1622 3611 MINUTIONE
1680 3531 2267 3627 SANGUINIS,
2327 3525 2554 3610 SIVE
2612 3531 2745 3610 DE
2804 3529 3559 3610 PHLEBOTOMIA.

635 3683 1072 3768 omnitempore,
1109 3685 1194 3741 die
1214 3701 1276 3740 ac
1303 3686 1554 3768 nocte,_s_i
1582 3687 1873 3768 necessitas
1889 3686 2134 3768 tit-genio
2163 3687 2210 3751 (Ξ
2241 3684 2403 3742 relam
2457 3687 2652 3757 capitis
2697 3695 2752 3742 et
2781 3687 2994 3768 .manim
3036 3686 3378 3768 passionem,“
3410 3699 3564 3768 usque
3603 3681 3766 3768 ξὶξνΔ

567 3757 734 3811 acutis
781 3755 1135 3823 passionibus,
1168 3765 1381 3824 oportet
1409 3758 1822 3824 phlebotomiam
1853 3755 2132 3821 adhibere,

566 3827 832 3896 praecipuo
877 3835 1144 3896 tempore
1171 3825 1239 3879 ab
1279 3834 1470 3896 octavo
1518 3827 1636 3881 Kal.
1689 3827 1856 3894 April.
1889 3842 2056 3893 usque
2083 3828 2135 3881 iii

567 3895 851 3964 septimum
905 3895 1022 3950 Kal.
1062 3895 1225 3960 Junii,
1268 3895 1466 3950 utilitas
1511 3907 1593 3952 est
1621 3898 1930 3966 sanguinem
1954 3896 2134 3951 detra-

567 3967 752 4032 hendi,
802 3967 926 4033 quia
975 3975 1105 4020 tunc
1156 3968 1371 4034 sanguis
1408 3979 1750 4035 augmentum
1803 3967 1980 4021 habet.
2027 3967 2134 4022 Sed

566 4045 750 4104 postea
804 4036 1164 4106 observandas
1223 4045 1351 4091 sunt
1405 4036 1688 4106 qualitates
1735 4044 2030 4104 temporum
2085 4045 2140 4091 et

566 4119 756 4160 cursus
802 4105 962 4170 luam,
1016 4106 1116 4161 hoc
1161 4115 1262 4170 est,
1293 4105 1651 4174 lunaquinta,
1680 4107 1906 4174 decima,
1932 4107 2136 4161 decima

565 4175 768 4243 quinta,
818 4177 1090 4245 vigesima,
1136 4174 1392 4242 vigesima
1421 4177 1622 4244 quinta,
1652 4177 1939 4245 trigesima.
1975 4177 2029 4230 In
2057 4177 2140 4231 his

569 4245 769 4316 diebus
794 4259 896 4316 non
920 4255 1131 4313 Oportet
1160 4245 1574 4316 phlebotomiam
1607 4247 1900 4316 imponere,
1933 4249 2054 4316 quia
2086 4248 2137 4300 in

567 4313 687 4368 istis
739 4313 928 4368 diebus
983 4313 1387 4370 multi’medici
1432 4313 1697 4370 affirmant
1731 4320 1869 4385 quod
1896 4314 2139 4371 inﬁnitus

571 4399 822 4438 numerus
868 4387 1139 4457 hominum
1192 4400 1286 4455 per
1325 4387 1460 4439 hanc
1493 4386 1885 4457 negligentiam,
1913 4402 2015 4441 non
2045 4387 2142 4438 ob-

570 4464 851 4509 servantes
876 4455 1152 4518 qualitates
1172 4465 1467 4524 temporum
1497 4467 1550 4511 et
1579 4455 1793 4511 cursum
1819 4457 1978 4520 lunae,
2005 4471 2143 4510 mor-

574 4524 647 4595 tui
678 4533 826 4595 sunt.
849 4524 984 4578 Nam
1011 4541 1106 4591 per
1127 4525 1304 4580 omnia
1333 4527 1722 4581 observandum
1750 4537 1831 4580 est
1859 4541 1887 4580 a
1917 4527 2144 4595 quinde-

569 4593 711 4666 cimo
766 4593 883 4666 Kal.
943 4594 1147 4666 August
1195 4609 1365 4666 usque
1411 4597 1463 4650 in
1513 4595 1690 4650 Nonas
1733 4593 2143 4664 Septenib.,qui

573 4664 902 4719 caniculares
955 4664 1073 4720 dies
1121 4665 1479 4734 appellantur,
1524 4666 1938 4735 phlebotomiam
1969 4667 2142 4735 impo-

578 4747 726 4797 nere,
754 4748 850 4805 nec
877 4735 1224 4790 catharticum
1252 4736 1518 4802 accipere,
1542 4736 1664 4805 quia
1681 4751 1867 4789 omnes
1889 4737 2144 4790 humores

574 4811 698 4875 tunc
747 4804 888 4858 misti
936 4815 1087 4870 sunt,
1129 4805 1229 4860 nisi
1253 4807 1334 4874 (ut
1357 4806 1469 4875 jam
1496 4804 1751 4872 diximus)
1785 4805 1830 4859 si
1861 4807 1994 4859 ictus
2019 4820 2145 4861 eve-

572 4873 712 4927 nerit
763 4888 828 4928 ex
871 4875 1040 4930 acutis
1089 4873 1441 4942 passionibits,
1494 4875 1638 4929 aliud
1684 4875 1798 4930 tieri
1839 4891 1939 4927 non
1973 4884 2144 4942 potest

573 4943 671 4997 nisi
722 4943 963 5011 feriatur,
1012 4955 1065 5000 et
1085 4946 1307 4999 vastitas
1337 4948 1418 5000 vel
1444 4946 1696 5016 iniquitas
1722 4945 1992 5015 sanguinis
2019 4961 2142 5002 eva-

564 5021 800 5082 poretur.

638 5083 941 5140 Cathartico
985 5094 1162 5154 autem
1189 5099 1295 5140 uno
1321 5094 1580 5154 tempore,
1610 5085 1693 5139 vel
1725 5084 1789 5138 ab
1811 5093 1998 5140 octavo
2019 5085 2137 5141 Kal.

564 5153 781 5209 Octobr.
836 5170 1004 5224 usque
1043 5153 1096 5210 in
1125 5165 1369 5210 octavum
1393 5155 1511 5210 Kal.
1545 5156 1851 5211 Decembris
1877 5156 2008 5211 utile
2033 5166 2133 5221 est,

564 5225 684 5290 quia
736 5226 877 5294 quod
925 5240 1020 5294 per
1063 5227 1291 5280 hiemem
1339 5237 1392 5280 et
1441 5242 1534 5294 per
1575 5235 1815 5281 aestatem
1860 5241 2054 5295 corpus
2086 5229 2136 5282 in

563 5295 829 5367 choleram
884 5307 964 5367 et,
989 5297 1233 5366 phlegma
1274 5297 1556 5361 contraxit,
1577 5296 1687 5367 jam
1719 5297 1864 5351 dicto
1896 5306 2138 5366 tempore

567 5366 775 5434 purgari
817 5366 1015 5420 evenit.
1065 5367 1121 5422 Si
1157 5367 1297 5421 enim
1341 5366 1620 5434 diligenter
1647 5377 1922 5436 purgatum
1954 5367 2137 5433 fuerit,

561 5449 782 5488 securus
801 5450 832 5489 a
853 5436 1064 5491 cholera
1076 5451 1196 5492 esse
1211 5447 1400 5502 potest.
1421 5437 1543 5492 Sola
1565 5436 1868 5492 observatio
1890 5437 2131 5491 ciburutn

560 5514 617 5577 et
648 5513 815 5577 potus
855 5507 947 5572 sit,
988 5517 1058 5577 ut
1098 5505 1240 5576 quod
1290 5516 1505 5577 Oportet
1547 5518 1744 5570 utatur,
1793 5514 1849 5561 et
1887 5507 2135 5577 aquibus

561 5573 681 5628 ltedi
735 5585 907 5642 potest
951 5573 1298 5634 abstineatur.
1330 5573 1484 5644 ’ρυῑά
1514 5587 1596 5632 est
1621 5573 2000 5644 phlebotomia,
2034 5577 2135 5632 nisi

562 5655 705 5700 recta
737 5645 923 5701 incisio
950 5647 1142 5702 vente?
1169 5648 1372 5716 Quibus
1395 5649 1524 5702 locis
1552 5647 2035 5715 pltlebotomatnus,
2051 5648 2135 5702 vel

563 5730 659 5782 pro
707 5717 898 5784 quibus
927 5717 1280 5786 passionibus,
1309 5727 1400 5772 aut
1429 5717 1636 5786 qualem
1681 5732 1870 5771 venam
1904 5717 2137 5773 incidere

561 5785 856 5845 debemus?
902 5785 1140 5846 Arterias
1171 5803 1331 5847 venas
1373 5789 1425 5846 iu
1449 5785 1721 5859 accipitio,
1759 5795 1969 5860 propter
1998 5803 2130 5858 que-

2241 3773 2494 3828 mensura
2516 3753 2744 3827 quatuor
2763 3753 3050 3828 digitorum
3076 3757 3144 3828 de
3163 3772 3318 3812 aure.
3345 3759 3416 3813 De
3432 3753 3585 3828 ambis
3603 3762 3756 3828 tempo-

2240 3826 2384 3883 ribus
2428 3819 2731 3892 incidimus,
2779 3819 2995 3896 pFOpter
3033 3826 3354 3884 effusionem
3390 3825 3658 3880 oculorum.
3702 3819 3756 3896 De

2239 3901 2426 3971 subtus
2455 3899 2655 3971 lingua,
2687 3889 2822 3971 duas
2853 3889 3072 3971 propter
3098 3897 3322 3971 rheuma
3344 3896 3664 3971 gingivarum,
3693 3889 3753 3944 vel

2239 3967 2364 4021 vitia
2405 3967 2555 4032 oris,‘
2579 3981 2630 4022 et
2669 3969 2908 4023 dentium
2941 3968 3203 4039 dolorem.
3234 3969 3307 4023 De
3338 3967 3500 4021 fmnte
3522 3974 3635 4039 tres,
3662 3973 3752 4039 pro-

2242 4046 2360 4104 pter
2409 4040 2648 4092 dolorem
2696 4039 2906 4105 capitis,
2932 4047 2984 4092 et
3005 4037 3389 4095 alienationem
3412 4039 3460 4091 in
3490 4035 3752 4102 phrenesitn.

2242 4107 2318 4179 De
2365 4109 2580 4163 naribus
2619 4108 2774 4179 duas,
2807 4119 3022 4174 pr0pter
3050 4112 3366 4178 gravitatem
3395 4105 3567 4179 capitis
3593 4115 3637 4156 et
3659 4113 3756 4179 optt-

2243 4177 2434 4232 lorum.
2495 4179 2570 4233 De
2611 4177 2749 4232 collo
2797 4179 2952 4244 duas,
2982 4175 3197 4246 propter
3228 4180 3495 4232 humorem
3527 4175 3572 4246 in
3599 4175 3751 4240 capite.

2244 4247 2319 4302 De
2352 4247 2568 4302 brachio
2609 4255 2741 4312 tres,
2769 4249 2858 4316 qui
2897 4243 2994 4316 per
3019 4257 3185 4303 totum
3215 4263 3407 4317 corpus
3434 4243 3635 4317 reddunt
3659 4255 3752 4293 san.-

2240 4319 2484 4386 guinem,
2516 4313 2799 4385 capitanea'
2824 4313 2982 4381 linea,
3007 4319 3274 4384 matricia,
3301 4313 3522 4386 capsale.
3545 4313 3752 4386 Demaau

2241 4383 2414 4461 duas,
2465 4383 2624 4461 unam
2687 4403 2848 4461 super
2903 4388 3158 4461 pollicem
3220 4383 3433 4461 propter
3485 4383 3753 4461 inflationem

2243 4449 2527 4524 pulmonis.
2576 4466 2630 4511 et
2683 4449 2839 4510 aliam
2886 4449 2954 4512 de
2999 4449 3411 4523 minimo-digito
3433 4462 3622 4522 propter
3642 4449 3757 4524 iulia-

2245 4522 2442 4582 tionem
2493 4526 2711 4594 splenis.
2771 4525 2846 4581 De
2887 4528 3075 4583 subtus
3119 4522 3385 4584 taloinfra
3412 4533 3605 4594 propter
3627 4522 3754 4590 poda-

2242 4598 2439 4667 gricos,
2499 4596 2872 4667 phreneticus,
2927 4597 3196 4666 sciaticos,
3257 4599 3338 4658 vel
3387 4597 3674 4654 lumborum,
3720 4594 3757 4638 el

2245 4665 2560 4722 mulieribus
2625 4665 2820 4735 quibus
2867 4680 3139 4724 menstrua
3182 4665 3296 4723 non
3347 4669 3565 4735 veniunt
3595 4671 3641 4735 et
3678 4671 3754 4711 non

2243 4739 2569 4807 concipiunt.
2624 4733 2699 4790 De
2746 4734 2878 4790 furis
2917 4737 3049 4793 duas
3087 4748 3304 4807 propter
3333 4751 3513 4807 renum
3541 4733 3752 4807 dolorem-

2248 4803 2482 4880 Desuper
2529 4807 2719 4876 pollice
2761 4807 2910 4876 pedis
2960 4803 3103 4863 duas'
3144 4803 3365 4880 propter
3395 4803 3751 4876 indignationem

2246 4879 2629 4932 testiculorum.

2317 4947 2501 5004 Plures
2521 4959 2645 5003 sunt
2674 4949 2790 5004 dies
2820 4947 3142 5018 Egyptiaci,
3175 4947 3226 5003 in
3259 4946 3448 5018 quibus
3479 4942 3607 5018 nullo
3631 4936 3753 5012 mod”.

2249 5031 2366 5072 nec
2397 5034 2491 5088 per
2519 5020 2681 5074 ullam
2723 5013 3094 5075 necessitatem
3141 5013 3495 5088 licet'hoinini
3518 5013 3590 5088 vel
3619 5019 3756 5088 pecor}

2247 5072 2558 5156 sangtiiuetn
2602 5072 2863 5154 minuere,
2909 5072 3330 5156 nec—potionem
3369 5072 3753 5156 impenderet-ititl

2251 5173 2319 5213 ex
2346 5145 2437 5214 liis
2468 5160 2634 5215 tribus
2662 5145 2899 5216 maxinie
2922 5145 3266 5222 observandi,
3291 5145 3474 5213 octavo
3497 5145 3754 5226 ldusAAp'riL

2243 5228 2334 5285 illo
2386 5228 2473 5285 die
2527 5231 2702 5295 Iunis,
2756 5232 2985 5283 intrante
3027 5221 3294 5296 Augusto;
3347 5228 3436 5282 illo
3486 5221 3752 5296 dieluqlﬁ.

2242 5310 2478 5354 exeunte
2534 5286 2842 5364 Decembri;
2900 5299 2990 5352 illo
3041 5286 3315 5364 dievluuis,
3349 5311 3464 5353 cum
3493 5293 3635 5348 multa
3654 5286 3742 5364 dili-

2241 5371 2414 5440 gentia
2463 5357 2847 5428 observandum
2878 5377 2982 5435 est,
3006 5369 3128 5436 quia
3148 5357 3334 5425 omnes
3365 5382 3506 5424 vena:
3535 5374 3642 5418 tunc
3659 5357 3744 5427 Pl“

2237 5454 2320 5494 nte
2358 5447 2502 5496 sunt.
3537 5503 3541 5504 ,
3611 5497 3650 5504 -.
3705 5494 3713 5504 .

2309 5510 2409 5576 Qui
2454 5512 2506 5584 in
2557 5509 2675 5564 istis
2711 5509 2899 5584 diebus
2943 5507 3211 5584 hominem
3241 5497 3753 5584 autpecusincide‘rlt:

2236 5573 2548 5634 aut'statitn
2592 5590 2682 5635 aut
2711 5581 2763 5634 in
2790 5582 2907 5648 ipso
2929 5579 3016 5634 die
3041 5578 3124 5634 vel
3153 5579 3204 5634 in
3234 5573 3392 5650 tertio
3415 5575 3661 5650 morietur,
3679 5573 3750 5650 aut

2238 5649 2304 5704 ad
2351 5651 2634 5720 septimum
2682 5644 2824 5706 diem
2871 5665 2973 5703 non
3027 5649 3339 5720 perveniet;
3371 5646 3494 5701 etsi
3529 5644 3749 5720 potionem

2238 5721 2355 5794 quis
2396 5719 2684 5794 acceperit,
2710 5719 3190 5794 anindecitnodie
3223 5721 3501 5794 morietur;
3529 5719 3637 5794 ﬁs"

2240 5774 2824 5858 sculuae—immunem
2855 5774 2918 5845 in
2953 5790 3034 5845 his
3066 5790 3248 5846 diebus
3279 5788 3384 5844 nati
3418 5774 3613 5846 fuerint,
3642 5774 3758 5831 mall
