4010 6382
251 344 352 402 96!

1368 334 1461 399 DE
1498 339 1769 399 SEPTEM
1812 338 2023 397 MUNDI
2063 338 2450 396 MIRACULIS.

3415 333 3523 399 961

253 463 431 526 morte
481 452 811 526 morientur;
853 464 908 526 et
933 453 976 510 si
1002 455 1120 525 quis
1150 454 1217 510 de
1248 470 1378 511 auca
1412 456 1465 510 in
1491 456 1617 526 ipsis
1644 456 1833 512 diebus
1864 462 1912 521 Α
2015 457 2159 515 Luna
2189 457 2441 520 secunda,
2475 470 2580 509 non
2610 464 2695 510 est
2724 454 2881 510 bona.

253 525 679 594 manducaverit,
703 525 1041 594 quindecimo
1068 527 1154 581 die
1180 527 1456 580 morietur.

324 596 507 650 Mense
554 592 831 661 Januario,
873 597 1102 651 intrante
1152 597 1241 650 die
1287 597 1479 663 primo,
1516 604 1571 651 et
1599 604 1833 651 exeunte

251 665 341 736 die
388 666 638 732 septimo,
691 665 813 719 luna
859 666 1099 733 ejusdem
1147 667 1365 736 mensis,
1401 666 1593 734 prima,
1618 676 1833 736 quarta,

252 735 461 805 quinta,
489 745 698 799 octava,
733 736 1088 801 qnindecima,
1128 751 1156 789 a
1183 735 1529 804 phlebotomo
1554 747 1604 790 et
1634 735 1827 805 purga-

258 807 427 867 tione,
462 805 545 858 vel
576 819 603 857 a
635 806 869 872 qualibet
900 806 1157 861 incisione
1181 806 1554 860 abstinendum
1572 816 1691 870 est;

327 874 511 930 Mense
554 873 867 940 Februario,
909 877 1141 931 intrante
1165 876 1253 930 die
1279 888 1493 942 octavo,
1523 884 1576 929 et
1607 884 1836 930 exeunte

256 946 347 999 die
400 945 653 1014 septimo,
685 947 805 1000 luna
836 946 1076 1015 ejusdem
1108 945 1307 1001 mensis
1336 946 1546 1001 decima
1578 946 1829 1015 septima,

255 1016 466 1070 decima
496 1029 654 1078 nona,
685 1018 938 1085 vigesima
980 1015 1195 1084 quinta;

328 1086 510 1141 Mense
535 1084 759 1151 Martio,
778 1086 1009 1140 intrante
1041 1088 1127 1141 die
1159 1086 1335 1151 tertio,
1364 1093 1593 1139 exeunte
1635 1084 1724 1139 die
1750 1098 1838 1137 se-

258 1158 453 1224 ptimo,
484 1157 608 1209 luna
638 1156 879 1225 ejusdem
912 1158 1133 1217 mensis,
1162 1157 1365 1211 decima
1397 1157 1603 1224 quinta,
1628 1155 1837 1209 decima

255 1237 431 1287 sexta,
459 1226 663 1281 decima
692 1226 941 1295 septima,
967 1226 1171 1280 decima
1195 1238 1382 1280 octava
1406 1242 1420 1290 ;

330 1297 513 1352 Mense
532 1296 724 1364 Aprili,
749 1294 975 1351 intrante
994 1295 1080 1350 die
1107 1298 1336 1362 decimo,
1367 1303 1596 1350 exeunte
1621 1294 1707 1348 dic
1739 1308 1838 1347 uu-

258 1370 490 1449 decimo,
535 1366 657 1421 luna
706 1366 944 1437 ejusdem
993 1368 1191 1422 mensis
1221 1381 1381 1435 nona,
1415 1369 1662 1434 septima,
1698 1364 1843 1434 vige-

251 1450 431 1502 sima;

334 1507 515 1561 Mense
544 1506 699 1567 Maio.
731 1508 961 1561 intrante
990 1507 1077 1561 die
1104 1515 1317 1577 quarto,
1359 1515 1599 1577 exeunte
1625 1502 1714 1559 die
1756 1515 1841 1577 se-

260 1577 456 1658 ptimo,
487 1578 605 1658 luna
637 1578 875 1645 ejusdem
906 1576 1133 1644 mensis,
1150 1579 1357 1647 Quinta,
1382 1576 1717 1640 duodecima,
1742 1576 1842 1647 des

253 1656 397 1701 cima
429 1656 577 1701 sexta
604 1663 621 1707 ζ

331 1717 513 1771 Mense
557 1717 714 1771 Jumo
744 1758 758 1780 ,
812 1717 1042 1773 intrante
1087 1718 1173 1772 die
1216 1726 1429 1781 octavo,
1480 1726 1710 1769 exeunte
1751 1713 1841 1769 die

258 1788 494 1878 quinto,
526 1788 653 1842 luna
692 1787 933 1856 ejusdem
975 1789 1173 1843 mensis
1198 1829 1215 1855 ,
1255 1791 1437 1859 quinta
1463 1827 1480 1854 ,
1519 1794 1669 1841 sexta
1694 1826 1708 1850 ,
1754 1800 1833 1840 se-
1877 1817 1921 1878 Β

260 1870 427 1929 pinna
448 1874 465 1923 ς

335 1927 517 1982 Mense
542 1926 706 1989 Julio,
741 1927 972 1982 intrante
996 1928 1084 1984 die
1108 1928 1319 1982 decimo
1340 1929 1591 1996 septimo,
1610 1941 1846 1986 exeunte

258 1999 494 2062 decimo,
522 1998 644 2052 luna
668 1996 908 2067 ejusdem
934 2001 1152 2061 mensis,
1185 1999 1391 2055 decima
1419 2009 1596 2067 sexta,
1636 2002 1844 2056 decima

264 2068 516 2138 septima,
540 2068 744 2123 decima
774 2078 985 2138 octava,
1019 2070 1271 2138 vigesima
1302 2072 1559 2136 septima;

339 2140 523 2193 Mense
568 2140 827 2207 Augusto,
870 2137 1099 2193 intrante
1146 2140 1233 2193 die
1264 2141 1473 2207 quinto,
1504 2150 1733 2195 exeunte
1758 2140 1846 2196 die

258 2207 476 2290 decimo
515 2206 731 2290 quinto,
776 2208 1184 2288 luna'ejusdem
1221 2206 1421 2263 mensis
1446 2212 1650 2265 decima
1685 2226 1842 2279 nona,

262 2278 539 2349 vigesima,
570 2278 819 2349 vigesima
850 2278 1040 2343 prima.

336 2348 520 2403 Mense
562 2348 891 2416 Septembri,
940 2350 1172 2402 intrante
1200 2348 1288 2403 die
1313 2364 1478 2415 nono,
1501 2359 1731 2405 exeunte
1754 2350 1844 2405 die

264 2434 432 2500 nono,
476 2420 600 2473 luna
624 2418 869 2500 ejusdem
910 2421 1130 2484 mensis,
1162 2421 1370 2489 quinta,
1395 2421 1602 2475 decima
1628 2424 1836 2489 quinta,

264 2502 522 2557 vigesuma
550 2499 763 2556 quinta;

336 2560 517 2613 Mense
543 2560 780 2625 Octobri,
813 2560 1047 2615 intrante
1075 2560 1163 2615 die
1194 2575 1357 2625 nono,
1392 2571 1622 2617 exeunte
1643 2559 1732 2616 die
1753 2561 1847 2616 de-

256 2631 425 2692 cimo,
458 2630 576 2682 luna
607 2629 844 2696 ejusdem
878 2633 1076 2685 mensis
1103 2642 1278 2696 sexta,
1308 2632 1573 2698 septima;

344 2700 524 2753 Mense
549 2698 1127 2768 Novembri,_iuttante
1157 2702 1245 2754 die
1271 2704 1477 2768 quinto,
1506 2711 1734 2755 exeunte
1760 2700 1848 2755 die

271 2779 445 2893 sexta;
472 2769 591 2823 luna
620 2764 1108 2839 ejusdeui'mensis,
1132 2764 1337 2826 decima
1356 2781 1565 2841 quarta,
1589 2773 1846 2841 vigesima

271 2856 351 2893 um
463 2856 478 2893 :

257 2856 478 2908 quinta;

338 2909 520 2964 Mense
578 2909 886 2976 Decembri,
935 2911 1167 2967 intrante
1218 2910 1307 2967 die
1362 2910 1572 2965 decimo
1617 2910 1843 2979 quinto,

260 2992 493 3034 exeunte
541 2980 627 3034 die
669 2991 879 3036 octavi».
923 2982 1070 3035 Luna
1119 2982 1359 3050 ejusdem
1402 2982 1623 3047 mensis,
1651 2984 1841 3051 prima,

260 3050 468 3121 decima
498 3053 702 3121 quinta,
732 3052 1204 3121 decimaseptima.

337 3117 599 3175 Prarterea
631 3120 684 3174 iu
718 3136 922 3186 mense,
948 3117 1069 3176 luna
1117 3120 1304 3189 prima,
1365 3122 1570 3190 quinta,
1600 3133 1762 3187 noua,
1790 3127 1844 3175 et

2015 527 2161 583 Luna
2192 529 2366 593 tertia,
2400 529 2555 579 bona.

2011 598 2155 652 Luna
2185 607 2393 668 quarta,
2425 596 2477 649 in
2503 595 2760 668 matutino
2783 595 2919 651 bona
2946 604 3052 653 est.

2010 668 2154 722 Luna
2190 665 2395 735 quinta,
2422 683 2525 721 non
2557 676 2640 720 est
2670 665 2824 719 bona.

2010 739 2157 792 Luna
2187 747 2359 799 sexta,
2393 752 2496 791 non
2521 747 2600 790 est
2628 737 2786 789 bona.

2010 808 2157 862 Luna
2186 810 2435 875 septima,
2466 815 2573 860 tota
2603 808 2689 860 die
2717 813 2799 860 est
2822 805 2981 861 bona.

2012 879 2157 932 Luna
2180 889 2386 943 octava,
2416 879 2481 932 de
2510 892 2646 931 nona
2681 889 2848 945 usque
2865 892 2993 933 sero
3014 886 3098 934 est
3127 878 3289 933 bona.

2014 949 2160 1003 Luna
2191 964 2351 1013 nona,
2382 963 2483 1000 non
2508 959 2590 1001 est
2621 949 2780 1001 bona.

1990 1019 2158 1073 Luna
2190 1018 2417 1080 decima,
2447 1019 2580 1071 bona
2611 1029 2712 1071 est.

2014 1088 2161 1142 Luna
2193 1089 2491 1151 undecima,
2526 1102 2629 1142 non
2654 1097 2733 1142 est
2756 1087 2913 1142 bona.

2015 1159 2160 1214 Luna
2191 1160 2526 1221 duodecima,
2560 1160 2693 1211 bona
2726 1167 2829 1211 est.

2021 1231 2165 1283 Luna
2198 1229 2406 1283 decima
2439 1229 2615 1290 tertia,
2648 1229 2785 1281 bona
2813 1238 3080 1297 estusque
3102 1229 3166 1284 ad
3196 1244 3409 1286 nonam.

2015 1299 2161 1354 Luna
2186 1300 2391 1353 decima
2422 1308 2628 1367 quarta,
2664 1297 2799 1351 bona
2825 1306 2925 1351 est.

2014 1368 2163 1425 Luna
2195 1368 2403 1424 decima
2424 1369 2626 1436 quinta,
2660 1385 2761 1420 non
2788 1380 2870 1422 est
2896 1370 3053 1425 bona.

2017 1442 2162 1494 Luna
2192 1439 2392 1493 decima
2416 1449 2585 1501 sexta,
2612 1438 2810 1491 inutilis
2838 1446 2938 1492 est.
3191 1485 3198 1494 .

2020 1510 2165 1564 Luna
2188 1510 2393 1563 decima
2419 1508 2667 1573 septima,
2703 1517 2809 1559 tota
2831 1508 2916 1561 die
2936 1518 3018 1562 est
3046 1508 3202 1564 bona.

2018 1581 2163 1635 Luna
2194 1579 2398 1649 decima
2421 1588 2636 1644 octava,
2658 1591 2776 1649 ,non
2804 1586 2887 1632 est
2912 1578 3070 1633 bona.

2019 1651 2166 1705 Luna
2195 1648 2396 1703 decima
2427 1663 2584 1710 noua,
2622 1648 2814 1702 melior
2836 1657 2939 1701 est.

2022 1721 2171 1775 Luna
2198 1719 2472 1789 vigesima,
2500 1726 2607 1772 tota
2639 1718 2727 1771 die
2751 1725 2835 1773 est
2866 1718 3017 1775 bona.

2019 1791 2166 1847 Luna
2196 1789 2450 1861 vigesima
2483 1790 2674 1861 prima,
2704 1790 2755 1842 in
2787 1791 3045 1861 matutino
3072 1789 3209 1845 bona
3238 1799 3340 1845 est.
3368 1790 3375 1803 ‘

2020 1863 2169 1919 Luna
2191 1859 2445 1929 vigesima
2468 1859 2721 1915 secunda.
2751 1860 2817 1913 ab
2844 1860 2972 1912 liora
3001 1872 3150 1915 sexta
3180 1860 3312 1915 bona
3342 1869 3446 1915 est.

2020 1933 2167 1989 Luna
2196 1928 2450 1999 vigesima
2473 1931 2648 1991 tertia,
2680 1928 2748 1982 ab
2775 1929 2899 1982 bora
2930 1941 3118 1986 octava
3149 1930 3287 1987 bona
3317 1943 3418 1987 est.

2021 2004 2168 2057 Luna
2191 2001 2443 2069 vigesima
2474 2010 2683 2067 quarta,
2713 2000 2845 2053 bona
2877 2010 2979 2053 est.

2020 2074 2166 2129 Luna
2196 2070 2453 2141 vigesima
2481 2069 2687 2139 quinta,
2727 2084 2833 2123 non
2861 2082 2941 2123 cst
2974 2070 3132 2125 bona.

2022 2145 2164 2200 Luna
2195 2142 2449 2208 vigesima
2474 2148 2643 2202 sexta,
2677 2154 2781 2194 non
2810 2150 2893 2194 est
2916 2142 3072 2194 bona.

2021 2215 2167 2269 Luna
2198 2210 2450 2279 vigesima
2474 2212 2721 2278 septima,
2752 2220 2859 2263 tota
2882 2210 2967 2263 die
2997 2211 3133 2265 bona
3152 2220 3255 2266 est.

2021 2286 2169 2341 Luna
2194 2281 2448 2350 vigesima
2475 2291 2682 2344 octava,
2713 2295 2816 2332 non
2842 2288 2926 2335 est
2955 2281 3113 2335 bona.

2020 2356 2167 2408 Luna
2198 2352 2452 2421 vigesima
2482 2364 2641 2417 nona,
2667 2358 2877 2421 nonest
2904 2351 3062 2405 bona.

2021 2426 2166 2481 Luna
2200 2419 2490 2489 trigesima,
2521 2435 2624 2474 non
2656 2429 2739 2474 est
2770 2419 2929 2474 bona.

2018 2497 2234 2562 Quinta,
2265 2491 2469 2545 decima
2496 2492 2702 2562 quinta,
2726 2490 3004 2559 vigesima,
3040 2490 3288 2561 vigesima
3316 2490 3525 2561 quinta,

1951 2560 2239 2636 trigesima,
2271 2563 2326 2636 in
2379 2562 2461 2615 his
2505 2560 2893 2636 phlebotoinari
2926 2560 3207 2636 ‘probibet.
3248 2565 3286 2636 A
3316 2560 3526 2636 decimo

1947 2630 2133 2703 quinto
2188 2632 2377 2703 Kaleu.
2427 2632 2667 2703 Augusti,
2716 2645 2883 2703 usque
2926 2631 2991 2703 in,
3032 2630 3209 2685 Nonas
3247 2631 3525 2703 Septemb.

1948 2701 2063 2760 dies
2109 2702 2437 2758 caniculares
2472 2702 2766 2762 titulantur,
2806 2701 2859 2753 in
2889 2702 3080 2766 quibus
3111 2716 3210 2755 nec
3242 2702 3524 2770 pblebmo‘

1948 2791 2097 2829 mum
2130 2776 2425 2839 imponent,
2468 2786 2567 2825 nec
2592 2771 2858 2839 potionem
2883 2771 3101 2825 dabunt.
3134 2771 3285 2826 Potio
3315 2786 3441 2826 vero
3460 2772 3529 2827 ab

1948 2857 2139 2900 octavo
2170 2838 2287 2899 Kal.
2314 2842 2503 2897 Octob.
2538 2854 2703 2910 usque
2728 2838 2795 2894 ad
2828 2850 3071 2895 octavum
3101 2841 3222 2897 Kal.
3248 2842 3525 2897 Decembr.

1949 2916 2094 2970 utilis
2123 2925 2225 2969 est.

2019 2986 2177 3041 Omni
2224 2995 2485 3050 tempore,
2520 2982 2564 3037 si
2599 2979 2891 3035 necessitas
2918 2990 3093 3049 urget,
3125 2980 3529 3051 plilebotomum

1950 3066 2033 3111 est
2062 3055 2442 3109 adhibendum.
2478 3053 2667 3107 Verum
2695 3052 2763 3104 ab
2782 3064 2971 3106 octavo
3001 3051 3120 3106 Kal.
3152 3053 3319 3118 April.
3355 3064 3527 3120 usque

1936 3122 2013 3180 ad
2042 3140 2288 3180 octavum
2317 3123 2435 3177 Kal.
2463 3122 2586 3178 Jun.
2617 3123 2953 3175 utilissimum
2982 3132 3066 3179 est
3087 3125 3401 3193 sanguinem
3423 3125 3519 3175 de-

269 3192 477 3244 decima
526 3192 741 3260 quinta,
793 3203 846 3246 et
895 3181 1003 3245 tres
1048 3181 1163 3246 dies
1210 3181 1596 3255 iitcboationis,
1635 3200 1690 3245 et
1735 3181 1843 3245 (res
1872 3181 1918 3244 C
1950 3196 2192 3251 trahendi
2235 3206 2464 3262 tempus,
2519 3194 2642 3262 quia
2688 3203 2813 3247 tunc
2860 3194 3052 3247 crescit
3096 3181 3311 3260 sanguis
3338 3194 3391 3246 in
3425 3193 3525 3244 bo-

258 3270 547 3384 :ntelquam
594 3270 752 3316 exeat
799 3262 1053 3331 praediola
1100 3263 1442 3330 abstinentia,
1488 3262 1845 3319 observandae

304 3346 371 3384 un
403 3372 419 3384 .

304 3346 419 3386 ιιηι.

334 3400 486 3456 Luna
517 3392 704 3471 prima,
731 3409 841 3456 tota
870 3400 959 3458 die
984 3410 1068 3459 est
1092 3402 1252 3458 bona.

1952 3264 2358 3394 gnigg.dPostea
2403 3262 2703 3320 observatio
2744 3266 3040 3333 temporum
3075 3276 3130 3320 et
3174 3278 3364 3319 cursus
3384 3263 3525 3317 luna:

1990 3352 2017 3391 a
2091 3353 2123 3392 ιι
2163 3350 2215 3391 a.

1990 3350 2193 3392 300008
2201 3375 2215 3390 .

276 3536 3531 3564 ΜΨ..

1084 3646 1670 3737 DESEPTEM
1730 3647 2072 3727 MUNDI
2130 3643 2716 3725 MIRACULIS.

339 3812 384 3868 1.
426 3811 503 3867 De
522 3818 725 3878 septem
757 3805 1233 3878 miraculis_mundi
1265 3818 1422 3860 manu
1458 3807 1731 3860 hominum
1763 3804 1843 3859 fa-

274 3883 396 3940 ctis.
427 3875 834 3949 Quod—primum
888 3886 970 3932 est
1017 3875 1336 3949 Capitolium
1360 3878 1573 3949 _Boma~.,
1626 3878 1847 3930 salvatio

268 3946 487 4015 civium,
520 3946 687 4019 major
712 3964 868 4017 quam
910 3949 1118 4011 civitas,
1153 3948 1327 4019 ibique
1355 3946 1568 4019 luerunt
1611 3949 1846 4009 gentium

267 4042 298 4079 a
338 4023 591 4077 Romanis
606 4017 886 4089 captarum
909 4027 1100 4071 statuae
1130 4017 1215 4089 vel
1237 4020 1458 4089 deorum
1490 4018 1765 4083 imagines,
1798 4024 1851 4071 et

270 4096 325 4149 in
350 4100 642 4147 statuarum
667 4086 968 4158 pectoribus
1000 4086 1214 4141 nomina
1245 4087 1480 4155 gentium
1513 4090 1707 4154 scripta
1732 4102 1850 4158 quas

272 4181 303 4217 a
344 4161 597 4216 Romanis
637 4156 804 4229 capta:
851 4156 1167 4229 fuerant,_et
1197 4158 1647 4229 tintimiabulain
1683 4156 1849 4229 colli-

279 4236 382 4289 bus
406 4247 593 4287 eorum
619 4226 874 4297 appensa.
905 4227 1222 4297 Sacerdotes
1244 4236 1332 4279 aut
1358 4226 1637 4297 pervigiles
1663 4226 1853 4281 diebus

272 4315 329 4357 et
355 4302 597 4357 noctibus
623 4296 887 4369 pervices
914 4298 979 4351 ad
1022 4296 1207 4369 harum
1228 4296 1519 4350 custodiam
1550 4310 1731 4349 curam
1760 4297 1853 4348 ba-

273 4374 464 4429 bentes
508 4366 891 4426 intendebant:
926 4369 968 4421 si
999 4366 1251 4436 quwlibet
1298 4379 1483 4422 earum
1524 4375 1848 4429 moveretur,

275 4415 466 4497 :5in;
495 4415 617 4495 πὶῖᾘὶ
646 4415 869 4493 laci-cute
895 4415 1266 4503 amamus,
1288 4415 1700 4504 dissonans
1717 4415 1850 4504 satis
1880 4415 1930 4476 ι)

274 4513 535 4567 Romanis
571 4510 873 4565 rebellaret.
924 4507 1036 4562 Hoc
1082 4516 1258 4560 autem
1306 4508 1549 4577 cognito,
1600 4507 1855 4559 Romanis

276 4583 606 4652 principibus
647 4579 810 4634 verbo
840 4578 922 4633 vel
945 4578 1150 4652 scripto
1179 4576 1512 4652 nuntiabant,
1556 4585 1611 4630 ut
1659 4576 1857 4652 scirent

274 4646 343 4707 ad
374 4646 533 4721 quam
574 4663 784 4719 gentem
816 4648 1206 4717 reprimendam
1249 4648 1543 4703 exercitum
1593 4662 1715 4701 mox
1762 4646 1856 4701 de-

276 4726 481 4778 stinare
505 4722 780 4775 deberent.

351 4793 416 4847 ll.
448 4792 652 4845 Pharus
683 4788 1037 4844 Alexandrina
1066 4801 1226 4855 super
1256 4794 1485 4856 quatuor
1515 4799 1738 4840 cancros
1768 4785 1857 4840 vi-

276 4874 422 4918 treos
468 4876 562 4929 per
607 4874 792 4924 passus
833 4857 1033 4929 viginti
1062 4859 1162 4911 sub
1192 4855 1324 4910 mari
1361 4855 1579 4910 fundata
1607 4866 1710 4929 cst.
1749 4856 1858 4929 line

281 4926 515 5001 namque
564 4930 755 4983 mirum
808 4926 1074 5001 qmnnodo
1126 4937 1234 5001 tam
1283 4929 1458 4997 magni
1502 4928 1687 5001 cancri
1743 4926 1856 5001 fieri

276 4994 517 5072 possent,
544 5001 629 5072 vel
662 4994 927 5072 quomodo
949 4998 1217 5062 deportari
1264 4994 1464 5072 etnon
1498 4994 1668 5072 frangi
1710 5000 1856 5051 vale-

280 5065 425 5137 rent,
447 5065 1041 5140 qualiter'lundamenta
1064 5067 1385 5140 cannentitia
1403 5068 1633 5135 desuper
1655 5065 1859 5121 haerere

277 5144 571 5212 potuerint,
620 5141 702 5193 vel
744 5140 1011 5209 quomodo
1041 5139 1141 5212 sub
1181 5152 1316 5206 aqua
1360 5148 1674 5191 czemeutnm
1719 5148 1859 5192 state

275 5210 471 5274 valeat,
503 5220 557 5265 et
582 5225 746 5278 quare
775 5211 953 5263 cancri
989 5223 1092 5261 non
1122 5210 1450 5276 franguntur,
1485 5218 1539 5263 et
1564 5223 1730 5277 quare
1754 5224 1858 5262 non

278 5285 545 5338 lubricant
571 5281 800 5340 desuper
828 5280 967 5345 jar-ta
1001 5280 1361 5332 fundamenta.

353 5355 439 5407 ιιι.
472 5352 524 5405 lu
558 5352 744 5404 lthodo
793 5348 958 5402 insula
1008 5346 1215 5404 Colossi
1260 5346 1433 5417 imago
1479 5360 1617 5401 aerea
1646 5357 1857 5401 centum

279 5424 493 5495 triginta
522 5436 615 5475 sex
665 5419 860 5495 pedum
885 5419 1056 5495 lnsi_lis
1084 5419 1252 5495 facta;
1285 5416 1387 5495 line
1414 5418 1607 5495 mirum
1637 5420 1860 5495 qualiter

280 5488 388 5549 tan'i
445 5494 705 5548 inuneusa
762 5492 927 5544 moles
973 5488 1118 5544 fundi
1176 5490 1452 5558 potuisset,
1513 5489 1595 5543 vel
1639 5489 1771 5559 erigi
1806 5498 1860 5544 et

277 5577 444 5619 stare.

353 5634 440 5688 lV.
472 5633 724 5698 Quartum
757 5629 1069 5685 miraculum
1104 5630 1444 5684 simulacrum
1479 5627 1859 5698 Bellerophon-

280 5706 349 5759 tis
377 5707 604 5759 lerrcuni
635 5716 753 5757 cum
780 5716 917 5771 equo
941 5715 1037 5754 SUO
1071 5701 1119 5755 iu
1149 5714 1354 5755 summa
1380 5701 1596 5771 civitate
1631 5714 1858 5771 suspen-

284 5791 423 5842 sum,
455 5777 504 5829 iu
530 5788 653 5831 acre
676 5768 886 5839 sistere,
923 5786 1018 5827 nec
1041 5772 1242 5828 catenis
1270 5768 1533 5841 penditur,
1569 5785 1665 5826 uec
1693 5770 1855 5825 desu-

1950 3821 2048 3875 per
2077 3807 2189 3861 ullo
2216 3805 2395 3876 stipite
2418 3809 2787 3876 sustentatur,
2833 3798 2927 3854 sed
2975 3799 3148 3876 magni
3180 3797 3531 3876 lapidesina-

1951 3869 2171 3947 gnetum
2219 3869 2604 3947 in'arcbivolis
2647 3873 2924 3947 habentur,
2972 3878 3027 3924 et
3074 3869 3195 3922 hinc
3222 3882 3277 3924 et
3323 3869 3443 3947 inde
3475 3870 3527 3923 iu

1954 3937 2405 4015 assumptiunibus
2438 3944 2682 4015 trahitur,
2736 3950 2801 4015 et_
2832 3942 2883 3993 in
2936 3953 3180 4015 mensura
3207 3937 3531 4015 aiquiparata

1956 4009 2229 4081 consistit;
2253 4028 2335 4072 est
2355 4025 2531 4068 autem
2558 4011 2840 4066 aestimatio
2864 4009 3112 4078 ponderis
3131 4009 3270 4063 circa
3298 4010 3532 4077 quinque

1959 4088 2123 4144 millia
2157 4087 2409 4140 librarum
2442 4084 2587 4138 ferri.

2031 4157 2094 4211 V.
2120 4157 2369 4223 Quintum
2402 4152 2709 4208 miraculum
2760 4151 3021 4205 theatrum
3070 4149 3123 4202 in
3155 4147 3432 4223 Heraclea,
3462 4148 3533 4203 de

1958 4242 2063 4282 uno
2093 4219 2359 4281 marmore
2397 4224 2465 4278 ita
2493 4224 2754 4290 sculptum
2785 4230 2886 4283 est,
2928 4229 2989 4273 ut
3032 4233 3221 4274 omnes
3249 4219 3535 4290 cellulzeet

1957 4296 2287 4359 mansiones,
2314 4294 2450 4348 muri
2476 4302 2531 4349 et
2562 4289 2710 4346 antra
2757 4291 3066 4352 bestiarum,
3098 4304 3163 4344 ex
3209 4304 3315 4343 uno
3342 4289 3537 4342 solido.

1958 4383 2061 4437 que
2090 4358 2488 4437 Iapideilactutn
2512 4373 2615 4426 est,
2652 4377 2813 4437 super
2841 4369 3044 4437 septem
3074 4374 3295 4413 cancros
3325 4360 3390 4411 de
3419 4358 3537 4437 ipso

1958 4431 2408 4507 lapide'sculptos
2459 4433 2766 4501 appendens
2806 4433 3129 4507 su~tinetur;
3181 4438 3236 4483 et
3261 4431 3537 4507 _nenio.in

1956 4500 2088 4578 ger
2114 4507 2230 4577 ipso
2271 4500 2375 4559 tam
2405 4500 2629 4578 secrete,
2660 4512 2749 4554 aut
2775 4505 3036 4578 solnsant
3063 4515 3183 4578 cum
3225 4500 3422 4567 aliquo,
3451 4500 3533 4578 lo-

1956 4569 2044 4645 ῖιῐιί
2078 4569 2270 4646 potest,
2301 4575 2444 4646 quod
2477 4576 2648 4644 ipsum
2680 4587 2783 4626 non
2813 4574 3029 4626 audiant
3050 4574 3137 4641 qui
3168 4569 3219 4623 iu
3243 4585 3376 4641 gyro
3405 4570 3538 4624 mdi-

1958 4649 2060 4703 licii
2085 4646 2295 4702 sistunt.

2033 4717 2118 4771 Vl.
2166 4717 2391 4773 Sextum
2426 4713 3025 4777 miraculum,balneum
3060 4708 3199 4779 quod
3226 4708 3536 4779 Apollonius

1956 4790 2207 4845 'l‘ianaaus
2248 4798 2369 4841 cum
2412 4801 2516 4840 una
2567 4784 2787 4838 candela
2832 4781 3251 4837 consecrationis
3284 4783 3538 4843 incendit,

1962 4861 2197 4913 thermas
2255 4866 2507 4926 perpetuo
2560 4856 2681 4924 igne
2738 4855 2860 4908 sine
2922 4852 3024 4906 ulla
3082 4851 3540 4907 administratione

1959 4930 2195 4985 calentes
2226 4928 2371 4983 fecit.

2031 4998 2141 5053 VII.
2172 4998 2469 5066 Septimum
2500 4994 2837 5066 miraculum,
2867 4993 3118 5063 templum
3153 4993 3350 5057 Diance,
3374 5006 3536 5059 super

1958 5081 2186 5138 quatuor
2223 5064 2518 5129 columnas,
2553 5064 2721 5138 prima
2769 5066 3105 5118 fundamenta
3139 5078 3383 5131 percussa
3416 5073 3541 5115 sunt

1961 5136 2203 5201 arcuum,
2244 5138 2435 5193 deinde
2464 5136 2709 5206 paulatim
2751 5147 3283 5206 succrescenssuper
3312 5141 3539 5201 (ιιιςιιιιυτ

1959 5224 2117 5264 arcus
2145 5205 2525 5263 eminentiores
2553 5206 2752 5275 lapides
2792 5209 3018 5259 arcubus
3049 5205 3312 5272 prioribus
3344 5218 3542 5270 suppo-

1960 5280 2067 5335 siti.
2097 5280 2268 5348 Super
2294 5288 2537 5348 quatuor,
2556 5289 2686 5348 Aocto
2723 5277 2985 5331 columna:
3011 5288 3075 5348 Act
3115 5289 3236 5327 OCIO
3266 5287 3419 5325 arcus
3448 5288 3540 5342 po-

1961 5351 2087 5416 siti,
2131 5346 2253 5404 inde
2285 5346 2442 5403 tertio
2471 5346 2661 5401 ordine
2691 5362 2842 5416 aequa
2886 5346 3262 5416 ponderatione
3291 5359 3383 5416 per
3410 5361 3540 5410 qua-

1965 5415 2085 5474 tuor
2128 5428 2308 5489 partes
2351 5431 2714 5489 succrescens,
2749 5415 3284 5489 Superemiueutiores
3337 5415 3537 5483 lapides

1962 5487 2144 5559 positi.
2175 5490 2347 5558 Super
2374 5499 2495 5542 octo
2523 5487 2788 5543 sexdecim
2817 5488 3014 5540 fundati
3045 5496 3167 5559 sunt
3189 5501 3203 5549 ;
3222 5498 3392 5559 super
3418 5500 3537 5559 sex-

1961 5556 2130 5615 decim
2157 5556 2367 5629 triginta
2397 5559 2533 5623 duo;
2570 5560 2669 5612 iste
2697 5566 2914 5627 quartus
2942 5558 3113 5629 est,in
3146 5556 3330 5624 quinto
3356 5556 3541 5629 mdine
3586 5608 3589 5611 ,

1962 5626 2250 5757 zeliragitata;
2282 5639 2506 5712 quatuor
2532 5626 2790 5687 columine
2831 5629 2986 5684 linem
3021 5626 3218 5683 faciunt
3249 5636 3350 5680 tam
3382 5626 3540 5681 mira-

2004 5720 2012 5756 I
2042 5717 2084 5757 ιε
2113 5718 2153 5757 ac
2198 5718 2209 5755 ι
2253 5716 2339 5757 cn.

2002 5702 2084 5759 ilis
2113 5702 2339 5758 aedilicii.
