4010 6382
269 385 375 444 9'17

906 374 1323 436 SENTENTIIE
1364 368 1886 431 PHILOSOPHICA’.
1925 368 2017 428 EX
2056 363 2486 428 ARISTOTELE
2520 364 2937 430 COLLECTE.

3441 358 3550 425 978

270 501 461 557 stantia
503 492 879 552 conuenientius
922 492 1258 558 respondetur
1299 488 1486 560 species
1517 505 1670 559 quam
1697 503 1855 560 genus
1884 487 1934 547 A
2032 484 2375 560 Apeslgabent
2401 502 2588 555 regem,
2620 486 2706 553 qui
2734 502 2838 541 non
2876 483 3009 549 exit,
3042 477 3141 539 nisi
3169 493 3283 534 cum
3312 478 3552 537 omnibus

274 567 753 644 (PhilosOpItus,_in
799 561 1272 644 I’ra’dicantentis).
1325 559 1649 644 Intelligitur
1697 568 1853 642 prout

270 630 327 718 ly
384 630 757 718 conuenientius
809 650 913 718 nono
971 634 1110 687 valet
1155 630 1229 687 in
1261 640 1484 718 tantum,
1518 632 1656 718 sicut
1684 630 1853 718 magis

270 702 472 775 tiotius.
526 713 649 781 quia
698 718 821 783 tunc
862 707 920 759 fit
969 719 999 757 e
1046 718 1343 783 converso);
1376 702 1470 756 sed
1504 702 1645 783 vult,
1682 709 1859 783 prout

266 774 645 843 conuenientius
694 779 836 833 valet
893 784 1140 840 tantum,
1197 774 1336 830 sicut
1384 774 1551 843 magis
1603 774 1858 829 determi-

269 868 415 913 nate.

343 927 575 980 Activttm
602 931 646 976 et
672 920 927 992 passivum
974 916 1255 992 secundum
1286 916 1566 992 potentiam
1618 915 1861 992 dicuntur

343 934 575 980 Activttm
602 934 646 976 et
672 934 927 992 passivum
974 934 1255 972 secundum
1286 934 1566 1041 1ροιεηιιιιτιι
1618 934 1860 996 atcumur

268 1002 341 1054 ad
362 997 559 1066 aliquid
589 995 659 1064 (ιι
691 1002 741 1067 et
770 1006 798 1041 ν
831 990 1115 1067 Me_taph.).
1170 988 1280 1043 lnte
1306 987 1483 1067 ligitur
1533 987 1676 1067 quod
1725 986 1860 1067 dict-

273 1071 404 1125 bilia
434 1057 777 1133 i'mportantia
824 1060 1088 1114 actionem
1138 1069 1191 1133 et
1237 1060 1539 1127 passionem
1574 1057 1855 1133 includunt

270 1127 536 1197 terminos
568 1137 774 1189 ratione
796 1146 1022 1202 quorum
1064 1130 1402 1192 ordinantur,
1430 1128 1723 1183 secundum
1752 1127 1859 1202 dici

272 1214 330 1266 in
365 1208 776 1280 praedicamunto
817 1199 895 1257 ad
926 1202 1148 1271 aliquid,
1180 1216 1287 1256 non
1335 1206 1514 1255 autem
1563 1199 1861 1254 secundum

264 1278 394 1337 esse
422 1289 476 1332 et
507 1278 738 1346 proprie.

348 1355 387 1406 Α
420 1339 761 1418 comparativo
795 1343 865 1418 ad
907 1343 1178 1418 positivum
1222 1351 1294 1418 est
1324 1341 1458 1397 bona
1504 1339 1863 1418 consequentia

271 1426 343 1494 (ιι
374 1413 599 1491 Τορὶε’.).
638 1413 987 1494 l_utelligit_hr,_
1029 1414 1319 1494 dummodo
1350 1429 1473 1494 Inon
1520 1413 1863 1494 superveniat

272 1484 463 1563 aliqua
484 1484 719 1560 negatio,
752 1487 834 1541 vel
862 1486 1048 1563 dictio,
1083 1485 1285 1543 habens
1314 1484 1421 1541 vim
1454 1484 1775 1555 negationis,
1808 1490 1864 1539 et

268 1559 487 1639 quando
527 1559 737 1615 tenetur
782 1559 1023 1627 proprie.

344 1654 619 1726 Arguendo
649 1651 712 1704 ab
739 1650 1155 1726 interpretatione
1179 1649 1697 1726 ad‘interpre‘tatum,
1730 1647 1862 1726 valet

268 1718 652 1794 consequentia,
683 1730 732 1775 et
776 1737 803 1775 e
824 1718 1068 1794 converso
1088 1719 1215 1787 (Per
1249 1718 1643 1794 {’hifosophum,
1672 1718 1862 1794 in___To-

270 1789 445 1870 pic.).'
473 1795 559 1873 lbi_
587 1795 782 1848 dicitur
830 1791 972 1861 quod
1018 1791 1218 1873 dictum
1252 1791 1562 1873 lfhilosoplti
1604 1789 1859 1873 intelligi-

271 1860 361 1923 tur
388 1860 652 1935 negative,
686 1879 791 1918 non
824 1860 1001 1935 autem
1032 1860 1372 1935 affirmative.
1409 1860 1581 1935 Etiam
1604 1863 1741 1935 valet
1771 1862 1862 1915 illa

269 1933 654 2008 consequentia
674 1976 691 2001 ,
723 1934 983 2003 capiendo
1014 1934 1080 2008 ab
1104 1933 1456 2008 interpretato
1498 1934 1563 1986 ad
1603 1933 1866 2008 interpre-

272 2020 442 2064 tatum
459 2002 800 2074 afﬁrmative,
819 2016 874 2059 ut
901 2006 1145 2074 sequitur
1160 2006 1330 2061 bene:
1366 2005 1460 2061 Ille
1489 2013 1572 2059 est
1599 2002 1867 2066 ofﬁcialis.

272 2095 406 2152 ergo
436 2080 647 2147 ponitur
687 2077 802 2131 loco
826 2074 1084 2152 episcopi.

347 2145 533 2206 Ilnima
560 2165 666 2202 non
710 2158 782 2201 est
822 2147 1101 2201 alterabilis
1147 2149 1167 2215 (
1190 2161 1265 2200 vtt
1300 2145 1524 2217 Phys.).
1553 2147 1627 2204 lbi
1675 2147 1870 2201 dicitur

274 2224 419 2293 quod
472 2222 647 2293 anima
702 2234 808 2293 non
858 2218 1866 2293 alteratur_alt_eratione_corruptiva,

274 2288 370 2349 sed
397 2295 531 2348 bene
556 2290 841 2355 salvativa,
872 2304 967 2345 seu
1016 2288 1307 2359 perfectiva
1328 2330 1345 2357 ,
1387 2290 1455 2345 ab
1487 2290 1784 2360 ignorantia
1812 2288 1867 2344 in

274 2365 549 2420 scientias.

349 2436 506 2488 Actus
534 2449 635 2487 non
681 2447 863 2503 parum
902 2431 1058 2485 distat
1089 2449 1123 2487 a
1149 2434 1375 2503 potentia
1415 2433 1466 2503 (ι
1489 2433 1553 2487 de
1590 2432 1793 2503 Anima,
1820 2440 1869 2503 et

276 2521 329 2560 ιιι
362 2505 648 2576 Metaph.).
679 2502 752 2558 lbi
806 2503 1001 2576 dicitur
1058 2502 1198 2576 quod
1246 2502 1553 2576 verumhest
1601 2502 1868 2576 capiendo

274 2586 459 2630 actum
486 2574 583 2645 pro
610 2584 731 2628 actu
759 2574 1029 2640 potentiae,
1056 2583 1112 2628 et
1141 2575 1220 2629 sic
1242 2588 1402 2628 omne
1426 2574 1555 2629 illud
1583 2574 1785 2628 dicitur
1812 2574 1867 2628 in

274 2658 398 2702 actu
431 2648 701 2714 potentiae,
736 2645 879 2714 quod
930 2646 1209 2700 actualiter
1238 2654 1341 2710 est,
1384 2655 1438 2700 et
1469 2655 1689 2699 vocatur
1717 2653 1867 2699 actus

273 2717 630 2785 objectivalis,
658 2716 779 2771 huic
807 2717 1095 2785 opponitur
1128 2716 1364 2783 potentia
1393 2715 1679 2786 objectiva.
1712 2715 1867 2786 Unde

276 2788 513 2855 pctentia
553 2786 817 2856 objectiva
860 2794 1081 2842 vocatur
1122 2787 1250 2842 illud
1283 2786 1422 2855 quod
1456 2785 1560 2841 non
1595 2795 1717 2851 est,
1770 2785 1865 2841 sed

276 2869 455 2928 potest
485 2873 629 2926 esse,
663 2867 719 2913 et
746 2858 824 2913 sic
855 2867 1005 2913 actus
1052 2866 1107 2914 et
1156 2858 1399 2929 potentia
1449 2866 1575 2912 sunt
1628 2858 1868 2913 maxime

274 2930 546 2999 opposita.

350 3008 620 3078 Appetitas
648 3016 722 3063 est
760 3010 958 3064 ratione
1004 3010 1241 3063 carentia
1282 3008 1336 3078 (ι
1364 3005 1576 3078 Phys.).
1628 3008 1867 3077 lntellige

275 3095 383 3135 non
416 3080 557 3149 quod
590 3093 806 3148 semper
858 3079 996 3134 absit
1041 3078 1195 3148 cujus
1225 3089 1307 3134 est
1356 3081 1642 3149 appetitus.
1676 3080 1867 3148 Utique

273 3152 421 3221 enim
469 3150 689 3205 materia
744 3151 905 3221 etiam
963 3151 1168 3221 appetit
1225 3151 1367 3221 illam
1424 3154 1645 3205 formam
1704 3166 1863 3219 quam

277 3205 461 3276 habet.
495 3220 598 3277 Sed
630 3220 771 3291 quod
820 3205 1229 3277 soleat'esoriri
1265 3219 1568 3291 hujusmodi
1598 3205 1865 3291 appetitus
1889 3205 1939 3271 C

274 3304 343 3349 ex
370 3294 626 3347 carentia.
658 3291 746 3346 Vel
793 3291 968 3357 aliter,
1003 3307 1187 3347 verum
1217 3302 1300 3347 est
1345 3294 1413 3347 de
1460 3296 1697 3361 appetitu
1727 3293 1869 3348 desi-

277 3362 435 3434 derii,
480 3376 585 3434 non
612 3370 789 3418 autem
821 3364 1245 3434 complacentiae.
1287 3363 1416 3418 Nam
1465 3365 1552 3417 illa
1584 3380 1702 3433 quae
1734 3379 1869 3418 nou-

278 3433 403 3505 dum
437 3433 693 3488 habemus
723 3433 1033 3491 desiderare
1076 3434 1337 3504 solemus,
1372 3435 1423 3489 in
1465 3435 1571 3491 illis
1614 3451 1733 3505 qua:
1765 3436 1870 3490 ha-

277 3503 467 3558 bemus
497 3505 834 3573 complacere
863 3507 1042 3563 nobis.

284 3598 323 3630 .V
348 3585 427 3638 Ad
454 3588 790 3658 substantiam
838 3603 941 3640 non
968 3587 1027 3657 ﬁt
1057 3593 1225 3641 motus
1272 3586 1343 3657 (ν
1374 3584 1586 3658 Phys.).
1619 3587 1684 3641 Et
1734 3586 1871 3641 ratio

278 3665 383 3720 est,
414 3656 536 3726 quia
564 3656 881 3712 substantia:
913 3656 1043 3712 nihil
1075 3667 1159 3713 est
1182 3656 1662 3722 contrariuin,‘sed
1691 3661 1871 3713 omnis

279 3735 463 3781 motus
486 3727 541 3782 lit
571 3728 639 3782 de
667 3729 942 3783 contrario
966 3730 1019 3784 in
1042 3730 1389 3783 contrarium.

352 3818 429 3871 Ab
476 3820 787 3887 experientia
826 3820 1167 3889 singularium
1204 3820 1485 3889 accipimus
1533 3821 1871 3875 uniuersalem

275 3889 539 3962 scientiam
582 3890 688 3959 (vn
718 3889 944 3961 Phys.).
995 3890 1311 3962 lntelligitur
1364 3892 1504 3961 quod
1549 3905 1615 3946 ex
1644 3895 1870 3948 veritate

275 3961 628 4027 Singularium
661 3962 886 4015 infertur
916 3963 1115 4017 veritas
1149 3961 1490 4018 universalis.

352 4031 804 4104 Animaintelligit
834 4034 1041 4102 quando
1068 4034 1198 4099 vult,
1230 4033 1321 4088 sed
1350 4050 1451 4087 non
1479 4034 1630 4088 sentit
1663 4036 1870 4104 quando

277 4103 389 4157 uult
420 4105 493 4171 (ιι
520 4102 582 4155 de
605 4102 834 4170 Anima).
880 4106 943 4158 Et
996 4104 1134 4159 ratio
1182 4115 1264 4159 est
1320 4104 1605 4159 diversitas
1636 4102 1870 4173 objecto-

278 4187 423 4237 rum,
454 4174 574 4240 quia
625 4173 891 4243 objectum
943 4175 1246 4230 intellectus
1274 4186 1356 4229 est
1400 4179 1451 4229 in
1505 4177 1616 4243 ipsa
1669 4178 1869 4243 anima,

276 4244 419 4297 adeo
470 4253 606 4299 utet
657 4244 887 4314 seipsam
924 4246 1093 4315 possit
1114 4245 1459 4315 ~intelligere.
1492 4250 1559 4299 At
1598 4247 1868 4314 objectum

277 4328 472 4396 sensus
502 4329 608 4369 non
639 4325 722 4372 est
754 4316 807 4371 in
839 4316 956 4386 ipso
978 4317 1295 4372 sensu.Non
1318 4316 1461 4372 enim
1493 4331 1687 4372 sensus
1708 4319 1873 4372 sentit

276 4399 534 4449 seipsum.

353 4456 512 4531 Aqua:
558 4474 761 4529 magna!
809 4459 927 4531 plus
973 4461 1145 4531 ﬂuunt
1178 4460 1240 4515 de
1287 4468 1428 4514 nocte
1483 4475 1637 4530 quam
1682 4459 1745 4512 de
1790 4459 1874 4514 die

279 4528 371 4601 (ιιι
401 4526 791 4601 Μειεονοιῖιιιιι).
812 4526 895 4584 Et
921 4526 1023 4586 hoc
1053 4541 1131 4586 est
1163 4532 1284 4588 ideo
1314 4526 1530 4601 propter
1569 4531 1864 4586 absentiam

279 4597 522 4652 humoris
551 4597 761 4655 solaris.

352 4670 555 4739 Artifex
574 4682 646 4742 est
674 4673 952 4738 sapientior
981 4682 1211 4742 experto,
1233 4683 1281 4730 et
1308 4673 1613 4728 architector
1638 4674 1868 4728 manuali

280 4742 557 4813 artiﬁcelt
584 4741 923 4815 Metaphgs.)
957 4741 1369 4813 Ad’sapientem
1416 4747 1645 4815 pertinet
1687 4746 1867 4800 omnia

280 4826 335 4869 tn
387 4815 670 4867 universali
699 4814 859 4883 scire,
883 4826 937 4871 et
963 4816 1223 4883 difficilia,
1246 4826 1301 4871 et
1323 4817 1521 4871 habere
1560 4814 1863 4881 scientiam,

281 4897 403 4963 qua:
440 4885 523 4938 sui
557 4886 721 4955 ipsius
750 4897 954 4942 tantum
983 4902 1144 4943 causa
1174 4897 1279 4953 est,
1305 4896 1360 4942 et
1391 4902 1495 4942 non
1526 4900 1688 4941 causa
1729 4888 1866 4943 alte-

280 4966 415 5009 1⁸1113.

280 5096 334 5167 (Ι
354 5027 545 5150 Αῧάξνε
564 5028 779 5167 infulas
799 5040 873 5084 est
890 5031 1312 5099 impeatmentum
1340 5030 1617 5101 cognitioni
1642 5030 1868 5085 veritatis

339 5112 353 5150 ι
382 5126 397 5149 .-
442 5115 469 5151 e
493 5114 560 5166 ap
606 5140 614 5149 .
650 5142 664 5155 .

319 5111 353 5151 It
382 5102 664 5170 Metaph)

355 5172 563 5239 Antiqui
594 5172 887 5241 philosOpIti
934 5173 1196 5243 acquisitis
1234 5176 1348 5228 vitte
1374 5173 1673 5229 necessariis
1704 5174 1869 5242 primo

280 5252 539 5316 ceperunt
562 5245 919 5313 philosophari
948 5248 965 5316 (
984 5260 999 5299 ι
1026 5245 1366 5316 Metaphgs)

357 5312 540 5365 Anima
566 5312 641 5388 est
669 5312 826 5369 causa
858 5312 1091 5383 corporis
1120 5312 1332 5371 viventis
1372 5318 1425 5371 in
1471 5317 1662 5388 triplici
1690 5332 1870 5387 genere

278 5387 718 5526 2;;sw,)scilicet,
768 5388 1043 5456 formalis,
1098 5388 1365 5459 efficientis
1393 5399 1439 5442 et
1484 5388 1656 5457 finalis
1706 5391 1777 5458 (ιι
1808 5388 1871 5443 de

390 5472 470 5507 ma
502 5496 517 5511 .

332 5471 517 5511 mina).

356 5526 569 5601 Artifeai
586 5531 866 5585 secundum
907 5546 1190 5601 possessum
1228 5529 1445 5585 intendit
1483 5544 1537 5585 se
1582 5531 1868 5589 assimilare

278 5606 487 5674 natura:
508 5598 926 5674 (Commentator’,
962 5618 995 5657 tt
1030 5601 1309 5674 Metaph.).

357 5671 616 5747 Animalia
646 5685 892 5745 augentur
917 5677 1075 5747 magis
1117 5671 1420 5741 dormienda
1440 5690 1592 5744 quam
1613 5675 1870 5747 vigilando

279 5738 467 5817 (Inde
484 5741 677 5817 Somno
714 5738 762 5799 Et
800 5738 1015 5817 vigilia):

279 5812 627 5953 υἱιιαῦιιίιιιαιὶα
675 5812 929 5889 respirant
972 5812 1032 5874 ἰη
1085 5817 1299 5873 humido
1349 5816 1459 5891 (In
1503 5819 1568 5876 de
1616 5820 1783 5878 Morte
1825 5829 1873 5878 et

1960 557 2143 623 apibus
2168 556 2385 627 (lbid.).

2032 619 2215 681 Anima
2246 619 2538 697 infundimr
2570 629 2771 696 corpori
2783 627 2936 699 jussu
2962 625 3056 680 Dei
3079 621 3171 693 (In
3202 622 3289 676 lib.
3320 620 3385 675 de
3405 619 3550 676 Pro-

1961 699 2256 767 prietatibus
2284 701 2695 758 elementorum).

2034 769 2078 823 A
2107 770 2400 823 mulieribus
2419 786 2520 823 non
2544 770 2739 837 regitur
2769 769 2946 824 civitas
2972 768 3041 839 (ιι
3072 765 3242 835 PaL).

1973 908 2020 961 Ρ
2037 840 2220 961 animo
2250 842 2517 910 pretiosior
2542 832 2622 896 est
2636 856 2849 911 corpore
2871 842 2923 894 in
2952 832 3090 894 omni
3114 832 3432 908 possessione
3450 832 3551 907 (νῆ

2023 927 2051 961 ο
2077 929 2090 961 ι
2121 949 2132 961 .
2172 952 2185 961 .

2023 912 2185 964 olit.).

2038 912 2361 1054 2ii‘ifs.)s.upplet
2385 985 2635 1054 defectum
2660 983 2890 1050 naturtel
2900 980 3062 1050 Ibid.)

2038 1049 2418 1125 dmoniodium
2450 1049 2501 1109 et
2529 1056 2794 1125 proprium
2820 1049 3141 1125 commodum
3189 1066 3326 1105 saeue
3352 1049 3556 1120 faciunt

1955 1122 2181 1194 judicent
2199 1122 2314 1179 non
2345 1128 2512 1181 videre
2530 1122 2712 1179 'verum
2732 1126 2751 1189 (
2772 1140 2786 1177 ι
2819 1124 2970 1179 Rhet.
2984 1124 3025 1194 ).

1971 1264 1989 1331 (
2040 1193 2255 1331 Atracis)
2275 1197 2461 1270 gaudet
2491 1197 2553 1251 de
2577 1196 2721 1250 bonis
2747 1206 2793 1250 et
2815 1195 2949 1252 dolet
2965 1190 3028 1251 de
3048 1194 3274 1250 tristibus
3296 1191 3376 1247 sui
3400 1190 3555 1245 amici

2008 1279 2046 1318 ιι
2161 1283 2185 1319 e
2215 1307 2227 1319 .
2264 1307 2276 1320 .

2008 1279 2046 1318 ll
2077 1276 2276 1320 κῆρι).

2353 1338 2546 1408 fervore
2574 1340 2772 1393 student
2798 1354 2851 1393 se
2880 1338 2982 1391 veri
3007 1336 3225 1390 studiosi
3266 1333 3556 1389 abalienare

1966 1404 2096 1475 (Per
2125 1404 2362 1464 Boetium
2382 1411 2435 1463 in
2460 1408 2746 1480 Disciplina
2771 1408 3131 1481 scholarium).

2043 1615 2243 1670 Bonum
2270 1623 2345 1669 est
2374 1614 2658 1670 adulterari
2697 1630 2814 1669 cum
2852 1628 3011 1668 uxore
3043 1612 3276 1684 'tyranni
3328 1620 3561 1681 tempore

1970 1685 2108 1741 belli.
2145 1687 2463 1757 lntelligitur
2485 1689 2562 1741 sic
2593 1686 2793 1749 :Utile,
2843 1700 2935 1739 seu
2973 1685 3273 1757 expediens
3295 1692 3397 1747 est,
3426 1691 3561 1757 tem-

1972 1772 2104 1825 pore
2135 1758 2284 1825 belli,
2321 1752 2612 1825 adulterari
2671 1772 2794 1811 cum
2851 1770 3018 1813 uxore
3047 1752 3416 1828 'tyranni,mut_
3442 1752 3561 1828 ipsa

1894 1840 1943 1902 Β
1968 1824 2172 1884 revelet
2212 1824 2449 1902 secreta;
2496 1839 2549 1883 et
2576 1829 2657 1883 sic
2702 1831 2900 1902 bonum
2932 1843 3037 1881 non
3077 1824 3238 1902 debet
3268 1826 3372 1902 dici
3404 1824 3561 1902 boni-

1976 1908 2085 1955 tate
2112 1901 2302 1963 moris,
2335 1901 2453 1967 quia
2486 1914 2591 1953 non
2614 1908 2696 1954 est
2716 1896 2916 1953 bonum
2948 1898 3176 1962 morale,
3211 1896 3305 1950 sed
3334 1895 3558 1967 malum,

1969 1970 2067 2025 sed
2099 1966 2361 2040 importat
2394 1971 2691 2035 utilitatem,
2741 1980 2800 2024 ut
2826 1970 3025 2024 dictum
3058 1980 3159 2025 est.
3194 1968 3360 2040 Caute
3401 1966 3565 2036 igitur

1972 2042 2089 2096 haec
2126 2039 2435 2097 Aristotelis
2463 2042 2728 2096 sententia
2754 2041 2997 2109 legenda,
3031 2058 3097 2095 ne
3126 2039 3246 2110 quis
3285 2039 3395 2093 ullo
3425 2046 3564 2094 tem-

1971 2127 2103 2183 pore
2130 2113 2332 2167 licitum
2364 2127 2483 2168 esse
2508 2121 2655 2180 putet
2684 2111 2996 2167 adulterari.

2045 2181 2249 2238 Bonum
2270 2192 2315 2237 et
2346 2176 2539 2237 malum
2577 2193 2697 2238 sunt
2726 2186 2979 2238 contrarie
3001 2182 3236 2253 apposita
3268 2179 3397 2250 (Per
3432 2176 3564 2234 Phi-

1972 2255 2267 2324 losOphum,
2314 2254 2365 2307 in
2418 2253 2880 2322 Prredicamentis).
2919 2256 3235 2322 lntelligitur
3267 2254 3366 2317 sic,
3401 2259 3563 2319 prout

1972 2328 2173 2381 bonum
2203 2335 2258 2380 et.
2287 2326 2485 2379 malum
2532 2336 2656 2380 sunt
2708 2325 3025 2381 differentiae
3074 2326 3228 2387 artis,
3276 2338 3381 2377 non
3437 2332 3566 2376 sunt

1969 2399 2216 2466 opposita
2246 2398 2556 2460 contrariae,
2588 2396 2684 2451 sed
2717 2396 3171 2459 contradictorize,
3211 2395 3330 2464 quia
3360 2394 3565 2448 malum

1970 2468 2113 2523 entis
2142 2482 2247 2522 non
2276 2477 2357 2522 est
2385 2482 2505 2533 ens,
2532 2467 2627 2521 sed
2649 2467 2848 2523 bonum
2876 2468 3015 2523 entis
3045 2475 3127 2522 est
3148 2480 3244 2519 ens
3269 2481 3284 2530 ;
3313 2466 3405 2520 sed
3439 2475 3568 2520 tunc

1971 2538 2037 2592 ad
2072 2539 2456 2609 Philosophum
2508 2540 2708 2609 dicitur
2761 2539 2904 2609 quod
2960 2539 3193 2609 loquitur
3230 2536 3297 2592 de
3326 2536 3565 2594 bonitate

1973 2611 2158 2673 moris,
2189 2619 2241 2664 et
2274 2626 2378 2663 non
2408 2608 2472 2663 de
2505 2608 2745 2665 bonitate
2773 2608 2934 2666 entis.

2064 2680 2263 2734 Bonum
2308 2680 2431 2733 utile
2476 2696 2579 2750 non
2632 2690 2704 2734 est
2753 2680 2932 2734 melius
2988 2680 3116 2734 bono
3170 2682 3379 2733 honesto
3419 2677 3568 2750 (Per

1973 2750 2268 2821 Senecam).
2322 2749 2637 2816 lntelligitur
2689 2750 2757 2806 de
2809 2752 2951 2805 bono
3000 2751 3150 2817 utili,
3208 2753 3259 2804 in
3305 2749 3564 2820 quantum

1973 2837 2078 2877 non
2127 2833 2205 2877 est
2260 2825 2456 2876 bonum
2507 2821 2811 2886 honestum,
2859 2823 2981 2890 quia
3015 2823 3153 2876 idem
3202 2821 3339 2876 bene
3388 2828 3566 2889 potest

1972 2908 2094 2949 esse
2122 2896 2318 2947 bottom
2349 2893 2479 2946 utile
2511 2904 2565 2947 et
2588 2894 2784 2947 bonum
2813 2896 3118 2948 honestum.
3548 2933 3553 2938 .

2057 2965 2256 3018 Bonum
2310 2973 2733 3017 connumeratum
2788 2963 2917 3018 bono
2979 2964 3104 3033 facit
3161 2965 3326 3033 ipsum
3378 2963 3563 3018 melius

1973 3036 2022 3106 (I
2056 3035 2277 3106 Et/u'c.).
2313 3036 2626 3105 Intelligitur
2656 3036 2733 3090 sic
2762 3052 2777 3090 :
2809 3034 2864 3090 Si
2910 3036 3106 3106 bonum
3136 3034 3400 3089 infinitum
3430 3049 3566 3090 con-

1973 3104 2285 3162 numeratur
2324 3107 2465 3161 bono
2494 3104 2691 3171 finito,
2746 3107 2874 3161 facit
2916 3104 3089 3176 ipsum
3122 3108 3335 3170 melius,
3368 3107 3420 3161 id
3449 3115 3561 3173 est,

1972 3179 2241 3244 nobilius;
2292 3178 2386 3233 sed
2418 3179 2465 3232 si
2515 3179 2711 3231 bonum
2764 3178 2974 3232 [initum
3022 3188 3366 3246 comparatur
3416 3179 3563 3235 bono

1973 3249 2215 3314 infinito,
2248 3265 2354 3303 non
2386 3249 2511 3303 facit
2557 3252 2730 3316 ipsum
2774 3249 2991 3313 melius,
3046 3249 3167 3317 quia
3205 3249 3381 3303 omnia
3418 3250 3559 3306 bona

1971 3334 2091 3375 cum
2121 3320 2294 3391 primo
2335 3330 2541 3374 motore
2592 3329 2646 3374 et
2688 3328 2858 3376 totum
2912 3321 3217 3374 universum
3274 3336 3376 3374 non
3429 3319 3561 3376 facit

1971 3391 2145 3459 ipsum
2190 3393 2357 3460 magis
2389 3392 2585 3444 bonum
2634 3407 2793 3461 quam
2829 3393 3033 3461 primus
3080 3401 3253 3447 motor
3281 3406 3555 3457 seorsum,

1970 3476 2038 3518 eo
2058 3464 2199 3531 quod
2231 3472 2313 3517 est
2344 3463 2539 3515 bonum
2573 3462 2861 3517 infinitum.

2044 3532 2134 3587 Bis
2162 3534 2263 3587 tria
2298 3549 2401 3587 non
2445 3541 2683 3605 suntsex
2735 3537 2803 3605 (ν
2846 3532 3111 3601 Metaph.,
3164 3542 3267 3588 tes.
3316 3531 3429 3603 l9).
3485 3533 3563 3589 lbi

1972 3606 2265 3659 amandum
2319 3614 2399 3658 est
2451 3603 2589 3673 quod
2646 3603 2752 3659 illa
2793 3606 3126 3674 propositio,
3170 3606 3250 3659 his
3304 3607 3399 3657 tria
3452 3620 3561 3659 non

1972 3687 2099 3730 sunt
2147 3684 2375 3748 sex,_est
2422 3675 2818 3748 distinguenda.
2874 3676 3004 3731 Nam
3036 3676 3086 3748 ly
3142 3675 3216 3731 bis
3272 3675 3561 3748 dupliciter

1972 3748 2224 3801 sumitur.
2269 3745 2383 3801 Uno
2439 3745 2863 3817 modo'rcapitur
2912 3745 3236 3816 cepuiative,
3296 3749 3366 3801 ita
3416 3746 3562 3817 quod

1973 3818 2283 3887 conjunctio
2309 3817 2510 3871 inclusa
2543 3819 2593 3888 ly
2623 3816 2697 3872 bis
2726 3816 2911 3875 eausat
2939 3818 3358 3887 propositionem
3391 3816 3564 3887 hypo-

1974 3890 2229 3943 tlteticam
2259 3889 2651 3958 copulativam;
2686 3898 2740 3944 et
2781 3891 2873 3946 illo
2902 3890 3062 3943 modo
3114 3899 3319 3943 tantum
3370 3890 3558 3943 valet:

1975 3959 2066 4016 Bis
2094 3960 2190 4013 tria
2219 3976 2325 4015 non
2353 3971 2479 4013 sunt
2503 3974 2617 4023 sex,
2650 3971 2704 4014 et
2746 3962 2823 4015 sic
2853 3969 2935 4016 est
2956 3975 3103 4025 vera,
3156 3968 3211 4014 et
3258 3959 3347 4013 illo
3399 3959 3564 4015 modo

1975 4046 2093 4085 eam
2125 4032 2266 4099 capit
2306 4032 2685 4097 Philosophus.
2716 4033 2837 4087 Alio
2876 4031 3036 4086 modo
3064 4031 3294 4100 capitur,
3326 4041 3381 4084 ut
3430 4044 3564 4086 con-

1972 4102 2176 4171 iunctio
2205 4104 2405 4156 inclusa
2438 4103 2490 4155 in
2520 4103 2570 4172 ly
2593 4103 2686 4169 bis,
2723 4104 2952 4168 scilicet,
2984 4103 3074 4168 sit,
3105 4111 3161 4156 et
3191 4110 3319 4156 tunc
3346 4111 3563 4158 tenetur

1974 4175 2288 4242 copulatim,
2321 4180 2376 4228 et
2425 4172 2551 4227 facit
2604 4174 3023 4243 propositionem
3079 4175 3434 4243 categoricam
3491 4172 3564 4229 de

1976 4246 2341 4299 conditionato
2387 4254 2659 4310 extremo;
2708 4252 2762 4299 et
2793 4254 2917 4298 tunc
2947 4254 3153 4298 tantum
3206 4246 3392 4299 valet:
3433 4243 3557 4298 Tria

1976 4326 2031 4370 et
2063 4316 2160 4370 tria
2184 4331 2288 4370 non
2316 4327 2441 4369 sunt
2469 4331 2585 4380 sex,
2619 4324 2673 4369 et
2710 4318 2788 4371 sic
2835 4319 2950 4385 ipsa
2990 4326 3074 4370 est
3124 4315 3277 4369 falsa.
3322 4316 3564 4371 Alexan-

1976 4387 2073 4442 der
2101 4386 2385 4453 Aphrodis.
2416 4402 2577 4453 super
2607 4388 2750 4442 hunc
2774 4389 2947 4442 locum
2973 4388 3051 4441 sic
3073 4387 3309 4456 explicat
3341 4405 3353 4438 :
3387 4387 3441 4441 Si
3473 4402 3564 4441 sea:

1977 4458 2291 4529 simpliciter
2339 4458 2660 4528 accipiamus
2690 4459 2791 4515 hoc
2835 4473 3089 4514 numerus
3118 4468 3220 4523 εει,
3254 4458 3335 4512 sin
3382 4469 3563 4513 autem

1977 4546 2067 4583 sea:
2096 4530 2347 4598 accipias,
2374 4539 2428 4583 ut
2478 4530 2559 4585 bis
2589 4530 2711 4595 tria,
2743 4540 2869 4584 tunc
2894 4545 3014 4586 cum
3047 4529 3303 4599 qualitate
3332 4529 3561 4584 dicetur.

1894 4581 1950 4643 D
1980 4581 2105 4655 Vide
2139 4581 2654 4673 ᾗόὲὲὶιέιτὸηξέὸδὶὲί
2679 4581 3105 4673 (infusius;
3136 4581 3195 4668 7,
3246 4581 3308 4656 ἀὲ
3339 4581 3566 4673 imas.

1971 4672 2348 4741 compositionis
2380 4682 2427 4726 et
2450 4672 2736 4744 divisionis)
2761 4713 2776 4740 ,
2798 4672 3035 4744 etalios.

2043 4744 2245 4797 Bonum
2263 4744 2447 4797 anima:
2484 4754 2554 4798 est
2579 4743 2823 4814 Optimum
2853 4743 3041 4797 bonum
3093 4743 3188 4811 (vu
3218 4743 3375 4798 Polit.
3398 4743 3439 4814 ).
3472 4744 3563 4801 ln-

1972 4816 2227 4886 telligitur
2273 4818 2654 4885 comparative,
2700 4815 2926 4881 scilicet,
2981 4816 3122 4883 quod
3171 4818 3388 4881 bonum,
3420 4816 3562 4885 quod

1969 4897 2055 4943 est
2099 4889 2301 4941 bonum
2360 4886 2629 4952 hominis,
2686 4896 2769 4941 est
2822 4888 3083 4956 optimum
3132 4898 3375 4954 resliectu
3437 4888 3564 4941 illo-

1971 4975 2088 5087 ἱιιιιιι
2114 4958 2369 5027 duorum,
2410 4959 2653 5024 sicilicet,
2682 4958 2806 5013 boni
2855 4958 3022 5023 utilis,
3055 4967 3110 5013 et
3160 4960 3279 5013 boni
3327 4958 3566 5015 delecut-

2009 5046 2115 5085 tts.
2636 5066 2645 5071 -

2009 5046 2115 5085 lllS.
2636 5066 2645 5071 -

2041 5102 2242 5156 Bonum
2261 5101 2512 5171 reperitur
2539 5101 2591 5155 in
2613 5100 2834 5171 quolibet
2861 5103 3257 5172 prardicamento
3300 5100 3349 5170 (ι
3380 5098 3563 5173 Top.).

1971 5174 2289 5243 intelligitur
2319 5173 2387 5228 de
2418 5174 2558 5227 bono
2587 5174 2888 5241 entitativo,
2923 5183 2977 5229 et
3030 5190 3133 5227 non
3174 5174 3243 5229 de
3269 5173 3409 5227 bono
3438 5186 3555 5227 mo~

1971 5246 2091 5306 rali.
2124 5246 2246 5316 quia
2293 5244 2423 5299 illud
2455 5260 2559 5300 non
2611 5246 2879 5315 reperitur
2928 5246 2981 5301 in
3029 5245 3266 5315 quolibet
3306 5243 3564 5313 praedica-

1973 5329 2167 5373 mento.

2042 5387 2259 5442 Brutum
2302 5397 2374 5441 est
2404 5384 2715 5460 animantius
2771 5390 2952 5444 arbore
2981 5388 3107 5460 (Per
3141 5398 3423 5460 auctorem
3454 5386 3565 5460 Sea:

1972 5460 2391 5535 principiorum).
2427 5458 2742 5535 [intelligitur
2773 5461 2914 5529 quod
2958 5458 3151 5535 animal
3183 5459 3345 5535 habet
3368 5458 3558 5535 plures

1971 5530 2195 5586 viriutes
2222 5530 2301 5585 vel
2330 5532 2597 5600 potentias
2616 5530 2838 5596 animae,
2872 5546 3031 5601 quam
3073 5534 3253 5586 arbor.
3284 5530 3417 5586 Vide
3460 5545 3557 5584 su-
3602 5578 3609 5582 .

1973 5620 2086 5687 pra"
2108 5604 2359 5656 axioma:
2402 5603 2611 5658 Animal
2664 5614 2745 5687 est
2793 5604 3125 5687 animantius
3168 5618 3325 5687 qualn!
3365 5602 3558 5687 'aifoor.

2042 5675 2243 5729 Bonum
2272 5685 2462 5745 quanto
2489 5678 2828 5740 contmunius,
2852 5684 2992 5727 tanto
3024 5670 3241 5728 divinius
3264 5676 3282 5744 (
3309 5670 3325 5727 i
3356 5670 3482 5745 Etlt.
3505 5681 3563 5745 et

1972 5763 2009 5803 ιι
2044 5746 2220 5816 Τορ.).
2249 5741 2442 5802 Verum
2469 5757 2552 5801 est
2597 5748 2663 5801 de
2694 5747 2832 5801 bono
2864 5748 3103 5818 ejusdem
3147 5741 3383 5818 speciei.
3404 5741 3558 5800 Unde

1972 5819 2097 5874 licet
2122 5829 2400 5873 uxoratum
2433 5833 2554 5874 esse
2582 5819 2918 5874 communius
2945 5819 3014 5872 sit
3041 5832 3201 5889 quam
3239 5817 3553 5889 religiosum

1972 5903 2113 5960 esse,
2161 5889 2391 5951 divinius
2444 5899 2619 5961 tamen
2669 5889 2884 5952 esthoc
2930 5888 3094 5964 quam
3146 5888 3298 5963 illud.
3350 5888 3558 5961 hursus
