  <div class='ocr_page' id='page_1' title='image "/cluster/home/n/w/nwhite01/storage/ocr_20150623/90/hvd.32044015469489/505.png"; bbox 0 0 4010 6382; ppageno 0'>
   <div class='ocr_carea' id='block_1_1' title="bbox 587 254 697 315">
    <p class='ocr_par' dir='ltr' id='par_1_1' title="bbox 587 254 697 315">
     <span class='ocr_line' id='line_1_1' title="bbox 587 254 697 315; baseline 0.009 -1"><span class='ocrx_word' id='word_1_1' title='bbox 587 254 697 315; x_wconf 78' lang='lat'><strong><em>999</em></strong></span> 
     </span>
    </p>
   </div>
   <div class='ocr_carea' id='block_1_2' title="bbox 1089 254 3343 322">
    <p class='ocr_par' dir='ltr' id='par_1_2' title="bbox 1089 254 3343 322">
     <span class='ocr_line' id='line_1_2' title="bbox 1089 254 3343 322; baseline 0.003 -7"><span class='ocrx_word' id='word_1_2' title='bbox 1089 254 1296 316; x_wconf 64' lang='lat' dir='ltr'><strong>DEDIT.</strong></span> <span class='ocrx_word' id='word_1_3' title='bbox 1335 254 1791 318; x_wconf 77' lang='lat' dir='ltr'><strong>VENERABILIS</strong></span> <span class='ocrx_word' id='word_1_4' title='bbox 1826 254 1979 318; x_wconf 82' lang='lat' dir='ltr'><strong>OPP.</strong></span> <span class='ocrx_word' id='word_1_5' title='bbox 2019 254 2198 317; x_wconf 80' lang='lat' dir='ltr'><strong>PARS</strong></span> <span class='ocrx_word' id='word_1_6' title='bbox 2236 254 2279 315; x_wconf 89' lang='lat' dir='ltr'><strong>l.</strong></span> <span class='ocrx_word' id='word_1_7' title='bbox 2310 254 2505 317; x_wconf 59' lang='grc' dir='ltr'>βεστ.</span> <span class='ocrx_word' id='word_1_8' title='bbox 2545 255 2687 317; x_wconf 90' lang='grc' dir='ltr'>ιι.-</span> <span class='ocrx_word' id='word_1_9' title='bbox 2711 254 2915 321; x_wconf 77' lang='lat' dir='ltr'><strong>DUBlA</strong></span> <span class='ocrx_word' id='word_1_10' title='bbox 2954 256 3043 321; x_wconf 79' lang='lat' dir='ltr'><strong>ET</strong></span> <span class='ocrx_word' id='word_1_11' title='bbox 3080 259 3343 322; x_wconf 71' lang='lat' dir='ltr'><strong>SPURIA.</strong></span> 
     </span>
    </p>
   </div>
   <div class='ocr_carea' id='block_1_3' title="bbox 3649 263 3753 331">
    <p class='ocr_par' dir='ltr' id='par_1_3' title="bbox 3649 263 3753 331">
     <span class='ocr_line' id='line_1_3' title="bbox 3649 263 3753 331; baseline 0.019 -2"><span class='ocrx_word' id='word_1_12' title='bbox 3649 263 3753 331; x_wconf 83' lang='lat' dir='ltr'><strong>l000</strong></span> 
     </span>
    </p>
   </div>
   <div class='ocr_carea' id='block_1_4' title="bbox 588 374 3753 455">
    <p class='ocr_par' dir='ltr' id='par_1_4' title="bbox 588 374 3753 455">
     <span class='ocr_line' id='line_1_4' title="bbox 588 374 3753 455; baseline 0.005 -24"><span class='ocrx_word' id='word_1_13' title='bbox 588 374 908 455; x_wconf 59' lang='lat' dir='ltr'><strong>lntelligitur</strong></span> <span class='ocrx_word' id='word_1_14' title='bbox 936 376 1231 455; x_wconf 79' lang='lat' dir='ltr'><strong>propositio</strong></span> <span class='ocrx_word' id='word_1_15' title='bbox 1261 377 1401 455; x_wconf 83' lang='lat' dir='ltr'><strong>inter</strong></span> <span class='ocrx_word' id='word_1_16' title='bbox 1431 389 1659 446; x_wconf 87' lang='lat' dir='ltr'><strong>corpora</strong></span> <span class='ocrx_word' id='word_1_17' title='bbox 1698 376 1972 455; x_wconf 75' lang='lat' dir='ltr'><strong>simplicia</strong></span> <span class='ocrx_word' id='word_1_18' title='bbox 1997 418 2041 455; x_wconf 91' lang='lat'><strong>,_</strong></span> <span class='ocrx_word' id='word_1_19' title='bbox 2064 378 2158 434; x_wconf 88' lang='lat' dir='ltr'><strong>sed</strong></span> <span class='ocrx_word' id='word_1_20' title='bbox 2188 379 2242 441; x_wconf 79' lang='grc' dir='ltr'><strong>Α</strong></span> <span class='ocrx_word' id='word_1_21' title='bbox 2266 390 2361 455; x_wconf 73' lang='lat' dir='ltr'><strong>seu</strong></span> <span class='ocrx_word' id='word_1_22' title='bbox 2390 393 2486 436; x_wconf 87' lang='lat' dir='ltr'><strong>ens</strong></span> <span class='ocrx_word' id='word_1_23' title='bbox 2504 376 2570 455; x_wconf 85' lang='lat' dir='ltr'><strong>_in</strong></span> <span class='ocrx_word' id='word_1_24' title='bbox 2600 389 2721 435; x_wconf 85' lang='lat' dir='ltr'><strong>actu</strong></span> <span class='ocrx_word' id='word_1_25' title='bbox 2752 390 3022 455; x_wconf 83' lang='lat' dir='ltr'><strong>mutatur:</strong></span> <span class='ocrx_word' id='word_1_26' title='bbox 3054 378 3195 452; x_wconf 92' lang='lat' dir='ltr'><strong>quod</strong></span> <span class='ocrx_word' id='word_1_27' title='bbox 3225 383 3357 438; x_wconf 86' lang='lat' dir='ltr'><strong>enim</strong></span> <span class='ocrx_word' id='word_1_28' title='bbox 3386 392 3604 455; x_wconf 84' lang='lat' dir='ltr'><strong>mutatur,</strong></span> <span class='ocrx_word' id='word_1_29' title='bbox 3628 391 3753 453; x_wconf 83' lang='lat' dir='ltr'><strong>debet</strong></span> 
     </span>
    </p>
   </div>
   <div class='ocr_carea' id='block_1_5' title="bbox 588 448 2167 519">
    <p class='ocr_par' dir='ltr' id='par_1_5' title="bbox 588 448 2167 519">
     <span class='ocr_line' id='line_1_5' title="bbox 588 448 2167 519; baseline 0.001 -12"><span class='ocrx_word' id='word_1_30' title='bbox 588 448 729 507; x_wconf 72' lang='lat' dir='ltr'><strong>fallit</strong></span> <span class='ocrx_word' id='word_1_31' title='bbox 755 448 1117 517; x_wconf 86' lang='lat' dir='ltr'><strong>comparando</strong></span> <span class='ocrx_word' id='word_1_32' title='bbox 1144 463 1261 504; x_wconf 86' lang='lat' dir='ltr'><strong>eam</strong></span> <span class='ocrx_word' id='word_1_33' title='bbox 1292 452 1361 504; x_wconf 87' lang='lat' dir='ltr'><strong>ad</strong></span> <span class='ocrx_word' id='word_1_34' title='bbox 1386 463 1611 518; x_wconf 91' lang='lat' dir='ltr'><strong>corpora</strong></span> <span class='ocrx_word' id='word_1_35' title='bbox 1639 449 1829 514; x_wconf 89' lang='lat' dir='ltr'><strong>mista,</strong></span> <span class='ocrx_word' id='word_1_36' title='bbox 1860 451 1984 519; x_wconf 99' lang='lat' dir='ltr'><strong>quia</strong></span> <span class='ocrx_word' id='word_1_37' title='bbox 2010 448 2167 511; x_wconf 91' lang='lat' dir='ltr'><strong>datur</strong></span> 
     </span>
    </p>
   </div>
   <div class='ocr_carea' id='block_1_6' title="bbox 589 520 2163 591">
    <p class='ocr_par' dir='ltr' id='par_1_6' title="bbox 589 520 2163 591">
     <span class='ocr_line' id='line_1_6' title="bbox 589 520 2163 591; baseline 0.003 -15"><span class='ocrx_word' id='word_1_38' title='bbox 589 521 803 589; x_wconf 80' lang='lat' dir='ltr'><strong>aliquod</strong></span> <span class='ocrx_word' id='word_1_39' title='bbox 834 520 1048 575; x_wconf 86' lang='lat' dir='ltr'><strong>rnistum</strong></span> <span class='ocrx_word' id='word_1_40' title='bbox 1073 559 1090 583; x_wconf 91' lang='lat'><strong>,</strong></span> <span class='ocrx_word' id='word_1_41' title='bbox 1138 520 1353 591; x_wconf 76' lang='lat' dir='ltr'><strong>gravius</strong></span> <span class='ocrx_word' id='word_1_42' title='bbox 1382 520 1511 591; x_wconf 17' lang='lat' dir='ltr'><strong>ipsa,</strong></span> <span class='ocrx_word' id='word_1_43' title='bbox 1530 528 1669 575; x_wconf 89' lang='lat' dir='ltr'><strong>terra</strong></span> <span class='ocrx_word' id='word_1_44' title='bbox 1693 555 1711 586; x_wconf 90' lang='lat'><strong>,</strong></span> <span class='ocrx_word' id='word_1_45' title='bbox 1764 530 1824 576; x_wconf 95' lang='grc' dir='ltr'><strong>ιιι</strong></span> <span class='ocrx_word' id='word_1_46' title='bbox 1862 522 2163 591; x_wconf 86' lang='lat' dir='ltr'><strong>plumbum.</strong></span> 
     </span>
    </p>
   </div>
   <div class='ocr_carea' id='block_1_7' title="bbox 591 589 1545 654">
    <p class='ocr_par' dir='ltr' id='par_1_7' title="bbox 591 589 1545 654">
     <span class='ocr_line' id='line_1_7' title="bbox 591 589 1545 654; baseline -0.003 -4"><span class='ocrx_word' id='word_1_47' title='bbox 591 592 721 651; x_wconf 64' lang='lat' dir='ltr'><strong>Haec</strong></span> <span class='ocrx_word' id='word_1_48' title='bbox 750 594 938 647; x_wconf 83' lang='lat' dir='ltr'><strong>Averr.</strong></span> <span class='ocrx_word' id='word_1_49' title='bbox 973 592 1024 645; x_wconf 91' lang='lat' dir='ltr'><strong>in</strong></span> <span class='ocrx_word' id='word_1_50' title='bbox 1055 607 1111 645; x_wconf 86' lang='grc' dir='ltr'>ιιι</span> <span class='ocrx_word' id='word_1_51' title='bbox 1140 589 1297 654; x_wconf 72' lang='lat' dir='ltr'><strong>lei,</strong></span> <span class='ocrx_word' id='word_1_52' title='bbox 1324 605 1467 646; x_wconf 90' lang='lat' dir='ltr'><strong>com.</strong></span> <span class='ocrx_word' id='word_1_53' title='bbox 1490 590 1545 647; x_wconf 88' lang='lat'><strong>9.</strong></span> 
     </span>
    </p>
   </div>
   <div class='ocr_carea' id='block_1_8' title="bbox 662 660 2163 739">
    <p class='ocr_par' dir='ltr' id='par_1_8' title="bbox 662 660 2163 739">
     <span class='ocr_line' id='line_1_8' title="bbox 662 660 2163 739; baseline 0.003 -20"><span class='ocrx_word' id='word_1_54' title='bbox 662 662 1017 719; x_wconf 84' lang='lat' dir='ltr'><strong>Generationis</strong></span> <span class='ocrx_word' id='word_1_55' title='bbox 1059 678 1158 716; x_wconf 88' lang='lat' dir='ltr'><strong>non</strong></span> <span class='ocrx_word' id='word_1_56' title='bbox 1197 671 1271 717; x_wconf 89' lang='lat' dir='ltr'><strong>est</strong></span> <span class='ocrx_word' id='word_1_57' title='bbox 1291 662 1565 739; x_wconf 33' lang='lat' dir='ltr'><strong>.generatio</strong></span> <span class='ocrx_word' id='word_1_58' title='bbox 1596 662 1659 732; x_wconf 89' lang='grc' dir='ltr'>(ιι</span> <span class='ocrx_word' id='word_1_59' title='bbox 1686 660 1750 719; x_wconf 82' lang='lat' dir='ltr'><strong>de</strong></span> <span class='ocrx_word' id='word_1_60' title='bbox 1774 660 2163 739; x_wconf 83' lang='lat' dir='ltr'><strong>Generatione).</strong></span> 
     </span>
    </p>
   </div>
   <div class='ocr_carea' id='block_1_9' title="bbox 589 732 2168 814">
    <p class='ocr_par' dir='ltr' id='par_1_9' title="bbox 589 732 2168 814">
     <span class='ocr_line' id='line_1_9' title="bbox 589 732 2168 814; baseline 0.001 -22"><span class='ocrx_word' id='word_1_61' title='bbox 589 736 783 793; x_wconf 85' lang='lat' dir='ltr'><strong>Forma</strong></span> <span class='ocrx_word' id='word_1_62' title='bbox 812 746 953 788; x_wconf 88' lang='lat' dir='ltr'><strong>entrn</strong></span> <span class='ocrx_word' id='word_1_63' title='bbox 982 741 1040 814; x_wconf 75' lang='lat' dir='ltr'><strong>et</strong></span> <span class='ocrx_word' id='word_1_64' title='bbox 1066 732 1421 814; x_wconf 79' lang='lat' dir='ltr'><strong>compositum</strong></span> <span class='ocrx_word' id='word_1_65' title='bbox 1460 742 1788 803; x_wconf 71' lang='lat' dir='ltr'><strong>generantur</strong></span> <span class='ocrx_word' id='word_1_66' title='bbox 1814 750 1910 805; x_wconf 90' lang='lat' dir='ltr'><strong>per</strong></span> <span class='ocrx_word' id='word_1_67' title='bbox 1935 732 2168 808; x_wconf 77' lang='lat' dir='ltr'><strong>genera-</strong></span> 
     </span>
    </p>
   </div>
   <div class='ocr_carea' id='block_1_10' title="bbox 588 806 1416 873">
    <p class='ocr_par' dir='ltr' id='par_1_10' title="bbox 588 806 1416 873">
     <span class='ocr_line' id='line_1_10' title="bbox 588 806 1416 873; baseline -0.007 -8"><span class='ocrx_word' id='word_1_68' title='bbox 588 822 813 871; x_wconf 76' lang='lat' dir='ltr'><strong>nonem,</strong></span> <span class='ocrx_word' id='word_1_69' title='bbox 846 820 949 859; x_wconf 91' lang='lat' dir='ltr'><strong>non</strong></span> <span class='ocrx_word' id='word_1_70' title='bbox 981 806 1094 872; x_wconf 90' lang='lat' dir='ltr'><strong>ipsa</strong></span> <span class='ocrx_word' id='word_1_71' title='bbox 1125 806 1416 873; x_wconf 72' lang='lat' dir='ltr'><strong>generatio.</strong></span> 
     </span>
    </p>
   </div>
   <div class='ocr_carea' id='block_1_11' title="bbox 663 875 2164 943">
    <p class='ocr_par' dir='ltr' id='par_1_11' title="bbox 663 875 2164 943">
     <span class='ocr_line' id='line_1_11' title="bbox 663 875 2164 943; baseline 0.001 -9"><span class='ocrx_word' id='word_1_72' title='bbox 663 879 930 934; x_wconf 77' lang='lat' dir='ltr'><strong>Gaudeant</strong></span> <span class='ocrx_word' id='word_1_73' title='bbox 966 876 1305 939; x_wconf 84' lang='lat' dir='ltr'><strong>universalia,</strong></span> <span class='ocrx_word' id='word_1_74' title='bbox 1353 890 1465 940; x_wconf 62' lang='lat' dir='ltr'><strong>qui;</strong></span> <span class='ocrx_word' id='word_1_75' title='bbox 1501 875 1545 929; x_wconf 87' lang='lat' dir='ltr'><strong>si</strong></span> <span class='ocrx_word' id='word_1_76' title='bbox 1582 884 1733 943; x_wconf 83' lang='lat' dir='ltr'><strong>sunt,</strong></span> <span class='ocrx_word' id='word_1_77' title='bbox 1781 888 2010 933; x_wconf 83' lang='lat' dir='ltr'><strong>monstra</strong></span> <span class='ocrx_word' id='word_1_78' title='bbox 2047 890 2164 935; x_wconf 84' lang='lat' dir='ltr'><strong>sunt</strong></span> 
     </span>
    </p>
   </div>
   <div class='ocr_carea' id='block_1_12' title="bbox 591 946 2163 1021">
    <p class='ocr_par' dir='ltr' id='par_1_12' title="bbox 591 946 2163 1021">
     <span class='ocr_line' id='line_1_12' title="bbox 591 946 2163 1021; baseline 0.001 -17"><span class='ocrx_word' id='word_1_79' title='bbox 591 948 800 1021; x_wconf 55' lang='lat' dir='ltr'><strong>(Ibid).</strong></span> <span class='ocrx_word' id='word_1_80' title='bbox 845 946 1213 1021; x_wconf 82' lang='lat' dir='ltr'><strong>Respondetur</strong></span> <span class='ocrx_word' id='word_1_81' title='bbox 1242 947 1384 1015; x_wconf 91' lang='lat' dir='ltr'><strong>quod</strong></span> <span class='ocrx_word' id='word_1_82' title='bbox 1415 946 1747 1021; x_wconf 74' lang='lat' dir='ltr'><strong>Porphyrius</strong></span> <span class='ocrx_word' id='word_1_83' title='bbox 1776 948 2015 1018; x_wconf 88' lang='lat' dir='ltr'><strong>loquitur</strong></span> <span class='ocrx_word' id='word_1_84' title='bbox 2043 952 2163 1005; x_wconf 89' lang='lat' dir='ltr'><strong>iro-</strong></span> 
     </span>
    </p>
   </div>
   <div class='ocr_carea' id='block_1_13' title="bbox 591 1016 2163 1091">
    <p class='ocr_par' dir='ltr' id='par_1_13' title="bbox 591 1016 2163 1091">
     <span class='ocr_line' id='line_1_13' title="bbox 591 1016 2163 1091; baseline 0.001 -15"><span class='ocrx_word' id='word_1_85' title='bbox 591 1016 712 1076; x_wconf 83' lang='lat' dir='ltr'><strong>nice</strong></span> <span class='ocrx_word' id='word_1_86' title='bbox 758 1016 813 1073; x_wconf 82' lang='lat' dir='ltr'><strong>et</strong></span> <span class='ocrx_word' id='word_1_87' title='bbox 844 1017 1243 1091; x_wconf 72' lang='lat' dir='ltr'><strong>subsannative</strong></span> <span class='ocrx_word' id='word_1_88' title='bbox 1280 1025 1466 1091; x_wconf 73' lang='lat' dir='ltr'><strong>contra</strong></span> <span class='ocrx_word' id='word_1_89' title='bbox 1498 1016 1773 1073; x_wconf 83' lang='lat' dir='ltr'><strong>Platonem</strong></span> <span class='ocrx_word' id='word_1_90' title='bbox 1798 1059 1823 1091; x_wconf 16' lang='grc' dir='ltr'><strong>,ί</strong></span> <span class='ocrx_word' id='word_1_91' title='bbox 1848 1016 1959 1088; x_wconf 74' lang='grc' dir='ltr'>ἰιιιί</span> <span class='ocrx_word' id='word_1_92' title='bbox 2012 1022 2163 1091; x_wconf 90' lang='lat' dir='ltr'><strong>ponit</strong></span> 
     </span>
    </p>
   </div>
   <div class='ocr_carea' id='block_1_14' title="bbox 587 1087 2166 1159">
    <p class='ocr_par' dir='ltr' id='par_1_14' title="bbox 587 1087 2166 1159">
     <span class='ocr_line' id='line_1_14' title="bbox 587 1087 2166 1159; baseline 0.002 -14"><span class='ocrx_word' id='word_1_93' title='bbox 587 1088 962 1145; x_wconf 88' lang='lat' dir='ltr'><strong>universaliter</strong></span> <span class='ocrx_word' id='word_1_94' title='bbox 1016 1088 1222 1153; x_wconf 86' lang='lat' dir='ltr'><strong>realia,</strong></span> <span class='ocrx_word' id='word_1_95' title='bbox 1276 1087 1524 1159; x_wconf 85' lang='lat' dir='ltr'><strong>distincta</strong></span> <span class='ocrx_word' id='word_1_96' title='bbox 1572 1103 1602 1141; x_wconf 88' lang='lat' dir='ltr'><strong>a</strong></span> <span class='ocrx_word' id='word_1_97' title='bbox 1653 1087 2055 1159; x_wconf 73' lang='lat' dir='ltr'><strong>singularibus,</strong></span> <span class='ocrx_word' id='word_1_98' title='bbox 2108 1104 2166 1149; x_wconf 92' lang='lat' dir='ltr'><strong>ut</strong></span> 
     </span>
    </p>
   </div>
   <div class='ocr_carea' id='block_1_15' title="bbox 584 1157 2163 1234">
    <p class='ocr_par' dir='ltr' id='par_1_15' title="bbox 584 1157 2163 1234">
     <span class='ocr_line' id='line_1_15' title="bbox 584 1157 2163 1234; baseline -0.006 -18"><span class='ocrx_word' id='word_1_99' title='bbox 584 1176 782 1234; x_wconf 80' lang='lat' dir='ltr'><strong>equum</strong></span> <span class='ocrx_word' id='word_1_100' title='bbox 812 1174 1175 1234; x_wconf 76' lang='lat' dir='ltr'><strong>communem,</strong></span> <span class='ocrx_word' id='word_1_101' title='bbox 1209 1168 1260 1213; x_wconf 92' lang='lat' dir='ltr'><strong>et</strong></span> <span class='ocrx_word' id='word_1_102' title='bbox 1290 1157 1562 1213; x_wconf 84' lang='lat' dir='ltr'><strong>hominem</strong></span> <span class='ocrx_word' id='word_1_103' title='bbox 1592 1172 1956 1229; x_wconf 86' lang='lat' dir='ltr'><strong>communem,</strong></span> <span class='ocrx_word' id='word_1_104' title='bbox 1987 1177 2019 1217; x_wconf 85' lang='lat' dir='ltr'><strong>a</strong></span> <span class='ocrx_word' id='word_1_105' title='bbox 2041 1157 2163 1234; x_wconf 80' lang='lat' dir='ltr'><strong>qui.</strong></span> 
     </span>
    </p>
   </div>
   <div class='ocr_carea' id='block_1_16' title="bbox 585 1229 1453 1299">
    <p class='ocr_par' dir='ltr' id='par_1_16' title="bbox 585 1229 1453 1299">
     <span class='ocr_line' id='line_1_16' title="bbox 585 1229 1453 1299; baseline -0.008 -9"><span class='ocrx_word' id='word_1_106' title='bbox 585 1229 685 1289; x_wconf 82' lang='lat' dir='ltr'><strong>bus</strong></span> <span class='ocrx_word' id='word_1_107' title='bbox 712 1230 997 1299; x_wconf 75' lang='lat' dir='ltr'><strong>singularia</strong></span> <span class='ocrx_word' id='word_1_108' title='bbox 1026 1229 1284 1283; x_wconf 88' lang='lat' dir='ltr'><strong>haberent</strong></span> <span class='ocrx_word' id='word_1_109' title='bbox 1311 1243 1453 1283; x_wconf 90' lang='lat' dir='ltr'><strong>esse.</strong></span> 
     </span>
    </p>
   </div>
   <div class='ocr_carea' id='block_1_17' title="bbox 655 1300 2157 1375">
    <p class='ocr_par' dir='ltr' id='par_1_17' title="bbox 655 1300 2157 1375">
     <span class='ocr_line' id='line_1_17' title="bbox 655 1300 2157 1375; baseline 0.002 -18"><span class='ocrx_word' id='word_1_110' title='bbox 655 1302 928 1375; x_wconf 79' lang='lat' dir='ltr'><strong>Generatio</strong></span> <span class='ocrx_word' id='word_1_111' title='bbox 948 1308 995 1354; x_wconf 89' lang='lat' dir='ltr'><strong>et</strong></span> <span class='ocrx_word' id='word_1_112' title='bbox 1009 1302 1268 1375; x_wconf 74' lang='lat' dir='ltr'><strong>corruptio</strong></span> <span class='ocrx_word' id='word_1_113' title='bbox 1289 1308 1408 1353; x_wconf 86' lang='lat' dir='ltr'><strong>sunt</strong></span> <span class='ocrx_word' id='word_1_114' title='bbox 1428 1307 1603 1375; x_wconf 71' lang='lat' dir='ltr'><strong>motus</strong></span> <span class='ocrx_word' id='word_1_115' title='bbox 1613 1301 1858 1375; x_wconf 73' lang='lat' dir='ltr'><strong>contrarii</strong></span> <span class='ocrx_word' id='word_1_116' title='bbox 1873 1300 2157 1375; x_wconf 9' lang='lat' dir='ltr'><strong>(vrPItys.).</strong></span> 
     </span>
    </p>
   </div>
   <div class='ocr_carea' id='block_1_18' title="bbox 588 1370 2164 1442">
    <p class='ocr_par' dir='ltr' id='par_1_18' title="bbox 588 1370 2164 1442">
     <span class='ocr_line' id='line_1_18' title="bbox 588 1370 2164 1442; baseline 0.001 -11"><span class='ocrx_word' id='word_1_117' title='bbox 588 1370 761 1442; x_wconf 87' lang='lat' dir='ltr'><strong>Large</strong></span> <span class='ocrx_word' id='word_1_118' title='bbox 790 1372 1060 1441; x_wconf 89' lang='lat' dir='ltr'><strong>loquendo</strong></span> <span class='ocrx_word' id='word_1_119' title='bbox 1087 1370 1156 1425; x_wconf 91' lang='lat' dir='ltr'><strong>de</strong></span> <span class='ocrx_word' id='word_1_120' title='bbox 1185 1381 1332 1425; x_wconf 85' lang='lat' dir='ltr'><strong>mutu</strong></span> <span class='ocrx_word' id='word_1_121' title='bbox 1358 1413 1373 1437; x_wconf 95' lang='lat'><strong>,</strong></span> <span class='ocrx_word' id='word_1_122' title='bbox 1426 1380 1483 1425; x_wconf 91' lang='lat' dir='ltr'><strong>ut</strong></span> <span class='ocrx_word' id='word_1_123' title='bbox 1510 1371 1666 1442; x_wconf 80' lang='lat' dir='ltr'><strong>nihil</strong></span> <span class='ocrx_word' id='word_1_124' title='bbox 1709 1373 1853 1427; x_wconf 91' lang='lat' dir='ltr'><strong>aliud</strong></span> <span class='ocrx_word' id='word_1_125' title='bbox 1884 1370 2164 1439; x_wconf 77' lang='lat' dir='ltr'><strong>signiticet</strong></span> 
     </span>
    </p>
   </div>
   <div class='ocr_carea' id='block_1_19' title="bbox 580 1440 2161 1515">
    <p class='ocr_par' dir='ltr' id='par_1_19' title="bbox 580 1440 2161 1515">
     <span class='ocr_line' id='line_1_19' title="bbox 580 1440 2161 1515; baseline 0 -15"><span class='ocrx_word' id='word_1_126' title='bbox 580 1440 743 1515; x_wconf 84' lang='lat' dir='ltr'><strong>quam</strong></span> <span class='ocrx_word' id='word_1_127' title='bbox 773 1440 1123 1498; x_wconf 83' lang='lat' dir='ltr'><strong>mutationem</strong></span> <span class='ocrx_word' id='word_1_128' title='bbox 1153 1442 1438 1515; x_wconf 78' lang='lat' dir='ltr'><strong>quamdam</strong></span> <span class='ocrx_word' id='word_1_129' title='bbox 1470 1440 1767 1515; x_wconf 71' lang='lat' dir='ltr'><strong>physicam,</strong></span> <span class='ocrx_word' id='word_1_130' title='bbox 1787 1442 1907 1515; x_wconf 84' lang='lat' dir='ltr'><strong>sive</strong></span> <span class='ocrx_word' id='word_1_131' title='bbox 1951 1445 2161 1501; x_wconf 83' lang='lat' dir='ltr'><strong>instan-</strong></span> 
     </span>
    </p>
   </div>
   <div class='ocr_carea' id='block_1_20' title="bbox 584 1512 2163 1583">
    <p class='ocr_par' dir='ltr' id='par_1_20' title="bbox 584 1512 2163 1583">
     <span class='ocr_line' id='line_1_20' title="bbox 584 1512 2163 1583; baseline -0.001 -11"><span class='ocrx_word' id='word_1_132' title='bbox 584 1512 738 1571; x_wconf 76' lang='lat' dir='ltr'><strong>tanea</strong></span> <span class='ocrx_word' id='word_1_133' title='bbox 767 1515 857 1583; x_wconf 90' lang='lat' dir='ltr'><strong>sit,</strong></span> <span class='ocrx_word' id='word_1_134' title='bbox 890 1516 1002 1567; x_wconf 82' lang='lat' dir='ltr'><strong>sive</strong></span> <span class='ocrx_word' id='word_1_135' title='bbox 1031 1515 1359 1568; x_wconf 87' lang='lat' dir='ltr'><strong>successiva.</strong></span> <span class='ocrx_word' id='word_1_136' title='bbox 1394 1512 1489 1567; x_wconf 83' lang='lat' dir='ltr'><strong>Vel</strong></span> <span class='ocrx_word' id='word_1_137' title='bbox 1522 1512 1833 1581; x_wconf 88' lang='lat' dir='ltr'><strong>accipiendo</strong></span> <span class='ocrx_word' id='word_1_138' title='bbox 1859 1517 2163 1583; x_wconf 83' lang='lat' dir='ltr'><strong>generatio-</strong></span> 
     </span>
    </p>
   </div>
   <div class='ocr_carea' id='block_1_21' title="bbox 582 1529 2162 1654">
    <p class='ocr_par' dir='ltr' id='par_1_21' title="bbox 582 1529 2162 1654">
     <span class='ocr_line' id='line_1_21' title="bbox 584 1529 2162 1638; baseline 0 -67"><span class='ocrx_word' id='word_1_139' title='bbox 584 1529 738 1571; x_wconf 88' lang='lat' dir='ltr'><strong>tanea</strong></span> <span class='ocrx_word' id='word_1_140' title='bbox 767 1529 857 1583; x_wconf 89' lang='lat' dir='ltr'><strong>stt,</strong></span> <span class='ocrx_word' id='word_1_141' title='bbox 890 1529 1002 1567; x_wconf 82' lang='lat' dir='ltr'><strong>sive</strong></span> <span class='ocrx_word' id='word_1_142' title='bbox 1031 1529 1359 1568; x_wconf 85' lang='lat' dir='ltr'><strong>successtva.</strong></span> <span class='ocrx_word' id='word_1_143' title='bbox 1404 1529 1489 1567; x_wconf 80' lang='lat' dir='ltr'><strong>vet</strong></span> <span class='ocrx_word' id='word_1_144' title='bbox 1522 1529 1833 1581; x_wconf 77' lang='lat' dir='ltr'><strong>accipiendo</strong></span> <span class='ocrx_word' id='word_1_145' title='bbox 1855 1529 2162 1638; x_wconf 58' lang='lat' dir='ltr'><strong>generatio-</strong></span> 
     </span>
     <span class='ocr_line' id='line_1_22' title="bbox 582 1584 2162 1654; baseline 0.001 -13"><span class='ocrx_word' id='word_1_146' title='bbox 582 1602 705 1642; x_wconf 89' lang='lat' dir='ltr'><strong>nem</strong></span> <span class='ocrx_word' id='word_1_147' title='bbox 754 1594 809 1641; x_wconf 92' lang='lat' dir='ltr'><strong>et</strong></span> <span class='ocrx_word' id='word_1_148' title='bbox 856 1586 1257 1654; x_wconf 85' lang='lat' dir='ltr'><strong>corruptionem</strong></span> <span class='ocrx_word' id='word_1_149' title='bbox 1306 1599 1403 1653; x_wconf 90' lang='lat' dir='ltr'><strong>pro</strong></span> <span class='ocrx_word' id='word_1_150' title='bbox 1449 1594 1758 1654; x_wconf 87' lang='lat' dir='ltr'><strong>aggregato,</strong></span> <span class='ocrx_word' id='word_1_151' title='bbox 1801 1584 1850 1637; x_wconf 90' lang='lat' dir='ltr'><strong>vi</strong></span> <span class='ocrx_word' id='word_1_152' title='bbox 1893 1586 2052 1641; x_wconf 90' lang='lat' dir='ltr'><strong>elicet</strong></span> <span class='ocrx_word' id='word_1_153' title='bbox 2093 1601 2162 1643; x_wconf 81' lang='lat' dir='ltr'><strong>ex</strong></span> 
     </span>
    </p>
   </div>
   <div class='ocr_carea' id='block_1_22' title="bbox 583 1654 2161 1728">
    <p class='ocr_par' dir='ltr' id='par_1_22' title="bbox 583 1654 2161 1728">
     <span class='ocr_line' id='line_1_23' title="bbox 583 1654 2161 1728; baseline 0.002 -17"><span class='ocrx_word' id='word_1_154' title='bbox 583 1654 929 1728; x_wconf 71' lang='lat' dir='ltr'><strong>generatione</strong></span> <span class='ocrx_word' id='word_1_155' title='bbox 950 1666 1004 1711; x_wconf 93' lang='lat' dir='ltr'><strong>et</strong></span> <span class='ocrx_word' id='word_1_156' title='bbox 1027 1654 1221 1728; x_wconf 66' lang='lat' dir='ltr'><strong>praevia</strong></span> <span class='ocrx_word' id='word_1_157' title='bbox 1242 1655 1582 1728; x_wconf 76' lang='lat' dir='ltr'><strong>alteratione,</strong></span> <span class='ocrx_word' id='word_1_158' title='bbox 1598 1654 1682 1708; x_wconf 91' lang='lat' dir='ltr'><strong>vel</strong></span> <span class='ocrx_word' id='word_1_159' title='bbox 1702 1668 1797 1728; x_wconf 83' lang='lat' dir='ltr'><strong>pro</strong></span> <span class='ocrx_word' id='word_1_160' title='bbox 1817 1657 2161 1727; x_wconf 85' lang='lat' dir='ltr'><strong>corruptione</strong></span> 
     </span>
    </p>
   </div>
   <div class='ocr_carea' id='block_1_23' title="bbox 2267 447 3751 523">
    <p class='ocr_par' dir='ltr' id='par_1_23' title="bbox 2267 447 3751 523">
     <span class='ocr_line' id='line_1_24' title="bbox 2267 447 3751 523; baseline 0.011 -20"><span class='ocrx_word' id='word_1_161' title='bbox 2267 447 2410 523; x_wconf 78' lang='lat' dir='ltr'><strong>idem</strong></span> <span class='ocrx_word' id='word_1_162' title='bbox 2438 449 2540 523; x_wconf 83' lang='lat' dir='ltr'><strong>sub</strong></span> <span class='ocrx_word' id='word_1_163' title='bbox 2568 460 2794 523; x_wconf 89' lang='lat' dir='ltr'><strong>utroque</strong></span> <span class='ocrx_word' id='word_1_164' title='bbox 2825 453 3054 509; x_wconf 86' lang='lat' dir='ltr'><strong>termino</strong></span> <span class='ocrx_word' id='word_1_165' title='bbox 3073 447 3379 511; x_wconf 49' lang='lat' dir='ltr'><strong>&#39;mutstionis</strong></span> <span class='ocrx_word' id='word_1_166' title='bbox 3405 447 3605 515; x_wconf 48' lang='lat' dir='ltr'><strong>manere:</strong></span> <span class='ocrx_word' id='word_1_167' title='bbox 3643 447 3751 520; x_wconf 66' lang='grc' dir='ltr'><strong>διὶήί</strong></span> 
     </span>
    </p>
   </div>
   <div class='ocr_carea' id='block_1_24' title="bbox 2264 519 3753 594">
    <p class='ocr_par' dir='ltr' id='par_1_24' title="bbox 2264 519 3753 594">
     <span class='ocr_line' id='line_1_25' title="bbox 2264 519 3753 594; baseline 0.007 -17"><span class='ocrx_word' id='word_1_168' title='bbox 2264 519 2469 590; x_wconf 86' lang='lat' dir='ltr'><strong>jectum</strong></span> <span class='ocrx_word' id='word_1_169' title='bbox 2516 521 2674 591; x_wconf 91' lang='lat' dir='ltr'><strong>igitur</strong></span> <span class='ocrx_word' id='word_1_170' title='bbox 2711 519 3082 594; x_wconf 79' lang='lat' dir='ltr'><strong>generationis</strong></span> <span class='ocrx_word' id='word_1_171' title='bbox 3124 535 3179 580; x_wconf 91' lang='lat' dir='ltr'><strong>et</strong></span> <span class='ocrx_word' id='word_1_172' title='bbox 3218 531 3549 593; x_wconf 83' lang='lat' dir='ltr'><strong>corruptionis.</strong></span> <span class='ocrx_word' id='word_1_173' title='bbox 3577 548 3662 587; x_wconf 84' lang='lat' dir='ltr'><strong>non</strong></span> <span class='ocrx_word' id='word_1_174' title='bbox 3694 519 3753 591; x_wconf 78' lang='lat' dir='ltr'><strong>est</strong></span> 
     </span>
    </p>
   </div>
   <div class='ocr_carea' id='block_1_25' title="bbox 2266 594 3752 673">
    <p class='ocr_par' dir='ltr' id='par_1_25' title="bbox 2266 594 3752 673">
     <span class='ocr_line' id='line_1_26' title="bbox 2266 594 3752 673; baseline 0.011 -27"><span class='ocrx_word' id='word_1_175' title='bbox 2266 606 2362 673; x_wconf 79' lang='lat' dir='ltr'><strong>ens</strong></span> <span class='ocrx_word' id='word_1_176' title='bbox 2401 594 2453 649; x_wconf 94' lang='lat' dir='ltr'><strong>in</strong></span> <span class='ocrx_word' id='word_1_177' title='bbox 2493 601 2650 661; x_wconf 90' lang='lat' dir='ltr'><strong>actu,</strong></span> <span class='ocrx_word' id='word_1_178' title='bbox 2689 594 2785 650; x_wconf 87' lang='lat' dir='ltr'><strong>sed</strong></span> <span class='ocrx_word' id='word_1_179' title='bbox 2825 610 2922 652; x_wconf 90' lang='lat' dir='ltr'><strong>ens</strong></span> <span class='ocrx_word' id='word_1_180' title='bbox 2960 596 3017 650; x_wconf 91' lang='lat' dir='ltr'><strong>in</strong></span> <span class='ocrx_word' id='word_1_181' title='bbox 3056 598 3311 664; x_wconf 90' lang='lat' dir='ltr'><strong>potentia,</strong></span> <span class='ocrx_word' id='word_1_182' title='bbox 3343 598 3561 656; x_wconf 85' lang='lat' dir='ltr'><strong>videlicet</strong></span> <span class='ocrx_word' id='word_1_183' title='bbox 3585 610 3752 662; x_wconf 78' lang='lat' dir='ltr'><strong>materia</strong></span> 
     </span>
    </p>
   </div>
   <div class='ocr_carea' id='block_1_26' title="bbox 2306 679 2460 719">
    <p class='ocr_par' dir='ltr' id='par_1_26' title="bbox 2306 679 2460 719">
     <span class='ocr_line' id='line_1_27' title="bbox 2306 679 2460 719; baseline -0.006 -1"><span class='ocrx_word' id='word_1_184' title='bbox 2306 679 2460 719; x_wconf 85' lang='lat' dir='ltr'><strong>rima.</strong></span> 
     </span>
    </p>
   </div>
   <div class='ocr_carea' id='block_1_27' title="bbox 2266 676 3753 809">
    <p class='ocr_par' dir='ltr' id='par_1_27' title="bbox 2266 676 3753 809">
     <span class='ocr_line' id='line_1_28' title="bbox 2266 676 3753 809; baseline 0.009 -20"><span class='ocrx_word' id='word_1_185' title='bbox 2266 676 2596 809; x_wconf 46' lang='lat' dir='ltr'><strong>prati-era&quot;!</strong></span> <span class='ocrx_word' id='word_1_186' title='bbox 2637 752 2736 790; x_wconf 86' lang='lat' dir='ltr'><strong>non</strong></span> <span class='ocrx_word' id='word_1_187' title='bbox 2768 737 2890 808; x_wconf 69' lang='lat' dir='ltr'><strong>facit</strong></span> <span class='ocrx_word' id='word_1_188' title='bbox 2923 737 3143 805; x_wconf 76' lang='lat' dir='ltr'><strong>formam</strong></span> <span class='ocrx_word' id='word_1_189' title='bbox 3171 737 3265 808; x_wconf 85' lang='lat' dir='ltr'><strong>(vn</strong></span> <span class='ocrx_word' id='word_1_190' title='bbox 3297 737 3547 809; x_wconf 77' lang='lat' dir='ltr'><strong>Metaplt.).</strong></span> <span class='ocrx_word' id='word_1_191' title='bbox 3589 744 3753 802; x_wconf 71' lang='lat' dir='ltr'><strong>Scilicet</strong></span> 
     </span>
    </p>
   </div>
   <div class='ocr_carea' id='block_1_28' title="bbox 2267 806 3748 883">
    <p class='ocr_par' dir='ltr' id='par_1_28' title="bbox 2267 806 3748 883">
     <span class='ocr_line' id='line_1_29' title="bbox 2267 806 3748 883; baseline 0.007 -24"><span class='ocrx_word' id='word_1_192' title='bbox 2267 806 2504 883; x_wconf 74' lang='lat' dir='ltr'><strong>solitarie</strong></span> <span class='ocrx_word' id='word_1_193' title='bbox 2537 808 2619 883; x_wconf 77' lang='lat' dir='ltr'><strong>vel</strong></span> <span class='ocrx_word' id='word_1_194' title='bbox 2662 806 2911 883; x_wconf 86' lang='lat' dir='ltr'><strong>tanquam</strong></span> <span class='ocrx_word' id='word_1_195' title='bbox 2948 806 3233 883; x_wconf 74' lang='lat' dir='ltr'><strong>terminum</strong></span> <span class='ocrx_word' id='word_1_196' title='bbox 3264 806 3554 883; x_wconf 85' lang='lat' dir='ltr'><strong>completum</strong></span> <span class='ocrx_word' id='word_1_197' title='bbox 3580 832 3748 883; x_wconf 80' lang='lat' dir='ltr'><strong>genera-</strong></span> 
     </span>
    </p>
   </div>
   <div class='ocr_carea' id='block_1_29' title="bbox 2268 878 3752 955">
    <p class='ocr_par' dir='ltr' id='par_1_29' title="bbox 2268 878 3752 955">
     <span class='ocr_line' id='line_1_30' title="bbox 2268 878 3752 955; baseline 0.008 -25"><span class='ocrx_word' id='word_1_198' title='bbox 2268 878 2429 931; x_wconf 91' lang='lat' dir='ltr'><strong>tionis</strong></span> <span class='ocrx_word' id='word_1_199' title='bbox 2454 895 2466 930; x_wconf 90' lang='lat'>:</span> <span class='ocrx_word' id='word_1_200' title='bbox 2491 878 2621 955; x_wconf 86' lang='lat' dir='ltr'><strong>_talis</strong></span> <span class='ocrx_word' id='word_1_201' title='bbox 2650 881 2794 934; x_wconf 91' lang='lat' dir='ltr'><strong>enim</strong></span> <span class='ocrx_word' id='word_1_202' title='bbox 2841 879 3104 936; x_wconf 84' lang='lat' dir='ltr'><strong>terminus</strong></span> <span class='ocrx_word' id='word_1_203' title='bbox 3148 882 3483 951; x_wconf 73' lang='lat' dir='ltr'><strong>generationis</strong></span> <span class='ocrx_word' id='word_1_204' title='bbox 3522 878 3601 938; x_wconf 66' lang='lat' dir='ltr'><strong>est</strong></span> <span class='ocrx_word' id='word_1_205' title='bbox 3625 890 3752 955; x_wconf 86' lang='lat' dir='ltr'><strong>ipsum</strong></span> 
     </span>
    </p>
   </div>
   <div class='ocr_carea' id='block_1_30' title="bbox 2265 948 2644 1016">
    <p class='ocr_par' dir='ltr' id='par_1_30' title="bbox 2265 948 2644 1016">
     <span class='ocr_line' id='line_1_31' title="bbox 2265 948 2644 1016; baseline 0.011 -15"><span class='ocrx_word' id='word_1_206' title='bbox 2265 948 2644 1016; x_wconf 90' lang='lat' dir='ltr'><strong>compositum.</strong></span> 
     </span>
    </p>
   </div>
   <div class='ocr_carea' id='block_1_31' title="bbox 2338 1016 3750 1097">
    <p class='ocr_par' dir='ltr' id='par_1_31' title="bbox 2338 1016 3750 1097">
     <span class='ocr_line' id='line_1_32' title="bbox 2338 1016 3750 1097; baseline 0.008 -25"><span class='ocrx_word' id='word_1_207' title='bbox 2338 1016 2702 1097; x_wconf 69' lang='lat' dir='ltr'><strong>Generatioest</strong></span> <span class='ocrx_word' id='word_1_208' title='bbox 2724 1020 2996 1097; x_wconf 75' lang='lat' dir='ltr'><strong>productio</strong></span> <span class='ocrx_word' id='word_1_209' title='bbox 3015 1038 3046 1097; x_wconf 83' lang='lat' dir='ltr'><strong>a</strong></span> <span class='ocrx_word' id='word_1_210' title='bbox 3065 1037 3169 1077; x_wconf 89' lang='lat' dir='ltr'><strong>non</strong></span> <span class='ocrx_word' id='word_1_211' title='bbox 3190 1038 3294 1097; x_wconf 76' lang='lat' dir='ltr'><strong>esse</strong></span> <span class='ocrx_word' id='word_1_212' title='bbox 3313 1023 3383 1097; x_wconf 78' lang='lat' dir='ltr'><strong>ad</strong></span> <span class='ocrx_word' id='word_1_213' title='bbox 3397 1039 3492 1079; x_wconf 89' lang='lat' dir='ltr'><strong>esse</strong></span> <span class='ocrx_word' id='word_1_214' title='bbox 3508 1026 3571 1095; x_wconf 84' lang='lat' dir='ltr'><strong>(tv</strong></span> <span class='ocrx_word' id='word_1_215' title='bbox 3588 1023 3750 1097; x_wconf 79' lang='lat' dir='ltr'><strong>Phyt.).</strong></span> 
     </span>
    </p>
   </div>
   <div class='ocr_carea' id='block_1_32' title="bbox 2267 1086 3752 1162">
    <p class='ocr_par' dir='ltr' id='par_1_32' title="bbox 2267 1086 3752 1162">
     <span class='ocr_line' id='line_1_33' title="bbox 2267 1086 3752 1162; baseline 0.006 -17"><span class='ocrx_word' id='word_1_216' title='bbox 2267 1086 2425 1162; x_wconf 74' lang='lat' dir='ltr'><strong>Juxta</strong></span> <span class='ocrx_word' id='word_1_217' title='bbox 2452 1090 2579 1145; x_wconf 93' lang='lat' dir='ltr'><strong>illud</strong></span> <span class='ocrx_word' id='word_1_218' title='bbox 2602 1086 2857 1146; x_wconf 81' lang='lat' dir='ltr'><strong>Averrois</strong></span> <span class='ocrx_word' id='word_1_219' title='bbox 2880 1109 2894 1145; x_wconf 89' lang='lat'><strong>:</strong></span> <span class='ocrx_word' id='word_1_220' title='bbox 2919 1093 3075 1148; x_wconf 73' lang='lat' dir='ltr'><strong>Actio</strong></span> <span class='ocrx_word' id='word_1_221' title='bbox 3103 1108 3206 1148; x_wconf 94' lang='lat' dir='ltr'><strong>non</strong></span> <span class='ocrx_word' id='word_1_222' title='bbox 3228 1094 3316 1147; x_wconf 90' lang='lat' dir='ltr'><strong>dat</strong></span> <span class='ocrx_word' id='word_1_223' title='bbox 3338 1086 3752 1162; x_wconf 50' lang='lat' dir='ltr'><strong>plurali‘tatemIsed</strong></span> 
     </span>
    </p>
   </div>
   <div class='ocr_carea' id='block_1_33' title="bbox 2268 1158 3754 1234">
    <p class='ocr_par' dir='ltr' id='par_1_33' title="bbox 2268 1158 3754 1234">
     <span class='ocr_line' id='line_1_34' title="bbox 2268 1158 3754 1234; baseline 0.005 -19"><span class='ocrx_word' id='word_1_224' title='bbox 2268 1158 2671 1234; x_wconf 82' lang='lat' dir='ltr'><strong>perfectionem,</strong></span> <span class='ocrx_word' id='word_1_225' title='bbox 2695 1163 2746 1217; x_wconf 87' lang='lat' dir='ltr'><strong>id</strong></span> <span class='ocrx_word' id='word_1_226' title='bbox 2769 1171 2870 1225; x_wconf 83' lang='lat' dir='ltr'><strong>est,</strong></span> <span class='ocrx_word' id='word_1_227' title='bbox 2892 1164 3033 1234; x_wconf 82' lang='lat' dir='ltr'><strong>actio</strong></span> <span class='ocrx_word' id='word_1_228' title='bbox 3059 1163 3185 1219; x_wconf 80' lang='lat' dir='ltr'><strong>facit</strong></span> <span class='ocrx_word' id='word_1_229' title='bbox 3210 1174 3266 1218; x_wconf 91' lang='lat' dir='ltr'><strong>ut</strong></span> <span class='ocrx_word' id='word_1_230' title='bbox 3288 1158 3353 1217; x_wconf 45' lang='lat' dir='ltr'><strong>ea&#39;</strong></span> <span class='ocrx_word' id='word_1_231' title='bbox 3368 1180 3475 1234; x_wconf 71' lang='lat' dir='ltr'><strong>quae</strong></span> <span class='ocrx_word' id='word_1_232' title='bbox 3499 1167 3620 1232; x_wconf 87' lang='lat' dir='ltr'><strong>prius</strong></span> <span class='ocrx_word' id='word_1_233' title='bbox 3641 1158 3754 1223; x_wconf 83' lang='lat' dir='ltr'><strong>erant</strong></span> 
     </span>
    </p>
   </div>
   <div class='ocr_carea' id='block_1_34' title="bbox 2269 1232 3751 1306">
    <p class='ocr_par' dir='ltr' id='par_1_34' title="bbox 2269 1232 3751 1306">
     <span class='ocr_line' id='line_1_35' title="bbox 2269 1232 3751 1306; baseline 0.005 -21"><span class='ocrx_word' id='word_1_234' title='bbox 2269 1232 2323 1306; x_wconf 84' lang='lat' dir='ltr'><strong>in</strong></span> <span class='ocrx_word' id='word_1_235' title='bbox 2356 1233 2610 1306; x_wconf 85' lang='lat' dir='ltr'><strong>potentia,</strong></span> <span class='ocrx_word' id='word_1_236' title='bbox 2647 1232 2968 1306; x_wconf 15' lang='lat' dir='ltr'><strong>posteaisint</strong></span> <span class='ocrx_word' id='word_1_237' title='bbox 2997 1236 3048 1289; x_wconf 90' lang='lat' dir='ltr'><strong>in</strong></span> <span class='ocrx_word' id='word_1_238' title='bbox 3078 1243 3223 1306; x_wconf 89' lang='lat' dir='ltr'><strong>actu,</strong></span> <span class='ocrx_word' id='word_1_239' title='bbox 3256 1251 3356 1289; x_wconf 93' lang='lat' dir='ltr'><strong>non</strong></span> <span class='ocrx_word' id='word_1_240' title='bbox 3381 1232 3538 1291; x_wconf 79' lang='lat' dir='ltr'><strong>autem</strong></span> <span class='ocrx_word' id='word_1_241' title='bbox 3573 1246 3620 1291; x_wconf 91' lang='lat' dir='ltr'><strong>ut</strong></span> <span class='ocrx_word' id='word_1_242' title='bbox 3641 1240 3751 1306; x_wconf 88' lang='lat' dir='ltr'><strong>plura</strong></span> 
     </span>
    </p>
   </div>
   <div class='ocr_carea' id='block_1_35' title="bbox 2267 1301 3754 1375">
    <p class='ocr_par' dir='ltr' id='par_1_35' title="bbox 2267 1301 3754 1375">
     <span class='ocr_line' id='line_1_36' title="bbox 2267 1301 3754 1375; baseline 0.007 -20"><span class='ocrx_word' id='word_1_243' title='bbox 2267 1302 2378 1355; x_wconf 88' lang='lat' dir='ltr'><strong>sint</strong></span> <span class='ocrx_word' id='word_1_244' title='bbox 2405 1301 2459 1355; x_wconf 88' lang='lat' dir='ltr'><strong>in</strong></span> <span class='ocrx_word' id='word_1_245' title='bbox 2488 1313 2607 1359; x_wconf 91' lang='lat' dir='ltr'><strong>actu</strong></span> <span class='ocrx_word' id='word_1_246' title='bbox 2637 1318 2798 1373; x_wconf 84' lang='lat' dir='ltr'><strong>quant</strong></span> <span class='ocrx_word' id='word_1_247' title='bbox 2833 1305 3046 1375; x_wconf 87' lang='lat' dir='ltr'><strong>luerunt</strong></span> <span class='ocrx_word' id='word_1_248' title='bbox 3074 1305 3128 1361; x_wconf 90' lang='lat' dir='ltr'><strong>in</strong></span> <span class='ocrx_word' id='word_1_249' title='bbox 3163 1309 3417 1374; x_wconf 90' lang='lat' dir='ltr'><strong>potentia;</strong></span> <span class='ocrx_word' id='word_1_250' title='bbox 3453 1307 3581 1375; x_wconf 89' lang='lat' dir='ltr'><strong>plura</strong></span> <span class='ocrx_word' id='word_1_251' title='bbox 3607 1301 3754 1365; x_wconf 79' lang='lat' dir='ltr'><strong>inesse</strong></span> 
     </span>
    </p>
   </div>
   <div class='ocr_carea' id='block_1_36' title="bbox 2266 1374 3757 1494">
    <p class='ocr_par' dir='ltr' id='par_1_36' title="bbox 2266 1374 3757 1494">
     <span class='ocr_line' id='line_1_37' title="bbox 2266 1374 3757 1494; baseline 0.005 -68"><span class='ocrx_word' id='word_1_252' title='bbox 2266 1375 2558 1494; x_wconf 40' lang='lat' dir='ltr'><strong>f&#39;orlnpleto,</strong></span> <span class='ocrx_word' id='word_1_253' title='bbox 2608 1390 2768 1445; x_wconf 90' lang='lat' dir='ltr'><strong>quam</strong></span> <span class='ocrx_word' id='word_1_254' title='bbox 2798 1375 2946 1432; x_wconf 85' lang='lat' dir='ltr'><strong>luere</strong></span> <span class='ocrx_word' id='word_1_255' title='bbox 2972 1374 3023 1431; x_wconf 89' lang='lat' dir='ltr'><strong>in</strong></span> <span class='ocrx_word' id='word_1_256' title='bbox 3049 1390 3169 1432; x_wconf 86' lang='lat' dir='ltr'><strong>esse</strong></span> <span class='ocrx_word' id='word_1_257' title='bbox 3193 1374 3496 1447; x_wconf 81' lang='lat' dir='ltr'><strong>incomplete</strong></span> <span class='ocrx_word' id='word_1_258' title='bbox 3519 1394 3597 1435; x_wconf 89' lang='lat' dir='ltr'><strong>seu</strong></span> <span class='ocrx_word' id='word_1_259' title='bbox 3620 1392 3757 1448; x_wconf 78' lang='lat' dir='ltr'><strong>paten-</strong></span> 
     </span>
     <span class='ocr_line' id='line_1_38' title="bbox 2292 1458 2400 1494; baseline 0 0"><span class='ocrx_word' id='word_1_260' title='bbox 2292 1458 2338 1494; x_wconf 71' lang='lat' dir='ltr'><strong>Ia</strong></span> <span class='ocrx_word' id='word_1_261' title='bbox 2362 1459 2400 1494; x_wconf 89' lang='grc' dir='ltr'><strong>Ι.</strong></span> 
     </span>
    </p>
   </div>
   <div class='ocr_carea' id='block_1_37' title="bbox 2338 1512 3755 1588">
    <p class='ocr_par' dir='ltr' id='par_1_37' title="bbox 2338 1512 3755 1588">
     <span class='ocr_line' id='line_1_39' title="bbox 2338 1512 3755 1588; baseline 0.006 -21"><span class='ocrx_word' id='word_1_262' title='bbox 2338 1512 2609 1588; x_wconf 63' lang='lat' dir='ltr'><strong>Generario</strong></span> <span class='ocrx_word' id='word_1_263' title='bbox 2638 1516 2695 1580; x_wconf 83' lang='lat' dir='ltr'><strong>fit</strong></span> <span class='ocrx_word' id='word_1_264' title='bbox 2726 1526 2931 1588; x_wconf 81' lang='lat' dir='ltr'><strong>propter</strong></span> <span class='ocrx_word' id='word_1_265' title='bbox 2958 1520 3203 1586; x_wconf 78' lang='lat' dir='ltr'><strong>formam,</strong></span> <span class='ocrx_word' id='word_1_266' title='bbox 3235 1527 3280 1572; x_wconf 91' lang='lat' dir='ltr'><strong>et</strong></span> <span class='ocrx_word' id='word_1_267' title='bbox 3310 1535 3403 1573; x_wconf 89' lang='lat' dir='ltr'><strong>non</strong></span> <span class='ocrx_word' id='word_1_268' title='bbox 3432 1529 3611 1588; x_wconf 85' lang='lat' dir='ltr'><strong>prapter</strong></span> <span class='ocrx_word' id='word_1_269' title='bbox 3633 1530 3755 1575; x_wconf 80' lang='lat' dir='ltr'><strong>mate-</strong></span> 
     </span>
    </p>
   </div>
   <div class='ocr_carea' id='block_1_38' title="bbox 2265 1584 3757 1659">
    <p class='ocr_par' dir='ltr' id='par_1_38' title="bbox 2265 1584 3757 1659">
     <span class='ocr_line' id='line_1_40' title="bbox 2265 1584 3757 1659; baseline 0.005 -23"><span class='ocrx_word' id='word_1_270' title='bbox 2265 1584 2398 1637; x_wconf 88' lang='lat' dir='ltr'><strong>riam</strong></span> <span class='ocrx_word' id='word_1_271' title='bbox 2434 1586 2496 1656; x_wconf 89' lang='grc' dir='ltr'>(ιι</span> <span class='ocrx_word' id='word_1_272' title='bbox 2531 1584 2746 1658; x_wconf 72' lang='lat' dir='ltr'><strong>Phys.).</strong></span> <span class='ocrx_word' id='word_1_273' title='bbox 2802 1584 2868 1643; x_wconf 81' lang='lat' dir='ltr'><strong>Et</strong></span> <span class='ocrx_word' id='word_1_274' title='bbox 2905 1584 3159 1659; x_wconf 85' lang='lat' dir='ltr'><strong>ratioest</strong></span> <span class='ocrx_word' id='word_1_275' title='bbox 3194 1589 3313 1659; x_wconf 87' lang='lat' dir='ltr'><strong>quia</strong></span> <span class='ocrx_word' id='word_1_276' title='bbox 3350 1584 3605 1645; x_wconf 39' lang='lat' dir='ltr'><strong>lorma‘est</strong></span> <span class='ocrx_word' id='word_1_277' title='bbox 3634 1592 3757 1659; x_wconf 80' lang='lat' dir='ltr'><strong>magis</strong></span> 
     </span>
    </p>
   </div>
   <div class='ocr_carea' id='block_1_39' title="bbox 2268 1658 3756 1731">
    <p class='ocr_par' dir='ltr' id='par_1_39' title="bbox 2268 1658 3756 1731">
     <span class='ocr_line' id='line_1_41' title="bbox 2268 1658 3756 1731; baseline 0.003 -22"><span class='ocrx_word' id='word_1_278' title='bbox 2268 1665 2459 1731; x_wconf 81' lang='lat' dir='ltr'><strong>natura</strong></span> <span class='ocrx_word' id='word_1_279' title='bbox 2511 1673 2669 1728; x_wconf 92' lang='lat' dir='ltr'><strong>quam</strong></span> <span class='ocrx_word' id='word_1_280' title='bbox 2723 1660 2990 1725; x_wconf 86' lang='lat' dir='ltr'><strong>materia,</strong></span> <span class='ocrx_word' id='word_1_281' title='bbox 3052 1658 3107 1714; x_wconf 90' lang='lat' dir='ltr'><strong>id</strong></span> <span class='ocrx_word' id='word_1_282' title='bbox 3159 1658 3245 1716; x_wconf 79' lang='lat' dir='ltr'><strong>est</strong></span> <span class='ocrx_word' id='word_1_283' title='bbox 3274 1700 3290 1727; x_wconf 92' lang='lat'><strong>,</strong></span> <span class='ocrx_word' id='word_1_284' title='bbox 3350 1661 3603 1730; x_wconf 80' lang='lat' dir='ltr'><strong>perfectior</strong></span> <span class='ocrx_word' id='word_1_285' title='bbox 3640 1658 3756 1731; x_wconf 78' lang='lat' dir='ltr'><strong>quam</strong></span> 
     </span>
    </p>
   </div>
   <div class='ocr_carea' id='block_1_40' title="bbox 580 1725 2514 1801">
    <p class='ocr_par' dir='ltr' id='par_1_40' title="bbox 580 1725 2514 1801">
     <span class='ocr_line' id='line_1_42' title="bbox 580 1725 2514 1801; baseline -0.002 -17"><span class='ocrx_word' id='word_1_286' title='bbox 580 1725 635 1784; x_wconf 73' lang='lat' dir='ltr'><strong>et</strong></span> <span class='ocrx_word' id='word_1_287' title='bbox 665 1729 862 1801; x_wconf 51' lang='lat' dir='ltr'><strong>praevia</strong></span> <span class='ocrx_word' id='word_1_288' title='bbox 892 1726 1227 1801; x_wconf 53' lang='lat' dir='ltr'><strong>alteratione,</strong></span> <span class='ocrx_word' id='word_1_289' title='bbox 1262 1726 1353 1801; x_wconf 89' lang='lat' dir='ltr'><strong>_Sic</strong></span> <span class='ocrx_word' id='word_1_290' title='bbox 1378 1726 1523 1779; x_wconf 91' lang='lat' dir='ltr'><strong>enim</strong></span> <span class='ocrx_word' id='word_1_291' title='bbox 1552 1725 1815 1801; x_wconf 83' lang='lat' dir='ltr'><strong>sumendo</strong></span> <span class='ocrx_word' id='word_1_292' title='bbox 1844 1740 1942 1794; x_wconf 92' lang='lat' dir='ltr'><strong>pro</strong></span> <span class='ocrx_word' id='word_1_293' title='bbox 1968 1725 2155 1797; x_wconf 81' lang='lat' dir='ltr'><strong>aggre-</strong></span> <span class='ocrx_word' id='word_1_294' title='bbox 2186 1740 2237 1801; x_wconf 76' lang='grc' dir='ltr'><strong>Β</strong></span> <span class='ocrx_word' id='word_1_295' title='bbox 2265 1727 2514 1801; x_wconf 81' lang='lat' dir='ltr'><strong>ma_teria.</strong></span> 
     </span>
    </p>
   </div>
   <div class='ocr_carea' id='block_1_41' title="bbox 580 1796 2157 1869">
    <p class='ocr_par' dir='ltr' id='par_1_41' title="bbox 580 1796 2157 1869">
     <span class='ocr_line' id='line_1_43' title="bbox 580 1796 2157 1869; baseline 0.002 -17"><span class='ocrx_word' id='word_1_296' title='bbox 580 1796 727 1869; x_wconf 88' lang='lat' dir='ltr'><strong>gato,</strong></span> <span class='ocrx_word' id='word_1_297' title='bbox 758 1799 894 1854; x_wconf 88' lang='lat' dir='ltr'><strong>bene</strong></span> <span class='ocrx_word' id='word_1_298' title='bbox 925 1806 1150 1865; x_wconf 89' lang='lat' dir='ltr'><strong>possunt</strong></span> <span class='ocrx_word' id='word_1_299' title='bbox 1176 1796 1293 1869; x_wconf 79' lang='lat' dir='ltr'><strong>dici</strong></span> <span class='ocrx_word' id='word_1_300' title='bbox 1312 1805 1485 1850; x_wconf 89' lang='lat' dir='ltr'><strong>motas</strong></span> <span class='ocrx_word' id='word_1_301' title='bbox 1510 1798 1763 1869; x_wconf 78' lang='lat' dir='ltr'><strong>contrarii</strong></span> <span class='ocrx_word' id='word_1_302' title='bbox 1793 1796 2073 1865; x_wconf 84' lang='lat' dir='ltr'><strong>generatio</strong></span> <span class='ocrx_word' id='word_1_303' title='bbox 2102 1808 2157 1855; x_wconf 93' lang='lat' dir='ltr'><strong>et</strong></span> 
     </span>
    </p>
   </div>
   <div class='ocr_carea' id='block_1_42' title="bbox 582 1866 2154 1939">
    <p class='ocr_par' dir='ltr' id='par_1_42' title="bbox 582 1866 2154 1939">
     <span class='ocr_line' id='line_1_44' title="bbox 582 1866 2154 1939; baseline 0.001 -16"><span class='ocrx_word' id='word_1_304' title='bbox 582 1866 879 1939; x_wconf 79' lang='lat' dir='ltr'><strong>corruptio,</strong></span> <span class='ocrx_word' id='word_1_305' title='bbox 913 1878 1130 1937; x_wconf 88' lang='lat' dir='ltr'><strong>propter</strong></span> <span class='ocrx_word' id='word_1_306' title='bbox 1156 1866 1675 1939; x_wconf 70' lang='lat' dir='ltr'><strong>qualitatesscilicet</strong></span> <span class='ocrx_word' id='word_1_307' title='bbox 1704 1866 1822 1939; x_wconf 84' lang='lat' dir='ltr'><strong>illas</strong></span> <span class='ocrx_word' id='word_1_308' title='bbox 1852 1870 2154 1926; x_wconf 89' lang='lat' dir='ltr'><strong>contrarias</strong></span> 
     </span>
    </p>
   </div>
   <div class='ocr_carea' id='block_1_43' title="bbox 581 1935 2156 2011">
    <p class='ocr_par' dir='ltr' id='par_1_43' title="bbox 581 1935 2156 2011">
     <span class='ocr_line' id='line_1_45' title="bbox 581 1935 2156 2011; baseline -0.001 -17"><span class='ocrx_word' id='word_1_309' title='bbox 581 1954 677 2010; x_wconf 89' lang='lat' dir='ltr'><strong>per</strong></span> <span class='ocrx_word' id='word_1_310' title='bbox 706 1935 839 2008; x_wconf 77' lang='lat' dir='ltr'><strong>quas</strong></span> <span class='ocrx_word' id='word_1_311' title='bbox 872 1935 1045 2011; x_wconf 6' lang='lat' dir='ltr'><strong>unum,</strong></span> <span class='ocrx_word' id='word_1_312' title='bbox 1075 1946 1130 1993; x_wconf 92' lang='lat' dir='ltr'><strong>et</strong></span> <span class='ocrx_word' id='word_1_313' title='bbox 1158 1937 1308 2011; x_wconf 78' lang='lat' dir='ltr'><strong>idem</strong></span> <span class='ocrx_word' id='word_1_314' title='bbox 1348 1935 1650 2011; x_wconf 82' lang='lat' dir='ltr'><strong>subjecmm</strong></span> <span class='ocrx_word' id='word_1_315' title='bbox 1681 1937 1939 2011; x_wconf 17' lang='lat' dir='ltr'><strong>arlteratur</strong></span> <span class='ocrx_word' id='word_1_316' title='bbox 1964 1940 2030 2011; x_wconf 85' lang='lat' dir='ltr'><strong>ad</strong></span> <span class='ocrx_word' id='word_1_317' title='bbox 2060 1955 2156 2011; x_wconf 85' lang='lat' dir='ltr'><strong>ge-</strong></span> 
     </span>
    </p>
   </div>
   <div class='ocr_carea' id='block_1_44' title="bbox 580 2008 2157 2075">
    <p class='ocr_par' dir='ltr' id='par_1_44' title="bbox 580 2008 2157 2075">
     <span class='ocr_line' id='line_1_46' title="bbox 580 2008 2157 2075; baseline 0.001 -10"><span class='ocrx_word' id='word_1_318' title='bbox 580 2008 913 2066; x_wconf 82' lang='lat' dir='ltr'><strong>nerationem</strong></span> <span class='ocrx_word' id='word_1_319' title='bbox 962 2010 1119 2063; x_wconf 92' lang='lat' dir='ltr'><strong>unius</strong></span> <span class='ocrx_word' id='word_1_320' title='bbox 1152 2008 1339 2062; x_wconf 78' lang='lat' dir='ltr'><strong>formae</strong></span> <span class='ocrx_word' id='word_1_321' title='bbox 1380 2008 1751 2062; x_wconf 78' lang='lat' dir='ltr'><strong>substantialis</strong></span> <span class='ocrx_word' id='word_1_322' title='bbox 1776 2048 1795 2075; x_wconf 92' lang='lat'><strong>,</strong></span> <span class='ocrx_word' id='word_1_323' title='bbox 1842 2019 1897 2065; x_wconf 92' lang='lat' dir='ltr'><strong>et</strong></span> <span class='ocrx_word' id='word_1_324' title='bbox 1925 2009 1993 2065; x_wconf 85' lang='lat' dir='ltr'><strong>ad</strong></span> <span class='ocrx_word' id='word_1_325' title='bbox 2022 2008 2157 2067; x_wconf 77' lang='lat' dir='ltr'><strong>cor-</strong></span> 
     </span>
    </p>
   </div>
   <div class='ocr_carea' id='block_1_45' title="bbox 581 2078 1773 2143">
    <p class='ocr_par' dir='ltr' id='par_1_45' title="bbox 581 2078 1773 2143">
     <span class='ocr_line' id='line_1_47' title="bbox 581 2078 1773 2143; baseline -0.002 -7"><span class='ocrx_word' id='word_1_326' title='bbox 581 2084 883 2143; x_wconf 83' lang='lat' dir='ltr'><strong>ruotionem</strong></span> <span class='ocrx_word' id='word_1_327' title='bbox 914 2080 1139 2135; x_wconf 85' lang='lat' dir='ltr'><strong>alterius</strong></span> <span class='ocrx_word' id='word_1_328' title='bbox 1170 2078 1357 2133; x_wconf 76' lang='lat' dir='ltr'><strong>forma:</strong></span> <span class='ocrx_word' id='word_1_329' title='bbox 1385 2078 1773 2134; x_wconf 81' lang='lat' dir='ltr'><strong>substantialis.</strong></span> 
     </span>
    </p>
   </div>
   <div class='ocr_carea' id='block_1_46' title="bbox 651 2148 2157 2223">
    <p class='ocr_par' dir='ltr' id='par_1_46' title="bbox 651 2148 2157 2223">
     <span class='ocr_line' id='line_1_48' title="bbox 651 2148 2157 2223; baseline 0.002 -17"><span class='ocrx_word' id='word_1_330' title='bbox 651 2150 823 2223; x_wconf 78' lang='lat' dir='ltr'><strong>Genus</strong></span> <span class='ocrx_word' id='word_1_331' title='bbox 862 2160 935 2206; x_wconf 84' lang='lat' dir='ltr'><strong>est</strong></span> <span class='ocrx_word' id='word_1_332' title='bbox 970 2151 1196 2223; x_wconf 81' lang='lat' dir='ltr'><strong>materia</strong></span> <span class='ocrx_word' id='word_1_333' title='bbox 1235 2149 1418 2221; x_wconf 75' lang='lat' dir='ltr'><strong>speciei</strong></span> <span class='ocrx_word' id='word_1_334' title='bbox 1448 2148 1805 2223; x_wconf 76' lang='lat' dir='ltr'><strong>(Porphyr.)._</strong></span> <span class='ocrx_word' id='word_1_335' title='bbox 1837 2149 2157 2223; x_wconf 83' lang='lat' dir='ltr'><strong>lntelligitur</strong></span> 
     </span>
    </p>
   </div>
   <div class='ocr_carea' id='block_1_47' title="bbox 584 2219 2158 2288">
    <p class='ocr_par' dir='ltr' id='par_1_47' title="bbox 584 2219 2158 2288">
     <span class='ocr_line' id='line_1_49' title="bbox 584 2219 2158 2288; baseline -0.001 -9"><span class='ocrx_word' id='word_1_336' title='bbox 584 2222 1039 2288; x_wconf 78' lang='lat' dir='ltr'><strong>similitudinarie,</strong></span> <span class='ocrx_word' id='word_1_337' title='bbox 1072 2237 1176 2275; x_wconf 92' lang='lat' dir='ltr'><strong>non</strong></span> <span class='ocrx_word' id='word_1_338' title='bbox 1206 2219 1384 2276; x_wconf 87' lang='lat' dir='ltr'><strong>autem</strong></span> <span class='ocrx_word' id='word_1_339' title='bbox 1419 2221 1666 2287; x_wconf 88' lang='lat' dir='ltr'><strong>proprie;</strong></span> <span class='ocrx_word' id='word_1_340' title='bbox 1718 2219 1839 2288; x_wconf 85' lang='lat' dir='ltr'><strong>quia</strong></span> <span class='ocrx_word' id='word_1_341' title='bbox 1870 2219 2158 2278; x_wconf 51' lang='lat' dir='ltr'><strong>sicut&#39;ma-</strong></span> 
     </span>
    </p>
   </div>
   <div class='ocr_carea' id='block_1_48' title="bbox 589 2290 2152 2361">
    <p class='ocr_par' dir='ltr' id='par_1_48' title="bbox 589 2290 2152 2361">
     <span class='ocr_line' id='line_1_50' title="bbox 589 2290 2152 2361; baseline 0.001 -14"><span class='ocrx_word' id='word_1_342' title='bbox 589 2296 725 2348; x_wconf 90' lang='lat' dir='ltr'><strong>teria</strong></span> <span class='ocrx_word' id='word_1_343' title='bbox 754 2294 922 2361; x_wconf 89' lang='lat' dir='ltr'><strong>prima</strong></span> <span class='ocrx_word' id='word_1_344' title='bbox 955 2302 1038 2347; x_wconf 89' lang='lat' dir='ltr'><strong>est</strong></span> <span class='ocrx_word' id='word_1_345' title='bbox 1069 2290 1379 2347; x_wconf 78' lang='lat' dir='ltr'><strong>indiﬂ‘erens</strong></span> <span class='ocrx_word' id='word_1_346' title='bbox 1408 2290 2009 2361; x_wconf 67' lang='lat' dir='ltr'><strong>inferreguamcunque</strong></span> <span class='ocrx_word' id='word_1_347' title='bbox 2036 2293 2152 2348; x_wconf 76' lang='lat' dir='ltr'><strong>lor-</strong></span> 
     </span>
    </p>
   </div>
   <div class='ocr_carea' id='block_1_49' title="bbox 578 2358 2159 2433">
    <p class='ocr_par' dir='ltr' id='par_1_49' title="bbox 578 2358 2159 2433">
     <span class='ocr_line' id='line_1_51' title="bbox 578 2358 2159 2433; baseline 0.001 -15"><span class='ocrx_word' id='word_1_348' title='bbox 578 2358 848 2427; x_wconf 45' lang='lat' dir='ltr'><strong>mam,_sic</strong></span> <span class='ocrx_word' id='word_1_349' title='bbox 867 2364 1025 2419; x_wconf 90' lang='lat' dir='ltr'><strong>etiam</strong></span> <span class='ocrx_word' id='word_1_350' title='bbox 1052 2362 1223 2431; x_wconf 88' lang='lat' dir='ltr'><strong>ipsum</strong></span> <span class='ocrx_word' id='word_1_351' title='bbox 1247 2375 1415 2431; x_wconf 91' lang='lat' dir='ltr'><strong>genus</strong></span> <span class='ocrx_word' id='word_1_352' title='bbox 1438 2369 1523 2415; x_wconf 88' lang='lat' dir='ltr'><strong>est</strong></span> <span class='ocrx_word' id='word_1_353' title='bbox 1548 2358 1855 2416; x_wconf 78' lang='lat' dir='ltr'><strong>indiﬂ&#39;erens</strong></span> <span class='ocrx_word' id='word_1_354' title='bbox 1878 2358 1943 2417; x_wconf 85' lang='lat' dir='ltr'><strong>ad</strong></span> <span class='ocrx_word' id='word_1_355' title='bbox 1968 2377 2159 2433; x_wconf 88' lang='lat' dir='ltr'><strong>quam-</strong></span> 
     </span>
    </p>
   </div>
   <div class='ocr_carea' id='block_1_50' title="bbox 576 2435 1071 2505">
    <p class='ocr_par' dir='ltr' id='par_1_50' title="bbox 576 2435 1071 2505">
     <span class='ocr_line' id='line_1_52' title="bbox 576 2435 1071 2505; baseline -0.004 -18"><span class='ocrx_word' id='word_1_356' title='bbox 576 2449 789 2505; x_wconf 78' lang='lat' dir='ltr'><strong>cunque</strong></span> <span class='ocrx_word' id='word_1_357' title='bbox 817 2435 1071 2502; x_wconf 87' lang='lat' dir='ltr'><strong>speciem.</strong></span> 
     </span>
    </p>
   </div>
   <div class='ocr_carea' id='block_1_51' title="bbox 645 2498 2155 2575">
    <p class='ocr_par' dir='ltr' id='par_1_51' title="bbox 645 2498 2155 2575">
     <span class='ocr_line' id='line_1_53' title="bbox 645 2498 2155 2575; baseline 0 -15"><span class='ocrx_word' id='word_1_358' title='bbox 645 2498 909 2560; x_wconf 77' lang='lat' dir='ltr'><strong>Generans</strong></span> <span class='ocrx_word' id='word_1_359' title='bbox 931 2520 1031 2558; x_wconf 91' lang='lat' dir='ltr'><strong>non</strong></span> <span class='ocrx_word' id='word_1_360' title='bbox 1052 2513 1325 2575; x_wconf 82' lang='lat' dir='ltr'><strong>congregat</strong></span> <span class='ocrx_word' id='word_1_361' title='bbox 1344 2502 1475 2557; x_wconf 88' lang='lat' dir='ltr'><strong>inter</strong></span> <span class='ocrx_word' id='word_1_362' title='bbox 1489 2502 1688 2575; x_wconf 86' lang='lat' dir='ltr'><strong>diversa</strong></span> <span class='ocrx_word' id='word_1_363' title='bbox 1702 2498 1832 2573; x_wconf 86' lang='lat' dir='ltr'><strong>(Per</strong></span> <span class='ocrx_word' id='word_1_364' title='bbox 1846 2502 2155 2571; x_wconf 87' lang='lat' dir='ltr'><strong>Comment.,</strong></span> 
     </span>
    </p>
   </div>
   <div class='ocr_carea' id='block_1_52' title="bbox 577 2574 2156 2647">
    <p class='ocr_par' dir='ltr' id='par_1_52' title="bbox 577 2574 2156 2647">
     <span class='ocr_line' id='line_1_54' title="bbox 577 2574 2156 2647; baseline 0.001 -16"><span class='ocrx_word' id='word_1_365' title='bbox 577 2590 652 2632; x_wconf 77' lang='lat' dir='ltr'><strong>stt</strong></span> <span class='ocrx_word' id='word_1_366' title='bbox 675 2575 957 2646; x_wconf 82' lang='lat' dir='ltr'><strong>Metaplr.).</strong></span> <span class='ocrx_word' id='word_1_367' title='bbox 986 2574 1274 2647; x_wconf 86' lang='lat' dir='ltr'><strong>Dicendum</strong></span> <span class='ocrx_word' id='word_1_368' title='bbox 1295 2583 1400 2640; x_wconf 90' lang='lat' dir='ltr'><strong>est,</strong></span> <span class='ocrx_word' id='word_1_369' title='bbox 1424 2574 1565 2647; x_wconf 83' lang='lat' dir='ltr'><strong>quod</strong></span> <span class='ocrx_word' id='word_1_370' title='bbox 1592 2586 1781 2647; x_wconf 80' lang='lat' dir='ltr'><strong>verum</strong></span> <span class='ocrx_word' id='word_1_371' title='bbox 1803 2585 1908 2638; x_wconf 87' lang='lat' dir='ltr'><strong>est,</strong></span> <span class='ocrx_word' id='word_1_372' title='bbox 1928 2590 2156 2647; x_wconf 92' lang='lat' dir='ltr'><strong>quorum</strong></span> 
     </span>
    </p>
   </div>
   <div class='ocr_carea' id='block_1_53' title="bbox 582 2644 2157 2730">
    <p class='ocr_par' dir='ltr' id='par_1_53' title="bbox 582 2644 2157 2730">
     <span class='ocr_line' id='line_1_55' title="bbox 582 2644 2157 2730; baseline 0.001 -29"><span class='ocrx_word' id='word_1_373' title='bbox 582 2644 861 2730; x_wconf 72' lang='lat' dir='ltr'><strong>quodlibet</strong></span> <span class='ocrx_word' id='word_1_374' title='bbox 889 2661 994 2730; x_wconf 68' lang='lat' dir='ltr'><strong>ens</strong></span> <span class='ocrx_word' id='word_1_375' title='bbox 1014 2655 1097 2701; x_wconf 89' lang='lat' dir='ltr'><strong>est</strong></span> <span class='ocrx_word' id='word_1_376' title='bbox 1125 2660 1222 2700; x_wconf 88' lang='lat' dir='ltr'><strong>ens</strong></span> <span class='ocrx_word' id='word_1_377' title='bbox 1251 2646 1303 2699; x_wconf 91' lang='lat' dir='ltr'><strong>in</strong></span> <span class='ocrx_word' id='word_1_378' title='bbox 1336 2654 1487 2712; x_wconf 88' lang='lat' dir='ltr'><strong>actu,</strong></span> <span class='ocrx_word' id='word_1_379' title='bbox 1530 2644 1667 2730; x_wconf 81' lang='lat' dir='ltr'><strong>bene</strong></span> <span class='ocrx_word' id='word_1_380' title='bbox 1694 2644 1837 2730; x_wconf 82' lang='lat' dir='ltr'><strong>enim</strong></span> <span class='ocrx_word' id='word_1_381' title='bbox 1868 2644 2157 2730; x_wconf 76' lang='lat' dir='ltr'><strong>congregat</strong></span> 
     </span>
    </p>
   </div>
   <div class='ocr_carea' id='block_1_54' title="bbox 577 2717 2153 2787">
    <p class='ocr_par' dir='ltr' id='par_1_54' title="bbox 577 2717 2153 2787">
     <span class='ocr_line' id='line_1_56' title="bbox 577 2717 2153 2787; baseline 0.002 -16"><span class='ocrx_word' id='word_1_382' title='bbox 577 2719 857 2772; x_wconf 85' lang='lat' dir='ltr'><strong>materiam</strong></span> <span class='ocrx_word' id='word_1_383' title='bbox 887 2726 941 2772; x_wconf 92' lang='lat' dir='ltr'><strong>et</strong></span> <span class='ocrx_word' id='word_1_384' title='bbox 972 2717 1219 2781; x_wconf 84' lang='lat' dir='ltr'><strong>formam,</strong></span> <span class='ocrx_word' id='word_1_385' title='bbox 1249 2730 1476 2786; x_wconf 88' lang='lat' dir='ltr'><strong>quorum</strong></span> <span class='ocrx_word' id='word_1_386' title='bbox 1510 2729 1671 2770; x_wconf 92' lang='lat' dir='ltr'><strong>unum</strong></span> <span class='ocrx_word' id='word_1_387' title='bbox 1698 2725 1781 2771; x_wconf 91' lang='lat' dir='ltr'><strong>est</strong></span> <span class='ocrx_word' id='word_1_388' title='bbox 1810 2717 1861 2771; x_wconf 91' lang='lat' dir='ltr'><strong>in</strong></span> <span class='ocrx_word' id='word_1_389' title='bbox 1891 2717 2153 2787; x_wconf 88' lang='lat' dir='ltr'><strong>potentia,</strong></span> 
     </span>
    </p>
   </div>
   <div class='ocr_carea' id='block_1_55' title="bbox 576 2787 1059 2843">
    <p class='ocr_par' dir='ltr' id='par_1_55' title="bbox 576 2787 1059 2843">
     <span class='ocr_line' id='line_1_57' title="bbox 576 2787 1059 2843; baseline 0 -2"><span class='ocrx_word' id='word_1_390' title='bbox 576 2788 803 2843; x_wconf 78' lang='lat' dir='ltr'><strong>alterum</strong></span> <span class='ocrx_word' id='word_1_391' title='bbox 836 2787 889 2842; x_wconf 91' lang='lat' dir='ltr'><strong>in</strong></span> <span class='ocrx_word' id='word_1_392' title='bbox 918 2796 1059 2841; x_wconf 89' lang='lat' dir='ltr'><strong>actu.</strong></span> 
     </span>
    </p>
   </div>
   <div class='ocr_carea' id='block_1_56' title="bbox 649 2857 2160 2931">
    <p class='ocr_par' dir='ltr' id='par_1_56' title="bbox 649 2857 2160 2931">
     <span class='ocr_line' id='line_1_58' title="bbox 649 2857 2160 2931; baseline 0.003 -20"><span class='ocrx_word' id='word_1_393' title='bbox 649 2858 909 2931; x_wconf 80' lang='lat' dir='ltr'><strong>Generans</strong></span> <span class='ocrx_word' id='word_1_394' title='bbox 939 2867 988 2931; x_wconf 85' lang='lat' dir='ltr'><strong>et</strong></span> <span class='ocrx_word' id='word_1_395' title='bbox 1018 2867 1310 2931; x_wconf 79' lang='lat' dir='ltr'><strong>generatum</strong></span> <span class='ocrx_word' id='word_1_396' title='bbox 1347 2857 1526 2931; x_wconf 75' lang='lat' dir='ltr'><strong>debent</strong></span> <span class='ocrx_word' id='word_1_397' title='bbox 1564 2872 1673 2911; x_wconf 92' lang='lat' dir='ltr'><strong>esse</strong></span> <span class='ocrx_word' id='word_1_398' title='bbox 1696 2858 1941 2931; x_wconf 79' lang='lat' dir='ltr'><strong>ejusdem</strong></span> <span class='ocrx_word' id='word_1_399' title='bbox 1968 2860 2160 2931; x_wconf 76' lang='lat' dir='ltr'><strong>speciei</strong></span> 
     </span>
    </p>
   </div>
   <div class='ocr_carea' id='block_1_57' title="bbox 575 2926 2160 3003">
    <p class='ocr_par' dir='ltr' id='par_1_57' title="bbox 575 2926 2160 3003">
     <span class='ocr_line' id='line_1_59' title="bbox 575 2926 2160 3003; baseline 0.003 -20"><span class='ocrx_word' id='word_1_400' title='bbox 575 2926 674 3003; x_wconf 88' lang='lat' dir='ltr'><strong>(vn</strong></span> <span class='ocrx_word' id='word_1_401' title='bbox 704 2929 989 3003; x_wconf 66' lang='lat' dir='ltr'><strong>Metaplt.).</strong></span> <span class='ocrx_word' id='word_1_402' title='bbox 1019 2926 1346 3003; x_wconf 76' lang='lat' dir='ltr'><strong>lntelligitur</strong></span> <span class='ocrx_word' id='word_1_403' title='bbox 1370 2928 1437 2983; x_wconf 90' lang='lat' dir='ltr'><strong>de</strong></span> <span class='ocrx_word' id='word_1_404' title='bbox 1466 2926 1815 3003; x_wconf 83' lang='lat' dir='ltr'><strong>generatione</strong></span> <span class='ocrx_word' id='word_1_405' title='bbox 1848 2926 2072 3003; x_wconf 83' lang='lat' dir='ltr'><strong>univoca</strong></span> <span class='ocrx_word' id='word_1_406' title='bbox 2104 2940 2160 2987; x_wconf 89' lang='lat' dir='ltr'><strong>et</strong></span> 
     </span>
    </p>
   </div>
   <div class='ocr_carea' id='block_1_58' title="bbox 578 3000 2160 3070">
    <p class='ocr_par' dir='ltr' id='par_1_58' title="bbox 578 3000 2160 3070">
     <span class='ocr_line' id='line_1_60' title="bbox 578 3000 2160 3070; baseline 0.003 -18"><span class='ocrx_word' id='word_1_407' title='bbox 578 3000 909 3069; x_wconf 85' lang='lat' dir='ltr'><strong>particulari,</strong></span> <span class='ocrx_word' id='word_1_408' title='bbox 943 3014 1048 3055; x_wconf 92' lang='lat' dir='ltr'><strong>non</strong></span> <span class='ocrx_word' id='word_1_409' title='bbox 1077 3009 1255 3055; x_wconf 90' lang='lat' dir='ltr'><strong>autem</strong></span> <span class='ocrx_word' id='word_1_410' title='bbox 1286 3000 1353 3055; x_wconf 90' lang='lat' dir='ltr'><strong>de</strong></span> <span class='ocrx_word' id='word_1_411' title='bbox 1382 3002 1730 3070; x_wconf 86' lang='lat' dir='ltr'><strong>generatione</strong></span> <span class='ocrx_word' id='word_1_412' title='bbox 1773 3000 2059 3057; x_wconf 82' lang='lat' dir='ltr'><strong>universali</strong></span> <span class='ocrx_word' id='word_1_413' title='bbox 2101 3011 2160 3057; x_wconf 93' lang='lat' dir='ltr'><strong>et</strong></span> 
     </span>
    </p>
   </div>
   <div class='ocr_carea' id='block_1_59' title="bbox 663 3085 864 3126">
    <p class='ocr_par' dir='ltr' id='par_1_59' title="bbox 663 3085 864 3126">
     <span class='ocr_line' id='line_1_61' title="bbox 663 3085 864 3126; baseline 0 -1"><span class='ocrx_word' id='word_1_414' title='bbox 663 3085 842 3126; x_wconf 86' lang='lat' dir='ltr'><strong>utvoca</strong></span> <span class='ocrx_word' id='word_1_415' title='bbox 851 3110 864 3125; x_wconf 84' lang='lat'><strong>.</strong></span> 
     </span>
    </p>
   </div>
   <div class='ocr_carea' id='block_1_60' title="bbox 574 3083 2152 3213">
    <p class='ocr_par' dir='ltr' id='par_1_60' title="bbox 574 3083 2152 3213">
     <span class='ocr_line' id='line_1_62' title="bbox 574 3083 2152 3213; baseline 0.002 -17"><span class='ocrx_word' id='word_1_416' title='bbox 574 3083 901 3198; x_wconf 48' lang='lat'><strong>“33253.:</strong></span> <span class='ocrx_word' id='word_1_417' title='bbox 927 3150 1003 3199; x_wconf 89' lang='lat' dir='ltr'><strong>est</strong></span> <span class='ocrx_word' id='word_1_418' title='bbox 1030 3157 1279 3213; x_wconf 74' lang='lat' dir='ltr'><strong>generous</strong></span> <span class='ocrx_word' id='word_1_419' title='bbox 1305 3140 1342 3209; x_wconf 89' lang='lat' dir='ltr'><strong>(t</strong></span> <span class='ocrx_word' id='word_1_420' title='bbox 1369 3139 1582 3213; x_wconf 82' lang='lat' dir='ltr'><strong>Phys.).</strong></span> <span class='ocrx_word' id='word_1_421' title='bbox 1617 3140 1991 3210; x_wconf 83' lang='lat' dir='ltr'><strong>Respondetur</strong></span> <span class='ocrx_word' id='word_1_422' title='bbox 2011 3143 2152 3212; x_wconf 89' lang='lat' dir='ltr'><strong>quod</strong></span> 
     </span>
    </p>
   </div>
   <div class='ocr_carea' id='block_1_61' title="bbox 575 3212 2149 3285">
    <p class='ocr_par' dir='ltr' id='par_1_61' title="bbox 575 3212 2149 3285">
     <span class='ocr_line' id='line_1_63' title="bbox 575 3212 2149 3285; baseline 0.001 -19"><span class='ocrx_word' id='word_1_423' title='bbox 575 3227 834 3285; x_wconf 83' lang='lat' dir='ltr'><strong>generare</strong></span> <span class='ocrx_word' id='word_1_424' title='bbox 863 3212 1071 3283; x_wconf 87' lang='lat' dir='ltr'><strong>capitur</strong></span> <span class='ocrx_word' id='word_1_425' title='bbox 1099 3212 1405 3282; x_wconf 89' lang='lat' dir='ltr'><strong>dupliciter.</strong></span> <span class='ocrx_word' id='word_1_426' title='bbox 1466 3212 1583 3285; x_wconf 76' lang='lat' dir='ltr'><strong>Utro</strong></span> <span class='ocrx_word' id='word_1_427' title='bbox 1613 3216 1775 3285; x_wconf 83' lang='lat' dir='ltr'><strong>modo</strong></span> <span class='ocrx_word' id='word_1_428' title='bbox 1801 3217 2109 3285; x_wconf 85' lang='lat' dir='ltr'><strong>concretive</strong></span> <span class='ocrx_word' id='word_1_429' title='bbox 2132 3256 2149 3284; x_wconf 90' lang='lat'><strong>,</strong></span> 
     </span>
    </p>
   </div>
   <div class='ocr_carea' id='block_1_62' title="bbox 574 3277 2153 3355">
    <p class='ocr_par' dir='ltr' id='par_1_62' title="bbox 574 3277 2153 3355">
     <span class='ocr_line' id='line_1_64' title="bbox 574 3277 2153 3355; baseline 0.003 -16"><span class='ocrx_word' id='word_1_430' title='bbox 574 3277 629 3339; x_wconf 71' lang='lat' dir='ltr'><strong>Et</strong></span> <span class='ocrx_word' id='word_1_431' title='bbox 655 3277 732 3339; x_wconf 84' lang='lat' dir='ltr'><strong>sic</strong></span> <span class='ocrx_word' id='word_1_432' title='bbox 754 3277 1032 3355; x_wconf 77' lang='lat' dir='ltr'><strong>generatio</strong></span> <span class='ocrx_word' id='word_1_433' title='bbox 1059 3292 1141 3340; x_wconf 90' lang='lat' dir='ltr'><strong>est</strong></span> <span class='ocrx_word' id='word_1_434' title='bbox 1166 3277 1463 3353; x_wconf 76' lang='lat' dir='ltr'><strong>generans;</strong></span> <span class='ocrx_word' id='word_1_435' title='bbox 1492 3283 1597 3338; x_wconf 89' lang='lat' dir='ltr'><strong>alio</strong></span> <span class='ocrx_word' id='word_1_436' title='bbox 1621 3283 1782 3338; x_wconf 87' lang='lat' dir='ltr'><strong>modo</strong></span> <span class='ocrx_word' id='word_1_437' title='bbox 1807 3277 2153 3355; x_wconf 70' lang='lat' dir='ltr'><strong>abstractive,</strong></span> 
     </span>
    </p>
   </div>
   <div class='ocr_carea' id='block_1_63' title="bbox 572 3358 1211 3412">
    <p class='ocr_par' dir='ltr' id='par_1_63' title="bbox 572 3358 1211 3412">
     <span class='ocr_line' id='line_1_65' title="bbox 572 3358 1211 3412; baseline -0.005 -1"><span class='ocrx_word' id='word_1_438' title='bbox 572 3362 629 3411; x_wconf 86' lang='lat' dir='ltr'><strong>et</strong></span> <span class='ocrx_word' id='word_1_439' title='bbox 656 3358 733 3410; x_wconf 88' lang='lat' dir='ltr'><strong>sic</strong></span> <span class='ocrx_word' id='word_1_440' title='bbox 760 3371 863 3411; x_wconf 93' lang='lat' dir='ltr'><strong>non</strong></span> <span class='ocrx_word' id='word_1_441' title='bbox 894 3365 976 3412; x_wconf 88' lang='lat' dir='ltr'><strong>est</strong></span> <span class='ocrx_word' id='word_1_442' title='bbox 1003 3369 1211 3410; x_wconf 89' lang='lat' dir='ltr'><strong>verum.</strong></span> 
     </span>
    </p>
   </div>
   <div class='ocr_carea' id='block_1_64' title="bbox 646 3422 2151 3495">
    <p class='ocr_par' dir='ltr' id='par_1_64' title="bbox 646 3422 2151 3495">
     <span class='ocr_line' id='line_1_66' title="bbox 646 3422 2151 3495; baseline 0.003 -17"><span class='ocrx_word' id='word_1_443' title='bbox 646 3425 912 3481; x_wconf 78' lang='lat' dir='ltr'><strong>Generatio</strong></span> <span class='ocrx_word' id='word_1_444' title='bbox 941 3428 1093 3480; x_wconf 86' lang='lat' dir='ltr'><strong>unius</strong></span> <span class='ocrx_word' id='word_1_445' title='bbox 1121 3434 1197 3481; x_wconf 90' lang='lat' dir='ltr'><strong>est</strong></span> <span class='ocrx_word' id='word_1_446' title='bbox 1226 3425 1494 3493; x_wconf 84' lang='lat' dir='ltr'><strong>corruptio</strong></span> <span class='ocrx_word' id='word_1_447' title='bbox 1519 3424 1731 3479; x_wconf 82' lang='lat' dir='ltr'><strong>alterius</strong></span> <span class='ocrx_word' id='word_1_448' title='bbox 1760 3424 1802 3495; x_wconf 93' lang='grc' dir='ltr'>(ι</span> <span class='ocrx_word' id='word_1_449' title='bbox 1828 3424 1894 3480; x_wconf 84' lang='lat' dir='ltr'><strong>de</strong></span> <span class='ocrx_word' id='word_1_450' title='bbox 1918 3422 2151 3482; x_wconf 84' lang='lat' dir='ltr'><strong>Genera-</strong></span> 
     </span>
    </p>
   </div>
   <div class='ocr_carea' id='block_1_65' title="bbox 572 3496 2156 3566">
    <p class='ocr_par' dir='ltr' id='par_1_65' title="bbox 572 3496 2156 3566">
     <span class='ocr_line' id='line_1_67' title="bbox 572 3496 2156 3566; baseline 0.003 -17"><span class='ocrx_word' id='word_1_451' title='bbox 572 3496 756 3566; x_wconf 87' lang='lat' dir='ltr'><strong>tione).</strong></span> <span class='ocrx_word' id='word_1_452' title='bbox 811 3496 1126 3564; x_wconf 90' lang='lat' dir='ltr'><strong>lntelligitur</strong></span> <span class='ocrx_word' id='word_1_453' title='bbox 1155 3497 1298 3566; x_wconf 90' lang='lat' dir='ltr'><strong>quod</strong></span> <span class='ocrx_word' id='word_1_454' title='bbox 1329 3498 1395 3550; x_wconf 91' lang='lat' dir='ltr'><strong>ad</strong></span> <span class='ocrx_word' id='word_1_455' title='bbox 1425 3496 1826 3566; x_wconf 85' lang='lat' dir='ltr'><strong>generationem</strong></span> <span class='ocrx_word' id='word_1_456' title='bbox 1860 3500 2018 3551; x_wconf 90' lang='lat' dir='ltr'><strong>unius</strong></span> <span class='ocrx_word' id='word_1_457' title='bbox 2056 3513 2156 3553; x_wconf 82' lang='lat' dir='ltr'><strong>se-</strong></span> 
     </span>
    </p>
   </div>
   <div class='ocr_carea' id='block_1_66' title="bbox 570 3564 2156 3637">
    <p class='ocr_par' dir='ltr' id='par_1_66' title="bbox 570 3564 2156 3637">
     <span class='ocr_line' id='line_1_68' title="bbox 570 3564 2156 3637; baseline 0.003 -18"><span class='ocrx_word' id='word_1_458' title='bbox 570 3564 755 3635; x_wconf 86' lang='lat' dir='ltr'><strong>quitur</strong></span> <span class='ocrx_word' id='word_1_459' title='bbox 796 3568 1069 3634; x_wconf 86' lang='lat' dir='ltr'><strong>corruptio</strong></span> <span class='ocrx_word' id='word_1_460' title='bbox 1113 3564 1337 3623; x_wconf 85' lang='lat' dir='ltr'><strong>alterius</strong></span> <span class='ocrx_word' id='word_1_461' title='bbox 1362 3607 1377 3631; x_wconf 93' lang='lat'><strong>,</strong></span> <span class='ocrx_word' id='word_1_462' title='bbox 1431 3564 1569 3637; x_wconf 18' lang='lat' dir='ltr'><strong>quia,</strong></span> <span class='ocrx_word' id='word_1_463' title='bbox 1605 3567 1819 3633; x_wconf 85' lang='lat' dir='ltr'><strong>quando</strong></span> <span class='ocrx_word' id='word_1_464' title='bbox 1866 3577 2156 3637; x_wconf 87' lang='lat' dir='ltr'><strong>generatur</strong></span> 
     </span>
    </p>
   </div>
   <div class='ocr_carea' id='block_1_67' title="bbox 574 3636 2157 3707">
    <p class='ocr_par' dir='ltr' id='par_1_67' title="bbox 574 3636 2157 3707">
     <span class='ocr_line' id='line_1_69' title="bbox 574 3636 2157 3707; baseline 0.005 -19"><span class='ocrx_word' id='word_1_465' title='bbox 574 3638 829 3703; x_wconf 87' lang='lat' dir='ltr'><strong>cadaver,</strong></span> <span class='ocrx_word' id='word_1_466' title='bbox 872 3639 1238 3705; x_wconf 90' lang='lat' dir='ltr'><strong>corrumpitur</strong></span> <span class='ocrx_word' id='word_1_467' title='bbox 1268 3639 1444 3707; x_wconf 86' lang='lat' dir='ltr'><strong>ipsum</strong></span> <span class='ocrx_word' id='word_1_468' title='bbox 1486 3636 1722 3691; x_wconf 91' lang='lat' dir='ltr'><strong>animal:</strong></span> <span class='ocrx_word' id='word_1_469' title='bbox 1772 3646 1827 3693; x_wconf 87' lang='lat' dir='ltr'><strong>et</strong></span> <span class='ocrx_word' id='word_1_470' title='bbox 1869 3636 1948 3693; x_wconf 82' lang='lat' dir='ltr'><strong>sic</strong></span> <span class='ocrx_word' id='word_1_471' title='bbox 1994 3639 2157 3696; x_wconf 83' lang='lat' dir='ltr'><strong>habet</strong></span> 
     </span>
    </p>
   </div>
   <div class='ocr_carea' id='block_1_68' title="bbox 573 3707 2157 3778">
    <p class='ocr_par' dir='ltr' id='par_1_68' title="bbox 573 3707 2157 3778">
     <span class='ocr_line' id='line_1_70' title="bbox 573 3707 2157 3778; baseline 0.004 -18"><span class='ocrx_word' id='word_1_472' title='bbox 573 3707 861 3762; x_wconf 88' lang='lat' dir='ltr'><strong>veritatem</strong></span> <span class='ocrx_word' id='word_1_473' title='bbox 913 3708 981 3762; x_wconf 91' lang='lat' dir='ltr'><strong>de</strong></span> <span class='ocrx_word' id='word_1_474' title='bbox 1026 3708 1374 3778; x_wconf 85' lang='lat' dir='ltr'><strong>generatione</strong></span> <span class='ocrx_word' id='word_1_475' title='bbox 1421 3707 1832 3763; x_wconf 86' lang='lat' dir='ltr'><strong>elementorum.</strong></span> <span class='ocrx_word' id='word_1_476' title='bbox 1883 3710 1949 3763; x_wconf 85' lang='lat' dir='ltr'><strong>Et</strong></span> <span class='ocrx_word' id='word_1_477' title='bbox 1994 3709 2157 3767; x_wconf 85' lang='lat' dir='ltr'><strong>debet</strong></span> 
     </span>
    </p>
   </div>
   <div class='ocr_carea' id='block_1_69' title="bbox 570 3778 2152 3849">
    <p class='ocr_par' dir='ltr' id='par_1_69' title="bbox 570 3778 2152 3849">
     <span class='ocr_line' id='line_1_71' title="bbox 570 3778 2152 3849; baseline 0.003 -17"><span class='ocrx_word' id='word_1_478' title='bbox 570 3778 696 3832; x_wconf 86' lang='lat' dir='ltr'><strong>addi</strong></span> <span class='ocrx_word' id='word_1_479' title='bbox 736 3778 802 3833; x_wconf 91' lang='lat' dir='ltr'><strong>ad</strong></span> <span class='ocrx_word' id='word_1_480' title='bbox 842 3778 1021 3834; x_wconf 90' lang='lat' dir='ltr'><strong>minus</strong></span> <span class='ocrx_word' id='word_1_481' title='bbox 1047 3819 1063 3843; x_wconf 97' lang='lat'><strong>,</strong></span> <span class='ocrx_word' id='word_1_482' title='bbox 1116 3778 1237 3847; x_wconf 88' lang='lat' dir='ltr'><strong>quia</strong></span> <span class='ocrx_word' id='word_1_483' title='bbox 1269 3778 1592 3849; x_wconf 83' lang='lat' dir='ltr'><strong>quandoque</strong></span> <span class='ocrx_word' id='word_1_484' title='bbox 1640 3778 1706 3832; x_wconf 87' lang='lat' dir='ltr'><strong>ad</strong></span> <span class='ocrx_word' id='word_1_485' title='bbox 1752 3780 2152 3849; x_wconf 86' lang='lat' dir='ltr'><strong>generationem</strong></span> 
     </span>
    </p>
   </div>
   <div class='ocr_carea' id='block_1_70' title="bbox 569 3848 2157 3920">
    <p class='ocr_par' dir='ltr' id='par_1_70' title="bbox 569 3848 2157 3920">
     <span class='ocr_line' id='line_1_72' title="bbox 569 3848 2157 3920; baseline 0.001 -16"><span class='ocrx_word' id='word_1_486' title='bbox 569 3850 728 3905; x_wconf 86' lang='lat' dir='ltr'><strong>unius</strong></span> <span class='ocrx_word' id='word_1_487' title='bbox 756 3853 1001 3917; x_wconf 84' lang='lat' dir='ltr'><strong>sequitur</strong></span> <span class='ocrx_word' id='word_1_488' title='bbox 1030 3852 1306 3920; x_wconf 88' lang='lat' dir='ltr'><strong>generatio</strong></span> <span class='ocrx_word' id='word_1_489' title='bbox 1335 3848 1652 3913; x_wconf 88' lang='lat' dir='ltr'><strong>multorum,</strong></span> <span class='ocrx_word' id='word_1_490' title='bbox 1679 3859 1738 3904; x_wconf 94' lang='lat' dir='ltr'><strong>ut</strong></span> <span class='ocrx_word' id='word_1_491' title='bbox 1764 3848 1910 3916; x_wconf 85' lang='lat' dir='ltr'><strong>patet</strong></span> <span class='ocrx_word' id='word_1_492' title='bbox 1939 3851 1990 3905; x_wconf 93' lang='lat' dir='ltr'><strong>in</strong></span> <span class='ocrx_word' id='word_1_493' title='bbox 2016 3852 2157 3906; x_wconf 85' lang='lat' dir='ltr'><strong>divi-</strong></span> 
     </span>
    </p>
   </div>
   <div class='ocr_carea' id='block_1_71' title="bbox 568 3920 2157 3992">
    <p class='ocr_par' dir='ltr' id='par_1_71' title="bbox 568 3920 2157 3992">
     <span class='ocr_line' id='line_1_73' title="bbox 568 3920 2157 3992; baseline 0.003 -19"><span class='ocrx_word' id='word_1_494' title='bbox 568 3920 723 3992; x_wconf 76' lang='lat' dir='ltr'><strong>sione</strong></span> <span class='ocrx_word' id='word_1_495' title='bbox 750 3921 999 3991; x_wconf 66' lang='lat' dir='ltr'><strong>anguilla:</strong></span> <span class='ocrx_word' id='word_1_496' title='bbox 1023 3960 1039 3989; x_wconf 90' lang='lat'><strong>,</strong></span> <span class='ocrx_word' id='word_1_497' title='bbox 1090 3931 1145 3977; x_wconf 91' lang='lat' dir='ltr'><strong>et</strong></span> <span class='ocrx_word' id='word_1_498' title='bbox 1196 3921 1317 3975; x_wconf 89' lang='lat' dir='ltr'><strong>talis</strong></span> <span class='ocrx_word' id='word_1_499' title='bbox 1358 3920 1633 3992; x_wconf 82' lang='lat' dir='ltr'><strong>generatio</strong></span> <span class='ocrx_word' id='word_1_500' title='bbox 1650 3921 1948 3992; x_wconf 81' lang='lat' dir='ltr'><strong>multorum</strong></span> <span class='ocrx_word' id='word_1_501' title='bbox 1978 3930 2157 3992; x_wconf 89' lang='lat' dir='ltr'><strong>potest</strong></span> 
     </span>
    </p>
   </div>
   <div class='ocr_carea' id='block_1_72' title="bbox 568 3989 2155 4062">
    <p class='ocr_par' dir='ltr' id='par_1_72' title="bbox 568 3989 2155 4062">
     <span class='ocr_line' id='line_1_74' title="bbox 568 3989 2155 4062; baseline 0.002 -17"><span class='ocrx_word' id='word_1_502' title='bbox 568 3990 683 4047; x_wconf 79' lang='lat' dir='ltr'><strong>ﬁeri</strong></span> <span class='ocrx_word' id='word_1_503' title='bbox 714 3989 1098 4049; x_wconf 71' lang='lat' dir='ltr'><strong>artificialiter:</strong></span> <span class='ocrx_word' id='word_1_504' title='bbox 1132 4000 1187 4049; x_wconf 90' lang='lat' dir='ltr'><strong>et</strong></span> <span class='ocrx_word' id='word_1_505' title='bbox 1214 4005 1343 4062; x_wconf 89' lang='lat' dir='ltr'><strong>ergo</strong></span> <span class='ocrx_word' id='word_1_506' title='bbox 1366 3989 1531 4046; x_wconf 79' lang='lat' dir='ltr'><strong>debet</strong></span> <span class='ocrx_word' id='word_1_507' title='bbox 1561 3989 1663 4046; x_wconf 89' lang='lat' dir='ltr'><strong>dici</strong></span> <span class='ocrx_word' id='word_1_508' title='bbox 1691 3990 1833 4060; x_wconf 91' lang='lat' dir='ltr'><strong>quod</strong></span> <span class='ocrx_word' id='word_1_509' title='bbox 1863 3989 2155 4048; x_wconf 75' lang='lat' dir='ltr'><strong>auctoritas</strong></span> 
     </span>
    </p>
   </div>
   <div class='ocr_carea' id='block_1_73' title="bbox 570 4063 2155 4135">
    <p class='ocr_par' dir='ltr' id='par_1_73' title="bbox 570 4063 2155 4135">
     <span class='ocr_line' id='line_1_75' title="bbox 570 4063 2155 4135; baseline 0.003 -20"><span class='ocrx_word' id='word_1_510' title='bbox 570 4064 936 4133; x_wconf 88' lang='lat' dir='ltr'><strong>principaliter</strong></span> <span class='ocrx_word' id='word_1_511' title='bbox 962 4063 1374 4135; x_wconf 62' lang='lat' dir='ltr'><strong>debetintelligl</strong></span> <span class='ocrx_word' id='word_1_512' title='bbox 1419 4066 1488 4118; x_wconf 89' lang='lat' dir='ltr'><strong>de</strong></span> <span class='ocrx_word' id='word_1_513' title='bbox 1529 4064 2155 4135; x_wconf 13' lang='lat' dir='ltr'><strong>generationernaturali,</strong></span> 
     </span>
    </p>
   </div>
   <div class='ocr_carea' id='block_1_74' title="bbox 568 4132 1936 4204">
    <p class='ocr_par' dir='ltr' id='par_1_74' title="bbox 568 4132 1936 4204">
     <span class='ocr_line' id='line_1_76' title="bbox 568 4132 1936 4204; baseline -0.001 -15"><span class='ocrx_word' id='word_1_514' title='bbox 568 4140 625 4189; x_wconf 90' lang='lat' dir='ltr'><strong>et</strong></span> <span class='ocrx_word' id='word_1_515' title='bbox 652 4132 759 4204; x_wconf 85' lang='lat' dir='ltr'><strong>non</strong></span> <span class='ocrx_word' id='word_1_516' title='bbox 783 4134 1070 4190; x_wconf 79' lang='lat' dir='ltr'><strong>artificiali.</strong></span> <span class='ocrx_word' id='word_1_517' title='bbox 1102 4133 1232 4189; x_wconf 82' lang='lat' dir='ltr'><strong>Vide</strong></span> <span class='ocrx_word' id='word_1_518' title='bbox 1256 4132 1527 4204; x_wconf 80' lang='lat' dir='ltr'><strong>Toletum,</strong></span> <span class='ocrx_word' id='word_1_519' title='bbox 1558 4148 1573 4187; x_wconf 92' lang='grc' dir='ltr'><strong>ι</strong></span> <span class='ocrx_word' id='word_1_520' title='bbox 1603 4133 1764 4203; x_wconf 81' lang='lat' dir='ltr'><strong>Phys.</strong></span> <span class='ocrx_word' id='word_1_521' title='bbox 1797 4150 1851 4204; x_wconf 75' lang='grc' dir='ltr'>ιι.</span> <span class='ocrx_word' id='word_1_522' title='bbox 1883 4133 1936 4188; x_wconf 81' lang='lat'><strong>&#39;5.</strong></span> 
     </span>
    </p>
   </div>
   <div class='ocr_carea' id='block_1_75' title="bbox 642 4203 2155 4270">
    <p class='ocr_par' dir='ltr' id='par_1_75' title="bbox 642 4203 2155 4270">
     <span class='ocr_line' id='line_1_77' title="bbox 642 4203 2155 4270; baseline 0.002 -11"><span class='ocrx_word' id='word_1_523' title='bbox 642 4203 810 4259; x_wconf 86' lang='lat' dir='ltr'><strong>Grave</strong></span> <span class='ocrx_word' id='word_1_524' title='bbox 832 4216 1055 4260; x_wconf 83' lang='lat' dir='ltr'><strong>movetur</strong></span> <span class='ocrx_word' id='word_1_525' title='bbox 1078 4206 1135 4259; x_wconf 89' lang='lat' dir='ltr'><strong>in</strong></span> <span class='ocrx_word' id='word_1_526' title='bbox 1164 4204 1352 4270; x_wconf 90' lang='lat' dir='ltr'><strong>medio,</strong></span> <span class='ocrx_word' id='word_1_527' title='bbox 1400 4203 1600 4257; x_wconf 83' lang='lat' dir='ltr'><strong>ratione</strong></span> <span class='ocrx_word' id='word_1_528' title='bbox 1629 4205 1803 4269; x_wconf 83' lang='lat' dir='ltr'><strong>medii,</strong></span> <span class='ocrx_word' id='word_1_529' title='bbox 1835 4207 1967 4260; x_wconf 82' lang='lat' dir='ltr'><strong>sicut</strong></span> <span class='ocrx_word' id='word_1_530' title='bbox 2001 4204 2155 4262; x_wconf 83' lang='lat' dir='ltr'><strong>homo</strong></span> 
     </span>
    </p>
   </div>
   <div class='ocr_carea' id='block_1_76' title="bbox 566 4274 2155 4347">
    <p class='ocr_par' dir='ltr' id='par_1_76' title="bbox 566 4274 2155 4347">
     <span class='ocr_line' id='line_1_78' title="bbox 566 4274 2155 4347; baseline 0.003 -18"><span class='ocrx_word' id='word_1_531' title='bbox 566 4275 625 4347; x_wconf 81' lang='lat' dir='ltr'><strong>in</strong></span> <span class='ocrx_word' id='word_1_532' title='bbox 655 4278 769 4329; x_wconf 86' lang='lat' dir='ltr'><strong>navi</strong></span> <span class='ocrx_word' id='word_1_533' title='bbox 791 4276 920 4345; x_wconf 81' lang='lat' dir='ltr'><strong>(Per</strong></span> <span class='ocrx_word' id='word_1_534' title='bbox 945 4274 1423 4341; x_wconf 85' lang='lat' dir='ltr'><strong>Commentatorem,</strong></span> <span class='ocrx_word' id='word_1_535' title='bbox 1450 4274 1659 4347; x_wconf 12' lang='lat' dir='ltr'><strong>ticali).</strong></span> <span class='ocrx_word' id='word_1_536' title='bbox 1691 4275 1765 4330; x_wconf 92' lang='lat' dir='ltr'><strong>Ibi</strong></span> <span class='ocrx_word' id='word_1_537' title='bbox 1791 4276 1985 4332; x_wconf 89' lang='lat' dir='ltr'><strong>dicitur</strong></span> <span class='ocrx_word' id='word_1_538' title='bbox 2010 4278 2155 4347; x_wconf 88' lang='lat' dir='ltr'><strong>quod</strong></span> 
     </span>
    </p>
   </div>
   <div class='ocr_carea' id='block_1_77' title="bbox 570 4346 2153 4416">
    <p class='ocr_par' dir='ltr' id='par_1_77' title="bbox 570 4346 2153 4416">
     <span class='ocr_line' id='line_1_79' title="bbox 570 4346 2153 4416; baseline 0.003 -17"><span class='ocrx_word' id='word_1_539' title='bbox 570 4346 927 4416; x_wconf 81' lang='lat' dir='ltr'><strong>Philosophus</strong></span> <span class='ocrx_word' id='word_1_540' title='bbox 953 4348 1066 4401; x_wconf 87' lang='lat' dir='ltr'><strong>vult</strong></span> <span class='ocrx_word' id='word_1_541' title='bbox 1108 4357 1272 4413; x_wconf 91' lang='lat' dir='ltr'><strong>recte,</strong></span> <span class='ocrx_word' id='word_1_542' title='bbox 1302 4348 1440 4401; x_wconf 85' lang='lat' dir='ltr'><strong>sicut</strong></span> <span class='ocrx_word' id='word_1_543' title='bbox 1473 4346 1634 4400; x_wconf 90' lang='lat' dir='ltr'><strong>homo</strong></span> <span class='ocrx_word' id='word_1_544' title='bbox 1674 4357 1918 4403; x_wconf 89' lang='lat' dir='ltr'><strong>movetur</strong></span> <span class='ocrx_word' id='word_1_545' title='bbox 1947 4348 1999 4403; x_wconf 91' lang='lat' dir='ltr'><strong>in</strong></span> <span class='ocrx_word' id='word_1_546' title='bbox 2032 4346 2153 4404; x_wconf 88' lang='lat' dir='ltr'><strong>navi</strong></span> 
     </span>
    </p>
   </div>
   <div class='ocr_carea' id='block_1_78' title="bbox 566 4416 2154 4489">
    <p class='ocr_par' dir='ltr' id='par_1_78' title="bbox 566 4416 2154 4489">
     <span class='ocr_line' id='line_1_80' title="bbox 566 4416 2154 4489; baseline 0.004 -19"><span class='ocrx_word' id='word_1_547' title='bbox 566 4429 674 4489; x_wconf 83' lang='lat' dir='ltr'><strong>non</strong></span> <span class='ocrx_word' id='word_1_548' title='bbox 705 4432 797 4486; x_wconf 90' lang='lat' dir='ltr'><strong>per</strong></span> <span class='ocrx_word' id='word_1_549' title='bbox 824 4433 914 4484; x_wconf 90' lang='lat' dir='ltr'><strong>se,</strong></span> <span class='ocrx_word' id='word_1_550' title='bbox 960 4416 1057 4472; x_wconf 89' lang='lat' dir='ltr'><strong>sed</strong></span> <span class='ocrx_word' id='word_1_551' title='bbox 1095 4419 1163 4489; x_wconf 86' lang='lat' dir='ltr'><strong>ad</strong></span> <span class='ocrx_word' id='word_1_552' title='bbox 1194 4427 1394 4489; x_wconf 89' lang='lat' dir='ltr'><strong>motum</strong></span> <span class='ocrx_word' id='word_1_553' title='bbox 1424 4418 1615 4471; x_wconf 87' lang='lat' dir='ltr'><strong>navis:</strong></span> <span class='ocrx_word' id='word_1_554' title='bbox 1665 4416 1744 4472; x_wconf 90' lang='lat' dir='ltr'><strong>sic</strong></span> <span class='ocrx_word' id='word_1_555' title='bbox 1786 4418 1950 4473; x_wconf 89' lang='lat' dir='ltr'><strong>etiam</strong></span> <span class='ocrx_word' id='word_1_556' title='bbox 1992 4433 2154 4489; x_wconf 85' lang='lat' dir='ltr'><strong>grave</strong></span> 
     </span>
    </p>
   </div>
   <div class='ocr_carea' id='block_1_79' title="bbox 566 4486 2149 4556">
    <p class='ocr_par' dir='ltr' id='par_1_79' title="bbox 566 4486 2149 4556">
     <span class='ocr_line' id='line_1_81' title="bbox 566 4486 2149 4556; baseline 0.004 -15"><span class='ocrx_word' id='word_1_557' title='bbox 566 4486 792 4555; x_wconf 79' lang='lat' dir='ltr'><strong>simplex</strong></span> <span class='ocrx_word' id='word_1_558' title='bbox 814 4490 1073 4553; x_wconf 78' lang='lat' dir='ltr'><strong>existens,</strong></span> <span class='ocrx_word' id='word_1_559' title='bbox 1097 4488 1149 4542; x_wconf 90' lang='lat' dir='ltr'><strong>in</strong></span> <span class='ocrx_word' id='word_1_560' title='bbox 1172 4488 1349 4543; x_wconf 88' lang='lat' dir='ltr'><strong>medio</strong></span> <span class='ocrx_word' id='word_1_561' title='bbox 1372 4502 1481 4543; x_wconf 92' lang='lat' dir='ltr'><strong>non</strong></span> <span class='ocrx_word' id='word_1_562' title='bbox 1504 4495 1769 4556; x_wconf 85' lang='lat' dir='ltr'><strong>movetur,</strong></span> <span class='ocrx_word' id='word_1_563' title='bbox 1791 4488 1895 4545; x_wconf 89' lang='lat' dir='ltr'><strong>nisi</strong></span> <span class='ocrx_word' id='word_1_564' title='bbox 1917 4486 2149 4547; x_wconf 71' lang='lat' dir='ltr'><strong>medium</strong></span> 
     </span>
    </p>
   </div>
   <div class='ocr_carea' id='block_1_80' title="bbox 567 4567 1105 4614">
    <p class='ocr_par' dir='ltr' id='par_1_80' title="bbox 567 4567 1105 4614">
     <span class='ocr_line' id='line_1_82' title="bbox 567 4567 1105 4614; baseline 0.002 -3"><span class='ocrx_word' id='word_1_565' title='bbox 567 4567 845 4613; x_wconf 87' lang='lat' dir='ltr'><strong>moveatur</strong></span> <span class='ocrx_word' id='word_1_566' title='bbox 869 4574 989 4613; x_wconf 88' lang='lat' dir='ltr'><strong>cum</strong></span> <span class='ocrx_word' id='word_1_567' title='bbox 1018 4574 1105 4614; x_wconf 91' lang='lat' dir='ltr'><strong>eo.</strong></span> 
     </span>
    </p>
   </div>
   <div class='ocr_carea' id='block_1_81' title="bbox 638 4626 2152 4706">
    <p class='ocr_par' dir='ltr' id='par_1_81' title="bbox 638 4626 2152 4706">
     <span class='ocr_line' id='line_1_83' title="bbox 638 4626 2152 4706; baseline 0.005 -25"><span class='ocrx_word' id='word_1_568' title='bbox 638 4626 803 4682; x_wconf 81' lang='lat' dir='ltr'><strong>Grave</strong></span> <span class='ocrx_word' id='word_1_569' title='bbox 842 4630 1313 4706; x_wconf 30' lang='lat' dir='ltr'><strong>existens‘sursum</strong></span> <span class='ocrx_word' id='word_1_570' title='bbox 1351 4638 1603 4706; x_wconf 75' lang='lat' dir='ltr'><strong>movetur,</strong></span> <span class='ocrx_word' id='word_1_571' title='bbox 1649 4630 1888 4687; x_wconf 75' lang='lat' dir='ltr'><strong>deorsum</strong></span> <span class='ocrx_word' id='word_1_572' title='bbox 1930 4650 1992 4706; x_wconf 14' lang='lat' dir='ltr'><strong>ar</strong></span> <span class='ocrx_word' id='word_1_573' title='bbox 2018 4649 2152 4706; x_wconf 78' lang='lat' dir='ltr'><strong>gra-</strong></span> 
     </span>
    </p>
   </div>
   <div class='ocr_carea' id='block_1_82' title="bbox 563 4702 2151 4773">
    <p class='ocr_par' dir='ltr' id='par_1_82' title="bbox 563 4702 2151 4773">
     <span class='ocr_line' id='line_1_84' title="bbox 563 4702 2151 4773; baseline 0.004 -19"><span class='ocrx_word' id='word_1_574' title='bbox 563 4708 711 4754; x_wconf 69' lang='lat' dir='ltr'><strong>vente</strong></span> <span class='ocrx_word' id='word_1_575' title='bbox 751 4716 896 4773; x_wconf 76' lang='lat' dir='ltr'><strong>suam</strong></span> <span class='ocrx_word' id='word_1_576' title='bbox 924 4702 1263 4773; x_wconf 73' lang='lat' dir='ltr'><strong>gravitatem,</strong></span> <span class='ocrx_word' id='word_1_577' title='bbox 1313 4704 1390 4756; x_wconf 88' lang='lat' dir='ltr'><strong>vel</strong></span> <span class='ocrx_word' id='word_1_578' title='bbox 1436 4719 1469 4756; x_wconf 91' lang='lat' dir='ltr'><strong>a</strong></span> <span class='ocrx_word' id='word_1_579' title='bbox 1516 4713 1833 4770; x_wconf 84' lang='lat' dir='ltr'><strong>remanente,</strong></span> <span class='ocrx_word' id='word_1_580' title='bbox 1876 4702 2151 4773; x_wconf 79' lang='lat' dir='ltr'><strong>prohibens</strong></span> 
     </span>
    </p>
   </div>
   <div class='ocr_carea' id='block_1_83' title="bbox 566 4769 2150 4847">
    <p class='ocr_par' dir='ltr' id='par_1_83' title="bbox 566 4769 2150 4847">
     <span class='ocr_line' id='line_1_85' title="bbox 566 4769 2150 4847; baseline 0.006 -26"><span class='ocrx_word' id='word_1_581' title='bbox 566 4772 716 4847; x_wconf 74' lang='lat' dir='ltr'><strong>etiam</strong></span> <span class='ocrx_word' id='word_1_582' title='bbox 748 4769 964 4847; x_wconf 73' lang='lat' dir='ltr'><strong>(l_b_i:t.)I</strong></span> <span class='ocrx_word' id='word_1_583' title='bbox 1013 4769 1386 4841; x_wconf 81' lang='lat' dir='ltr'><strong>Respondetur</strong></span> <span class='ocrx_word' id='word_1_584' title='bbox 1414 4775 1556 4843; x_wconf 88' lang='lat' dir='ltr'><strong>quod</strong></span> <span class='ocrx_word' id='word_1_585' title='bbox 1589 4781 1796 4829; x_wconf 90' lang='lat' dir='ltr'><strong>tantum</strong></span> <span class='ocrx_word' id='word_1_586' title='bbox 1824 4769 1936 4830; x_wconf 86' lang='lat' dir='ltr'><strong>vult</strong></span> <span class='ocrx_word' id='word_1_587' title='bbox 1958 4817 1973 4841; x_wconf 95' lang='lat'><strong>,</strong></span> <span class='ocrx_word' id='word_1_588' title='bbox 2005 4776 2150 4847; x_wconf 88' lang='lat' dir='ltr'><strong>quod</strong></span> 
     </span>
    </p>
   </div>
   <div class='ocr_carea' id='block_1_84' title="bbox 563 4840 2155 4916">
    <p class='ocr_par' dir='ltr' id='par_1_84' title="bbox 563 4840 2155 4916">
     <span class='ocr_line' id='line_1_86' title="bbox 563 4840 2155 4916; baseline 0.003 -19"><span class='ocrx_word' id='word_1_589' title='bbox 563 4841 611 4897; x_wconf 88' lang='lat' dir='ltr'><strong>si</strong></span> <span class='ocrx_word' id='word_1_590' title='bbox 640 4840 837 4916; x_wconf 84' lang='lat' dir='ltr'><strong>aliquid</strong></span> <span class='ocrx_word' id='word_1_591' title='bbox 868 4840 1160 4898; x_wconf 87' lang='lat' dir='ltr'><strong>secundum</strong></span> <span class='ocrx_word' id='word_1_592' title='bbox 1192 4840 1445 4900; x_wconf 54' lang='lat' dir='ltr'><strong>naturarn&#39;</strong></span> <span class='ocrx_word' id='word_1_593' title='bbox 1465 4859 1617 4900; x_wconf 88' lang='lat' dir='ltr'><strong>suam</strong></span> <span class='ocrx_word' id='word_1_594' title='bbox 1664 4853 1810 4902; x_wconf 89' lang='lat' dir='ltr'><strong>esset</strong></span> <span class='ocrx_word' id='word_1_595' title='bbox 1849 4840 2049 4916; x_wconf 63' lang='lat' dir='ltr'><strong>grave&#39;,</strong></span> <span class='ocrx_word' id='word_1_596' title='bbox 2098 4854 2155 4901; x_wconf 91' lang='lat' dir='ltr'><strong>et</strong></span> 
     </span>
    </p>
   </div>
   <div class='ocr_carea' id='block_1_85' title="bbox 563 4913 2154 4985">
    <p class='ocr_par' dir='ltr' id='par_1_85' title="bbox 563 4913 2154 4985">
     <span class='ocr_line' id='line_1_87' title="bbox 563 4913 2154 4985; baseline 0.004 -18"><span class='ocrx_word' id='word_1_597' title='bbox 563 4913 865 4981; x_wconf 89' lang='lat' dir='ltr'><strong>quiesceret</strong></span> <span class='ocrx_word' id='word_1_598' title='bbox 893 4916 1153 4969; x_wconf 72' lang='lat' dir='ltr'><strong>violenter</strong></span> <span class='ocrx_word' id='word_1_599' title='bbox 1180 4929 1393 4972; x_wconf 87' lang='lat' dir='ltr'><strong>sursum</strong></span> <span class='ocrx_word' id='word_1_600' title='bbox 1421 4957 1437 4984; x_wconf 93' lang='lat'><strong>,</strong></span> <span class='ocrx_word' id='word_1_601' title='bbox 1487 4925 1541 4972; x_wconf 92' lang='lat' dir='ltr'><strong>et</strong></span> <span class='ocrx_word' id='word_1_602' title='bbox 1589 4917 1694 4972; x_wconf 89' lang='lat' dir='ltr'><strong>tale</strong></span> <span class='ocrx_word' id='word_1_603' title='bbox 1724 4913 1883 4972; x_wconf 79' lang='lat' dir='ltr'><strong>debet</strong></span> <span class='ocrx_word' id='word_1_604' title='bbox 1912 4916 2154 4985; x_wconf 84' lang='lat' dir='ltr'><strong>incipere</strong></span> 
     </span>
    </p>
   </div>
   <div class='ocr_carea' id='block_1_86' title="bbox 562 4986 2153 5053">
    <p class='ocr_par' dir='ltr' id='par_1_86' title="bbox 562 4986 2153 5053">
     <span class='ocr_line' id='line_1_88' title="bbox 562 4986 2153 5053; baseline 0.003 -15"><span class='ocrx_word' id='word_1_605' title='bbox 562 4986 813 5038; x_wconf 87' lang='lat' dir='ltr'><strong>deorsum</strong></span> <span class='ocrx_word' id='word_1_606' title='bbox 843 4986 1065 5053; x_wconf 88' lang='lat' dir='ltr'><strong>moveri,</strong></span> <span class='ocrx_word' id='word_1_607' title='bbox 1092 4993 1218 5041; x_wconf 92' lang='lat' dir='ltr'><strong>tunc</strong></span> <span class='ocrx_word' id='word_1_608' title='bbox 1244 4992 1606 5044; x_wconf 89' lang='lat' dir='ltr'><strong>necessarium</strong></span> <span class='ocrx_word' id='word_1_609' title='bbox 1632 4999 1716 5043; x_wconf 91' lang='lat' dir='ltr'><strong>est</strong></span> <span class='ocrx_word' id='word_1_610' title='bbox 1736 4988 1821 5043; x_wconf 90' lang='lat' dir='ltr'><strong>vel</strong></span> <span class='ocrx_word' id='word_1_611' title='bbox 1849 4988 1949 5044; x_wconf 88' lang='lat' dir='ltr'><strong>erit</strong></span> <span class='ocrx_word' id='word_1_612' title='bbox 1978 5003 2153 5045; x_wconf 85' lang='lat' dir='ltr'><strong>rema-</strong></span> 
     </span>
    </p>
   </div>
   <div class='ocr_carea' id='block_1_87' title="bbox 562 5056 2151 5131">
    <p class='ocr_par' dir='ltr' id='par_1_87' title="bbox 562 5056 2151 5131">
     <span class='ocr_line' id='line_1_89' title="bbox 562 5056 2151 5131; baseline 0.003 -22"><span class='ocrx_word' id='word_1_613' title='bbox 562 5070 692 5109; x_wconf 90' lang='lat' dir='ltr'><strong>nere</strong></span> <span class='ocrx_word' id='word_1_614' title='bbox 721 5056 1009 5131; x_wconf 87' lang='lat' dir='ltr'><strong>prohibens</strong></span> <span class='ocrx_word' id='word_1_615' title='bbox 1032 5099 1048 5126; x_wconf 91' lang='lat'><strong>,</strong></span> <span class='ocrx_word' id='word_1_616' title='bbox 1096 5056 1297 5113; x_wconf 89' lang='lat' dir='ltr'><strong>scilicet</strong></span> <span class='ocrx_word' id='word_1_617' title='bbox 1338 5060 1652 5131; x_wconf 87' lang='lat' dir='ltr'><strong>gravitatem</strong></span> <span class='ocrx_word' id='word_1_618' title='bbox 1684 5058 1759 5114; x_wconf 86' lang='lat' dir='ltr'><strong>sic</strong></span> <span class='ocrx_word' id='word_1_619' title='bbox 1784 5100 1801 5125; x_wconf 97' lang='lat'><strong>,</strong></span> <span class='ocrx_word' id='word_1_620' title='bbox 1846 5059 1987 5129; x_wconf 90' lang='lat' dir='ltr'><strong>quod</strong></span> <span class='ocrx_word' id='word_1_621' title='bbox 2018 5060 2151 5114; x_wconf 88' lang='lat' dir='ltr'><strong>illud</strong></span> 
     </span>
    </p>
   </div>
   <div class='ocr_carea' id='block_1_88' title="bbox 562 5129 2150 5199">
    <p class='ocr_par' dir='ltr' id='par_1_88' title="bbox 562 5129 2150 5199">
     <span class='ocr_line' id='line_1_90' title="bbox 562 5129 2150 5199; baseline 0.004 -21"><span class='ocrx_word' id='word_1_622' title='bbox 562 5141 724 5199; x_wconf 82' lang='lat' dir='ltr'><strong>grave</strong></span> <span class='ocrx_word' id='word_1_623' title='bbox 750 5137 867 5195; x_wconf 89' lang='lat' dir='ltr'><strong>post</strong></span> <span class='ocrx_word' id='word_1_624' title='bbox 887 5129 1122 5199; x_wconf 88' lang='lat' dir='ltr'><strong>quietem</strong></span> <span class='ocrx_word' id='word_1_625' title='bbox 1146 5142 1251 5183; x_wconf 79' lang='lat' dir='ltr'><strong>nos</strong></span> <span class='ocrx_word' id='word_1_626' title='bbox 1276 5129 1443 5198; x_wconf 65' lang='lat' dir='ltr'><strong>poSsit</strong></span> <span class='ocrx_word' id='word_1_627' title='bbox 1465 5132 1720 5186; x_wconf 91' lang='lat' dir='ltr'><strong>inchoare</strong></span> <span class='ocrx_word' id='word_1_628' title='bbox 1740 5145 1896 5186; x_wconf 89' lang='lat' dir='ltr'><strong>suum</strong></span> <span class='ocrx_word' id='word_1_629' title='bbox 1922 5139 2150 5198; x_wconf 88' lang='lat' dir='ltr'><strong>motum,</strong></span> 
     </span>
    </p>
   </div>
   <div class='ocr_carea' id='block_1_89' title="bbox 561 5198 2150 5271">
    <p class='ocr_par' dir='ltr' id='par_1_89' title="bbox 561 5198 2150 5271">
     <span class='ocr_line' id='line_1_91' title="bbox 561 5198 2150 5271; baseline 0.004 -19"><span class='ocrx_word' id='word_1_630' title='bbox 561 5198 676 5271; x_wconf 85' lang='lat' dir='ltr'><strong>nisi</strong></span> <span class='ocrx_word' id='word_1_631' title='bbox 704 5215 798 5271; x_wconf 83' lang='lat' dir='ltr'><strong>per</strong></span> <span class='ocrx_word' id='word_1_632' title='bbox 826 5198 1039 5269; x_wconf 83' lang='lat' dir='ltr'><strong>aliquod</strong></span> <span class='ocrx_word' id='word_1_633' title='bbox 1079 5213 1308 5271; x_wconf 83' lang='lat' dir='ltr'><strong>gravans</strong></span> <span class='ocrx_word' id='word_1_634' title='bbox 1350 5203 1665 5271; x_wconf 86' lang='lat' dir='ltr'><strong>gravitatem</strong></span> <span class='ocrx_word' id='word_1_635' title='bbox 1693 5241 1709 5267; x_wconf 95' lang='lat'><strong>,</strong></span> <span class='ocrx_word' id='word_1_636' title='bbox 1759 5209 1814 5256; x_wconf 89' lang='lat' dir='ltr'><strong>et</strong></span> <span class='ocrx_word' id='word_1_637' title='bbox 1859 5214 2150 5259; x_wconf 78' lang='lat' dir='ltr'><strong>remanens</strong></span> 
     </span>
    </p>
   </div>
   <div class='ocr_carea' id='block_1_90' title="bbox 559 5269 1775 5340">
    <p class='ocr_par' dir='ltr' id='par_1_90' title="bbox 559 5269 1775 5340">
     <span class='ocr_line' id='line_1_92' title="bbox 559 5269 1775 5340; baseline 0.004 -18"><span class='ocrx_word' id='word_1_638' title='bbox 559 5269 873 5340; x_wconf 78' lang='lat' dir='ltr'><strong>prohibens,</strong></span> <span class='ocrx_word' id='word_1_639' title='bbox 903 5283 954 5327; x_wconf 91' lang='lat' dir='ltr'><strong>et</strong></span> <span class='ocrx_word' id='word_1_640' title='bbox 981 5273 1059 5325; x_wconf 90' lang='lat' dir='ltr'><strong>sic</strong></span> <span class='ocrx_word' id='word_1_641' title='bbox 1085 5269 1173 5324; x_wconf 93' lang='lat' dir='ltr'><strong>illa</strong></span> <span class='ocrx_word' id='word_1_642' title='bbox 1200 5269 1493 5328; x_wconf 88' lang='lat' dir='ltr'><strong>auctoritas</strong></span> <span class='ocrx_word' id='word_1_643' title='bbox 1519 5283 1603 5327; x_wconf 89' lang='lat' dir='ltr'><strong>est</strong></span> <span class='ocrx_word' id='word_1_644' title='bbox 1626 5286 1775 5327; x_wconf 91' lang='lat' dir='ltr'><strong>vera.</strong></span> 
     </span>
    </p>
   </div>
   <div class='ocr_carea' id='block_1_91' title="bbox 632 5338 2150 5415">
    <p class='ocr_par' dir='ltr' id='par_1_91' title="bbox 632 5338 2150 5415">
     <span class='ocr_line' id='line_1_93' title="bbox 632 5338 2150 5415; baseline 0.003 -20"><span class='ocrx_word' id='word_1_645' title='bbox 632 5338 929 5415; x_wconf 14' lang='lat' dir='ltr'><strong>Generatior</strong></span> <span class='ocrx_word' id='word_1_646' title='bbox 945 5342 1299 5397; x_wconf 83' lang='lat' dir='ltr'><strong>substantialis</strong></span> <span class='ocrx_word' id='word_1_647' title='bbox 1339 5358 1439 5415; x_wconf 84' lang='lat' dir='ltr'><strong>non</strong></span> <span class='ocrx_word' id='word_1_648' title='bbox 1482 5341 1630 5398; x_wconf 81' lang='lat' dir='ltr'><strong>habet</strong></span> <span class='ocrx_word' id='word_1_649' title='bbox 1658 5359 1747 5415; x_wconf 81' lang='lat' dir='ltr'><strong>ens</strong></span> <span class='ocrx_word' id='word_1_650' title='bbox 1776 5344 1831 5397; x_wconf 88' lang='lat' dir='ltr'><strong>in</strong></span> <span class='ocrx_word' id='word_1_651' title='bbox 1863 5352 1981 5399; x_wconf 86' lang='lat' dir='ltr'><strong>actu</strong></span> <span class='ocrx_word' id='word_1_652' title='bbox 2011 5345 2053 5415; x_wconf 86' lang='grc' dir='ltr'>(ι</span> <span class='ocrx_word' id='word_1_653' title='bbox 2085 5346 2150 5400; x_wconf 90' lang='lat' dir='ltr'><strong>de</strong></span> 
     </span>
    </p>
   </div>
   <div class='ocr_carea' id='block_1_92' title="bbox 559 5407 2149 5483">
    <p class='ocr_par' dir='ltr' id='par_1_92' title="bbox 559 5407 2149 5483">
     <span class='ocr_line' id='line_1_94' title="bbox 559 5407 2149 5483; baseline 0.004 -18"><span class='ocrx_word' id='word_1_654' title='bbox 559 5407 851 5483; x_wconf 59' lang='lat' dir='ltr'><strong>Cauerat).</strong></span> <span class='ocrx_word' id='word_1_655' title='bbox 899 5413 1116 5468; x_wconf 87' lang='lat' dir='ltr'><strong>Scilicet</strong></span> <span class='ocrx_word' id='word_1_656' title='bbox 1161 5428 1257 5482; x_wconf 93' lang='lat' dir='ltr'><strong>pro</strong></span> <span class='ocrx_word' id='word_1_657' title='bbox 1287 5412 1546 5483; x_wconf 89' lang='lat' dir='ltr'><strong>subjecto,</strong></span> <span class='ocrx_word' id='word_1_658' title='bbox 1589 5414 1729 5483; x_wconf 90' lang='lat' dir='ltr'><strong>quod</strong></span> <span class='ocrx_word' id='word_1_659' title='bbox 1769 5416 1912 5471; x_wconf 91' lang='lat' dir='ltr'><strong>enim</strong></span> <span class='ocrx_word' id='word_1_660' title='bbox 1953 5407 2149 5472; x_wconf 76' lang='lat' dir='ltr'><strong>dicitur</strong></span> 
     </span>
    </p>
   </div>
   <div class='ocr_carea' id='block_1_93' title="bbox 558 5481 2147 5556">
    <p class='ocr_par' dir='ltr' id='par_1_93' title="bbox 558 5481 2147 5556">
     <span class='ocr_line' id='line_1_95' title="bbox 558 5481 2147 5556; baseline 0.004 -20"><span class='ocrx_word' id='word_1_661' title='bbox 558 5481 875 5538; x_wconf 85' lang='lat' dir='ltr'><strong>alteratione</strong></span> <span class='ocrx_word' id='word_1_662' title='bbox 906 5485 1122 5551; x_wconf 90' lang='lat' dir='ltr'><strong>mutari,</strong></span> <span class='ocrx_word' id='word_1_663' title='bbox 1150 5481 1233 5539; x_wconf 86' lang='lat' dir='ltr'><strong>est</strong></span> <span class='ocrx_word' id='word_1_664' title='bbox 1261 5481 1614 5556; x_wconf 77' lang='lat' dir='ltr'><strong>compositum</strong></span> <span class='ocrx_word' id='word_1_665' title='bbox 1645 5494 1835 5541; x_wconf 88' lang='lat' dir='ltr'><strong>totum.</strong></span> <span class='ocrx_word' id='word_1_666' title='bbox 1888 5490 1959 5543; x_wconf 79' lang='lat' dir='ltr'><strong>At</strong></span> <span class='ocrx_word' id='word_1_667' title='bbox 2003 5487 2147 5556; x_wconf 89' lang='lat' dir='ltr'><strong>quod</strong></span> 
     </span>
    </p>
   </div>
   <div class='ocr_carea' id='block_1_94' title="bbox 559 5554 2145 5629">
    <p class='ocr_par' dir='ltr' id='par_1_94' title="bbox 559 5554 2145 5629">
     <span class='ocr_line' id='line_1_96' title="bbox 559 5554 2145 5629; baseline 0.005 -22"><span class='ocrx_word' id='word_1_668' title='bbox 559 5556 903 5629; x_wconf 80' lang='lat' dir='ltr'><strong>generatione</strong></span> <span class='ocrx_word' id='word_1_669' title='bbox 933 5565 1187 5629; x_wconf 83' lang='lat' dir='ltr'><strong>mutatur,</strong></span> <span class='ocrx_word' id='word_1_670' title='bbox 1237 5565 1290 5609; x_wconf 92' lang='lat' dir='ltr'><strong>et</strong></span> <span class='ocrx_word' id='word_1_671' title='bbox 1339 5554 1480 5629; x_wconf 86' lang='lat' dir='ltr'><strong>idem</strong></span> <span class='ocrx_word' id='word_1_672' title='bbox 1533 5565 1712 5629; x_wconf 78' lang='lat' dir='ltr'><strong>manet</strong></span> <span class='ocrx_word' id='word_1_673' title='bbox 1762 5559 1862 5629; x_wconf 79' lang='lat' dir='ltr'><strong>sub</strong></span> <span class='ocrx_word' id='word_1_674' title='bbox 1915 5554 2145 5629; x_wconf 84' lang='lat' dir='ltr'><strong>utroque</strong></span> 
     </span>
    </p>
   </div>
   <div class='ocr_carea' id='block_1_95' title="bbox 563 5625 2147 5700">
    <p class='ocr_par' dir='ltr' id='par_1_95' title="bbox 563 5625 2147 5700">
     <span class='ocr_line' id='line_1_97' title="bbox 563 5625 2147 5700; baseline 0.006 -24"><span class='ocrx_word' id='word_1_675' title='bbox 563 5625 791 5700; x_wconf 81' lang='lat' dir='ltr'><strong>termino</strong></span> <span class='ocrx_word' id='word_1_676' title='bbox 818 5627 1148 5700; x_wconf 82' lang='lat' dir='ltr'><strong>mutationis,</strong></span> <span class='ocrx_word' id='word_1_677' title='bbox 1174 5636 1256 5682; x_wconf 90' lang='lat' dir='ltr'><strong>est</strong></span> <span class='ocrx_word' id='word_1_678' title='bbox 1286 5628 1507 5680; x_wconf 89' lang='lat' dir='ltr'><strong>materia</strong></span> <span class='ocrx_word' id='word_1_679' title='bbox 1539 5627 1727 5696; x_wconf 88' lang='lat' dir='ltr'><strong>prima.</strong></span> <span class='ocrx_word' id='word_1_680' title='bbox 1762 5627 1892 5683; x_wconf 81' lang='lat' dir='ltr'><strong>Nam</strong></span> <span class='ocrx_word' id='word_1_681' title='bbox 1923 5625 2147 5700; x_wconf 78' lang='lat' dir='ltr'><strong>compo-</strong></span> 
     </span>
    </p>
   </div>
   <div class='ocr_carea' id='block_1_96' title="bbox 558 5694 2145 5770">
    <p class='ocr_par' dir='ltr' id='par_1_96' title="bbox 558 5694 2145 5770">
     <span class='ocr_line' id='line_1_98' title="bbox 558 5694 2145 5770; baseline 0.007 -23"><span class='ocrx_word' id='word_1_682' title='bbox 558 5694 715 5749; x_wconf 86' lang='lat' dir='ltr'><strong>situm</strong></span> <span class='ocrx_word' id='word_1_683' title='bbox 738 5738 766 5770; x_wconf 24' lang='grc' dir='ltr'><strong>,Α</strong></span> <span class='ocrx_word' id='word_1_684' title='bbox 806 5698 945 5768; x_wconf 91' lang='lat' dir='ltr'><strong>quod</strong></span> <span class='ocrx_word' id='word_1_685' title='bbox 977 5707 1130 5753; x_wconf 87' lang='lat' dir='ltr'><strong>antea</strong></span> <span class='ocrx_word' id='word_1_686' title='bbox 1162 5707 1279 5753; x_wconf 89' lang='lat' dir='ltr'><strong>erat</strong></span> <span class='ocrx_word' id='word_1_687' title='bbox 1304 5738 1321 5765; x_wconf 93' lang='lat'><strong>,</strong></span> <span class='ocrx_word' id='word_1_688' title='bbox 1370 5713 1477 5753; x_wconf 92' lang='lat' dir='ltr'><strong>non</strong></span> <span class='ocrx_word' id='word_1_689' title='bbox 1522 5694 1738 5770; x_wconf 86' lang='lat' dir='ltr'><strong>manet,</strong></span> <span class='ocrx_word' id='word_1_690' title='bbox 1786 5702 1926 5770; x_wconf 93' lang='lat' dir='ltr'><strong>quod</strong></span> <span class='ocrx_word' id='word_1_691' title='bbox 1967 5694 2145 5758; x_wconf 76' lang='lat' dir='ltr'><strong>autem</strong></span> 
     </span>
    </p>
   </div>
   <div class='ocr_carea' id='block_1_97' title="bbox 554 5767 2145 5845">
    <p class='ocr_par' dir='ltr' id='par_1_97' title="bbox 554 5767 2145 5845">
     <span class='ocr_line' id='line_1_99' title="bbox 554 5767 2145 5845; baseline 0.004 -20"><span class='ocrx_word' id='word_1_692' title='bbox 554 5767 813 5837; x_wconf 69' lang='lat' dir='ltr'><strong>succedit,</strong></span> <span class='ocrx_word' id='word_1_693' title='bbox 834 5778 991 5826; x_wconf 82' lang='lat' dir='ltr'><strong>antea</strong></span> <span class='ocrx_word' id='word_1_694' title='bbox 1017 5785 1123 5827; x_wconf 87' lang='lat' dir='ltr'><strong>non</strong></span> <span class='ocrx_word' id='word_1_695' title='bbox 1150 5781 1265 5830; x_wconf 87' lang='lat' dir='ltr'><strong>erat</strong></span> <span class='ocrx_word' id='word_1_696' title='bbox 1290 5786 1303 5828; x_wconf 89' lang='lat'><strong>:</strong></span> <span class='ocrx_word' id='word_1_697' title='bbox 1329 5778 1577 5828; x_wconf 91' lang='lat' dir='ltr'><strong>neutrum</strong></span> <span class='ocrx_word' id='word_1_698' title='bbox 1602 5769 1763 5842; x_wconf 85' lang='lat' dir='ltr'><strong>igitur</strong></span> <span class='ocrx_word' id='word_1_699' title='bbox 1784 5767 2145 5845; x_wconf 81' lang='lat' dir='ltr'><strong>compositum</strong></span> 
     </span>
    </p>
   </div>
   <div class='ocr_carea' id='block_1_98' title="bbox 820 5950 1152 5968">
    <p class='ocr_par' dir='ltr' id='par_1_98' title="bbox 820 5950 1152 5968">
     <span class='ocr_line' id='line_1_100' title="bbox 820 5950 1152 5968; baseline -0.012 -1"><span class='ocrx_word' id='word_1_700' title='bbox 820 5952 823 5956; x_wconf 83' lang='lat'><em>‘</em></span> <span class='ocrx_word' id='word_1_701' title='bbox 910 5950 995 5968; x_wconf 51' lang='lat' dir='ltr'><strong>Nn...</strong></span> <span class='ocrx_word' id='word_1_702' title='bbox 1100 5951 1152 5964; x_wconf 56' lang='grc' dir='ltr'>,με</span> 
     </span>
    </p>
   </div>
   <div class='ocr_carea' id='block_1_99' title="bbox 2332 1794 3760 1869">
    <p class='ocr_par' dir='ltr' id='par_1_99' title="bbox 2332 1794 3760 1869">
     <span class='ocr_line' id='line_1_101' title="bbox 2332 1794 3760 1869; baseline 0.006 -21"><span class='ocrx_word' id='word_1_703' title='bbox 2332 1794 2559 1853; x_wconf 82' lang='lat' dir='ltr'><strong>Gratiosi</strong></span> <span class='ocrx_word' id='word_1_704' title='bbox 2587 1798 2771 1854; x_wconf 88' lang='lat' dir='ltr'><strong>medici</strong></span> <span class='ocrx_word' id='word_1_705' title='bbox 2814 1799 3066 1869; x_wconf 84' lang='lat' dir='ltr'><strong>incipiunt</strong></span> <span class='ocrx_word' id='word_1_706' title='bbox 3110 1801 3548 1857; x_wconf 86' lang='lat' dir='ltr'><strong>considerationem</strong></span> <span class='ocrx_word' id='word_1_707' title='bbox 3580 1819 3693 1857; x_wconf 70' lang='lat' dir='ltr'><strong>suam</strong></span> <span class='ocrx_word' id='word_1_708' title='bbox 3714 1803 3760 1857; x_wconf 78' lang='lat' dir='ltr'><strong>ab</strong></span> 
     </span>
    </p>
   </div>
   <div class='ocr_carea' id='block_1_100' title="bbox 2261 1864 3757 1943">
    <p class='ocr_par' dir='ltr' id='par_1_100' title="bbox 2261 1864 3757 1943">
     <span class='ocr_line' id='line_1_102' title="bbox 2261 1864 3757 1943; baseline 0.007 -24"><span class='ocrx_word' id='word_1_709' title='bbox 2261 1864 2482 1943; x_wconf 50' lang='grc' dir='ltr'>Ιιίιθιιφ</span> <span class='ocrx_word' id='word_1_710' title='bbox 2505 1869 2831 1943; x_wconf 80' lang='lat' dir='ltr'><strong>demonstrat</strong></span> <span class='ocrx_word' id='word_1_711' title='bbox 2851 1864 3107 1943; x_wconf 78' lang='lat' dir='ltr'><strong>naturalis</strong></span> <span class='ocrx_word' id='word_1_712' title='bbox 3135 1870 3185 1941; x_wconf 82' lang='grc'><strong>(1</strong></span> <span class='ocrx_word' id='word_1_713' title='bbox 3196 1888 3230 1924; x_wconf 87' lang='lat' dir='ltr'><strong>n</strong></span> <span class='ocrx_word' id='word_1_714' title='bbox 3250 1874 3311 1926; x_wconf 89' lang='lat' dir='ltr'><strong>de</strong></span> <span class='ocrx_word' id='word_1_715' title='bbox 3337 1872 3487 1927; x_wconf 72' lang='lat' dir='ltr'><strong>Sensit</strong></span> <span class='ocrx_word' id='word_1_716' title='bbox 3510 1886 3549 1927; x_wconf 83' lang='lat' dir='ltr'><strong>et</strong></span> <span class='ocrx_word' id='word_1_717' title='bbox 3570 1873 3757 1943; x_wconf 70' lang='grc' dir='ltr'>ιενιιαιο).</span> 
     </span>
    </p>
   </div>
   <div class='ocr_carea' id='block_1_101' title="bbox 2333 1936 3758 2012">
    <p class='ocr_par' dir='ltr' id='par_1_101' title="bbox 2333 1936 3758 2012">
     <span class='ocr_line' id='line_1_103' title="bbox 2333 1936 3758 2012; baseline 0.003 -20"><span class='ocrx_word' id='word_1_718' title='bbox 2333 1936 2641 2012; x_wconf 70' lang='lat' dir='ltr'><strong>Gratissima</strong></span> <span class='ocrx_word' id='word_1_719' title='bbox 2666 1951 2784 1995; x_wconf 87' lang='lat' dir='ltr'><strong>sunt</strong></span> <span class='ocrx_word' id='word_1_720' title='bbox 2812 1940 3057 2012; x_wconf 74' lang='lat' dir='ltr'><strong>beneﬁcia</strong></span> <span class='ocrx_word' id='word_1_721' title='bbox 3085 1936 3350 2012; x_wconf 48' lang='lat' dir='ltr'><strong>in&#39;quibus</strong></span> <span class='ocrx_word' id='word_1_722' title='bbox 3378 1945 3506 1998; x_wconf 88' lang='lat' dir='ltr'><strong>nulla</strong></span> <span class='ocrx_word' id='word_1_723' title='bbox 3532 1960 3647 1998; x_wconf 84' lang='lat' dir='ltr'><strong>mora</strong></span> <span class='ocrx_word' id='word_1_724' title='bbox 3670 1936 3758 2012; x_wconf 78' lang='lat' dir='ltr'><strong>fuit,</strong></span> 
     </span>
    </p>
   </div>
   <div class='ocr_carea' id='block_1_102' title="bbox 2260 2007 3756 2095">
    <p class='ocr_par' dir='ltr' id='par_1_102' title="bbox 2260 2007 3756 2095">
     <span class='ocr_line' id='line_1_104' title="bbox 2260 2007 3756 2095; baseline 0.005 -34"><span class='ocrx_word' id='word_1_725' title='bbox 2260 2007 2382 2095; x_wconf 53' lang='lat' dir='ltr'><strong>nisi</strong></span> <span class='ocrx_word' id='word_1_726' title='bbox 2402 2010 2799 2095; x_wconf 45' lang='lat' dir='ltr'><strong>irinocf-ipientis</strong></span> <span class='ocrx_word' id='word_1_727' title='bbox 2841 2007 3147 2095; x_wconf 60' lang='lat' dir='ltr'><strong>verecundia</strong></span> <span class='ocrx_word' id='word_1_728' title='bbox 3176 2007 3396 2095; x_wconf 39' lang='lat' dir='ltr'><strong>(‘Sene‘c‘a</strong></span> <span class='ocrx_word' id='word_1_729' title='bbox 3425 2015 3482 2095; x_wconf 79' lang='lat' dir='ltr'><strong>de</strong></span> <span class='ocrx_word' id='word_1_730' title='bbox 3510 2007 3756 2084; x_wconf 53' lang='lat' dir='ltr'><strong>Beneﬁciis);</strong></span> 
     </span>
    </p>
   </div>
   <div class='ocr_carea' id='block_1_103' title="bbox 2259 2076 3519 2154">
    <p class='ocr_par' dir='ltr' id='par_1_103' title="bbox 2259 2076 3519 2154">
     <span class='ocr_line' id='line_1_105' title="bbox 2259 2076 3519 2154; baseline 0.002 -19"><span class='ocrx_word' id='word_1_731' title='bbox 2259 2076 2420 2136; x_wconf 79' lang='lat' dir='ltr'><strong>Juxta</strong></span> <span class='ocrx_word' id='word_1_732' title='bbox 2448 2081 2577 2137; x_wconf 88' lang='lat' dir='ltr'><strong>illud</strong></span> <span class='ocrx_word' id='word_1_733' title='bbox 2609 2076 2899 2154; x_wconf 78' lang='lat' dir='ltr'><strong>vulgatum,</strong></span> <span class='ocrx_word' id='word_1_734' title='bbox 2932 2082 3034 2150; x_wconf 82' lang='lat' dir='ltr'><strong>Qui</strong></span> <span class='ocrx_word' id='word_1_735' title='bbox 3061 2086 3161 2138; x_wconf 83' lang='lat' dir='ltr'><strong>cito</strong></span> <span class='ocrx_word' id='word_1_736' title='bbox 3185 2076 3296 2152; x_wconf 80' lang='lat' dir='ltr'><strong>dat,</strong></span> <span class='ocrx_word' id='word_1_737' title='bbox 3324 2084 3396 2138; x_wconf 86' lang='lat' dir='ltr'><strong>bis</strong></span> <span class='ocrx_word' id='word_1_738' title='bbox 3420 2086 3519 2139; x_wconf 85' lang='lat' dir='ltr'><strong>dat.</strong></span> 
     </span>
    </p>
   </div>
   <div class='ocr_carea' id='block_1_104' title="bbox 2337 2284 3757 2358">
    <p class='ocr_par' dir='ltr' id='par_1_104' title="bbox 2337 2284 3757 2358">
     <span class='ocr_line' id='line_1_106' title="bbox 2337 2284 3757 2358; baseline 0.001 -18"><span class='ocrx_word' id='word_1_739' title='bbox 2337 2284 2510 2342; x_wconf 84' lang='lat' dir='ltr'><strong>Homo</strong></span> <span class='ocrx_word' id='word_1_740' title='bbox 2537 2294 2612 2343; x_wconf 89' lang='lat' dir='ltr'><strong>est</strong></span> <span class='ocrx_word' id='word_1_741' title='bbox 2637 2287 2857 2343; x_wconf 71' lang='lat' dir='ltr'><strong>maxime</strong></span> <span class='ocrx_word' id='word_1_742' title='bbox 2885 2286 3171 2342; x_wconf 86' lang='lat' dir='ltr'><strong>intellectus</strong></span> <span class='ocrx_word' id='word_1_743' title='bbox 3202 2287 3281 2358; x_wconf 79' lang='lat' dir='ltr'><strong>(is</strong></span> <span class='ocrx_word' id='word_1_744' title='bbox 3319 2287 3475 2357; x_wconf 70' lang='lat' dir='ltr'><strong>15th.).</strong></span> <span class='ocrx_word' id='word_1_745' title='bbox 3513 2286 3757 2357; x_wconf 83' lang='lat' dir='ltr'><strong>lntelligitur</strong></span> 
     </span>
    </p>
   </div>
   <div class='ocr_carea' id='block_1_105' title="bbox 2260 2357 3759 2429">
    <p class='ocr_par' dir='ltr' id='par_1_105' title="bbox 2260 2357 3759 2429">
     <span class='ocr_line' id='line_1_107' title="bbox 2260 2357 3759 2429; baseline -0.002 -16"><span class='ocrx_word' id='word_1_746' title='bbox 2260 2357 2403 2429; x_wconf 90' lang='lat' dir='ltr'><strong>quod</strong></span> <span class='ocrx_word' id='word_1_747' title='bbox 2437 2359 2740 2429; x_wconf 73' lang='lat' dir='ltr'><strong>intellectus</strong></span> <span class='ocrx_word' id='word_1_748' title='bbox 2769 2366 2857 2413; x_wconf 92' lang='lat' dir='ltr'><strong>est</strong></span> <span class='ocrx_word' id='word_1_749' title='bbox 2885 2359 3118 2413; x_wconf 93' lang='lat' dir='ltr'><strong>nobilior</strong></span> <span class='ocrx_word' id='word_1_750' title='bbox 3145 2369 3198 2414; x_wconf 93' lang='lat' dir='ltr'><strong>et</strong></span> <span class='ocrx_word' id='word_1_751' title='bbox 3216 2357 3547 2429; x_wconf 46' lang='lat' dir='ltr'><strong>&#39;principalior</strong></span> <span class='ocrx_word' id='word_1_752' title='bbox 3569 2375 3665 2429; x_wconf 84' lang='lat' dir='ltr'><strong>pars</strong></span> <span class='ocrx_word' id='word_1_753' title='bbox 3689 2357 3759 2429; x_wconf 79' lang='lat' dir='ltr'><strong>ho-</strong></span> 
     </span>
    </p>
   </div>
   <div class='ocr_carea' id='block_1_106' title="bbox 2262 2428 3757 2499">
    <p class='ocr_par' dir='ltr' id='par_1_106' title="bbox 2262 2428 3757 2499">
     <span class='ocr_line' id='line_1_108' title="bbox 2262 2428 3757 2499; baseline -0.001 -17"><span class='ocrx_word' id='word_1_754' title='bbox 2262 2428 2445 2499; x_wconf 82' lang='lat' dir='ltr'><strong>minis.</strong></span> <span class='ocrx_word' id='word_1_755' title='bbox 2497 2428 2596 2485; x_wconf 70' lang='grc' dir='ltr'>νει</span> <span class='ocrx_word' id='word_1_756' title='bbox 2642 2430 2837 2485; x_wconf 90' lang='lat' dir='ltr'><strong>dicitur</strong></span> <span class='ocrx_word' id='word_1_757' title='bbox 2876 2429 3019 2498; x_wconf 88' lang='lat' dir='ltr'><strong>quod</strong></span> <span class='ocrx_word' id='word_1_758' title='bbox 3068 2430 3158 2485; x_wconf 89' lang='lat' dir='ltr'><strong>ille</strong></span> <span class='ocrx_word' id='word_1_759' title='bbox 3206 2428 3364 2485; x_wconf 87' lang='lat' dir='ltr'><strong>homo</strong></span> <span class='ocrx_word' id='word_1_760' title='bbox 3411 2428 3757 2499; x_wconf 44' lang='lat' dir='ltr'><strong>magis&#39;proprie</strong></span> 
     </span>
    </p>
   </div>
   <div class='ocr_carea' id='block_1_107' title="bbox 2261 2498 3755 2571">
    <p class='ocr_par' dir='ltr' id='par_1_107' title="bbox 2261 2498 3755 2571">
     <span class='ocr_line' id='line_1_109' title="bbox 2261 2498 3755 2571; baseline -0.001 -19"><span class='ocrx_word' id='word_1_761' title='bbox 2261 2498 2459 2571; x_wconf 78' lang='lat' dir='ltr'><strong>dicitur</strong></span> <span class='ocrx_word' id='word_1_762' title='bbox 2488 2500 2671 2566; x_wconf 90' lang='lat' dir='ltr'><strong>homo,</strong></span> <span class='ocrx_word' id='word_1_763' title='bbox 2700 2501 2789 2571; x_wconf 87' lang='lat' dir='ltr'><strong>qui</strong></span> <span class='ocrx_word' id='word_1_764' title='bbox 2824 2499 2953 2555; x_wconf 81' lang='lat' dir='ltr'><strong>vivit</strong></span> <span class='ocrx_word' id='word_1_765' title='bbox 2980 2500 3276 2556; x_wconf 88' lang='lat' dir='ltr'><strong>secundum</strong></span> <span class='ocrx_word' id='word_1_766' title='bbox 3307 2501 3546 2555; x_wconf 87' lang='lat' dir='ltr'><strong>rationem</strong></span> <span class='ocrx_word' id='word_1_767' title='bbox 3573 2498 3616 2554; x_wconf 84' lang='lat' dir='ltr'><strong>et</strong></span> <span class='ocrx_word' id='word_1_768' title='bbox 3641 2500 3755 2552; x_wconf 85' lang='lat' dir='ltr'><strong>intel-</strong></span> 
     </span>
    </p>
   </div>
   <div class='ocr_carea' id='block_1_108' title="bbox 2262 2568 3757 2647">
    <p class='ocr_par' dir='ltr' id='par_1_108' title="bbox 2262 2568 3757 2647">
     <span class='ocr_line' id='line_1_110' title="bbox 2262 2568 3757 2647; baseline -0.001 -23"><span class='ocrx_word' id='word_1_769' title='bbox 2262 2568 2487 2636; x_wconf 87' lang='lat' dir='ltr'><strong>lectum,</strong></span> <span class='ocrx_word' id='word_1_770' title='bbox 2536 2586 2693 2647; x_wconf 73' lang='lat' dir='ltr'><strong>quam</strong></span> <span class='ocrx_word' id='word_1_771' title='bbox 2718 2568 3050 2647; x_wconf 58' lang='lat' dir='ltr'><strong>:ille__lrom_o</strong></span> <span class='ocrx_word' id='word_1_772' title='bbox 3077 2573 3167 2641; x_wconf 91' lang='lat' dir='ltr'><strong>qui</strong></span> <span class='ocrx_word' id='word_1_773' title='bbox 3196 2574 3329 2627; x_wconf 89' lang='lat' dir='ltr'><strong>vivit</strong></span> <span class='ocrx_word' id='word_1_774' title='bbox 3374 2571 3630 2647; x_wconf 80' lang='lat' dir='ltr'><strong>secundum</strong></span> <span class='ocrx_word' id='word_1_775' title='bbox 3669 2584 3757 2647; x_wconf 63' lang='lat' dir='ltr'><strong>seu:</strong></span> 
     </span>
    </p>
   </div>
   <div class='ocr_carea' id='block_1_109' title="bbox 2262 2638 3755 2708">
    <p class='ocr_par' dir='ltr' id='par_1_109' title="bbox 2262 2638 3755 2708">
     <span class='ocr_line' id='line_1_111' title="bbox 2262 2638 3755 2708; baseline 0.001 -15"><span class='ocrx_word' id='word_1_776' title='bbox 2262 2653 2421 2708; x_wconf 90' lang='lat' dir='ltr'><strong>sum,</strong></span> <span class='ocrx_word' id='word_1_777' title='bbox 2450 2638 2566 2698; x_wconf 52' lang='lat' dir='ltr'><strong>etc;</strong></span> <span class='ocrx_word' id='word_1_778' title='bbox 2618 2639 2772 2699; x_wconf 85' lang='lat' dir='ltr'><strong>Unde</strong></span> <span class='ocrx_word' id='word_1_779' title='bbox 2818 2641 2946 2695; x_wconf 90' lang='lat' dir='ltr'><strong>dicit</strong></span> <span class='ocrx_word' id='word_1_780' title='bbox 2992 2638 3389 2698; x_wconf 82' lang='lat' dir='ltr'><strong>Commentator</strong></span> <span class='ocrx_word' id='word_1_781' title='bbox 3432 2644 3493 2697; x_wconf 91' lang='lat' dir='ltr'><strong>de</strong></span> <span class='ocrx_word' id='word_1_782' title='bbox 3534 2638 3755 2695; x_wconf 75' lang='lat' dir='ltr'><strong>universali</strong></span> 
     </span>
    </p>
   </div>
   <div class='ocr_carea' id='block_1_110' title="bbox 2262 2711 3759 2783">
    <p class='ocr_par' dir='ltr' id='par_1_110' title="bbox 2262 2711 3759 2783">
     <span class='ocr_line' id='line_1_112' title="bbox 2262 2711 3759 2783; baseline -0.001 -18"><span class='ocrx_word' id='word_1_783' title='bbox 2262 2720 2447 2783; x_wconf 86' lang='lat' dir='ltr'><strong>contra</strong></span> <span class='ocrx_word' id='word_1_784' title='bbox 2480 2712 2602 2767; x_wconf 90' lang='lat' dir='ltr'><strong>illos</strong></span> <span class='ocrx_word' id='word_1_785' title='bbox 2628 2712 2725 2783; x_wconf 86' lang='lat' dir='ltr'><strong>qui</strong></span> <span class='ocrx_word' id='word_1_786' title='bbox 2748 2713 2931 2766; x_wconf 90' lang='lat' dir='ltr'><strong>vivunt</strong></span> <span class='ocrx_word' id='word_1_787' title='bbox 2959 2712 3252 2769; x_wconf 87' lang='lat' dir='ltr'><strong>secundum</strong></span> <span class='ocrx_word' id='word_1_788' title='bbox 3294 2730 3513 2776; x_wconf 89' lang='lat' dir='ltr'><strong>sensum,</strong></span> <span class='ocrx_word' id='word_1_789' title='bbox 3540 2712 3612 2765; x_wconf 72' lang='lat' dir='ltr'><strong>Va:</strong></span> <span class='ocrx_word' id='word_1_790' title='bbox 3632 2711 3759 2772; x_wconf 79' lang='lat' dir='ltr'><strong>vobis,</strong></span> 
     </span>
    </p>
   </div>
   <div class='ocr_carea' id='block_1_111' title="bbox 2261 2780 3761 2854">
    <p class='ocr_par' dir='ltr' id='par_1_111' title="bbox 2261 2780 3761 2854">
     <span class='ocr_line' id='line_1_113' title="bbox 2261 2780 3761 2854; baseline -0.002 -19"><span class='ocrx_word' id='word_1_791' title='bbox 2261 2780 2442 2854; x_wconf 80' lang='lat' dir='ltr'><strong>quide</strong></span> <span class='ocrx_word' id='word_1_792' title='bbox 2464 2780 2689 2838; x_wconf 73' lang='lat' dir='ltr'><strong>numero</strong></span> <span class='ocrx_word' id='word_1_793' title='bbox 2716 2781 3006 2838; x_wconf 88' lang='lat' dir='ltr'><strong>bestiarum</strong></span> <span class='ocrx_word' id='word_1_794' title='bbox 3031 2786 3323 2854; x_wconf 88' lang='lat' dir='ltr'><strong>computati</strong></span> <span class='ocrx_word' id='word_1_795' title='bbox 3348 2785 3489 2851; x_wconf 87' lang='lat' dir='ltr'><strong>estis,</strong></span> <span class='ocrx_word' id='word_1_796' title='bbox 3510 2783 3700 2837; x_wconf 84' lang='lat' dir='ltr'><strong>divinum</strong></span> <span class='ocrx_word' id='word_1_797' title='bbox 3719 2786 3761 2833; x_wconf 86' lang='lat' dir='ltr'><strong>et</strong></span> 
     </span>
    </p>
   </div>
   <div class='ocr_carea' id='block_1_112' title="bbox 2264 2852 3435 2923">
    <p class='ocr_par' dir='ltr' id='par_1_112' title="bbox 2264 2852 3435 2923">
     <span class='ocr_line' id='line_1_114' title="bbox 2264 2852 3435 2923; baseline 0.003 -18"><span class='ocrx_word' id='word_1_798' title='bbox 2264 2852 2525 2923; x_wconf 78' lang='lat' dir='ltr'><strong>Optimum</strong></span> <span class='ocrx_word' id='word_1_799' title='bbox 2557 2856 2882 2922; x_wconf 87' lang='lat' dir='ltr'><strong>ignorantes,</strong></span> <span class='ocrx_word' id='word_1_800' title='bbox 2909 2854 3052 2923; x_wconf 90' lang='lat' dir='ltr'><strong>quod</strong></span> <span class='ocrx_word' id='word_1_801' title='bbox 3082 2857 3135 2909; x_wconf 92' lang='lat' dir='ltr'><strong>in</strong></span> <span class='ocrx_word' id='word_1_802' title='bbox 3158 2852 3317 2911; x_wconf 73' lang='lat' dir='ltr'><strong>vobis</strong></span> <span class='ocrx_word' id='word_1_803' title='bbox 3339 2865 3435 2911; x_wconf 90' lang='lat' dir='ltr'><strong>est.</strong></span> 
     </span>
    </p>
   </div>
   <div class='ocr_carea' id='block_1_113' title="bbox 2337 2922 3759 2997">
    <p class='ocr_par' dir='ltr' id='par_1_113' title="bbox 2337 2922 3759 2997">
     <span class='ocr_line' id='line_1_115' title="bbox 2337 2922 3759 2997; baseline -0.001 -22"><span class='ocrx_word' id='word_1_804' title='bbox 2337 2922 2629 2997; x_wconf 69' lang='lat' dir='ltr'><strong>Historiam</strong></span> <span class='ocrx_word' id='word_1_805' title='bbox 2648 2929 2713 2978; x_wconf 89' lang='lat' dir='ltr'><strong>de</strong></span> <span class='ocrx_word' id='word_1_806' title='bbox 2732 2924 2909 2997; x_wconf 78' lang='lat' dir='ltr'><strong>animo</strong></span> <span class='ocrx_word' id='word_1_807' title='bbox 2929 2922 2982 2979; x_wconf 83' lang='lat' dir='ltr'><strong>in</strong></span> <span class='ocrx_word' id='word_1_808' title='bbox 3008 2928 3190 2995; x_wconf 86' lang='lat' dir='ltr'><strong>primis</strong></span> <span class='ocrx_word' id='word_1_809' title='bbox 3213 2928 3439 2996; x_wconf 85' lang='lat' dir='ltr'><strong>ponimus</strong></span> <span class='ocrx_word' id='word_1_810' title='bbox 3459 2926 3497 2997; x_wconf 91' lang='lat' dir='ltr'><strong>(t</strong></span> <span class='ocrx_word' id='word_1_811' title='bbox 3516 2928 3570 2978; x_wconf 89' lang='lat' dir='ltr'><strong>de</strong></span> <span class='ocrx_word' id='word_1_812' title='bbox 3584 2923 3759 2987; x_wconf 77' lang='lat' dir='ltr'><strong>Anima).</strong></span> 
     </span>
    </p>
   </div>
   <div class='ocr_carea' id='block_1_114' title="bbox 2266 2993 3757 3064">
    <p class='ocr_par' dir='ltr' id='par_1_114' title="bbox 2266 2993 3757 3064">
     <span class='ocr_line' id='line_1_116' title="bbox 2266 2993 3757 3064; baseline -0.003 -17"><span class='ocrx_word' id='word_1_813' title='bbox 2266 2993 2439 3049; x_wconf 84' lang='lat' dir='ltr'><strong>Prima</strong></span> <span class='ocrx_word' id='word_1_814' title='bbox 2470 3004 2553 3050; x_wconf 89' lang='lat' dir='ltr'><strong>est</strong></span> <span class='ocrx_word' id='word_1_815' title='bbox 2583 2994 2827 3064; x_wconf 88' lang='lat' dir='ltr'><strong>ponenda</strong></span> <span class='ocrx_word' id='word_1_816' title='bbox 2859 2993 3275 3054; x_wconf 24' lang='lat' dir='ltr'><strong>inter‘scientias</strong></span> <span class='ocrx_word' id='word_1_817' title='bbox 3305 2993 3569 3057; x_wconf 82' lang='lat' dir='ltr'><strong>naturales,</strong></span> <span class='ocrx_word' id='word_1_818' title='bbox 3590 3009 3673 3048; x_wconf 67' lang='lat' dir='ltr'><strong>non</strong></span> <span class='ocrx_word' id='word_1_819' title='bbox 3692 3006 3757 3044; x_wconf 82' lang='lat' dir='ltr'><strong>au-</strong></span> 
     </span>
    </p>
   </div>
   <div class='ocr_carea' id='block_1_115' title="bbox 2265 3064 3761 3135">
    <p class='ocr_par' dir='ltr' id='par_1_115' title="bbox 2265 3064 3761 3135">
     <span class='ocr_line' id='line_1_117' title="bbox 2265 3064 3761 3135; baseline -0.001 -16"><span class='ocrx_word' id='word_1_820' title='bbox 2265 3074 2369 3120; x_wconf 86' lang='lat' dir='ltr'><strong>tern</strong></span> <span class='ocrx_word' id='word_1_821' title='bbox 2400 3067 2736 3135; x_wconf 85' lang='lat' dir='ltr'><strong>simpliciter,</strong></span> <span class='ocrx_word' id='word_1_822' title='bbox 2766 3068 2848 3121; x_wconf 90' lang='lat' dir='ltr'><strong>sic</strong></span> <span class='ocrx_word' id='word_1_823' title='bbox 2872 3067 3016 3122; x_wconf 91' lang='lat' dir='ltr'><strong>enim</strong></span> <span class='ocrx_word' id='word_1_824' title='bbox 3048 3068 3190 3125; x_wconf 90' lang='lat' dir='ltr'><strong>inter</strong></span> <span class='ocrx_word' id='word_1_825' title='bbox 3217 3065 3461 3125; x_wconf 87' lang='lat' dir='ltr'><strong>scientias</strong></span> <span class='ocrx_word' id='word_1_826' title='bbox 3488 3068 3601 3120; x_wconf 76' lang='lat' dir='ltr'><strong>latas</strong></span> <span class='ocrx_word' id='word_1_827' title='bbox 3624 3064 3761 3119; x_wconf 83' lang='lat' dir='ltr'><strong>huma-</strong></span> 
     </span>
    </p>
   </div>
   <div class='ocr_carea' id='block_1_116' title="bbox 2262 3138 3074 3208">
    <p class='ocr_par' dir='ltr' id='par_1_116' title="bbox 2262 3138 3074 3208">
     <span class='ocr_line' id='line_1_118' title="bbox 2262 3138 3074 3208; baseline 0.004 -18"><span class='ocrx_word' id='word_1_828' title='bbox 2262 3138 2750 3208; x_wconf 77' lang='lat' dir='ltr'><strong>nas_metaphysica</strong></span> <span class='ocrx_word' id='word_1_829' title='bbox 2775 3144 2860 3208; x_wconf 86' lang='lat' dir='ltr'><strong>est</strong></span> <span class='ocrx_word' id='word_1_830' title='bbox 2885 3140 3074 3206; x_wconf 89' lang='lat' dir='ltr'><strong>prima.</strong></span> 
     </span>
    </p>
   </div>
   <div class='ocr_carea' id='block_1_117' title="bbox 2276 3203 3761 3285">
    <p class='ocr_par' dir='ltr' id='par_1_117' title="bbox 2276 3203 3761 3285">
     <span class='ocr_line' id='line_1_119' title="bbox 2276 3203 3761 3285; baseline -0.009 -16"><span class='ocrx_word' id='word_1_831' title='bbox 2276 3242 2309 3285; x_wconf 57' lang='grc' dir='ltr'>ί</span> <span class='ocrx_word' id='word_1_832' title='bbox 2336 3203 2582 3263; x_wconf 75' lang='lat' dir='ltr'><strong>Homines</strong></span> <span class='ocrx_word' id='word_1_833' title='bbox 2598 3203 2652 3285; x_wconf 60' lang='lat' dir='ltr'><strong>ut</strong></span> <span class='ocrx_word' id='word_1_834' title='bbox 2668 3208 2723 3285; x_wconf 78' lang='lat' dir='ltr'><strong>in</strong></span> <span class='ocrx_word' id='word_1_835' title='bbox 2744 3203 3026 3285; x_wconf 62' lang='lat' dir='ltr'><strong>plurimum</strong></span> <span class='ocrx_word' id='word_1_836' title='bbox 3041 3211 3301 3285; x_wconf 78' lang='lat' dir='ltr'><strong>attingunt</strong></span> <span class='ocrx_word' id='word_1_837' title='bbox 3318 3207 3598 3274; x_wconf 67' lang='lat' dir='ltr'><strong>veritatemh</strong></span> <span class='ocrx_word' id='word_1_838' title='bbox 3615 3203 3761 3285; x_wconf 56' lang='lat' dir='ltr'><strong>Rhet).</strong></span> 
     </span>
    </p>
   </div>
   <div class='ocr_carea' id='block_1_118' title="bbox 2265 3274 3763 3351">
    <p class='ocr_par' dir='ltr' id='par_1_118' title="bbox 2265 3274 3763 3351">
     <span class='ocr_line' id='line_1_120' title="bbox 2265 3274 3763 3351; baseline -0.001 -20"><span class='ocrx_word' id='word_1_839' title='bbox 2265 3274 2462 3351; x_wconf 80' lang='lat' dir='ltr'><strong>Verum</strong></span> <span class='ocrx_word' id='word_1_840' title='bbox 2493 3288 2579 3334; x_wconf 89' lang='lat' dir='ltr'><strong>est</strong></span> <span class='ocrx_word' id='word_1_841' title='bbox 2605 3282 2660 3334; x_wconf 90' lang='lat' dir='ltr'><strong>in</strong></span> <span class='ocrx_word' id='word_1_842' title='bbox 2692 3274 2844 3334; x_wconf 84' lang='lat' dir='ltr'><strong>lactis</strong></span> <span class='ocrx_word' id='word_1_843' title='bbox 2876 3274 3323 3351; x_wconf 71' lang='lat' dir='ltr'><strong>particularibus,</strong></span> <span class='ocrx_word' id='word_1_844' title='bbox 3363 3298 3462 3337; x_wconf 93' lang='lat' dir='ltr'><strong>non</strong></span> <span class='ocrx_word' id='word_1_845' title='bbox 3498 3289 3645 3334; x_wconf 84' lang='lat' dir='ltr'><strong>autem</strong></span> <span class='ocrx_word' id='word_1_846' title='bbox 3680 3276 3763 3330; x_wconf 87' lang='lat' dir='ltr'><strong>uni-</strong></span> 
     </span>
    </p>
   </div>
   <div class='ocr_carea' id='block_1_119' title="bbox 2263 3350 3742 3427">
    <p class='ocr_par' dir='ltr' id='par_1_119' title="bbox 2263 3350 3742 3427">
     <span class='ocr_line' id='line_1_121' title="bbox 2263 3350 3742 3427; baseline 0.004 -25"><span class='ocrx_word' id='word_1_847' title='bbox 2263 3350 2575 3427; x_wconf 85' lang='lat' dir='ltr'><strong>ver_s_alibus.</strong></span> <span class='ocrx_word' id='word_1_848' title='bbox 2692 3419 2704 3427; x_wconf 91' lang='lat'>_</span> <span class='ocrx_word' id='word_1_849' title='bbox 2843 3419 2855 3427; x_wconf 88' lang='lat'>_</span> <span class='ocrx_word' id='word_1_850' title='bbox 3144 3422 3154 3427; x_wconf 87' lang='lat'>_</span> <span class='ocrx_word' id='word_1_851' title='bbox 3308 3350 3313 3351; x_wconf 32' lang='lat'>’</span> <span class='ocrx_word' id='word_1_852' title='bbox 3720 3415 3742 3427; x_wconf 44' lang='lat' dir='ltr'>J</span> 
     </span>
    </p>
   </div>
   <div class='ocr_carea' id='block_1_120' title="bbox 2335 3418 3764 3495">
    <p class='ocr_par' dir='ltr' id='par_1_120' title="bbox 2335 3418 3764 3495">
     <span class='ocr_line' id='line_1_122' title="bbox 2335 3418 3764 3495; baseline 0.002 -21"><span class='ocrx_word' id='word_1_853' title='bbox 2335 3418 2453 3475; x_wconf 82' lang='lat' dir='ltr'><strong>Hoc</strong></span> <span class='ocrx_word' id='word_1_854' title='bbox 2466 3432 2549 3495; x_wconf 89' lang='lat' dir='ltr'><strong>_est</strong></span> <span class='ocrx_word' id='word_1_855' title='bbox 2566 3436 2669 3495; x_wconf 13' lang='lat' dir='ltr'><strong>Aeni</strong></span> <span class='ocrx_word' id='word_1_856' title='bbox 2682 3419 2741 3495; x_wconf 86' lang='lat' dir='ltr'><strong>_in</strong></span> <span class='ocrx_word' id='word_1_857' title='bbox 2765 3419 2969 3495; x_wconf 79' lang='lat' dir='ltr'><strong>animo,</strong></span> <span class='ocrx_word' id='word_1_858' title='bbox 2988 3438 3109 3495; x_wconf 81' lang='lat' dir='ltr'><strong>ergo</strong></span> <span class='ocrx_word' id='word_1_859' title='bbox 3136 3422 3236 3479; x_wconf 84' lang='lat' dir='ltr'><strong>hoc</strong></span> <span class='ocrx_word' id='word_1_860' title='bbox 3260 3433 3336 3480; x_wconf 90' lang='lat' dir='ltr'><strong>est</strong></span> <span class='ocrx_word' id='word_1_861' title='bbox 3362 3439 3465 3491; x_wconf 84' lang='lat' dir='ltr'><strong>ens,</strong></span> <span class='ocrx_word' id='word_1_862' title='bbox 3484 3418 3764 3495; x_wconf 63' lang='lat' dir='ltr'><strong>consequth</strong></span> 
     </span>
    </p>
   </div>
   <div class='ocr_carea' id='block_1_121' title="bbox 2259 3489 3760 3565">
    <p class='ocr_par' dir='ltr' id='par_1_121' title="bbox 2259 3489 3760 3565">
     <span class='ocr_line' id='line_1_123' title="bbox 2259 3489 3760 3565; baseline -0.005 -19"><span class='ocrx_word' id='word_1_863' title='bbox 2259 3506 2365 3565; x_wconf 75' lang='lat' dir='ltr'><strong>non</strong></span> <span class='ocrx_word' id='word_1_864' title='bbox 2390 3493 2523 3546; x_wconf 83' lang='lat' dir='ltr'><strong>valet</strong></span> <span class='ocrx_word' id='word_1_865' title='bbox 2537 3493 2594 3565; x_wconf 90' lang='lat' dir='ltr'><strong>_(t</strong></span> <span class='ocrx_word' id='word_1_866' title='bbox 2622 3489 2896 3561; x_wconf 85' lang='lat' dir='ltr'><strong>Elenclt.).</strong></span> <span class='ocrx_word' id='word_1_867' title='bbox 2929 3489 3090 3565; x_wconf 14' lang='lat' dir='ltr'><strong>AVerhi</strong></span> <span class='ocrx_word' id='word_1_868' title='bbox 3129 3496 3323 3565; x_wconf 88' lang='lat' dir='ltr'><strong>gratia.</strong></span> <span class='ocrx_word' id='word_1_869' title='bbox 3376 3489 3654 3565; x_wconf 74' lang='lat' dir='ltr'><strong>intelligitur</strong></span> <span class='ocrx_word' id='word_1_870' title='bbox 3676 3490 3760 3565; x_wconf 73' lang='lat' dir='ltr'><strong>sic;</strong></span> 
     </span>
    </p>
   </div>
   <div class='ocr_carea' id='block_1_122' title="bbox 2263 3560 3762 3635">
    <p class='ocr_par' dir='ltr' id='par_1_122' title="bbox 2263 3560 3762 3635">
     <span class='ocr_line' id='line_1_124' title="bbox 2263 3560 3762 3635; baseline -0.005 -16"><span class='ocrx_word' id='word_1_871' title='bbox 2263 3560 2377 3635; x_wconf 75' lang='lat' dir='ltr'><strong>lloc</strong></span> <span class='ocrx_word' id='word_1_872' title='bbox 2414 3572 2522 3635; x_wconf 90' lang='lat' dir='ltr'><strong>est_</strong></span> <span class='ocrx_word' id='word_1_873' title='bbox 2536 3560 2700 3619; x_wconf 85' lang='lat' dir='ltr'><strong>homo</strong></span> <span class='ocrx_word' id='word_1_874' title='bbox 2738 3560 3033 3635; x_wconf 83' lang='lat' dir='ltr'><strong>secundum</strong></span> <span class='ocrx_word' id='word_1_875' title='bbox 3072 3560 3415 3635; x_wconf 74' lang='lat' dir='ltr'><strong>opinionem,</strong></span> <span class='ocrx_word' id='word_1_876' title='bbox 3452 3560 3563 3635; x_wconf 79' lang='lat' dir='ltr'><strong>ergo</strong></span> <span class='ocrx_word' id='word_1_877' title='bbox 3596 3560 3675 3613; x_wconf 86' lang='lat' dir='ltr'><strong>hoc</strong></span> <span class='ocrx_word' id='word_1_878' title='bbox 3699 3564 3762 3635; x_wconf 77' lang='lat' dir='ltr'><strong>est</strong></span> 
     </span>
    </p>
   </div>
   <div class='ocr_carea' id='block_1_123' title="bbox 2264 3630 3766 3760">
    <p class='ocr_par' dir='ltr' id='par_1_123' title="bbox 2264 3630 3766 3760">
     <span class='ocr_line' id='line_1_125' title="bbox 2264 3630 3766 3760; baseline -0.002 -72"><span class='ocrx_word' id='word_1_879' title='bbox 2264 3632 2451 3717; x_wconf 78' lang='lat' dir='ltr'><strong>homo.</strong></span> <span class='ocrx_word' id='word_1_880' title='bbox 2483 3632 3013 3760; x_wconf 48' lang='lat' dir='ltr'><strong>Consequentianon</strong></span> <span class='ocrx_word' id='word_1_881' title='bbox 3044 3630 3189 3692; x_wconf 80' lang='lat' dir='ltr'><strong>valet</strong></span> <span class='ocrx_word' id='word_1_882' title='bbox 3217 3652 3285 3692; x_wconf 80' lang='lat' dir='ltr'><strong>ex</strong></span> <span class='ocrx_word' id='word_1_883' title='bbox 3314 3630 3407 3703; x_wconf 89' lang='lat' dir='ltr'><strong>eo,</strong></span> <span class='ocrx_word' id='word_1_884' title='bbox 3428 3631 3681 3713; x_wconf 79' lang='lat' dir='ltr'><strong>quodesse</strong></span> <span class='ocrx_word' id='word_1_885' title='bbox 3697 3630 3766 3681; x_wconf 86' lang='lat' dir='ltr'><strong>h0-</strong></span> 
     </span>
     <span class='ocr_line' id='line_1_126' title="bbox 2264 3711 3760 3760; baseline -0.004 -1"><span class='ocrx_word' id='word_1_886' title='bbox 2264 3719 2462 3760; x_wconf 88' lang='lat' dir='ltr'><strong>mtnem</strong></span> <span class='ocrx_word' id='word_1_887' title='bbox 2490 3720 2657 3760; x_wconf 83' lang='lat' dir='ltr'><strong>secun</strong></span> <span class='ocrx_word' id='word_1_888' title='bbox 2701 3717 2787 3757; x_wconf 90' lang='lat' dir='ltr'><strong>um</strong></span> <span class='ocrx_word' id='word_1_889' title='bbox 2815 3718 3155 3760; x_wconf 83' lang='lat' dir='ltr'><strong>ontntonem.</strong></span> <span class='ocrx_word' id='word_1_890' title='bbox 3188 3716 3278 3760; x_wconf 81' lang='lat' dir='ltr'><strong>est</strong></span> <span class='ocrx_word' id='word_1_891' title='bbox 3305 3722 3423 3760; x_wconf 85' lang='lat' dir='ltr'><strong>esse</strong></span> <span class='ocrx_word' id='word_1_892' title='bbox 3451 3711 3678 3760; x_wconf 83' lang='lat' dir='ltr'><strong>hominem</strong></span> <span class='ocrx_word' id='word_1_893' title='bbox 3698 3711 3760 3753; x_wconf 81' lang='lat' dir='ltr'><strong>so-</strong></span> 
     </span>
    </p>
   </div>
   <div class='ocr_carea' id='block_1_124' title="bbox 2262 3703 3760 3775">
    <p class='ocr_par' dir='ltr' id='par_1_124' title="bbox 2262 3703 3760 3775">
     <span class='ocr_line' id='line_1_127' title="bbox 2262 3703 3760 3775; baseline -0.004 -16"><span class='ocrx_word' id='word_1_894' title='bbox 2262 3703 2462 3761; x_wconf 91' lang='lat' dir='ltr'><strong>minem</strong></span> <span class='ocrx_word' id='word_1_895' title='bbox 2490 3703 2787 3762; x_wconf 88' lang='lat' dir='ltr'><strong>secundum</strong></span> <span class='ocrx_word' id='word_1_896' title='bbox 2815 3704 3155 3775; x_wconf 86' lang='lat' dir='ltr'><strong>opinionem,</strong></span> <span class='ocrx_word' id='word_1_897' title='bbox 3188 3716 3278 3764; x_wconf 85' lang='lat' dir='ltr'><strong>est</strong></span> <span class='ocrx_word' id='word_1_898' title='bbox 3305 3722 3423 3764; x_wconf 86' lang='lat' dir='ltr'><strong>esse</strong></span> <span class='ocrx_word' id='word_1_899' title='bbox 3446 3703 3678 3760; x_wconf 80' lang='lat' dir='ltr'><strong>hominem</strong></span> <span class='ocrx_word' id='word_1_900' title='bbox 3698 3711 3760 3753; x_wconf 82' lang='lat' dir='ltr'><strong>so-</strong></span> 
     </span>
    </p>
   </div>
   <div class='ocr_carea' id='block_1_125' title="bbox 2261 3777 3646 3855">
    <p class='ocr_par' dir='ltr' id='par_1_125' title="bbox 2261 3777 3646 3855">
     <span class='ocr_line' id='line_1_128' title="bbox 2261 3777 3646 3855; baseline 0.018 -24"><span class='ocrx_word' id='word_1_901' title='bbox 2261 3777 2493 3855; x_wconf 67' lang='lat' dir='ltr'><strong>currdum</strong></span> <span class='ocrx_word' id='word_1_902' title='bbox 2520 3777 2667 3855; x_wconf 49' lang='lat' dir='ltr'><strong>quid:</strong></span> <span class='ocrx_word' id='word_1_903' title='bbox 2709 3850 2739 3855; x_wconf 83' lang='lat'><strong>__</strong></span> <span class='ocrx_word' id='word_1_904' title='bbox 2913 3849 2926 3855; x_wconf 88' lang='lat'>_</span> <span class='ocrx_word' id='word_1_905' title='bbox 3185 3850 3197 3855; x_wconf 90' lang='lat'><strong>_</strong></span> <span class='ocrx_word' id='word_1_906' title='bbox 3354 3848 3367 3855; x_wconf 87' lang='lat'><em>_</em></span> <span class='ocrx_word' id='word_1_907' title='bbox 3548 3846 3558 3855; x_wconf 92' lang='lat'><strong>.</strong></span> <span class='ocrx_word' id='word_1_908' title='bbox 3635 3842 3646 3855; x_wconf 92' lang='lat'><strong>.</strong></span> 
     </span>
    </p>
   </div>
   <div class='ocr_carea' id='block_1_126' title="bbox 2339 3838 3763 3920">
    <p class='ocr_par' dir='ltr' id='par_1_126' title="bbox 2339 3838 3763 3920">
     <span class='ocr_line' id='line_1_129' title="bbox 2339 3838 3763 3920; baseline 0.008 -19"><span class='ocrx_word' id='word_1_909' title='bbox 2339 3845 2513 3920; x_wconf 82' lang='lat' dir='ltr'><strong>Homo</strong></span> <span class='ocrx_word' id='word_1_910' title='bbox 2538 3838 2766 3905; x_wconf 78' lang='lat' dir='ltr'><strong>bestiolis</strong></span> <span class='ocrx_word' id='word_1_911' title='bbox 2793 3849 2980 3907; x_wconf 85' lang='lat' dir='ltr'><strong>centies</strong></span> <span class='ocrx_word' id='word_1_912' title='bbox 3008 3849 3253 3905; x_wconf 88' lang='lat' dir='ltr'><strong>millesies</strong></span> <span class='ocrx_word' id='word_1_913' title='bbox 3282 3848 3429 3920; x_wconf 86' lang='lat' dir='ltr'><strong>pejor</strong></span> <span class='ocrx_word' id='word_1_914' title='bbox 3450 3857 3517 3903; x_wconf 88' lang='lat' dir='ltr'><strong>est</strong></span> <span class='ocrx_word' id='word_1_915' title='bbox 3538 3842 3673 3920; x_wconf 69' lang='lat' dir='ltr'><strong>bestia</strong></span> <span class='ocrx_word' id='word_1_916' title='bbox 3691 3838 3763 3911; x_wconf 62' lang='grc' dir='ltr'><strong>(ἰι</strong></span> 
     </span>
    </p>
   </div>
   <div class='ocr_carea' id='block_1_127' title="bbox 2262 3914 3762 3994">
    <p class='ocr_par' dir='ltr' id='par_1_127' title="bbox 2262 3914 3762 3994">
     <span class='ocr_line' id='line_1_130' title="bbox 2262 3914 3762 3994; baseline -0.001 -23"><span class='ocrx_word' id='word_1_917' title='bbox 2262 3914 2438 3994; x_wconf 64' lang='lat' dir='ltr'><strong>Eun).</strong></span> <span class='ocrx_word' id='word_1_918' title='bbox 2493 3919 2806 3988; x_wconf 88' lang='lat' dir='ltr'><strong>lntelligitur</strong></span> <span class='ocrx_word' id='word_1_919' title='bbox 2834 3921 2975 3994; x_wconf 89' lang='lat' dir='ltr'><strong>quod</strong></span> <span class='ocrx_word' id='word_1_920' title='bbox 3022 3922 3185 3977; x_wconf 88' lang='lat' dir='ltr'><strong>homo</strong></span> <span class='ocrx_word' id='word_1_921' title='bbox 3217 3914 3405 3994; x_wconf 76' lang='lat' dir='ltr'><strong>vivens</strong></span> <span class='ocrx_word' id='word_1_922' title='bbox 3445 3928 3499 3975; x_wconf 93' lang='lat' dir='ltr'><strong>ut</strong></span> <span class='ocrx_word' id='word_1_923' title='bbox 3535 3916 3671 3973; x_wconf 82' lang='lat' dir='ltr'><strong>bestia</strong></span> <span class='ocrx_word' id='word_1_924' title='bbox 3696 3925 3762 3994; x_wconf 47' lang='lat' dir='ltr'><strong>se:</strong></span> 
     </span>
    </p>
   </div>
   <div class='ocr_carea' id='block_1_128' title="bbox 2263 3991 3765 4066">
    <p class='ocr_par' dir='ltr' id='par_1_128' title="bbox 2263 3991 3765 4066">
     <span class='ocr_line' id='line_1_131' title="bbox 2263 3991 3765 4066; baseline 0.012 -26"><span class='ocrx_word' id='word_1_925' title='bbox 2263 3992 2497 4066; x_wconf 77' lang='lat' dir='ltr'><strong>cundum</strong></span> <span class='ocrx_word' id='word_1_926' title='bbox 2544 4004 2760 4066; x_wconf 81' lang='lat' dir='ltr'><strong>sensum</strong></span> <span class='ocrx_word' id='word_1_927' title='bbox 2789 4034 2816 4066; x_wconf 95' lang='lat'><strong>,_</strong></span> <span class='ocrx_word' id='word_1_928' title='bbox 2851 3991 2928 4050; x_wconf 76' lang='grc' dir='ltr'><strong>ἐι</strong></span> <span class='ocrx_word' id='word_1_929' title='bbox 2975 4006 3081 4066; x_wconf 89' lang='lat' dir='ltr'><strong>non</strong></span> <span class='ocrx_word' id='word_1_930' title='bbox 3133 3991 3402 4066; x_wconf 78' lang='lat' dir='ltr'><strong>rationem</strong></span> <span class='ocrx_word' id='word_1_931' title='bbox 3423 4032 3440 4060; x_wconf 86' lang='lat'><strong>,</strong></span> <span class='ocrx_word' id='word_1_932' title='bbox 3500 4000 3572 4066; x_wconf 55' lang='lat' dir='ltr'><strong>ep!</strong></span> <span class='ocrx_word' id='word_1_933' title='bbox 3615 3992 3765 4066; x_wconf 62' lang='grc' dir='ltr'><strong>9⁸9υὲ</strong></span> 
     </span>
    </p>
   </div>
   <div class='ocr_carea' id='block_1_129' title="bbox 2261 4058 3764 4184">
    <p class='ocr_par' dir='ltr' id='par_1_129' title="bbox 2261 4058 3764 4184">
     <span class='ocr_line' id='line_1_132' title="bbox 2261 4058 3764 4184; baseline -0.025 -41"><span class='ocrx_word' id='word_1_934' title='bbox 2261 4060 2518 4184; x_wconf 39' lang='lat' dir='ltr'><strong>agili?“</strong></span> <span class='ocrx_word' id='word_1_935' title='bbox 2560 4061 2715 4134; x_wconf 75' lang='lat' dir='ltr'><strong>pejor</strong></span> <span class='ocrx_word' id='word_1_936' title='bbox 2742 4058 2930 4132; x_wconf 89' lang='lat' dir='ltr'><strong>asino,</strong></span> <span class='ocrx_word' id='word_1_937' title='bbox 2972 4065 3059 4121; x_wconf 90' lang='lat' dir='ltr'><strong>vel</strong></span> <span class='ocrx_word' id='word_1_938' title='bbox 3096 4064 3284 4136; x_wconf 84' lang='lat' dir='ltr'><strong>aliquo</strong></span> <span class='ocrx_word' id='word_1_939' title='bbox 3316 4058 3431 4121; x_wconf 88' lang='lat' dir='ltr'><strong>alio</strong></span> <span class='ocrx_word' id='word_1_940' title='bbox 3455 4058 3643 4117; x_wconf 81' lang='lat' dir='ltr'><strong>animali</strong></span> <span class='ocrx_word' id='word_1_941' title='bbox 3669 4058 3764 4110; x_wconf 62' lang='lat' dir='ltr'><strong>intr</strong></span> 
     </span>
     <span class='ocr_line' id='line_1_133' title="bbox 2432 4148 2467 4184; baseline 0 0"><span class='ocrx_word' id='word_1_942' title='bbox 2432 4148 2467 4184; x_wconf 85' lang='lat' dir='ltr'><strong>I.</strong></span> 
     </span>
    </p>
   </div>
   <div class='ocr_carea' id='block_1_130' title="bbox 2264 4140 2467 4185">
    <p class='ocr_par' dir='ltr' id='par_1_130' title="bbox 2264 4140 2467 4185">
     <span class='ocr_line' id='line_1_134' title="bbox 2264 4140 2467 4185; baseline 0.01 -2"><span class='ocrx_word' id='word_1_943' title='bbox 2264 4140 2423 4185; x_wconf 88' lang='lat' dir='ltr'><strong>uonal</strong></span> <span class='ocrx_word' id='word_1_944' title='bbox 2432 4140 2467 4185; x_wconf 82' lang='lat' dir='ltr'><strong>l.</strong></span> 
     </span>
    </p>
   </div>
   <div class='ocr_carea' id='block_1_131' title="bbox 2332 4191 3763 4276">
    <p class='ocr_par' dir='ltr' id='par_1_131' title="bbox 2332 4191 3763 4276">
     <span class='ocr_line' id='line_1_135' title="bbox 2332 4191 3763 4276; baseline 0.005 -21"><span class='ocrx_word' id='word_1_945' title='bbox 2332 4200 2510 4276; x_wconf 78' lang='lat' dir='ltr'><strong>Homo</strong></span> <span class='ocrx_word' id='word_1_946' title='bbox 2550 4212 2625 4258; x_wconf 89' lang='lat' dir='ltr'><strong>est</strong></span> <span class='ocrx_word' id='word_1_947' title='bbox 2668 4204 3045 4276; x_wconf 80' lang='lat' dir='ltr'><strong>quodammodo</strong></span> <span class='ocrx_word' id='word_1_948' title='bbox 3092 4207 3217 4276; x_wconf 81' lang='lat' dir='ltr'><strong>linis</strong></span> <span class='ocrx_word' id='word_1_949' title='bbox 3263 4207 3483 4263; x_wconf 77' lang='lat' dir='ltr'><strong>omnium</strong></span> <span class='ocrx_word' id='word_1_950' title='bbox 3525 4191 3763 4276; x_wconf 58' lang='lat' dir='ltr'><strong>(ll_Ph!&quot;)&#39;</strong></span> 
     </span>
    </p>
   </div>
   <div class='ocr_carea' id='block_1_132' title="bbox 2260 4271 3760 4353">
    <p class='ocr_par' dir='ltr' id='par_1_132' title="bbox 2260 4271 3760 4353">
     <span class='ocr_line' id='line_1_136' title="bbox 2260 4271 3760 4353; baseline -0.001 -26"><span class='ocrx_word' id='word_1_951' title='bbox 2260 4271 2637 4353; x_wconf 56' lang='lat' dir='ltr'><strong>{tespondetur</strong></span> <span class='ocrx_word' id='word_1_952' title='bbox 2664 4271 2805 4353; x_wconf 70' lang='lat' dir='ltr'><strong>quod</strong></span> <span class='ocrx_word' id='word_1_953' title='bbox 2830 4271 3151 4353; x_wconf 75' lang='lat' dir='ltr'><strong>Aristoteles</strong></span> <span class='ocrx_word' id='word_1_954' title='bbox 3196 4277 3279 4353; x_wconf 77' lang='lat' dir='ltr'><strong>ibi</strong></span> <span class='ocrx_word' id='word_1_955' title='bbox 3290 4348 3301 4353; x_wconf 87' lang='lat'><strong>_</strong></span> <span class='ocrx_word' id='word_1_956' title='bbox 3320 4271 3542 4353; x_wconf 76' lang='lat' dir='ltr'><strong>loquitur</strong></span> <span class='ocrx_word' id='word_1_957' title='bbox 3561 4272 3619 4325; x_wconf 89' lang='lat' dir='ltr'><strong>de</strong></span> <span class='ocrx_word' id='word_1_958' title='bbox 3642 4276 3760 4353; x_wconf 43' lang='lat' dir='ltr'><strong>teriri</strong></span> 
     </span>
    </p>
   </div>
   <div class='ocr_carea' id='block_1_133' title="bbox 2263 4343 3767 4422">
    <p class='ocr_par' dir='ltr' id='par_1_133' title="bbox 2263 4343 3767 4422">
     <span class='ocr_line' id='line_1_137' title="bbox 2263 4343 3767 4422; baseline -0.008 -24"><span class='ocrx_word' id='word_1_959' title='bbox 2263 4343 2418 4422; x_wconf 68' lang='lat' dir='ltr'><strong>[actis</strong></span> <span class='ocrx_word' id='word_1_960' title='bbox 2450 4349 2517 4422; x_wconf 86' lang='lat' dir='ltr'><strong>ab</strong></span> <span class='ocrx_word' id='word_1_961' title='bbox 2545 4343 2696 4401; x_wconf 55' lang='lat' dir='ltr'><strong>arte:</strong></span> <span class='ocrx_word' id='word_1_962' title='bbox 2730 4349 2999 4418; x_wconf 80' lang='lat' dir='ltr'><strong>Respeetu</strong></span> <span class='ocrx_word' id='word_1_963' title='bbox 3032 4348 3216 4422; x_wconf 83' lang='lat' dir='ltr'><strong>talium</strong></span> <span class='ocrx_word' id='word_1_964' title='bbox 3248 4343 3643 4422; x_wconf 65' lang='lat' dir='ltr'><strong>dicit&#39;honiinem</strong></span> <span class='ocrx_word' id='word_1_965' title='bbox 3668 4348 3767 4405; x_wconf 57' lang='lat' dir='ltr'><strong>quo:</strong></span> 
     </span>
    </p>
   </div>
   <div class='ocr_carea' id='block_1_134' title="bbox 2261 4414 3765 4490">
    <p class='ocr_par' dir='ltr' id='par_1_134' title="bbox 2261 4414 3765 4490">
     <span class='ocr_line' id='line_1_138' title="bbox 2261 4414 3765 4490; baseline -0.001 -21"><span class='ocrx_word' id='word_1_966' title='bbox 2261 4415 2549 4490; x_wconf 85' lang='lat' dir='ltr'><strong>damrnodo</strong></span> <span class='ocrx_word' id='word_1_967' title='bbox 2577 4432 2698 4473; x_wconf 87' lang='lat' dir='ltr'><strong>esse</strong></span> <span class='ocrx_word' id='word_1_968' title='bbox 2729 4414 2887 4475; x_wconf 82' lang='lat' dir='ltr'><strong>linem</strong></span> <span class='ocrx_word' id='word_1_969' title='bbox 2912 4459 2930 4486; x_wconf 92' lang='lat'><strong>,</strong></span> <span class='ocrx_word' id='word_1_970' title='bbox 2981 4420 3104 4490; x_wconf 89' lang='lat' dir='ltr'><strong>quia</strong></span> <span class='ocrx_word' id='word_1_971' title='bbox 3150 4434 3286 4475; x_wconf 90' lang='lat' dir='ltr'><strong>sane</strong></span> <span class='ocrx_word' id='word_1_972' title='bbox 3304 4423 3387 4490; x_wconf 56' lang='lat' dir='ltr'><strong>rad</strong></span> <span class='ocrx_word' id='word_1_973' title='bbox 3427 4414 3634 4471; x_wconf 87' lang='lat' dir='ltr'><strong>hominis</strong></span> <span class='ocrx_word' id='word_1_974' title='bbox 3658 4421 3765 4490; x_wconf 68' lang='lat' dir='ltr'><strong>cqmj</strong></span> 
     </span>
    </p>
   </div>
   <div class='ocr_carea' id='block_1_135' title="bbox 2176 4472 3764 4546">
    <p class='ocr_par' dir='ltr' id='par_1_135' title="bbox 2176 4472 3764 4546">
     <span class='ocr_line' id='line_1_139' title="bbox 2176 4472 3764 4546; baseline -0.004 -3"><span class='ocrx_word' id='word_1_975' title='bbox 2176 4472 2235 4533; x_wconf 72' lang='grc'><strong>1)</strong></span> <span class='ocrx_word' id='word_1_976' title='bbox 2260 4488 2473 4543; x_wconf 87' lang='lat' dir='ltr'><strong>modum</strong></span> <span class='ocrx_word' id='word_1_977' title='bbox 2499 4472 2690 4543; x_wconf 85' lang='lat' dir='ltr'><strong>omnes</strong></span> <span class='ocrx_word' id='word_1_978' title='bbox 2714 4472 3113 4546; x_wconf 57' lang='lat' dir='ltr'><strong>artesinve&#39;ntae</strong></span> <span class='ocrx_word' id='word_1_979' title='bbox 3143 4472 3290 4545; x_wconf 71' lang='lat' dir='ltr'><strong>sunt.</strong></span> <span class='ocrx_word' id='word_1_980' title='bbox 3325 4489 3501 4543; x_wconf 86' lang='lat' dir='ltr'><strong>Potest</strong></span> <span class='ocrx_word' id='word_1_981' title='bbox 3523 4492 3672 4539; x_wconf 87' lang='lat' dir='ltr'><strong>autem</strong></span> <span class='ocrx_word' id='word_1_982' title='bbox 3693 4478 3764 4528; x_wconf 79' lang='grc' dir='ltr'><strong>Ιιοο</strong></span> 
     </span>
    </p>
   </div>
   <div class='ocr_carea' id='block_1_136' title="bbox 2256 4549 3765 4632">
    <p class='ocr_par' dir='ltr' id='par_1_136' title="bbox 2256 4549 3765 4632">
     <span class='ocr_line' id='line_1_140' title="bbox 2256 4549 3765 4632; baseline -0.003 -21"><span class='ocrx_word' id='word_1_983' title='bbox 2256 4558 2664 4632; x_wconf 75' lang='lat' dir='ltr'><strong>axiomaetiam</strong></span> <span class='ocrx_word' id='word_1_984' title='bbox 2695 4560 3012 4632; x_wconf 86' lang='lat' dir='ltr'><strong>simpliciter</strong></span> <span class='ocrx_word' id='word_1_985' title='bbox 3040 4560 3293 4632; x_wconf 85' lang='lat' dir='ltr'><strong>intelligi,</strong></span> <span class='ocrx_word' id='word_1_986' title='bbox 3319 4571 3378 4614; x_wconf 89' lang='lat' dir='ltr'><strong>ut</strong></span> <span class='ocrx_word' id='word_1_987' title='bbox 3402 4559 3552 4632; x_wconf 83' lang='lat' dir='ltr'><strong>homo</strong></span> <span class='ocrx_word' id='word_1_988' title='bbox 3570 4549 3765 4632; x_wconf 65' lang='lat' dir='ltr'><strong>quodth</strong></span> 
     </span>
    </p>
   </div>
   <div class='ocr_carea' id='block_1_137' title="bbox 2257 4627 3764 4707">
    <p class='ocr_par' dir='ltr' id='par_1_137' title="bbox 2257 4627 3764 4707">
     <span class='ocr_line' id='line_1_141' title="bbox 2257 4627 3764 4707; baseline 0 -25"><span class='ocrx_word' id='word_1_989' title='bbox 2257 4630 2417 4707; x_wconf 83' lang='lat' dir='ltr'><strong>rnodo</strong></span> <span class='ocrx_word' id='word_1_990' title='bbox 2447 4629 2518 4684; x_wconf 89' lang='lat' dir='ltr'><strong>sit</strong></span> <span class='ocrx_word' id='word_1_991' title='bbox 2548 4630 2672 4707; x_wconf 75' lang='lat' dir='ltr'><strong>linis</strong></span> <span class='ocrx_word' id='word_1_992' title='bbox 2701 4627 2943 4707; x_wconf 80' lang='lat' dir='ltr'><strong>omnium</strong></span> <span class='ocrx_word' id='word_1_993' title='bbox 2974 4632 3179 4707; x_wconf 80' lang='lat' dir='ltr'><strong>entium</strong></span> <span class='ocrx_word' id='word_1_994' title='bbox 3218 4627 3560 4707; x_wconf 74' lang='lat' dir='ltr'><strong>naturalium,</strong></span> <span class='ocrx_word' id='word_1_995' title='bbox 3594 4627 3764 4707; x_wconf 60' lang='lat' dir='ltr'><strong>proplff</strong></span> 
     </span>
    </p>
   </div>
   <div class='ocr_carea' id='block_1_138' title="bbox 2256 4698 3755 4774">
    <p class='ocr_par' dir='ltr' id='par_1_138' title="bbox 2256 4698 3755 4774">
     <span class='ocr_line' id='line_1_142' title="bbox 2256 4698 3755 4774; baseline 0.001 -20"><span class='ocrx_word' id='word_1_996' title='bbox 2256 4698 2528 4774; x_wconf 90' lang='lat' dir='ltr'><strong>hominem</strong></span> <span class='ocrx_word' id='word_1_997' title='bbox 2558 4700 2702 4756; x_wconf 84' lang='lat' dir='ltr'><strong>enim</strong></span> <span class='ocrx_word' id='word_1_998' title='bbox 2732 4704 2847 4760; x_wconf 71' lang='lat' dir='ltr'><strong>hec</strong></span> <span class='ocrx_word' id='word_1_999' title='bbox 2875 4704 3056 4759; x_wconf 80' lang='lat' dir='ltr'><strong>omnia</strong></span> <span class='ocrx_word' id='word_1_1000' title='bbox 3085 4713 3268 4757; x_wconf 88' lang='lat' dir='ltr'><strong>creata</strong></span> <span class='ocrx_word' id='word_1_1001' title='bbox 3298 4710 3439 4765; x_wconf 88' lang='lat' dir='ltr'><strong>sunt,</strong></span> <span class='ocrx_word' id='word_1_1002' title='bbox 3467 4700 3582 4767; x_wconf 84' lang='lat' dir='ltr'><strong>quin</strong></span> <span class='ocrx_word' id='word_1_1003' title='bbox 3606 4698 3755 4774; x_wconf 13' lang='grc' dir='ltr'>ειίὶιξξὲ</span> 
     </span>
    </p>
   </div>
   <div class='ocr_carea' id='block_1_139' title="bbox 2255 4759 3765 4847">
    <p class='ocr_par' dir='ltr' id='par_1_139' title="bbox 2255 4759 3765 4847">
     <span class='ocr_line' id='line_1_143' title="bbox 2255 4759 3765 4847; baseline -0.009 -14"><span class='ocrx_word' id='word_1_1004' title='bbox 2255 4773 2402 4847; x_wconf 63' lang='lat' dir='ltr'><strong>entia</strong></span> <span class='ocrx_word' id='word_1_1005' title='bbox 2431 4774 2796 4847; x_wconf 80' lang='lat' dir='ltr'><strong>metaphysica</strong></span> <span class='ocrx_word' id='word_1_1006' title='bbox 2829 4790 2925 4830; x_wconf 90' lang='lat' dir='ltr'><strong>seu</strong></span> <span class='ocrx_word' id='word_1_1007' title='bbox 2956 4759 3589 4847; x_wconf 39' lang='lat' dir='ltr'><strong>transnaturaliafputa,</strong></span> <span class='ocrx_word' id='word_1_1008' title='bbox 3616 4759 3765 4847; x_wconf 30' lang='lat' dir='ltr'><strong>iottlelli‘</strong></span> 
     </span>
    </p>
   </div>
   <div class='ocr_carea' id='block_1_140' title="bbox 2254 4841 3758 4914">
    <p class='ocr_par' dir='ltr' id='par_1_140' title="bbox 2254 4841 3758 4914">
     <span class='ocr_line' id='line_1_144' title="bbox 2254 4841 3758 4914; baseline -0.011 -15"><span class='ocrx_word' id='word_1_1009' title='bbox 2254 4845 2448 4913; x_wconf 72' lang='lat' dir='ltr'><strong>gentia:</strong></span> <span class='ocrx_word' id='word_1_1010' title='bbox 2494 4841 2695 4899; x_wconf 79' lang='lat' dir='ltr'><strong>habent</strong></span> <span class='ocrx_word' id='word_1_1011' title='bbox 2722 4846 2993 4901; x_wconf 87' lang='lat' dir='ltr'><strong>hominem</strong></span> <span class='ocrx_word' id='word_1_1012' title='bbox 3022 4858 3121 4914; x_wconf 87' lang='lat' dir='ltr'><strong>pro</strong></span> <span class='ocrx_word' id='word_1_1013' title='bbox 3149 4843 3260 4899; x_wconf 82' lang='lat' dir='ltr'><strong>line</strong></span> <span class='ocrx_word' id='word_1_1014' title='bbox 3307 4841 3604 4899; x_wconf 84' lang='lat' dir='ltr'><strong>secundaria</strong></span> <span class='ocrx_word' id='word_1_1015' title='bbox 3628 4841 3758 4914; x_wconf 77' lang='lat' dir='ltr'><strong>inten-</strong></span> 
     </span>
    </p>
   </div>
   <div class='ocr_carea' id='block_1_141' title="bbox 2257 4912 3763 4986">
    <p class='ocr_par' dir='ltr' id='par_1_141' title="bbox 2257 4912 3763 4986">
     <span class='ocr_line' id='line_1_145' title="bbox 2257 4912 3763 4986; baseline 0.001 -18"><span class='ocrx_word' id='word_1_1016' title='bbox 2257 4912 2423 4980; x_wconf 87' lang='lat' dir='ltr'><strong>tione,</strong></span> <span class='ocrx_word' id='word_1_1017' title='bbox 2475 4916 2726 4983; x_wconf 87' lang='lat' dir='ltr'><strong>primaria</strong></span> <span class='ocrx_word' id='word_1_1018' title='bbox 2773 4917 2914 4972; x_wconf 86' lang='lat' dir='ltr'><strong>enim</strong></span> <span class='ocrx_word' id='word_1_1019' title='bbox 2966 4912 3268 4972; x_wconf 80' lang='lat' dir='ltr'><strong>intentione</strong></span> <span class='ocrx_word' id='word_1_1020' title='bbox 3310 4920 3468 4986; x_wconf 88' lang='lat' dir='ltr'><strong>agunt</strong></span> <span class='ocrx_word' id='word_1_1021' title='bbox 3496 4912 3763 4982; x_wconf 67' lang='grc' dir='ltr'>ιιιοριετιεο</span> 
     </span>
    </p>
   </div>
   <div class='ocr_carea' id='block_1_142' title="bbox 2255 4986 3699 5057">
    <p class='ocr_par' dir='ltr' id='par_1_142' title="bbox 2255 4986 3699 5057">
     <span class='ocr_line' id='line_1_146' title="bbox 2255 4986 3699 5057; baseline 0.009 -19"><span class='ocrx_word' id='word_1_1022' title='bbox 2255 4986 2571 5057; x_wconf 72' lang='lat' dir='ltr'><strong>secundaria</strong></span> <span class='ocrx_word' id='word_1_1023' title='bbox 2599 4996 2818 5057; x_wconf 90' lang='lat' dir='ltr'><strong>propter</strong></span> <span class='ocrx_word' id='word_1_1024' title='bbox 2843 4986 3139 5042; x_wconf 83' lang='lat' dir='ltr'><strong>hominem.</strong></span> <span class='ocrx_word' id='word_1_1025' title='bbox 3334 5056 3339 5057; x_wconf 17' lang='grc' dir='ltr'>ί</span> <span class='ocrx_word' id='word_1_1026' title='bbox 3440 5055 3464 5057; x_wconf 81' lang='lat'><strong><em>__</em></strong></span> <span class='ocrx_word' id='word_1_1027' title='bbox 3578 5044 3618 5057; x_wconf 86' lang='grc'><strong>,,</strong></span> <span class='ocrx_word' id='word_1_1028' title='bbox 3676 5041 3699 5057; x_wconf 88' lang='grc'><strong>..</strong></span> 
     </span>
    </p>
   </div>
   <div class='ocr_carea' id='block_1_143' title="bbox 2326 5040 3764 5120">
    <p class='ocr_par' dir='ltr' id='par_1_143' title="bbox 2326 5040 3764 5120">
     <span class='ocr_line' id='line_1_147' title="bbox 2326 5040 3764 5120; baseline -0.005 -10"><span class='ocrx_word' id='word_1_1029' title='bbox 2326 5053 2499 5110; x_wconf 83' lang='lat' dir='ltr'><strong>Homo</strong></span> <span class='ocrx_word' id='word_1_1030' title='bbox 2527 5040 3224 5113; x_wconf 54' lang='grc' dir='ltr'>εόίὸειῗιίεᾶἱιιιιιιιιόιιιιιίιιιιι</span> <span class='ocrx_word' id='word_1_1031' title='bbox 3249 5055 3547 5113; x_wconf 80' lang='lat' dir='ltr'><strong>animalium</strong></span> <span class='ocrx_word' id='word_1_1032' title='bbox 3572 5044 3648 5120; x_wconf 67' lang='lat' dir='ltr'><strong>(In</strong></span> <span class='ocrx_word' id='word_1_1033' title='bbox 3670 5040 3764 5096; x_wconf 66' lang='lat' dir='ltr'><strong>lib&quot;</strong></span> 
     </span>
    </p>
   </div>
   <div class='ocr_carea' id='block_1_144' title="bbox 2252 5124 3628 5201">
    <p class='ocr_par' dir='ltr' id='par_1_144' title="bbox 2252 5124 3628 5201">
     <span class='ocr_line' id='line_1_148' title="bbox 2252 5124 3628 5201; baseline 0.017 -23"><span class='ocrx_word' id='word_1_1034' title='bbox 2252 5127 2319 5183; x_wconf 84' lang='lat' dir='ltr'><strong>de</strong></span> <span class='ocrx_word' id='word_1_1035' title='bbox 2342 5124 2746 5201; x_wconf 53' lang='lat' dir='ltr'><strong>inspiratione).</strong></span> <span class='ocrx_word' id='word_1_1036' title='bbox 2836 5200 2841 5201; x_wconf 15' lang='grc' dir='ltr'><em>γ</em></span> <span class='ocrx_word' id='word_1_1037' title='bbox 3498 5192 3539 5201; x_wconf 82' lang='grc'><strong>,-</strong></span> <span class='ocrx_word' id='word_1_1038' title='bbox 3602 5191 3628 5201; x_wconf 92' lang='grc'><strong>..</strong></span> 
     </span>
    </p>
   </div>
   <div class='ocr_carea' id='block_1_145' title="bbox 2326 5181 3767 5273">
    <p class='ocr_par' dir='ltr' id='par_1_145' title="bbox 2326 5181 3767 5273">
     <span class='ocr_line' id='line_1_149' title="bbox 2326 5181 3767 5273; baseline -0.008 -21"><span class='ocrx_word' id='word_1_1039' title='bbox 2326 5181 2575 5253; x_wconf 74' lang='lat' dir='ltr'><strong>Homines</strong></span> <span class='ocrx_word' id='word_1_1040' title='bbox 2604 5181 2754 5273; x_wconf 73' lang='lat' dir='ltr'><strong>valde</strong></span> <span class='ocrx_word' id='word_1_1041' title='bbox 2790 5200 3005 5273; x_wconf 76' lang='lat' dir='ltr'><strong>pingues</strong></span> <span class='ocrx_word' id='word_1_1042' title='bbox 3048 5214 3171 5256; x_wconf 84' lang='lat' dir='ltr'><strong>raro</strong></span> <span class='ocrx_word' id='word_1_1043' title='bbox 3213 5205 3460 5273; x_wconf 74' lang='lat' dir='ltr'><strong>generant</strong></span> <span class='ocrx_word' id='word_1_1044' title='bbox 3489 5192 3571 5269; x_wconf 79' lang='lat' dir='ltr'><strong>(In</strong></span> <span class='ocrx_word' id='word_1_1045' title='bbox 3595 5190 3702 5247; x_wconf 75' lang='lat' dir='ltr'><strong>libro</strong></span> <span class='ocrx_word' id='word_1_1046' title='bbox 3723 5181 3767 5235; x_wconf 68' lang='grc' dir='ltr'>ἀι</span> 
     </span>
    </p>
   </div>
   <div class='ocr_carea' id='block_1_146' title="bbox 2255 5268 2988 5344">
    <p class='ocr_par' dir='ltr' id='par_1_146' title="bbox 2255 5268 2988 5344">
     <span class='ocr_line' id='line_1_150' title="bbox 2255 5268 2988 5344; baseline -0.001 -18"><span class='ocrx_word' id='word_1_1047' title='bbox 2255 5268 2601 5344; x_wconf 68' lang='lat' dir='ltr'><strong>Generatione</strong></span> <span class='ocrx_word' id='word_1_1048' title='bbox 2637 5268 2988 5344; x_wconf 68' lang='lat' dir='ltr'><strong>animalium).</strong></span> 
     </span>
    </p>
   </div>
   <div class='ocr_carea' id='block_1_147' title="bbox 2250 5324 3765 5485">
    <p class='ocr_par' dir='ltr' id='par_1_147' title="bbox 2250 5324 3765 5485">
     <span class='ocr_line' id='line_1_151' title="bbox 2250 5324 3765 5485; baseline -0.023 -73"><span class='ocrx_word' id='word_1_1049' title='bbox 2250 5324 2515 5485; x_wconf 45' lang='grc' dir='ltr'><strong>ἑοῖσιν</strong></span> <span class='ocrx_word' id='word_1_1050' title='bbox 2538 5324 2615 5399; x_wconf 83' lang='lat' dir='ltr'><strong>est</strong></span> <span class='ocrx_word' id='word_1_1051' title='bbox 2645 5324 2825 5416; x_wconf 10' lang='lat' dir='ltr'><strong>majori</strong></span> <span class='ocrx_word' id='word_1_1052' title='bbox 2844 5324 3180 5401; x_wconf 57' lang='lat' dir='ltr'><strong>inl&#39;tonsrate</strong></span> <span class='ocrx_word' id='word_1_1053' title='bbox 3207 5357 3365 5415; x_wconf 74' lang='lat' dir='ltr'><strong>quam</strong></span> <span class='ocrx_word' id='word_1_1054' title='bbox 3394 5341 3448 5397; x_wconf 81' lang='lat' dir='ltr'><strong>in</strong></span> <span class='ocrx_word' id='word_1_1055' title='bbox 3476 5340 3716 5395; x_wconf 70' lang='lat' dir='ltr'><strong>honorent:</strong></span> <span class='ocrx_word' id='word_1_1056' title='bbox 3735 5324 3765 5393; x_wconf 90' lang='lat' dir='ltr'><strong>(I</strong></span> 
     </span>
     <span class='ocr_line' id='line_1_152' title="bbox 2360 5429 2473 5469; baseline -0.044 -2"><span class='ocrx_word' id='word_1_1057' title='bbox 2360 5429 2423 5467; x_wconf 80' lang='lat' dir='ltr'><strong>rc.</strong></span> <span class='ocrx_word' id='word_1_1058' title='bbox 2456 5452 2473 5469; x_wconf 91' lang='lat'><strong>.</strong></span> 
     </span>
    </p>
   </div>
   <div class='ocr_carea' id='block_1_148' title="bbox 2360 5429 2473 5469">
    <p class='ocr_par' dir='ltr' id='par_1_148' title="bbox 2360 5429 2473 5469">
     <span class='ocr_line' id='line_1_153' title="bbox 2360 5429 2473 5469; baseline 0.027 -2"><span class='ocrx_word' id='word_1_1059' title='bbox 2360 5429 2423 5467; x_wconf 77' lang='grc' dir='ltr'><strong>ιο.</strong></span> <span class='ocrx_word' id='word_1_1060' title='bbox 2437 5429 2473 5469; x_wconf 66' lang='lat' dir='ltr'><strong>is</strong></span> 
     </span>
    </p>
   </div>
   <div class='ocr_carea' id='block_1_149' title="bbox 2324 5474 3765 5564">
    <p class='ocr_par' dir='ltr' id='par_1_149' title="bbox 2324 5474 3765 5564">
     <span class='ocr_line' id='line_1_154' title="bbox 2324 5474 3765 5564; baseline 0.012 -26"><span class='ocrx_word' id='word_1_1061' title='bbox 2324 5474 2497 5540; x_wconf 80' lang='lat' dir='ltr'><strong>Homo</strong></span> <span class='ocrx_word' id='word_1_1062' title='bbox 2523 5502 2720 5564; x_wconf 85' lang='lat' dir='ltr'><strong>semper</strong></span> <span class='ocrx_word' id='word_1_1063' title='bbox 2742 5486 2935 5560; x_wconf 85' lang='lat' dir='ltr'><strong>indiget</strong></span> <span class='ocrx_word' id='word_1_1064' title='bbox 2959 5487 3139 5564; x_wconf 64' lang='lat' dir='ltr'><strong>aliqua</strong></span> <span class='ocrx_word' id='word_1_1065' title='bbox 3158 5486 3511 5564; x_wconf 65' lang='grc' dir='ltr'><strong>ἀριςεωεὶοηερ</strong></span> <span class='ocrx_word' id='word_1_1066' title='bbox 3531 5474 3655 5564; x_wconf 57' lang='grc' dir='ltr'><strong>αἰψί</strong></span> 
     </span>
    </p>
   </div>
   <div class='ocr_carea' id='block_1_150' title="bbox 2251 5554 3765 5631">
    <p class='ocr_par' dir='ltr' id='par_1_150' title="bbox 2251 5554 3765 5631">
     <span class='ocr_line' id='line_1_155' title="bbox 2251 5554 3765 5631; baseline -0.009 -18"><span class='ocrx_word' id='word_1_1067' title='bbox 2251 5556 2374 5609; x_wconf 82' lang='lat' dir='ltr'><strong>dam</strong></span> <span class='ocrx_word' id='word_1_1068' title='bbox 2404 5554 2715 5631; x_wconf 57' lang='lat' dir='ltr'><strong>recreatione</strong></span> <span class='ocrx_word' id='word_1_1069' title='bbox 2741 5554 2952 5631; x_wconf 75' lang='lat' dir='ltr'><strong>propter</strong></span> <span class='ocrx_word' id='word_1_1070' title='bbox 2973 5554 3163 5615; x_wconf 73' lang='lat' dir='ltr'><strong>multos</strong></span> <span class='ocrx_word' id='word_1_1071' title='bbox 3189 5558 3394 5614; x_wconf 86' lang='lat' dir='ltr'><strong>labores</strong></span> <span class='ocrx_word' id='word_1_1072' title='bbox 3416 5558 3501 5629; x_wconf 79' lang='lat' dir='ltr'><strong>qui</strong></span> <span class='ocrx_word' id='word_1_1073' title='bbox 3526 5554 3609 5608; x_wconf 84' lang='lat' dir='ltr'><strong>sibi</strong></span> <span class='ocrx_word' id='word_1_1074' title='bbox 3633 5554 3765 5600; x_wconf 71' lang='grc' dir='ltr'><strong>κατ’</strong></span> 
     </span>
    </p>
   </div>
   <div class='ocr_carea' id='block_1_151' title="bbox 2249 5627 3767 5773">
    <p class='ocr_par' dir='ltr' id='par_1_151' title="bbox 2249 5627 3767 5773">
     <span class='ocr_line' id='line_1_156' title="bbox 2249 5627 3732 5713; baseline 0.005 -31"><span class='ocrx_word' id='word_1_1075' title='bbox 2249 5636 2371 5682; x_wconf 86' lang='lat' dir='ltr'><strong>runt</strong></span> <span class='ocrx_word' id='word_1_1076' title='bbox 2396 5630 2493 5711; x_wconf 73' lang='lat' dir='ltr'><strong>(vn</strong></span> <span class='ocrx_word' id='word_1_1077' title='bbox 2522 5627 2744 5712; x_wconf 76' lang='lat' dir='ltr'><strong>Ethic.).</strong></span> <span class='ocrx_word' id='word_1_1078' title='bbox 2841 5627 2850 5631; x_wconf 79' lang='grc'><em>’</em></span> <span class='ocrx_word' id='word_1_1079' title='bbox 3220 5702 3231 5713; x_wconf 39' lang='grc' dir='ltr'><strong>ο</strong></span> <span class='ocrx_word' id='word_1_1080' title='bbox 3430 5627 3435 5629; x_wconf 45' lang='grc'>⁷</span> <span class='ocrx_word' id='word_1_1081' title='bbox 3598 5691 3609 5703; x_wconf 69' lang='grc'><em>,</em></span> <span class='ocrx_word' id='word_1_1082' title='bbox 3724 5680 3732 5690; x_wconf 96' lang='grc'><em>.</em></span> 
     </span>
     <span class='ocr_line' id='line_1_157' title="bbox 2322 5691 3767 5773; baseline 0.003 -21"><span class='ocrx_word' id='word_1_1083' title='bbox 2322 5697 2577 5773; x_wconf 70' lang='lat' dir='ltr'><strong>Homines</strong></span> <span class='ocrx_word' id='word_1_1084' title='bbox 2614 5716 2770 5773; x_wconf 76' lang='lat' dir='ltr'><strong>unius</strong></span> <span class='ocrx_word' id='word_1_1085' title='bbox 2797 5703 2960 5773; x_wconf 82' lang='lat' dir='ltr'><strong>gentis</strong></span> <span class='ocrx_word' id='word_1_1086' title='bbox 2993 5700 3313 5773; x_wconf 69' lang='lat' dir='ltr'><strong>naturaer</strong></span> <span class='ocrx_word' id='word_1_1087' title='bbox 3340 5706 3462 5759; x_wconf 78' lang='lat' dir='ltr'><strong>stult</strong></span> <span class='ocrx_word' id='word_1_1088' title='bbox 3486 5706 3632 5767; x_wconf 67' lang='lat' dir='ltr'><strong>M9“</strong></span> <span class='ocrx_word' id='word_1_1089' title='bbox 3654 5691 3767 5745; x_wconf 51' lang='grc' dir='ltr'><strong>θνα</strong></span> 
     </span>
    </p>
   </div>
   <div class='ocr_carea' id='block_1_152' title="bbox 2248 5770 3035 5848">
    <p class='ocr_par' dir='ltr' id='par_1_152' title="bbox 2248 5770 3035 5848">
     <span class='ocr_line' id='line_1_158' title="bbox 2248 5770 3035 5848; baseline 0.008 -22"><span class='ocrx_word' id='word_1_1090' title='bbox 2248 5785 2404 5844; x_wconf 78' lang='lat' dir='ltr'><strong>quam</strong></span> <span class='ocrx_word' id='word_1_1091' title='bbox 2428 5771 2643 5829; x_wconf 71' lang='lat' dir='ltr'><strong>alterius</strong></span> <span class='ocrx_word' id='word_1_1092' title='bbox 2666 5770 3035 5848; x_wconf 65' lang='lat' dir='ltr'><strong>(vut&#39;EtltieJ.</strong></span> 
     </span>
    </p>
   </div>
   <div class='ocr_carea' id='block_1_153' title="bbox 2182 3103 2232 3169">
    <p class='ocr_par' dir='ltr' id='par_1_153' title="bbox 2182 3103 2232 3169">
     <span class='ocr_line' id='line_1_159' title="bbox 2182 3103 2232 3169; baseline 0 0"><span class='ocrx_word' id='word_1_1093' title='bbox 2182 3103 2232 3169; x_wconf 75' lang='grc' dir='ltr'>Ο</span> 
     </span>
    </p>
   </div>
  </div>
