4060 6368
270 355 417 416 ιοξε

874 326 1288 416 εεΝσιεΝτιΑε
1325 352 1838 414 ruuosormc/u

1948 352 1965 409 ἰ
2006 348 2439 410 ARISTOTELE
2478 346 2885 409 οοιιΕοτΑς.

3386 355 3529 413 ιοπ

272 468 495 541 intelligi
525 467 595 526 de
642 469 918 541 prioritale
961 481 1184 539 naturae,
1234 479 1289 525 et
1334 486 1438 525 non
1485 469 1760 537 temporis,
1790 476 1846 524 et
1871 468 1924 531 Α
1948 466 2089 541 ditur
2114 466 2484 541 ret_vnPolit.
2512 466 2932 541 Praetereacum
2963 466 3197 541 secretio
3218 468 3536 541 etdecretio

270 543 325 614 ly
357 543 613 614 naturain
647 551 847 597 tantum
878 543 1037 599 debet
1065 544 1247 597 valere
1270 542 1409 614 sicut
1438 541 1767 614 naturaliter.

345 612 522 667 Omnis
568 622 839 679 conceptus
880 615 1133 668 naturalis
1172 612 1444 667 sumendus
1493 621 1563 666 est
1598 628 1632 665 a
1682 612 1850 681 forma

270 686 369 764 (νιι
401 681 683 764 Metapli.).
719 684 917 764 verum
943 693 1050 764 est"
1072 684 1140 739 de
1176 682 1488 764 substantiis
1532 682 1850 764 habentibus

271 756 519 818 formam,
563 755 607 808 si
638 753 834 811 fuerint
875 756 1144 821 simplices
1192 763 1245 808 et
1282 753 1682 820 immateriales,
1711 753 1851 807 sicut

272 825 412 877 Dens
435 831 488 877 et
513 825 707 896 angeli,
738 834 860 880 tunc
898 839 1083 896 eorum
1126 831 1415 896 conceptus
1443 824 1739 879 essentialis
1763 838 1851 878 su-

271 895 608 966 nwmlusest
630 911 657 949 a
682 896 894 966 prepria
920 895 1268 963 perfectione,
1295 902 1350 949 et
1376 909 1403 948 a
1432 896 1642 964 propria
1668 909 1852 949 essen-

270 965 365 1019 tia.
401 964 550 1020 Unde
582 966 654 1020 nil
706 964 899 1021 mirum
933 968 977 1021 si
1010 968 1251 1034 proprius
1279 975 1567 1033 conceptus
1611 966 1850 1019 materia:

270 1036 457 1117 prima:
505 1050 607 1117 non
663 1038 889 1117 sumitur
912 1052 953 1117 _a
1005 1037 1173 1091 lorma
1224 1038 1391 1117 ipsius
1442 1036 1675 1117 propria,
1727 1037 1849 1117 quia

268 1107 469 1159 nullam
506 1107 683 1169 habet.
713 1108 806 1161 sed
844 1108 924 1161 vel
968 1116 1169 1160 tantum
1208 1123 1272 1162 ex
1304 1116 1424 1160 actu
1454 1107 1619 1175 ipsius
1658 1108 1851 1161 entita-

270 1178 400 1240 tivo,
434 1178 517 1231 vel
550 1193 640 1244 per
664 1178 960 1247 analogiam
988 1178 1052 1230 ad
1085 1178 1283 1231 formas
1308 1188 1361 1232 et
1389 1178 1763 1247 perfectiones,
1794 1184 1849 1232 et

266 1262 404 1317 quas
433 1248 593 1301 habet
636 1254 925 1317 potentiam
957 1249 1315 1303 essentialem.

345 1318 505 1372 Omne
532 1316 669 1387 quod
708 1321 836 1373 inest
868 1318 1060 1373 melici-i
1088 1329 1135 1372 et
1162 1319 1420 1382 nobiliori,
1466 1327 1539 1371 cst
1571 1318 1730 1387 magis
1756 1316 1850 1372 eli-

267 1390 491 1453 gendum
519 1392 581 1457 (ιι
612 1388 831 1460 Topic.).
887 1390 950 1460 Et
995 1389 1072 1444 sic
1102 1398 1415 1458 sequeretur
1456 1390 1590 1443 ultra
1634 1388 1847 1460 modum

267 1460 452 1513 bibere
478 1468 531 1514 et
558 1459 835 1528 crapuloSe
874 1459 1073 1525 vivere,
1103 1469 1155 1513 et
1186 1460 1311 1513 vitia
1337 1468 1515 1514 essent
1558 1459 1724 1527 magis
1752 1460 1850 1513 eli-

264 1530 464 1597 genda,
510 1543 576 1583 eo
614 1530 757 1599 quod
789 1533 967 1585 insunt
1011 1530 1320 1585 melioribus
1371 1538 1427 1584 et
1472 1528 1846 1594 nobilioribus,

265 1601 496 1666 scilicet,
536 1600 857 1655 hominibus.
890 1602 1049 1655 Bruta
1077 1599 1217 1655 enim
1251 1601 1303 1654 in
1332 1600 1512 1654 multis
1541 1609 1843 1667 temperan-

266 1669 377 1725 tius
403 1678 460 1726 et
504 1672 905 1726 convenientiae
930 1680 1133 1726 natura:
1161 1672 1346 1725 vivunt
1394 1685 1559 1739 quam
1582 1669 1846 1736 homines,

263 1739 339 1795 de
365 1756 465 1811 qua
496 1755 554 1795 re
576 1741 929 1809 pulcherrima
947 1742 1129 1796 videre
1155 1742 1308 1795 estin
1338 1738 1517 1811 libello
1534 1738 1843 1811 Plutarchi,

264 1810 447 1889 utrum
467 1812 631 1889 etiam
666 1812 823 1889 bruta
848 1812 1054 1867 ratione
1070 1813 1183 1889 sint
1205 1810 1447 1880 praedita.
1487 1810 1684 1889 Dicitur
1705 1811 1845 1880 quod
1879 1827 1927 1889 Β

265 1879 555 1953 βῑογόθῠθι
604 1883 848 1953 intelligi,
898 1899 1001 1937 non
1054 1882 1121 1937 de
1162 1879 1481 1953 quocunque
1525 1879 1845 1953 inexistente

266 1952 371 2020 ipsi
405 1953 541 2007 bono
579 1951 796 2007 meliori
827 1960 882 2007 et
926 1951 1175 2008 nobiliori
1215 1952 1314 2022 (sic
1342 1953 1483 2008 enim
1537 1952 1849 2019 procederet

263 2022 497 2091 objertin
525 2025 588 2075 tle
624 2025 632 2075 I
658 2024 836 2091 rutis),
870 2023 962 2078 sed
992 2024 1058 2078 de
1086 2023 1248 2090 bono,
1278 2032 1331 2077 et
1373 2036 1470 2077 nec
1498 2031 1621 2077 tunc
1643 2022 1848 2091 simpli-

261 2090 402 2164 citer
430 2107 609 2164 verum
639 2106 715 2146 Cal
747 2096 890 2164 (quia
920 2093 1206 2164 aliquando
1252 2093 1302 2148 id
1335 2094 1477 2163 quod
1507 2095 1645 2148 inest
1674 2090 1850 2164 minus

268 2161 417 2243 bono
432 2158 951 2243 simpliciter'melius
974 2158 1055 2219 est
1080 2164 1307 2243 ecquod
1334 2158 1475 2219 inest
1502 2164 1667 2243 magis
1685 2158 1847 2243 bono,

263 2233 365 2305 sed
384 2249 572 2305 verum
598 2245 682 2291 est
726 2237 1016 2291 secundum
1047 2233 1192 2305 quid,
1244 2235 1357 2289 sive
1386 2245 1444 2288 ut
1479 2235 1578 2300 sic,
1630 2234 1747 2303 quia
1796 2246 1852 2289 ut

265 2302 351 2377 sic
378 2304 539 2361 habet
560 2321 677 2377 esse
706 2308 971 2377 quoddam
1002 2302 1236 2376 dignius,
1267 2306 1379 2359 sive
1408 2302 1672 2377 rationem
1700 2304 1850 2358 nobi-

263 2372 479 2447 liorem,
511 2372 992 2447 ratione'subjecti,
1014 2372 1113 2445 qua
1151 2372 1369 2446 superat
1392 2373 1617 2447 alterum
1647 2375 1847 2447 bonum

263 2442 428 2527 etiam
471 2447 707 2571 alioquin
752 2442 976 2520 aequale,
1013 2442 1096 2503 vel
1128 2442 1287 2501 etiam
1316 2446 1488 2515 majus
1517 2447 1764 2532 existens.
1796 2446 1848 2499 in

263 2528 443 2571 minus
542 2533 628 2571 no.

262 2528 443 2571 mtuus
471 2528 628 2573 ῡοηο.

339 2584 810 2662 Omneintelligere
838 2600 909 2645 est
935 2589 1040 2662 pati
1068 2588 1148 2662 (ιιι
1177 2587 1496 2662 de_Aninia).
1530 2585 1723 2662 V_erum
1754 2586 1850 2652 Iest

262 2653 337 2711 de
368 2658 660 2729 intelligere
683 2653 918 2729 recepto,
935 2653 1135 2715 'l‘alsu'm
1158 2660 1222 2714 de
1245 2653 1541 2729 intelligere
1559 2658 1847 2726 irrecepto,

261 2736 390 2796 puta
421 2728 490 2784 de
517 2732 633 2799 ipso
666 2728 981 2802 intelligere
1025 2731 1139 2786 Dei.
1192 2731 1289 2784 Est
1337 2728 1480 2785 enim
1515 2728 1653 2783 Deus
1699 2736 1871 2785 actus

263 2812 435 2872 purus
455 2814 550 2869 per
566 2800 769 2872 nudam
802 2800 1109 2872 intelligens
1136 2802 1446 2865 essentiam,
1482 2813 1586 2853 non
1635 2812 1727 2866 per
1756 2814 1850 2872 po-

262 2870 483 2942 tentiam
528 2870 783 2942 aliquam,
824 2876 908 2927 vel
939 2870 1353 2927 iutellectionem
1401 2872 1560 2925 ullam
1593 2870 1850 2942 supcradf

259 2938 429 3013 ditam
455 2955 566 2996 sua:
595 2938 863 3013 essentia,
896 2944 1121 3013 ideoque
1166 2942 1312 2996 nullo
1342 2944 1499 2996 modo
1541 2948 1716 3010 potest
1743 2940 1847 2996 dici

259 3008 561 3083 intelligere
587 3012 703 3082 ejus
726 3008 1135 3082 esse'quoddam
1164 3013 1294 3083 pati.

338 3080 499 3155 Omne
537 3080 797 3138 alterabile
835 3080 908 3139 est
948 3080 1345 3155 corruptibile(t
1372 3080 1433 3155 de
1462 3080 1843 3155 Generatione).

334 3150 708 3225 Respondetur
735 3156 875 3225 quod
904 3150 1137 3224 loquitur
1164 3155 1233 3208 ibi
1270 3150 1337 3209 de
1380 3154 1696 3225 alterations
1727 3150 1841 3207 eor-

261 3224 494 3295 ruptiva,
522 3239 625 3279 non
656 3223 836 3282 autem
878 3223 1157 3292 salvativa,
1188 3239 1280 3279 seu
1312 3223 1600 3295 perlectiva
1620 3265 1633 3286 ,
1678 3238 1729 3278 v.
1761 3239 1840 3292 g.,

260 3293 518 3363 quidquid
567 3296 763 3359 calelit,
808 3298 890 3353 vel
935 3297 1147 3366 lrigelit,
1191 3293 1665 3366 estcorruptibile,
1697 3295 1840 3363 quod

258 3373 440 3419 autem
465 3366 716 3422 alteratur
746 3382 841 3437 per
881 3365 1275 3437 susceptionem
1305 3365 1540 3433 luminis,
1591 3373 1649 3417 ut
1698 3366 1839 3433 luna,

257 3449 362 3504 per
390 3438 777 3506 susceptionem
810 3439 1069 3505 scicntiaz,
1104 3448 1160 3493 ut
1181 3438 1355 3491 anima
1380 3437 1674 3503 rationalis,
1708 3444 1836 3503 etc.,

258 3521 375 3577 non
400 3517 481 3562 est
506 3509 879 3577 corruptibile.

337 3575 518 3659 omnis
571 3575 804 3659 quqlila_s_
850 3578 1143 3633 denominat
1195 3593 1342 3632 suum
1390 3576 1675 3659 subjectum
1736 3576 1846 3659 (1η

262 3645 730 3721 Prwdicamentis).
763 3650 875 3705 lloe
904 3659 985 3704 est
1018 3665 1111 3719 pro
1141 3660 1324 3721 natura
1355 3655 1410 3721 et
1433 3645 1639 3721 ratione
1666 3645 1846 3721 cujus-

262 3733 372 3788 que
399 3718 711 3777 accidentis’.
760 3722 925 3776 Aliter
968 3718 1109 3774 enim
1140 3720 1321 3789 utique
1359 3718 1669 3773 denominat
1708 3720 1846 3775 acci-

268 3793 408 3845 dens
436 3790 733 3858 relativum,
767 3792 920 3846 aliter
956 3792 1289 3856 absolutum;
1337 3789 1463 3844 illud
1496 3805 1616 3844 cum
1658 3790 1845 3846 ordine

258 3860 330 3915 ad
365 3860 611 3929 alterum,
644 3862 747 3917 hoc
786 3864 902 3917 sine
951 3863 1041 3916 tali
1085 3862 1293 3916 ordine.
1324 3859 1524 3915 Deinde
1566 3860 1727 3930 piscis
1757 3860 1845 3916 ille

255 3931 353 4001 qui
388 3933 608 4000 torpedo
642 3940 876 4000 vocatur,
910 3948 1003 4003 per
1036 3944 1149 3988 rete
1180 3933 1543 4003 transmittens
1573 3942 1841 4000 torporem

258 4005 314 4057 in
358 4016 545 4058 manus
586 4002 930 4073 piscatorum,
978 4004 1282 4073 qualitatem
1332 4002 1548 4070 quidem
1598 4003 1843 4057 eamdem

258 4073 521 4144 imprimit
550 4075 601 4129 iu
630 4087 744 4130 rete
775 4083 827 4129 et
869 4076 921 4129 in
952 4090 1156 4137 ,tnanus
1201 4075 1557 4142 piscatorum;
1601 4081 1841 4144 attamen

264 4142 368 4198 nec
406 4143 593 4199 eodem
625 4146 784 4201 modo
805 4145 1060 4215 imprimit
1085 4154 1140 4199 et
1166 4146 1348 4209 allicit,
1382 4158 1482 4197 nec
1514 4142 1703 4197 eodem
1749 4143 1844 4197 de-

264 4216 529 4271 nominat.
563 4215 765 4272 Dicitur
787 4217 927 4272 enim
959 4231 1149 4270 manus
1172 4216 1450 4285 piscatoris
1473 4222 1703 4281 torpere,
1736 4230 1840 4270 non

258 4298 446 4341 tamen
473 4286 643 4357 ipsum
678 4298 812 4344 rete.
854 4287 957 4341 Ista
1012 4286 1151 4341 enim
1178 4284 1423 4355 qualitas
1462 4299 1566 4357 non
1613 4296 1694 4338 est
1721 4297 1839 4339 nata

258 4354 678 4426 unumquodque
705 4373 858 4414 suum
896 4358 1192 4427 subjectum
1220 4354 1433 4411 allicere
1462 4354 1650 4409 eodem
1682 4358 1841 4411 modo

253 4429 414 4483 sicuti
438 4428 647 4483 albcdo.

333 4497 545 4568 Oportet
590 4499 842 4571 principia
888 4515 1083 4568 semper
1137 4514 1341 4571 manere
1390 4498 1438 4567 (ι
1474 4495 1659 4571 Pltys.,
1715 4508 1834 4552 text.

253 4544 556 4640 curis.r
590 4544 1282 4641 ’Ῑιίὶὲιᾞέςῖιιιῖἒὲἑυηὲιυηῖ
1310 4544 1528 4634 Avern,
1556 4544 1836 4635 avidclicet,
1871 4544 1923 4606 D
1958 4544 1988 4641 _'
2019 4562 2182 4641 Omne
2226 4584 2310 4621 ens
2350 4544 2516 4622 l3habet
2583 4570 2807 4639 aliquant

260 4640 408 4710 quod
465 4641 719 4711 principia
771 4657 876 4697 non
924 4641 1120 4697 debent
1161 4655 1279 4696 esse
1331 4640 1747 4694 transmutabilia
1792 4649 1846 4711 et

258 4714 589 4832 fflilotér?blila
614 4709 675 4767 ex
705 4712 845 4768 aliis.
877 4712 943 4767 Et
971 4712 1086 4768 haec
1129 4721 1211 4766 est
1260 4711 1484 4765 intentio
1534 4709 1842 4779 l’htlosOphi

354 4798 368 4832 ι
412 4812 425 4832 ι
460 4823 472 4832 .

322 4781 472 4835 Μαι).

258 4782 502 4908 (“ignee
520 4856 659 4925 quod
686 4854 763 4923 ﬁt,
797 4854 856 4925 ﬁt
880 4871 912 4908 α
934 4854 1031 4908 sibi
1058 4851 1225 4919 simili
1257 4849 1658 4925 (vnAMetaphJ.
1688 4849 1843 4906 lntel-

258 4924 444 4992 ligitur
473 4922 571 4980 sic.
613 4922 807 4980 Un'me’
837 4927 977 4994 quod
1028 4926 1085 4979 lit
1134 4923 1475 4993 generatione
1528 4922 1746 4975 nuivoca
1789 4933 1844 4994 et

259 4996 596 5063 particulari,
624 4992 937 5065 simpliciter
958 4996 1016 5050 lit
1045 5011 1074 5050 a
1104 4992 1205 5050 sibi
1236 4994 1418 5065 simili.
1449 4995 1549 5049 i’er
1573 4994 1671 5046 hoc
1700 4992 1840 5062 quod

258 5066 480 5134 dicitur,
512 5064 861 5138 generatione
892 5068 1134 5131 univoca,
1167 5064 1521 5119 excluduntur
1551 5078 1759 5118 vermes
1789 5075 1842 5119 et

255 5138 360 5188 a!ia
395 5138 588 5215 similia
618 5138 890 5215 animalia,
912 5144 1197 5215 ⁵ιιιιειι-κειιιιιι
1218 5144 1272 5190 et
1294 5142 1616 5215 generantur
1642 5150 1706 5188 ex
1741 5150 1839 5215 pu-

256 5209 578 5264 trcl‘actione
613 5211 809 5264 virtute
847 5206 993 5263 solis.
1036 5206 1137 5263 Per
1168 5207 1267 5261 hoc
1294 5208 1432 5276 quod
1463 5208 1653 5261 dicitur
1682 5207 1843 5273 parti-

253 5280 450 5347 μήκη,
497 5280 796 5335 excluditur
843 5280 1004 5345 Deus,
1063 5278 1150 5348 qui
1196 5286 1277 5333 Cal
1316 5292 1474 5332 causa
1532 5278 1841 5333 universalis

252 5350 497 5402 otnniuni
526 5367 724 5406 rerum.

332 5422 574 5474 Omnium
600 5438 767 5477 rerum
799 5420 1053 5493 quantitas
1077 5419 1411 5493 determinata
1442 5427 1533 5484 est,
1566 5418 1841 5493 secundum

253 5493 659 5563 pinguitudinem
688 5502 735 5547 et
776 5490 1074 5563 parvitatem
1114 5492 1161 5563 (ι
1188 5490 1376 5561 Pltys.,
1419 5500 1537 5543 text.
1595 5491 1682 5563 illi,
1727 5490 1838 5559 58).

256 5561 564 5630 l'rojiositio
614 5561 879 5633 pnncipue
924 5565 1099 5619 locutn
1153 5562 1314 5617 habet
1367 5564 1419 5616 in
1464 5561 1761 5633 viventibus
1789 5571 1843 5617 et

255 5635 504 5704 partibus
530 5649 735 5690 eorum.
763 5632 815 5689 ln
844 5636 906 5689 iis
935 5636 1075 5689 enim
1104 5648 1297 5703 corpus
1328 5632 1642 5687 terminatur
1668 5635 1839 5685 maxi-

254 5721 347 5759 mo
377 5714 431 5760 ct
460 5706 683 5761 minimo
706 5707 1015 5770 intrinsece,
1044 5707 1292 5775 quoniam
1322 5713 1403 5757 est
1433 5705 1840 5757 instrumentum

255 5777 475 5847 animm,
517 5786 571 5831 ut
606 5792 671 5833 ex
713 5778 828 5847 ejus
868 5778 1178 5832 deﬁnitione
1218 5782 1379 5844 patet.
1427 5775 1612 5828 Omnis
1666 5781 1840 5829 autem

254 5845 329 5903 in.
348 5850 595 5905 trementi
624 5845 892 5919 quantitas
920 5849 1169 5919 utrinque
1200 5848 1476 5903 terminata
1505 5855 1604 5914 est,
1649 5854 1706 5900 ut
1737 5854 1841 5901 tra-

1870 3186 1917 3252 C

1950 540 2176 593 viventis
2207 537 2299 592 liat
2326 541 2393 592 ab
2436 539 2612 592 anima
2642 548 2696 593 et
2722 538 2904 593 calore
2942 538 3191 609 naturali,
3239 538 3293 593 in
3342 542 3536 609 quibus

1950 619 2032 663 est
2062 612 2233 663 virtus
2265 609 2433 675 linita,
2487 609 2657 679 ipsam
2697 623 2907 678 quoque
2956 608 3158 663 ﬁnitam
3187 623 3252 664 ac
3278 608 3535 668 determi-

1952 690 2129 733 natam
2159 694 2301 746 esse,
2330 693 2552 751 necesse
2572 680 2857 751 est._Adde
2873 680 3018 751 quod
3047 689 3235 734 natura
3261 681 3389 736 nihil
3408 683 3540 751 iacit

1950 752 2191 823 fortuito,
2216 760 2269 804 et
2297 750 2579 823 abhorreat
2608 748 3071 823 indeterminatum
3100 760 3155 804 et
3181 748 3533 823 indeﬁnitum,

1952 830 2009 875 ut
2036 832 2118 892 est
2146 821 2196 874 in
2230 836 2265 875 ιι
2295 830 2349 875 et
2391 836 2483 875 vin
2515 820 2678 892 Phys.
2714 821 2889 886 Quare
2929 829 3140 890 oportet
3182 820 3537 881 accrctionem

1951 891 2410 964 etgdecretionem
2444 891 2676 964 viventis
2726 907 2829 947 non
2881 906 3001 947 esse
3050 892 3541 964 indeterminatam,

1951 962 2102 1031 cujus
2148 961 2533 1017 terminationis
2564 976 2723 1033 causa
2770 969 2853 1017 est
2899 964 3095 1026 anima,
3142 963 3294 1033 cujus
3341 961 3543 1021 instrul

1951 1043 2187 1104 mentum
2220 1044 2302 1087 est
2324 1047 2539 1101 corpus.
2568 1032 2910 1102 lntelligenda
2938 1043 3022 1087 est
3050 1032 3213 1088 etiam
3244 1039 3537 1104 pr0positio

1950 1103 2017 1157 de
2049 1104 2226 1167 rebus,
2263 1113 2318 1158 ut
2343 1118 2437 1172 per
2468 1120 2525 1158 se
2555 1105 2811 1167 existunt,
2848 1119 2951 1158 non
2994 1104 3063 1159 de
3091 1104 3174 1158 his
3215 1103 3352 1173 qua!
3375 1107 3542 1162 inexi-

1950 1183 2097 1228 Stunt
2128 1173 2181 1228 in
2212 1175 2339 1241 alio,
2384 1183 2441 1229 ut
2482 1185 2606 1230 sunt
2634 1184 2811 1243 partes
2841 1174 3076 1229 continui
3120 1176 3171 1229 in
3215 1184 3344 1230 toto.
3384 1177 3539 1233 Plura

1950 1244 2071 1298 vide
2097 1244 2233 1312 apud
2261 1244 2429 1299 Tolet.
2464 1246 2602 1315 (Lib.
2637 1261 2652 1297 ι
2681 1244 2870 1314 Phys.,
2901 1255 3078 1314 qntest.
3108 1246 3189 1315 9).

2024 1315 2186 1367 Omne
2229 1315 2537 1384 principium
2587 1316 2728 1369 debet
2784 1332 2892 1369 esse
2938 1318 3213 1385 propositio
3254 1321 3541 1373 necessaria

1951 1383 1992 1453 (ι
2028 1383 2237 1455 I’Itgs.).
2273 1387 2584 1456 lntelligitur
2622 1387 2689 1441 de
2720 1383 2983 1456 principio
3013 1383 3313 1457 complere,
3342 1400 3396 1445 et
3429 1406 3535 1445 non

1949 1457 2265 1524 simpliciter
2316 1457 2486 1524 primo
2533 1458 2762 1525 alicujus
2804 1458 3065 1521 scientiae,
3100 1473 3206 1513 non
3250 1467 3428 1515 autem
3472 1462 3540 1516 do

1952 1526 2216 1595 principio
2242 1526 2581 1597 incomplexo
2607 1538 2661 1582 et
2681 1528 2997 1596 simpliciter
3020 1529 3209 1597 primo.
3241 1529 3368 1586 Tale
3398 1534 3538 1587 enim

1951 1597 2265 1665 principium
2296 1610 2502 1669 nonest
2526 1599 2835 1668 propositio,
2854 1598 2963 1653 imo
2986 1612 3085 1654 nec
3105 1612 3322 1669 semper
3350 1615 3541 1658 neces-

1948 1670 2145 1738 sarium
2178 1683 2295 1731 ens,
2319 1668 2413 1722 sed
2442 1669 2706 1737 quoddam
2731 1670 3044 1734 contingens
3068 1682 3121 1725 et
3136 1668 3500 1738 corruptibile.

2024 1736 2209 1791 Omnis
2228 1736 2513 1826 substantia
2533 1740 2738 1826 dignior
2762 1749 2836 1792 est
2856 1740 3116 1826 accidente
3137 1736 3539 1826 (vn-Hetaph.).

1954 1804 2147 1879 Verum
2178 1820 2261 1863 est
2309 1811 2375 1864 de
2406 1804 2665 1879 dignitate
2690 1811 2981 1877 essentiali,
3028 1804 3341 1867 non'autetn
3390 1804 3537 1870 eet-i-

1954 1877 2173 1953 dentali,
2221 1881 2345 1948 quia
2396 1877 3014 1953 accidentale‘accidens
3042 1891 3125 1936 est
3168 1883 3378 1953 dignius
3408 1887 3540 1941 sub-

1954 1950 2169 2023 stantia,
2202 1961 2259 2004 ut
2294 1950 2517 2023 patetin
2549 1951 2786 2023 scientiis
2812 1962 2866 2007 et
2898 1952 3195 2023 virtutibus,
3226 1950 3347 2023 quae
3394 1959 3541 2011 acci-

1954 2020 2133 2073 dentia
2161 2030 2287 2094 sunt
2315 2021 2555 2091 digniora
2586 2022 2742 2091 lignis
2793 2032 2849 2077 et
2894 2022 3178 2093 lapidibus,
3208 2020 3327 2094 quae
3360 2034 3538 2083 tamen

1956 2102 2082 2144 sunt
2106 2091 2433 2147 substantize.

2028 2161 2205 2242 Omnis
2245 2162 2701 2242 di/[eretttiaaebet
2723 2165 2859 2242 sumi
2880 2180 2912 2242 a_
2932 2164 3099 2232 [arma
3127 2166 3259 2242 (Per
3290 2167 3537 2242 Porph).

1954 2229 2264 2295 lntelligitur
2284 2229 2495 2289 :Omnis
2516 2234 2811 2290 dill‘erentia
2829 2229 2987 2291 debet
3002 2229 3142 2291 sumi
3157 2255 3185 2291 a
3202 2237 3372 2294 forma
3390 2229 3537 2295 eorti-

1954 2305 2189 2377 parando
2206 2317 2323 2377 com
2332 2306 2554 2373 positum
2578 2305 2645 2359 ad
2665 2306 3018 2374 compositum
3043 2308 3167 2374 ;sed
3184 2312 3544 2377 comparando

1952 2372 2183 2440 simplex
2215 2374 2281 2427 ad
2309 2376 2688 2443 compositum,
2718 2372 2842 2431 tunc
2872 2372 3200 2434 debet'sutni
3230 2394 3261 2433 a
3292 2372 3539 2437 materia.

2027 2442 2214 2528 Omnia
2241 2444 2416 2513 futura
2434 2442 2517 2528 ide.
2537 2450 2829 2502 necessitate
2867 2450 3086 2528 evenient
3121 2452 3161 2517 (ι
3189 2453 3311 2527 περὶ
3347 2458 3540 2528 Ἑρμη-

1956 2512 2134 2584 νείας).
2166 2512 2361 2587 Verum
2393 2527 2475 2572 est
2505 2518 2557 2571 in
2590 2532 2748 2573 sensu
2799 2512 3455 2587 contposito,'non'autein
3487 2526 3543 2580 in

1950 2586 2342 2658 sensurdiviso.
2373 2587 2463 2641 Vel
2490 2604 2671 2641 verum
2700 2596 2864 2643 estex
2893 2586 3195 2658 hypothesi,
3222 2608 3327 2647 non
3358 2601 3538 2650 autem

1958 2654 2294 2730 simpliciter.
2327 2657 2380 2713 Si
2402 2658 2549 2730 enim
2582 2659 2759 2714 l'utura
2788 2654 2948 2723 sunt;
2967 2654 3148 2730 utique
3174 2654 3424 2718 evenient
3448 2679 3541 2720 ne-

1951 2730 2205 2782 cessario.
2264 2729 2500 2798 ltnplicat
2555 2730 2696 2784 enim
2749 2729 3533 2797 contradictionem,eventura

1952 2810 2071 2852 esse
2097 2807 2148 2851 et
2178 2812 2285 2853 non
2310 2806 2584 2854 eventura.
2630 2800 2746 2855 Non
2794 2809 2969 2854 tamen
2999 2816 3328 2871 quaecunque
3364 2820 3533 2860 even-

1953 2875 2069 2921 tura
2095 2877 2239 2943 sunt,
2267 2879 2519 2943 eventura
2550 2880 2673 2924 sunt
2705 2874 3007 2927 necessario
3042 2875 3375 2943 simpliciter,
3424 2877 3539 2933 sive

1950 2939 2271 3010 necessitate
2296 2940 2525 3010 quadam
2549 2943 2814 2996 absoluta.

2025 3008 2187 3080 Omne
2203 3008 2336 3079 quod
2367 3022 2461 3079 est,
2489 3014 2694 3080 quando
2721 3024 2816 3078 est,
2847 3028 3045 3069 necesse
3070 3024 3143 3068 est
3171 3030 3299 3079 esse,
3323 3027 3369 3071 et
3392 3032 3542 3073 omne

1950 3079 2215 3158 quodnon
2243 3091 2335 3158 est,
2372 3079 2713 3158 quandonon
2744 3093 2838 3148 est,
2879 3100 3089 3158 necesse
3115 3095 3188 3158 est
3216 3102 3317 3158 non
3358 3103 3464 3142 esse
3502 3091 3540 3158 (ι

1948 3153 2067 3273 res!
2099 3149 2439 3226 Ἐρμηνείαέ).
2470 3153 2757 3210 Limitatur
2796 3154 2981 3211 eodem
3029 3157 3187 3211 modo
3233 3157 3373 3212 sicut
3401 3149 3540 3229 prai-

1948 3234 2010 3273 ce
2051 3236 2166 3273 ens.
2512 3240 2515 3241 ν

1947 3234 2166 3276 CCUODS.
2512 3240 2515 3241 ⁷

2022 3290 2199 3369 Omnis
2229 3294 2514 3369 di/I’erentia
2534 3294 2677 3369 debet
2700 3310 2979 3369 convocare
2998 3298 3215 3352 alteram
3242 3310 3438 3369 partem
3460 3303 3537 3356 rei

1946 3360 2075 3432 (Per
2114 3360 2437 3437 Porphyr.).
2488 3367 2800 3437 lntelligitur
2850 3370 2917 3424 de
2963 3371 3122 3424 rebus
3181 3360 3540 3430 eseentialiter

1946 3439 2279 3506 compositis,
2314 3452 2417 3491 non
2441 3446 2618 3491 autem
2646 3440 2999 3506 simplicibus.

1946 3540 1958 3565 ρ
2021 3504 2587 3584 Oppositornmeadent
2610 3518 2681 3562 est
2710 3504 2988 3584 disciplina
3012 3510 3088 3583 (tv
3109 3511 3391 3584 Metaph.).
3427 3513 3538 3569 lie-

1946 3580 2262 3655 Spandetur,
2298 3575 2671 3655 PtuIOSOphum
2697 3575 2992 3655 velle'quod
3021 3575 3418 3653 propositiones
3440 3599 3538 3655 op-

1946 3646 2135 3721 posita:
2158 3650 2438 3721 contrariae
2460 3646 2960 3707 et'contradicto'ria:
2984 3646 3280 3721 pertineant
3302 3656 3367 3710 ad
3390 3646 3538 3711 eam-

1946 3717 2067 3770 dctn
2099 3719 2372 3793 scientiam
2399 3722 2763 3793 materialiter.
2817 3724 2883 3776 Et
2914 3717 3097 3793 ita—qui
3121 3726 3425 3782 considerat
3468 3728 3537 3783 de

1946 3801 2099 3862 sano,
2140 3790 2442 3844 considerat
2471 3792 2649 3860 .etiatn
2696 3794 2762 3848 de
2810 3808 2951 3862 ωειο
2970 3790 3039 3850 ρι’
3068 3806 3274 3851 contra.
3328 3797 3538 3854 Rursus

1944 3859 2032 3927 qui
2062 3862 2364 3937 considerat
2394 3859 2979 3937 illampropositionem
3007 3882 3020 3919 :
3055 3867 3264 3937 Sanitas
3294 3877 3376 3921 est
3402 3882 3537 3937 qua-

1945 3938 2065 4003 tuor
2097 3932 2389 3999 primarum
2418 3932 2729 4001 qualitatum
2757 3938 3049 4003 proportio,
3075 3936 3288 3991 animali
3333 3932 3534 3993 conve-

1945 4000 2119 4065 niens,
2152 4006 2311 4076 etiam
2342 4000 2649 4076 considerat
2678 4000 2818 4059 illam
2841 4000 2869 4058 :'
2906 4000 3191 4074 Egr’itudo
3218 4019 3299 4062 est
3324 4009 3495 4076 prima
3508 4026 3533 4047 '-

1943 4084 2060 4143 rum
2088 4074 2400 4140 qualitatum
2427 4074 2806 4143 disproportio,
2854 4076 3068 4130 animali
3097 4074 3530 4134 disconveniens.

2018 4140 2179 4218 Omne
2198 4145 2343 4218 prius
2368 4140 2527 4218 potest
2548 4140 2654 4218 esse
2681 4140 2796 4218 stne
2816 4148 3088 4213 posteriori
3111 4147 3240 4218 (Per
3267 4160 3528 4204 auctorem

1941 4210 1993 4263 in
2021 4210 2098 4264 De
2123 4210 2334 4280 causis).
2370 4210 2709 4283 lntelligitur
2750 4210 3040 4272 dummodo
3087 4210 3248 4274 unum
3297 4236 3402 4275 non
3432 4222 3532 4275 de-

1941 4284 2135 4349 pendet
2156 4286 2223 4337 ab
2252 4286 2379 4350 alio,
2415 4300 2518 4340 non
2551 4287 2707 4340 habet
2736 4289 3041 4342 veritatem.

1957 4389 1973 4431 ε
2015 4353 2223 4425 Objectn
2250 4366 2443 4431 mouent
2474 4357 2780 4411 intellectura
2808 4360 2889 4428 (ιιι
2918 4360 2980 4411 de
3005 4360 3234 4430 Anima).
3289 4361 3533 4431 Respon-

1940 4422 2097 4502 detur
2124 4429 2263 4502 quod
2295 4426 2509 4502 objecta
2560 4442 2665 4481 non
2713 4422 2890 4502 per'se
2933 4422 3258 4502 innuediaic,
3314 4422 3413 4487 sed
3436 4446 3534 4502 per

1942 4497 2150 4567 species
2181 4497 2541 4567 iutclligibiles
2574 4510 2788 4553 movent
2817 4500 3167 4556 intellectum.

2906 4574 3135 4641 ropriam
3185 4574 3532 4642 operationem

2019 4590 2182 4619 umuc
2226 4590 2310 4621 eus
2369 4590 2516 4622 naves
2583 4590 2807 4639 utiquam
2906 4590 3135 4641 roprtam
3185 4590 3531 4642 operationem

1948 4636 2039 4713 (ιν
2070 4638 2283 4713 Mereor.
2335 4652 2426 4713 ett
2477 4642 2539 4713 tle
2587 4640 2814 4712 Anima).
2864 4590 3177 4713 [intelligitur
3218 4645 3285 4698 de
3320 4647 3531 4699 cutibus

1947 4708 1999 4760 in
2022 4716 2141 4761 actu
2184 4708 2793 4784 fortnaliexistentibus,
2841 4708 3063 4783 propter
3085 4716 3363 4769 materiam
3412 4718 3522 4784 pri-

1946 4793 2108 4853 niam,
2136 4794 2253 4853 qua:
2284 4782 2493 4849 passiva
2524 4784 2696 4853 potius
2726 4792 2811 4838 est
2832 4782 2987 4853 quain
3020 4786 3214 4853 activa,
3259 4801 3358 4841 nec
3384 4782 3531 4841 enim

1946 4847 2103 4903 habet
2132 4847 2364 4921 aliquem
2392 4847 2661 4923 proprium
2703 4847 2879 4909 actum
2926 4847 3224 4925 formalem,
3271 4861 3362 4913 sed
3408 4865 3530 4911 tan~

1946 4928 2055 4972 tum
2082 4925 2434 4977 entnativutn.

2017 4989 2178 5071 Omne
2204 5010 2356 5071 agens
2382 5003 2452 5049 est
2481 4996 2916 5071 praestantiussuo
2947 5015 3097 5069 passo
3123 5001 3184 5071 (ιι
3212 5000 3274 5053 de
3296 5000 3527 5070 Anima).

1947 5058 2259 5138 lntelligitur
2285 5065 2371 5138 vde
2414 5058 2602 5137 agente
2651 5058 2957 5138 principali;
2993 5086 3097 5125 non
3129 5058 3313 5126 ‘autetn
3357 5073 3424 5124 ue
3465 5058 3533 5125 eo

1943 5132 2086 5201 quod
2113 5137 2251 5189 solet
2282 5132 2477 5193 habere
2505 5132 2762 5194 rationein
2793 5132 3151 5196 instrumenti.
3218 5142 3304 5194 Vel
3329 5141 3530 5195 intelli-

1941 5203 2082 5272 gitur
2104 5206 2388 5281 de_agente
2410 5209 2583 5277 utsic,
2638 5226 2741 5263 non
2773 5222 2951 5267 autem
3001 5212 3333 5281 simpliciter.
3367 5212 3527 5266 Juxta

1942 5277 2311 5399 ιἱμιειιιΑάιςιιι
2342 5291 2465 5335 sunt
2502 5294 2662 5349 supra
2711 5282 2779 5337 de
2809 5292 2909 5338 hoc
2938 5277 3128 5338 eodem
3170 5283 3440 5339 axiomate
3474 5285 3527 5338 iu

1969 5362 1978 5397 ι
2046 5361 2117 5399 -ra
2191 5386 2203 5399 .

1969 5349 2117 5399 ittcra
2138 5349 2203 5399 A.

2016 5414 2213 5494 Omnis
2241 5422 2539 5494 propositio,
2592 5423 2645 5478 in
2684 5440 2783 5494 qua
2828 5440 2984 5478 unum
3029 5426 3529 5494 generalissintorunt

1944 5498 2155 5566 negatur
2180 5488 2247 5543 de
2268 5488 2392 5561 alio,
2417 5502 2491 5566 est
2518 5488 2815 5549 immediata
2841 5495 2900 5565 (ιι
2928 5488 3177 5566 Ι³οεῖεν.).
3210 5496 3529 5565 lntelligitur

1943 5560 1988 5635 si
2022 5575 2191 5635 unum,
2231 5560 2755 5630 generalissimorum
2796 5560 3012 5635 negatur
3034 5568 3101 5622 de
3138 5560 3248 5622 alio
3276 5560 3414 5621 cum'
3446 5581 3532 5623 re-

1943 5630 2324 5707 dupliCatione,
2357 5643 2415 5707 ut
2442 5636 2521 5690 sic
2550 5640 2693 5692 nulla
2724 5630 3017 5691 subst'antia
3049 5640 3098 5692 in
3127 5646 3384 5707 quantum
3410 5638 3532 5696 talis

1944 5711 2059 5777 est,
2075 5705 2343 5777 quantitas
2375 5706 2426 5760 iu
2457 5716 2709 5777 quantum
2728 5708 2881 5773 ,talis.

2020 5775 2213 5850 Optimi
2256 5786 2345 5850 est
2371 5775 2620 5848 optimum
2667 5780 2831 5848 facere
2869 5782 2929 5850 (tt
2972 5779 3141 5848 Caeli).
3217 5779 3534 5849 lntelligitur

1945 5846 2121 5917 quoad
2150 5846 2480 5922 esseutialia,
2520 5859 2576 5908 et
2603 5846 2682 5907 sic
2708 5846 2888 5910 omnis
2923 5866 3010 5910 res
3050 5846 3309 5923 producta
3333 5866 3365 5909 a
3390 5846 3530 5927 Deo,
