4060 6368
297 423 439 477 1053

934 414 1342 475 SENTENTIE
1381 403 1893 469 PHILOSOPlllC/E
1930 400 2019 459 EX
2058 402 2489 461 ARISTOTELE
2528 402 2928 460 COLLECTAS.

3399 397 3539 457 1054

294 547 356 593 ιιι
381 548 539 591 causa
570 536 639 589 sit
663 535 907 597 nnlvoca,
938 543 1045 584 non
1065 529 1355 598 requivoca.
1378 523 1531 581 Unde
1557 536 1664 598 no_n
1684 520 1863 575 valet:
1890 516 1946 577 Α
1978 592 1990 598 Α
2043 515 2341 598 Penetratio
2389 515 2772 598 dimensiomtm‘
2806 530 2907 598 no_n
2937 522 3007 568 est
3048 514 3298 598 possibilia
3325 514 3399 597 (tv
3425 515 3538 569 Me-

294 607 481 662 Paries
522 614 605 676 est
647 602 800 676 albus
851 594 1067 676 propter
1093 594 1374 676 pictorem,
1424 609 1553 676 ergo
1591 594 1762 676 pictor
1786 600 1869 645 est

295 676 469 745 magis
516 675 687 728 albus.
740 668 868 745 Nam
906 678 971 745 et
1017 670 1061 723 si
1108 668 1301 745 albedo
1330 668 1615 745 conveniat
1662 668 1870 743 utrique

295 737 615 811 formaliter,
640 751 695 798 et
723 742 979 813 suscipiat
1026 738 1195 808 magis
1233 746 1287 792 et
1333 737 1530 813 minus,
1577 742 1757 813 tamen
1790 737 1882 813 pic

295 828 415 871 ctor
446 804 661 882 parietis
697 804 941 885 albi_nnn
970 817 1052 885 est
1092 804 1253 885 causa
1272 808 1545 885 ﬁunivoca,
1572 804 1667 859 sed
1698 804 1870 885 requi-

296 877 458 948 voca,
484 894 539 940 et
563 884 715 954 quasi
743 879 1080 944 universalis,
1113 880 1249 933 sicut
1272 877 1607 954 D_eus_rer_ttm
1633 877 1871 954 omnium

296 944 641 1011 naturalium.
680 953 904 1022 Quarto,
936 958 994 1022 ut
1032 951 1364 1022 comparatio
1394 948 1486 1001 liat
1507 948 1566 1022 in
1596 944 1873 1022 elfe_ctihus

298 1025 567 1095 positivis,
594 1014 1026 1091 non'privat'ivis.
1058 1014 1171 1073 Non
1199 1019 1342 1074 enim
1370 1016 1612 1086 sequitur
1640 1032 1653 1067 :
1682 1014 1873 1094 Petrus

298 1106 385 1153 est
434 1109 627 1164 parvus
668 1101 884 1164 propter
930 1100 1156 1158 patrem,
1206 1103 1334 1164 ergo
1381 1097 1532 1157 pater
1567 1095 1663 1164 _est
1704 1098 1875 1154 magis

297 1155 516 1235 parvus.
567 1155 792 1235 Propter
820 1155 1012 1235 _Deutn
1038 1174 1165 1235 Διιιιιι
1212 1155 1697 1235 ιὶίΙίκοξιιιιιηᾱιιιιι,
1747 1169 1876 1225 ergo

301 1226 475 1305 inagis
498 1249 603 1289 non
627 1226 791 1306 diligo
819 1231 1007 1285 Deum.
1029 1228 1246 1306 Quinto,
1278 1237 1336 1282 ut
1357 1228 1467 1306 sint
1494 1226 1872 1306 verediversa,

298 1294 439 1362 inter
491 1320 608 1374 qum
654 1294 1114 1374 tit'comparatio.
1155 1299 1297 1374 Non
1328 1297 1475 1374 enim
1501 1297 1644 1374 valet
1671 1312 1685 1347 :
1711 1294 1877 1374 Video

304 1365 527 1446 propter
554 1375 765 1446 oculos,
807 1365 936 1441 ergo
977 1370 1118 1424 oculi
1162 1369 1330 1446 magis
1358 1367 1559 1446 vident.
1590 1365 1705 1420 Non
1732 1365 1876 1420 enim

296 1437 444 1501 aliud
474 1454 560 1500 est
586 1443 769 1498 videre
795 1451 850 1496 et
873 1437 1053 1495 incum
1074 1449 1128 1494 et
1154 1437 1334 1494 videre
1362 1437 1662 1494 oculorum.

372 1526 670 1596 Perfectum
697 1524 932 1596 estquod
961 1524 1061 1577 tale
1087 1520 1353 1596 alterum,‘
1369 1520 1523 1596 gnate
1568 1522 1733 1591 ipsum
1766 1520 1877 1589 επὶ-

299 1614 411 1653 cere
439 1589 599 1667 potest
627 1598 704 1666 (tv
728 1589 967 1667 Meteon,
1000 1589 1445 1667 text._con_t.__l9).
1478 1589 1730 1667 Veraest
1752 1605 1881 1667 pro-

299 1660 517 1736 positio,
547 1660 883 1721 ubi'alterum
911 1663 1089 1718 simile
1119 1660 1352 1736 lact_ibi_le
1373 1671 1478 1723 est,
1500 1660 1643 1736 quod
1668 1660 1879 1736 a_dditnr

296 1730 523 1808 propter
557 1738 748 1801 Deum,
775 1750 907 1808 _cttm_
933 1747 1055 1808 _n_on
1088 1730 1254 1808 possit
1276 1730 1463 1808 facere
1494 1730 1656 1786 alium
1688 1730 1875 1808 Deum,

295 1799 433 1879 quia,
481 1822 585 1862 non
635 1799 1017 1879 estlactibilis
1066 1802 1223 1879 alter:
1274 1799 1477 1856 Deinde
1520 1800 1880 1879 respondetur

295 1870 441 1945 quod
472 1876 766 1946 propositio
811 1874 1090 1928 veritatem
1141 1870 1331 1946 habeat
1372 1871 1643 1946 praecipue
1676 1872 1730 1926 in
1763 1872 1877 1946 ani-5

295 1941 527 2003 molibus
556 1941 609 2002 et
640 1945 837 2016 plantis
874 1958 1001 2016 quae
1047 1952 1173 1997 sunt
1221 1943 1328 2016 hic.
1372 1941 1519 2016 Nam
1549 1942 1768 2016 Aristot.
1800 1941 1870 1996 ibi

295 2019 536 2088 loquitur
565 2010 655 2073 de'
677 2010 996 2088 seminibus,
1025 2021 1083 2067 ut
1112 2021 1258 2088 patet
1285 2011 1523 2088 intuenti
1551 2010 1711 2067 verba
1740 2019 1871 2088 lex}.

296 2080 545 2157 Et'juxta
578 2089 680 2143 hoc
701 2086 865 2141 Arist.
890 2085 1026 2138 dixit
1050 2099 1085 2139 ιι
1107 2080 1174 2157 de
1200 2083 1412 2150 Anima,
1441 2090 1574 2137 text.
1605 2096 1743 2137 com.
1767 2080 1871 2136 διε

294 2155 763 2215 Naittralissimum
794 2169 930 2223 opus
948 2155 1238 2209 viventium
1280 2162 1364 2207 est
1392 2167 1723 2220 quaecunque
1754 2166 1875 2221 per-

296 2230 439 2283 tecta
490 2236 547 2283 et
593 2243 698 2281 non
728 2227 937 2290 orbata,
968 2235 1058 2279 aut
1096 2223 1496 2292 generationem
1524 2232 1875 2292 spontaneam

298 2298 577 2363 habentia,
611 2297 790 2352 facere
838 2297 946 2350 tale
977 2295 1203 2350 alterum
1249 2293 1407 2362 quale
1451 2293 1648 2362 ipsum,
1678 2295 1877 2348 animal

296 2368 514 2438 quidem
557 2369 774 2432 animal,
804 2366 983 2438 planta
1015 2378 1141 2420 vero
1182 2364 1439 2438 plantam,
1490 2363 1632 2419 unde
1660 2364 1879 2438 proprie

296 2433 356 2494 in
424 2438 744 2494 habentibus
806 2433 1059 2491 virtutem
1126 2433 1491 2506 ge‘nerativam
1520 2473 1536 2499 ,
1598 2433 1878 2489 veritatem

301 2509 490 2564 habet.

378 2577 728 2632 Particularia
757 2584 805 2631 et
837 2575 1123 2641 singularia
1167 2588 1362 2641 semper
1383 2573 1438 2626 in
1465 2571 1796 2627 multitudine
1817 2589 1882 2627 ea:

378 2592 728 2632 Particutarta
757 2592 805 2631 et
837 2592 916 2630 sin
956 2592 1123 2628 utarta
1167 2592 1362 2641 semper
1383 2592 1438 2626 tn
1465 2592 1796 2627 muttuuatne
1817 2592 1882 2627 ea:

300 2651 565 2703 contrario
616 2647 849 2701 dividunt
897 2592 1028 2700 ilqlud
1065 2644 1203 2715 quod
1251 2659 1409 2697 unum
1448 2650 1549 2715 _est_
1584 2641 1713 2714 (Per
1744 2642 1884 2697 Por-

300 2718 508 2789 μήνη).
538 2718 911 2789 Respondetur
940 2712 1085 2789 quod
1110 2714 1182 2769 ibi
1210 2729 1305 2782 per
1328 2712 1663 2789 particular-ia
1692 2722 1747 2769 et
1774 2715 1885 2768 sin-

302 2784 510 2859 guiaria
533 2784 697 2843 debet
716 2785 1145 2859 intelligtininus
1166 2799 1470 2859 commune,
1492 2790 1549 2838 ut
1578 2784 1647 2839 sit
1674 2798 1882 2859 sensus,

302 2852 646 2928 particularia
687 2868 743 2912 et
784 2852 1092 2928 singularia,
1129 2856 1181 2928 _id
1212 2863 1316 2920 est,
1365 2852 1541 2928 minus
1581 2854 1885 2909 communia

305 2923 578 2994 dividunt,
605 2928 658 2983 id
688 2938 790 2990 est.
819 2923 1179 2981 in'dividendo
1209 2923 1556 2992 contrahunt,
1587 2939 1650 2978 ex
1679 2935 1890 2979 contra-

302 2998 550 3078 rio.illud
592 3000 751 3078 quod
783 3012 947 3078 unum
967 3005 1081 3078 est.
1094 3010 1301 3078 genus;
1333 3009 1386 3048 v.
1419 3009 1469 3078 g.
1524 3008 1718 3078 corpus
1757 3008 1890 3078 eon-

304 3068 529 3123 trahunt
556 3066 851 3123 animatum
879 3076 935 3122 et
964 3066 1337 3133 inanimatum,
1359 3066 1650 3120 animatum
1675 3074 1891 3120 contra-

304 3138 446 3192 hunt
472 3140 709 3195 sentiens
738 3149 789 3193 et
820 3151 927 3192 non
956 3138 1217 3193 sentiens.

380 3216 722 3273 Particularis
744 3218 800 3287 in
829 3219 1040 3271 materia
1066 3216 1291 3271 naturali
1324 3214 1615 3287 tequipollet
1642 3230 1734 3287 suo
1764 3215 1878 3287 uni:
1914 3215 1961 3281 C

306 3290 495 3362 versati
532 3288 574 3362 _(t
602 3286 1082 3362 πιρξἝρμη-ηξας).
1123 3283 1540 3362 Intel‘ligiturA'de
1573 3283 1881 3362 particulari

309 3355 632 3427 simpliciter
668 3355 842 3423 dicta,
859 3366 914 3412 et
941 3358 1011 3414 de
1041 3355 1414 3427 propositione
1443 3356 1752 3427 indelinita;
1782 3355 1882 3427 ista

305 3426 451 3484 enim
480 3443 491 3481 :
521 3430 689 3483 Homo
716 3436 799 3483 est
838 3426 1063 3497 animal,
1099 3428 1403 3496 :equipollet
1444 3426 1520 3479 illi
1552 3426 1834 3480 universali
1865 3439 1881 3480 :

305 3498 498 3553 Omnis
523 3500 684 3553 homo
715 3510 797 3554 est
820 3496 1049 3563 animal,
1079 3499 1171 3569 qui
1199 3507 1282 3553 est
1309 3499 1361 3552 in
1391 3497 1615 3551 materia
1656 3496 1885 3551 naturali

302 3578 365 3624 et
390 3570 708 3625 necessaria.

382 3646 721 3702 Particularis
764 3648 997 3719 negativa
1036 3662 1138 3699 non
1187 3655 1262 3700 est
1309 3644 1649 3719 convertibilis
1676 3645 1736 3715 (ιι
1767 3647 1886 3719 περὶ

303 3720 647 3792 'Ep'mvriac).
704 3715 1019 3792 Intel'tigitur
1065 3718 1205 3792 quod
1257 3715 1593 3792 particularis
1639 3715 1883 3792 negativ'a

306 3784 532 3844 nonest
560 3784 933 3843 cnnvertibilis
974 3784 1271 3842 formaliter
1320 3789 1370 3840 in
1415 3787 1571 3839 aliam
1604 3788 1887 3854 particula-

306 3873 428 3912 retti
475 3861 802 3927 negativatn,
832 3860 898 3913 de
929 3857 1090 3911 modo
1140 3857 1388 3927 loquendi
1433 3866 1712 3920 consueto,
1760 3870 1885 3927 cum

306 3929 394 3981 hot
444 3926 620 3982 tamen
654 3938 781 3997 stat,
814 3927 954 3997 quod
981 3936 1063 3981 est
1106 3926 1469 3981 convertibilis
1514 3927 1569 3981 in
1616 3942 1774 3981 unam
1819 3926 1887 3981 de

308 4010 476 4052 mium
498 3999 753 4067 loquendi
784 4001 1117 4052 inconsueto.

392 4077 664 4149 Proprium
694 4081 756 4132 de
784 4094 885 4131 uno
912 4078 1022 4149 solo
1070 4078 1381 4149 prtedicatur
1414 4076 1541 4145 (Per
1571 4075 1887 4149 Porphyr.).

308 4148 626 4218 Intelligitur
653 4158 897 4214 tanquam
929 4147 995 4201 de
1027 4147 1266 4218 subjecto
1316 4147 1630 4218 adaequato;
1663 4147 1888 4202 sic‘risi-

308 4217 419 4271 bile
452 4216 575 4271 licet
606 4218 920 4285 praedicetur
949 4218 1016 4271 de
1038 4216 1243 4271 Joanne
1265 4227 1318 4270 et
1350 4217 1529 4280 Paulo,
1557 4218 1796 4287 adeoque
1815 4219 1890 4274 .de

310 4287 552 4355 pluribus
581 4288 719 4352 aliis,
771 4297 947 4342 tamen
987 4290 1054 4341 de
1081 4302 1188 4341 uno
1217 4296 1423 4341 tantum
1471 4287 1666 4341 dicitur
1697 4289 1891 4355 praedi-

307 4360 422 4480 cari
454 4366 714 4427 quatenus
736 4357 806 4413 de
826 4358 944 4413 solo
977 4359 1192 4414 homine
1221 4358 1537 4427 praedicatur
1567 4367 1625 4411 ut
1648 4359 1889 4428 subjecto

307 4442 338 4480 a
382 4438 611 4480 azuuato.

305 4438 611 4497 auaequato.

388 4505 617 4580 Privatio
647 4523 738 4580 per
766 4524 823 4580 se
862 4522 965 4561 non
992 4515 1064 4562 est
1086 4578 1092 4580 Α
1114 4524 1199 4563 ens
1229 4509 1268 4577 (1
1296 4506 1547 4578 Postera).
1574 4508 1889 4580 lntelligitur

304 4578 452 4646 quod
484 4572 704 4632 materia
736 4578 976 4633 existens
1020 4572 1247 4646 privatio
1273 4594 1377 4632 non
1409 4572 1615 4634 est'ens
1664 4580 1714 4633 in
1750 4572 1885 4635 actu
1916 4572 1968 4635 1)

290 4647 520 4719 .formali
553 4663 648 4719 per
674 4663 755 4713 se,
788 4650 882 4719 sed
930 4663 1023 4716 per
1062 4648 1281 4703 termam
1316 4649 1466 4715 cujus
1508 4658 1591 4704 est
1635 4651 1886 4719 privatio,

308 4718 441 4786 quin
481 4726 537 4788 et
580 4717 697 4787 ipsa
735 4716 974 4788 profecto
1004 4719 1231 4787 privatio
1280 4720 1576 4775 formaliter
1623 4716 1893 4788 signiﬁcat

310 4786 693 4856 negationem,
738 4786 1096 4843 materialiter
1148 4799 1324 4843 autem
1379 4790 1494 4842 sive
1546 4786 1891 4847 comiotative

308 4858 665 4925 aptitudinem
716 4859 783 4911 ad
829 4859 1086 4924 formam;
1132 4859 1273 4914 unde
1316 4860 1511 4914 merito
1540 4859 1735 4915 dicitur
1782 4878 1888 4918 non

306 4942 428 4982 BIIS.

383 4997 905 5071 Principiaorortet
953 5016 1151 5070 semper
1206 5016 1410 5055 manere
1438 5000 1493 5071 (ι
1537 4999 1884 5071 Phys.,te.1:t.

308 5067 426 5137 50).
456 5069 512 5123 Id
540 5078 643 5140 est,
676 5068 728 5124 in
755 5071 900 5125 omni
928 5067 1373 5127 transmutatione
1404 5067 1650 5140 reperiri,
1686 5073 1766 5127 vel
1796 5088 1889 5128 eas

307 5152 545 5210 semper,
568 5139 763 5194 habere
791 5142 1145 5204 conditiones,
1178 5155 1310 5210 quas
1353 5141 1424 5197 ibi
1471 5139 1638 5197 Arist.
1671 5144 1886 5197 descri-

307 5209 413 5276 bit,
439 5208 657 5275 scilicet,
689 5210 829 5279 quod
852 5227 956 5265 non
988 5215 1115 5267 liant
1131 5208 1333 5266 ex'aliis
1357 5227 1453 5266 nec
1472 5214 1759 5279 alterutris,
1779 5222 1885 5268 etc.

390 5286 663 5363 PrOprium
689 5298 764 5363 est
805 5291 1102 5363 substantia:
1126 5290 1181 5343 in
1216 5290 1452 5363 subjecto
1480 5308 1582 5345 non
1621 5309 1729 5346 esse
1758 5290 1888 5363 (Per

308 5355 723 5427 Philosophum,
748 5359 803 5411 in
835 5355 1524 5428 Prwdicamentis).'Sensus
1565 5373 1647 5416 est
1688 5355 1886 5417 nullam

308 5428 662 5500 substantiam
692 5444 811 5484 esse
837 5430 1077 5500 subjecto
1109 5441 1357 5499 tanquam
1402 5432 1758 5499 all‘ectionem,
1790 5435 1886 5487 sed

309 5497 452 5551 bene
478 5508 727 5568 tanquam
753 5497 976 5569 partem.

385 5575 539 5632 Plato
577 5594 679 5652 non
709 5582 839 5633 male
886 5582 1014 5635 dixit
1056 5582 1109 5633 in
1149 5598 1207 5635 eo
1232 5582 1367 5652 quod
1396 5596 1674 5634 sermonem
1704 5582 1882 5652 sap/ti-

309 5648 497 5733 sticum
539 5650 772 5733 itu-{non
812 5663 923 5733 ente
951 5653 1130 5733 locavit
1160 5648 1541 5733 (vtMetapIto.
1575 5648 1884 5733 Responde-

314 5727 400 5771 tur
425 5720 563 5789 quod
598 5719 953 5792 Philosophus
982 5722 1147 5787 capit-
1170 5719 1274 5776 non
1325 5737 1420 5775 ens
1468 5719 1757 5791 improprie
1787 5738 1884 5791 pro
1940 5752 1951 5766 ι

311 5799 457 5859 ente,
482 5790 620 5860 quod
650 5795 786 5861 gerit
814 5790 1215 5850 Similitudinem
1245 5792 1505 5864 alicujus;
1536 5790 1674 5866 quod
1706 5790 1881 5851 tamen

311 5874 419 5915 non
444 5872 544 5916 οιι.

632 5958 903 6019 Panos.
940 5958 1073 6021 XC.

1972 587 2147 654 teor.).
2178 586 2547 655 Respondetur
2570 586 2711 654 quod
2742 585 2977 653 duplices
2997 594 3122 639 sunt
3141 585 3535 641 dimensiones:

1968 659 2212 726 quasdam
2235 666 2355 711 sunt
2376 672 2600 727 quarum
2629 670 2729 709 una
2754 655 2912 727 habet
2927 669 2988 710 se
3013 671 3108 727 per
3128 656 3341 727 modum
3364 665 3538 721 actus,

1970 725 2021 782 et
2067 727 2172 781 alia
2218 740 2311 794 per
2357 725 2571 782 modum
2602 726 2871 794 potentiae,
2904 733 2960 779 ut
3004 725 3217 791 albedo,
3247 727 3329 780 vel
3362 736 3530 781 mate-

1971 797 2051 865 ria
2082 796 2279 865 prima;
2310 806 2437 853 tunc
2464 797 2657 852 dicitttr
2681 795 2825 865 quod
2866 796 2917 850 in
2950 796 3143 849 talibus
3187 794 3538 852 dimensioni-

1974 864 2401 936 buspenetratio
2443 876 2525 922 est
2555 864 2844 936 possibilis.
2869 864 2959 920 Sic
2985 866 3147 920 etiam
3191 874 3297 931 est,
3329 866 3540 933 quando

1973 935 2319 1007 dua’bahent
2365 952 2426 993 se
2471 952 2568 1007 per
2610 935 2827 990 modum
2872 944 3022 1007 actus
3063 936 3130 990 ad
3161 937 3398 1007 tertiam,
3422 953 3541 1005 quae

1973 1004 2136 1061 habet
2176 1021 2236 1062 se
2266 1023 2360 1075 per
2386 1004 2602 1062 modum
2644 1006 2916 1073 potentia,
2961 1006 3099 1060 sicut
3126 1006 3318 1061 albedo
3346 1016 3399 1061 et
3428 1007 3545 1061 dul-

1973 1077 2107 1132 cedo
2144 1078 2197 1129 in
2225 1078 2385 1133 lacte.
2440 1078 2572 1131 Alite
2600 1084 2726 1130 sunt
2754 1075 3138 1139 dimensiones,
3171 1090 3394 1144 quarum
3442 1092 3542 1130 una

1979 1161 2084 1200 non
2132 1146 2291 1201 habet
2332 1162 2391 1203 se
2428 1162 2521 1215 per
2561 1148 2776 1200 modum
2811 1147 3079 1215 potentize,
3115 1162 3213 1201 nec
3239 1147 3411 1200 ambae
3452 1147 3547 1201 ha-

1976 1216 2103 1271 bent
2146 1231 2207 1270 se
2236 1232 2329 1285 per
2354 1218 2568 1271 modum
2599 1217 2869 1287 potentiae,
2918 1224 2973 1270 et
3016 1217 3095 1271 sic
3132 1217 3427 1287 penetratio
3467 1216 3546 1271 dio

1977 1288 2307 1341 mensionum
2332 1302 2437 1342 non
2463 1296 2547 1342 est
2576 1286 2865 1354 possibilis.

2049 1355 2325 1412 Processus
2369 1358 2423 1410 in
2471 1358 2729 1424 inﬁnitum
2774 1365 2846 1410 est
2888 1356 3172 1424 prohibitus
3213 1357 3285 1427 (ιι
3332 1355 3544 1427 Phys.).

1978 1425 2294 1496 lntelligitur
2321 1428 2371 1482 in
2398 1427 2695 1495 pmdicatis
2717 1428 3074 1496 essentialiter
3102 1425 3486 1481 subordinatis.

2052 1494 2290 1568 Potentia
2328 1494 2599 1568 apponitur
2630 1497 2766 1568 actui
2798 1498 2875 1567 (rx
2922 1494 3178 1567 Metaph.,
3208 1508 3254 1551 et
3284 1512 3303 1551 ι
3332 1498 3395 1568 de
3424 1500 3548 1552 Ani-

1984 1566 2513 1638 ma).Diciturtjuod
2559 1566 2957 1635 intelligendum
2987 1566 3072 1622 est
3099 1568 3168 1623 de
3210 1567 3546 1638 oppositione

1980 1637 2221 1691 relativa.

2052 1706 2327 1779 Principia
2356 1724 2459 1779 non
2482 1708 2613 1775 fiunt
2658 1722 2721 1779 ea;
2746 1707 3010 1779 alterutris
3034 1709 3073 1778 (ι
3102 1707 3312 1779 Pitys.).
3346 1707 3541 1763 Verum

1982 1792 2087 1832 non
2136 1788 2219 1836 est
2259 1777 2595 1846 simpliciter,
2625 1778 2720 1831 sed
2752 1786 2811 1830 ut
2856 1777 2906 1845 ly
2935 1792 2998 1830 ea:
3041 1778 3168 1832 dicit
3188 1777 3548 1833 'circumstan-

1908 1878 1958 1939 Β
1984 1847 2520 1939 ΞῖίἮ,νΞτέξὲεε,¹ίὶῗί.
2544 1847 2905 1939 summes
2953 1846 3013 1901 ﬁt
3051 1864 3118 1903 ει
3165 1850 3408 1911 ωειιθτίειν
3443 1865 3549 1904 ηοιι

1984 1926 2162 1972 tamen
2192 1920 2416 1972 materia
2444 1928 2525 1972 est
2553 1932 2677 1986 pars
2699 1917 2905 1986 formte.

2055 1988 2290 2042 Potentia
2342 1988 2528 2041 accidit
2558 1985 2810 2041 intaterite
2839 1985 2983 2058 (Per
3021 1985 3499 2054 Comntentatorem,
3534 2006 3551 2045 ι

1978 2056 2194 2140 Phila).
2226 2057 2824 2140 intelligiturquatenus
2850 2056 3144 2140 Communis
3174 2059 3260 2113 illa
3289 2070 3343 2114 et
3370 2076 3552 2114 essen-

1977 2128 2119 2183 tialis
2166 2129 2397 2197 potentia
2460 2129 2681 2182 materia
2726 2128 3146 2191 determinatur,
3225 2144 3316 2196 per
3374 2141 3551 2184 certas

1977 2199 2352 2266 dispositiones
2380 2198 2737 2252 accidentales
2763 2201 2827 2252 ad
2858 2202 2991 2253 hanc
3013 2201 3093 2253 vel
3124 2199 3263 2254 illam
3295 2198 3546 2253 formant.

1979 2268 2122 2323 Talis
2171 2270 2313 2323 enim
2362 2272 2616 2337 potentia,
2650 2269 2764 2324 sive
2786 2268 2905 2323 talis
2934 2268 3330 2335 determinatio,
3354 2271 3553 2325 accidit

1980 2339 2236 2393 materiis.

2054 2407 2209 2463 Prius
2237 2420 2310 2464 est
2335 2424 2596 2463 commune
2631 2408 2861 2480 proprio.
2895 2407 3188 2464 Dicendum
3222 2408 3363 2479 quod
3401 2425 3550 2464 com-

1981 2494 2143 2550 mune
2171 2488 2253 2534 est
2283 2481 2444 2550 prius
2490 2478 2737 2547 proprio,
2757 2478 2803 2532 si
2833 2488 3119 2548 utrumque
3162 2482 3229 2534 sit
3278 2480 3434 2534 unius
3463 2497 3554 2550 ge-

1982 2549 2146 2619 neris.
2191 2548 2298 2603 Sed
2346 2550 2399 2603 in
2451 2550 2534 2603 his
2561 2565 2681 2619 quin
2726 2556 2852 2604 sunt
2895 2549 3230 2604 diversorum
3274 2548 3553 2617 generum.

1985 2617 2117 2688 nith
2144 2619 2389 2686 prohibet
2418 2617 2691 2688 proprium
2721 2635 2839 2673 esse
2871 2620 3017 2685 prius
3043 2620 3336 2674 communi.

2058 2686 2264 2759 Politici
2296 2699 2372 2759 est
2412 2686 2736 2759 considerare
2774 2690 2836 2742 de
2863 2691 3038 2741 anima
3062 2693 3102 2759 (1
3132 2689 3343 2759 Phys.).
3380 2690 3447 2742 Et
3474 2690 3552 2745 sic

1987 2757 2191 2812 videtur
2210 2758 2353 2828 quod
2374 2774 2477 2813 non
2499 2768 2583 2812 est
2604 2758 2825 2812 scientia
2850 2759 2967 2812 libri
2991 2759 3057 2811 de
3072 2757 3290 2814 'Anima.
3318 2761 3558 2827 llespon-

1988 2828 2144 2883 detur
2184 2828 2324 2897 quod
2378 2828 2750 2897 Philosophus,
2780 2843 2794 2881 ι
2828 2828 3017 2897 Phys.,
3048 2830 3162 2883 vult
3190 2830 3328 2897 quod
3378 2831 3554 2897 politi-

1989 2913 2085 2952 eus
2107 2899 2413 2953 considerat
2454 2901 2684 2966 practice
2710 2900 2776 2953 de
2817 2900 3016 2963 anima,
3061 2900 3155 2953 sed
3204 2901 3255 2954 in
3310 2900 3443 2955 libro
3489 2903 3557 2956 de

1991 2968 2184 3037 Anima
2208 2968 2576 3024 consideratur
2604 2969 2671 3023 de
2695 2969 2873 3023 anima
2902 2969 3246 3037 speculative.

2064 3036 2291 3111 Privatio
2339 3039 2644 3111 etumateria
2690 3038 2933 3111 differunt
2981 3040 3179 3094 ratione
3222 3042 3482 3111 et_specie
3517 3042 3559 3111 (I

1993 3106 2206 3179 Phys.).
2256 3108 2569 3179 lntelligitur
2616 3110 2757 3179 quod
2811 3110 2897 3163 isti
2946 3110 3177 3177 termini,
3228 3106 3457 3180 privatio
3504 3106 3557 3167 et

1995 3185 2218 3233 materia
2268 3180 2463 3234 habent
2492 3180 2729 3234 diversas
2771 3181 3027 3244 rationes,
3064 3195 3159 3235 seu
3189 3181 3557 3249 deﬁnitiones,

1991 3265 2112 3303 cum
2144 3249 2243 3321 hoc
2271 3261 2447 3321 tamen
2474 3259 2599 3315 stat,
2630 3250 2769 3319 quod
2804 3250 3000 3304 habent
3031 3264 3126 3320 pro
3164 3267 3263 3308 suo
3287 3254 3557 3321 signiliea-

1992 3327 2068 3385 to,
2099 3320 2185 3393 vel
2214 3320 2505 3393 substrato,
2550 3321 2791 3375 eamdem
2825 3335 2934 3375 rem
2978 3336 3221 3389 numero,
3270 3338 3363 3393 per
3395 3338 3557 3393 quam

1989 3405 2095 3445 non
2126 3390 2543 3460 distinguuntur.

2064 3460 2330 3535 Principia
2349 3478 2519 3515 rerum
2556 3462 2869 3535 sensibilium
2894 3470 3012 3515 sunt
3048 3463 3307 3535 sensibilia
3331 3466 3409 3535 (ιιι
3434 3466 3560 3521 Cteli

1985 3539 2033 3604 et
2063 3533 2259 3604 mundi,
2293 3541 2414 3604 text.
2440 3547 2571 3604 com.
2598 3532 2706 3601 16).
2730 3532 3009 3587 Glossatur
3030 3547 3124 3604 per
3154 3532 3369 3599 Averr.‘,
3397 3535 3556 3604 ibid.,

1987 3601 2056 3655 de
2079 3603 2353 3669 principiis
2381 3603 2708 3672 propinquis,
2740 3618 2845 3657 non
2867 3613 3044 3657 autem
3069 3603 3227 3658 habet
3256 3601 3559 3672 veritatem,

1991 3681 2070 3747 nt_
2099 3672 2289 3747 inquit.
2341 3675 2632 3741 prepositio
2681 3675 2749 3729 de
2796 3674 3071 3747 principiis
3126 3679 3375 3741 remotis,
3432 3680 3559 3747 quia

1990 3741 2248 3865 Brincipia
2279 3754 2478 3796 remota
2508 3758 2685 3798 rerum
2728 3741 3060 3798 sensibilium
3091 3760 3196 3798 non
3239 3756 3363 3800 sunt
3393 3741 3561 3803 sensi-

2027 3809 2137 3865 ilia.
2172 3823 2228 3865 ut
2254 3814 2424 3865 prima
2456 3814 2649 3865 forma.
2690 3822 2747 3865 et
2777 3815 2941 3865 nrima
2975 3817 3211 3865 materia.

2027 3809 2137 3883 ilia,
2167 3809 2228 3866 ut
2254 3814 2424 3881 prima
2456 3814 2649 3878 forma,
2690 3822 2747 3869 et
2777 3815 2941 3883 prima
2975 3817 3211 3870 materia.

2060 3881 2302 3937 Potentia
2346 3886 2575 3952 superior
2620 3881 2789 3954 potest
2808 3885 3055 3955 quidquid
3104 3894 3268 3953 potest
3316 3887 3556 3955 inferior,

1988 3961 2037 4006 et
2066 3954 2299 4007 nobiliori
2343 3956 2493 4008 modo
2520 3957 2600 4025 (ιιι
2624 3955 2689 4007 de
2720 3954 2957 4025 Anima).
2988 3954 3122 4008 Vera
3153 3964 3231 4025 est
3261 3954 3554 4025 propositio

1990 4025 2043 4094 in
2077 4024 2323 4091 petentiis
2362 4040 2479 4094 quae
2509 4024 2633 4079 sunt
2681 4024 2919 4091 ejusdem
2951 4026 3165 4094 generis
3208 4024 3267 4080 in
3309 4029 3559 4085 substan-

1991 4092 2236 4164 tialitate,
2265 4108 2330 4149 eo
2362 4092 2520 4149 modo
2560 4110 2666 4164 quo
2693 4092 3045 4164 vegetativum
3074 4106 3153 4149 est
3195 4094 3247 4149 in
3277 4099 3554 4164 sensitive,

1990 4163 2139 4235 sicut
2178 4166 2442 4233 trigonum
2489 4165 2541 4219 in
2579 4163 2882 4233 tetragono.
2914 4163 2973 4235 ln
3011 4164 3094 4219 his
3132 4180 3251 4235 qua:
3290 4182 3398 4221 non
3439 4163 3565 4226 sunt

1990 4232 2234 4301 ejusdem
2258 4232 2496 4304 generis
2539 4236 2593 4290 in
2643 4232 3111 4302 substantialitate,
3149 4232 3451 4304 propositio
3482 4242 3563 4295 lo-

1991 4316 2112 4379 cum
2144 4320 2247 4358 non
2270 4306 2445 4360 habet.
2470 4306 2617 4360 Sicut
2637 4305 2815 4379 anima
2837 4314 2916 4359 est
2938 4307 3182 4375 superior
3208 4310 3375 4362 virtus
3397 4325 3556 4379 quant

1992 4373 2061 4427 sit
2105 4389 2318 4443 corpus,
2350 4391 2455 4429 non
2488 4386 2662 4432 tamen
2693 4376 2867 4429 anima
2898 4373 3072 4444 potest
3113 4379 3359 4445 supplere
3391 4373 3559 4437 vicem

1992 4446 2254 4514 corporis,
2278 4456 2342 4520 _et
2371 4445 2540 4500 forma
2582 4454 2665 4501 est
2687 4447 3202 4520 superior_rnateria,
3231 4455 3285 4502 et
3326 4465 3429 4503 non
3463 4469 3562 4520 po-

1996 4523 2100 4569 test
2140 4518 2389 4589 supplere
2418 4519 2591 4571 vicem
2628 4517 2888 4589 materite.
2920 4516 3175 4573 Similiter
3204 4516 3563 4589 comparando

1998 4586 2259 4657 potentias
2306 4589 2608 4643 materiales
2638 4588 2889 4657 potentiis
2918 4589 3219 4655 abstractis,
3251 4586 3423 4644 locum
3455 4610 3559 4647 non

1995 4655 2157 4712 habet
2178 4659 2468 4727 prepositio
2484 4655 2779 4711 formaliter
2804 4657 3090 4727 loquendo,
3113 4674 3234 4713 nam
3260 4675 3364 4714 non
3389 4663 3559 4719 valet:

1993 4727 2164 4798 llomo
2189 4740 2430 4798 generat,
2460 4744 2590 4797 ergo
2612 4728 2965 4797 intelligentia
2992 4737 3232 4796 generat.

2067 4797 2427 4867 Prwsupponit
2448 4799 2796 4870 augmentatio
2817 4798 3168 4870 alterationem
3190 4800 3235 4870 (ι
3256 4798 3400 4866 Caeli,
3424 4820 3559 4859 com.

1991 4867 2109 4942 22).
2135 4870 2455 4942 lntelligitur
2484 4867 2777 4925 secundum
2805 4868 2996 4942 Arist,
3020 4868 3072 4923 in
3104 4867 3561 4942 Prtedicamentis,

1992 4940 2059 4993 de
2102 4950 2390 5009 augmento
2433 4941 2651 4995 invento
2697 4942 2747 4993 in
2778 4938 3013 5010 physicis
3042 4942 3375 5010 corporibus.
3411 4938 3565 5001 Falli-1

1992 5018 2076 5064 tur
2114 5015 2258 5066 enim
2302 5013 2369 5065 de
2406 5019 2695 5080 augmento
2724 5009 3035 5079 imaginario
3063 5011 3287 5066 invento
3318 5012 3368 5063 in
3399 5018 3562 5069 rebus

1992 5081 2401 5136 mathematicis.
2437 5083 2503 5134 Ει
2536 5081 2695 5135 habet
2722 5080 2894 5133 locum
2934 5080 3001 5135 de
3030 5096 3151 5136 vera
3177 5086 3565 5148 augmentatio-

1989 5165 2075 5224 ne,
2101 5167 2219 5220 qua:
2246 5152 2379 5206 litin
2400 5152 2606 5224 plantis
2631 5158 2687 5206 et
2710 5150 3046 5216 animalibus,
3080 5166 3202 5206 nam
3234 5150 3354 5207 talis
3386 5157 3565 5224 requi-

1988 5221 2059 5275 rit
2086 5223 2341 5287 praaviam
2363 5222 2757 5276 alterationem.

2059 5291 2379 5363 Principium
2421 5295 2473 5344 in
2501 5291 2784 5361 cognitione
2809 5299 2884 5346 est
2922 5292 3040 5361 ﬁnis
3080 5291 3146 5363 in
3170 5293 3485 5363 aper-alioue,
3517 5308 3567 5351 et

1988 5361 2296 5431 principium
2317 5363 2623 5437 operationis
2642 5374 2714 5417 est
2736 5363 2859 5437 ﬁnis
2879 5364 2934 5437 in
2959 5361 3245 5433 cognitione
3270 5362 3345 5433 (v1
3369 5361 3560 5437 Pitys.,

1988 5444 2113 5505 text.
2156 5448 2339 5486 comm.
2372 5431 2471 5495 89,
2515 5441 2560 5485 et
2608 5448 2677 5488 vn
2722 5431 2989 5505 Metaplt.,
3025 5431 3155 5484 text.
3195 5431 3379 5505 comm.
3419 5431 3559 5505 23.).

1986 5504 2276 5560 Veritatem
2335 5505 2494 5558 habet
2534 5504 2965 5575 propositioimin
3024 5503 3365 5575 operalibus,
3423 5503 3565 5563 sicut

1984 5576 2388 5699 suntGactiones
2427 5583 2482 5629 et
2525 5572 2779 5630 lectiones
2824 5572 2978 5644 (Vide
3024 5573 3248 5628 Aristot.
3278 5590 3334 5629 ιιι
3386 5575 3557 5632 Ethie.

1984 5662 2100 5699 ean.
2186 5686 2201 5699 .

1983 5662 2100 5703 030.
2125 5662 2201 5703 Ol.

2051 5647 2216 5771 55:23
2244 5716 2601 5785 beati/icantur
2631 5723 2839 5783 propter
2863 5729 3005 5782 spem
3034 5716 3075 5785 (ι
3105 5713 3326 5784 Ethic.).
3362 5717 3557 5774 intelli-

1983 5791 2145 5862 gitur,
2179 5788 2742 5862 pueri‘beatilicantur,
2777 5786 2824 5862 id
2856 5795 2976 5862 est,
2986 5788 3235 5862 dicuntur
3264 5789 3401 5843 beati
3434 5805 3558 5860 pro-

1984 5856 2102 5934 pter
2138 5856 2288 5932 spem
2332 5857 2522 5914 luturat
2568 5856 2930 5925 beatitudinis,
2966 5858 3089 5911 licet
3131 5868 3251 5914 actu
3297 5874 3403 5916 non
3434 5856 3559 5916 sunt
