4060 6368
299 322 445 378 1049

937 320 1341 380 SENTENTIE
1381 319 1900 379 PHILOSOPHICE
1940 322 2033 378 EX
2071 320 2496 379 ARISTOTELE
2535 322 2938 382 COLLECTIE.

3323 315 3325 317 1
3395 327 3536 389 ιθδο

298 438 487 513 simus.
531 435 640 513 N_ec
677 437 989 513 exercitatio
1016 438 1254 513 corporis
1273 446 1356 513 est
1385 451 1480 513 per
1510 449 1567 490 se
1593 444 1773 513 auter
1805 449 1865 513 se
1893 438 1943 499 Α
2038 435 2642 513 Taloaddjtumsuotati,
2664 437 2785 513 foeit
2809 438 3532 513 ipsummagistaleon11m,

297 510 455 569 bona.
489 508 582 563 sed
611 522 706 577 per
734 507 979 561 accidens
1007 505 1234 577 (sic'uon
1265 507 1495 562 efﬁcitur
1520 515 1578 560 ut
1605 506 1775 575 major
1795 505 1866 577 sit

294 579 571 661 meliorIet
594 576 824 661 maxima
853 576 1094 646 optima),
1121 578 1320 658 ulioqoi
1342 577 1515 631 omnis
1556 576 1867 661 exercitatio

295 651 538 735 corporis
561 658 706 703 esset
727 645 901 713 bona,
920 656 974 700 et
993 648 1164 701 omnis
1192 647 1298 701 vini
1326 661 1452 700 usus
1475 645 1662 700 malus.

368 719 430 788 oi
451 719 654 780 inﬁnita
690 727 877 788 puncta
901 727 1274 788 concurrerent,
1305 717 1494 770 lineam
1519 732 1620 788 non
1643 716 1868 788 facerent

296 789 338 859 (ι
365 786 536 858 Caeli).
569 785 935 859 Respondetur
962 786 1108 859 quod;
1142 786 1492 859 Philosophus
1512 785 1768 859 _loquitur
1799 785 1866 840 de

295 855 510 926 punctis
531 855 958 922 indivisihilibus,
992 866 1046 911 et
1067 857 1144 912 sic
1175 858 1328 910 vult:
1356 856 1412 912 Si
1445 855 1646 910 infinita
1672 865 1864 926 puncta

294 927 640 985 indivisibilia
663 936 1064 994 concurrerent,
1087 926 1278 982 lineam
1305 941 1407 980 non
1431 927 1682 980 facerent.
1714 926 1865 991 Quod

293 1014 482 1055 verum
525 1007 645 1081 est,
683 1013 759 1081 ex
792 995 1204 1078 indivisibilibus
1252 999 1392 1052 enim
1443 995 1708 1051 divisibile
1756 1011 1864 1051 non

292 1069 648 1137 componitur,
683 1068 806 1122 licet
833 1068 1193 1122 contionetur.

303 1139 637 1218 Νεεμίαν-αρε
693 1139 873 1218 formas
918 1154 951 1190 α
993 1137 1470 1218 mateija,_estejus
1498 1135 1755 1218 cprruptio
1785 1135 1865 1218 (tv

292 1206 508 1288 annos.»
563 1206 933 1288 Respondetur
960 1208 1099 1288 quod
1130 1207 1761 1288 Philosophus-loquitur
1793 1206 1863 1288 ibi

291 1279 360 1361 de
386 1277 576 1361 forma,
598 1293 721 1361 quae
743 1288 825 1334 est
847 1278 1036 1334 educta
1065 1277 1133 1332 de
1155 1277 1387 1347 potentia
1411 1277 1668 1343 materiae,
1699 1285 1756 1330 ut
1782 1285 1868 1332 est

291 1351 460 1404 forma
489 1350 651 1404 bruti.

311 1489 319 1490 ί
365 1420 540 1490 Soliuo
584 1418 889 1490 inc-amplexi
927 1415 1273 1490 estgdeﬁnitio
1311 1415 1592 1490 (vnTop.).
1626 1415 1868 1486 Respon-

291 1489 470 1557 detur,
497 1488 696 1547 Verum
722 1486 806 1546 est
833 1490 902 1546 de
927 1486 1142 1545 deﬁnito
1174 1487 1492 1558 propinquo,
1537 1501 1644 1541 non
1685 1497 1864 1542 autem

289 1569 544 1684 “(£33k
590 1645 695 1686 non
747 1629 940 1701 patitur
988 1646 1022 1685 a
1069 1627 1226 1684 simili
1281 1628 1343 1699 (1
1391 1627 1453 1681 de
1506 1627 1863 1693 Generatione,

289 1701 539 1825 ἀξὶᾼὲί
570 1783 736 1842 turpe,
783 1786 884 1842 non
912 1784 1070 1842 posse
1105 1767 1371 1837 defendere
1398 1784 1451 1822 se
1475 1782 1706 1842 corpore,
1751 1777 1868 1842 tur-

373 1786 426 1823 ν
453 1786 525 1825 est
570 1786 736 1842 turpe,
783 1786 884 1825 non
959 1786 1070 1823 osse
1105 1786 1371 1837 aejenaerc
1398 1786 1451 1822 se
1475 1786 1706 1833 corpore,
1751 1786 1792 1821 tu

287 1841 408 1911 pius
431 1851 502 1895 est
530 1859 632 1896 non
662 1857 808 1910 posse
835 1786 1101 1909 defgndere
1128 1855 1181 1911 se
1205 1855 1435 1911 sermone
1465 1838 1792 1911 (iii/telam).

364 1908 675 1982 Simpliciter
715 1913 850 1978 dico,
893 1908 1030 1980 quod
1071 1909 1217 1964 nullo
1257 1909 1433 1964 addito
1475 1908 1590 1962 dico
1639 1910 1704 1980 (ιι
1730 1908 1864 1978 Top.

288 1981 681 2120 cogigt‘piiciter
722 2059 899 2105 notum
945 2066 1046 2104 non
1090 2059 1162 2103 est
1208 2051 1346 2119 quod
1386 2049 1449 2120 ab
1495 2055 1752 2120 omnibus;
1771 2064 1871 2103 no-

289 2129 400 2175 tum
442 2118 536 2190 est,
601 2124 688 2177 sed
730 2138 762 2176 a
802 2121 924 2175 bene
971 2118 1231 2190 dispositis
1283 2119 1547 2173 intellectu
1605 2122 1671 2190 (v
1711 2118 1866 2189 Tap.,

287 2194 577 2334 ιηῐὲεῒιζὶητ
627 2271 744 2318 sunt
792 2261 1027 2334 Ponenda
1075 2276 1194 2315 una
1254 2260 1470 2314 (manu.
1525 2258 1655 2329 ("ﬂ
1711 2258 1866 2330 Top"

285 2335 596 2458 “gagates
625 2400 927 2468 universale,
975 2416 1110 2472 saepe
1146 2403 1385 2472 ignorant
1415 2401 1583 2471 ipsum
1610 2401 1872 2472 singulare

286 2471 506 2542 (Potit.,
539 2483 664 2529 test.
693 2475 805 2540 50).

365 2543 568 2614 S_entire
614 2553 686 2598 est
736 2541 1050 2614 singularis,
1101 2540 1193 2595 sed
1235 2555 1410 2595 sensus
1455 2547 1530 2594 est
1569 2541 1869 2598 uniuersalis

283 2613 353 2683 (ιι
378 2610 602 2683 Poster.,
631 2623 731 2668 teat.
760 2610 875 2683 27').

365 2677 706 2737 Scientiarum
758 2677 861 2736 alia
907 2687 980 2736 est
1025 2684 1276 2750 perfecta,
1327 2695 1442 2748 qua:
1485 2688 1560 2733 est
1598 2695 1691 2750 per
1736 2697 1868 2735 cau-

285 2756 601 2826 sam;ﬂa(ia
645 2755 977 2826 imperfecta,
1021 2766 1134 2820 quin
1185 2760 1257 2807 est
1304 2752 1416 2806 sine
1469 2766 1624 2805 causa
1680 2750 1868 2821 (Ibid.,

286 2839 430 2947 ω’ἒῖ
456 2824 704 2962 ἔζεεὶὺὲιε
733 2902 978 2950 essetnos
1005 2906 1114 2946 esse
1138 2891 1193 2946 in
1222 2907 1330 2949 esse
1359 2908 1462 2946 non
1493 2891 1871 2948 transmutabili

287 2964 369 3034 (tv
392 2962 555 3035 Phys.
579 2983 710 3020 com.
733 2965 846 3033 98).

367 3031 606 3105 Sedendo
635 3046 682 3090 et
710 3031 1032 3105 quiescendo,
1060 3033 1232 3088 anima
1256 3034 1317 3104 ﬁt
1338 3034 1559 3103 prudens
1583 3034 1678 3105 (vtt
1703 3031 1865 3104 Phgs.

284 3104 663 3248 “ﬂagitium
710 3188 782 3232 est
831 3174 1033 3248 dignior
1087 3175 1347 3231 accidente
1390 3174 1470 3246 (ιι
1523 3175 1586 3230 de
1638 3173 1823 3229 Anima
1846 3213 1862 3230 .

283 3245 544 3387 εῗῃέὶὲἒίε
583 3332 688 3372 non
728 3317 965 3375 videntur
1011 3319 1073 3373 de
1119 3318 1222 3387 die,
1268 3325 1477 3387 ρνοριεν
1525 3315 1693 3370 lumen
1743 3314 1868 3371 ⁸⁰ίί³

284 3383 480 3461 (lbid.,
511 3405 643 3443 com.
666 3387 780 3461 72.)

367 3456 580 3528 Sensus,
625 3456 820 3528 semper
867 3459 989 3514 dicit
1029 3474 1201 3514 verum
1229 3461 1283 3512 in
1316 3457 1738 3529 particularibus,
1775 3456 1868 3510 sed

284 3544 396 3597 non
441 3529 494 3583 in
537 3530 940 3597 uniuersalibus;
995 3530 1279 3585 intellectus
1320 3538 1510 3594 autem,
1556 3542 1586 3581 e
1627 3542 1866 3582 converso

286 3596 482 3670 (Ibid.,
512 3615 647 3655 com.
682 3599 830 3670 152).

363 3669 510 3755 ξιτατ
539 3666 980 3755 probis-piabile:
1003 3679 1076 3755 est
1103 3669 1388 3755 premium,
1431 3666 1721 3755 ittt‘malis,
1768 3681 1863 3722 ne—

281 3740 450 3810 quitia
477 3738 551 3794 est
579 3738 886 3809 supplicium
911 3738 1114 3811 (Boet.,'
1135 3755 1190 3794 tv
1212 3742 1274 3793 de
1301 3738 1554 3808 Consol.).

363 3810 564 3864 Salutio
613 3811 940 3866 dubitationis
970 3822 1042 3866 est
1067 3811 1288 3865 inventio
1319 3810 1540 3863 ueritatis
1582 3810 1676 3880 (vit
1708 3806 1861 3861 Ethi-

282 3882 676 4022 “signat?
700 3959 869 4018 nocte,
918 3952 986 4005 ad
1036 3951 1303 4022 sanitatem
1332 3949 1484 4022 et_od
1527 3948 1866 4022 philos0pltiw

285 4019 687 4091 studia’prodest
709 4038 867 4094 quam
895 4023 1172 4092 plurimum
1201 4021 1340 4094 (Lib.
1367 4019 1611 4092 (Eam).

1049 4153 1093 4209 T

367 4287 512 4343 Tunc
559 4291 910 4360 cognoscimus
954 4290 1355 4360 unumquodque
1397 4304 1508 4342 cum
1551 4303 1725 4360 omnes
1755 4287 1870 4354 ejus

285 4376 478 4414 causas
497 4358 844 4430 cognusgimus
875 4363 917 4429 (ι
947 4358 1138 4430 I’hys.,
1157 4370 1278 4414 text.
1308 4361 1332 4414 i
1359 4377 1373 4423 ;
1398 4360 1533 4412 idem
1556 4375 1611 4413 χ.
1634 4358 1866 4430 Ροειετη

287 4447 411 4499 cap.
442 4432 500 4496 2,
532 4428 579 4484 et
609 4428 893 4496 ttPoster.,
935 4445 981 4485 c.
1018 4428 1130 4500 ii).
1173 4430 1476 4500 Propositio
1522 4428 1864 4498 intelligenda

284 4511 377 4556 est
422 4501 490 4555 de
546 4503 845 4570 cognitione
902 4503 980 4554 rei
1043 4500 1280 4568 perfecta
1335 4499 1645 4569 simpliciter
1694 4509 1748 4570 et
1795 4500 1862 4554 de

287 4574 479 4624 causis
520 4569 723 4638 per’se.
756 4571 824 4641 Et
847 4572 989 4625 ratio
1030 4579 1131 4634 est,
1176 4573 1424 4641 quoniam
1457 4572 1597 4624 sicut.
1623 4569 1866 4641 sehabet

286 4656 382 4694 res
418 4641 486 4710 ad
508 4654 628 4695 esse
648 4641 719 4694 ita
748 4640 814 4695 ad
844 4641 1094 4709 cognosci
1124 4638 1446 4710 (u'Metaph.
1480 4649 1608 4694 text.
1641 4638 1756 4707 40).
1783 4639 1865 4693 Ad

291 4709 697 4781 producendum
745 4720 920 4765 autem
959 4724 1079 4765 esse
1121 4711 1404 4781 cujuslibet
1430 4712 1504 4765 rei
1537 4717 1868 4781 concurrunt

293 4780 487 4835 Omnes
528 4794 727 4846 causa),
774 4789 881 4834 tam
929 4780 1238 4850 propinquae
1264 4795 1420 4850 quam
1454 4792 1690 4850 remotas.
1734 4780 1866 4834 llinc

291 4851 491 4918 collige
532 4851 728 4905 nullam
774 4866 888 4906 rem
932 4849 1094 4920 posse
1137 4849 1374 4920 perfecte
1413 4849 1536 4905 sciri
1578 4865 1671 4920 per
1700 4864 1859 4903 unam

300 4920 583 4992 scientiam
617 4929 844 4992 tantum,
888 4922 980 4976 sed
1024 4922 1112 4975 vel
1143 4919 1219 4976 ex
1252 4934 1426 4992 parte,
1459 4922 1542 4975 vel
1568 4919 1861 4976 secundum

289 4990 528 5046 aliquam
556 4991 1035 5046 considerationem
1065 4990 1260 5046 solum.

422 5072 596 5140 uniuni
619 5063 707 5115 uni
724 5077 880 5140 unum
909 5063 1181 5140 opponitur
1205 5063 1246 5134 (ι
1275 5065 1396 5140 περὶ
1416 5061 1754 5140 ξερμηνςίας).
1780 5060 1864 5140 l_t_t-

286 5130 555 5200 telligitur
582 5134 638 5187 in
666 5133 852 5187 eadem
894 5130 1073 5200 specie
1110 5130 1512 5202 oppbslti'unis',
1539 5135 1661 5203 quia
1693 5133 1744 5203 in
1767 5131 1860 5203 'di-g

289 5205 476 5274 versis
512 5203 792 5272 speciebus
838 5217 944 5257 non
997 5213 1080 5258 est
1127 5201 1528 5271 inoonveniens,
1557 5201 1717 5274 'quod
1770 5201 1860 5256 uni

285 5273 450 5342 plura
473 5282 826 5342 opponantur.

368 5341 591 5398 Tantum
609 5344 713 5397 duo
731 5353 847 5397 sunt
869 5343 1112 5398 elementa
1135 5344 1190 5413 (v
1207 5342 1489 5413 Metapli.).
1513 5343 1859 5412 lntelligitur:

286 5413 526 5468 Tantum
549 5415 654 5468 duo
695 5423 819 5468 sunt
864 5416 1151 5480 elementa,
1194 5417 1245 5469 id
1273 5425 1373 5481 est,
1405 5415 1658 5484 principia
1692 5415 1857 5482 prima

283 5497 444 5549 vera,
467 5484 694 5552 scilicet,
724 5487 941 5540 materia
973 5495 1028 5537 et
1055 5486 1257 5551 forma;
1288 5495 1511 5554 quatuor
1533 5496 1710 5539 autem
1737 5491 1863 5539 sunt

287 5555 560 5610 eletnenta
593 5565 803 5623 vocata,
833 5555 1059 5620 scilicet,
1091 5570 1202 5622 aer,
1248 5557 1408 5624 ignis,
1439 5571 1576 5625 aqua
1603 5567 1657 5610 et
1688 5566 1854 5615 terra.

284 5625 422 5680 Hatc
467 5627 607 5680 enim
655 5625 868 5694 quidam
913 5627 1114 5697 antiqui
1159 5627 1325 5694 prima
1377 5643 1553 5680 rerum
1598 5628 1858 5697 principia

281 5710 520 5766 posuere
548 5707 601 5766 et
628 5711 911 5761 vocavere,
944 5696 1070 5750 licet
1097 5712 1199 5749 non
1233 5705 1414 5751 essent
1444 5696 1634 5764 prima,
1668 5700 1760 5754 sed
1789 5717 1854 5758 ex

278 5765 478 5839 primis
505 5765 629 5834 illis,
659 5768 878 5823 materia
909 5777 962 5822 et
984 5767 1152 5823 forma
1175 5777 1506 5825 constarent.

1895 3135 1943 3198 C

1971 522 2020 577 c.
2045 506 2122 572 9).
2159 507 2476 577 lntelligitur
2502 507 2568 561 de
2596 508 2938 576 qualitatibus
2968 506 3208 576 posi'tivis
3234 506 3297 565 et
3317 506 3534 566 natura;

1968 575 2109 652 libus
2139 577 2236 652 sic,
2258 575 2410 652 quod
2439 578 2668 652 qualitas
2701 578 2925 652 positiva
2951 575 3127 652 addita
3156 582 3394 647 qualitati
3429 599 3531 652 po-

1965 645 2135 721 sitive:
2163 647 2226 721 ad
2257 645 2744 721 idernsubjectum,
2774 649 2927 721 faciet
2955 648 3082 721 illud
3113 645 3278 721 magis
3305 645 3445 706 tale:
3468 654 3534 708 Et.

1967 715 2159 770 dicitur
2186 717 2470 785 (posltivis)
2501 719 2621 788 quia
2654 718 2703 788 in
2737 718 3158 788 privativisnon
3201 715 3284 776 εει
3322 737 3528 788 verum,

1969 799 2031 860 ex
2061 801 2167 860 quo
2206 802 2306 840 una
2345 786 2555 860 negatio
2596 787 2772 860 addita
2803 788 2957 860 alteri
2987 787 3101 860 ejus
3133 790 3384 846 virtutem
3417 786 3522 847 non

1969 855 2238 931 fortificat,
2287 859 2380 910 sed
2421 859 2588 931 magis
2609 858 2910 931 interimit;
2928 855 3086 931 etiam
3119 860 3430 931 intelligitur
3457 862 3527 918 de

1967 926 2056 980 tali
2100 926 2239 992 quod
2300 942 2401 980 non
2431 935 2513 980 est
2540 927 2827 980 inﬁnitum.
2859 928 2912 981 ld
2943 930 3083 995 quod
3117 926 3362 986 notantur
3392 933 3528 988 dici-

1967 1005 2052 1068 tur
2084 1006 2297 1068 propter
2325 995 2725 1068 perfectipnem
2755 997 2870 1068 Dei,
2909 1013 3040 1068 quae
3081 1010 3166 1054 est
3213 1000 3438 1068 infinita,
3471 1011 3526 1058 et

1967 1065 2088 1119 ideo
2121 1065 2282 1120 etiam
2328 1067 2453 1120 nihil
2495 1076 2665 1135 potest
2695 1067 2770 1122 illi
2799 1065 3106 1137 addi’quod
3147 1069 3310 1126 l'aciat
3354 1065 3523 1141 ipsum

1967 1136 2134 1188 mauis
2165 1135 2288 1188 tale.

1967 1145 2134 1190 magis
2165 1145 2288 1190 tate.

2083 1206 2247 1275 riplea:
2285 1212 2377 1279 est_
2404 1205 2705 1279 substantia,
2754 1209 2964 1276 scilicet,
3014 1211 3201 1279 forma.
3241 1212 3455 1264 materia
3483 1221 3532 1265 et

1965 1284 2135 1350 totum
2156 1275 2682 1350 compositum_(tt'de
2723 1280 2926 1350 Anima,
2953 1275 3124 1350 et'vm
3149 1281 3426 1350 Metaph.).
3459 1281 3526 1336 Et

1969 1346 2050 1417 sic
2080 1345 2433 1417 Philosophus
2462 1346 2670 1400 videtur
2701 1347 2835 1402 velle
2860 1348 2998 1417 quod
3027 1352 3248 1405 materia
3273 1345 3328 1405 et
3359 1345 3528 1405 forma

1967 1415 2369 1485 distinguuntur
2397 1422 2594 1486 cuntrag
2614 1424 2780 1486 totum
2817 1415 3206 1486 compositum;
3240 1431 3294 1476 et
3321 1420 3533 1476 videtur

1968 1499 2087 1540 esse
2115 1484 2299 1558 cnntra
2323 1500 2449 1558 eum
2499 1484 2748 1558 (t_Phys.)
2795 1487 2883 1540 ubi
2921 1484 3058 1558 dicit
3082 1484 3221 1558 quod
3253 1497 3418 1545 totum
3448 1500 3534 1546 est

1970 1569 2078 1609 sua:
2102 1556 2287 1628 partis.
2319 1555 2691 1628 ReSpondetur
2712 1558 2850 1624 quod
2874 1555 3226 1628 Philosophus
3249 1560 3527 1628 distinguit

1971 1627 2244 1680 materiam
2272 1633 2326 1680 et
2355 1624 2611 1697 formam,
2633 1636 2686 1680 et
2721 1636 2890 1682 totum
2930 1624 3280 1697 compositum
3312 1624 3527 1685 divisim

1971 1706 2202 1763 sumpta.
2249 1705 2303 1748 et
2348 1711 2450 1750 non
2495 1696 2799 1763 conjuncta.
2847 1697 2951 1753 Sed
2983 1696 3066 1752 illa
3097 1701 3380 1754 auctoritas
3408 1701 3532 1755 Phi-

1972 1765 2069 1819 los.
2104 1767 2145 1834 (ι
2174 1764 2364 1834 Phys.)
2396 1766 2706 1836 intelligitur
2729 1768 2866 1834 quod
2896 1777 3062 1822 totum
3091 1769 3219 1822 nihil
3262 1770 3403 1826 aliud
3449 1779 3536 1827 est

1972 1836 2204 1908 nisisuaa
2234 1844 2411 1908 partes
2441 1837 2764 1908 conjunctae,
2790 1837 2872 1891 vel
2898 1839 3054 1908 simul
3075 1849 3316 1908 sumptae.

2045 1904 2318 1980 Ternarius
2343 1914 2418 1980 est
2446 1907 2610 1976 prima
2637 1907 2910 1980 multitudo
2945 1904 3225 1980 (t_PItys.)'.
3267 1911 3330 1964 Et
3352 1910 3430 1966 sic
3456 1914 3532 1965 vi-

1971 1974 2128 2049 detur
2155 1977 2296 2049 quod
2324 1974 2574 2049 duo'non
2610 1986 2732 2031 sunt
2763 1974 2963 2032 multa.
2993 1974 3362 2044 Respondetur
3388 1982 3528 2049 quod

1973 2042 2330 2117 Philosophus
2352 2046 2467 2100 vult
2488 2049 2626 2114 quod
2653 2049 2916 2102 ternarius
2936 2058 3020 2102 εει
3049 2042 3216 2117 prima
3249 2042 3534 2106 multiiudo

1977 2114 2244 2170 excedens
2266 2117 2424 2170 alium
2457 2132 2758 2182 numerum,
2789 2127 2842 2172 et
2866 2119 2943 2171 sic
2965 2114 3278 2174 est-verum.

2043 2184 2306 2259 Theorica:
2329 2187 2541 2259 ﬁnisest
2567 2189 2774 2259 veritas,
2804 2189 3044 2259 practica:
3071 2204 3184 2242 uero
3214 2207 3340 2259 opus
3363 2190 3402 2259 (ι
3429 2190 3538 2244 Me-

1972 2255 2173 2330 taph.)._
2219 2255 2587 2330 Respondetur
2637 2257 2778 2324 quod
2799 2255 3177 2330 :Philosophus
3207 2255 3440 2330 loquitur
3467 2261 3538 2318 de

1971 2327 2282 2400 operatione
2323 2341 2442 2396 quas
2485 2326 2540 2379 lit
2582 2337 2752 2400 extra,
2797 2328 2922 2382 licet
2960 2326 3118 2400 igitur
3139 2326 3308 2400 logica
3338 2339 3392 2385 et
3412 2331 3532 2386 alite

1971 2407 2150 2518 ar:esb
2166 2395 2326 2518 etiam
2377 2405 2664 2465 operentur
2691 2396 2815 2451 dum
2845 2395 3219 2466 speculantur,
3260 2399 3310 2454 id
3361 2409 3536 2457 tamen

1973 2479 2032 2518 es
2083 2480 2111 2516 a
2173 2479 2223 2518 ιιι
2253 2481 2329 2518 ra.

1973 2473 2056 2519 est
2083 2466 2150 2518 ab
2173 2466 2329 2518 intra.

2041 2534 2610 2610 Tungunumqrtodque
2634 2547 2714 2610 est
2735 2543 3033 2610 perfectum,
3065 2556 3179 2593 cunt
3209 2539 3372 2610 tangit
3411 2556 3532 2610 pro-

1971 2603 2138 2677 priam
2156 2603 2394 2677 virtutem
2413 2605 2504 2677 (V_ll
2523 2603 2745 2676 'Phys.).
2777 2603 3150 2675 Respondetur
3177 2603 3318 2677 quod
3348 2603 3533 2664 Philo-

1973 2674 2174 2743 sOphus
2201 2675 2316 2728 vult
2336 2675 2478 2748 quod
2500 2674 2920 2748 unumquodque
2972 2674 3206 2734 maxime
3235 2689 3318 2734 est
3361 2683 3537 2748 perie-

1970 2754 2137 2807 ctum,
2167 2759 2288 2815 cum
2327 2745 2536 2814 attingit
2575 2745 3100 2815 debitum‘gradum,
3137 2758 3193 2804 et
3236 2745 3532 2805 extremum

1974 2815 2207 2884 perlecta
2230 2813 2437 2869 virtutis
2465 2813 2568 2869 sibi
2591 2813 2975 2873 convenientis.
3087 2813 3093 2814 7
3185 2817 3188 2822 ’

2043 2885 2268 2959 Tempus
2317 2901 2423 2959 non
2463 2895 2538 2940 est
2575 2897 2738 2959 motus
2778 2889 2853 2959 (tv
2889 2887 3112 2959 APltys.).
3159 2888 3535 2958 Respondetur

1973 2955 2114 3024 quod
2155 2955 2511 3028 Philosophus
2547 2957 2660 3010 vult
2695 2955 2834 3026 quod
2866 2957 2953 3012 illa
2981 2955 3084 3012 non
3115 2966 3198 3013 est
3226 2955 3536 3028 praedicatio

1974 3025 2294 3082 essentialis.
2337 3026 2569 3096 Tempus
2597 3036 2680 3081 est
2709 3025 2906 3096 motus,
2935 3029 3027 3083 sed
3058 3029 3191 3084 bene
3221 3025 3535 3087 accidenta-

1975 3096 2039 3151 lis
2061 3107 2115 3152 et
2140 3096 2521 3168 convertibilis,
2568 3099 2688 3168 quia
2733 3113 2856 3153 cum
2897 3099 3016 3152 dico
3042 3097 3277 3168 Tempus
3305 3111 3389 3155 est
3411 3116 3530 3156 mo-

1973 3176 2078 3230 tus,
2109 3167 2409 3237 subjectum
2438 3167 2756 3237 praedicatur
2775 3169 2844 3237 de
2873 3167 3084 3237 propria
3117 3167 3385 3237 passione.

2034 3235 2260 3307 "Tempus
2309 3245 2381 3290 est
2425 3235 2606 3308 ubique
2647 3239 2722 3307 (tv
2762 3235 2991 3308 Phys.)._
3030 3235 3344 3308 ltttelligitur
3387 3255 3536 3296 com-

1969 3309 2346 3373 mensurative,
2371 3308 2496 3376 quia
2532 3310 2706 3364 omnis
2731 3310 3002 3365 successio
3027 3321 3365 3366 mensuratur
3392 3321 3532 3368 tem-

2007 3392 2118 3434 ore.

1967 3393 2256 3523 30%;”;
2279 3464 2381 3503 non
2401 3457 2472 3523 est
2493 3463 2754 3523 numerus,
2771 3465 2870 3519 quo
2887 3465 3210 3505 numeramus
3231 3451 3302 3522 (tv
3321 3449 3530 3523 Phgs.).

1969 3518 2165 3574 Verum
2211 3528 2296 3573 est
2334 3519 2590 3587 capiendo
2629 3518 2909 3576 numerum
2941 3535 3035 3588 pro
3071 3518 3291 3576 numero
3332 3518 3527 3577 nume-

1967 3599 2119 3660 rante
2149 3587 2450 3658 principali,
2480 3601 2534 3646 et
2561 3591 2720 3645 etiam
2773 3587 3165 3646 instru’mentali
3217 3591 3528 3660 intrinseco,

1969 3659 2193 3725 scilicet,
2243 3661 2451 3715 ratione
2491 3662 2681 3730 animae
2725 3661 3046 3730 discretivae,
3095 3663 3215 3716 licet
3243 3661 3313 3717 sit
3339 3659 3529 3718 numeé

1967 3744 2060 3786 rus
2080 3730 2432 3802 extrinsecus,
2461 3729 2665 3786 scilicet
2701 3745 2793 3802 res
2823 3733 3032 3801 cognita
3085 3731 3324 3802 subjecta
3371 3749 3526 3788 men-

1967 3815 2128 3867 surae,
2151 3801 2445 3882 secundum
2472 3815 2628 3870 quam
2657 3801 2832 3856 anima
2879 3803 3024 3857 venit
3065 3802 3122 3857 lu
3165 3801 3530 3872 cognitionem

1969 3885 2234 3925 mensurae
2265 3885 2373 3924 ηιιιι
2381 3886 2441 3924 υε
2472 3882 2631 3926 110183.

2039 3939 2260 4009 Tempus
2301 3951 2374 3994 est
2411 3942 2646 3996 sensibile
2681 3943 2877 3997 ratione
2903 3945 3288 4064 consequentia,
3315 3957 3375 3996 eo
3395 3950 3530 4011 quod

2039 4020 2252 4064 unusest
2269 4023 2453 4064 motus.
2475 4015 2562 4064 sed
2581 4020 2748 4064 motus
2770 4021 2840 4064 est
2860 4011 3045 4064 sensibi
3070 4014 3146 4064 is:
3169 4024 3526 4064 conseauenler

1969 4020 2252 4079 tempusest
2269 4023 2453 4074 monts,
2475 4015 2562 4065 sed
2581 4020 2748 4064 motus
2770 4021 2840 4065 est
2860 4011 3146 4077 sensibilis;
3169 4024 3526 4082 consequenter

1970 4099 2090 4150 ergo
2114 4092 2312 4150 tempus
2341 4082 2403 4151 (ιι
2435 4082 2495 4135 de
2528 4082 2755 4152 Anima).
2786 4081 2990 4152 Duplex
3021 4091 3104 4137 est
3130 4095 3252 4137 esse
3277 4081 3526 4151 temporis

1967 4153 2259 4207 secundum
2277 4161 2769 4218 commentatorem,
2791 4152 2909 4207 scil.
2928 4152 3146 4209 formale
3162 4161 3215 4207 et
3233 4155 3533 4209 materiale.

1969 4222 2216 4277 Formale
2247 4231 2328 4275 est
2359 4223 2497 4275 ratio
2531 4221 2812 4277 discretiva
2863 4223 3077 4289 animae,
3128 4223 3402 4278 materiale
3449 4236 3530 4283 est

1968 4301 2160 4355 motus.
2214 4291 2368 4346 Modo
2415 4294 2700 4348 auctoritas
2737 4303 2820 4348 est
2857 4307 3003 4359 vera,
3033 4293 3207 4364 quoad
3265 4307 3385 4349 esse
3412 4307 3532 4348 ma-

1973 4365 2175 4419 leriale.
3447 4371 3455 4378 '

2041 4433 2227 4486 Tactus
2255 4442 2328 4486 est
2355 4432 2409 4486 in
2433 4449 2585 4486 carne
2611 4434 2671 4490 (ιι
2701 4435 2764 4488 de
2799 4431 3031 4503 Anima).
3057 4431 3447 4490 Contradicitur
3477 4432 3529 4488 in

1895 4489 1946 4550 D
1971 4519 2010 4558 tt
2035 4504 2100 4558 de
2132 4503 2375 4557 Partibus
2402 4489 2728 4566 animalium,
2759 4506 2899 4573 quod
2924 4489 3218 4558 sensurium
3253 4511 3420 4558 tactus
3443 4514 3526 4560 est

1970 4575 2169 4643 aliquid
2199 4574 2340 4627 aliud
2365 4574 2506 4627 intus
2532 4576 2792 4639 existens,
2817 4585 2918 4629 etc.
2945 4573 3315 4642 Respondetur
3344 4587 3528 4643 senso-

1971 4642 2108 4698 riutn
2157 4653 2325 4698 tactus
2368 4654 2537 4697 totum
2567 4655 2624 4699 et
2659 4647 3012 4715 adatqualutn,
3042 4646 3204 4698 etiam
3236 4642 3374 4711 apud
3404 4644 3525 4696 Ari—

1967 4715 2210 4769 stotelem
2245 4729 2365 4769 esse
2408 4716 2618 4783 triplex,
2664 4715 2781 4770 scil.
2813 4730 2923 4780 cor,
2967 4729 3186 4768 nervum
3213 4721 3266 4767 et
3292 4726 3527 4776 carnem,

1967 4799 2082 4851 cor,
2129 4792 2186 4838 ut
2223 4784 2482 4854 originem
2512 4788 2733 4852 primam
2761 4783 3021 4840 facultatis
3062 4783 3330 4838 seusitivai
3359 4790 3416 4837 et
3454 4793 3531 4854 ta-

1968 4857 2154 4920 ctivae,
2193 4851 2378 4908 verum
2412 4865 2467 4908 ut
2496 4851 2630 4909 hanc
2663 4857 2960 4910 facultatem
2990 4854 3310 4924 participans
3350 4851 3538 4924 elude-

1965 4924 2148 4980 ferens
2191 4940 2426 4989 carnem,
2469 4935 2526 4978 nt
2557 4924 2804 4994 quiddam
2846 4921 3006 4981 haue
3032 4921 3360 4994 facultatem,
3407 4921 3537 4976 licet

1967 5011 2074 5049 non
2092 4992 2610 5066 perindeideferens'a
2624 4996 2986 5058 corde,tamen
3003 4995 3162 5066 etiam
3179 4992 3525 5066 participans.

1965 5066 2047 5121 Ad
2082 5061 2210 5120 illud
2251 5061 2412 5135 igitur
2441 5081 2505 5120 ex
2544 5081 2581 5120 ιι
2610 5066 2677 5120 de
2706 5065 2948 5120 Partibus
2990 5061 3292 5119 animalium
3337 5061 3524 5116 dicitur

1969 5137 2134 5190 Arist.
2167 5137 2309 5206 loqui
2337 5135 2404 5190 de
2432 5150 2630 5206 organo
2659 5136 2931 5201 primat-io,
2979 5136 3062 5188 vel
3101 5135 3169 5188 de
3197 5145 3401 5206 organo
3425 5148 3527 5206 non

1966 5215 2072 5261 tam
2113 5201 2461 5276 participante
2498 5201 2804 5260 facultatem
2852 5206 3158 5260 seusitivam
3183 5243 3198 5269 ,
3251 5215 3344 5256 seu
3375 5201 3502 5257 facti

1967 5290 2118 5342 vani,
2143 5291 2299 5345 quam
2323 5277 2614 5331 deferente.
2642 5277 2707 5349 Et
2729 5285 2850 5331 tunc
2873 5292 3052 5349 verum
3077 5283 3161 5328 est
3181 5286 3397 5328 carnem
3423 5286 3525 5328 non

1964 5361 2084 5402 esse
2110 5361 2369 5416 organum
2401 5355 2591 5413 tactus,
2621 5347 2713 5401 sed
2743 5362 2836 5416 cor
2863 5347 2944 5401 vel
2976 5357 3186 5400 nervos.

2036 5415 2199 5487 Terra
2229 5427 2303 5470 est
2341 5432 2419 5470 res
2447 5417 2706 5487 quiescens
2749 5415 2876 5487 (Per
2919 5416 3390 5479 Commentatorem,
3445 5416 3539 5484 qui

1964 5490 2086 5542 dicit
2110 5502 2128 5540 :
2157 5486 2217 5542 Si
2247 5503 2416 5540 omnes
2444 5486 2524 5541 dei
2553 5486 2929 5552 descenderent,
2972 5501 3073 5538 non
3103 5496 3304 5555 possent
3332 5499 3520 5538 movere

1965 5557 2199 5627 terram).
2240 5558 2549 5626 lntelligitur
2576 5558 2864 5614 secundum
2908 5570 2969 5611 se
3007 5565 3205 5627 totam,
3249 5557 3376 5611 licet
3409 5569 3522 5609 ιιιο-

1963 5626 2462 5687 νεειιιιιεεριιιιαιιιιι
2495 5640 2688 5698 partes,
2721 5628 2841 5697 quia
2871 5626 3108 5696 quotidie
3149 5629 3518 5698 alteratur__se-

1962 5701 2195 5754 cundum
2234 5715 2356 5754 suas
2399 5695 2596 5767 partes,
2646 5695 2755 5752 imo
2799 5695 2959 5754 etiam
3007 5707 3247 5754 movetur
3285 5695 3524 5753 localiter

1964 5772 2251 5827 secundum
2283 5770 2535 5840 quasdam
2567 5778 2762 5841 partes.
