4060 6368
585 319 722 376 1055
1051 311 1254 370 ΒΕῡιΕ
1296 309 1742 369 VENERABILIS
1777 306 1929 362 OPP.
1971 302 2150 361 PARS
2189 301 2229 358 Ι.

580 437 743 500 bitur,
775 442 829 487 et
856 431 996 501 quod
1048 440 1260 500 negotio
1289 438 1606 501 diminutum
1633 425 1810 501 fuerit,
1842 420 2144 501 exrequabi-
2169 423 2217 479 Α

582 503 667 561 tur
707 494 986 568 industria,
1039 494 1241 576 nt'pro
1269 508 1450 576 vestro
1488 498 1540 552 in
1589 511 1688 552 nos
1726 494 2007 576 ofﬁcionet
2052 506 2147 560 pro

584 585 767 631 nostro
790 577 913 628 vitre
957 566 1135 626 studio
1151 566 1357 625 ‘mnnns
1399 569 1502 623 hoc
1548 566 2034 623 accumulatissime
2061 577 2150 618 ve-

584 643 988 714 strmdargiatnr
1016 642 1294 714 voluntati.

655 706 844 788 Itaque
864 717 1002 788 inter
1033 712 1333 767 Aristotelis
1359 709 1738 788 Ciceronisque
1784 706 1971 788 libros,
2019 716 2152 788 quos

585 789 653 844 de
676 778 962 856 Republica
1005 793 1288 856 utrumque
1315 781 1653 856 constituisse
1676 786 1905 856 constat,
1939 778 2151 856 hocin-

583 844 786 916 teresse
807 857 975 922 prima
1001 853 1180 909 fronte
1206 844 1547 920 perspicitur,
1571 850 1708 922 quod
1743 847 1830 902 ille
1861 844 2151 922 rempubli-

585 945 701 985 cam
727 917 1008 998 ordinavit,
1039 924 1124 978 hic
1153 917 1370 998 retulit;
1402 923 1535 998 alter
1556 917 1729 998 qualis
1753 933 1872 973 esse
1895 917 2147 998 deberet,

589 1000 724 1054 alter
757 997 927 1064 qualis
977 988 1120 1051 esset
1168 1011 1196 1048 a
1238 990 1827 1064 majoribusinstituta
1876 988 2146 1064 disseruit.

586 1056 890 1126 Aristolelis
913 1076 1086 1140 autem
1115 1064 1276 1140 libros
1305 1056 1566 1140 superiori
1591 1060 1729 1140 libro
1755 1067 2037 1140 excerptas
2055 1056 2151 1140 de-

585 1141 783 1204 dimus,
808 1153 946 1192 nunc
977 1137 1251 1192 Ciceronis
1295 1134 1424 1188 dare
1467 1131 1745 1204 praesentis
1775 1139 1858 1204 est
1903 1131 2148 1194 intentio,

584 1226 740 1273 quem
771 1201 1045 1280 praeterire
1081 1216 1245 1280 turpe
1274 1215 1327 1258 et
1377 1214 1675 1280 extremum
1716 1201 1947 1280 dedecus
1985 1208 2147 1280 esset.

587 1271 714 1335 Nam
748 1271 906 1334 sludii
937 1271 1278 1331 humanitatis
1309 1274 1570 1349 maximus
1601 1273 1698 1349 fuit
1725 1271 1917 1349 cultor,
1948 1271 2036 1349 qui
2065 1271 2150 1349 in_-

586 1352 744 1420 genio
783 1351 848 1404 ab
876 1349 1241 1420 adolescentia
1251 1346 1527 1420 eruditus,
1553 1354 1607 1420 e_t
1629 1344 1687 1420 _in
1719 1341 1946 1420 dicendo
1987 1341 2150 1420 pluri-

590 1412 735 1476 innm
767 1419 1109 1490 exercitatus,
1143 1416 1298 1490 facile
1334 1425 1388 1470 et
1427 1413 1759 1490 sine__labo_re_
1794 1412 2150 1490 cogitationes

591 1507 714 1547 snas
753 1491 1004 1545 mandare
1036 1489 1234 1560 litteris
1281 1494 1507 1560 poterat.
1543 1483 1651 1560 llac
1695 1483 1853 1560 igitur
1900 1482 2151 1560 felicitate

593 1562 806 1631 ingenii,
841 1561 939 1616 hoc
977 1558 1182 1614 naturae
1220 1571 1458 1631 munere,
1494 1559 1589 1631 hac
1619 1553 1846 1631 denique
1879 1553 2148 1631 sapientia

589 1621 966 1688 etaeruditione
1006 1631 1189 1693 fretus,
1217 1644 1245 1682 a
1273 1625 1493 1696 pueritia
1522 1626 1586 1678 ad
1616 1626 1816 1696 esitum
1843 1621 2149 1696 vitcemnlta

587 1703 903 1770 przcscripsit
931 1718 946 1758 :
975 1702 1112 1756 inter
1139 1691 1257 1766 qua:
1275 1691 1526 1770 quaedam
1555 1694 1853 1770 studiorum
1875 1704 1930 1747 et
1951 1691 2150 1746 doctri-

591 1767 672 1828 nae
715 1767 836 1828 sunt
865 1787 1047 1841 opera,
1093 1786 1211 1838 qua:
1240 1767 1656 1841 adolescentiam
1693 1773 1874 1841 agunt,
1900 1771 2152 1841 _seuect_n-
2183 1775 2232 1837 Β

593 1853 698 1898 tem
731 1832 995 1898 oblectant
1016 1832 1044 1903 ι’
1064 1832 1323 1895 secundas
1352 1853 1438 1892 res
1462 1843 1675 1900 ornant,
1704 1832 1943 1890 adversis
1975 1832 2155 1903 profu-

591 1915 734 1982 gium
775 1928 836 1967 ac
886 1913 1132 1966 solatium
1185 1912 1462 1978 praebent;
1513 1907 1783 1982 delectant
1825 1907 2001 1982 domi,
2052 1917 2157 1957 non

597 1975 890 2053 impediunt
922 1983 1083 2045 foris;
1115 1975 1430 2053 pernoctant
1472 1979 1771 2053 nobiscum,
1802 1975 2032 2053 reddunt
2062 1987 2160 2053 nos

596 2046 901 2109 simillimos
929 2054 1030 2108 diis
1061 2046 1475 2116 immortalibus,
1504 2059 1557 2104 et
1600 2048 1670 2101 ob
1698 2047 2046 2102 excellentem
2092 2046 2158 2098 il-

595 2125 764 2180 larum
797 2135 964 2180 artem
1011 2135 1058 2179 et
1109 2131 1444 2178 venustatem
1500 2119 1742 2174 videmur
1784 2117 2003 2172 omnino
2053 2130 2158 2168 non

595 2197 730 2250 mori
763 2210 918 2263 posse
939 2195 1154 2249 debere.
1187 2194 1367 2261 Itaque
1398 2192 1569 2263 primo
1582 2190 1833 2263 9erin
1861 2187 2042 2263 ofﬁcio
2065 2186 2162 2263 bu-

595 2256 840 2321 mano'ex
870 2266 1181 2320 Ofﬁciornm
1212 2256 1364 2318 libris
1392 2256 1552 2316 Slarci
1580 2260 1738 2314 Tullii
1768 2257 2046 2314 Ciceronis
2069 2256 2162 2310 de-

595 2335 840 2405 leguntur
880 2336 1241 2390 auctoritates.

698 2445 782 2502 Ex
811 2446 939 2501 libro
968 2448 1131 2518 primo
1155 2445 1450 2515 Ufﬁciorum
1480 2443 1556 2498 Μ.
1592 2442 1734 2498 Tull.
1768 2441 2048 2497 Ciceronis.

664 2535 811 2590 Nulla
839 2537 980 2592 enim
1011 2537 1132 2590 vitae
1161 2550 1282 2603 pars
1312 2550 1480 2604 neque
1506 2534 1748 2604 publicis,
1784 2548 1955 2603 neque
1987 2532 2160 2601 priva-

594 2605 684 2670 tis,
736 2622 905 2671 neque
950 2606 1266 2663 forensibus.
1315 2620 1487 2674 neque
1529 2605 1839 2660 domesticis
1886 2605 1938 2658 in
1980 2605 2161 2670 rebus,

594 2691 763 2744 neque
793 2677 835 2731 si
866 2687 1038 2732 tecum
1069 2693 1195 2740 agas
1224 2677 1370 2746 quid,
1401 2691 1572 2742 neque
1611 2677 1654 2729 si
1690 2690 1810 2730 cum
1841 2678 2010 2746 altero
2035 2689 2165 2728 con-

595 2748 792 2810 trahas,
821 2763 1009 2802 vacare
1034 2746 1212 2801 ofﬁcio
1245 2745 1439 2816 potest,
1467 2747 1516 2799 in
1547 2761 1716 2814 eoque
1741 2745 2034 2816 excolendo
2065 2746 2162 2799 sita

601 2820 824 2871 estvita:
850 2819 1096 2872 honestas
1125 2815 1318 2882 omnis,
1350 2828 1400 2871 et
1431 2817 1743 2886 negligenda
1765 2815 2054 2884 turpitudo.

665 2887 850 2942 Omnis
877 2890 1018 2944 enim
1048 2904 1164 2958 quae
1193 2905 1220 2941 a
1265 2888 1469 2942 ratione
1503 2889 1788 2954 suscipitur
1813 2887 1880 2940 de
1905 2886 2080 2958 aliqua
2106 2899 2167 2942 re

601 2958 884 3022 institutio,
918 2957 1077 3013 debet
1113 2974 1140 3012 a
1171 2958 1482 3013 deﬁnitione
1512 2958 1794 3024 proﬁcisci,
1826 2965 1885 3012 ut
1907 2957 2167 3026 intelliga-

599 3030 830 3098 turquid
857 3029 926 3083 sit
951 3031 1002 3083 id
1031 3030 1098 3084 de
1129 3045 1234 3098 quo
1259 3029 1576 3097 disputatur.

669 3097 802 3152 Cum
833 3101 973 3154 enim
1015 3097 1212 3154 utilitas
1250 3099 1313 3153 ad
1343 3114 1402 3154 se
1430 3114 1618 3166 rapere
1647 3099 1896 3170 honestas
1919 3105 2166 3170 econtra

601 3183 630 3222 a
662 3182 720 3223 se
769 3184 1022 3225 revocare
1063 3171 1292 3234 videtur,
1326 3170 1383 3221 ﬁt
1430 3180 1488 3224 ut
1516 3170 1842 3224 distrahatur
1871 3167 1924 3222 in
1953 3167 2164 3223 delibe-

598 3239 767 3363 ranélo
807 3241 1052 3307 animus,
1101 3239 1394 3309 afferatque
1440 3242 1723 3310 ancipitem
1774 3252 1957 3293 curam
2003 3238 2161 3308 cogi-

619 3323 682 3362 au
726 3327 762 3363 I.

598 3309 762 3365 laudi.

674 3379 942 3454 Principio
986 3381 1169 3454 generi
1217 3381 1566 3437 animantium
1605 3380 1749 3435 omni
1781 3387 1864 3435 est
1905 3395 1933 3434 a
1974 3389 2165 3454 natura

606 3449 883 3522 tributum,
916 3449 1077 3521 utse,
1103 3455 1262 3508 vitam
1297 3467 1598 3522 corpusque
1630 3466 1784 3506 suum
1818 3460 2047 3514 tueatur,
2072 3449 2169 3504 de-

600 3520 865 3593 clinetque
891 3538 953 3578 ea
982 3520 1101 3593 qua:
1132 3523 1372 3578 nocitura
1396 3520 1700 3584 videantur,
1732 3523 2019 3589 omniaque
2045 3532 2166 3591 qua

603 3590 711 3642 sint
757 3591 822 3644 ad
852 3590 1132 3647 vivendum
1180 3594 1481 3648 necessaria
1528 3593 1756 3660 inquirat
1797 3601 1849 3645 et
1894 3590 2075 3659 paret,
2108 3597 2168 3645 ut

601 3667 807 3732 pastum
847 3673 899 3716 et
929 3663 1170 3727 latibula,
1200 3673 1254 3717 et
1281 3664 1382 3717 alia
1409 3663 1668 3732 ejusmodi
1696 3662 1925 3730 generis.

671 3729 965 3788 Commune
1012 3743 1186 3788 autem
1234 3729 1473 3786 omnium
1514 3731 1858 3786 animantium
1907 3741 1988 3785 est
2032 3745 2167 3785 con-

597 3797 887 3873 junctionis
916 3804 1181 3873 appetitus
1209 3803 1526 3871 procreandi
1555 3816 1736 3865 causa,
1765 3811 1979 3873 et_cura
2020 3816 2167 3873 qua:-

603 3869 725 3924 dam
752 3885 936 3944 eorum
953 3869 1045 3928 est
1071 3889 1187 3944 qua:
1213 3869 1488 3942 procreata
1516 3883 1660 3927 sunt.
1694 3873 1796 3926 Sed
1827 3869 2169 3944 interbomi-

604 3955 725 3996 nem
771 3951 826 3996 et
874 3940 1104 3999 bellnam
1157 3940 1258 3997 hoc
1304 3945 1532 3997 maxime
1573 3943 1816 4006 interest,
1858 3940 2000 4010 quod
2051 3941 2168 3996 haec

607 4019 810 4083 tantum
842 4024 1098 4083 quantum
1128 4029 1286 4069 sensu
1329 4023 1590 4078 movetur,
1623 4012 1686 4065 ad
1731 4012 1782 4066 id
1826 4013 1999 4064 solum
2025 4011 2166 4083 quod

606 4081 776 4154 adest,
808 4081 1054 4154 quodque
1085 4099 1320 4154 praesens
1348 4094 1450 4148 est,
1472 4098 1530 4137 se
1568 4083 1952 4146 accommodat,
1977 4081 2168 4151 paulu-

606 4150 714 4222 lum
761 4150 1041 4209 admodum
1085 4150 1330 4210 sentiens
1381 4155 1706 4222 praeteritum
1759 4161 1851 4206 aut
1906 4150 2163 4208 futurum.

610 4220 779 4276 Homo
826 4235 1002 4280 autem
1052 4227 1140 4295 qui
1188 4220 1412 4280 rationis
1452 4235 1534 4279 est
1573 4223 1858 4295 particeps,
1891 4238 2165 4289 perquam

606 4299 985 4362 consequentia
1014 4293 1202 4360 cernit,
1234 4309 1422 4350 causas
1471 4308 1648 4349 rerum
1688 4293 1850 4357 videt,
1879 4307 2167 4361 earumque

611 4377 918 4431 progressus
947 4376 1001 4420 et
1030 4367 1179 4434 quasi
1209 4365 1603 4420 antecessiones
1629 4377 1732 4418 non
1766 4363 1992 4433 ignorat,
2021 4363 2170 4417 sinti-

612 4434 860 4489 litndines
899 4446 1189 4502 comparat,
1241 4437 1504 4504 rebusque
1547 4435 1897 4502 praesentibus
1927 4435 2166 4502 adjunglt

609 4511 770 4570 atqu’e
797 4508 1031 4561 annectit
1061 4510 1282 4572 futuras,
1314 4505 1470 4561 facile
1512 4507 1669 4561 totius
1695 4505 1815 4557 vitae
1843 4519 2056 4557 cttrsum
2089 4505 2164 4558 vi-

611 4572 744 4654 det,
785 4576 848 4629 ad
899 4592 1122 4648 eamque
1172 4577 1464 4648 degendam
1513 4585 1774 4647 prteparat
1821 4588 1919 4629 res
1981 4589 2168 4630 neces-

605 4656 796 4700 Sartas.

686 4711 941 4788 Hisenim
993 4717 1151 4772 rebus
1178 4733 1294 4788 quae
1341 4726 1643 4788 tractantur
1673 4729 1724 4768 In
1775 4715 1904 4782 vita,
1950 4715 2170 4788 modum

613 4783 892 4850 quemdam
923 4795 977 4840 et
1003 4783 1240 4843 ordinem
1266 4791 1601 4854 adhibentes,
1635 4787 1967 4840 honestatem
1995 4795 2050 4841 et
2078 4787 2168 4840 deo

605 4868 698 4906 cus
727 4856 1176 4912 conservabimus.

677 4923 876 4996 omnes
913 4929 1054 4980 enim
1096 4927 1350 4984 trahimur
1376 4939 1429 4986 et
1471 4929 1719 4984 ducimur
1748 4925 1813 4979 ad
1845 4926 2171 4996 cognitionis

606 5004 662 5048 et
681 4994 1315 5068 scieutuecupiditatem,
1348 5001 1400 5054 in
1443 4999 1842 5068 quaexcellere
1889 4994 2169 5068 pulchrum

609 5077 890 5189 putamus;
923 5067 1026 5122 labi
1056 5077 1251 5133 autem,
1282 5066 1484 5138 errare,
1515 5066 1739 5134 nescire,
1772 5066 1950 5135 decipi
1974 5076 2029 5121 et
2049 5083 2174 5122 ma-

635 5150 719 5189 ιιιῐι
749 5149 801 5189 et
835 5145 985 5189 turne
1014 5138 1262 5189 dicimus.
2165 5145 2171 5154 ‘

635 5150 719 5189 mn
749 5149 801 5190 et
835 5145 985 5206 turpe
1014 5138 1262 5193 dicimus.
2165 5145 2171 5154 ‘

2190 3121 2239 3186 Ο

2193 4483 2246 4544 D

681 5206 832 5273 Quod
861 5208 911 5261 in
941 5209 1099 5264 rebus
1129 5209 1364 5264 honestis
1385 5217 1438 5262 et
1459 5209 1760 5278 cognitione
1785 5207 1958 5278 dignis
1993 5221 2174 5278 operte

610 5291 858 5350 cur-teque
886 5290 1128 5350 ponetur,
1158 5280 1207 5333 id
1231 5278 1351 5348 jure
1382 5278 1703 5334 laudabitur.

685 5347 904 5403 Virtutis
932 5351 1072 5404 enim
1119 5347 1245 5404 Ians’
1275 5351 1447 5404 omnis
1498 5350 1549 5402 in
1581 5350 1789 5404 actione
1835 5349 2102 5415 consistit,
2143 5363 2172 5402 a

612 5433 714 5488 qua
743 5428 920 5490 tamen
963 5421 1020 5474 fit
1051 5421 1392 5477 intermissio.
1415 5422 1564 5489 Saepe
1595 5420 1847 5490 multique
1873 5419 2070 5474 dantur
2107 5420 2174 5473 ad

610 5489 844 5543 Studium
874 5490 1096 5546 reditus.

684 5562 870 5615 Omnis
899 5560 1040 5615 enim
1071 5561 1320 5630 cogitatio
1349 5569 1628 5629 motusque
1656 5561 1816 5614 animi
1845 5571 1934 5615 aut
1961 5561 2014 5615 in
2043 5574 2174 5614 con-

615 5631 751 5684 siliis
791 5632 1062 5700 capiendis
1105 5633 1172 5688 de
1212 5636 1369 5689 rebus
1418 5632 1677 5695 honestis,
1704 5640 1760 5685 et
1789 5631 2176 5699 pertinentibus

613 5701 679 5753 ad
711 5700 844 5772 bene
871 5703 1131 5772 beateque
1158 5705 1464 5770 vivendum,
1490 5712 1582 5759 aut
1613 5702 1668 5758 in
1709 5702 1900 5758 studiis
1941 5702 2178 5758 scientiae

611 5770 932 5839 cognltionis
959 5770 1271 5829 versabitur.
1675 5793 1681 5809 -
1827 5814 1830 5818 ί
2067 5786 2071 5790 ’

2270 302 2462 358 SEC’I‘.
2507 300 2546 355 ιι
2608 328 2678 343 -
2718 293 2919 356 nurus
2963 294 3049 353 ΕΤ
3086 297 3328 357 SPURIA.
3594 317 3692 379 ωε,

2315 420 2525 493 Justitia
2547 430 2651 493 est,
2693 421 2744 493 in
2784 417 3081 493 quavirtns
3107 421 3184 474 est
3225 422 3443 493 splendor
3473 431 3670 493 maximus

2315 437 2522 476 .ItlSlllla
2547 437 2651 481 est,
2694 437 2744 473 in
2784 437 2884 487 qua
2915 437 3081 471 virtus
3107 437 3184 474 est
3225 437 3248 475 s
3285 437 3443 477 lentior
3473 437 3670 493 maximus

2251 507 2315 546 ex
2335 507 2448 565 qua
2482 492 2576 565 viri
2610 491 2728 543 boni
2762 491 3137 565 nominantur;
3167 499 3219 565 et
3253 437 3361 565 linic
3380 498 3604 565 conjuncta
3629 481 3693 563 ιιεῖ

2254 563 2556 627 neﬁcentia,
2589 575 2746 626 quam
2778 561 2964 614 cadent
2997 561 3077 631 vel
3098 561 3444 631 benignitatem
3465 561 3531 622 vel
3557 561 3696 631 libera—

2251 632 2452 686 litatem
2495 631 2752 704 appellari
2798 632 2941 685 licet.
2994 630 3055 684 Et
3088 630 3288 704 justitige
3327 635 3518 701 primum
3556 630 3695 704 muniis

2250 714 2352 781 est,
2386 715 2445 781 nt
2492 719 2557 757 ne
2586 703 2670 757 cui
2724 704 2844 781 quis
2898 711 3086 755 noceat
3123 702 3217 755 nisi
3249 702 3490 781 lacessitus
3529 702 3696 781 injuria;

2251 763 2446 854 deinde
2474 784 2530 854 ut
2555 763 2930 854 communibus
2976 787 3070 840 pro
3095 775 3431 830 communibus
3451 763 3700 854 manta-pii:

2255 847 2408 908 vatis,
2435 853 2491 898 ιιι
2519 845 2650 898 Suis.

2323 914 2587 970 Praeclare
2616 914 2873 982 scriptum
2905 920 2986 968 est
3030 928 3058 967 a
3102 912 3346 969 Platone:
3374 914 3470 971 Non
3495 922 3616 975 nobs
3638 940 3702 980 so-

2251 985 2358 1038 lum
2389 987 2498 1040 nati
2527 999 2710 1040 sumus
2736 1025 2754 1050 ,
2793 995 3047 1056 ortusque
3077 984 3236 1039 nostri
3264 996 3442 1052 partem
3469 991 3603 1056 patria
3625 997 3704 1051 vitt-

2251 1057 2420 1120 dicat,
2454 1065 2764 1123 partemque
2785 1054 2964 1109 amici.

2324 1129 2521 1208 Atque,
2547 1135 2604 1180 ιιο
2633 1127 2811 1208 placet
2840 1125 3054 1192 Stoicis,
3086 1139 3150 1207 ea
3177 1139 3288 1193 quae
3315 1125 3374 1208 in.
3396 1129 3709 1208 terris_gignuu-

2252 1207 2358 1263 lnr,
2393 1198 2456 1250 ad
2509 1197 2782 1251 hominum
2812 1210 2966 1251 usum
3011 1197 3183 1250 omnia
3221 1200 3395 1262 creari,
3431 1197 3624 1254 homines
3647 1219 3708 1258 an.

2251 1276 2358 1322 tem
2390 1267 2662 1322 hominum
2695 1282 2852 1321 causa
2881 1280 2999 1338 esse
3028 1277 3336 1338 procreatos,
3366 1277 3413 1321 nt
3447 1269 3528 1338 ipsi
3553 1271 3710 1330 interse

2250 1338 2338 1391 alii
2367 1339 2486 1392 aliis
2513 1338 2771 1404 prodesse
2815 1337 3036 1403 possint.
3075 1335 3128 1391 ln
3160 1337 3254 1391 hoc
3282 1335 3495 1392 naturam
3528 1341 3713 1398 dehemut

2251 1409 2440 1463 ducem
2472 1409 2640 1473 sequi,
2665 1422 2976 1480 communes
3007 1407 3252 1480 utilitates
3273 1408 3444 1480 afferre
3467 1410 3510 1464 in
3529 1413 3712 1480 medium,

2249 1480 2664 1534 commutatione
2706 1479 3002 1533 ofﬁciorum
3055 1477 3248 1541 dando,
3289 1479 3555 1547 accipiendo
3590 1501 3599 1533 :
3633 1477 3715 1537 cura

2252 1549 2476 1614 artibus,
2509 1558 2618 1604 tum
2657 1564 2840 1618 opera,
2887 1557 2997 1602 tum
3043 1548 3366 1604 facultatibus
3409 1551 3627 1604 devincire
3654 1557 3718 1606 bo-

2252 1619 2452 1674 minum
2518 1619 2658 1674 inter
2716 1620 2956 1674 homines
3024 1619 3366 1684 societatem;
3409 1620 3719 1676 fundamentum

2253 1699 2428 1746 autem
2459 1689 2631 1746 omnis
2657 1689 2875 1759 justiti:e
2901 1697 2986 1744 est
3015 1690 3166 1756 ﬁdes,
3197 1689 3246 1744 ld
3275 1699 3370 1755 est,
3395 1691 3613 1744 dictorum
3635 1706 3722 1746 con-

2255 1770 2642 1830 ventorumque
2667 1762 2964 1815 constantia
2993 1769 3047 1815 et
3075 1763 3284 1816 veritas.

2331 1829 2599 1899 lnjnstitim
2627 1831 2735 1886 duo
2759 1839 2881 1885 sunt
2907 1847 3105 1898 genera
3155 1846 3171 1885 :
3217 1845 3366 1885 unum
3403 1845 3556 1884 eorum
3579 1829 3644 1895 qui
3667 1831 3722 1888 in-

2260 1902 2437 1957 ferunt
2468 1920 2482 1956 :
2514 1903 2740 1957 alterum
2773 1917 2959 1956 eorum
2991 1903 3079 1970 qui
3111 1900 3178 1955 ab
3204 1901 3264 1956 iis
3287 1901 3461 1970 quibus
3485 1899 3674 1963 infertur,
3695 1901 3724 1953 si

2259 1983 2501 2042 possunt,
2552 1988 2656 2027 non
2704 1972 3010 2040 propulsant
3048 1972 3312 2042 injuriam.
3353 1971 3470 2024 Nam
3497 1971 3728 2040 quiinjnstc

2262 2043 2516 2109 impetum
2548 2044 2597 2096 in
2637 2044 2938 2112 quempiam
2985 2043 3130 2108 facit,
3177 2052 3264 2096 aut
3300 2042 3370 2096 ira
3411 2048 3488 2094 ant
3526 2043 3730 2112 perturba-

2262 2115 2406 2167 tione
2437 2115 2612 2182 aliqua
2642 2109 2911 2179 incitatus,
2939 2113 2982 2166 is
3011 2114 3160 2181 quasi
3189 2127 3365 2167 manus
3391 2112 3570 2166 videtur
3592 2109 3731 2163 inferre

2261 2184 2442 2246 socio;
2470 2186 2558 2252 qui
2589 2191 2766 2239 autem
2818 2199 2922 2238 non
2971 2183 3222 2243 defendit.
3274 2197 3367 2238 nec
3407 2182 3584 2236 obsistit
3613 2184 3731 2244 sipo-

2262 2263 2367 2308 test
2414 2253 2638 2322 injuriae,
2671 2263 2780 2308 tam
2809 2265 2886 2308 est
2919 2254 2969 2308 in
3001 2256 3134 2309 vitio
3160 2269 3314 2324 quam
3353 2253 3394 2308 si
3435 2260 3513 2306 aut
3537 2258 3733 2321 parentes,

2263 2335 2354 2379 aut
2381 2327 2603 2386 amicos,
2633 2334 2724 2379 aut
2751 2325 2972 2393 patriam
3003 2325 3236 2380 deserat.

2338 2395 2670 2462 Expetuntur
2713 2392 2888 2449 autem
2938 2395 3138 2450 divitia:
3184 2404 3290 2450 tum
3339 2394 3400 2448 ad
3427 2406 3535 2448 usus
3555 2392 3734 2446 vitane-

2262 2467 2547 2530 cessarios,
2571 2475 2680 2520 tum
2712 2467 2775 2520 ad
2809 2466 3158 2534 perfruendas
3181 2466 3484 2534 voluptates.

2334 2536 2608 2592 Delectant
2629 2537 2787 2592 etiam
2809 2530 3073 2604 magniﬁci
3107 2530 3383 2606 apparatus
3407 2536 3598 2606 vitantque
3617 2530 3739 2584 cultus

2263 2622 2382 2662 cum
2415 2608 2676 2674 elegantia
2706 2616 2760 2660 et
2803 2603 2952 2674 copia
2972 2603 3217 2677 ;..qnibus
3264 2607 3415 2677 rebus
3456 2603 3661 2677 effectum
3686 2607 3742 2677 est

2263 2686 2321 2731 ut
2346 2668 2550 2732 inﬁnita
2579 2678 2816 2746 pecuni-u
2846 2668 3109 2744 cupiditas
3153 2686 3310 2733 esset.
3357 2675 3456 2730 Nec
3478 2687 3582 2729 vero
3605 2672 3662 2746 rei
3686 2668 3742 2723 fa-

2264 2749 2488 2801 miliaris
2519 2742 2862 2814 ampliﬁcatio
2893 2742 3091 2803 nemini
3132 2761 3328 2804 nocens
3365 2742 3654 2814 vituperanda
3673 2749 3744 2802 εει,

2263 2817 2634 2895 sed_fugienda
2666 2833 2876 2895 semper
2894 2819 3092 2895 injuria
3124 2828 3226 2895 est.
3286 2889 3298 2895 _
3595 2881 3606 2895 ,

2337 2887 2561 2960 Maxime
2590 2899 2764 2942 antem
2804 2890 3141 2943 adducuntur
3172 2889 3400 2960 plerique
3422 2895 3472 2940 ut
3493 2899 3572 2940 eos
3590 2887 3748 2960 justiti:

2264 2959 2438 3031 capiat
2464 2959 2682 3025 oblivio,
2716 2975 2852 3031 curii
2870 2961 2920 3012 in
2949 2952 3596 3031 imperiorum,honoro-ub
3619 2952 3749 3031 gloria

2264 3025 2606 3098 cupiditatem
2638 3030 2938 3084 inciderint.
2967 3025 3119 3097 Quod
3150 3032 3291 3086 enim
3317 3039 3396 3084 est
3419 3026 3540 3095 apud
3565 3025 3750 3098 Ennilllll.

2267 3091 2422 3154 Nulla
2469 3111 2651 3154 sancta
2697 3101 2925 3156 societas
2975 3091 3074 3154 nec
3125 3101 3258 3156 fides
3295 3099 3436 3166 regni
3453 3091 3545 3159 est,
3572 3093 3612 3148 id
3644 3091 3753 3144 latius

2271 3179 2436 3238 patet.
2469 3170 2597 3223 Nam
2628 3171 2880 3241 quidquid
2927 3171 3192 3241 ejusmodi
3223 3180 3306 3226 est
3345 3170 3397 3241 in
3439 3181 3532 3236 quo
3562 3178 3647 3218 non
3669 3171 3753 3241 νοεῖ

2265 3237 2390 3295 sunt
2439 3241 2614 3308 plures
2646 3237 2987 3310 'pratcellere,
3041 3243 3095 3298 in
3146 3257 3213 3298 eo
3258 3241 3315 3296 ﬁt
3352 3239 3624 3308 plerumque
3653 3237 3755 3285 tanta

2265 3313 2558 3391 contentio,
2592 3322 2650 3365 ut
2685 3312 3054 3367 difﬁcillimum
3105 3315 3178 3368 sit
3216 3324 3427 3369 servare
3472 3316 3666 3363 sanctam
3697 3311 3758 3352 ³ου

2267 3389 2514 3435 ctelatem
2525 3418 2539 3434 .

2341 3451 2398 3503 In
2443 3453 2588 3506 omni
2633 3451 2833 3521 jnstilia
2878 3454 3204 3521 permultum
3252 3454 3463 3508 interest
3509 3456 3654 3521 ulrultt
3674 3455 3762 3521 peff

2269 3521 2570 3598 turbatione
2600 3515 2773 3591 aliqua
2805 3515 2999 3598 animi,
3018 3540 3141 3593 quae
3191 3525 3502 3598 plerumque
3532 3515 3675 3598 brevis
3695 3517 3761 3598 est

2267 3600 2322 3664 91
2351 3593 2414 3664 ad
2450 3589 2778 3661 tempus,'an
2819 3589 3061 3650 consulto
3111 3604 3168 3649 et
3191 3589 3432 3664 'cOgitata
3476 3589 3553 3643 flat
3583 3589 3726 3664 injuria
3747 3597 3760 3664 ς

2268 3661 2472 3734 leviora
2505 3655 2644 3720 enim
2670 3655 2799 3719 sunt
2825 3680 2886 3720 ea
2917 3681 3034 3734 quae
3077 3655 3356 3732 repentino
3396 3671 3446 3714 et
3486 3655 3762 3734 motnaloiq'uo

2269 3733 2539 3801 accidunt,
2571 3750 2727 3805 quam
2761 3751 2822 3791 ea
2853 3721 2972 3796 qua:
3001 3721 3256 3790 meditata
3287 3743 3339 3789 et
3368 3735 3628 3805 przizplll‘au
3656 3721 3764 3805 39";

2269 3811 2463 3876 runtur
2495 3791 2639 3859 {hoc
2669 3807 2840 3872 ipsum
2867 3791 2975 3876 jam
3003 3805 3207 3876 justum
3239 3814 3321 3862 est
3347 3791 3489 3865 quod
3509 3807 3630 3853 recte
3653 3791 3713 3858 ﬁt,
3735 3791 3766 3842 si

2268 3882 2351 3928 est
2376 3875 2752 3930 voluntarium.

2340 3942 2438 3996 Est
2467 3947 2610 3999 enim
2640 3946 2872 4002 difﬁcilis
2899 3963 3023 4004 cura
3053 3963 3235 4002 rerum
3266 3947 3562 4003 alienarum.

2341 4013 2586 4090 @quitas
2611 4017 2752 4090 enim
2785 4034 2879 4084 per
2908 4019 3160 4090 serlucet.
3562 4077 3590 4090 ,,
3673 4071 3698 4090 ί.

2341 4070 2446 4138 Νθδ
2473 4070 2731 4154 Promissa
2761 4070 3167 4142 séiiaiiiui'siiui
3191 4104 3255 4144 ea
3284 4091 3539 4156 quassum
3561 4077 3614 4131 iis
3631 4070 3772 4156 quibus

2270 4149 2689 4228 promissasnnt
2718 4158 2946 4214 inutilia.
2992 4157 3098 4212 Nec
3129 4161 3173 4213 si
3206 4149 3326 4228 plus
3370 4155 3460 4210 tibi
3506 4165 3560 4207 ea
3585 4149 3772 4228 ηιξεθὲηέτ

2269 4216 2427 4304 itu?!"
2480 4227 2554 4280 illi
2599 4229 2802 4304 PPPGint
2847 4231 2931 4283 cni
2981 4216 3300 4304 promiseris
3349 4231 3570 4304 :_contra
3599 4216 3773 4270 ofﬁcium

2268 4295 2412 4368 enim
2434 4305 2536 4360 est,
2564 4298 2736 4368 majus
2762 4295 3013 4368 damnum
3046 4299 3301 4368 anteponi
3335 4295 3557 4368 minori._

2341 4365 2394 4418 In
2427 4349 2704 4434 republica
2719 4349 3368 4425 ‘mﬁiiiiémcdris‘éiv'éhaa
3402 4372 3518 4420 sunt
3540 4362 3642 4430 jura
3673 4349 3776 4434 belli.

2268 4434 2398 4510 Nam
2443 4432 2562 4510 cum
2611 4445 2734 4492 sunt
2770 4438 2877 4494 duo
2922 4454 3115 4510 genera
3167 4435 3473 4494 decertandi
3504 4450 3516 4486 :
3546 4432 3779 4510 υηξξςηιρξξ

2269 4505 2734 4578 disceptationem,
2779 4491 3319 4576 Valteri’imwperwvim,
3365 4515 3579 4578 cumque
3609 4491 3782 4578 illudill

2270 4561 2545 4644 proprium
2591 4561 3012 4642 hominisrhoc—
3052 4561 3356 4634 satisan.
3384 4616 3401 4642 ,
3437 4561 3778 4644 εοὲιτυιιίεξξάυἷη

2268 4636 2444 4700 ὲειίιά
2476 4649 2760 4714 posterius,
2804 4636 2858 4704 si
2899 4651 2972 4704 uti
3018 4666 3120 4704 non
3173 4652 3301 4705 licet
3345 4636 3618 4714 superiore.
3653 4636 3784 4714 QII???

2269 4711 2604 4784 suscipienda
2631 4711 2844 4786 quidem
2874 4720 3012 4774 bella
3038 4729 3162 4774 sunt
3186 4723 3258 4774 ob
3285 4711 3622 4786 eam'cansam
3642 4713 3686 4758 ut
3703 4711 3788 4786 διιιθ

2271 4783 2463 4854 injuria
2488 4788 2546 4858 in
2578 4783 2705 4855 pace
2732 4791 2939 4843 vivatur
2980 4807 2992 4843 :
3043 4798 3188 4858 parta
3233 4797 3410 4858 autem
3455 4783 3652 4858 victoria
3689 4783 3784 4858 693'

2270 4852 2517 4929 servandi
2547 4852 2669 4912 sunt
2696 4861 2747 4912 hi
2777 4861 2867 4929 qui
2898 4876 3001 4914 non
3032 4852 3281 4914 crudeles
3308 4862 3359 4912 in
3391 4854 3525 4911 bello
3549 4859 3696 4917 neque
3718 4852 3788 4893 im-

2271 4942 2457 4999 manes
2483 4927 2718 4999 fuerunt.
2794 4927 2806 4929 ﬁ
3439 4995 3470 4999 __
3515 4991 3530 4999 -
3679 4995 3716 4999 κ-
3742 4975 3772 4999 ,ε

2342 4997 2451 5050 Mea
2482 4997 2692 5066 quidem
2719 4999 2978 5053 sententia
3009 4999 3148 5068 paci,
3180 5014 3304 5068 qua
3341 4995 3473 5068 nihil
3515 4987 3722 5047 habitura
3741 4981 3792 5030 sil

2274 5065 2607 5138 insidiarum,
2637 5084 2848 5138 semper
2876 5065 3263 5124 consulendum
3297 5065 3476 5138 putavi

2345 5136 2550 5190 Etcum
2579 5138 2640 5191 iis
2662 5132 2796 5208 quos
2817 5142 2866 5191 vi
2892 5140 3172 5204 deviceris,
3195 5132 3575 5208 consulendum
3602 5132 3793 5208 est._ltllll

2276 5207 2327 5281 hi
2357 5208 2444 5276 qui
2473 5209 2654 5281 armis
2679 5194 2886 5278 'pOsitis
2915 5210 2978 5263 ad
3028 5194 3368 5280 imperatoris
3415 5205 3562 5281 ﬁdem
3596 5194 3795 5281 φιιῖυῆξο

2273 5265 2399 5349 rin_t',
2417 5279 2676 5349 quamvis
2702 5265 2928 5333 'murum
2963 5265 3118 5335 aries.
3147 5276 3496 5349 percusserit,
3533 5265 3792 5349 reeilede

2345 5340 2523 5418 Etiam
2570 5349 2614 5402 si
2664 5349 2791 5418 quid
2835 5349 3057 5417 singulis
3129 5340 3796 5418 teniporibus’sacramento

2274 5417 2448 5540 adatéli
2514 5417 2650 5540 h‘osti
2682 5411 3090 5489 'promise'rint,
3158 5421 3211 5474 in
3244 5411 3335 5475 'eo
3386 5420 3500 5488 ipso
3548 5411 3668 5467 ﬁdes
3708 5413 3797 5460 set-

2274 5501 2375 5540 van
2416 5502 2443 5539 a
2467 5502 2526 5540 es
2557 5526 2572 5540 .

2273 5497 2443 5542 vanda
2467 5497 2572 5542 est.

2346 5557 2738 5616 Meminerimus
2765 5570 2940 5616 autem
2972 5563 3132 5616 etiam
3171 5561 3436 5616 adversus
3463 5547 3800 5628 inﬁmosjgl'“;

2278 5629 2402 5704 tiam
2430 5642 2548 5687 esse
2589 5613 2940 5704 servandam;
2981 5613 3500 5704 est—auteﬁrn‘inﬁma
3543 5613 3809 5704 conditio?

2277 5685 2485 5755 fortuna
2511 5685 2810 5756 servarum.
2841 5685 3179 5757 Cumautent
3214 5685 3439 5756 duobus
3475 5693 3658 5754 modis,
3680 5685 3722 5739 id
3738 5688 3807 5757 9⁵⁸

2283 5752 2374 5826 aut
2403 5752 2451 5825 vi
2478 5752 2588 5825 aut
2604 5752 3329 5843 ιὲειιῖιιῖιιὶῐῖῖιῇῖιῖιῐξῖιᾶιὶέ
3341 5752 3502 5842 “qua
3536 5752 3809 5822 vuloeculz.

3836 84 3843 326 ι

3847 578 3855 794 ι

3836 84 3843 326 ἱ

3847 578 3855 794 μ
