4060 6368
345 362 483 422 1057

1020 352 1429 414 SENTENTIA)
1469 349 1915 410 PHILOSOPHIC

2033 352 2122 408 EX
2161 351 2498 408 CICERONE
2535 349 2936 407 COLLEC'I‘IE.

3439 355 3580 412 1058

341 477 424 533 vis
469 473 640 532 leonis
685 472 892 530 videtur
913 511 931 540 ,
953 480 1235 541 utrumque
1279 449 1347 527 ab
1391 471 1604 526 homine
1650 469 1911 524 alienissi-
1941 468 1995 528 Δ
2091 466 2186 520 Est
2213 481 2280 541 ea
2301 466 2678 534 iocundissima
2701 467 2931 522 amicitia
2957 480 3113 538 quam
3143 467 3432 526 similitudo
3460 488 3584 529 mo-

342 563 510 602 mum.
1213 574 1218 578 ‘

415 616 602 690 Totius
630 623 805 669 autem
837 612 1106 690 iniustitiae
1133 612 1276 690 milia
1303 611 1581 690 capitalior
1607 625 1766 690 quam
1816 623 1912 690 eo:

341 701 461 743 rum
489 685 580 756 qui
614 693 728 756 tum,
753 682 1130 739 cummaxime
1158 682 1367 749 fallunt,
1409 683 1461 738 id
1504 689 1668 752 agunt
1713 690 1770 736 ut
1810 682 1909 735 viri

343 755 621 834 boeiésie
648 755 954 834 νίάβδηιυῐε.
1281 823 1373 834 ....
1470 832 1476 834 _
1590 832 1597 834 _
1745 823 1757 834 .
1873 821 1886 834 .

417 825 772 905 Beneﬁcentia
803 838 865 905 ac
902 824 1216 905 liberalitate
1230 823 1385 905 nihil.
1401 832 1484 905 est
1512 832 1700 905 natura
1745 823 1916 905 homi-

345 897 430 975 nis
454 895 924 975 accommodatius,
948 895 1041 975 sed
1085 894 1244 950 habet
1280 896 1470 975 multas
1496 893 1915 975 cautiones.

344 967 576 1022 dendum
604 974 688 1021 est
713 966 854 1018 enim
898 966 1122 1030 primum
1168 980 1236 1021 ne
1274 965 1418 1020 obsit
1446 965 1744 1034 benignitas
1771 974 1824 1018 et
1853 965 1916 1018 iis

344 1037 476 1106 ipsis
503 1035 694 1106 quibus
742 1037 966 1106 benigne
993 1035 1257 1106 videbitur
1305 1036 1418 1090 ﬁeri
1454 1045 1521 1106 Aet
1559 1036 1784 1101 cmteris,
1818 1035 1915 1090 de-

345 1104 471 1161 inde
499 1104 763 1188 ne_maior
785 1104 1194 1188 sit—benignitas
1236 1122 1409 1188 quani
1444 1104 1754 1188 facultates;
1794 1117 1915 1188 ium

344 1186 405 1230 ut
436 1191 532 1245 pro
557 1175 812 1246 dignitate
840 1175 1037 1243 cuique
1056 1175 1334 1242 tribuatur,
1361 1177 1412 1230 id
1435 1185 1517 1230 est
1534 1176 1674 1231 enim
1697 1175 1916 1245 iustitiae

344 1245 772 1311 fundamentum,
814 1246 880 1300 ad
909 1261 1066 1316 quam
1097 1247 1374 1301 referenda
1404 1256 1527 1299 sunt
1555 1248 1752 1301 omnia.
1784 1246 1916 1300 Nam

344 1325 402 1371 et
426 1316 518 1385 qui
543 1316 900 1386 gratificantur
925 1317 1177 1383 cuipiam,
1211 1318 1350 1386 quod
1374 1317 1515 1371 obsit
1535 1316 1611 1370 illi
1643 1318 1726 1370 cui
1758 1318 1918 1385 prod-

344 1399 467 1441 esse
496 1387 635 1442 velle
681 1387 976 1454 videantur,
1029 1402 1133 1440 non
1175 1387 1397 1442 beneﬁci
1441 1403 1611 1455 neque
1649 1387 1914 1452 liberales,

344 1455 442 1527 sed
473 1457 755 1524 perniciosi
785 1466 837 1510 et
867 1466 1222 1511 assentatores
1255 1457 1525 1524 iudicandi
1555 1466 1696 1512 sunt.
1734 1458 1795 1512 Et
1824 1459 1916 1527 qui

346 1525 466 1578 aliis
494 1535 684 1582 nocent
715 1538 770 1580 ut
802 1527 854 1581 in
880 1528 1014 1581 alios
1039 1527 1144 1582 sint
1173 1527 1438 1590 liberales,
1473 1529 1522 1581 in
1567 1530 1755 1583 eadem
1795 1525 1918 1581 sunt

343 1594 604 1664 iniustitia
629 1606 684 1651 ut
705 1597 748 1651 si
771 1597 823 1651 in
852 1612 1002 1652 suam
1030 1613 1141 1651 rem
1169 1598 1396 1652 alienam
1419 1606 1750 1652 convertant.
1781 1597 1918 1654 Sunt

344 1675 525 1739 autem
567 1667 717 1739 multi
746 1667 957 1736 quidem
1003 1667 1179 1736 cupidi
1208 1669 1505 1733 Splendoris
1533 1678 1586 1721 et
1612 1669 1795 1739 gloria:
1825 1672 1917 1737 qui

343 1736 884 1809 eripiuntaliis’quod
911 1738 1028 1791 aliis
1057 1739 1348 1807 largiantur
1398 1755 1412 1792 :
1463 1736 1634 1809 hique'
1663 1754 1723 1795 se
1773 1736 1917 1795 arbi-

343 1811 552 1860 trantur
580 1805 844 1861 beneﬁcos
875 1810 927 1862 in
957 1823 1082 1863 suos
1109 1805 1307 1862 amicos
1346 1809 1514 1862 visum
1536 1805 1651 1874 ’ξι-ἰ,
1699 1810 1744 1864 si
1775 1812 1920 1865 locu-

343 1875 546 1947 pletent
576 1891 678 1947 eos
706 1892 1019 1947 quacunque
1045 1879 1269 1933 ratione.
1305 1879 1359 1933 ld
1397 1889 1572 1935 autem
1603 1889 1802 1934 tantum
1833 1882 1920 1936 ab-

341 1953 438 2016 est,
454 1945 520 1999 ab
540 1945 739 2016 officio,
772 1956 829 2002 ttt
857 1945 1024 2016 magis
1044 1947 1219 2003 oflicio
1243 1949 1409 2013 possit
1428 1964 1546 2004 esse
1567 1953 1914 2006 contrarium.

342 2012 653 2093 Videndum
693 2012 776 2093 est
823 2012 983 2093 igitu't:
1020 2027 1082 2085 ut
1108 2034 1169 2073 ea
1214 2012 1536 2093 liberalitate
1566 2029 1774 2093 utamur
1799 2037 1919 2093 quae

341 2087 512 2162 prosit
551 2087 756 2155 amicis.
788 2089 1243 2162 nemini_noceat.
1292 2089 1391 2162 Qui
1422 2090 1755 2162 benigniores
1797 2087 1920 2148 esse

341 2155 528 2230 volunt
571 2171 747 2230 quam!
781 2173 865 2212 res
912 2157 1138 2230 patiatur
1165 2200 1181 2224 ,
1233 2155 1461 2228 primum
1511 2155 1570 2214 in
1593 2175 1659 2216 eo
1697 2175 1918 2230 peccant

342 2226 483 2299 quod
513 2225 767 2299 iniuriosi,
795 2225 924 2284 sunt
959 2229 1012 2284 in
1060 2225 1332 2298 proximos
1360 2247 1376 2284 :
1405 2243 1538 2299 quas
1566 2225 1713 2286 enim
1737 2234 1920 2298 cepias

343 2292 428 2369 bis
451 2292 772 2369 suppeditari
803 2300 1004 2369 aequius
1026 2292 1106 2355 est
1129 2310 1181 2354 et
1210 2292 1457 2367 relinqui,
1481 2315 1572 2354 eas
1596 2292 1919 2359 transferunt

343 2365 411 2442 ad
436 2366 660 2420 allenos.
691 2367 832 2442 Inest
858 2365 1033 2442 autem
1083 2371 1133 2442 in
1169 2365 1628 2442 taliiliberalitale
1656 2373 1918 2442 cupiditas

381 2434 655 2510 lerumque
682 2440 1009 2510 rapiendiet
1032 2440 1312 2495 auferendi
1341 2434 1740 2510 periniuriam.‘
1767 2452 1822 2497 ut
1851 2447 1918 2498 ad
1985 2449 1995 2455 ’

367 2506 677 2580 argieudum
725 2509 1063 2576 suppeditent
1109 2511 1295 2580 capiat.
1342 2506 1550 2564 'Videre
1599 2513 1741 2566 enim
1795 2514 1920 2569 licet

340 2574 628 2650 pierosqne
675 2574 802 2631 non,
829 2574 942 2650 tam
987 2574 1479 2650 natura'liberales,
1505 2594 1662 2649 quam
1691 2583 1916 2650 quadam

338 2643 510 2711 gloria
544 2643 759 2719 ductos,
813 2649 975 2719 multa
1015 2649 1192 2704 facere
1237 2657 1295 2704 ut
1333 2643 1558 2704 benefici
1607 2643 1916 2719 videantur;

339 2728 461 2779 qua:
494 2717 754 2789 pr_olicisci
781 2717 850 2772 ab
877 2723 1232 2775 ostentatione
1271 2721 1437 2789 magis
1466 2733 1622 2789 quam
1651 2735 1682 2776 a
1726 2717 1915 2778 voluné

341 2789 452 2836 tate
477 2785 741 2842 videntur.

413 2853 565 2934 Taivs
580 2866 756 2934 autem
780 2857 1046 2934 simulatio
1067 2859 1293 2934 vanitati
1305 2868 1385 2917 est
1402 2859 1735 2931 conjunmior
1760 2877 1918 2934 quam

336 2935 434 2979 aut
465 2927 761 2984 liberalitati
791 2940 878 2983 aut
908 2933 1190 2986 honestati.

412 2996 585 3072 Diores
633 2999 750 3069 ejus
798 3011 954 3057 erunt
1001 3001 1271 3069 spectandi
1316 3001 1369 3058 in
1413 3017 1569 3072 quem
1599 3003 1915 3062 beneficium

337 3067 747 3144 conferetug'ut
793 3073 1002 3144 animus
1032 3067 1168 3144 erga
1215 3087 1336 3144 nos,
1376 3067 1445 3128 et'
1473 3078 1825 3130 communitas
1851 3091 1916 3132 ac

338 3136 570 3236 societas
595 3139 739 3207 vita},
771 3151 824 3196 et
869 3143 935 3198 ad
979 3136 1190 3200 nostFas
1219 3136 1472 3199 utilitates
1513 3145 1767 3200 beneﬁcia
1807 3149 1917 3202 col-
1947 3171 1992 3236 ρ

333 3204 466 3260 lata.

411 3275 580 3356 ﬁemo
622 3281 842 3356 omnino
887 3294 970 3338 est
1013 3285 1378 3356 negligendus,
1410 3286 1462 3340 in
1505 3299 1610 3354 quo
1636 3286 1810 3356 aliqua
1835 3288 1921 3344 si-

335 3346 614 3424 gnificatio
643 3352 853 3424 virtutis
883 3346 1120 3424 apparei'.
1156 3346 1182 3352 ’
1363 3346 1376 3353 ⁷
1521 3346 1534 3354 ’
1726 3346 1739 3356 ’
1816 3414 1820 3418 .

414 3415 646 3476 Primum
676 3422 802 3494 illud
832 3415 994 3478 est'i'n
1034 3425 1233 3492 oflicio,
1265 3437 1321 3481 ttt
1365 3436 1418 3481 et
1469 3427 1673 3494 plurum
1705 3415 1919 3483 deante-

337 3501 482 3555 mus,
514 3503 543 3567 ξ
574 3505 679 3567 quo
707 3492 988 3567 plurimum
1033 3497 1321 3567 diligimur.
1362 3492 1915 3552 Sed—benevolentiam

339 3571 449 3637 non
477 3559 1002 3637 adoiescentulorum
1026 3559 1412 3631 moFe,'ardore
1440 3567 1666 3637 quodam
1694 3571 1916 3635 amoris,

335 3627 747 3706 sed_stal_5ilitate
780 3634 952 3700 potius
977 3644 1031 3689 ct
1057 3627 1352 3692 constantia
1379 3627 1702 3706 iudicemus.

418 3698 621 3775 Etenim
651 3704 695 3756 si
727 3698 791 3755 n.‘
807 3719 900 3758 eos
935 3719 1067 3774 quos
1093 3698 1398 3774 speratnus'
1421 3707 1572 3761 nobis
1612 3707 1916 3775 profuturos

337 3783 450 3844 non
495 3771 796 3827 dubitamus
839 3771 1015 3829 officia
1063 3771 1326 3844 conferre,
1375 3776 1556 3844 quales
1595 3771 1646 3831 in
1676 3793 1767 3834 eos
1799 3793 1918 3836 esse

333 3838 595 3894 debemus
623 3844 709 3911 qui
735 3845 845 3912 iam
875 3847 1219 3913 profuerunt?

413 3930 560 4010 biubi
589 3933 729 4010 enim
774 3935 976 4010 faciunt
1014 3939 1177 3991 multa
1209 3939 1507 3994 temeritate
1544 3941 1770 4010 quadam
1801 3942 1915 3998 sine

328 4001 559 4078 judicio,
587 4005 669 4057 vel
710 4006 873 4078 modo
922 4007 975 4061 in
1021 4022 1228 4074 omnes,
1261 4011 1344 4063 vel
1381 4001 1661 4078 repentino
1686 4014 1912 4078 quodam

332 4071 490 4140 quasi
521 4082 678 4128 vento
709 4075 905 4144 impetu
935 4078 1098 4132 animi
1139 4071 1340 4134 incitati
1375 4098 1386 4132 :
1415 4071 1532 4149 qua:
1561 4071 1814 4135 beneﬁcia
1843 4086 1913 4138 ita

328 4155 491 4219 aque
511 4158 706 4219 magna
736 4161 841 4200 non
872 4159 993 4219 sunt
1023 4149 1262 4203 habenda
1292 4157 1452 4219 atque
1481 4165 1542 4203 ea
1572 4166 1689 4218 qua:
1718 4151 1914 4216 iudicio

330 4213 678 4284 considerato
725 4218 1097 4284 constantique
1141 4220 1314 4274 delata
1361 4213 1502 4274 sunt.
1536 4213 1639 4275 Séd
1673 4213 1727 4273 in
1754 4224 1913 4277 colo-

327 4283 509 4361 cando
537 4283 815 4361 beneﬁcio,
847 4295 903 4361 e_t
925 4289 978 4342 in
1010 4283 1287 4361 referenda
1314 4291 1482 4359 gratia
1523 4290 1569 4343 si
1596 4299 1785 4345 cmtera
1817 4308 1912 4361 pa-

329 4355 420 4436 ria
448 4363 590 4441 suns,
616 4355 717 4410 hoc
749 4358 978 4439 maxime
1005 4358 1167 4441 oilicii
1198 4369 1283 4414 est
1319 4355 1645 4441 unquisquis
1687 4355 1914 4441 maxime

325 4425 451 4490 opis
473 4421 736 4500 _i_ndigea_t,
768 4427 835 4500 ita
880 4430 928 4482 ei
961 4429 1290 4496 potissimum
1317 4421 1587 4498 opitulari,
1618 4433 1756 4500 quod
1787 4450 1911 4486 con-

327 4504 416 4572 tra
467 4494 541 4576 lit.
571 4508 628 4590 an
653 4497 918 4590 plerisque
947 4494 973 4550 εὴ
992 4513 1022 4552 a
1052 4514 1158 4566 quo
1181 4502 1325 4554 enim
1354 4494 1648 4583 pittrimum:
1676 4514 1910 4586 sperant,
1951 4532 1999 4590 Ι)

325 4564 544 4640 etiamsi
574 4564 666 4640 ille
687 4564 692 4565 “
716 4567 798 4640 his
835 4564 948 4621 non
979 4564 1118 4638 eget,
1150 4579 1325 4624 tamen
1357 4564 1407 4624 ci
1455 4564 1791 4640 potissimum
1832 4564 1917 4629 iu-

325 4634 592 4712 serviunt.
625 4635 838 4712 Optime
877 4634 1054 4712 autem
1103 4634 1331 4696 Societas
1382 4634 1663 4712 hominum
1701 4642 1921 4712 coniun-

324 4702 548 4781 ctioqu_e
591 4702 910 4781 servabitur,
942 4710 1005 4781 si;
1038 4718 1096 4781 ut
1135 4713 1360 4780 quisque
1407 4713 1509 4766 erit
1548 4702 1922 4781 coniunctissi—

326 4787 476 4841 mus,
506 4775 580 4829 ita
624 4779 692 4852 in.
713 4791 837 4833 eum
885 4775 1231 4848 benignitatis
1276 4775 1564 4850 plurimum
1593 4775 1917 4841 conferetur.

404 4864 478 4947 In.
503 4865 812 4952 Graecorum
843 4870 1129 4940 proverbio
1155 4882 1258 4938 est,
1287 4873 1600 4930 Amicorum
1625 4889 1743 4931 esse
1770 4890 1918 4933 com-

326 4950 516 4990 munia
543 4950 746 4994 omnia.

403 5034 689 5106 Sanguinis
735 5042 913 5091 autem
961 5037 1268 5106 coniunctio
1312 5047 1366 5093 et
1415 5039 1787 5096 benevolentia
1823 5043 1918 5096 de-

323 5107 501 5180 vincit
529 5105 774 5180 homines
804 5105 1112 5164 charitate’:
1145 5125 1398 5180 magnum
1429 5121 1512 5165 est
1549 5114 1690 5166 enim
1731 5112 1916 5167 eadem

327 5177 532 5260 habere
579 5177 840 5260 maiorum
888 5177 1561 5260 monumenta',.eiu.sdem
1617 5184 1691 5237 uti
1727 5185 1914 5249 sacris,

323 5246 578 5314 sepulcra
604 5241 802 5301 habere
828 5251 1152 5305 communia.
1257 5241 1414 5314 ’ἶηξί

540 5317 793 5390 _omnium
840 5287 1160 5374 societatum
1210 5287 1366 5374 ου’ήῖ
1413 5327 1750 5390 praestantior
1793 5331 1915 5389 est,

327 5389 482 5445 nulla
531 5386 755 5450 firmior,
788 5403 943 5454 quam
975 5405 1096 5443 cum
1136 5390 1232 5443 viri
1281 5386 1672 5447 boni'moribus
1713 5386 1916 5449 similes

322 5469 457 5514 sunt
484 5457 839 5512 familiaritate
858 5459 1147 5527 conjuncti.
1171 5459 1308 5514 Nihil
1337 5462 1478 5516 enim
1509 5464 1790 5517 amabilius
1817 5478 1916 5518 nec

322 5529 630 5598 copulatius
670 5543 829 5596 quam
861 5543 1068 5583 morum
1099 5531 1394 5586 similitudo
1430 5532 1711 5588 bonorum.
1747 5536 1802 5587 In
1833 5535 1917 5590 his

322 5601 388 5656 in
425 5599 618 5666 quibus
646 5599 835 5651 eadem
873 5600 1053 5669 studia
1100 5610 1244 5666 sunt,
1277 5604 1478 5655 eaedem
1513 5603 1831 5669 vpluntates,
1861 5606 1916 5660 in

323 5670 417 5724 his
449 5669 508 5722 lit
532 5677 591 5720 ut
616 5681 766 5736 aeque
795 5667 1022 5738 quisque
1046 5671 1217 5724 altero
1259 5672 1523 5726 delectetu

316 5740 665 5812 efﬁciturque
707 5739 758 5812 id
802 5749 942 5812 quod
985 5739 1314 5812 Pythagoras
1353 5746 1464 5799 vult
1492 5742 1543 5798 in
1573 5739 1826 5812 amicitia,
1859 5739 1916 5800 ut

320 5825 468 5870 unus
496 5810 588 5864 ﬁat
614 5822 680 5864 ex
707 5808 969 5877 pluribus.

1601 5687 1665 5727 ac
1705 5675 1912 5743 seipse;
1941 5703 1950 5707 -

2016 551 2134 591 rum
2163 537 2486 606 coniugavit.

2085 607 2219 683 sunt
2249 608 2710 683 ofﬁciaquzealiis
2755 609 3110 683 magisquam
3159 609 3275 664 aliis
3297 611 3578 683 debentur,

2014 686 2071 730 ut
2101 677 2510 752 vicinumAcitiUS
2539 679 2806 752 adiuveris
2838 677 2892 752 in
2923 679 3183 752 fructibus
3207 677 3579 752 percipiendis,

2015 761 2170 821 quam
2201 756 2302 821 aut
2323 749 2538 820 fratrem
2566 757 2668 821 aut
2688 749 2998 821 familiarem
3030 767 3042 801 :
3070 761 3123 804 at
3144 751 3186 804 si
3216 751 3275 803 lis
3305 749 3582 821 iniudicio

2015 820 2106 889 sit,
2158 818 2506 889 propinquum
2564 819 2738 888 potius
2782 829 2836 874 et
2879 820 3106 874 amicum
3155 835 3312 889 quam
3351 818 3580 880 vicinum

2015 885 2331 942 defenderis.

2085 956 2252 1030 ifiemo
2284 960 2369 1024 qui
2401 958 2721 1015 fortitudinis
2763 961 2981 1028 gloriam
3022 972 3338 1018 consecutus
3374 975 3477 1030 est,
3505 967 3585 1021 iti-

2016 1025 2163 1102 sidiis
2209 1039 2299 1082 aut
2344 1030 2544 1102 malitia
2579 1025 2788 1084 laudem
2836 1031 3059 1098 adeptus
3104 1042 3203 1095 est,
3239 1033 3411 1102 itaque
3440 1025 3584 1092 viros

2016 1097 2203 1172 fortes,
2236 1101 2624 1172 magnanimos,
2656 1103 2875 1172 eosdem
2905 1097 3070 1158 bonos
3097 1112 3152 1156 et
3179 1097 3447 1172 simplices
3481 1121 3583 1160 ve-

2017 1166 2191 1239 ritatis
2218 1166 2438 1232 amicos,
2467 1166 2786 1239 minimeque
2815 1171 3024 1226 fallaces
3050 1187 3167 1226 esse
3198 1166 3458 1230 volumus.

2089 1238 2318 1314 Scientia
2342 1255 2460 1314 qua:
2485 1249 2568 1296 est
2593 1238 2792 1314 remota
2819 1241 3100 1314 aiusiitia,
3123 1245 3385 1299 calliditas
3414 1247 3586 1314 potius

2017 1321 2174 1374 quam
2204 1310 2461 1385 sapientia
2491 1320 2572 1364 est
2598 1312 2930 1385 appellanda.
2962 1311 3184 1367 Difﬁcile
3209 1325 3288 1368 est
3309 1310 3426 1369 cuni
3455 1332 3590 1385 pra:-

2019 1387 2164 1458 stare
2191 1380 2434 1458 omnibus
2462 1383 2850 1458 concupiveris,
2879 1395 3092 1438 servare
3119 1380 3589 1457 aequitatem—quae

2018 1457 2105 1520 est
2120 1449 2340 1520 iustitiae
2369 1452 2596 1504 maxime
2622 1453 2854 1520 propria.

2089 1519 2301 1592 Nullum
2351 1521 2494 1592 enim
2540 1519 2746 1590 tempus
2773 1533 2856 1576 est
2881 1525 3018 1592 quod
3044 1524 3247 1592 iustitia
3280 1541 3469 1583 vacare
3499 1528 3593 1582 de-

2020 1586 2183 1664 beat_:
2218 1589 2382 1664 fortes
2409 1586 2663 1664 igituret'
2689 1586 3008 1662 magnanimi
3045 1586 3171 1649 sunt
3203 1595 3452 1664 habendi,
3485 1614 3591 1653 non

2019 1657 2356 1732 qui_l’aciunt,
2387 1662 2479 1732 sed
2505 1662 2594 1730 qui
2624 1657 2937 1732 propn'lsant
2967 1664 3238 1731 iniuriam.

2096 1729 2304 1809 Etenim
2335 1731 2424 1797 qui
2455 1729 2534 1809 ex;
2564 1729 2748 1809 errore
2793 1729 3049 1809 imperitia
3069 1736 3431 1809 multitudinis
3459 1754 3586 1809 pcn~

1949 1825 1999 1888 Β
2021 1796 2248 1888 det‘,.hio
2279 1800 2331 1853 in
2357 1796 2566 1888 magnis
2589 1804 2720 1888 siris
2756 1796 2969 1888 uou'est
2997 1804 3287 1886 habendus.

2099 1867 2192 1945 Vix
2221 1867 2487 1925 invenitur
2513 1873 2602 1945 qui
2633 1874 2900 1928 laboribus
2927 1878 3207 1943 susceptis,
3243 1878 3594 1945 periculisque

2019 1939 2208 2014 aditis,
2247 1955 2350 2014 non
2378 1939 2858 2012 quasi'mercedem
2882 1959 3061 1999 rerum
3083 1939 3349 2014 gestarum
3377 1939 3588 2006 deside-

2020 2022 2100 2064 ret
2123 2012 2367 2078 gloriam.

2093 2079 2473 2155 Pecunizeest
2516 2082 2761 2153 fugienda
2807 2085 3069 2155 cupiditas
3113 2106 3126 2142 :
3171 2086 3298 2143 nihil
3337 2091 3479 2145 enim
3512 2100 3596 2147 est

2020 2157 2125 2226 tam
2158 2150 2369 2226 angusti
2393 2150 2816 2226 animiftamque
2844 2150 3006 2222 parvi,
3037 2173 3192 2226 quam
3244 2173 3420 2214 amare
3459 2162 3592 2216 divi-

2022 2221 2142 2299 tias.
2175 2221 2313 2274 Nihil
2358 2223 2632 2300 honestius
2669 2221 3191 2300 magniﬁcentiusque
3232 2245 3388 2298 quam
3433 2246 3594 2300 pecu-

2023 2290 2164 2366 niam
2178 2301 2556 2366 contemnere,
2589 2295 2634 2348 si
2665 2290 2781 2348 non
2802 2297 3026 2360 habeas;
3056 2290 3262 2354 si'vcro'
3282 2290 3497 2366 habeas,
3527 2302 3594 2361 ad

2020 2359 2434 2434 muniﬁcentiam
2461 2364 2866 2434 libertatemque
2895 2359 3156 2424 conferre.

2091 2429 2337 2486 Cavenda
2363 2443 2445 2486 est
2491 2435 2651 2488 etiam
2696 2429 2878 2502 gloriae
2907 2438 3184 2509 cupiditas
3216 2457 3229 2493 :
3260 2440 3416 2509 eripit
3454 2442 3593 2496 enim

2017 2499 2338 2568 libertatem,
2389 2519 2484 2568 pro
2510 2520 2628 2576 _qua
2673 2499 3024 2576 magnanimis
3071 2509 3199 2564 viris
3237 2499 3411 2566 omnis
3438 2513 3598 2568 debet

2021 2583 2140 2648 esse
2168 2576 2470 2652 contentio.-
2507 2573 2614 2652 Nec
2643 2573 2784 2652 vir-ro'
2815 2579 3031 2652 imperia
3061 2581 3376 2652 expetenda,
3410 2597 3470 2637 ac
3501 2598 3595 2652 po-

2019 2637 2126 2691 tius
2158 2656 2264 2695 non
2306 2643 2612 2712 accipienda
2662 2637 2949 2710 interdum,
2991 2658 3078 2702 aut
3120 2637 3434 2718 deponenda
3465 2637 3599 2709 nou-

2020 2722 2306 2765 nunquam.

2090 2724 2437 2860 u(iiiinibtts
2483 2785 3052 2860 negotiispriusquam
3081 2790 3409 2860 aggrediare,
3441 2792 3596 2848 adbi-

2018 2848 2191 2926 benda
2221 2864 2302 2907 est
2331 2848 2644 2923 praeparatio
2670 2848 2919 2926 diligens:

2017 2990 2050 3046 ά
2089 2919 2260 3002 Parva
2304 2919 2456 2978 enini
2489 2935 2614 2981 sunt
2659 2919 2795 2981 foris
2839 2942 3006 2996 arma,
3055 2930 3156 2986 nisi
3203 2931 3275 2988 sit
3315 2934 3592 2991 consilium

2054 3006 2182 3046 omn.

2054 3006 2182 3047 0m].

2091 3062 2294 3118 Bellum
2327 3074 2505 3122 autem
2548 3068 2619 3122 ita
2663 3069 2982 3135 suscipiatur
3031 3080 3088 3124 ut
3134 3071 3260 3126 nihil
3304 3075 3446 3129 aliud
3491 3076 3592 3131 nisi

2021 3147 2124 3200 pax
2153 3137 2374 3202 quaesita
2405 3137 2646 3192 videatur
2674 3157 2685 3191 :
2715 3139 2870 3194 fortis
2891 3156 3016 3195 vero
3039 3143 3198 3197 animi
3220 3152 3272 3198 et
3297 3149 3592 3201 constantis

2022 3211 2124 3280 est,
2175 3209 2624 3280 non_perturbari
2671 3210 2725 3264 in
2776 3212 2935 3265 rebus
2980 3214 3202 3280 asperis,
3234 3229 3328 3268 nec
3371 3217 3594 3272 tumultu

2023 3275 2204 3344 animo
2235 3276 2306 3329 uti
2333 3291 2394 3330 ac
2421 3279 2660 3344 consilio,
2685 3295 2782 3335 nec
2805 3295 2834 3333 a
2865 3275 3064 3337 ratione
3093 3275 3390 3340 discedere.
3551 3307 3554 3314 ·

2095 3343 2322 3417 Temere
2346 3355 2521 3402 autem
2555 3349 2604 3402 in
2632 3343 2748 3405 acie
2776 3354 2996 3417 versari,
3024 3365 3076 3407 et
3107 3369 3264 3407 manu
3293 3372 3409 3408 cum
3443 3356 3592 3412 hoste

2020 3414 2329 3488 conﬂigere,
2354 3417 2584 3473 immane
2613 3422 2860 3488 quiddam
2890 3432 2940 3476 et
2967 3414 3258 3478 bellnarum
3288 3426 3462 3481 simile
3489 3438 3590 3482 est.

2021 3483 2127 3563 Sed
2176 3483 2294 3540 cum
2347 3498 2554 3556 tempus
2600 3483 2997 3563 necessitasque
3036 3496 3281 3561 postulat,
3316 3496 3592 3551 decertano

2020 3554 2146 3634 dum
2175 3571 2334 3634 manu
2365 3554 2470 3625 est,
2498 3568 2552 3613 et
2579 3574 2722 3615 mors
2772 3554 3008 3618 servituti
3036 3554 3468 3634 turpitudinique
3496 3583 3591 3623 an-

2020 3627 2338 3693 tepouenda.

2095 3695 2419 3766 Fugiendum
2447 3698 2786 3779 etia_r_n__illud,
2816 3718 2884 3758 ne
2908 3705 3193 3779 aderamus
3220 3723 3314 3763 nos
3343 3710 3591 3779 periculis

2019 3765 2134 3841 sine
2161 3765 2342 3835 eausa,
2371 3783 2476 3838 quo
2502 3770 2630 3830 nihil
2663 3765 2835 3841 potest
2860 3789 2980 3830 esse
3007 3776 3236 3832 stultius.

2093 3839 2465 3916 ln_tranquillo_
2507 3839 2876 3916 tempestatem
2924 3846 3201 3901 adversam
3247 3857 3454 3916 optare,
3493 3851 3588 3905 de-

2020 3909 2213 3963 mentis
2239 3919 2355 3988 est;
2386 3909 2668 3988 subvenire
2692 3922 2866 3988 autem
2914 3918 3216 3986 tempestati
3259 3909 3451 3988 quovis
3484 3922 3593 3977 aui-

2020 3992 2129 4042 mo,
2156 3981 2342 4050 quavis
2372 3981 2592 4046 ratione,
2618 3985 2874 4050 sapientis
2899 3996 3000 4042 est.

2090 4048 2317 4104 Omnino
2340 4051 2430 4118 qui
2456 4048 2758 4118 reipublicae
2787 4067 3039 4128 prajsunt,
3062 4058 3165 4111 duo
3192 4057 3419 4114 Platonis
3450 4075 3591 4128 pra:-

2019 4128 2169 4185 cepta
2205 4129 2416 4174 teneant
2448 4137 2462 4173 :
2494 4137 2676 4188 unum,
2711 4132 2767 4178 ut
2816 4124 3089 4182 utilitatem
3137 4130 3327 4183 civium
3367 4124 3589 4184 sic'tue-

2018 4197 2198 4251 antur,
2247 4201 2304 4265 ut
2349 4190 2603 4258 quidquid
2649 4203 2827 4261 agant,
2878 4197 2941 4250 ad
2991 4212 3108 4253 eam
3157 4200 3407 4265 referant,
3440 4201 3590 4256 obiiti

2019 4259 2418 4339 commodorum
2472 4259 2722 4339 suorum—3
2773 4267 3036 4335 alterum,
3085 4279 3141 4322 ut
3193 4279 3357 4323 totum
3395 4259 3590 4339 corpus

2020 4330 2325 4409 reipublicae
2353 4341 2559 4395 curent,
2586 4349 2658 4409 n_e_
2680 4335 2808 4409 dum
2833 4330 3035 4404 partem
3064 4340 3290 4408 aliquam
3322 4330 3588 4409 tueantur,

2020 4401 2252 4479 reitquas
2296 4402 2566 4479 deseravt.
2620 4403 2687 4459 Ut
2725 4401 2866 4479 enim
2927 4409 3108 4473 tutela,
3151 4401 3237 4465 sic
3289 4401 3591 4479 procuratio

2022 4471 2325 4548 reipubiica:
2372 4473 2437 4525 ad
2484 4489 2668 4548 eorum
2720 4477 2996 4548 utilitatem
3026 4471 3112 4548 qui
3150 4471 3416 4536 commissi
3445 4497 3586 4547 sunt,

2026 4555 2132 4592 non
2162 4541 2226 4594 ad
2253 4557 2436 4596 eorum
2463 4545 2652 4620 quibus
2678 4547 2961 4602 commissa
2989 4541 3090 4613 es't,
3117 4554 3342 4620 gerenda
3367 4562 3466 4606 est.
3491 4541 3591 4620 Qui

2024 4619 2202 4665 autem
2234 4615 2663 4693 partemci-vium
2703 4619 3003 4693 consulunt,
3048 4615 3250 4693 paftem
3296 4615 3588 4693 negligant,

2023 4695 2135 4761 rem
2177 4682 2681 4761 perniciosissimam
2724 4689 2774 4741 in
2814 4682 3078 4761 civitatem
3128 4682 3406 4761 inducunt,
3439 4682 3588 4749 sedi-'-

2024 4751 2223 4831 tionem
2253 4761 2410 4831 atque
2439 4753 2779 4831 discordiam.
2813 4759 2887 4831 Es
2921 4775 3038 4831 quo
3082 4765 3260 4817 evenit
3288 4774 3344 4817 ut
3377 4751 3463 4818 alii
3496 4782 3586 4831 po-

2023 4821 2407 4904 pulares,_alii
2456 4827 2698 4881 studiosii
2747 4821 3233 4903 optimi-cuiusque
3282 4821 3585 4904 videantur,

2022 4906 2178 4960 p800!
2209 4909 2572 4948 universorum
2582 4934 2598 4950 ο

2089 4963 2394 5043 Miserrima
2431 4966 2649 5043 omnino
2677 4969 3021 5043 es_t_a_nibitio
3065 4971 3430 5043 honorumque
3459 4989 3586 5028 cou-

2023 5037 2207 5113 lentio.
2250 5036 2576 5113 _Nihil_‘enim
2619 5038 2950 5113 laudabilius,
2982 5043 3111 5095 nihil
3145 5036 3416 5113 magno'et
3447 5061 3583 5111 pran-

2018 5107 2171 5181 elaro»
2212 5104 2327 5159 viro
2375 5106 2623 5181 dignius,
2649 5108 3028 5181 placabilitate
3073 5104 3258 5181 atque"
3276 5104 3584 5171 clementia.

2018 5175 2206 5232 Omnis
2244 5186 2422 5251 autem
2451 5177 2846 5251 animadversio
2886 5191 2938 5236 et
2966 5175 3239 5251 castigatio
3262 5188 3583 5240 contumelia

2018 5261 2212 5322 vacare
2240 5247 2431 5322 debet;
2465 5250 2730 5322 nequead
2758 5251 2874 5318 eius
2903 5255 2990 5320 qui
3025 5247 3171 5320 punit
3211 5254 3460 5322 aliquem,
3493 5269 3584 5309 aut

2019 5318 2198 5390 verbis
2244 5317 2508 5384 castigat,
2561 5321 2654 5372 sed
2717 5317 3036 5390 reipublicaa'
3072 5317 3348 5379 utilitatem
3400 5317 3586 5381 referri

2019 5387 2196 5441 debet.

2089 5457 2392 5535 Cavendum
2412 5529 2422 5535 _
2441 5470 2525 5512 cst
2561 5458 2724 5535 etiam
2774 5477 2841 5535 ne
2869 5463 3034 5535 maior
3055 5477 3220 5535 pugna
3246 5481 3401 5534 quam
3429 5469 3581 5535 culpa

2016 5529 2108 5595 sit,
2139 5538 2287 5602 etne
2327 5529 2513 5602 iisdem
2542 5529 2611 5584 de
2657 5534 2830 5587 causis
2879 5529 2968 5586 alii
3016 5529 3335 5602 plectantur,
3379 5539 3469 5592 alii
3518 5529 3585 5592 ne

2015 5599 2351 5668 appellentur
2394 5600 2629 5668 quidem.
2679 5599 3214 5658 Prohibendaiautem
3248 5599 3476 5662 maxime
3503 5621 3586 5662 εει

2019 5669 2096 5743 ira
2125 5671 2176 5723 in
2209 5669 2498 5743 puniendo.
2529 5673 2784 5740 Nunquan
2824 5685 3022 5727 tantum
3063 5680 3224 5728 iratus
3249 5677 3339 5743 qui
3367 5680 3583 5731 accedet

2017 5741 2085 5794 ad
2117 5755 2350 5816 ρῳιιᾳιη,
2384 5742 2800 5796 mediocritatem
2834 5743 2975 5797 illam
3008 5748 3208 5799 tenebit
3230 5741 3350 5816 qua:
3391 5755 3474 5802 est
3505 5749 3582 5804 in-

2017 5817 2100 5867 ter
2129 5812 2346 5870 nimium
2380 5819 2437 5873 et
2462 5827 2663 5878 parum.
