4060 6368
605 386 743 442 1065

1062 382 1267 439 ΒΕΙΜΞ
1306 378 1758 439 VENERABILIS
1794 378 1943 435 OPP.
1988 376 2163 434 PARS

2277 377 2466 433 SECT.
2497 378 2560 433 ll.
2599 410 2671 424 —
2709 379 2908 436 DUBIA
2950 376 3042 434 ΕΤ
3082 376 3373 436 ΞΡΗΒΙΔ.·

3702 382 3846 439 ιοθι

605 505 684 559 vis
735 504 947 573 justitite
992 502 1085 568 sit,
1132 510 1187 555 ttt
1239 515 1300 554 ea
1329 502 1503 573 etiam
1535 499 1795 573 latronum
1821 497 2157 573 opes_fir_t_net
2184 497 2239 557 Α
2264 495 2442 550 facere
2473 510 2576 573 non
2608 497 2819 573 possis?
2848 498 3036 573 Atque
3067 499 3225 573 etiam
3256 508 3556 567 sequuntur
3595 500 3838 573 largitio-

604 566 759 641 atque
787 581 993 642 augeat,
1022 566 1271 639 quantum
1296 569 1412 642 ejus
1436 570 1542 623 vim
1565 570 1701 623 inter
1719 569 1861 636 leges
1889 576 1942 622 et
1962 566 2158 637 judicia

604 655 658 698 et
682 641 913 715 instituta
938 642 1050 715 fore
1074 641 1352 715 putamus?
1403 710 1413 715 _
1510 710 1519 715 _
1746 708 1755 715 _
1888 706 1900 715 _
1964 662 2013 715 ,λ
2072 705 2126 715 ,,

676 714 830 768 Omni
881 714 1037 779 igitur
1080 712 1283 764 ratione
1335 710 1554 763 colenda
1580 718 1643 779 et
1662 706 1936 779 retinenda
1957 706 2164 775 justitia

605 793 707 847 est,
748 795 855 837 tum
900 776 1013 848 ipsa
1058 795 1151 850 per
1174 795 1265 841 se;
1297 794 1416 831 nam
1447 780 1601 850 aliter
1628 776 1831 850 justitia
1866 792 1970 850 non
1994 783 2155 850 esset,

607 846 781 907 tamen
813 846 1024 919 propter
1050 846 1512 915 amplificationem
1562 848 1778 901 honoris
1805 855 1859 900 et
1886 846 2089 919 gloriae.

678 917 935 976 Praeclare
962 920 1207 974 Socrates
1226 920 1359 972 hanc
1374 920 1510 971 viam
1534 919 1598 971 ad
1620 919 1843 986 gloriam
1868 917 2162 986 proximam

605 1002 660 1048 et
679 994 828 1059 quasi
858 987 1305 1059 compendiariam
1328 990 1535 1042 dicebat
1562 984 1701 1049 esse,
1734 988 1776 1040 si
1806 984 1923 1053 quis
1945 986 2162 1059 idageg

606 1056 709 1129 ret,
748 1073 802 1115 ut
843 1056 1011 1129 qualis
1050 1061 1230 1113 haberi
1256 1060 1597 1129 vellet,talis
1623 1068 1784 1129 esset.
1808 1056 1959 1121 Quod
1987 1057 2030 1109 si
2063 1056 2155 1129 qui

603 1126 943 1186 simulatione
968 1138 1023 1183 et
1051 1129 1191 1182 inani
1214 1128 1591 1193 ostentatione,
1628 1137 1681 1181 et
1717 1128 1839 1181 ficto
1869 1140 1971 1179 non
2004 1126 2163 1180 modo

608 1216 877 1266 sermone,
902 1200 997 1255 sed
1025 1201 1183 1254 etiam
1207 1199 1373 1262 vultu,
1402 1197 1646 1251 stabilem
1677 1211 1735 1250 se
1759 1211 1914 1263 posse
1939 1196 2162 1263 gloriam

605 1273 877 1337 consequi,
906 1272 1247 1324 vehementer
1276 1278 1475 1323 errant.
1514 1267 1645 1321 Vera
1674 1268 1817 1320 enim
1840 1266 2005 1337 gloria
2025 1266 2164 1320 radi-

607 1356 698 1396 ces
728 1336 837 1411 agit
863 1349 1019 1408 atque
1048 1341 1206 1411 etiam
1228 1349 1562 1411 propagatur,
1585 1338 1704 1392 ficta
1725 1338 1901 1390 omnia
1916 1336 2163 1392 celeriter

604 1410 853 1479 tanquam
883 1410 1082 1464 flosculi
1112 1410 1381 1463 decidunt.

674 1476 781 1536 Nec
823 1481 1125 1534 simulatum
1173 1479 1456 1547 quidquam
1482 1486 1655 1545 potest
1676 1490 1794 1532 esse
1824 1476 2159 1547 diuturnum;

604 1550 704 1620 Qui
730 1551 885 1620 igitur
913 1549 1133 1620 adipisci
1163 1546 1340 1603 veram
1364 1549 1584 1619 gloriam
1616 1549 1777 1613 volet,
1803 1546 2014 1601 iustitiae
2045 1546 2163 1601 fun-

637 1632 753 1675 atur
790 1620 996 1675 officiis.

604 1639 753 1745 “ag?
782 1639 996 1759 (ἵξιιὶιὲ
1037 1691 1252 1744 ineunte
1275 1696 1432 1741 astate
1461 1688 1619 1742 habet
1646 1686 2161 1759 causatn‘celebrita-

605 1762 670 1815 tis
701 1769 753 1815 et
778 1757 1025 1824 nominis,
1055 1769 1146 1813 aut
1170 1776 1197 1812 a
1228 1767 1373 1826 patre
1403 1768 1674 1825 acceptam
1712 1766 1802 1811 aut
1828 1757 2003 1825 aliquo
2033 1772 2161 1811 casu

602 1843 692 1885 aut
720 1831 948 1895 fortuna,
980 1832 1032 1885 in
1072 1831 1210 1882 hunc
1250 1830 1386 1881 oculi
1416 1830 1652 1882 omnium
1682 1826 2062 1895 conjiciuntur,
2086 1837 2163 1882 at-

602 1916 703 1969 que
750 1901 800 1955 in
852 1916 971 1956 eum
1019 1899 1141 1969 quid
1195 1909 1349 1969 agat,
1390 1896 1981 1969 autiquentadmodum
2025 1899 2167 1952 vivat

603 1968 927 2041 inquiritur,
980 1968 1247 2039 tanquam
1280 1971 1337 2041 itt_
1384 1968 1681 2022 clarissima
1732 1968 1851 2041 luce
1900 1977 2161 2032 versetur,

601 2038 801 2115 nullum
833 2041 948 2109 ejus
970 2038 1166 2097 dictum
1199 2049 1288 2093 aut
1314 2038 1511 2115 factum
1527 2047 1700 2105 potest
1718 2038 2001 2115 obscurum
2024 2053 2161 2101 esse.

599 2111 832 2177 Quorum
866 2108 1054 2166 autem
1098 2119 1226 2164 artas
1267 2110 1434 2177 prima
1482 2118 1697 2177 propter
1734 2108 2085 2162 humilitatem
2111 2117 2166 2163 et

598 2182 972 2236 obscuritatem
1019 2181 1073 2235 in
1120 2180 1393 2234 hominum
1436 2177 1731 2247 ignorantia
1778 2189 2057 2242 versatur,
2105 2178 2159 2232 hi

597 2251 753 2322 simul
802 2267 865 2306 ac
892 2252 1116 2322 juvenes
1158 2264 1278 2322 esse
1298 2248 1577 2316 cmperint,
1607 2263 1792 2322 magna
1816 2256 2168 2322 spectare,_et

598 2321 665 2374 ad
694 2336 754 2375 ea
780 2318 941 2376 rectis
961 2321 1152 2375 studiis
1181 2320 1382 2373 debent
1410 2320 1734 2373 contendere
1765 2335 1779 2372 :
1809 2318 1949 2386 quod
1979 2334 2042 2372 eo
2073 2318 2159 2372 tir-

600 2392 767 2444 miore
812 2391 992 2443 animo
1040 2390 1251 2454 facient,
1297 2389 1419 2457 quia
1448 2403 1550 2441 non
1583 2388 1739 2441 modo
1769 2402 1873 2441 non
1901 2388 2167 2444 invidetur

598 2459 676 2511 illi
722 2461 889 2523 enati,
912 2476 1096 2515 verum
1129 2459 1288 2513 etiam
1334 2458 1560 2511 favetur.
1588 2457 1655 2513 Ut
1681 2457 1896 2525 reliquis
1925 2458 1974 2511 itt
2006 2459 2167 2513 rebus

601 2529 769 2584 multo
815 2530 1016 2599 majora
1064 2538 1190 2584 sunt
1229 2542 1388 2599 opera
1419 2528 1578 2581 animi
1613 2542 1766 2597 quam
1797 2527 2056 2599 corporis,
2088 2530 2167 2584 sic

597 2612 675 2653 ea:
702 2614 788 2654 res
819 2597 947 2669 quas
970 2601 1178 2670 ingenio
1190 2597 1472 2670 acratione
1491 2599 1880 2667 prosequimur,
1900 2597 2163 2666 gratiores

597 2678 722 2722 sunt
749 2667 905 2737 quam
932 2667 1045 2724 illa!
1063 2684 1192 2738 quas
1221 2667 1444 2722 viribus.

668 2738 944 2795 Facillime
970 2750 1144 2795 autem
1167 2748 1219 2794 et
1243 2738 1293 2791 in
1318 2738 1570 2806 Optimam
1599 2747 1801 2806 partem
1824 2751 2162 2807 cognoscun-

598 2817 684 2863 tur
726 2809 1120 2877 adolescentes,
1172 2808 1260 2876 qui
1284 2822 1342 2861 se
1374 2807 1440 2861 ad
1471 2809 1665 2871 claros,
1697 2808 1966 2875 sapientes
1997 2810 2161 2874 viros,

601 2880 736 2933 bene
759 2880 1100 2937 consulentes
1126 2878 1430 2947 reipublicae
1456 2878 1812 2947 contulerunt,
1847 2878 2160 2947 quibuscum

594 2949 639 3003 si
664 2949 963 3019 frequentes
1012 2946 1246 3012 fuerint,
1294 2949 1596 3019 Opinionem
1666 2946 1895 3019 afferunt
1943 2950 2159 3019 populo,

594 3017 775 3074 eorum
830 3020 942 3075 fore
975 3036 1035 3077 se
1082 3020 1286 3074 similes
1335 3033 1468 3087 quos
1510 3018 1610 3072 sibi
1641 3018 1738 3086 ipsi
1768 3017 2067 3088 delegerint
2096 3018 2165 3073 ad

593 3088 926 3143 imitandum.

670 3158 898 3246 pifftcye
923 3161 1069 3246 dictu
1096 3170 1177 3215 est
1198 3168 1525 3241 quantopere
1550 3158 1803 3217 conciliet
1827 3158 2036 3215 animos
2064 3174 2157 3216 co-
2189 3182 2238 3246 ο

593 3229 749 3301 mitas
781 3231 1165 3301 affabilitasque
1192 3229 1475 3286 sermonis.

664 3300 853 3370 Magna
899 3310 981 3356 est
1022 3300 1303 3356 admiratio
1329 3302 1543 3371 copiose
1572 3300 1947 3371 sapienterque
1975 3302 2161 3356 dicen-

595 3371 683 3437 tis,
735 3386 889 3441 quem
933 3375 1021 3441 qui
1071 3373 1313 3439 audiunt,
1366 3370 1659 3438 intelligere
1698 3370 1944 3426 etiamet
1974 3386 2165 3440 sapere

595 3441 715 3509 plus
743 3457 900 3510 quam
928 3449 1149 3498 caeteros
1170 3443 1514 3496 arbitrantur.
1546 3442 1601 3495 Si
1632 3456 1759 3495 vero
1794 3444 1933 3497 inest
1962 3444 2013 3496 in
2044 3456 2163 3497 ora-

592 3511 737 3580 tione
790 3514 958 3566 mixta
1009 3513 1284 3567 modestiae
1332 3511 1588 3580 gravitas,
1639 3511 1767 3565 nihil
1799 3512 2162 3566 admirabilius

600 3579 713 3652 fieri
763 3590 961 3652 potest,
1011 3596 1180 3649 eoque
1220 3579 1387 3652 magis
1408 3583 1453 3652 si
1486 3596 1546 3635 ea
1571 3593 1695 3635 sunt
1725 3582 1775 3634 in
1806 3582 2160 3638 adolescente.

665 3648 783 3705 Hoc
808 3648 1124 3720 praeceptum
1156 3648 1611 3719 officii’diligenter
1637 3652 1919 3706 tenendum
1970 3664 2070 3716 est,
2099 3668 2165 3709 ne

597 3735 827 3789 unquam
862 3722 1195 3776 innocentem
1224 3721 1424 3789 judicio
1449 3721 1634 3790 capitis
1664 3736 1922 3776 arcessas.
1951 3722 2003 3776 ld
2022 3725 2163 3778 enim

597 3792 713 3845 sine
758 3792 965 3846 scelere
1016 3791 1164 3845 nullo
1208 3791 1364 3845 modo
1410 3790 1523 3845 fieri
1555 3800 1749 3859 potest.
1776 3791 1907 3845 Nam
1931 3795 2054 3861 quid
2080 3803 2163 3847 est

594 3869 704 3914 tam
730 3862 1077 3915 inhumanum
1108 3874 1262 3930 quam
1294 3860 1649 3930 eloquentiam
1671 3876 1700 3915 a
1724 3873 1908 3915 natura
1939 3860 2001 3915 ad
2025 3863 2165 3916 salu-

592 3940 699 3985 tem
734 3933 1004 3986 hominum
1034 3940 1089 3986 et
1119 3934 1577 3986 conservationem
1606 3932 1778 3984 datam
1803 3933 1866 3984 ad
1904 3932 2162 3986 bonorum

590 4012 797 4069 pestem
838 4001 1237 4071 perniciemque
1284 4001 1640 4055 convertere?
1691 4002 1764 4055 Ne
1788 4010 1959 4055 tamen
1984 4012 2038 4055 ttt
2066 4004 2166 4058 hoc

597 4072 929 4140 fugiendum,
974 4072 1045 4126 ita
1085 4082 1167 4141 est
1214 4072 1519 4126 habendum
1576 4071 1816 4141 religioni
1864 4080 2163 4139 nocentem,

592 4142 917 4211 quandoque
964 4153 1019 4197 et
1070 4140 1329 4195 nefarium
1354 4140 2017 4211 impiumque’defendere.
2044 4142 2166 4196 Vult

590 4211 692 4267 hoc
720 4212 1027 4279 multitudo,
1054 4212 1251 4280 patitur
1276 4212 1633 4278 consuetudo,
1666 4211 1769 4266 fert
1797 4212 1957 4266 etiam
1978 4216 2165 4267 huma-

588 4282 751 4339 nitas.

584 4418 587 4421 γ
659 4353 860 4408 Judicis
890 4362 970 4407 est
990 4367 1204 4423 semper
1234 4353 1289 4407 in
1318 4352 1497 4407 causis
1526 4366 1706 4406 verum
1738 4352 1884 4421 sequi
1911 4393 1925 4416 ,
1959 4354 2165 4421 patroni

591 4436 722 4476 vero
750 4438 1128 4493 nonnunquam
1161 4424 1469 4486 verisimile,
1498 4423 1656 4477 etiam
1687 4424 1730 4478 si
1775 4424 1949 4476 minus
1980 4426 2047 4476 sit
2076 4439 2165 4476 ve-

594 4507 710 4545 rum
740 4492 1050 4549 defendere.
1112 4493 1339 4548 Maxime
1380 4503 1555 4548 autem
1596 4500 1651 4547 et
1675 4494 1841 4562 gloria
1874 4505 2085 4561 paratur
2112 4502 2167 4548 et

590 4562 758 4630 gratia
786 4563 1209 4629 defensionibus,
1242 4580 1411 4633 eoque
1435 4565 1626 4632 major,
1655 4566 1699 4616 si
1730 4564 1937 4632 quando
1972 4564 2169 4619 accidit

591 4639 651 4685 ut
678 4633 727 4687 ei
757 4634 1118 4699 subveniatur,
1161 4635 1251 4702 qui
1283 4638 1514 4704 potentis
1556 4633 1783 4702 alicujus
1832 4633 2019 4703 Opibus
2063 4636 2165 4689 cir-

593 4706 885 4775 cumveniri
941 4706 1230 4775 urgerique
1264 4706 1549 4759 videatur.-

668 4770 927 4844 Braaclare
959 4770 1033 4831 in'
1053 4770 1279 4843 epistola
1334 4776 1558 4844 quadam
1607 4772 1963 4828 Alexandrum
1999 4773 2162 4829 filium

590 4840 867 4914 Philippus
914 4840 1160 4911 accusat,
1216 4840 1366 4914 quod
1400 4844 1680 4914 largitione
1739 4845 2164 4899 benevolentiam

591 4910 938 4967 Macedonum
965 4910 1301 4971 conseCtetur
1325 4933 1337 4968 :
1366 4910 1514 4982 Quod
1541 4924 1592 4968 te
1613 4914 1831 4978 malum,
1862 4916 2049 4983 inquit,
2078 4932 2163 4969 ra-

591 4984 749 5036 tionis
780 4984 831 5036 in
854 4985 1007 5038 istam
1036 5001 1185 5052 spem
1231 4987 1456 5051 induxit,
1487 4994 1543 5038 ut
1566 5000 1659 5039 eos
1707 4985 1801 5038 tibi
1834 4985 2019 5039 ﬁdeles
2048 4985 2165 5040 fore

590 5060 827 5125 putares,
869 5068 1005 5123 quos
1059 5057 1278 5121 pecunia
1322 5054 1689 5125 corrupisses?
1726 5056 1805 5108 Att
1850 5066 1902 5107 ttt
1945 5055 1996 5107 id
2048 5056 2162 5123 agis

589 5122 905 5178 Macedones
926 5139 1031 5177 non
1063 5134 1113 5178 te
1150 5140 1326 5193 regem
1374 5122 1548 5191 suum,
1598 5125 1691 5178 sed
1750 5126 2049 5178 ministrum
2088 5122 2162 5179 iet

590 5194 926 5261 praebitorem
956 5194 1450 5263 existimenthuid
1492 5195 1757 5250 sordidius
1801 5196 1929 5261 regi.
1976 5197 2163 5249 melius

589 5266 769 5331 etiam,
795 5280 953 5334 quam
984 5265 1313 5333 largitionem
1335 5267 1686 5335 corruptelam
1736 5280 1855 5319 esse
1880 5265 2034 5320 dixit.
2078 5265 2164 5319 Fit

591 5335 733 5388 enim
755 5336 991 5407 deterior
1013 5336 1102 5403 qui
1126 5336 1337 5407 accipit,
1369 5345 1528 5407 atque
1557 5337 1623 5389 ad
1656 5337 1795 5391 idem
1826 5350 2038 5405 semper
2067 5351 2162 5390 ex-

590 5406 935 5473 spectandum
985 5406 1235 5474 paratior.

659 5475 1045 5546 Nonnunquam
1073 5483 1248 5529 tamen
1278 5484 1361 5529 est
1416 5476 1897 5546 largiendumtnec
1924 5477 2023 5529 hoc
2070 5478 2161 5531 be-

589 5548 861 5617 nignitatis
880 5545 1048 5615 genus
1076 5547 1293 5617 omnino
1321 5547 1723 5617 repudiandum.
1761 5545 1827 5599 Et
1851 5562 1999 5615 saepe
2038 5548 2153 5600 ido-

589 5620 702 5671 neis
730 5618 1028 5671 hominibus
1050 5617 1117 5672 de
1137 5632 1195 5671 re
1222 5616 1468 5669 familiari
1492 5618 1905 5684 impendenduttt
1930 5627 2032 5681 est,
2060 5617 2155 5673 sed

589 5688 865 5753 diligenter
891 5698 1048 5755 atque
1078 5688 1369 5742 moderate.
1404 5686 1547 5740 Multi
1580 5686 1719 5739 enim
1751 5695 1806 5738 et
1834 5688 2154 5754 patrimonia

589 5758 886 5812 effuderunt
906 5758 1206 5813 inconsulte
1232 5758 1521 5828 largiendo.
1550 5758 1686 5823 Quid
1712 5766 1889 5811 autem
1919 5769 2004 5812 est
2029 5760 2159 5811 stul-

591 5828 690 5883 tius
714 5843 869 5899 quatn
917 5830 1058 5900 quod
1088 5831 1314 5886 libenter
1353 5830 1533 5898 facias,
1566 5842 1757 5884 curare
1790 5836 1846 5881 ut
1878 5829 1931 5883 id
1960 5829 2159 5884 diutius

2192 4536 2243 4598 υ

2268 581 2392 638 nem
2418 567 2634 633 rapinae.
2668 568 2800 621 Cum
2830 568 2972 638 enim
3006 568 3185 621 dando
3212 584 3371 638 egere
3395 567 3837 637 ceperintfalie-

2265 636 2352 690 nis
2381 635 2531 691 bonis
2557 652 2743 691 manus
2767 636 2965 692 inferre
2984 635 3269 705 coguntur;
3320 639 3392 692 Ita
3434 635 3557 694 cum
3607 641 3835 695 benevo-

2266 706 2443 761 lentia:
2472 708 2843 772 comparanda:
2872 722 3033 761 causa
3078 708 3327 763 beneficii
3356 723 3478 765 esse
3505 712 3697 774 velint,
3724 726 3833 765 non

2265 784 2411 831 tanta
2461 787 2815 845 assequuntur
2858 778 3031 832 studia
3074 794 3259 833 eorum
3310 780 3504 845 quibus
3549 780 3840 843 dederunt,

2265 854 2462 915 quanta
2484 846 2607 901 odia
2635 862 2820 902 eorum
2858 848 3049 913 quibus
3097 847 3433 903 ademerunt.
3477 850 3842 916 Quamobrem

2265 930 2365 971 nec
2390 918 2459 970 ita
2488 916 2784 989 claudenda
2814 925 2906 989 est,
2923 932 3009 973 res
3030 918 3328 989 familiaris,
3353 929 3411 974 ut
3438 934 3556 974 eam
3588 920 3838 989 benigni-

2267 996 2349 1058 tas
2372 987 2579 1054 aperire
2610 1002 2730 1058 non
2770 987 2972 1055 possit;
3003 1002 3100 1043 nec
3125 988 3197 1043 ita
3225 988 3534 1058 reseranda,
3570 1002 3627 1042 ut
3652 987 3837 1044 omni-

2264 1054 2365 1110 bus
2393 1064 2586 1125 pateat.
2618 1054 2804 1112 Modus
2852 1058 3186 1123 adhibeatur,
3233 1058 3383 1127 isque
3431 1054 3844 1115 ad'faeultates

2265 1128 2545 1198 referatur.
2573 1128 2802 1198 Omnino
2849 1130 3155 1183 meminisse
3202 1129 3459 1184 debemus
3504 1128 3557 1184 id
3615 1131 3765 1198 quod
3811 1146 3844 1185 a

2269 1196 2465 1269 nostris
2494 1196 2795 1252 hominibus
2823 1198 3119 1265 saepissime
3144 1209 3451 1268 usurpatum
3487 1207 3595 1267 est,
3618 1196 3845 1269 jamque

2265 1266 2317 1339 i_n
2348 1266 3077 1339 Proverbiiconsuetudinem
3133 1266 3299 1336 venit,
3352 1266 3693 1339 largitionem
3718 1266 3845 1325 fun-

2263 1335 2388 1407 dum
2413 1336 2750 1407 nonltabere.
2778 1336 3001 1393 Vitanda
3020 1348 3198 1393 tamen
3220 1335 3456 1407 suspicio
3471 1340 3712 1395 avaritia:
3731 1352 3841 1396 est.

2264 1405 2431 1460 Causa
2467 1406 2622 1477 igitur
2667 1406 2962 1476 largitionis
3006 1416 3109 1473 est,
3139 1410 3183 1461 si
3215 1405 3558 1465 aut—necesse
3585 1418 3695 1474 est,
3749 1422 3849 1466 aut

2266 1477 2426 1541 utile,
2458 1477 2512 1531 in
2536 1478 2618 1531 his
2641 1486 2824 1549 autem
2855 1478 2987 1549 ipsis
3016 1478 3399 1533 mediocritatis
3427 1481 3607 1549 regula
3634 1482 3845 1547 optima

2262 1555 2375 1611 est;
2410 1546 2718 1615 prepensior
2748 1546 2928 1601 autem
2977 1548 3277 1615 benignitas
3306 1563 3427 1603 esse
3455 1546 3617 1606 débet
3666 1546 3719 1606 in
3751 1568 3835 1607 ca-

2264 1615 2573 1689 lamitosos,
2612 1619 2714 1671 nisi
2746 1616 2883 1672 forte
2909 1628 3065 1673 erunt
3090 1615 3241 1689 digni
3264 1620 3583 1684 calamitate.

2340 1688 2836 1758 Convenietautem
2871 1689 3058 1742 tumin
3109 1688 3283 1742 dando
3330 1692 3642 1745 munificum
3693 1708 3849 1758 esse,

2265 1764 2373 1829 tum
2412 1757 2748 1829 iniexigendo
2778 1772 2883 1812 non
2914 1759 3187 1825 acerbum,
3218 1759 3271 1811 in
3301 1761 3554 1829 omnique
3604 1778 3669 1815 re
3714 1778 3848 1819 con-

2193 1832 2242 1894 B
2273 1827 2552 1901 trahenda,
2586 1829 2832 1892 emendo,
2863 1829 3165 1901 vendendo,
3190 1827 3556 1901 conducendo,
3583 1832 3851 1901 locando,

2270 1896 2625 1952 vicinitatibus
2666 1906 2723 1952 et
2764 1899 3010 1953 confiniis
3052 1914 3259 1966 aequum
3306 1908 3362 1953 et
3391 1900 3624 1968 facilem,
3676 1896 3851 1959 multa

2268 1968 2447 2039 multis
2475 1968 2541 2022 de
2567 1982 2665 2021 suo
2691 1969 2811 2036 jure
2831 1969 3237 2031 concedentem,
3260 1983 3288 2021 a
3315 1970 3491 2025 litibus
3512 1987 3646 2026 vero
3667 1972 3850 2039 qu'an-

2269 2044 2378 2109 tum
2404 2037 2585 2104 liceat,
2615 2049 2667 2093 et
2690 2040 2869 2093 nescio
2892 2054 2958 2109 an
2980 2050 3031 2094 et
3085 2041 3244 2107 paulo
3285 2041 3405 2108 plus
3456 2056 3617 2109 quam
3680 2037 3852 2099 liceat

2265 2107 2661 2179 abhorrentem.
2715 2110 2809 2162 Est
2832 2107 3002 2179 enim
3035 2124 3147 2179 non
3179 2107 3338 2165 modo
3370 2107 3613 2177 liberale,
3651 2116 3853 2179 paulu-

2268 2176 2377 2231 lum
2414 2193 2788 2246 nonnunquam
2810 2178 2878 2233 de
2903 2194 3001 2232 suo
3026 2177 3146 2246 jure
3201 2180 3485 2244 decedere,
3528 2176 3624 2237 sed
3655 2176 3853 2239 ’inter-

2265 2246 2391 2302 dum
2422 2250 2579 2301 etiam
2612 2249 2963 2303 fructuosum.
3000 2248 3251 2304 Habenda
3289 2261 3466 2305 autem
3491 2253 3628 2306 ratio
3655 2264 3743 2307 est
3767 2254 3853 2309 rei

2268 2318 2560 2391 familiaris,
2587 2334 2744 2391 quam
2773 2319 2912 2391 quod
2948 2318 3126 2391 dilabi
3152 2322 3347 2391 isinere
3377 2321 3702 2389 flagitiosum
3733 2334 3854 2391 est,

2265 2389 2359 2443 sed
2389 2388 2483 2456 ita,
2518 2397 2575 2443 ut
2625 2388 2991 2444 illiberalitatis
3018 2390 3362 2460 avarititeque
3391 2388 3533 2447 absit
3580 2388 3855 2462 suspicio;

2342 2479 2503 2551 Recte
2530 2494 2559 2533 a
2583 2480 2953 2551 The0phrasto
2982 2490 3059 2535 est
3090 2482 3301 2535 laudata
3328 2483 3689 2551 hospitalitas.
3744 2486 3856 2540 Est

2266 2550 2435 2622 enim,
2461 2560 2517 2622 ut
2539 2550 2666 2603 milti
2692 2551 2906 2622 quidem
2928 2552 3160 2617 videtur,
3187 2554 3340 2608 valde
3358 2550 3617 2608 decorum
3649 2564 3849 2622 patere

2265 2619 2456 2693 domus
2505 2620 2775 2693 hominum
2824 2621 3108 2693 illustrium
3161 2623 3457 2679 illustribus
3509 2619 3852 2693 hospitibus.

2267 2689 2365 2743 Est
2388 2700 2563 2744 autem
2611 2691 2770 2745 etiam
2802 2692 3146 2747 vehementer
3174 2694 3305 2747 utile
3336 2694 3420 2759 iis,
3470 2696 3563 2761 qui
3615 2689 3856 2752 honeste

2269 2762 2494 2813 multum
2529 2775 2683 2833 posse
2706 2761 2907 2833 volunt,
2935 2776 3027 2830 per
3077 2764 3316 2832 hospites
3359 2766 3499 2833 apud
3546 2776 3855 2826 extraneos

2268 2833 2491 2899 pepulos
2512 2831 2687 2885 valere
2712 2831 2905 2901 opibus
2932 2840 2987 2887 et
3007 2831 3193 2902 gratia.

2344 2922 2472 2996 Nam
2506 2924 2557 2976 in
2584 2922 2705 2991 jure
2758 2937 2971 2991 cavere,
3007 2925 3230 2996 consilio
3266 2926 3478 2993 juvare,
3533 2936 3703 2996 atque
3752 2928 3860 2985 hoc

2267 2992 2501 3064 scientia:
2521 3007 2721 3062 genere
2750 2995 3004 3062 prodesse
3028 2994 3223 3060 multis,
3246 2992 3592 3053 vehementer
3608 2992 3690 3052 ad
3718 3013 3856 3064 epes

2267 3063 2533 3132 augendas
2556 3065 2805 3134 pertinet,
2834 3074 2886 3118 et
2912 3065 2979 3118 ad
3004 3067 3245 3133 gratiam.
3302 3066 3480 3134 Itaque
3508 3080 3636 3121 cum
3675 3063 3849 3123 multa

2269 3132 2828 3217 prteclaragmajorum
2852 3174 2867 3199 ,
2921 3132 3030 3189 tum
3062 3136 3263 3217 eisdem
3291 3132 3492 3206 optime
3543 3139 3851 3217 constituta

2261 3204 2397 3274 juris
2426 3204 2595 3279 civilis
2627 3219 2835 3279 summo
2863 3220 3078 3276 semper
3119 3207 3173 3279 in
3222 3204 3428 3263 honore
3458 3209 3708 3279 cognitio
3758 3212 3857 3264 fuit

2264 3285 2427 3345 atque
2457 3274 2843 3343 interpretatio.
2985 3274 2995 3276 ⁷
3150 3278 3153 3281 ’

2336 3365 2676 3440 cumautem
2700 3379 2883 3419 omnes
2913 3367 3291 3440 nonpossint,
3319 3382 3387 3424 ne
3416 3369 3573 3425 multi
3602 3371 3851 3440 quidem,

2269 3447 2360 3491 aut
2385 3434 2829 3510 juriSperitiesse
2870 3444 2975 3510 aut_
3015 3434 3222 3510 diserti,
3270 3438 3395 3493 licet
3443 3434 3635 3496 tamen
3682 3434 3854 3510 opera

2273 3504 2529 3577 prodesse
2555 3504 2757 3569 multis,
2785 3505 3065 3577 beneficia
3113 3515 3399 3577 petentem,
3460 3504 3857 3569 commendare

2262 3576 2531 3649 judicibus
2550 3585 2639 3629 aut
2660 3574 3079 3649 magistratibus,
3104 3574 3404 3649 vigilantem
3424 3596 3521 3646 pro
3541 3597 3604 3637 re
3625 3583 3855 3638 alterius

2265 3658 2361 3722 aut
2386 3662 2479 3722 eos
2509 3648 2652 3722 ipsos
2678 3647 2766 3722 qui
2795 3648 3083 3722 consulunt
3128 3647 3219 3702 aut.
3248 3650 3545 3722 defendunt
3578 3657 3847 3722 rogando.

2266 3718 2434 3790 Quod
2460 3717 2547 3786 qui
2592 3718 2804 3779 faciunt,
2866 3717 3151 3785 plurimum
3182 3721 3369 3788 gratiae
3393 3717 3812 3790 consequuntur
3832 3766 3849 3785 .

2270 3788 2634 3857 latissimeque
2679 3801 2860 3841 eorum
2892 3797 3073 3842 manat
3110 3790 3387 3845 industria.
3417 3789 3535 3846 Jam
3570 3788 3705 3846 illud
3739 3811 3849 3848 non

2266 3867 2395 3914 sunt
2415 3857 2756 3911 admonendi.
2789 3859 2881 3927 Est
2902 3860 3041 3911 enim
3066 3860 3117 3912 in
3144 3869 3386 3927 promptu
3416 3870 3474 3915 ut
3494 3864 3847 3918 animadver-

2269 3938 2379 3982 tant
2399 3943 2519 3982 cum
2545 3928 2733 3996 juvare
2760 3926 2893 3981 alios
2921 3929 3102 3993 velint,
3146 3946 3211 3985 tte
3238 3926 3371 3997 quos
3394 3932 3693 3987 offendant.
3727 3935 3845 3989 Sa-

2271 4014 2337 4069 pe
2367 4000 2508 4051 enim
2540 4006 2630 4051 aut
2660 4012 2753 4071 eos
2798 3999 2994 4071 laedunt
3018 4015 3153 4068 quos
3184 4015 3285 4053 nou
3333 4000 3551 4071 debent,
3599 4015 3697 4057 aut
3752 4021 3851 4059 eos

2267 4067 2401 4191 gues
2430 4083 2536 4122 non
2564 4067 2783 4138 expetit,
2827 4070 2874 4122 si
2895 4067 3145 4137 scientes,
3179 4067 3606 4137 tenteritatis;'si
3640 4076 3852 4141 impru-

2306 4150 2479 4191 entes.
2512 4138 2845 4191 nealitzentia:
2868 4148 2967 4191 est.
3006 4139 3267 4191 Utendum
3294 4151 3378 4191 est
3417 4144 3580 4191 etiam
3612 4158 3852 4191 excusa-

2306 4150 2479 4202 entes,
2512 4138 2845 4207 negligentia:
2868 4148 2967 4194 est.
3006 4139 3267 4194 Utendum
3294 4151 3378 4195 est
3417 4144 3581 4197 etiam
3612 4138 3852 4199 excusa-

2270 4209 2412 4282 tione
2440 4208 2699 4282 adversus
2720 4222 2813 4282 eos
2834 4223 2967 4282 quos
2996 4210 3187 4265 invitus
3229 4211 3491 4278 oﬂettdas,
3524 4229 3854 4282 quacunque

2270 4281 2462 4348 possis.
2493 4280 2665 4347 Quare
2688 4279 2740 4332 id
2768 4280 2907 4347 quod
2936 4279 3125 4333 feceris
3151 4296 3371 4336 necesse
3399 4279 3582 4347 fuerit,
3617 4300 3723 4339 nec
3747 4279 3854 4339 ali-

2270 4359 2348 4424 t_er
2378 4351 2551 4405 facere
2580 4350 2837 4424 potueris.
2873 4350 3055 4424 Melius
3083 4352 3221 4419 apud
3276 4352 3445 4407 bonos
3488 4370 3649 4423 quam
3705 4355 3854 4424 apud

2270 4420 2564 4475 fortunatos
2591 4419 2904 4474 beneficium
2954 4421 3202 4476 collocari
3245 4434 3395 4492 puto.
3431 4419 3618 4477 Danda
3659 4419 3852 4479 tamen

2270 4492 2488 4563 omnino
2515 4504 2675 4563 Opera
2704 4498 2805 4563 est,
2838 4498 2895 4543 ut
2926 4496 3068 4544 omtti
3090 4507 3284 4560 genere
3314 4494 3623 4548 satisfacere
3655 4499 3845 4563 possi-

2270 4576 2408 4617 mus.
2440 4562 2544 4616 Sed
2589 4560 2633 4614 si
2663 4561 2831 4615 resin
2878 4566 3271 4617 contentionem
3327 4566 3524 4627 veniet,
3580 4560 3850 4619 nimirum

2266 4631 2655 4686 Themistocles
2681 4641 2763 4685 est
2789 4632 3370 4704 auctorfadltihendus,
3418 4636 3507 4704 qui
3537 4650 3664 4693 cum
3718 4652 3857 4691 cort-

2267 4705 2759 4774 suleretur,_u_trutn
2790 4702 2929 4774 bono
2954 4703 3067 4756 viro
3099 4706 3317 4774 pauperi
3347 4720 3414 4759 an
3438 4702 3615 4761 minus
3642 4709 3854 4774 proba-

2265 4778 2319 4844 to
2348 4771 2500 4825 diviti
2547 4772 2708 4824 filiam
2747 4771 3230 4844 collocaretz’Ego
3279 4788 3428 4840 vero,
3459 4771 3662 4844 inquit,
3702 4782 3855 4831 malo

2264 4842 2436 4913 virum
2459 4844 2548 4911 qui
2573 4840 2791 4913 pecunia
2838 4852 3012 4910 egeat,
3064 4840 3223 4912 quain
3273 4845 3490 4913 pecunia
3531 4840 3650 4912 qua:
3707 4847 3850 4902 viro.

2263 4910 2369 4983 sed
2401 4910 2641 4980 corrupti
2670 4926 2850 4967 mores
2888 4910 3289 4983 depravatique
3315 4927 3438 4970 sunt
3480 4910 3851 4971 admiratione

2263 4982 2589 5046 divitiarum,
2622 4998 2846 5051 quarttm
2894 4982 3202 5056 magnitudo
3231 4985 3355 5053 quid
3382 4989 3447 5039 ad
3480 5002 3847 5056 unumquem-

2264 5068 2367 5125 que
2391 5065 2628 5125 nostrum
2662 5057 2910 5125 pertinet,
2946 5054 3095 5108 illunt
3122 5056 3348 5110 fortasse
3376 5056 3590 5125 adjuvat
3615 5054 3716 5124 qui
3752 5061 3849 5113 ha-

2265 5120 2375 5185 bet,
2404 5138 2500 5177 nec
2531 5124 2584 5175 id
2612 5120 2823 5191 quidem
2848 5138 3082 5192 semper.

2336 5194 2640 5267 Extremum
2668 5202 2846 5247 autem
2875 5204 3195 5267 praeceptum
3234 5196 3285 5249 itt
3319 5198 3592 5252 beneficiis
3639 5213 3848 5267 opera-

2263 5278 2368 5331 que
2392 5264 2563 5337 danda
2594 5273 2802 5337 est,_ue_
2822 5264 2962 5337 quid_
2979 5275 3160 5337 contra
3191 5269 3491 5334 aequitatem
3513 5264 3845 5337 contendas,

2266 5348 2334 5388 ne
2357 5336 2479 5403 quid
2514 5349 2611 5401 pro
2636 5333 2862 5407 injuria.
2924 5333 3347 5407 Fundamentum
3379 5339 3519 5391 enim
3553 5333 3849 5407 perpetuae

2263 5405 2677 5477 conservationis
2706 5414 2759 5477 et
2780 5404 2963 5477 famae,
3012 5417 3092 5459 est
3131 5406 3355 5475 justitia,
3388 5410 3503 5464 sine
3545 5404 3669 5477 qua
3702 5413 3848 5469 nihil

2266 5484 2443 5544 potest
2469 5488 2586 5527 esse
2618 5475 2769 5526 lauda
2779 5475 2899 5528 btle.

2334 5547 2388 5620 In
2423 5544 2601 5611 primis
2632 5544 2916 5620 videndum
2965 5546 3067 5601 erit
3095 5545 3142 5600 ei
3185 5549 3272 5616 qui
3328 5564 3573 5620 rempuo.
3604 5554 3851 5614 admini-

2262 5617 2473 5701 strabit,
2500 5623 2555 5667 ut
2584 5629 2739 5701 suum
2768 5616 3219 5701 quisquetetnteat,
3251 5635 3423 5689 neque
3448 5616 3513 5679 de
3535 5627 3695 5682 bonis
3730 5634 3848 5701 pri-

2264 5697 2503 5739 vatorum
2539 5685 2744 5752 publice
2772 5687 3052 5742 diminutio
3076 5688 3185 5745 fiat.

2334 5757 2648 5839 lianc-enim
2670 5758 2746 5839 .ob
2767 5770 2981 5813 causam
3016 5761 3263 5839 maxime,
3299 5771 3356 5817 ut
3384 5778 3493 5839 sua
3526 5777 3843 5839 tuerentur,

2266 5828 2558 5899 respublica
2582 5828 2924 5897 civitatesque
2948 5833 3252 5890 constituta
3279 5844 3421 5891 sunt.
3452 5837 3584 5894 Nam
3619 5855 3671 5899 et
3695 5828 3844 5904 duce
