4060 6368
290 393 432 454 1063

961 397 1370 459 ΒΕΝΤΕΝἸΊᾹΞ
1410 394 1848 456 PHILOSOPlllC

1969 392 2063 450 EX
2100 391 2442 451 CICERONE
2479 391 2884 454 COLLECTE.

3384 396 3407 451 l
3419 389 3525 453 066

285 521 476 586 natura
504 512 1253 586 liomines‘congregabantur.
1297 514 1498 569 Tamen
1525 510 1626 582 'spe
1665 517 1847 566 custo-
1874 509 1926 567 Δ
1956 507 2266 586 liberalitas,
2298 509 2534 586 bonitas,
2555 508 2800 586 ‘justitia,
2821 505 3068 586 funditus
3118 506 3343 586 tollitur.
3370 510 3526 586 _Quz_n

283 585 385 655 dia:
409 598 622 639 suarum
654 582 861 639 urbium
887 582 1155 655 'praasidia
1197 585 1523 655 quaerebant.

357 654 537 726 Danda
561 656 662 710 erit
688 670 847 726 opera
867 651 925 710 ut
946 672 1130 712 omnes
1152 651 1472 726 intelligant,
1499 654 1543 710 si
1566 651 1697 707 salvi
1726 664 1847 726 esse

285 725 475 789 velim,
501 725 808 780 necessitati
831 728 1143 794 parendum.
1168 723 1348 795 Atque
1362 726 1521 781 etiam
1549 738 1735 778 omnes
1756 723 1846 792 qui

282 795 668 864 rempublicam
699 797 1089 865 gubernabunt,
1120 798 1400 853 consulere
1446 795 1736 859 debebunt,
1790 803 1846 848 ut

283 870 470 923 earum
500 882 675 921 rerum
728 869 877 935 cupia
908 870 998 933 sil,
1027 883 1146 937 quae
1174 877 1299 924 sunt
1337 867 1670 923 necessariae.

355 938 526 1004 Caput
550 948 725 1009 autem
752 940 907 992 estin
950 936 1094 994 omni
1141 940 1514 1009 procuratione
1560 936 1754 1009 negotii
1792 942 1850 990 et

281 1009 524 1064 muneris
553 1008 773 1076 publici,
804 1020 860 1062 ttt
883 1010 1116 1063 avaritiae
1146 1006 1387 1077 pellatur
1415 1009 1577 1064 etiam
1628 1006 1847 1061 minima

280 1078 533 1149 suspicio.
565 1078 774 1133 Nullum
808 1079 965 1149 igitur
992 1080 1177 1133 vitium
1211 1081 1396 1135 tetrius
1425 1089 1506 1133 est
1527 1121 1541 1144 ,
1573 1088 1628 1133 ut
1656 1091 1721 1131 eo
1749 1092 1848 1131 un-

280 1147 349 1203 de
371 1163 584 1217 egressa
606 1159 705 1215 est,
733 1147 1026 1205 revertatur
1048 1151 1240 1218 oratio,
1261 1165 1418 1220 quam
1444 1149 1683 1212 avaritia,
1712 1162 1847 1220 prae-

281 1222 469 1273 sertim
503 1220 552 1273 in
598 1220 923 1289 principibus
973 1222 1215 1290 rempub.
1267 1217 1706 1290 gubernantibus.
1744 1217 1845 1290 Hag

281 1290 409 1343 bere
432 1291 575 1343 enim
597 1287 821 1359 quaestui
851 1287 1103 1360 rempub.
1129 1308 1235 1347 non
1261 1287 1419 1347 modo
1448 1302 1601 1360 turpe
1626 1298 1729 1354 est,
1754 1287 1848 1343 sed

278 1360 597 1415 sceleratum
636 1370 690 1416 et
717 1363 996 1416 nefarium.

351 1430 502 1485 Nulla
542 1440 717 1487 autem
760 1446 820 1487 re
848 1434 1137 1490 conciliare
1162 1432 1369 1488 facilius
1416 1430 1845 1488 benevolentiam

281 1501 637 1575 multitudinis
675 1513 896 1575 possunt
924 1502 975 1556 hi
1004 1506 1093 1572 qui
1143 1504 1350 1574 reipub.
1385 1510 1638 1575 prazsunt,
1686 1516 1847 1572 quam

279 1571 602 1632 abstinentia
632 1582 686 1628 et
724 1571 1072 1633 continentia.

352 1642 481 1697 Nam
505 1643 592 1713 cui
618 1658 705 1699 res
732 1652 914 1713 erepta
944 1653 1048 1709 est,
1075 1653 1159 1701 est
1179 1644 1454 1709 inimicus;
1482 1645 1566 1700 cui
1594 1642 1717 1698 data
1738 1650 1844 1708 est,

280 1710 443 1785 etiam
476 1712 519 1768 si
547 1710 846 1768 dissimulat
893 1729 952 1769 se
978 1716 1222 1785 accipere
1245 1715 1501 1782 voluisse,
1531 1724 1587 1770 et
1615 1714 1849 1768 maxime

278 1781 336 1856 i_n
363 1786 598 1852 pecuniis
627 1785 865 1850 creditis,
897 1781 1297 1841 occultal'suum
1325 1787 1601 1856 gaudium,
1658 1800 1724 1840 ue
1770 1785 1848 1856 vi-

278 1853 472 1934 deatur
496 1870 598 1910 non
629 1855 787 1910 fuisse
808 1856 1087 1934 solvendo.
1140 1860 1208 1912 At
1255 1853 1383 1934 vero
1408 1858 1497 1912 ille
1519 1858 1616 1934 qui
1652 1853 1851 1934 accipit
1877 1872 1927 1934 Β

276 1921 548 1997 injuriam,
579 1934 634 1981 et
662 1927 922 1997 meminit,
945 1939 999 1982 et
1025 1943 1135 1997 prae
1157 1942 1215 1982 se
1258 1928 1360 1982 fert
1398 1921 1551 1983 suum
1587 1921 1846 1997 dolorem.

349 1994 427 2049 Ea
449 2006 530 2051 est
551 2012 755 2050 summa
786 1996 921 2052 ratio
949 2006 1004 2053 et
1030 1994 1319 2067 'sapieotia
1366 1998 1491 2053 boni
1526 1996 1678 2062 civis,
1707 2011 1856 2050 com-

275 2067 436 2139 moda
464 2068 656 2121 civium
687 2083 791 2122 non
834 2067 1115 2137 divellere,
1162 2077 1320 2138 atque
1366 2082 1554 2125 omnes
1604 2068 1856 2139 aequitate

275 2137 464 2191 eadem
487 2140 784 2195 continere.

350 2208 451 2280 Qui
478 2211 719 2278 rempub.
763 2209 1070 2277 tuebuntur,
1105 2209 1349 2280 inprimis
1369 2224 1586 2280 operam
1629 2208 1853 2276 dabunt,

274 2285 337 2331 ut
360 2278 498 2347 juris
527 2292 578 2334 et
605 2280 925 2348 judiciorum
953 2278 1206 2350 aequitate
1233 2297 1386 2336 suum
1403 2278 1630 2349 quisque
1653 2288 1853 2347 teneat,

273 2358 333 2420 et
380 2364 550 2418 neque
587 2351 855 2405 tenuiores
903 2364 1118 2420 pr0pter
1170 2353 1521 2407 humilitatem
1555 2352 1856 2407 circumve-

274 2415 515 2485 niantur,
549 2436 724 2489 neque
748 2415 1102 2490 locupletibus
1129 2423 1193 2477 ad
1228 2438 1346 2490 sua,
1377 2424 1459 2477 vel
1488 2422 1737 2487 tenenda,
1772 2420 1857 2475 vel

273 2492 639 2557 recuperanda
666 2530 681 2554 ,
729 2491 871 2545 obsit
916 2492 1134 2547 invidia.
1207 2492 1311 2547 Res
1354 2503 1529 2548 autem
1582 2490 1858 2545 familiaris

269 2562 441 2628 quaeri
472 2562 631 2616 debet
661 2562 908 2632 iisrebus
938 2577 965 2614 a
994 2564 1185 2632 quibus
1214 2563 1366 2617 abest
1394 2564 1686 2629 turpitudo,
1716 2576 1850 2615 con-

270 2632 478 2685 servari
510 2640 687 2686 autem
710 2631 985 2703 diligentia
1015 2631 1069 2687 et
1092 2632 1437 2703 parcimonia,
1461 2633 1664 2690 eisdem
1695 2632 1856 2687 etiam

270 2703 438 2757 rebus
472 2704 670 2773 augeri.
707 2702 820 2758 haec
841 2718 907 2758 ex
936 2719 973 2759 tt
1003 2704 1334 2759 Officiorum.

441 2836 526 2893 Ea:
562 2837 693 2892 libro
722 2838 870 2895 tertio
903 2837 1195 2909 Oﬁiciorum
1234 2837 1313 2893 Μ.
1348 2837 1406 2894 Τ.
1437 2838 1716 2893 Ciceronis.

350 2966 706 3048 Dubitandum
738 2988 841 3027 non
871 2982 958 3048 est
978 2974 1106 3043 quin
1133 2987 1401 3048 nupquam
1436 2971 1605 3043 possit
1652 2971 1857 3027 utilitas

271 3056 399 3101 cum
427 3043 703 3098 honestate
730 3031 1077 3100 contende're.
1164 3031 1278 3110 [1'17
1295 3051 1356 3097 II

358 3114 648 3169 Detrahere
696 3126 873 3169 autem
897 3115 1049 3169 alteri
1078 3114 1159 3170 sui
1203 3113 1470 3170 commodi
1503 3128 1683 3179 causa,
1715 3123 1769 3169 et
1791 3129 1856 3168 ex

273 3182 512 3241 hominis
543 3186 882 3240 incommodo
922 3201 1076 3240 suum
1115 3186 1452 3242 commodum
1503 3200 1721 3254 augere,
1772 3194 1854 3238 est

272 3234 448 3325 inagis
473 3265 657 3309 contra
692 3268 933 3311 naturam
963 3234 1318 3326 quam'inors,
1347 3271 1503 3325 quam
1537 3234 1839 3323 paupertas,
1878 3234 1927 3300 ο

271 3341 437 3395 quam
460 3327 634 3390 dolor,
661 3342 821 3396 quam
870 3336 1063 3382 caitera
1106 3337 1296 3383 cuncta
1347 3341 1465 3394 quin
1503 3334 1726 3395 possunt
1752 3336 1843 3379 aut

271 3396 487 3466 corpori
514 3396 755 3452 accidere
775 3408 865 3452 aut
887 3398 1044 3452 rebus
1064 3397 1324 3456 externis.
1349 3397 1478 3451 Nam
1507 3406 1559 3449 ut
1576 3396 1674 3450 sibi
1696 3397 1843 3465 quis-

272 3481 382 3538 que
410 3468 556 3521 malit
578 3468 717 3535 quod
741 3468 805 3522 ad
832 3482 982 3522 usum
1014 3470 1133 3524 vita:
1176 3470 1454 3537 pertineat,
1502 3482 1656 3537 quam
1688 3465 1842 3522 alteri

270 3540 575 3608 acquirere,
607 3552 920 3594 concessum
969 3548 1069 3605 est,
1101 3554 1207 3594 non
1253 3550 1580 3608 repugnante
1629 3546 1837 3590 natura.

272 3607 413 3664 Illud
441 3609 659 3678 quidem
690 3619 876 3663 natura
915 3625 1019 3664 non
1047 3612 1268 3679 patitur,
1300 3618 1361 3663 ut
1399 3607 1627 3663 aliorum
1657 3608 1841 3678 spoliis

272 3688 494 3735 nostras
515 3679 811 3746 facultates,
844 3682 1024 3749 copias
1053 3695 1287 3750 opesque
1315 3693 1626 3747 augeamus.
1659 3679 1841 3750 Neque

271 3750 382 3805 hoc
412 3764 538 3805 vero
586 3752 757 3806 solum
806 3760 1014 3817 natura,
1044 3749 1100 3805 id
1147 3762 1247 3815 est,
1294 3751 1412 3818 jure
1461 3750 1718 3820 gentium,
1747 3749 1842 3803 sed

271 3820 439 3891 etiam
472 3821 675 3891 legibus
696 3822 1033 3890 populorum,
1058 3822 1248 3890 quibus
1277 3821 1330 3874 in
1360 3821 1582 3890 singulis
1613 3820 1841 3875 civitati-

272 3890 379 3947 bus
398 3892 613 3960 respub.
634 3894 958 3958 continetur,
978 3892 1167 3959 eodem
1190 3892 1349 3946 modo
1369 3892 1713 3945 constitutum
1738 3900 1838 3956 est,

270 3968 339 4014 ut
376 3975 480 4015 non
509 3964 664 4017 liceat
688 3961 771 4016 sui
795 3962 1063 4018 commodi
1100 3976 1260 4017 causa
1287 3963 1438 4016 alteri
1469 3977 1681 4017 nocere.
1732 3963 1843 4015 Hoc

270 4031 421 4086 enim
451 4041 694 4102 spectant
719 4033 882 4102 leges,
914 4034 1015 4087 hoc
1039 4035 1201 4088 voluit
1229 4033 1545 4086 incolumem
1600 4047 1719 4088 esse
1762 4034 1841 4086 ci-

271 4103 426 4174 vium,
445 4103 896 4172 conjunctionem,
925 4119 1082 4174 quam
1114 4105 1201 4172 qui
1231 4103 1506 4165 dirimunt,
1527 4116 1620 4174 eos
1646 4112 1839 4174 morte,

269 4172 489 4240 exsilio,
520 4176 766 4239 vinculis,
789 4172 983 4228 damno
1012 4182 1278 4229 coercent.
1327 4173 1500 4238 Atque
1549 4173 1650 4227 hoc
1679 4172 1844 4227 efficit

269 4245 448 4315 multo
470 4247 774 4315 magisipsa
799 4257 1001 4299 naturae
1030 4248 1184 4312 ratio,
1218 4259 1340 4315 quae
1365 4251 1447 4298 est
1474 4245 1557 4298 lex
1584 4244 1760 4301 divina
1789 4253 1842 4297 et

269 4312 878 4387 hurnana;'cui'parere
905 4316 994 4384 qui
1040 4315 1170 4370 velit
1206 4312 1432 4387 (omnes
1470 4325 1646 4387 autem
1680 4329 1838 4383 pareo

269 4383 410 4440 bunt
430 4389 518 4455 qui
549 4386 840 4441 secundum
867 4383 1110 4440 naturam
1134 4383 1319 4441 volunt
1348 4386 1547 4455 vivere)
1572 4400 1839 4451 nunquam

270 4458 576 4510 committet
606 4465 665 4510 ut
691 4458 921 4511 alienum
950 4465 1182 4525 appetat,
1227 4467 1279 4510 et
1308 4456 1359 4510 id
1406 4458 1545 4524 quod
1572 4457 1725 4511 alteri
1749 4457 1842 4509 de-

273 4528 503 4581 traxerit
531 4527 630 4581 sibi
656 4538 910 4581 assumat.
941 4529 1146 4582 Etenim
1172 4528 1336 4581 multo
1358 4528 1525 4595 magis
1544 4537 1625 4582 est
1655 4541 1841 4582 secun-

268 4596 403 4652 dum
428 4606 666 4651 naturam
688 4599 970 4653 excelsitas
991 4599 1154 4652 animi
1177 4608 1229 4652 et
1251 4599 1575 4667 magnitudo,
1607 4600 1839 4667 itemque

268 4672 661 4734 communitas,
736 4669 975 4737 jusutia,
1022 4670 1308 4723 liberalitas
1361 4683 1519 4737 quam
1578 4670 1839 4737 voluptas,

268 4753 435 4808 quam
463 4738 706 4801 avaritia,
736 4754 892 4809 quam
922 4739 1141 4795 divitiae.
1184 4740 1316 4806 Qua:
1343 4740 1556 4807 quidem
1604 4750 1860 4795 contem--

269 4823 409 4864 nere
438 4819 490 4863 et
522 4824 615 4878 pro
645 4809 809 4863 nihilo
837 4812 1056 4879 ducere,
1103 4819 1499 4879 comparantem
1530 4826 1653 4865 cum
1705 4811 1843 4864 utili-

267 4888 390 4933 tate
408 4881 700 4951 communi,
729 4882 903 4951 magni
931 4881 1095 4935 animi
1123 4891 1209 4936 est
1236 4891 1289 4934 et
1332 4883 1550 4935 excelsi.
1602 4883 1841 4951 Itemque

268 4950 449 5019 magis
471 4960 554 5005 est
573 4951 865 5006 secundum
904 4963 1145 5007 naturam
1196 4966 1292 5021 pro
1321 4953 1568 5006 omnibus
1597 4950 1843 5021 gentibus

268 5021 349 5093 (si
376 5024 489 5075 fieri
521 5024 710 5093 possit)
742 5023 1125 5077 conservandis
1167 5032 1255 5077 aut
1306 5022 1554 5093 juvandis
1585 5027 1843 5079 maximos

266 5092 492 5148 labores
521 5093 895 5161 molestiasque
920 5094 1211 5162 suscipere,
1244 5092 1512 5148 imitantes
1556 5093 1841 5150 Herculem

265 5162 450 5225 illum,
480 5177 636 5233 quem
662 5164 935 5218 hominum
966 5164 1102 5218 fama
1136 5165 1516 5219 beneficiorum
1547 5180 1754 5221 memor
1788 5167 1839 5219 in

262 5234 505 5289 concilio
532 5234 830 5290 ctelestium
861 5235 1157 5299 collocavit,
1207 5251 1365 5304 quam
1396 5238 1574 5290 vivere
1626 5237 1677 5290 in
1719 5236 1843 5290 soli-

266 5304 462 5360 tudine
491 5319 596 5360 non
629 5308 789 5360 modo
822 5307 938 5362 sine
980 5308 1105 5361 ullis
1137 5307 1418 5369 molestiis,
1449 5307 1543 5361 sed
1573 5308 1735 5361 etiam
1786 5307 1839 5362 in

262 5374 526 5433 maximis
553 5375 933 5444 voluptatibus,
962 5377 1317 5431 abundantem
1359 5377 1605 5431 omnibus
1645 5378 1836 5446 c0piis,

262 5454 337 5503 ut
364 5447 523 5501 etiam
544 5450 775 5503 excellas
804 5448 1192 5516 pulchritudine
1220 5456 1275 5501 et
1298 5446 1517 5503 viribus.
1572 5447 1837 5514 Quocirca

260 5518 479 5589 optimo
505 5519 732 5589 quisque
755 5518 1290 5587 Splendidissimoque
1320 5518 1535 5587 ingenio
1564 5519 1718 5589 longe
1747 5519 1837 5574 illa

258 5592 383 5645 Vita
414 5588 538 5644 huic
563 5588 921 5656 anteponitur.
954 5589 1033 5645 Ex
1062 5605 1166 5657 quo
1190 5590 1418 5643 efficitur
1446 5588 1713 5646 hominem
1742 5605 1840 5644 na-

260 5669 411 5717 turae
436 5661 772 5716 obedientem
803 5663 1002 5715 homini
1034 5675 1224 5715 nocere
1250 5675 1354 5714 non
1381 5675 1555 5728 posse.

346 5730 448 5798 Qui
469 5743 646 5785 autem
677 5733 938 5787 rationem
969 5747 1187 5787 suorum
1214 5730 1408 5786 civium
1434 5732 1617 5785 dicunt
1638 5730 1839 5789 haben-

254 5802 422 5867 dam,
452 5810 793 5874 externorum
821 5811 1054 5874 negant,
1103 5803 1158 5857 hi
1192 5804 1449 5857 dirimunt
1497 5818 1834 5862 communem

252 5872 496 5940 humani
520 5872 731 5944 generis
748 5872 1091 5942 societatem;
1112 5888 1219 5961 qua
1236 5873 1830 5963 sublatabenelicetitia,
1881 5886 1909 5904 "

592 5969 872 6052 ,ΡΑτιιυμ
917 5965 1051 6030 XC.
1206 5961 1235 5991 θ
1270 5974 1308 5997 "

1950 579 2040 649 qui
2071 581 2286 647 tollunt,
2316 582 2476 637 etiam
2506 580 2765 637 adversus
2805 579 2937 636 deos
2987 578 3316 635 immortales
3368 579 3521 648 imptt

1946 648 2221 720 iudicandi
2273 660 2419 707 sunt.

2019 720 2229 776 Justitia
2277 722 2420 778 enim
2463 736 2566 777 una
2612 720 2782 777 virtus
2809 720 3046 778 omnium
3072 727 3174 788 est,
3202 720 3421 776 domina
3468 728 3524 778 et

1947 794 2129 860 regina
2158 794 2434 849 virtutum.

2019 862 2183 917 Suum
2230 866 2421 932 cuique
2474 862 2865 920 incommodum
2916 861 3190 919 ferendum
3224 870 3305 918 est
3348 865 3522 933 potis:

1948 947 2104 1003 quam
2128 936 2194 989 de
2222 934 2440 991 alterius
2467 935 2764 991 commodis
2788 933 3196 991 detrahendum.
3541 980 3545 985 .

2018 1004 2158 1058 Nihil
2181 1020 2307 1060 vero
2321 1006 2467 1071 utile,
2484 1007 2624 1077 quod
2643 1021 2750 1061 non
2772 1006 2908 1061 idem
2933 1005 3210 1077 honesturn
3230 1021 3247 1073 ;
3274 1004 3402 1060 nihil
3426 1004 3522 1060 ho-

1948 1082 2157 1129 nestum
2174 1077 2313 1143 quod
2337 1093 2441 1132 non
2466 1076 2604 1132 idem
2620 1077 2778 1141 utile;
2798 1086 2852 1131 et
2872 1077 2961 1131 ubi
2979 1076 3267 1144 turpitudo,
3293 1077 3364 1131 ibi
3385 1078 3523 1131 utili-

1950 1154 2030 1200 tas
2056 1160 2173 1201 esse
2191 1162 2297 1201 non
2322 1157 2523 1215 potest;
2548 1148 2614 1202 ad
2646 1148 2977 1203 honestatem
3009 1148 3151 1201 enim
3183 1148 3290 1202 nati
3312 1160 3519 1203 sumus.

2020 1216 2161 1288 Satis
2187 1216 2329 1272 enim
2359 1219 2511 1272 nobis
2540 1219 2605 1287 (si
2646 1218 2803 1273 modo
2834 1220 2885 1273 in
2934 1216 3267 1287 philosophia
3319 1219 3517 1288 aliquid

1947 1287 2293 1358 profecimus)
2326 1304 2638 1357 persuasum
2669 1304 2787 1343 esse
2836 1288 3015 1353 debet,
3064 1290 3108 1343 si
3163 1304 3349 1344 omnes
3393 1293 3523 1345 deos

1948 1358 2297 1427 hominesque
2325 1358 2499 1415 celare
2517 1359 2804 1427 possimus,
2832 1359 2963 1414 nihil
2984 1368 3158 1414 tamen
3181 1372 3363 1424 avare,
3388 1361 3520 1414 nihil

1948 1426 2163 1552 injusite,
2191 1427 2323 1484 nihil
2354 1426 2654 1487 libidinose.
2708 1430 2837 1485 nihil
2867 1430 3257 1486 incontinenter
3296 1444 3417 1487 esse
3442 1430 3520 1484 fa-

1948 1510 2063 1552 cten
2107 1514 2218 1552 um.

1946 1510 2192 1553 ειειιαιιιη
2204 1539 2218 1553 .

2020 1568 2252 1624 Honesta
2281 1569 2421 1625 enim
2448 1570 2604 1625 bonis
2629 1571 2761 1627 viris
2802 1570 3009 1625 occulta
3041 1580 3375 1639 quzeruntur.

2019 1639 2126 1695 Nec
2155 1649 2350 1695 nostrai
2379 1642 2534 1697 nobis
2555 1642 2810 1697 utilitates
2836 1641 3181 1698 obmittendte
3203 1654 3350 1709 sunt,
3373 1643 3525 1697 aliis-

1948 1724 2052 1778 que
2102 1711 2392 1778 tradendae,
2425 1727 2544 1767 cum
2573 1713 2637 1768 iis
2665 1712 2764 1780 ipsi
2794 1726 3046 1782 egeamus
3082 1730 3097 1767 :
3127 1713 3221 1767 sed
3253 1728 3361 1767 suae
3410 1716 3525 1768 cui-

1948 1782 2291 1905 31331υὲ31³ιὶ
2323 1783 2465 1852 quod
2494 1787 2611 1840 sine
2640 1783 2863 1839 alterius
2908 1782 3102 1853 injuria
3148 1784 3237 1838 fiat
3287 1787 3526 1840 servien-

1990 1866 2074 1905 um
2120 1863 2219 1907 88L

2028 1922 2172 1996 Scite
2195 1924 2342 1996 enim
2368 1922 2718 1996 Chrysippus,
2744 1922 2847 1990 Qui
2877 1924 3105 1979 stadium
3139 1924 3356 1994 (inquit)
3402 1941 3527 1980 cur-

1958 1992 2047 2059 rit,
2077 1994 2206 2047 eniti
2238 2003 2293 2049 et
2334 1992 2659 2050 contendere
2698 1996 2858 2050 debet
2885 2011 3039 2062 quam
3073 1992 3301 2049 maxime
3334 1992 3522 2064 possit,

1957 2065 2238 2136 utvincat,
2269 2067 2611 2136 supplantare
2631 2081 2753 2120 eum
2776 2065 2987 2136 quicum
3014 2075 3202 2127 certet,
3234 2076 3325 2121 aut
3363 2083 3523 2120 manu

1957 2133 2157 2202 pellere
2188 2135 2333 2190 nullo
2363 2133 2522 2191 modo
2551 2136 2731 2191 debet.
2764 2133 2850 2191 Sic
2880 2136 2929 2189 itt
2975 2136 3079 2190 vita
3119 2138 3218 2190 sibi
3259 2153 3523 2206 quemque

1959 2214 2140 2278 petere
2166 2208 2303 2278 quod
2325 2207 2599 2278 pertineat
2627 2207 2691 2261 ad
2721 2222 2900 2275 usum,
2953 2222 3058 2261 non
3117 2207 3352 2278 iniquum
3408 2217 3527 2272 cst;

1956 2275 2234 2347 sedralteri
2282 2277 2514 2343 diripere
2547 2278 2633 2347 jus
2664 2293 2767 2333 non
2799 2287 2899 2333 est.

2030 2346 2213 2418 Neque
2242 2356 2430 2401 contra
2460 2344 2691 2416 tempus,
2724 2363 2896 2417 neque
2922 2357 3105 2418 contra
3149 2344 3526 2418 jusjurandum

1956 2430 2021 2470 ac
2050 2416 2231 2483 fidem,
2257 2417 2520 2483 amicisui
2553 2433 2710 2474 causa
2737 2416 3019 2474 virbonus
3066 2416 3250 2474 faciet.
3304 2421 3432 2475 Nam
3482 2423 3529 2475 si

1957 2486 2135 2540 omnia
2168 2488 2407 2542 facienda
2435 2490 2542 2542 sint
2579 2505 2696 2556 quae
2723 2490 2878 2545 amici
2907 2490 3089 2555 velint,
3120 2503 3224 2544 non
3277 2491 3531 2545 amicitia:

1959 2557 2113 2621 tales,
2142 2560 2236 2613 sed
2266 2559 2666 2627 conjurationes
2698 2560 2944 2627 putanda:
2971 2570 3115 2614 sunt.
3149 2560 3281 2615 Nam
3322 2576 3443 2615 cum
3476 2564 3529 2617 id

1958 2627 2099 2712 quod
2128 2629 2258 2683 utile
2286 2631 2508 2712 videtur
2541 2629 2593 2683 in
2629 2632 3050 2712 amicitia‘_ettm
3096 2646 3160 2685 eo
3191 2632 3329 2712 quod
3362 2632 3530 2712 hone-

1958 2704 2099 2770 stum
2130 2709 2211 2753 est
2240 2708 2600 2769 comparatur,
2623 2701 2797 2770 jaceat
2825 2701 3065 2755 utilitatis
3094 2702 3319 2770 species,
3352 2702 3535 2758 valeat

1958 2765 2231 2825 honestas.
2262 2765 2393 2824 Cum
2423 2765 2600 2826 autem
2624 2765 2677 2824 in
2727 2773 2980 2835 amicitia,
3022 2765 3138 2839 quze
3169 2765 3390 2827 honcSta
3422 2789 3529 2829 non

1954 2850 2087 2912 sunt
2100 2842 2401 2912 postulant,
2456 2842 2639 2912 religio
2669 2849 2722 2896 et
2751 2842 2879 2897 fides
2907 2850 3256 2911 anteponatur
3282 2840 3530 2912 justitite.

2028 2908 2167 2965 Nihil
2199 2912 2338 2977 quod
2371 2908 2605 2974 crudele,
2640 2912 2788 2967 utile.
2823 2913 2916 2967 Est
2935 2908 3076 2967 enim
3110 2908 3380 2968 hominum
3422 2930 3525 2971 na-

1957 2986 2113 3105 mra},
2158 2998 2315 3053 quam
2342 2982 2489 3052 sequi
2516 2982 2796 3053 debemus,
2828 2986 3063 3039 maxime
3090 2983 3301 3039 inimica
3332 2986 3527 3044 crude-

1980 3066 1991 3103 I
2020 3065 2096 3104 as.

1980 3060 2096 3104 itas.

2029 3122 2162 3178 Male
2192 3124 2350 3178 etiam
2381 3138 2499 3198 qum
2526 3125 2831 3198 peregrinos
2858 3125 3078 3198 urbibus
3110 3125 3188 3181 uti
3219 3126 3529 3198 prohibent,

1958 3206 2156 3267 eosque
2172 3195 2553 3249 exterminant.
2587 3195 2715 3267 Nam
2735 3211 2854 3252 esse
2877 3214 2971 3267 pro
2993 3196 3127 3262 eive,
3152 3198 3240 3266 qui
3262 3199 3394 3253 civis
3416 3195 3521 3255 non

1964 3264 2056 3328 sit,
2076 3274 2277 3319 rectum
2300 3280 2430 3340 esse
2463 3280 2566 3320 non
2617 3266 2815 3340 licere;
2869 3264 2968 3323 usu
2995 3282 3125 3322 vero
3154 3264 3300 3324 urbis
3348 3269 3527 3340 prohi-

1947 3332 2079 3389 bere
2109 3336 2435 3403 peregrinos,
2465 3351 2595 3391 sane
2622 3332 2963 3393 inhumanum
2987 3347 3089 3392 est.

2022 3406 2412 3478 Ex_omui_vita
2460 3407 2730 3478 simulatio
2776 3409 3239 3478 dissimulatioque
3287 3409 3520 3465 tollenda

1944 3485 2047 3531 est.
2076 3475 2334 3548 Tollenda
2362 3487 2445 3532 cst
2475 3476 2634 3548 igitur
2663 3494 2729 3533 ex
2777 3479 2939 3535 rebus
2966 3475 3342 3536 contrahendis
3368 3497 3531 3539 omne

1944 3547 2297 3601 mendacium.

1983 3685 1994 3698 .
2020 3619 2219 3698 Ennius
2250 3618 2323 3672 ait
2350 3619 2703 3698 nequidquam
2728 3621 3036 3698 eapientem
3063 3634 3273 3698 Sapere.
3301 3624 3397 3698 qui
3433 3624 3518 3698 si:

1943 3685 1995 3741 bi
2036 3689 2290 3755 prodesse
2320 3685 2667 3758 non'qute'rit.
2728 3685 2823 3746 Esi.
2868 3701 3043 3747 autem
3087 3685 3343 3759 sapientis
3392 3695 3527 3751 nihil

1941 3769 2125 3813 contra
2152 3774 2349 3830 mores.
2378 3761 2545 3829 leges,
2569 3762 2809 3818 instituta
2865 3762 3062 3830 facere,
3115 3762 3313 3820 habere
3360 3767 3530 3821 ratio-

1943 3843 2066 3883 nem
2091 3830 2169 3903 rei
2191 3829 2492 3886 familiaris.
2517 3833 2702 3903 Neque
2731 3833 2873 3889 enim
2903 3834 3075 3888 solum
3124 3834 3278 3890 nobis
3328 3835 3523 3891 divites

1942 3913 2065 3955 esse
2088 3900 2358 3974 volumus,
2384 3905 2481 3974 sed
2513 3900 2717 3971 liberis,
2740 3904 3072 3974 propinquis,
3095 3904 3305 3970 amicis,
3352 3909 3523 3961 maxi-

1944 3984 2133 4046 meque
2157 3971 2366 4046 reipub.
2385 3971 2904 4046 _Singulorum'enim
2926 3972 3203 4030 facultates
3226 3984 3281 4031 et
3318 3979 3512 4046 copiae,

1942 4042 2139 4115 divitia:
2156 4051 2277 4115 sunt
2299 4041 2547 4115 civitatis.

2021 4112 2248 4185 Neculla
2275 4112 2539 4185 pernicies
2559 4115 2683 4171 vita:
2701 4114 2871 4185 major
2887 4114 3112 4185 inveniri
3136 4124 3332 4185 potest,
3359 4133 3520 4183 quam

1942 4180 1994 4237 in
2019 4183 2217 4256 malitia
2242 4183 2515 4256 simulatio
2538 4180 2926 4255 intelligentiae.
2960 4184 3087 4241 Mihi
3118 4180 3331 4256 quidem
3354 4180 3519 4244 etiam

1945 4266 2087 4324 verre
2120 4252 2460 4324 ltaereditates
2486 4271 2589 4311 non
2619 4252 2857 4312 hon'esta:
2879 4252 3147 4324 videntur,
3172 4259 3215 4312 si
3247 4269 3371 4314 sunt
3403 4275 3520 4313 ma-

1942 4322 2137 4394 litiosis
2166 4323 2461 4379 officiorum
2510 4326 2777 4382 blanditiis
2808 4343 2913 4381 non
2946 4322 3190 4394 veritate,
3226 4329 3317 4382 sed
3348 4331 3517 4383 simu-

1943 4393 2164 4467 latione,
2190 4395 2447 4467 quzesitte.
2472 4398 2646 4467 Atque
2674 4399 2726 4453 in
2774 4398 2971 4452 talibus
3003 4399 3160 4452 rebus
3207 4398 3349 4454 aliud
3389 4402 3521 4458 utile

1945 4464 2233 4535 interdum,
2266 4464 2409 4520 aliud
2434 4464 2713 4523 honestum
2737 4468 2907 4523 videri
2950 4468 3083 4522 falso
3109 4470 3265 4524 solet.

2018 4535 2188 4608 Homo
2208 4536 2404 4608 justus,
2428 4553 2586 4608 quem
2613 4540 2875 4594 sentimus
2904 4540 3101 4593 bonum
3146 4541 3341 4604 virum,
3388 4541 3522 4598 nihil

1946 4607 2194 4681 cuiquam
2223 4606 2364 4681 quod
2393 4606 2475 4681 ini
2495 4624 2556 4681 se
2583 4619 2832 4681 transeat
2861 4609 3123 4664 detrahet.
3156 4610 3267 4666 Hoc
3309 4612 3397 4681 qui
3427 4616 3525 4668 ad-

1944 4677 2192 4742 miratur,
2220 4678 2267 4731 is
2306 4692 2364 4731 se
2392 4679 2518 4747 quid
2547 4680 2618 4735 sit
2666 4682 2746 4736 vir
2787 4683 2977 4743 bonus.
3004 4681 3215 4736 nescire
3266 4677 3520 4740 fateatur.

1943 4749 2013 4803 At
2036 4763 2162 4801 vero
2183 4747 2229 4801 si
2257 4749 2377 4815 quis
2403 4751 2629 4806 voluerit
2654 4752 2815 4806 animi
2842 4753 2923 4805 sui
2947 4751 3316 4815 complicatam
3344 4757 3522 4809 notio-

1944 4833 2063 4874 nem
2089 4822 2361 4883 evolvere,
2398 4819 2507 4889 jam
2537 4824 2768 4890 seipsum
2812 4822 3001 4877 doceat
3047 4837 3168 4877 eum
3200 4824 3401 4879 bonum
3439 4843 3516 4879 vr-

1944 4904 2233 4962 rumresse,
2254 4890 2355 4962 equi
2380 4893 2549 4962 prosit
2577 4894 2771 4962 quibus
2793 4893 2978 4961 possit,
3011 4902 3064 4948 et
3095 4906 3287 4951 noceat
3314 4896 3517 4951 nemini

1944 4961 2043 5014 nisi
2076 4960 2358 5033 lacessitus
2384 4960 2606 5031 injuria.
2629 4960 2812 5033 Itaque
2841 4964 2960 5017 talis
2989 4964 3072 5017 vir
3097 4979 3200 5021 non
3233 4966 3394 5020 modo
3439 4968 3519 5019 fa-

1945 5045 2090 5097 cere,
2120 5031 2213 5085 sed
2265 5046 2363 5105 nec
2416 5034 2652 5105 cogitare
2699 5031 2910 5103 quidem
2958 5033 3244 5105 quidquam
3270 5036 3516 5105 audebit,

1943 5107 2227 5176 quod‘uon
2244 5103 2418 5176 valeat
2445 5104 2757 5172 praedicare.
2791 5105 2896 5159 Nec
2925 5120 3052 5160 vero
3102 5103 3251 5176 turpe
3272 5116 3354 5161 est
3401 5103 3526 5174 phi4-

1943 5171 2712 5247 l9s0pho_dubitareiqu:e_nec
2757 5176 2941 5230 rustici
2989 5171 3203 5247 quidem
3248 5171 3521 5236 dubitant.

1943 5239 2096 5298 Cadit
2124 5243 2286 5313 igitur
2315 5245 2365 5298 in
2399 5239 2571 5299 virum
2595 5245 2790 5300 bonum
2817 5239 3025 5301 mentiri
3050 5246 3394 5303 emolumenti
3432 5250 3521 5305 sui

1942 5327 2122 5378 causa,
2154 5313 2446 5385 criminari,
2478 5318 2716 5384 eripere,
2751 5317 2953 5383 fallere,
2984 5317 3114 5371 nihil
3140 5318 3379 5385 profecto
3401 5320 3521 5374 mi-

1943 5399 2061 5439 nus.
2092 5386 2186 5438 Est
2212 5398 2343 5454 ergo
2374 5384 2475 5439 ulla
2509 5401 2595 5442 res
2626 5388 2777 5455 tanti,
2828 5399 2920 5443 aut
2964 5384 3304 5442 commodum
3346 5389 3514 5446 ullum

1943 5463 2050 5509 tam
2076 5455 2455 5527 expetendum,
2478 5467 2548 5527 ut
2574 5456 2670 5513 viri
2694 5458 2818 5512 boui
2862 5466 2916 5512 et
2941 5458 3278 5527 splendorem
3323 5468 3378 5515 et
3412 5476 3519 5516 no-

1942 5541 2063 5599 men
2091 5526 2328 5599 atnittas.
2354 5526 2491 5592 Quid
2514 5536 2599 5583 est
2626 5529 2765 5599 quod
2798 5526 2989 5583 aﬂ‘erre
3014 5528 3212 5599 utilitas
3243 5529 3341 5585 ista
3392 5546 3520 5599 pos-

1941 5598 2031 5662 sit,
2062 5598 2105 5651 si
2138 5596 2259 5651 boni
2283 5598 2378 5652 viri
2412 5613 2608 5654 nomen
2630 5596 3017 5668 arripttent,-et
3043 5598 3202 5654 Iidem
3228 5596 3520 5667 justitiam-

1939 5683 2042 5736 que
2071 5668 2382 5723 detraxerit.
2414 5668 2550 5736 Quid
2585 5671 2725 5726 enim
2751 5668 2970 5724 interest
2998 5678 3175 5725 utrum
3198 5686 3265 5725 ex
3291 5672 3514 5728 homine

1938 5747 2213 5794 convertat
2267 5754 2326 5793 se
2374 5746 2491 5807 quis
2526 5741 2597 5811 in
2651 5740 3017 5811 belluam,ian
3065 5739 3297 5796 hominis
3340 5742 3513 5811 figura

1940 5810 2321 5865 immanitatem
2343 5821 2491 5879 gerat
2518 5810 2750 5866 bellum?
2772 5811 2871 5877 Qui
2896 5810 2943 5865 si
2971 5812 3147 5866 omnia
3176 5822 3319 5867 recta
3342 5810 3397 5867 et
3419 5816 3522 5868 ho-

1940 5893 2089 5941 nesta
2119 5881 2409 5967 negligum,
2434 5880 2724 5965 dummodo
2761 5882 3048 5955 potentiam
3090 5893 3525 5957 consequuntur,

3013 5973 3089 6036 ει
