4060 6368
560 419 693 482 1071

1062 422 1266 480 BEDIE
1309 420 1758 480 VENERABILIS
1793 419 1949 479 OPP.
1989 417 2115 477 PAR

2220 421 2247 473 ὲ.
2273 417 2470 478 SECT.
2508 415 2575 475 11.
2604 444 2674 462 --
2698 411 2903 475 DUBIA
2943 415 3028 474 ET
3066 412 3340 472 SPURIA.‘

3665 415 3804 473 1079.

561 536 915 601 amicitia,'ita
948 537 1224 605 praecurrit
1267 536 1496 592 amicitia
1536 507 1824 608 judicium,
1875 533 2120 604 tollitque
2145 533 2200 594 Δ
2223 529 2500 608 maledicta
2527 531 2991 608 contumeliasque
3019 530 3307 601 gignuntur
3332 544 3500 608 :_qu:e
3529 539 3717 587 tamen
3748 537 3790 608 si

555 608 1227 690 experiendipotestatem.
1298 678 1346 690 η
1738 677 1802 690 ,Α
1876 684 1887 690 Δ
2017 677 2030 690 _

679 683 728 738 bi
755 695 847 734 eos
873 677 1203 732 inveniemus
1222 680 1311 748 qui
1332 678 1586 745 honores,
1614 677 1982 749 magistratus,
2015 677 2120 733 im-

553 756 726 825 peria,
763 757 1077 825 potestates,
1119 763 1270 816 opes,
1311 749 1566 825 amicitiae
1602 757 2072 825 nonianteponant
2103 767 2119 805 :

556 820 615 880 iit
643 820 856 879 cum'ex
887 821 1049 873 altera
1078 829 1227 886 parte
1255 820 1521 886 proposita
1557 823 1667 872 hac
1690 822 1816 884 sint,
1858 837 1920 875 ex
1954 821 2118 874 altera

554 896 641 950 vis
680 892 948 954 amicitiae,
996 904 1103 942 non
1147 891 1295 945 multi
1346 891 1432 945 illa
1469 891 1687 945 malint?
1718 891 2000 945 imbecillis
2039 899 2123 946 est

553 966 698 1020 enim
721 970 902 1016 natura
933 960 996 1014 ad
1029 961 1471 1016 contemnendum
1504 963 1816 1030 potentiam.
1846 962 1944 1015 Ubi
1974 963 2118 1017 enim

551 1035 715 1090 istum
756 1031 991 1086 invenies
1039 1031 1124 1096 qui
1176 1032 1430 1086 honorem
1470 1033 1622 1086 amici
1675 1042 1960 1093 anteponat
1988 1036 2122 1086 suo?

551 1099 1199 1176 Itaqueverze__amicitiae
1229 1101 1553 1176 difficillime
1592 1104 1926 1176 reperiuntur
1954 1101 2005 1156 in
2039 1102 2121 1176 his

549 1172 719 1246 qui-in
751 1172 1038 1227 honoribus
1077 1173 1381 1246 reipublicae
1408 1182 1721 1246 versantur.
1754 1172 2035 1246 Qtiiontni
2066 1174 2117 1227 in

549 1243 611 1302 re
635 1258 874 1314 gravem,
900 1252 1261 1309 constantem,
1285 1243 1526 1314 stabilem
1555 1243 1695 1314 sein
1728 1243 1955 1296 amicitia
1985 1258 2120 1310 prae-

548 1311 765 1381 stiterit,
817 1316 959 1368 hunc
989 1315 1218 1371 maxime
1245 1328 1310 1368 ex
1338 1328 1460 1367 raro
1488 1311 1760 1367 hominum
1801 1328 1994 1381 genere
2022 1315 2117 1368 de-

547 1386 739 1443 bemus
776 1384 1035 1463 iudicare,
1064 1397 1118 1442 et
1146 1399 1298 1463 pene
1327 1383 1532 1463 divino.
1579 1381 1996 1463 Firmamentum
2021 1397 2116 1463 ati-

549 1466 661 1512 tem
705 1452 1010 1512 stabilitatis
1037 1452 1459 1522 constantiaeque
1485 1452 1602 1522 ejus
1628 1467 1786 1521 quam
1810 1453 1862 1505 in
1887 1455 2116 1507 amicitia

549 1527 864 1598 quaerimus,
887 1525 1017 1580 ﬁdes
1038 1537 1121 1583 est
1148 1545 1161 1579 :
1194 1525 1324 1579 nihil
1347 1525 1489 1581 enim
1519 1523 1707 1579 stabile
1729 1524 1868 1592 quod
1898 1523 2117 1578 infidum

548 1608 652 1652 est.
703 1597 1032 1675 Simplicem.
1065 1606 1320 1675 prmterea
1360 1604 1415 1649 et
1447 1608 1785 1675 communem
1813 1601 1868 1674 et
1894 1608 2120 1675 consen-

548 1667 794 1732 tientem,
824 1664 926 1732 qui
957 1664 1118 1723 rebus
1157 1666 1356 1721 eisdem
1391 1672 1687 1731 moveatur,
1719 1664 1839 1732 eligi
1871 1678 1964 1732 par
1989 1673 2067 1719 est
2102 1682 2115 1718 :

589 1753 670 1792 um
717 1737 892 1791 omnia
945 1741 1210 1806 pertinent
1235 1736 1300 1789 ad
1330 1735 1658 1806 fidelitatem.
1687 1733 1869 1804 Neque
1888 1736 2028 1790 enim
2061 1733 2120 1788 fi-

589 1753 670 1792 uze
717 1751 892 1791 omnia
945 1751 1210 1806 pertinent
1235 1751 1300 1789 au
1330 1751 1658 1791 ttoentatem.
1687 1751 1869 1804 neque
1888 1751 2028 1790 entm

548 1751 679 1862 gum
703 1815 880 1878 patest
906 1821 1026 1863 esse
1047 1806 1322 1878 multiplex
1355 1804 1621 1878 ingenium
1649 1813 1703 1859 et
1726 1813 2042 1860 tortuosum.

621 1875 805 1946 Neque
833 1891 960 1932 vero
987 1881 1076 1949 qui
1106 1875 1455 1950 non_ei_sdem
1492 1875 1662 1950 rebus
1708 1884 1967 1939 movetur,
2017 1892 2114 1950 na-
2145 1889 2192 1950 Β

551 1957 686 2004 tum
713 1945 1118 2014 consentit,'ant
1145 1947 1350 2002 stabilis
1373 1954 1461 1999 aut
1484 1945 1622 2002 fidus
1647 1961 1769 2002 esse
1795 1957 1989 2015 potest.
2009 1948 2116 2003 Ad-

551 2019 784 2074 dendum
811 2018 1000 2074 eodem
1024 2027 1126 2084 est,
1159 2027 1218 2072 ut
1243 2031 1310 2072 ne
1347 2017 1659 2071 criminibus
1709 2029 1798 2071 aut
1827 2017 2118 2074 inferendis

547 2089 844 2145 delectetur
893 2090 1116 2154 amicus,
1163 2097 1256 2143 aut
1303 2087 1486 2143 credat
1511 2087 1725 2151 oblatis,
1773 2103 1890 2156 quae
1937 2089 2116 2144 omnia

551 2159 827 2228 pertinent
846 2159 912 2214 ad
943 2175 1060 2214 eam
1090 2173 1246 2229 quam
1278 2157 1476 2229 dudum
1506 2167 1676 2212 tracto
1714 2160 2066 2214 constantiam
2099 2175 2113 2214 :

547 2229 626 2285 ita
655 2230 712 2284 fit
737 2245 919 2284 verum
954 2230 1085 2284 illud
1115 2228 1254 2295 quod
1287 2228 1499 2292 dicitur,
1529 2229 1815 2282 amicitiam
1849 2231 1947 2284 nisi
1976 2229 2118 2285 inter

551 2301 726 2356 bonos
754 2313 874 2354 esse
923 2316 1026 2353 non
1076 2313 1258 2370 posse.
1317 2297 1414 2370 Est
1451 2299 1591 2370 enim
1644 2297 1765 2370 boni
1807 2301 1927 2363 viri,
1959 2315 2115 2368 quem

553 2371 804 2426 eumdem
836 2367 1132 2436 sapientein
1175 2369 1298 2424 licet
1321 2367 1525 2432 dicere,
1565 2367 1679 2422 haec
1710 2368 1814 2421 duo
1847 2367 2032 2424 tenere
2063 2371 2116 2425 in

555 2439 818 2494 amicitia.
843 2439 1075 2494 Primum
1099 2454 1165 2494 ne
1191 2438 1319 2509 quid
1354 2437 1532 2492 fictum
1575 2439 1660 2500 sit,
1714 2453 1847 2493 neve
1898 2441 2117 2494 simula-

556 2521 690 2565 tum.
720 2511 919 2578 Aperte
949 2510 1089 2564 enim
1107 2524 1288 2564 amare
1305 2509 1387 2562 vel
1415 2509 1593 2563 odisse
1636 2510 1804 2580 magis
1829 2512 2113 2579 ingenuum

551 2590 658 2646 est,
689 2595 846 2650 quam
872 2580 1044 2636 fronte
1075 2581 1344 2650 occultare
1390 2579 1742 2634 sententiam;
1765 2579 1966 2634 Deinde
2008 2597 2113 2636 non

545 2648 720 2705 solum
752 2649 928 2705 illatas
950 2652 1018 2704 ab
1049 2651 1226 2720 aliquo
1265 2648 1667 2705 criminationes
1709 2651 1988 2720 repellere,
2021 2653 2113 2706 sed

550 2736 620 2775 ne
651 2721 824 2787 ipsum
855 2721 1068 2789 quidem
1095 2717 1215 2775 esse
1255 2721 1630 2791 suspiciosum,
1673 2717 1886 2791 semper
1916 2721 2113 2790 aliquid

544 2788 946 2847 existimantem
977 2791 1043 2846 ab
1069 2793 1243 2846 amico
1272 2788 1440 2844 fuisse
1459 2789 1733 2845 violatum.
1759 2788 2114 2848 A'cccdatltuc

541 2862 780 2916 suavitas
801 2863 1043 2932 quaedam
1075 2869 1658 2932 sermonum_opurtct,
1687 2871 1843 2930 atque
1881 2876 2109 2929 morum,

542 2933 683 2990 haud
713 2930 922 3000 quoque
952 2932 1220 2987 mediocre
1267 2930 1666 2987 condimentum
1691 2933 1962 2986 amicitiae.
1995 2933 2114 2988 Tri-

543 3003 687 3074 stitia
709 3004 922 3074 quidem
953 3011 1009 3058 et
1037 3004 1089 3057 in
1119 3001 1266 3057 omni
1309 3014 1371 3074 re
1405 3003 1665 3074 severitas
1694 3002 1834 3057 absit
1867 3003 2114 3074 :rhabent

541 3073 631 3127 illa
656 3071 869 3142 quidem
897 3073 1236 3141 gravitatem,
1283 3073 1378 3126 sed
1425 3071 1660 3128 amicitia
1690 3073 1969 3128 remissior
1993 3089 2114 3132 esse

542 3143 726 3208 debet,
753 3153 807 3198 et
829 3144 1067 3210 liberior,
1095 3152 1149 3198 et
1175 3143 1401 3208 dulcior,
1446 3151 1502 3198 et
1547 3143 1614 3196 ad
1644 3159 1858 3200 omnem
1889 3145 2111 3200 comita-

543 3223 651 3268 tem
689 3213 1090 3281 salsitatemque
1112 3213 1420 3282 proclivior.
1453 3211 1570 3268 Non
1599 3215 1739 3268 enim
1768 3215 1963 3270 debent
1986 3232 2108 3272 esse

540 3282 894 3338 amicitiarum
926 3283 1065 3340 sicut
1093 3284 1311 3338 aliarum
1338 3298 1515 3339 rerum
1548 3283 1848 3340 societates.
1880 3286 2110 3342 Veterri-

542 3369 630 3426 ina
660 3369 885 3424 quaeque
907 3365 963 3410 ut
985 3356 1105 3426 vina
1134 3369 1254 3426 qua:
1284 3363 1607 3426 vetustatem
1651 3356 1827 3410 ferunt
1877 3372 1998 3412 esse
2018 3357 2110 3413 de-

540 3423 670 3480 boot
688 3423 1026 3480 suavissima.
1059 3423 1255 3480 Verum
1289 3425 1415 3496 illud
1442 3435 1527 3481 est
1553 3429 1692 3496 quod
1719 3427 1930 3494 dicitur,
1965 3429 2111 3483 mul-

543 3504 630 3549 tos
662 3496 865 3550 modios
909 3497 1037 3552 salis
1089 3496 1246 3551 simul
1295 3495 1533 3551 edendos
1574 3495 1704 3553 esse
1756 3507 1815 3551 ut
1859 3499 2112 3554 amicitia:

541 3579 740 3619 munus
767 3565 1065 3636 expleatur.
1095 3565 1368 3637 Novitates
1409 3577 1589 3622 autem
1612 3636 1618 3637 ί
1638 3569 1684 3622 si
1727 3569 1960 3637 speciem
1981 3568 2113 3625 offe-

542 3644 683 3700 rant,
717 3642 774 3688 ut
803 3644 1054 3704 tanquam
1114 3639 1165 3690 in
1215 3636 1395 3690 herbis
1444 3653 1553 3691 non
1599 3636 1876 3694 fallacibus
1905 3643 2114 3697 fructus

542 3714 822 3774 appareat,
847 3720 954 3778 non
975 3714 1099 3760 sunt
1119 3705 1222 3760 illa:
1248 3706 1462 3778 quidem
1493 3709 1856 3778 repudiandae,
1873 3720 2112 3766 vetustas

543 3785 721 3832 tamen
745 3789 841 3830 suo
865 3777 980 3830 loco
1004 3775 1364 3831 conservanda
1388 3787 1494 3832 est.

617 3845 1016 3920 Maximaenim
1050 3847 1127 3920 vis
1153 3856 1246 3920 est
1263 3847 1688 3916 consuetudinis,
1734 3850 1877 3920 atqui
1915 3851 1967 3904 in
1996 3851 2115 3920 ipso

541 3931 682 3986 equo
710 3916 755 3971 si
777 3917 920 3989 nulla
947 3930 1034 3989 res
1055 3916 1328 3985 impediat,
1361 3932 1518 3972 nemo
1556 3928 1640 3974 est
1667 3921 1754 3988 qui
1789 3916 1892 3974 non
1918 3935 1983 3976 eo
2009 3916 2114 3989 quo

542 3986 821 4058 consuevit
850 3987 1098 4043 libentius
1120 3997 1296 4043 utatur
1325 4003 1482 4058 quam
1509 3986 1708 4044 intacto
1740 3999 1794 4046 et
1821 4006 1986 4045 novo.
2008 3986 2115 4049 Nec

543 4069 677 4113 vero
703 4057 758 4132 in
783 4061 883 4132 hoc
908 4059 1049 4127 quod
1077 4067 1160 4112 est
1208 4061 1426 4132 animal,
1458 4061 1548 4113 scd
1579 4061 1629 4114 in
1675 4060 1759 4116 his
1805 4065 1963 4116 etiam
1993 4080 2113 4132 qua:

541 4136 670 4202 sunt
707 4128 1013 4193 inanimata,
1057 4130 1389 4202 consuetudo
1428 4132 1587 4196 valet,
1645 4147 1763 4186 cum
1821 4133 1951 4188 locis
1981 4128 2113 4202 ipsis

543 4199 877 4272 delectemur
905 4200 1200 4272 montuosis
1227 4206 1280 4272 e_t
1308 4199 1666 4266 silvestribus,
1693 4205 1744 4255 in
1774 4205 1967 4272 quibus
1997 4199 2116 4258 diu-

542 4271 649 4326 tius
670 4269 984 4324 commorati
1008 4284 1210 4324 sumus.
1245 4270 1348 4326 Sed
1383 4273 1674 4326 maximum
1702 4269 1858 4328 estin
1882 4276 2113 4330 amicitia

541 4341 872 4410 superiorem
894 4353 1014 4394 esse
1043 4341 1304 4410 inferiori.
1419 4402 1425 4407 _

616 4409 842 4486 Fructus
869 4411 1016 4466 enim
1047 4409 1245 4486 ingenii
1270 4419 1324 4466 ct
1372 4413 1608 4486 _virtutis,
1659 4415 1940 4484 omnisque
1971 4430 2112 4486 prm-

540 4483 752 4539 stantia:
799 4492 912 4536 tum
945 4482 1223 4554 maximus
1269 4484 1496 4554 capitur,
1544 4499 1662 4537 cum
1717 4487 1769 4538 in
1815 4482 2112 4554 proximum

544 4565 806 4622 quemque
832 4551 1123 4607 confertur.
1150 4552 1216 4608 Ut
1247 4553 1403 4621 igitur
1453 4555 1540 4622 qui
1595 4563 1718 4608 sunt
1763 4551 1827 4610 in'
1868 4558 2113 4612 amicitia:

547 4619 1041 4696 conjunctionisque
1064 4619 1805 4696 necessitudinefsuperiores,
1833 4641 2110 4696 exmqnare

543 4703 606 4764 se
631 4704 751 4743 cum
784 4691 1121 4747 inferioribus
1153 4693 1370 4764 debent,
1428 4695 1506 4749 sic
1550 4691 1830 4751 inferiores
1884 4691 1988 4752 non
2016 4704 2109 4753 do-

543 4761 745 4835 lerese
771 4774 803 4814 a
829 4764 940 4815 suis
965 4765 1149 4835 amicis
1177 4773 1269 4818 aut
1321 4761 1555 4835 ingenio,
1599 4781 1688 4820 aut
1737 4767 1969 4830 fortuna,
2020 4779 2111 4825 aut

544 4830 802 4907 dignitate
851 4834 1108 4907 superari.
1157 4830 1412 4890 Odiosum
1459 4830 1591 4891 sane
1637 4853 1807 4907 genus
1834 4839 2107 4894 hominum

545 4902 719 4980 cilicia
749 4903 1208 4980 exprobrantium,
1241 4921 1359 4976 qua:
1414 4902 1721 4964 meminisse
1749 4909 1970 4963 debetis
2019 4926 2112 4980 po-

540 4972 648 5026 tius
679 4973 738 5098 illi.
776 4986 934 5041 quem
974 4973 1165 5028 collata
1207 4972 1352 5038 sunt,
1399 4992 1504 5032 non
1553 4993 1976 5034 commemorare
2019 4972 2110 5052 qui

540 5053 700 5097 contu
727 5051 786 5097 tt.

539 5043 786 5097 contulit.

617 5113 1073 5190 Disparesmores
1094 5115 1323 5190 disparia
1349 5118 1519 5173 studia
1548 5127 1863 5190 sequuntur,
1886 5135 2111 5188 quorum

541 5181 926 5256 dissimilitudo
960 5181 1493 5256 separat—amicitias;
1529 5181 1640 5245 nec'
1665 5192 1734 5246 ob
1787 5181 1948 5244 aliain
1987 5206 2114 5246 cau-

544 5268 664 5308 sam
692 5253 850 5310 ullam
880 5255 1000 5310 boui
1023 5257 1306 5329 improbis,
1335 5253 1562 5329 imprbbi
1611 5261 1766 5316 bonis
1805 5263 1962 5317 amici
1991 5277 2113 5320 esse

545 5338 654 5378 non
676 5335 929 5402 possunt,
983 5327 1083 5381 nisi
1125 5328 1267 5396 quod
1311 5327 1454 5384 tanta
1501 5341 1582 5385 est
1630 5334 1766 5387 inter
1792 5348 1886 5386 eos
1915 5344 2110 5402 quanta

544 5395 780 5473 maxime
809 5407 981 5473 putest
1009 5395 1382 5473 csseglmorum
1409 5405 1810 5473 studiorumque
1839 5395 2110 5458 distantia.

614 5464 672 5519 In
695 5464 839 5544 omni
890 5484 947 5524 re
992 5469 1434 5544 considerandum
1478 5483 1588 5544 est,
1619 5484 1674 5528 et
1701 5464 1840 5544 quod
1873 5475 2113 5544 postules

544 5534 834 5610 ab‘amico,
867 5546 920 5591 et
944 5541 1083 5608 quod
1113 5541 1314 5610 patiare
1335 5555 1364 5595 a
1393 5551 1442 5596 te
1472 5534 1764 5610 impetrari.

613 5605 754 5661 Nihil
782 5617 866 5661 est
894 5605 1033 5688 enim
1089 5605 1294 5688 turpius
1341 5627 1519 5688 quam_
1542 5605 1660 5688 cum
1691 5630 1755 5670 eo
1787 5615 1982 5672 bellum
2011 5631 2110 5688 ge-

540 5691 663 5732 rere
705 5693 813 5757 (μευ
839 5694 956 5757 cum
995 5679 1324 5738 familiariter
1355 5679 1570 5738 vixeris.
1607 5685 1964 5752 Quamobrem
1999 5679 2109 5757 ῥ’νὶ-

541 5761 688 5826 rnum
745 5749 920 5803 danda
948 5762 1237 5826 estapcra,
1291 5769 1357 5810 ne
1403 5771 1510 5826 qua
1565 5749 1858 5811 amicorum
1887 5749 2109 5816 dissidia

544 5821 703 5898 litint,
727 5828 942 5898 tumque
974 5825 1136 5898 etiam
1173 5821 1463 5882 cavendum
1495 5837 1596 5898 est,
1623 5844 1688 5884 ne
1719 5831 1769 5883 itt
1792 5844 1985 5896 graves
2007 5833 2111 5886 ini-

542 5885 772 5945 micitias
831 5885 1079 5947 amicitiae
1132 5909 1191 5950 se
1236 5885 1663 5968 convertant,'ex
1698 5885 2106 5974 quibusjurgia,

2139 3249 2186 3314 C

2231 602 2535 658 tolerabiles
2566 602 2778 668 fuerint,
2814 601 3041 656 ferenda:
3072 611 3247 662 erunt,
3277 613 3331 655 et
3356 604 3401 656 is
3430 605 3601 657 honos
3628 607 3796 661 veteri

2227 673 2472 727 amicitiae
2501 672 2818 745 tribuendus,
2837 681 3028 745 est,_ut
3056 672 3100 724 is
3119 673 3178 745 in
3211 672 3365 745 culpa
3397 673 3466 727 sit
3496 676 3589 744 qui
3614 675 3794 745 faciat,

2226 758 2334 800 non
2366 745 2411 797 is
2435 743 2525 813 qui
2559 745 2787 812 patiatur
2809 743 3079 808 iniuriam.
3108 742 3340 813 Omnino
3364 742 3604 799 omnium
3637 742 3798 802 vitio;

2224 830 2342 870 rnm
2375 812 2562 868 horum
2607 827 2766 882 atque
2822 812 3280 868 incommodorum
3331 830 3432 868 una
3483 817 3668 871 cautio
3716 826 3802 875 est

2223 896 2381 955 atque
2412 901 2512 940 una
2544 886 2793 956 provisio,
2827 893 2884 937 ut
2933 898 3013 956 n_e
3040 885 3199 956 nimis
3237 884 3344 938 cito
3387 885 3613 956 diligere
3661 887 3796 942 inci-

2225 953 2392 1023 piant,
2425 953 2558 1011 neve
2584 972 2686 1011 non
2715 955 2926 1024 dignos.
2958 953 3109 1023 Digni
3158 963 3338 1009 autem
3385 953 3618 1011 amicitia
3647 969 3797 1024 sunt,

2223 1027 2416 1094 quibus
2460 1027 2511 1081 in
2558 1027 2685 1093 ipsis
2733 1027 2870 1080 inest
2899 1038 3060 1079 causa
3089 1039 3185 1079 cur
3219 1025 3527 1095 diligantur.
3564 1028 3800 1084 Cltarum

2221 1112 2397 1170 genus
2411 1097 2667 1170 equidem
2689 1097 2865 1170 omnia
2908 1094 3177 1170 praeclara
3196 1094 3338 1159 rara,
3373 1111 3471 1150 nec
3496 1098 3797 1170 quidquam

2221 1165 2488 1222 difficilius
2507 1165 3204 1237 quamrreperireqnodisit
3250 1181 3312 1220 ex
3363 1165 3713 1235 otnni'par'te
3744 1171 3796 1224 in

2221 1252 2319 1291 suo
2347 1235 2541 1308 genere
2565 1236 2879 1308 perfectum.
2914 1235 3019 1291 Sed
3069 1236 3307 1306 plerique
3346 1251 3524 1306 neque
3546 1240 3597 1293 in
3631 1242 3796 1295 rebus

2225 1309 2469 1361 humanis
2498 1308 2784 1376 quidquam
2810 1307 3004 1361 bonum
3034 1318 3251 1379 norunt,
3271 1307 3373 1362 nisi
3391 1309 3532 1379 quod
3554 1307 3800 1366 fructuo-

2221 1391 2338 1431 sum
2369 1387 2473 1444 est,
2495 1389 2551 1433 et
2569 1379 2770 1433 amicos
2797 1389 3044 1446 tanquam
3071 1377 3304 1447 pecudes
3332 1377 3426 1434 eos
3444 1381 3800 1448 potissimum

2221 1449 2470 1517 diligunt,
2494 1463 2522 1501 a
2549 1449 2744 1516 quibus
2773 1457 2990 1515 sperant
3019 1461 3078 1502 se
3124 1449 3385 1503 maximos
3431 1447 3638 1505 fructus
3683 1468 3803 1508 esse

2220 1530 2491 1588 capturos.
2523 1519 2702 1588 Itaque
2731 1518 3082 1587 pulcherrima
3112 1517 3198 1572 illa
3232 1528 3285 1573 et
3313 1521 3538 1581 naturali
3568 1524 3801 1579 maxime

2219 1598 2408 1662 carent
2428 1590 2665 1662 amicitia
2695 1605 2787 1656 per
2807 1604 2867 1644 se
2887 1597 2954 1662 e_t_
2991 1597 3206 1662 prapter
3238 1605 3296 1645 se
3339 1592 3664 1662 expetenda,
3698 1610 3798 1650 nec

2220 1658 2322 1726 ipsi
2340 1659 2438 1732 sibi
2461 1661 2710 1732 exemplo
2739 1668 2885 1732 sunt.
2915 1659 3085 1732 Verus
3109 1660 3270 1730 igitur
3288 1658 3496 1717 amicus
3526 1658 3801 1732 nunquam

2223 1730 2512 1802 reperitur.
2550 1731 2644 1784 Est
2664 1731 2806 1784 enim
2838 1731 2882 1784 is
2911 1729 3149 1802 quidam
3174 1739 3421 1798 tanquam
3469 1735 3612 1788 alter
3637 1729 3803 1802 idem,

2223 1801 2312 1870 qui
2345 1809 2483 1874 et_se
2514 1802 2630 1870 ipse
2650 1802 2853 1874 diligat,
2886 1810 2939 1855 et
2960 1801 3468 1874 alterumacquirat,
3495 1804 3653 1874 cujus
3677 1801 3804 1860 ani-l

2230 1887 2373 1924 mum
2408 1871 2489 1942 ita,
2503 1886 2623 1926 cum
2654 1887 2749 1927 suo
2779 1872 3019 1934 misceat,
3052 1881 3110 1925 ut
3129 1871 3324 1927 efficiat
3373 1888 3510 1942 pene
3539 1871 3708 1930 unum
3733 1892 3804 1933 ex

2221 1942 2447 2015 duobus.
2471 1941 2573 1997 Sed
2601 1942 2838 2013 plerique
2864 1956 3139 2011 perverse,
3167 1957 3232 1998 ne
3261 1941 3433 2015 dicam
3481 1944 3804 2015 impruden-

2223 2021 2321 2074 ter,
2347 2013 2501 2066 talem
2533 2015 2757 2095 amicum
2795 2015 3000 2096 volunt,
3025 2015 3207 2096 quales
3260 2013 3361 2096 ipsi
3390 2029 3514 2096 esse
3543 2013 3653 2096 non
3672 2034 3809 2096 pos-

2219 2091 2367 2157 sunt,
2387 2097 2610 2157 qumque
2640 2083 2740 2152 ipsi
2774 2099 2879 2138 non
2915 2084 3154 2157 tribuunt
3182 2083 3391 2157 amicis,
3427 2085 3542 2140 haec
3573 2090 3642 2141 ab
3671 2083 3808 2157 ipsis

2219 2152 2547 2224 desiderant}
2577 2155 2675 2208 Par
2697 2163 2778 2208 est
2800 2163 2980 2208 autem
3009 2155 3235 2221 primum
3277 2155 3448 2224 ipsum
3478 2172 3603 2213 esse
3625 2152 3803 2215 virum

2219 2220 2439 2291 bonum,
2471 2233 2580 2294 tum
2610 2225 2835 2280 alterum
2869 2220 3100 2278 similem
3131 2225 3211 2278 sui
3234 2220 3496 2294 quarere.
3518 2228 3575 2282 En
3602 2230 3803 2284 talibus

2217 2294 2360 2368 enim
2405 2293 2664 2368 stabilitas
2694 2295 2945 2368 amicitia;
2971 2293 3276 2368 confirmari
3319 2307 3513 2368 potest,
3550 2314 3677 2354 cum
3706 2301 3809 2354 ho-

2219 2362 2784 2436 minesgbenevolentia
2817 2364 3086 2434 conjuncti
3132 2362 3361 2432 primum
3413 2362 3806 2436 cupiditatibus

2217 2431 2302 2487 his
2324 2433 2519 2510 quibus
2537 2439 2715 2490 cmteri
2747 2431 3006 2510 serviunt,
3026 2431 3386 2505 imperabunt;
3408 2431 3606 2495 deinde
3633 2446 3808 2510 aequi-

2220 2514 2328 2557 tate
2346 2503 2660 2578 justitiaque
2679 2505 3002 2578 gaudebunt,
3020 2503 3304 2578 omniaque
3336 2510 3472 2564 alter
3500 2526 3599 2578 pro
3632 2503 3809 2568 altero

2217 2575 2495 2648 suscipiet,
2525 2590 2624 2632 nec
2651 2575 2940 2646 quidquam
2998 2575 3232 2648 unquam
3281 2582 3381 2634 nisi
3427 2575 3713 2637 honestum
3747 2597 3808 2640 et

2218 2653 2423 2722 rectum
2451 2647 2587 2700 alter
2610 2648 2681 2700 ab
2711 2648 2882 2722 altero
2912 2647 3218 2722 postulabit,
3267 2666 3441 2722 neque
3477 2653 3657 2707 solum
3704 2669 3806 2709 co-

2216 2713 2498 2788 lentinter
2524 2731 2583 2773 se
2613 2731 2678 2772 ac
2707 2713 2947 2788 diligent,
2981 2720 3074 2773 sed
3105 2713 3266 2775 etiam
3292 2713 3645 2778 verebuntur.
3667 2724 3805 2779 Nam

2215 2786 2508 2864 maximum
2532 2786 2911 2864 ornamentum
2938 2790 3185 2864 amicitia:
3210 2793 3363 2858 tollit,
3388 2795 3478 2864 qui
3511 2809 3576 2848 ex
3603 2810 3670 2850 ea
3701 2799 3809 2850 tol-

2216 2854 2274 2908 lit
2296 2858 2706 2928 verecundiam;
2741 2858 2924 2926 itaque
2956 2860 3289 2928 perniciosus
3332 2854 3485 2918 error
3516 2875 3600 2918 est
3633 2866 3686 2919 in
3715 2868 3806 2923 his

2215 2927 2304 2995 qui
2347 2929 2660 3003 existimant
2697 2927 2988 3003 libidinum
3041 2941 3492 3003 peccatorumque
3551 2939 3804 2992 omnium

2216 3007 2399 3073 patere
2428 2997 2480 3052 in
2505 3000 2740 3073 amicitia
2772 2997 3066 3055 licentiam}
3088 3001 3352 3073 Virtutum
3371 2997 3614 3059 amicitia
3645 3009 3808 3073 adju-

2215 3067 2319 3147 trix
2348 3082 2377 3122 a
2405 3080 2603 3147 natura
2636 3070 2755 3124 data
2788 3081 2892 3136 est,
2924 3085 3028 3147 non
3061 3071 3548 3147 vitiorumrcomes,
3584 3089 3642 3130 ut
3665 3067 3810 3147 quo-

2214 3139 2356 3193 niam
2399 3141 2638 3215 solitaria
2690 3156 2796 3196 non
2816 3211 2827 3215 Α
2851 3145 3018 3211 possit
3063 3144 3232 3197 virtus
3261 3146 3326 3200 ad
3355 3161 3418 3202 ea
3450 3139 3571 3215 qua:
3591 3139 3807 3204 summa

2218 3219 2343 3262 sunt
2373 3212 2676 3290 pervenire,
2708 3211 2994 3275 coniuncta
3026 3222 3081 3268 et
3108 3218 3419 3272 consociata
3469 3211 3598 3272 cum
3630 3220 3806 3276 altera

2217 3291 2534 3349 perveniret.

2283 3350 2790 3426 Clilllujlldicavel'is,
2812 3352 3032 3425 diligere
3048 3365 3279 3426 oportet,
3299 3371 3427 3426 non,
3442 3371 3566 3414 cum
3587 3359 3804 3417 dilexe-

2214 3422 2309 3484 ris,
2333 3422 2590 3489 judicare.

2286 3492 3050 3568 Multidivitiasdespiciunt,
3102 3512 3238 3565 quos
3291 3513 3458 3568 parvo
3513 3510 3809 3558 contentos

2219 3565 2392 3618 tenuis
2425 3565 2596 3644 victus
2618 3565 2907 3644 cultusque
2928 3567 3189 3644 delectat;
3225 3565 3458 3626 honores
3482 3587 3637 3637 vero,
3664 3589 3806 3644 quo-

2216 3650 2332 3711 _rum
2381 3635 2671 3704 cupiditate
2721 3638 2933 3711 quidam
2977 3638 3391 3711 inﬂammantur,
3450 3635 3809 3711 quam‘n'iulti

2215 3704 2681 3782 itacontemnunt,
2714 3704 2770 3760 ut
2803 3707 2934 3766 nihil
2971 3709 3165 3775 minus,
3192 3704 3430 3782 nihilque
3461 3704 3585 3768 esse
3618 3715 3801 3770 levius

2215 3777 2548 3852 existiment.
2581 3778 2816 3847 Itemque
2855 3787 3048 3852 caetera
3094 3798 3212 3850 qua:
3266 3777 3589 3852 quibusdam
3623 3787 3810 3841 admi-

2216 3847 2704 3924 rabiliavidentur,
2733 3850 2983 3924 permulti
3008 3847 3133 3924 sunt
3157 3853 3245 3922 qui
3270 3847 3364 3921 pro
3391 3855 3564 3908 nihilo
3585 3866 3805 3924 putent.

2218 3915 2294 3996 De
2322 3918 2553 3996 amicitia
2578 3915 2765 3972 omnes
2793 3919 2862 3996 ad_
2888 3936 3050 3975 unum
3082 3915 3220 3996 idem
3238 3915 3504 3996 sentiunt,
3537 3915 3600 3980 et.
3626 3929 3679 3980 hi
3705 3928 3806 3996 qui

2215 3987 2554 4064 ad_r_cmpub_.
2587 4003 2645 4042 se
2674 3991 3045 4064 contulerunt,
3095 4004 3150 4048 et
3198 3994 3251 4048 hi
3297 3995 3386 4064 qui
3415 3995 3465 4050 in
3491 3987 3684 4051 rerum
3710 3987 3810 4052 co-

2219 4057 2459 4136 gnitionu
2515 4059 2863 4136 doctrinaque
2890 4057 3247 4136 delectantur,
3281 4057 3334 4119 εἰ
3373 4066 3432 4136 hi
3492 4069 3582 4136 qui
3642 4085 3810 4122 suum

2216 4130 2491 4206 negotium
2534 4133 2954 4206 gerunt__o_tiosi;
3007 4130 3277 4202 postremo
3333 4134 3386 4188 bi
3437 4130 3528 4206 qui
3564 4154 3627 4193 se
3659 4151 3811 4193 totos

2215 4200 2578 4266 voluptatibus
2634 4200 3135 4270 tradiderunt,‘sine
3160 4208 3392 4260 amicitia
3447 4200 3616 4261 vitam
3673 4225 3811 4265 esse

2217 4271 2411 4347 nullam
2443 4272 2694 4347 sentiunt,
2713 4271 2760 4325 si
2792 4273 2949 4347 modo
2972 4277 3144 4344 aliqua
3175 4277 3342 4330 velint
3367 4293 3431 4330 et
3463 4293 3624 4347 parte
3655 4283 3811 4335 libe-

2216 4342 2401 4414 raliter
2422 4343 2624 4414 vivere.
2655 4343 2832 4411 Serpit
2852 4345 2997 4398 enim
3051 4342 3144 4414 per
3175 4349 3410 4402 omnium
3439 4342 3574 4402 ritas
3601 4355 3811 4406 amici-

2217 4411 2310 4474 tia,
2344 4425 2440 4466 ncc
2463 4413 2620 4466 ullam
2641 4416 2812 4468 aetatis
2837 4411 3093 4484 degenda:
3142 4420 3402 4472 rationem
3437 4422 3640 4485 patitur
3673 4438 3816 4477 esse

2218 4493 2489 4562 expertem
2520 4485 2624 4562 sui,
2652 4485 2777 4552 quin
2800 4487 2960 4538 etiam
2987 4488 3031 4540 si
3063 4492 3350 4557 asperitate
3376 4504 3436 4543 ea
3458 4501 3543 4544 est
3569 4495 3812 4562 aliquis,

2221 4563 2275 4629 et
2311 4551 2718 4629 inhumanitate
2768 4564 2996 4629 naturas,
3055 4551 3474 4629 uﬁcongressus
3505 4551 3816 4623 hominum

2140 4610 2194 4673 Ι)
2218 4623 2380 4690 fugiat
2427 4634 2586 4702 atque
2632 4624 2837 4702 oderit,_
2873 4610 2996 4680 tum,
3019 4629 3065 4682 is
3092 4610 3819 4702 pau‘iibifﬁésEéC

2216 4702 2398 4747 noscet
2420 4695 2671 4764 aliquem,
2701 4695 2839 4766 apud
2869 4712 3028 4766 quem
3067 4695 3312 4770 spiritum
3345 4695 3454 4758 sua:
3475 4695 3822 4762 acerbitatis

2210 4776 2501 4820 evomerel.

2284 4835 2480 4889 Natura
2511 4837 2644 4893 nihil
2671 4837 2965 4894 solitarium
2996 4849 3162 4896 amat.

2285 4906 2378 4960 Est
2397 4909 2538 4962 enim
2571 4911 2750 4965 varius
2779 4921 2832 4965 et
2860 4910 3133 4981 multiplex
3163 4927 3292 4968 usus
3337 4914 3615 4980 amicitiae,
3648 4919 3822 4974 ωηι-

2215 4985 2386 5045 taeque
2424 4992 2599 5034 causa:
2623 4983 3016 5057 _suspicionum
3071 4982 3535 5055 offensionumque
3560 4989 3818 5057 dantur,

2212 5062 2344 5124 quas
2363 5119 2373 5124 _
2392 5057 2500 5103 tum
2552 5050 2773 5124 e‘vitare,
2801 5064 2908 5124 tum
2946 5055 3158 5110 elevare
3186 5070 3307 5110 eum
3337 5050 3473 5111 velle
3502 5059 3680 5124 ferre,
3720 5050 3827 5114 sal

2215 5119 2405 5195 pientis
2431 5130 2534 5195 est.
2570 5121 2681 5195 Tua
2704 5123 2800 5195 illa
2829 5123 3152 5195 sublevanda
3203 5137 3285 5180 cst
3337 5127 3585 5195 oﬂ‘ensio,
3632 5119 3709 5184 ut
3761 5144 3827 5187 et

2217 5191 2414 5243 utilitas
2436 5191 2488 5244 in
2517 5193 2748 5248 amicitia
2775 5205 2828 5250 et
2855 5194 2988 5250 fides
3015 5197 3328 5252 retineatur.

2283 5259 2413 5340 Nam
2442 5270 2498 5315 et
2522 5265 2774 5340 moliendi
2807 5265 2961 5320 amici
2993 5281 3136 5340 saepe
3188 5277 3314 5340 sunt
3339 5278 3392 5324 et
3419 5268 3774 5340 obiurgandi
3805 5294 3825 5340 ;

2213 5339 2267 5384 et
2293 5335 2412 5403 haec
2440 5334 2750 5403 accipienda
2779 5345 2904 5390 sunt
2923 5337 3113 5403 amice,
3143 5352 3265 5393 cum
3299 5334 3555 5394 benevole
3579 5334 3781 5398 iiunt.

2285 5401 2389 5479 Sed
2419 5401 2599 5479 nescio
2613 5408 2889 5479 quomodo
2917 5401 3352 5479 verum'estquod
3370 5410 3422 5465 iu
3444 5410 3614 5465 Adria
3636 5431 3833 5473 tinens

2215 5471 2492 5547 familiaris
2512 5471 2650 5530 dixit
2681 5493 2695 5530 :
2721 5476 3045 5547 Obsequium
3097 5471 3322 5546 amic'os,
3373 5483 3568 5536 veritas
3598 5471 3830 5543 odrunt

2214 5545 2368 5614 parit.
2397 5545 2614 5620 Molesta
2639 5545 3120 5620 estenim'veritas,
3137 5551 3399 5620 siquidem
3419 5566 3485 5606 ex
3508 5566 3570 5606 ea
3592 5569 3828 5612 nasca-

2214 5624 2300 5689 tur
2344 5616 2544 5689 odium,
2591 5619 2732 5686 quod
2783 5626 2868 5673 est
2895 5632 3154 5675 venenum
3186 5616 3466 5689 amicitia;
3499 5624 3594 5676 sed
3627 5629 3833 5686 obse-

2211 5688 2395 5766 quium
2414 5688 2591 5767 inulto
2619 5692 2918 5772 molestius,
2943 5763 2952 5772 .
2973 5695 3140 5772 quod,
3195 5695 3428 5772 peccatis
3453 5688 3826 5772 indulgens,

2213 5759 2536 5839 praecipitem
2562 5761 2798 5841 animum
2828 5760 2956 5816 ferri
2981 5759 3139 5828 Sinit;
3157 5759 3388 5843 maxima
3415 5775 3598 5843 autem
3627 5759 3830 5843 Ξυιρ

2211 5829 2262 5882 in
2287 5844 2352 5882 eo
2378 5830 2466 5896 qui
2498 5839 2551 5882 et
2568 5832 2848 5902 veritatem
2871 5843 3208 5902 aspernatur,
3237 5845 3292 5890 et
3337 5841 3391 5891 in
3414 5837 3685 5896 fraudem
3714 5829 3832 5902 ob;

2209 5902 2395 5970 sequio
2419 5901 2728 5970 impellitur.
2757 5901 2916 5959 Omni
2941 5901 3104 5973 igitur
3126 5903 3228 5962 hac
3252 5905 3309 5963 in
3335 5923 3397 5966 re
3423 5909 3700 5969 habenda
3727 5901 3829 5978 es}
