  <div class='ocr_page' id='page_1' title='image "/cluster/home/n/w/nwhite01/storage/ocr_20150623/90/hvd.32044015469489/542.png"; bbox 0 0 4060 6368; ppageno 0'>
   <div class='ocr_carea' id='block_1_1' title="bbox 334 234 474 341">
    <p class='ocr_par' dir='ltr' id='par_1_1' title="bbox 334 234 474 341">
     <span class='ocr_line' id='line_1_1' title="bbox 334 234 474 341; baseline 0.021 -4"><span class='ocrx_word' id='word_1_1' title='bbox 334 234 474 341; x_wconf 65' lang='lat' dir='ltr'><strong>mis</strong></span> 
     </span>
    </p>
   </div>
   <div class='ocr_carea' id='block_1_2' title="bbox 329 470 1407 541">
    <p class='ocr_par' dir='ltr' id='par_1_2' title="bbox 329 470 1407 541">
     <span class='ocr_line' id='line_1_2' title="bbox 329 470 1407 541; baseline -0.005 -15"><span class='ocrx_word' id='word_1_2' title='bbox 329 470 522 526; x_wconf 89' lang='lat' dir='ltr'><strong>deinde</strong></span> <span class='ocrx_word' id='word_1_3' title='bbox 552 470 846 541; x_wconf 88' lang='lat' dir='ltr'><strong>objurgatio</strong></span> <span class='ocrx_word' id='word_1_4' title='bbox 867 471 1187 526; x_wconf 79' lang='lat' dir='ltr'><strong>contumelia</strong></span> <span class='ocrx_word' id='word_1_5' title='bbox 1210 477 1407 523; x_wconf 89' lang='lat' dir='ltr'><strong>careat.</strong></span> 
     </span>
    </p>
   </div>
   <div class='ocr_carea' id='block_1_3' title="bbox 403 537 1878 608">
    <p class='ocr_par' dir='ltr' id='par_1_3' title="bbox 403 537 1878 608">
     <span class='ocr_line' id='line_1_3' title="bbox 403 537 1878 608; baseline -0.003 -12"><span class='ocrx_word' id='word_1_6' title='bbox 403 542 458 596; x_wconf 90' lang='lat' dir='ltr'><strong>ln</strong></span> <span class='ocrx_word' id='word_1_7' title='bbox 483 537 737 608; x_wconf 78' lang='lat' dir='ltr'><strong>obsequio</strong></span> <span class='ocrx_word' id='word_1_8' title='bbox 783 549 963 594; x_wconf 90' lang='lat' dir='ltr'><strong>autem</strong></span> <span class='ocrx_word' id='word_1_9' title='bbox 1005 542 1355 595; x_wconf 76' lang='lat' dir='ltr'><strong>communitas</strong></span> <span class='ocrx_word' id='word_1_10' title='bbox 1392 537 1550 603; x_wconf 83' lang='lat' dir='ltr'><strong>adsit,</strong></span> <span class='ocrx_word' id='word_1_11' title='bbox 1584 537 1878 592; x_wconf 85' lang='lat' dir='ltr'><strong>assentatio</strong></span> 
     </span>
    </p>
   </div>
   <div class='ocr_carea' id='block_1_4' title="bbox 329 609 1879 690">
    <p class='ocr_par' dir='ltr' id='par_1_4' title="bbox 329 609 1879 690">
     <span class='ocr_line' id='line_1_4' title="bbox 329 609 1879 690; baseline -0.005 -23"><span class='ocrx_word' id='word_1_12' title='bbox 329 613 582 690; x_wconf 79' lang='lat' dir='ltr'><strong>vitiorum</strong></span> <span class='ocrx_word' id='word_1_13' title='bbox 609 611 834 690; x_wconf 72' lang='lat' dir='ltr'><strong>adiutrix</strong></span> <span class='ocrx_word' id='word_1_14' title='bbox 861 611 1055 690; x_wconf 76' lang='lat' dir='ltr'><strong>procul</strong></span> <span class='ocrx_word' id='word_1_15' title='bbox 1077 619 1424 690; x_wconf 66' lang='lat' dir='ltr'><strong>amoveatur,</strong></span> <span class='ocrx_word' id='word_1_16' title='bbox 1452 623 1572 690; x_wconf 64' lang='lat' dir='ltr'><strong>quae</strong></span> <span class='ocrx_word' id='word_1_17' title='bbox 1589 623 1692 690; x_wconf 62' lang='lat' dir='ltr'><strong>non</strong></span> <span class='ocrx_word' id='word_1_18' title='bbox 1722 609 1879 689; x_wconf 71' lang='lat' dir='ltr'><strong>modo</strong></span> 
     </span>
    </p>
   </div>
   <div class='ocr_carea' id='block_1_5' title="bbox 259 677 1877 753">
    <p class='ocr_par' dir='ltr' id='par_1_5' title="bbox 259 677 1877 753">
     <span class='ocr_line' id='line_1_5' title="bbox 259 677 1877 753; baseline -0.004 -15"><span class='ocrx_word' id='word_1_19' title='bbox 259 751 261 753; x_wconf 18' lang='grc' dir='ltr'><strong><em>ι</em></strong></span> <span class='ocrx_word' id='word_1_20' title='bbox 331 686 529 747; x_wconf 90' lang='lat' dir='ltr'><strong>amico,</strong></span> <span class='ocrx_word' id='word_1_21' title='bbox 561 683 655 738; x_wconf 89' lang='lat' dir='ltr'><strong>sed</strong></span> <span class='ocrx_word' id='word_1_22' title='bbox 680 677 747 736; x_wconf 90' lang='lat' dir='ltr'><strong>ne</strong></span> <span class='ocrx_word' id='word_1_23' title='bbox 777 677 944 736; x_wconf 84' lang='lat' dir='ltr'><strong>libero</strong></span> <span class='ocrx_word' id='word_1_24' title='bbox 969 681 1182 753; x_wconf 87' lang='lat' dir='ltr'><strong>quidem</strong></span> <span class='ocrx_word' id='word_1_25' title='bbox 1211 682 1368 753; x_wconf 80' lang='lat' dir='ltr'><strong>digna</strong></span> <span class='ocrx_word' id='word_1_26' title='bbox 1397 677 1498 734; x_wconf 84' lang='lat' dir='ltr'><strong>est.</strong></span> <span class='ocrx_word' id='word_1_27' title='bbox 1523 677 1714 753; x_wconf 78' lang='lat' dir='ltr'><strong>_Aliter</strong></span> <span class='ocrx_word' id='word_1_28' title='bbox 1735 677 1877 732; x_wconf 91' lang='lat' dir='ltr'><strong>enim</strong></span> 
     </span>
    </p>
   </div>
   <div class='ocr_carea' id='block_1_6' title="bbox 261 750 1879 825">
    <p class='ocr_par' dir='ltr' id='par_1_6' title="bbox 261 750 1879 825">
     <span class='ocr_line' id='line_1_6' title="bbox 261 750 1879 825; baseline -0.006 -15"><span class='ocrx_word' id='word_1_29' title='bbox 329 770 451 810; x_wconf 91' lang='lat' dir='ltr'><strong>cum</strong></span> <span class='ocrx_word' id='word_1_30' title='bbox 477 764 721 825; x_wconf 69' lang='lat' dir='ltr'><strong>tyranno,</strong></span> <span class='ocrx_word' id='word_1_31' title='bbox 746 753 899 825; x_wconf 89' lang='lat' dir='ltr'><strong>aliter</strong></span> <span class='ocrx_word' id='word_1_32' title='bbox 925 750 1043 808; x_wconf 82' lang='lat' dir='ltr'><strong>cum</strong></span> <span class='ocrx_word' id='word_1_33' title='bbox 1071 753 1250 825; x_wconf 85' lang='lat' dir='ltr'><strong>amico</strong></span> <span class='ocrx_word' id='word_1_34' title='bbox 1268 751 1480 825; x_wconf 78' lang='lat' dir='ltr'><strong>vivitur.</strong></span> <span class='ocrx_word' id='word_1_35' title='bbox 1512 750 1672 818; x_wconf 87' lang='lat' dir='ltr'><strong>Cujus</strong></span> <span class='ocrx_word' id='word_1_36' title='bbox 1701 759 1879 825; x_wconf 82' lang='lat' dir='ltr'><strong>autem</strong></span> 
     </span>
    </p>
   </div>
   <div class='ocr_carea' id='block_1_7' title="bbox 257 820 1881 887">
    <p class='ocr_par' dir='ltr' id='par_1_7' title="bbox 257 820 1881 887">
     <span class='ocr_line' id='line_1_7' title="bbox 257 820 1881 887; baseline -0.005 -7"><span class='ocrx_word' id='word_1_37' title='bbox 257 820 268 858; x_wconf 65' lang='grc' dir='ltr'><em>λ</em></span> <span class='ocrx_word' id='word_1_38' title='bbox 327 841 486 881; x_wconf 81' lang='lat' dir='ltr'><strong>aures</strong></span> <span class='ocrx_word' id='word_1_39' title='bbox 498 820 723 880; x_wconf 57' lang='lat' dir='ltr'><strong>&#39;veritati</strong></span> <span class='ocrx_word' id='word_1_40' title='bbox 750 824 942 878; x_wconf 82' lang='lat' dir='ltr'><strong>clausae</strong></span> <span class='ocrx_word' id='word_1_41' title='bbox 957 832 1105 887; x_wconf 84' lang='lat' dir='ltr'><strong>sunt,</strong></span> <span class='ocrx_word' id='word_1_42' title='bbox 1133 833 1188 876; x_wconf 93' lang='lat' dir='ltr'><strong>ut</strong></span> <span class='ocrx_word' id='word_1_43' title='bbox 1205 823 1273 879; x_wconf 89' lang='lat' dir='ltr'><strong>ab</strong></span> <span class='ocrx_word' id='word_1_44' title='bbox 1295 821 1464 876; x_wconf 89' lang='lat' dir='ltr'><strong>amico</strong></span> <span class='ocrx_word' id='word_1_45' title='bbox 1486 835 1666 874; x_wconf 90' lang='lat' dir='ltr'><strong>verum</strong></span> <span class='ocrx_word' id='word_1_46' title='bbox 1698 820 1881 873; x_wconf 88' lang='lat' dir='ltr'><strong>audire</strong></span> 
     </span>
    </p>
   </div>
   <div class='ocr_carea' id='block_1_8' title="bbox 261 891 1879 964">
    <p class='ocr_par' dir='ltr' id='par_1_8' title="bbox 261 891 1879 964">
     <span class='ocr_line' id='line_1_8' title="bbox 261 891 1879 964; baseline -0.006 -13"><span class='ocrx_word' id='word_1_47' title='bbox 261 921 264 924; x_wconf 56' lang='grc' dir='ltr'><strong><em>η</em></strong></span> <span class='ocrx_word' id='word_1_48' title='bbox 329 905 578 964; x_wconf 83' lang='lat' dir='ltr'><strong>nequeat,</strong></span> <span class='ocrx_word' id='word_1_49' title='bbox 611 893 766 963; x_wconf 87' lang='lat' dir='ltr'><strong>hujus</strong></span> <span class='ocrx_word' id='word_1_50' title='bbox 789 896 933 949; x_wconf 75' lang='lat' dir='ltr'><strong>salus</strong></span> <span class='ocrx_word' id='word_1_51' title='bbox 981 893 1316 960; x_wconf 89' lang='lat' dir='ltr'><strong>desperanda</strong></span> <span class='ocrx_word' id='word_1_52' title='bbox 1341 901 1443 964; x_wconf 77' lang='lat' dir='ltr'><strong>est.</strong></span> <span class='ocrx_word' id='word_1_53' title='bbox 1495 891 1693 964; x_wconf 83' lang='lat' dir='ltr'><strong>scitum</strong></span> <span class='ocrx_word' id='word_1_54' title='bbox 1738 892 1879 964; x_wconf 88' lang='lat' dir='ltr'><strong>enim</strong></span> 
     </span>
    </p>
   </div>
   <div class='ocr_carea' id='block_1_9' title="bbox 325 961 1880 1033">
    <p class='ocr_par' dir='ltr' id='par_1_9' title="bbox 325 961 1880 1033">
     <span class='ocr_line' id='line_1_9' title="bbox 325 961 1880 1033; baseline -0.005 -12"><span class='ocrx_word' id='word_1_55' title='bbox 325 961 564 1022; x_wconf 48' lang='lat' dir='ltr'><strong>est&#39;illud</strong></span> <span class='ocrx_word' id='word_1_56' title='bbox 591 961 928 1033; x_wconf 83' lang='lat' dir='ltr'><strong>proverbium</strong></span> <span class='ocrx_word' id='word_1_57' title='bbox 959 964 1173 1019; x_wconf 83' lang='lat' dir='ltr'><strong>Catonis</strong></span> <span class='ocrx_word' id='word_1_58' title='bbox 1198 981 1214 1018; x_wconf 90' lang='lat'><strong>:</strong></span> <span class='ocrx_word' id='word_1_59' title='bbox 1245 963 1412 1018; x_wconf 91' lang='lat' dir='ltr'><strong>multo</strong></span> <span class='ocrx_word' id='word_1_60' title='bbox 1447 961 1635 1015; x_wconf 82' lang='lat' dir='ltr'><strong>melius</strong></span> <span class='ocrx_word' id='word_1_61' title='bbox 1658 962 1880 1033; x_wconf 83' lang='lat' dir='ltr'><strong>acerbos</strong></span> 
     </span>
    </p>
   </div>
   <div class='ocr_carea' id='block_1_10' title="bbox 327 1031 1882 1104">
    <p class='ocr_par' dir='ltr' id='par_1_10' title="bbox 327 1031 1882 1104">
     <span class='ocr_line' id='line_1_10' title="bbox 327 1031 1882 1104; baseline -0.006 -11"><span class='ocrx_word' id='word_1_62' title='bbox 327 1038 574 1094; x_wconf 84' lang='lat' dir='ltr'><strong>Inimicos</strong></span> <span class='ocrx_word' id='word_1_63' title='bbox 593 1031 669 1090; x_wconf 79' lang='lat' dir='ltr'><strong>de</strong></span> <span class='ocrx_word' id='word_1_64' title='bbox 695 1035 1007 1104; x_wconf 84' lang='lat' dir='ltr'><strong>quibusdam</strong></span> <span class='ocrx_word' id='word_1_65' title='bbox 1036 1034 1251 1099; x_wconf 89' lang='lat' dir='ltr'><strong>mereri,</strong></span> <span class='ocrx_word' id='word_1_66' title='bbox 1274 1049 1433 1104; x_wconf 87' lang='lat' dir='ltr'><strong>quam</strong></span> <span class='ocrx_word' id='word_1_67' title='bbox 1447 1046 1546 1104; x_wconf 88' lang='lat' dir='ltr'><strong>eos</strong></span> <span class='ocrx_word' id='word_1_68' title='bbox 1571 1033 1768 1104; x_wconf 87' lang='lat' dir='ltr'><strong>amicos</strong></span> <span class='ocrx_word' id='word_1_69' title='bbox 1791 1031 1882 1099; x_wconf 88' lang='lat' dir='ltr'><strong>qui</strong></span> 
     </span>
    </p>
   </div>
   <div class='ocr_carea' id='block_1_11' title="bbox 326 1101 1882 1174">
    <p class='ocr_par' dir='ltr' id='par_1_11' title="bbox 326 1101 1882 1174">
     <span class='ocr_line' id='line_1_11' title="bbox 326 1101 1882 1174; baseline -0.005 -12"><span class='ocrx_word' id='word_1_70' title='bbox 326 1109 514 1164; x_wconf 88' lang='lat' dir='ltr'><strong>dulces</strong></span> <span class='ocrx_word' id='word_1_71' title='bbox 538 1101 831 1164; x_wconf 82' lang='lat' dir='ltr'><strong>videantur.</strong></span> <span class='ocrx_word' id='word_1_72' title='bbox 863 1105 984 1162; x_wconf 80' lang='lat' dir='ltr'><strong>Illos</strong></span> <span class='ocrx_word' id='word_1_73' title='bbox 1026 1121 1209 1160; x_wconf 91' lang='lat' dir='ltr'><strong>verum</strong></span> <span class='ocrx_word' id='word_1_74' title='bbox 1238 1101 1381 1174; x_wconf 79' lang='lat' dir='ltr'><strong>saepe</strong></span> <span class='ocrx_word' id='word_1_75' title='bbox 1407 1103 1602 1174; x_wconf 82' lang='lat' dir='ltr'><strong>dicere,</strong></span> <span class='ocrx_word' id='word_1_76' title='bbox 1630 1101 1725 1156; x_wconf 90' lang='lat' dir='ltr'><strong>hos</strong></span> <span class='ocrx_word' id='word_1_77' title='bbox 1749 1117 1882 1155; x_wconf 85' lang='lat' dir='ltr'><strong>nun-</strong></span> 
     </span>
    </p>
   </div>
   <div class='ocr_carea' id='block_1_12' title="bbox 326 1172 1884 1251">
    <p class='ocr_par' dir='ltr' id='par_1_12' title="bbox 326 1172 1884 1251">
     <span class='ocr_line' id='line_1_12' title="bbox 326 1172 1884 1251; baseline -0.006 -17"><span class='ocrx_word' id='word_1_78' title='bbox 326 1195 516 1251; x_wconf 83' lang='lat' dir='ltr'><strong>quam;</strong></span> <span class='ocrx_word' id='word_1_79' title='bbox 547 1188 706 1248; x_wconf 84' lang='lat' dir='ltr'><strong>atque</strong></span> <span class='ocrx_word' id='word_1_80' title='bbox 735 1176 865 1251; x_wconf 77' lang='lat' dir='ltr'><strong>illud</strong></span> <span class='ocrx_word' id='word_1_81' title='bbox 889 1175 1174 1251; x_wconf 83' lang='lat' dir='ltr'><strong>absurdum</strong></span> <span class='ocrx_word' id='word_1_82' title='bbox 1199 1183 1302 1240; x_wconf 89' lang='lat' dir='ltr'><strong>est,</strong></span> <span class='ocrx_word' id='word_1_83' title='bbox 1316 1172 1468 1251; x_wconf 77' lang='lat' dir='ltr'><strong>quod</strong></span> <span class='ocrx_word' id='word_1_84' title='bbox 1499 1175 1634 1251; x_wconf 40' lang='lat' dir='ltr'><strong>.dum</strong></span> <span class='ocrx_word' id='word_1_85' title='bbox 1666 1187 1884 1226; x_wconf 89' lang='lat' dir='ltr'><strong>moven-</strong></span> 
     </span>
    </p>
   </div>
   <div class='ocr_carea' id='block_1_13' title="bbox 327 1242 1881 1316">
    <p class='ocr_par' dir='ltr' id='par_1_13' title="bbox 327 1242 1881 1316">
     <span class='ocr_line' id='line_1_13' title="bbox 327 1242 1881 1316; baseline -0.006 -11"><span class='ocrx_word' id='word_1_86' title='bbox 327 1242 437 1316; x_wconf 63' lang='lat' dir='ltr'><strong>t&#39;ur,</strong></span> <span class='ocrx_word' id='word_1_87' title='bbox 487 1242 634 1304; x_wconf 64' lang='lat' dir='ltr'><strong>eam&#39;</strong></span> <span class='ocrx_word' id='word_1_88' title='bbox 663 1247 956 1301; x_wconf 88' lang='lat' dir='ltr'><strong>molestiam</strong></span> <span class='ocrx_word' id='word_1_89' title='bbox 1006 1246 1237 1314; x_wconf 86' lang='lat' dir='ltr'><strong>capiant,</strong></span> <span class='ocrx_word' id='word_1_90' title='bbox 1282 1242 1379 1314; x_wconf 81' lang='lat' dir='ltr'><strong>qua</strong></span> <span class='ocrx_word' id='word_1_91' title='bbox 1405 1242 1633 1316; x_wconf 75' lang='lat' dir='ltr'><strong>debent</strong></span> <span class='ocrx_word' id='word_1_92' title='bbox 1671 1257 1881 1316; x_wconf 84' lang='lat' dir='ltr'><strong>vacare.</strong></span> 
     </span>
    </p>
   </div>
   <div class='ocr_carea' id='block_1_14' title="bbox 327 1313 1886 1386">
    <p class='ocr_par' dir='ltr' id='par_1_14' title="bbox 327 1313 1886 1386">
     <span class='ocr_line' id='line_1_14' title="bbox 327 1313 1886 1386; baseline -0.006 -10"><span class='ocrx_word' id='word_1_93' title='bbox 327 1313 588 1376; x_wconf 85' lang='lat' dir='ltr'><strong>Peccasse</strong></span> <span class='ocrx_word' id='word_1_94' title='bbox 612 1318 756 1375; x_wconf 91' lang='lat' dir='ltr'><strong>enim</strong></span> <span class='ocrx_word' id='word_1_95' title='bbox 789 1333 848 1372; x_wconf 92' lang='lat' dir='ltr'><strong>se</strong></span> <span class='ocrx_word' id='word_1_96' title='bbox 899 1333 1005 1370; x_wconf 91' lang='lat' dir='ltr'><strong>non</strong></span> <span class='ocrx_word' id='word_1_97' title='bbox 1041 1313 1325 1386; x_wconf 78' lang='lat' dir='ltr'><strong>anguntur,</strong></span> <span class='ocrx_word' id='word_1_98' title='bbox 1369 1313 1635 1386; x_wconf 77' lang='lat' dir='ltr'><strong>obiurgari</strong></span> <span class='ocrx_word' id='word_1_99' title='bbox 1661 1314 1886 1367; x_wconf 82' lang='lat' dir='ltr'><strong>moleste</strong></span> 
     </span>
    </p>
   </div>
   <div class='ocr_carea' id='block_1_15' title="bbox 328 1385 1886 1458">
    <p class='ocr_par' dir='ltr' id='par_1_15' title="bbox 328 1385 1886 1458">
     <span class='ocr_line' id='line_1_15' title="bbox 328 1385 1886 1458; baseline -0.007 -11"><span class='ocrx_word' id='word_1_100' title='bbox 328 1390 533 1455; x_wconf 75' lang='lat' dir='ltr'><strong>ferunt,</strong></span> <span class='ocrx_word' id='word_1_101' title='bbox 565 1390 704 1458; x_wconf 91' lang='lat' dir='ltr'><strong>quod</strong></span> <span class='ocrx_word' id='word_1_102' title='bbox 734 1385 1247 1456; x_wconf 73' lang='lat' dir='ltr'><strong>contrapporteret;</strong></span> <span class='ocrx_word' id='word_1_103' title='bbox 1288 1396 1346 1440; x_wconf 93' lang='lat' dir='ltr'><strong>ut</strong></span> <span class='ocrx_word' id='word_1_104' title='bbox 1378 1385 1544 1458; x_wconf 84' lang='lat' dir='ltr'><strong>igitur</strong></span> <span class='ocrx_word' id='word_1_105' title='bbox 1573 1392 1626 1437; x_wconf 91' lang='lat' dir='ltr'><strong>et</strong></span> <span class='ocrx_word' id='word_1_106' title='bbox 1666 1397 1886 1458; x_wconf 77' lang='lat' dir='ltr'><strong>monere</strong></span> 
     </span>
    </p>
   </div>
   <div class='ocr_carea' id='block_1_16' title="bbox 327 1455 1884 1528">
    <p class='ocr_par' dir='ltr' id='par_1_16' title="bbox 327 1455 1884 1528">
     <span class='ocr_line' id='line_1_16' title="bbox 327 1455 1884 1528; baseline -0.006 -12"><span class='ocrx_word' id='word_1_107' title='bbox 327 1473 384 1516; x_wconf 88' lang='lat' dir='ltr'><strong>et</strong></span> <span class='ocrx_word' id='word_1_108' title='bbox 413 1455 614 1516; x_wconf 78' lang='lat' dir='ltr'><strong>moneri</strong></span> <span class='ocrx_word' id='word_1_109' title='bbox 654 1455 937 1528; x_wconf 87' lang='lat' dir='ltr'><strong>proprium</strong></span> <span class='ocrx_word' id='word_1_110' title='bbox 972 1468 1053 1514; x_wconf 92' lang='lat' dir='ltr'><strong>est</strong></span> <span class='ocrx_word' id='word_1_111' title='bbox 1094 1471 1236 1511; x_wconf 70' lang='lat' dir='ltr'><strong>verte</strong></span> <span class='ocrx_word' id='word_1_112' title='bbox 1286 1455 1556 1517; x_wconf 85' lang='lat' dir='ltr'><strong>amicitiae,</strong></span> <span class='ocrx_word' id='word_1_113' title='bbox 1588 1463 1644 1509; x_wconf 88' lang='lat' dir='ltr'><strong>et</strong></span> <span class='ocrx_word' id='word_1_114' title='bbox 1671 1455 1884 1528; x_wconf 85' lang='lat' dir='ltr'><strong>quidem</strong></span> 
     </span>
    </p>
   </div>
   <div class='ocr_carea' id='block_1_17' title="bbox 327 1526 1888 1594">
    <p class='ocr_par' dir='ltr' id='par_1_17' title="bbox 327 1526 1888 1594">
     <span class='ocr_line' id='line_1_17' title="bbox 327 1526 1888 1594; baseline -0.006 -8"><span class='ocrx_word' id='word_1_115' title='bbox 327 1531 554 1586; x_wconf 86' lang='lat' dir='ltr'><strong>alterum</strong></span> <span class='ocrx_word' id='word_1_116' title='bbox 585 1526 976 1591; x_wconf 37' lang='lat' dir='ltr'><strong>libere—facere.</strong></span> <span class='ocrx_word' id='word_1_117' title='bbox 1010 1543 1112 1582; x_wconf 93' lang='lat' dir='ltr'><strong>non</strong></span> <span class='ocrx_word' id='word_1_118' title='bbox 1137 1539 1345 1594; x_wconf 87' lang='lat' dir='ltr'><strong>aspere,</strong></span> <span class='ocrx_word' id='word_1_119' title='bbox 1370 1528 1598 1578; x_wconf 90' lang='lat' dir='ltr'><strong>alterum</strong></span> <span class='ocrx_word' id='word_1_120' title='bbox 1626 1526 1888 1592; x_wconf 91' lang='lat' dir='ltr'><strong>patienter</strong></span> 
     </span>
    </p>
   </div>
   <div class='ocr_carea' id='block_1_18' title="bbox 326 1594 1886 1671">
    <p class='ocr_par' dir='ltr' id='par_1_18' title="bbox 326 1594 1886 1671">
     <span class='ocr_line' id='line_1_18' title="bbox 326 1594 1886 1671; baseline -0.004 -16"><span class='ocrx_word' id='word_1_121' title='bbox 326 1603 595 1671; x_wconf 85' lang='lat' dir='ltr'><strong>accipere,</strong></span> <span class='ocrx_word' id='word_1_122' title='bbox 618 1617 721 1655; x_wconf 92' lang='lat' dir='ltr'><strong>non</strong></span> <span class='ocrx_word' id='word_1_123' title='bbox 744 1609 1127 1671; x_wconf 76' lang='lat' dir='ltr'><strong>repugnanter,</strong></span> <span class='ocrx_word' id='word_1_124' title='bbox 1147 1597 1225 1650; x_wconf 88' lang='lat' dir='ltr'><strong>sic</strong></span> <span class='ocrx_word' id='word_1_125' title='bbox 1247 1594 1658 1671; x_wconf 68' lang='lat' dir='ltr'><strong>habendumest</strong></span> <span class='ocrx_word' id='word_1_126' title='bbox 1687 1595 1886 1671; x_wconf 83' lang='lat' dir='ltr'><strong>nullam</strong></span> 
     </span>
    </p>
   </div>
   <div class='ocr_carea' id='block_1_19' title="bbox 331 1663 1882 1738">
    <p class='ocr_par' dir='ltr' id='par_1_19' title="bbox 331 1663 1882 1738">
     <span class='ocr_line' id='line_1_19' title="bbox 331 1663 1882 1738; baseline -0.005 -12"><span class='ocrx_word' id='word_1_127' title='bbox 331 1672 386 1726; x_wconf 92' lang='lat' dir='ltr'><strong>in</strong></span> <span class='ocrx_word' id='word_1_128' title='bbox 403 1663 646 1726; x_wconf 82' lang='lat' dir='ltr'><strong>amicitiis</strong></span> <span class='ocrx_word' id='word_1_129' title='bbox 670 1663 868 1738; x_wconf 77' lang='lat' dir='ltr'><strong>pestem</strong></span> <span class='ocrx_word' id='word_1_130' title='bbox 879 1663 1008 1725; x_wconf 68' lang='lat' dir='ltr'><strong>esse</strong></span> <span class='ocrx_word' id='word_1_131' title='bbox 1027 1669 1304 1736; x_wconf 87' lang='lat' dir='ltr'><strong>majorem,</strong></span> <span class='ocrx_word' id='word_1_132' title='bbox 1329 1680 1484 1736; x_wconf 92' lang='lat' dir='ltr'><strong>quam</strong></span> <span class='ocrx_word' id='word_1_133' title='bbox 1505 1663 1882 1728; x_wconf 89' lang='lat' dir='ltr'><strong>adulationem,</strong></span> 
     </span>
    </p>
   </div>
   <div class='ocr_carea' id='block_1_20' title="bbox 325 1740 1188 1804">
    <p class='ocr_par' dir='ltr' id='par_1_20' title="bbox 325 1740 1188 1804">
     <span class='ocr_line' id='line_1_20' title="bbox 325 1740 1188 1804; baseline -0.006 -7"><span class='ocrx_word' id='word_1_134' title='bbox 325 1740 636 1797; x_wconf 81' lang='lat' dir='ltr'><strong>blanditiam</strong></span> <span class='ocrx_word' id='word_1_135' title='bbox 663 1751 720 1796; x_wconf 89' lang='lat' dir='ltr'><strong>et</strong></span> <span class='ocrx_word' id='word_1_136' title='bbox 747 1741 1188 1804; x_wconf 78' lang='lat' dir='ltr'><strong>assentationem.</strong></span> 
     </span>
    </p>
   </div>
   <div class='ocr_carea' id='block_1_21' title="bbox 403 1805 1889 1867">
    <p class='ocr_par' dir='ltr' id='par_1_21' title="bbox 403 1805 1889 1867">
     <span class='ocr_line' id='line_1_21' title="bbox 403 1805 1889 1867; baseline -0.004 0"><span class='ocrx_word' id='word_1_137' title='bbox 403 1813 534 1867; x_wconf 92' lang='lat' dir='ltr'><strong>Cum</strong></span> <span class='ocrx_word' id='word_1_138' title='bbox 577 1819 752 1867; x_wconf 85' lang='lat' dir='ltr'><strong>autem</strong></span> <span class='ocrx_word' id='word_1_139' title='bbox 806 1813 1041 1866; x_wconf 79' lang='lat' dir='ltr'><strong>omnium</strong></span> <span class='ocrx_word' id='word_1_140' title='bbox 1075 1823 1252 1864; x_wconf 89' lang='lat' dir='ltr'><strong>rerum</strong></span> <span class='ocrx_word' id='word_1_141' title='bbox 1284 1807 1553 1862; x_wconf 88' lang='lat' dir='ltr'><strong>simulatio</strong></span> <span class='ocrx_word' id='word_1_142' title='bbox 1579 1805 1768 1860; x_wconf 88' lang='lat' dir='ltr'><strong>vitiosa</strong></span> <span class='ocrx_word' id='word_1_143' title='bbox 1807 1816 1889 1862; x_wconf 89' lang='lat' dir='ltr'><strong>est</strong></span> 
     </span>
    </p>
   </div>
   <div class='ocr_carea' id='block_1_22' title="bbox 329 1876 1888 1950">
    <p class='ocr_par' dir='ltr' id='par_1_22' title="bbox 329 1876 1888 1950">
     <span class='ocr_line' id='line_1_22' title="bbox 329 1876 1888 1950; baseline -0.003 -14"><span class='ocrx_word' id='word_1_144' title='bbox 329 1881 497 1946; x_wconf 80' lang='lat' dir='ltr'><strong>(tollit</strong></span> <span class='ocrx_word' id='word_1_145' title='bbox 537 1882 678 1938; x_wconf 91' lang='lat' dir='ltr'><strong>enim</strong></span> <span class='ocrx_word' id='word_1_146' title='bbox 729 1882 981 1950; x_wconf 86' lang='lat' dir='ltr'><strong>judicium</strong></span> <span class='ocrx_word' id='word_1_147' title='bbox 1039 1879 1175 1945; x_wconf 81' lang='lat' dir='ltr'><strong>veri,</strong></span> <span class='ocrx_word' id='word_1_148' title='bbox 1209 1878 1384 1950; x_wconf 82' lang='lat' dir='ltr'><strong>idque</strong></span> <span class='ocrx_word' id='word_1_149' title='bbox 1428 1876 1736 1950; x_wconf 82' lang='lat' dir='ltr'><strong>adulterat),</strong></span> <span class='ocrx_word' id='word_1_150' title='bbox 1779 1889 1888 1932; x_wconf 91' lang='lat' dir='ltr'><strong>tum</strong></span> 
     </span>
    </p>
   </div>
   <div class='ocr_carea' id='block_1_23' title="bbox 329 1948 1884 2022">
    <p class='ocr_par' dir='ltr' id='par_1_23' title="bbox 329 1948 1884 2022">
     <span class='ocr_line' id='line_1_23' title="bbox 329 1948 1884 2022; baseline -0.003 -16"><span class='ocrx_word' id='word_1_151' title='bbox 329 1953 576 2008; x_wconf 70' lang='lat' dir='ltr'><strong>amicitia:</strong></span> <span class='ocrx_word' id='word_1_152' title='bbox 606 1948 864 2022; x_wconf 79' lang='lat' dir='ltr'><strong>repugnat</strong></span> <span class='ocrx_word' id='word_1_153' title='bbox 906 1951 1153 2005; x_wconf 78' lang='lat' dir='ltr'><strong>maxime.</strong></span> <span class='ocrx_word' id='word_1_154' title='bbox 1204 1949 1354 2002; x_wconf 89' lang='lat' dir='ltr'><strong>Delet</strong></span> <span class='ocrx_word' id='word_1_155' title='bbox 1395 1948 1535 2003; x_wconf 90' lang='lat' dir='ltr'><strong>enim</strong></span> <span class='ocrx_word' id='word_1_156' title='bbox 1581 1949 1884 2022; x_wconf 78' lang='lat' dir='ltr'><strong>veritatem,</strong></span> 
     </span>
    </p>
   </div>
   <div class='ocr_carea' id='block_1_24' title="bbox 329 2017 1889 2092">
    <p class='ocr_par' dir='ltr' id='par_1_24' title="bbox 329 2017 1889 2092">
     <span class='ocr_line' id='line_1_24' title="bbox 329 2017 1889 2092; baseline -0.004 -14"><span class='ocrx_word' id='word_1_157' title='bbox 329 2023 446 2078; x_wconf 70' lang='lat' dir='ltr'><strong>sine</strong></span> <span class='ocrx_word' id='word_1_158' title='bbox 471 2039 572 2092; x_wconf 89' lang='lat' dir='ltr'><strong>qua</strong></span> <span class='ocrx_word' id='word_1_159' title='bbox 600 2017 791 2077; x_wconf 71' lang='lat' dir='ltr'><strong>noinén</strong></span> <span class='ocrx_word' id='word_1_160' title='bbox 841 2022 1088 2077; x_wconf 76' lang='lat' dir='ltr'><strong>atnicitize</strong></span> <span class='ocrx_word' id='word_1_161' title='bbox 1138 2034 1357 2074; x_wconf 89' lang='lat' dir='ltr'><strong>manere</strong></span> <span class='ocrx_word' id='word_1_162' title='bbox 1387 2033 1491 2073; x_wconf 89' lang='lat' dir='ltr'><strong>non</strong></span> <span class='ocrx_word' id='word_1_163' title='bbox 1523 2025 1716 2092; x_wconf 82' lang='lat' dir='ltr'><strong>potest.</strong></span> <span class='ocrx_word' id='word_1_164' title='bbox 1759 2017 1889 2092; x_wconf 56' lang='lat' dir='ltr'><strong>Nam</strong></span> 
     </span>
    </p>
   </div>
   <div class='ocr_carea' id='block_1_25' title="bbox 328 2087 1893 2157">
    <p class='ocr_par' dir='ltr' id='par_1_25' title="bbox 328 2087 1893 2157">
     <span class='ocr_line' id='line_1_25' title="bbox 328 2087 1893 2157; baseline -0.003 -10"><span class='ocrx_word' id='word_1_165' title='bbox 328 2108 450 2150; x_wconf 90' lang='lat' dir='ltr'><strong>cum</strong></span> <span class='ocrx_word' id='word_1_166' title='bbox 479 2087 728 2148; x_wconf 74' lang='lat' dir='ltr'><strong>amicitia:</strong></span> <span class='ocrx_word' id='word_1_167' title='bbox 757 2094 838 2147; x_wconf 89' lang='lat' dir='ltr'><strong>vis</strong></span> <span class='ocrx_word' id='word_1_168' title='bbox 859 2093 930 2146; x_wconf 91' lang='lat' dir='ltr'><strong>sit</strong></span> <span class='ocrx_word' id='word_1_169' title='bbox 959 2094 1012 2147; x_wconf 91' lang='lat' dir='ltr'><strong>in</strong></span> <span class='ocrx_word' id='word_1_170' title='bbox 1043 2107 1128 2152; x_wconf 90' lang='lat' dir='ltr'><strong>eo,</strong></span> <span class='ocrx_word' id='word_1_171' title='bbox 1154 2099 1210 2143; x_wconf 92' lang='grc' dir='ltr'><strong>ιιι</strong></span> <span class='ocrx_word' id='word_1_172' title='bbox 1231 2105 1365 2144; x_wconf 91' lang='lat' dir='ltr'><strong>unus</strong></span> <span class='ocrx_word' id='word_1_173' title='bbox 1386 2087 1535 2157; x_wconf 88' lang='lat' dir='ltr'><strong>quasi</strong></span> <span class='ocrx_word' id='word_1_174' title='bbox 1566 2090 1775 2143; x_wconf 88' lang='lat' dir='ltr'><strong>animus</strong></span> <span class='ocrx_word' id='word_1_175' title='bbox 1802 2087 1893 2144; x_wconf 78' lang='lat' dir='ltr'><strong>ﬁat</strong></span> 
     </span>
    </p>
   </div>
   <div class='ocr_carea' id='block_1_26' title="bbox 328 2159 1888 2233">
    <p class='ocr_par' dir='ltr' id='par_1_26' title="bbox 328 2159 1888 2233">
     <span class='ocr_line' id='line_1_26' title="bbox 328 2159 1888 2233; baseline -0.002 -16"><span class='ocrx_word' id='word_1_176' title='bbox 328 2177 392 2218; x_wconf 82' lang='lat' dir='ltr'><strong>ex</strong></span> <span class='ocrx_word' id='word_1_177' title='bbox 424 2163 683 2231; x_wconf 79' lang='lat' dir='ltr'><strong>pluribus,</strong></span> <span class='ocrx_word' id='word_1_178' title='bbox 713 2164 981 2233; x_wconf 74' lang='lat' dir='ltr'><strong>quomodo</strong></span> <span class='ocrx_word' id='word_1_179' title='bbox 1005 2161 1054 2216; x_wconf 91' lang='lat' dir='ltr'><strong>id</strong></span> <span class='ocrx_word' id='word_1_180' title='bbox 1082 2163 1192 2233; x_wconf 85' lang='lat' dir='ltr'><strong>lieri</strong></span> <span class='ocrx_word' id='word_1_181' title='bbox 1222 2161 1434 2228; x_wconf 91' lang='lat' dir='ltr'><strong>poterit,</strong></span> <span class='ocrx_word' id='word_1_182' title='bbox 1460 2160 1504 2214; x_wconf 92' lang='lat' dir='ltr'><strong>si</strong></span> <span class='ocrx_word' id='word_1_183' title='bbox 1534 2159 1722 2233; x_wconf 79' lang='lat' dir='ltr'><strong>nonin</strong></span> <span class='ocrx_word' id='word_1_184' title='bbox 1755 2174 1888 2233; x_wconf 54' lang='lat' dir='ltr'><strong>uno.</strong></span> 
     </span>
    </p>
   </div>
   <div class='ocr_carea' id='block_1_27' title="bbox 330 2229 1888 2302">
    <p class='ocr_par' dir='ltr' id='par_1_27' title="bbox 330 2229 1888 2302">
     <span class='ocr_line' id='line_1_27' title="bbox 330 2229 1888 2302; baseline -0.001 -17"><span class='ocrx_word' id='word_1_185' title='bbox 330 2229 542 2302; x_wconf 85' lang='lat' dir='ltr'><strong>quoque</strong></span> <span class='ocrx_word' id='word_1_186' title='bbox 571 2249 706 2288; x_wconf 91' lang='lat' dir='ltr'><strong>unus</strong></span> <span class='ocrx_word' id='word_1_187' title='bbox 726 2229 934 2290; x_wconf 81' lang='lat' dir='ltr'><strong>animus</strong></span> <span class='ocrx_word' id='word_1_188' title='bbox 965 2235 1086 2297; x_wconf 88' lang='lat' dir='ltr'><strong>erit,</strong></span> <span class='ocrx_word' id='word_1_189' title='bbox 1119 2231 1278 2302; x_wconf 88' lang='lat' dir='ltr'><strong>idque</strong></span> <span class='ocrx_word' id='word_1_190' title='bbox 1300 2244 1535 2302; x_wconf 78' lang='lat' dir='ltr'><strong>semper,</strong></span> <span class='ocrx_word' id='word_1_191' title='bbox 1565 2229 1660 2285; x_wconf 83' lang='lat' dir='ltr'><strong>sed</strong></span> <span class='ocrx_word' id='word_1_192' title='bbox 1685 2231 1888 2296; x_wconf 88' lang='lat' dir='ltr'><strong>varius,</strong></span> 
     </span>
    </p>
   </div>
   <div class='ocr_carea' id='block_1_28' title="bbox 329 2300 1893 2371">
    <p class='ocr_par' dir='ltr' id='par_1_28' title="bbox 329 2300 1893 2371">
     <span class='ocr_line' id='line_1_28' title="bbox 329 2300 1893 2371; baseline -0.003 -13"><span class='ocrx_word' id='word_1_193' title='bbox 329 2300 717 2359; x_wconf 73' lang='lat' dir='ltr'><strong>commutabilis</strong></span> <span class='ocrx_word' id='word_1_194' title='bbox 771 2317 822 2358; x_wconf 89' lang='lat' dir='ltr'><strong>et</strong></span> <span class='ocrx_word' id='word_1_195' title='bbox 869 2301 1182 2371; x_wconf 82' lang='lat' dir='ltr'><strong>multiplex?</strong></span> <span class='ocrx_word' id='word_1_196' title='bbox 1237 2300 1373 2366; x_wconf 82' lang='lat' dir='ltr'><strong>Quid</strong></span> <span class='ocrx_word' id='word_1_197' title='bbox 1397 2300 1539 2354; x_wconf 91' lang='lat' dir='ltr'><strong>enim</strong></span> <span class='ocrx_word' id='word_1_198' title='bbox 1572 2308 1746 2371; x_wconf 84' lang='lat' dir='ltr'><strong>potest</strong></span> <span class='ocrx_word' id='word_1_199' title='bbox 1771 2315 1893 2371; x_wconf 88' lang='lat' dir='ltr'><strong>esse</strong></span> 
     </span>
    </p>
   </div>
   <div class='ocr_carea' id='block_1_29' title="bbox 332 2369 1892 2441">
    <p class='ocr_par' dir='ltr' id='par_1_29' title="bbox 332 2369 1892 2441">
     <span class='ocr_line' id='line_1_29' title="bbox 332 2369 1892 2441; baseline -0.003 -13"><span class='ocrx_word' id='word_1_200' title='bbox 332 2380 440 2428; x_wconf 86' lang='lat' dir='ltr'><strong>tam</strong></span> <span class='ocrx_word' id='word_1_201' title='bbox 465 2373 716 2439; x_wconf 82' lang='lat' dir='ltr'><strong>ﬂexibile,</strong></span> <span class='ocrx_word' id='word_1_202' title='bbox 747 2386 961 2441; x_wconf 89' lang='lat' dir='ltr'><strong>tamque</strong></span> <span class='ocrx_word' id='word_1_203' title='bbox 983 2369 1216 2438; x_wconf 86' lang='lat' dir='ltr'><strong>devium,</strong></span> <span class='ocrx_word' id='word_1_204' title='bbox 1248 2385 1405 2439; x_wconf 91' lang='lat' dir='ltr'><strong>quam</strong></span> <span class='ocrx_word' id='word_1_205' title='bbox 1428 2371 1640 2424; x_wconf 85' lang='lat' dir='ltr'><strong>animus</strong></span> <span class='ocrx_word' id='word_1_206' title='bbox 1662 2369 1778 2434; x_wconf 89' lang='lat' dir='ltr'><strong>ejus</strong></span> <span class='ocrx_word' id='word_1_207' title='bbox 1799 2369 1892 2441; x_wconf 82' lang='lat' dir='ltr'><strong>qui</strong></span> 
     </span>
    </p>
   </div>
   <div class='ocr_carea' id='block_1_30' title="bbox 330 2439 1892 2508">
    <p class='ocr_par' dir='ltr' id='par_1_30' title="bbox 330 2439 1892 2508">
     <span class='ocr_line' id='line_1_30' title="bbox 330 2439 1892 2508; baseline -0.002 -11"><span class='ocrx_word' id='word_1_208' title='bbox 330 2443 398 2497; x_wconf 88' lang='lat' dir='ltr'><strong>ad</strong></span> <span class='ocrx_word' id='word_1_209' title='bbox 420 2445 635 2500; x_wconf 87' lang='lat' dir='ltr'><strong>alterius</strong></span> <span class='ocrx_word' id='word_1_210' title='bbox 662 2459 768 2498; x_wconf 91' lang='lat' dir='ltr'><strong>non</strong></span> <span class='ocrx_word' id='word_1_211' title='bbox 796 2439 956 2498; x_wconf 83' lang='lat' dir='ltr'><strong>modo</strong></span> <span class='ocrx_word' id='word_1_212' title='bbox 985 2458 1199 2498; x_wconf 90' lang='lat' dir='ltr'><strong>sensum</strong></span> <span class='ocrx_word' id='word_1_213' title='bbox 1231 2450 1390 2508; x_wconf 90' lang='lat' dir='ltr'><strong>atque</strong></span> <span class='ocrx_word' id='word_1_214' title='bbox 1418 2441 1767 2504; x_wconf 81' lang='lat' dir='ltr'><strong>voluntatem,</strong></span> <span class='ocrx_word' id='word_1_215' title='bbox 1797 2439 1892 2494; x_wconf 90' lang='lat' dir='ltr'><strong>sed</strong></span> 
     </span>
    </p>
   </div>
   <div class='ocr_carea' id='block_1_31' title="bbox 333 2508 1886 2580">
    <p class='ocr_par' dir='ltr' id='par_1_31' title="bbox 333 2508 1886 2580">
     <span class='ocr_line' id='line_1_31' title="bbox 333 2508 1886 2580; baseline -0.004 -12"><span class='ocrx_word' id='word_1_216' title='bbox 333 2513 498 2568; x_wconf 88' lang='lat' dir='ltr'><strong>etiam</strong></span> <span class='ocrx_word' id='word_1_217' title='bbox 527 2515 728 2568; x_wconf 83' lang='lat' dir='ltr'><strong>vultum</strong></span> <span class='ocrx_word' id='word_1_218' title='bbox 759 2524 918 2580; x_wconf 90' lang='lat' dir='ltr'><strong>atque</strong></span> <span class='ocrx_word' id='word_1_219' title='bbox 947 2525 1128 2567; x_wconf 91' lang='lat' dir='ltr'><strong>nutum</strong></span> <span class='ocrx_word' id='word_1_220' title='bbox 1159 2511 1506 2580; x_wconf 84' lang='lat' dir='ltr'><strong>convertitur.</strong></span> <span class='ocrx_word' id='word_1_221' title='bbox 1557 2508 1724 2578; x_wconf 88' lang='lat' dir='ltr'><strong>Negat</strong></span> <span class='ocrx_word' id='word_1_222' title='bbox 1745 2510 1886 2580; x_wconf 86' lang='lat' dir='ltr'><strong>quis,</strong></span> 
     </span>
    </p>
   </div>
   <div class='ocr_carea' id='block_1_32' title="bbox 334 2578 1889 2652">
    <p class='ocr_par' dir='ltr' id='par_1_32' title="bbox 334 2578 1889 2652">
     <span class='ocr_line' id='line_1_32' title="bbox 334 2578 1889 2652; baseline -0.002 -15"><span class='ocrx_word' id='word_1_223' title='bbox 334 2597 508 2652; x_wconf 84' lang='lat' dir='ltr'><strong>nego;</strong></span> <span class='ocrx_word' id='word_1_224' title='bbox 531 2585 622 2650; x_wconf 92' lang='lat' dir='ltr'><strong>ait,</strong></span> <span class='ocrx_word' id='word_1_225' title='bbox 654 2593 707 2638; x_wconf 91' lang='lat' dir='ltr'><strong>et</strong></span> <span class='ocrx_word' id='word_1_226' title='bbox 757 2578 871 2639; x_wconf 81' lang='lat' dir='ltr'><strong>aio:</strong></span> <span class='ocrx_word' id='word_1_227' title='bbox 904 2593 1171 2652; x_wconf 90' lang='lat' dir='ltr'><strong>postremo</strong></span> <span class='ocrx_word' id='word_1_228' title='bbox 1217 2579 1470 2652; x_wconf 85' lang='lat' dir='ltr'><strong>imperavi</strong></span> <span class='ocrx_word' id='word_1_229' title='bbox 1499 2589 1710 2649; x_wconf 82' lang='lat' dir='ltr'><strong>egomet</strong></span> <span class='ocrx_word' id='word_1_230' title='bbox 1739 2578 1889 2649; x_wconf 87' lang='lat' dir='ltr'><strong>mihi,</strong></span> 
     </span>
    </p>
   </div>
   <div class='ocr_carea' id='block_1_33' title="bbox 330 2651 1326 2720">
    <p class='ocr_par' dir='ltr' id='par_1_33' title="bbox 330 2651 1326 2720">
     <span class='ocr_line' id='line_1_33' title="bbox 330 2651 1326 2720; baseline -0.006 -12"><span class='ocrx_word' id='word_1_231' title='bbox 330 2653 506 2708; x_wconf 88' lang='lat' dir='ltr'><strong>omnia</strong></span> <span class='ocrx_word' id='word_1_232' title='bbox 537 2653 816 2720; x_wconf 85' lang='lat' dir='ltr'><strong>assentari,</strong></span> <span class='ocrx_word' id='word_1_233' title='bbox 848 2651 917 2708; x_wconf 82' lang='lat' dir='ltr'><strong>ut</strong></span> <span class='ocrx_word' id='word_1_234' title='bbox 931 2654 1206 2708; x_wconf 84' lang='lat' dir='ltr'><strong>Terentius</strong></span> <span class='ocrx_word' id='word_1_235' title='bbox 1233 2651 1326 2705; x_wconf 90' lang='lat' dir='ltr'><strong>ait.</strong></span> 
     </span>
    </p>
   </div>
   <div class='ocr_carea' id='block_1_34' title="bbox 405 2719 1890 2786">
    <p class='ocr_par' dir='ltr' id='par_1_34' title="bbox 405 2719 1890 2786">
     <span class='ocr_line' id='line_1_34' title="bbox 405 2719 1890 2786; baseline -0.003 -7"><span class='ocrx_word' id='word_1_236' title='bbox 405 2723 626 2779; x_wconf 88' lang='lat' dir='ltr'><strong>Secerni</strong></span> <span class='ocrx_word' id='word_1_237' title='bbox 648 2732 822 2778; x_wconf 90' lang='lat' dir='ltr'><strong>autem</strong></span> <span class='ocrx_word' id='word_1_238' title='bbox 851 2724 1073 2779; x_wconf 89' lang='lat' dir='ltr'><strong>blandus</strong></span> <span class='ocrx_word' id='word_1_239' title='bbox 1096 2724 1297 2775; x_wconf 89' lang='lat' dir='ltr'><strong>amicus</strong></span> <span class='ocrx_word' id='word_1_240' title='bbox 1314 2735 1343 2772; x_wconf 94' lang='lat' dir='ltr'><strong>a</strong></span> <span class='ocrx_word' id='word_1_241' title='bbox 1361 2732 1510 2786; x_wconf 92' lang='lat' dir='ltr'><strong>vero,</strong></span> <span class='ocrx_word' id='word_1_242' title='bbox 1529 2727 1583 2774; x_wconf 89' lang='lat' dir='ltr'><strong>et</strong></span> <span class='ocrx_word' id='word_1_243' title='bbox 1605 2719 1890 2774; x_wconf 90' lang='lat' dir='ltr'><strong>internosci</strong></span> 
     </span>
    </p>
   </div>
   <div class='ocr_carea' id='block_1_35' title="bbox 333 2789 1894 2863">
    <p class='ocr_par' dir='ltr' id='par_1_35' title="bbox 333 2789 1894 2863">
     <span class='ocr_line' id='line_1_35' title="bbox 333 2789 1894 2863; baseline -0.001 -16"><span class='ocrx_word' id='word_1_244' title='bbox 333 2799 440 2847; x_wconf 92' lang='lat' dir='ltr'><strong>tam</strong></span> <span class='ocrx_word' id='word_1_245' title='bbox 469 2803 644 2862; x_wconf 86' lang='lat' dir='ltr'><strong>potest</strong></span> <span class='ocrx_word' id='word_1_246' title='bbox 663 2794 900 2848; x_wconf 89' lang='lat' dir='ltr'><strong>adhibita</strong></span> <span class='ocrx_word' id='word_1_247' title='bbox 920 2793 1215 2863; x_wconf 74' lang='lat' dir='ltr'><strong>diligentia,</strong></span> <span class='ocrx_word' id='word_1_248' title='bbox 1239 2806 1394 2861; x_wconf 90' lang='lat' dir='ltr'><strong>quam</strong></span> <span class='ocrx_word' id='word_1_249' title='bbox 1423 2789 1599 2844; x_wconf 89' lang='lat' dir='ltr'><strong>omnia</strong></span> <span class='ocrx_word' id='word_1_250' title='bbox 1641 2790 1814 2844; x_wconf 80' lang='lat' dir='ltr'><strong>fucata</strong></span> <span class='ocrx_word' id='word_1_251' title='bbox 1839 2799 1894 2845; x_wconf 91' lang='lat' dir='ltr'><strong>et</strong></span> 
     </span>
    </p>
   </div>
   <div class='ocr_carea' id='block_1_36' title="bbox 330 2863 1245 2934">
    <p class='ocr_par' dir='ltr' id='par_1_36' title="bbox 330 2863 1245 2934">
     <span class='ocr_line' id='line_1_36' title="bbox 330 2863 1245 2934; baseline -0.002 -16"><span class='ocrx_word' id='word_1_252' title='bbox 330 2863 575 2934; x_wconf 78' lang='lat' dir='ltr'><strong>simulata</strong></span> <span class='ocrx_word' id='word_1_253' title='bbox 603 2879 632 2918; x_wconf 92' lang='lat' dir='ltr'><strong>a</strong></span> <span class='ocrx_word' id='word_1_254' title='bbox 655 2865 878 2920; x_wconf 83' lang='lat' dir='ltr'><strong>sinceris</strong></span> <span class='ocrx_word' id='word_1_255' title='bbox 907 2878 1064 2934; x_wconf 92' lang='lat' dir='ltr'><strong>atque</strong></span> <span class='ocrx_word' id='word_1_256' title='bbox 1083 2865 1245 2934; x_wconf 85' lang='lat' dir='ltr'><strong>veris.</strong></span> 
     </span>
    </p>
   </div>
   <div class='ocr_carea' id='block_1_37' title="bbox 401 2930 1890 3003">
    <p class='ocr_par' dir='ltr' id='par_1_37' title="bbox 401 2930 1890 3003">
     <span class='ocr_line' id='line_1_37' title="bbox 401 2930 1890 3003; baseline -0.003 -15"><span class='ocrx_word' id='word_1_257' title='bbox 401 2933 704 2990; x_wconf 82' lang='lat' dir='ltr'><strong>Assentatio</strong></span> <span class='ocrx_word' id='word_1_258' title='bbox 726 2930 1025 3003; x_wconf 85' lang='lat' dir='ltr'><strong>quanquam</strong></span> <span class='ocrx_word' id='word_1_259' title='bbox 1053 2933 1350 3002; x_wconf 89' lang='lat' dir='ltr'><strong>perniciosa</strong></span> <span class='ocrx_word' id='word_1_260' title='bbox 1373 2930 1460 3003; x_wconf 82' lang='lat' dir='ltr'><strong>sit.</strong></span> <span class='ocrx_word' id='word_1_261' title='bbox 1487 2945 1680 2984; x_wconf 91' lang='lat' dir='ltr'><strong>nocere</strong></span> <span class='ocrx_word' id='word_1_262' title='bbox 1705 2939 1890 3003; x_wconf 80' lang='lat' dir='ltr'><strong>tamen</strong></span> 
     </span>
    </p>
   </div>
   <div class='ocr_carea' id='block_1_38' title="bbox 333 3001 1891 3075">
    <p class='ocr_par' dir='ltr' id='par_1_38' title="bbox 333 3001 1891 3075">
     <span class='ocr_line' id='line_1_38' title="bbox 333 3001 1891 3075; baseline -0.004 -17"><span class='ocrx_word' id='word_1_263' title='bbox 333 3003 533 3075; x_wconf 74' lang='lat' dir='ltr'><strong>nemini</strong></span> <span class='ocrx_word' id='word_1_264' title='bbox 564 3001 759 3075; x_wconf 71' lang='lat' dir='ltr'><strong>potest,</strong></span> <span class='ocrx_word' id='word_1_265' title='bbox 790 3001 898 3060; x_wconf 85' lang='lat' dir='ltr'><strong>nisi</strong></span> <span class='ocrx_word' id='word_1_266' title='bbox 934 3005 982 3060; x_wconf 90' lang='lat' dir='ltr'><strong>ei</strong></span> <span class='ocrx_word' id='word_1_267' title='bbox 1020 3001 1107 3075; x_wconf 88' lang='lat' dir='ltr'><strong>qui</strong></span> <span class='ocrx_word' id='word_1_268' title='bbox 1139 3019 1255 3057; x_wconf 89' lang='lat' dir='ltr'><strong>eam</strong></span> <span class='ocrx_word' id='word_1_269' title='bbox 1289 3001 1495 3068; x_wconf 88' lang='lat' dir='ltr'><strong>recipit,</strong></span> <span class='ocrx_word' id='word_1_270' title='bbox 1527 3013 1686 3075; x_wconf 86' lang='lat' dir='ltr'><strong>atque</strong></span> <span class='ocrx_word' id='word_1_271' title='bbox 1719 3001 1768 3053; x_wconf 93' lang='lat' dir='ltr'><strong>in</strong></span> <span class='ocrx_word' id='word_1_272' title='bbox 1803 3003 1891 3075; x_wconf 77' lang='lat' dir='ltr'><strong>illa</strong></span> 
     </span>
    </p>
   </div>
   <div class='ocr_carea' id='block_1_39' title="bbox 330 3071 1968 3164">
    <p class='ocr_par' dir='ltr' id='par_1_39' title="bbox 330 3071 1968 3164">
     <span class='ocr_line' id='line_1_39' title="bbox 330 3071 1968 3164; baseline -0.003 -36"><span class='ocrx_word' id='word_1_273' title='bbox 330 3071 646 3164; x_wconf 70' lang='lat' dir='ltr'><strong>delectatur.</strong></span> <span class='ocrx_word' id='word_1_274' title='bbox 675 3073 879 3164; x_wconf 45' lang='lat' dir='ltr'><strong>\{ijrtute</strong></span> <span class='ocrx_word' id='word_1_275' title='bbox 907 3071 1051 3164; x_wconf 66' lang='lat' dir='ltr'><strong>enini</strong></span> <span class='ocrx_word' id='word_1_276' title='bbox 1081 3074 1194 3164; x_wconf 78' lang='lat' dir='ltr'><strong>ipsa</strong></span> <span class='ocrx_word' id='word_1_277' title='bbox 1217 3087 1325 3164; x_wconf 73' lang='lat' dir='ltr'><strong>nun</strong></span> <span class='ocrx_word' id='word_1_278' title='bbox 1370 3083 1475 3164; x_wconf 46' lang='lat' dir='ltr'><strong>{eiu</strong></span> <span class='ocrx_word' id='word_1_279' title='bbox 1506 3073 1656 3164; x_wconf 66' lang='lat' dir='ltr'><strong>multi</strong></span> <span class='ocrx_word' id='word_1_280' title='bbox 1680 3071 1889 3164; x_wconf 60' lang='lat' dir='ltr'><strong>peuediii</strong></span> <span class='ocrx_word' id='word_1_281' title='bbox 1919 3096 1968 3164; x_wconf 70' lang='grc' dir='ltr'>ο</span> 
     </span>
    </p>
   </div>
   <div class='ocr_carea' id='block_1_40' title="bbox 327 3141 1890 3211">
    <p class='ocr_par' dir='ltr' id='par_1_40' title="bbox 327 3141 1890 3211">
     <span class='ocr_line' id='line_1_40' title="bbox 327 3141 1890 3211; baseline -0.001 -12"><span class='ocrx_word' id='word_1_282' title='bbox 327 3156 449 3199; x_wconf 85' lang='lat' dir='ltr'><strong>esse</strong></span> <span class='ocrx_word' id='word_1_283' title='bbox 476 3159 632 3211; x_wconf 91' lang='lat' dir='ltr'><strong>quam</strong></span> <span class='ocrx_word' id='word_1_284' title='bbox 664 3145 830 3200; x_wconf 91' lang='lat' dir='ltr'><strong>videri</strong></span> <span class='ocrx_word' id='word_1_285' title='bbox 865 3146 1072 3211; x_wconf 89' lang='lat' dir='ltr'><strong>volunt,</strong></span> <span class='ocrx_word' id='word_1_286' title='bbox 1100 3141 1196 3198; x_wconf 88' lang='lat' dir='ltr'><strong>hos</strong></span> <span class='ocrx_word' id='word_1_287' title='bbox 1244 3143 1473 3197; x_wconf 88' lang='lat' dir='ltr'><strong>delectat</strong></span> <span class='ocrx_word' id='word_1_288' title='bbox 1517 3141 1890 3211; x_wconf 81' lang='lat' dir='ltr'><strong>assentationis</strong></span> 
     </span>
    </p>
   </div>
   <div class='ocr_carea' id='block_1_41' title="bbox 330 3209 1887 3280">
    <p class='ocr_par' dir='ltr' id='par_1_41' title="bbox 330 3209 1887 3280">
     <span class='ocr_line' id='line_1_41' title="bbox 330 3209 1887 3280; baseline 0.001 -16"><span class='ocrx_word' id='word_1_289' title='bbox 330 3209 536 3280; x_wconf 82' lang='lat' dir='ltr'><strong>victus;</strong></span> <span class='ocrx_word' id='word_1_290' title='bbox 570 3217 636 3270; x_wconf 87' lang='lat' dir='ltr'><strong>ad</strong></span> <span class='ocrx_word' id='word_1_291' title='bbox 655 3229 838 3270; x_wconf 90' lang='lat' dir='ltr'><strong>eorum</strong></span> <span class='ocrx_word' id='word_1_292' title='bbox 865 3209 1187 3271; x_wconf 77' lang='lat' dir='ltr'><strong>voluntatem</strong></span> <span class='ocrx_word' id='word_1_293' title='bbox 1238 3227 1414 3266; x_wconf 87' lang='lat' dir='ltr'><strong>sermo</strong></span> <span class='ocrx_word' id='word_1_294' title='bbox 1441 3227 1560 3266; x_wconf 91' lang='lat' dir='ltr'><strong>cum</strong></span> <span class='ocrx_word' id='word_1_295' title='bbox 1587 3209 1887 3279; x_wconf 85' lang='lat' dir='ltr'><strong>adhibetur,</strong></span> 
     </span>
    </p>
   </div>
   <div class='ocr_carea' id='block_1_42' title="bbox 328 3282 1890 3340">
    <p class='ocr_par' dir='ltr' id='par_1_42' title="bbox 328 3282 1890 3340">
     <span class='ocr_line' id='line_1_42' title="bbox 328 3282 1890 3340; baseline 0.001 -4"><span class='ocrx_word' id='word_1_296' title='bbox 328 3283 623 3339; x_wconf 90' lang='lat' dir='ltr'><strong>orationem</strong></span> <span class='ocrx_word' id='word_1_297' title='bbox 677 3285 821 3340; x_wconf 89' lang='lat' dir='ltr'><strong>illam</strong></span> <span class='ocrx_word' id='word_1_298' title='bbox 870 3301 1060 3340; x_wconf 90' lang='lat' dir='ltr'><strong>vanam</strong></span> <span class='ocrx_word' id='word_1_299' title='bbox 1111 3284 1474 3338; x_wconf 90' lang='lat' dir='ltr'><strong>testimonium</strong></span> <span class='ocrx_word' id='word_1_300' title='bbox 1531 3297 1651 3336; x_wconf 91' lang='lat' dir='ltr'><strong>esse</strong></span> <span class='ocrx_word' id='word_1_301' title='bbox 1677 3282 1890 3337; x_wconf 89' lang='lat' dir='ltr'><strong>laudum</strong></span> 
     </span>
    </p>
   </div>
   <div class='ocr_carea' id='block_1_43' title="bbox 327 3351 1890 3424">
    <p class='ocr_par' dir='ltr' id='par_1_43' title="bbox 327 3351 1890 3424">
     <span class='ocr_line' id='line_1_43' title="bbox 327 3351 1890 3424; baseline 0 -18"><span class='ocrx_word' id='word_1_302' title='bbox 327 3366 543 3424; x_wconf 81' lang='lat' dir='ltr'><strong>suarum</strong></span> <span class='ocrx_word' id='word_1_303' title='bbox 571 3365 774 3424; x_wconf 90' lang='lat' dir='ltr'><strong>putant.</strong></span> <span class='ocrx_word' id='word_1_304' title='bbox 827 3355 978 3411; x_wconf 91' lang='lat' dir='ltr'><strong>Nulla</strong></span> <span class='ocrx_word' id='word_1_305' title='bbox 1031 3365 1115 3411; x_wconf 89' lang='lat' dir='ltr'><strong>est</strong></span> <span class='ocrx_word' id='word_1_306' title='bbox 1141 3356 1300 3424; x_wconf 80' lang='lat' dir='ltr'><strong>igitur</strong></span> <span class='ocrx_word' id='word_1_307' title='bbox 1343 3354 1458 3406; x_wconf 67' lang='lat' dir='ltr'><strong>haec</strong></span> <span class='ocrx_word' id='word_1_308' title='bbox 1485 3351 1738 3424; x_wconf 88' lang='lat' dir='ltr'><strong>amicitia,</strong></span> <span class='ocrx_word' id='word_1_309' title='bbox 1770 3367 1890 3406; x_wconf 90' lang='lat' dir='ltr'><strong>cum</strong></span> 
     </span>
    </p>
   </div>
   <div class='ocr_carea' id='block_1_44' title="bbox 327 3421 1890 3488">
    <p class='ocr_par' dir='ltr' id='par_1_44' title="bbox 327 3421 1890 3488">
     <span class='ocr_line' id='line_1_44' title="bbox 327 3421 1890 3488; baseline 0.001 -12"><span class='ocrx_word' id='word_1_310' title='bbox 327 3421 464 3476; x_wconf 88' lang='lat' dir='ltr'><strong>alter</strong></span> <span class='ocrx_word' id='word_1_311' title='bbox 491 3421 675 3480; x_wconf 81' lang='lat' dir='ltr'><strong>verum</strong></span> <span class='ocrx_word' id='word_1_312' title='bbox 703 3425 886 3481; x_wconf 88' lang='lat' dir='ltr'><strong>audire</strong></span> <span class='ocrx_word' id='word_1_313' title='bbox 934 3442 1038 3481; x_wconf 91' lang='lat' dir='ltr'><strong>non</strong></span> <span class='ocrx_word' id='word_1_314' title='bbox 1092 3421 1223 3488; x_wconf 84' lang='lat' dir='ltr'><strong>vult,</strong></span> <span class='ocrx_word' id='word_1_315' title='bbox 1271 3425 1404 3477; x_wconf 90' lang='lat' dir='ltr'><strong>alter</strong></span> <span class='ocrx_word' id='word_1_316' title='bbox 1435 3424 1498 3475; x_wconf 89' lang='lat' dir='ltr'><strong>ad</strong></span> <span class='ocrx_word' id='word_1_317' title='bbox 1532 3423 1890 3477; x_wconf 87' lang='lat' dir='ltr'><strong>mentiendum</strong></span> 
     </span>
    </p>
   </div>
   <div class='ocr_carea' id='block_1_45' title="bbox 327 3493 1892 3564">
    <p class='ocr_par' dir='ltr' id='par_1_45' title="bbox 327 3493 1892 3564">
     <span class='ocr_line' id='line_1_45' title="bbox 327 3493 1892 3564; baseline 0.002 -20"><span class='ocrx_word' id='word_1_318' title='bbox 327 3501 553 3564; x_wconf 15' lang='lat' dir='ltr'><strong>paratus,</strong></span> <span class='ocrx_word' id='word_1_319' title='bbox 593 3505 693 3550; x_wconf 91' lang='lat' dir='ltr'><strong>est.</strong></span> <span class='ocrx_word' id='word_1_320' title='bbox 737 3495 846 3551; x_wconf 91' lang='lat' dir='ltr'><strong>Nec</strong></span> <span class='ocrx_word' id='word_1_321' title='bbox 904 3497 1258 3564; x_wconf 89' lang='lat' dir='ltr'><strong>parasitorum</strong></span> <span class='ocrx_word' id='word_1_322' title='bbox 1313 3493 1467 3564; x_wconf 83' lang='lat' dir='ltr'><strong>nobis</strong></span> <span class='ocrx_word' id='word_1_323' title='bbox 1519 3494 1810 3564; x_wconf 78' lang='lat' dir='ltr'><strong>assentatio</strong></span> <span class='ocrx_word' id='word_1_324' title='bbox 1839 3493 1892 3547; x_wconf 90' lang='lat' dir='ltr'><strong>in</strong></span> 
     </span>
    </p>
   </div>
   <div class='ocr_carea' id='block_1_46' title="bbox 327 3561 1892 3631">
    <p class='ocr_par' dir='ltr' id='par_1_46' title="bbox 327 3561 1892 3631">
     <span class='ocr_line' id='line_1_46' title="bbox 327 3561 1892 3631; baseline 0 -15"><span class='ocrx_word' id='word_1_325' title='bbox 327 3563 608 3618; x_wconf 62' lang='lat' dir='ltr'><strong>comoediis</strong></span> <span class='ocrx_word' id='word_1_326' title='bbox 635 3564 805 3619; x_wconf 82' lang='lat' dir='ltr'><strong>faceta</strong></span> <span class='ocrx_word' id='word_1_327' title='bbox 849 3561 1335 3629; x_wconf 82' lang='lat' dir='ltr'><strong>commendaretur,</strong></span> <span class='ocrx_word' id='word_1_328' title='bbox 1371 3563 1470 3631; x_wconf 86' lang='lat' dir='ltr'><strong>nisi</strong></span> <span class='ocrx_word' id='word_1_329' title='bbox 1493 3573 1672 3617; x_wconf 86' lang='lat' dir='ltr'><strong>essent</strong></span> <span class='ocrx_word' id='word_1_330' title='bbox 1696 3561 1892 3616; x_wconf 76' lang='lat' dir='ltr'><strong>milites</strong></span> 
     </span>
    </p>
   </div>
   <div class='ocr_carea' id='block_1_47' title="bbox 325 3631 1892 3706">
    <p class='ocr_par' dir='ltr' id='par_1_47' title="bbox 325 3631 1892 3706">
     <span class='ocr_line' id='line_1_47' title="bbox 325 3631 1892 3706; baseline 0.001 -22"><span class='ocrx_word' id='word_1_331' title='bbox 325 3632 569 3706; x_wconf 75' lang='lat' dir='ltr'><strong>gloriosi.</strong></span> <span class='ocrx_word' id='word_1_332' title='bbox 599 3635 822 3706; x_wconf 89' lang='lat' dir='ltr'><strong>Semper</strong></span> <span class='ocrx_word' id='word_1_333' title='bbox 849 3637 992 3691; x_wconf 90' lang='lat' dir='ltr'><strong>enim</strong></span> <span class='ocrx_word' id='word_1_334' title='bbox 1033 3644 1190 3706; x_wconf 89' lang='lat' dir='ltr'><strong>auget</strong></span> <span class='ocrx_word' id='word_1_335' title='bbox 1245 3643 1544 3706; x_wconf 84' lang='lat' dir='ltr'><strong>assentator</strong></span> <span class='ocrx_word' id='word_1_336' title='bbox 1595 3631 1645 3685; x_wconf 92' lang='lat' dir='ltr'><strong>id</strong></span> <span class='ocrx_word' id='word_1_337' title='bbox 1676 3632 1814 3699; x_wconf 88' lang='lat' dir='ltr'><strong>quod</strong></span> <span class='ocrx_word' id='word_1_338' title='bbox 1847 3632 1892 3686; x_wconf 94' lang='lat' dir='ltr'><strong>is</strong></span> 
     </span>
    </p>
   </div>
   <div class='ocr_carea' id='block_1_48' title="bbox 327 3701 1888 3772">
    <p class='ocr_par' dir='ltr' id='par_1_48' title="bbox 327 3701 1888 3772">
     <span class='ocr_line' id='line_1_48' title="bbox 327 3701 1888 3772; baseline 0.001 -18"><span class='ocrx_word' id='word_1_339' title='bbox 327 3701 395 3772; x_wconf 76' lang='lat' dir='ltr'><strong>ad</strong></span> <span class='ocrx_word' id='word_1_340' title='bbox 458 3704 610 3772; x_wconf 90' lang='lat' dir='ltr'><strong>cujus</strong></span> <span class='ocrx_word' id='word_1_341' title='bbox 660 3701 988 3762; x_wconf 74' lang='lat' dir='ltr'><strong>voluntatem</strong></span> <span class='ocrx_word' id='word_1_342' title='bbox 1046 3701 1239 3760; x_wconf 78' lang='lat' dir='ltr'><strong>dicitur</strong></span> <span class='ocrx_word' id='word_1_343' title='bbox 1276 3705 1392 3758; x_wconf 86' lang='lat' dir='ltr'><strong>vult</strong></span> <span class='ocrx_word' id='word_1_344' title='bbox 1443 3717 1564 3758; x_wconf 84' lang='lat' dir='ltr'><strong>esse</strong></span> <span class='ocrx_word' id='word_1_345' title='bbox 1616 3717 1888 3770; x_wconf 89' lang='lat' dir='ltr'><strong>magnum.</strong></span> 
     </span>
    </p>
   </div>
   <div class='ocr_carea' id='block_1_49' title="bbox 323 3771 1890 3844">
    <p class='ocr_par' dir='ltr' id='par_1_49' title="bbox 323 3771 1890 3844">
     <span class='ocr_line' id='line_1_49' title="bbox 323 3771 1890 3844; baseline 0.002 -20"><span class='ocrx_word' id='word_1_346' title='bbox 323 3771 684 3844; x_wconf 84' lang='lat' dir='ltr'><strong>Quamobrem</strong></span> <span class='ocrx_word' id='word_1_347' title='bbox 708 3791 1005 3844; x_wconf 87' lang='lat' dir='ltr'><strong>quanquam</strong></span> <span class='ocrx_word' id='word_1_348' title='bbox 1043 3777 1141 3830; x_wconf 91' lang='lat' dir='ltr'><strong>ista</strong></span> <span class='ocrx_word' id='word_1_349' title='bbox 1173 3775 1364 3830; x_wconf 90' lang='lat' dir='ltr'><strong>blanda</strong></span> <span class='ocrx_word' id='word_1_350' title='bbox 1391 3773 1595 3826; x_wconf 87' lang='lat' dir='ltr'><strong>vanitas</strong></span> <span class='ocrx_word' id='word_1_351' title='bbox 1625 3772 1764 3844; x_wconf 83' lang='lat' dir='ltr'><strong>apud</strong></span> <span class='ocrx_word' id='word_1_352' title='bbox 1795 3787 1890 3826; x_wconf 92' lang='lat' dir='ltr'><strong>eos</strong></span> 
     </span>
    </p>
   </div>
   <div class='ocr_carea' id='block_1_50' title="bbox 324 3842 1890 3913">
    <p class='ocr_par' dir='ltr' id='par_1_50' title="bbox 324 3842 1890 3913">
     <span class='ocr_line' id='line_1_50' title="bbox 324 3842 1890 3913; baseline -0.001 -17"><span class='ocrx_word' id='word_1_353' title='bbox 324 3843 502 3913; x_wconf 84' lang='lat' dir='ltr'><strong>valeat</strong></span> <span class='ocrx_word' id='word_1_354' title='bbox 531 3845 620 3912; x_wconf 88' lang='lat' dir='ltr'><strong>qui</strong></span> <span class='ocrx_word' id='word_1_355' title='bbox 650 3842 747 3913; x_wconf 83' lang='lat' dir='ltr'><strong>ipsi</strong></span> <span class='ocrx_word' id='word_1_356' title='bbox 776 3842 1006 3901; x_wconf 81' lang='lat' dir='ltr'><strong>illectant</strong></span> <span class='ocrx_word' id='word_1_357' title='bbox 1027 3855 1081 3902; x_wconf 90' lang='lat' dir='ltr'><strong>et</strong></span> <span class='ocrx_word' id='word_1_358' title='bbox 1103 3847 1343 3909; x_wconf 91' lang='lat' dir='ltr'><strong>invitant,</strong></span> <span class='ocrx_word' id='word_1_359' title='bbox 1375 3852 1549 3899; x_wconf 87' lang='lat' dir='ltr'><strong>tamen</strong></span> <span class='ocrx_word' id='word_1_360' title='bbox 1575 3842 1734 3896; x_wconf 88' lang='lat' dir='ltr'><strong>etiam</strong></span> <span class='ocrx_word' id='word_1_361' title='bbox 1766 3857 1890 3912; x_wconf 89' lang='lat' dir='ltr'><strong>gra-</strong></span> 
     </span>
    </p>
   </div>
   <div class='ocr_carea' id='block_1_51' title="bbox 323 3911 1889 3986">
    <p class='ocr_par' dir='ltr' id='par_1_51' title="bbox 323 3911 1889 3986">
     <span class='ocr_line' id='line_1_51' title="bbox 323 3911 1889 3986; baseline 0.002 -22"><span class='ocrx_word' id='word_1_362' title='bbox 323 3911 499 3986; x_wconf 83' lang='lat' dir='ltr'><strong>viores</strong></span> <span class='ocrx_word' id='word_1_363' title='bbox 545 3911 1034 3986; x_wconf 76' lang='lat' dir='ltr'><strong>constantioresque</strong></span> <span class='ocrx_word' id='word_1_364' title='bbox 1062 3915 1383 3986; x_wconf 85' lang='lat' dir='ltr'><strong>admonendi</strong></span> <span class='ocrx_word' id='word_1_365' title='bbox 1428 3921 1586 3986; x_wconf 87' lang='lat' dir='ltr'><strong>sunt,</strong></span> <span class='ocrx_word' id='word_1_366' title='bbox 1620 3921 1678 3967; x_wconf 89' lang='lat' dir='ltr'><strong>ut</strong></span> <span class='ocrx_word' id='word_1_367' title='bbox 1712 3911 1889 3986; x_wconf 59' lang='lat' dir='ltr'><strong>anim-</strong></span> 
     </span>
    </p>
   </div>
   <div class='ocr_carea' id='block_1_52' title="bbox 329 3982 1891 4052">
    <p class='ocr_par' dir='ltr' id='par_1_52' title="bbox 329 3982 1891 4052">
     <span class='ocr_line' id='line_1_52' title="bbox 329 3982 1891 4052; baseline 0.001 -16"><span class='ocrx_word' id='word_1_368' title='bbox 329 3982 609 4038; x_wconf 84' lang='lat' dir='ltr'><strong>advertant</strong></span> <span class='ocrx_word' id='word_1_369' title='bbox 637 4001 704 4040; x_wconf 91' lang='lat' dir='ltr'><strong>ne</strong></span> <span class='ocrx_word' id='word_1_370' title='bbox 731 3985 917 4041; x_wconf 90' lang='lat' dir='ltr'><strong>callida</strong></span> <span class='ocrx_word' id='word_1_371' title='bbox 949 3982 1318 4042; x_wconf 80' lang='lat' dir='ltr'><strong>assentatione</strong></span> <span class='ocrx_word' id='word_1_372' title='bbox 1359 3985 1652 4050; x_wconf 89' lang='lat' dir='ltr'><strong>capiantur.</strong></span> <span class='ocrx_word' id='word_1_373' title='bbox 1694 3985 1891 4052; x_wconf 81' lang='lat' dir='ltr'><strong>Aperte</strong></span> 
     </span>
    </p>
   </div>
   <div class='ocr_carea' id='block_1_53' title="bbox 330 4053 1888 4123">
    <p class='ocr_par' dir='ltr' id='par_1_53' title="bbox 330 4053 1888 4123">
     <span class='ocr_line' id='line_1_53' title="bbox 330 4053 1888 4123; baseline 0.003 -19"><span class='ocrx_word' id='word_1_374' title='bbox 330 4053 472 4105; x_wconf 86' lang='lat' dir='ltr'><strong>enim</strong></span> <span class='ocrx_word' id='word_1_375' title='bbox 502 4054 805 4109; x_wconf 88' lang='lat' dir='ltr'><strong>adulantem</strong></span> <span class='ocrx_word' id='word_1_376' title='bbox 839 4072 996 4112; x_wconf 90' lang='lat' dir='ltr'><strong>nemo</strong></span> <span class='ocrx_word' id='word_1_377' title='bbox 1027 4073 1130 4111; x_wconf 90' lang='lat' dir='ltr'><strong>non</strong></span> <span class='ocrx_word' id='word_1_378' title='bbox 1153 4056 1312 4121; x_wconf 88' lang='lat' dir='ltr'><strong>videt,</strong></span> <span class='ocrx_word' id='word_1_379' title='bbox 1337 4058 1436 4109; x_wconf 89' lang='lat' dir='ltr'><strong>nisi</strong></span> <span class='ocrx_word' id='word_1_380' title='bbox 1467 4055 1552 4123; x_wconf 89' lang='lat' dir='ltr'><strong>qui</strong></span> <span class='ocrx_word' id='word_1_381' title='bbox 1601 4053 1888 4108; x_wconf 85' lang='lat' dir='ltr'><strong>admodum</strong></span> 
     </span>
    </p>
   </div>
   <div class='ocr_carea' id='block_1_54' title="bbox 325 4125 1890 4188">
    <p class='ocr_par' dir='ltr' id='par_1_54' title="bbox 325 4125 1890 4188">
     <span class='ocr_line' id='line_1_54' title="bbox 325 4125 1890 4188; baseline 0.001 -13"><span class='ocrx_word' id='word_1_382' title='bbox 325 4130 408 4175; x_wconf 89' lang='lat' dir='ltr'><strong>est</strong></span> <span class='ocrx_word' id='word_1_383' title='bbox 437 4137 647 4179; x_wconf 78' lang='lat' dir='ltr'><strong>excors.</strong></span> <span class='ocrx_word' id='word_1_384' title='bbox 678 4126 913 4180; x_wconf 88' lang='lat' dir='ltr'><strong>Callidus</strong></span> <span class='ocrx_word' id='word_1_385' title='bbox 955 4127 1043 4182; x_wconf 91' lang='lat' dir='ltr'><strong>ille</strong></span> <span class='ocrx_word' id='word_1_386' title='bbox 1091 4135 1147 4182; x_wconf 90' lang='lat' dir='ltr'><strong>et</strong></span> <span class='ocrx_word' id='word_1_387' title='bbox 1181 4127 1418 4181; x_wconf 89' lang='lat' dir='ltr'><strong>occultus</strong></span> <span class='ocrx_word' id='word_1_388' title='bbox 1448 4125 1706 4188; x_wconf 88' lang='lat' dir='ltr'><strong>adulator,</strong></span> <span class='ocrx_word' id='word_1_389' title='bbox 1740 4139 1805 4175; x_wconf 88' lang='lat' dir='ltr'><strong>ne</strong></span> <span class='ocrx_word' id='word_1_390' title='bbox 1830 4138 1890 4177; x_wconf 90' lang='lat' dir='ltr'><strong>se</strong></span> 
     </span>
    </p>
   </div>
   <div class='ocr_carea' id='block_1_55' title="bbox 322 4191 1890 4260">
    <p class='ocr_par' dir='ltr' id='par_1_55' title="bbox 322 4191 1890 4260">
     <span class='ocr_line' id='line_1_55' title="bbox 322 4191 1890 4260; baseline 0.003 -17"><span class='ocrx_word' id='word_1_391' title='bbox 322 4191 577 4260; x_wconf 90' lang='lat' dir='ltr'><strong>insinuet,</strong></span> <span class='ocrx_word' id='word_1_392' title='bbox 604 4196 840 4250; x_wconf 84' lang='lat' dir='ltr'><strong>studiose</strong></span> <span class='ocrx_word' id='word_1_393' title='bbox 872 4197 1168 4252; x_wconf 87' lang='lat' dir='ltr'><strong>cavendum</strong></span> <span class='ocrx_word' id='word_1_394' title='bbox 1191 4205 1301 4260; x_wconf 90' lang='lat' dir='ltr'><strong>est;</strong></span> <span class='ocrx_word' id='word_1_395' title='bbox 1335 4210 1432 4250; x_wconf 91' lang='lat' dir='ltr'><strong>nec</strong></span> <span class='ocrx_word' id='word_1_396' title='bbox 1479 4195 1620 4248; x_wconf 89' lang='lat' dir='ltr'><strong>enim</strong></span> <span class='ocrx_word' id='word_1_397' title='bbox 1666 4192 1890 4248; x_wconf 79' lang='lat' dir='ltr'><strong>faciliter</strong></span> 
     </span>
    </p>
   </div>
   <div class='ocr_carea' id='block_1_56' title="bbox 320 4264 1886 4335">
    <p class='ocr_par' dir='ltr' id='par_1_56' title="bbox 320 4264 1886 4335">
     <span class='ocr_line' id='line_1_56' title="bbox 320 4264 1886 4335; baseline 0.001 -21"><span class='ocrx_word' id='word_1_398' title='bbox 320 4265 642 4329; x_wconf 79' lang='lat' dir='ltr'><strong>agnoscitur,</strong></span> <span class='ocrx_word' id='word_1_399' title='bbox 663 4268 855 4334; x_wconf 91' lang='lat' dir='ltr'><strong>quippe</strong></span> <span class='ocrx_word' id='word_1_400' title='bbox 871 4268 958 4335; x_wconf 92' lang='lat' dir='ltr'><strong>qui</strong></span> <span class='ocrx_word' id='word_1_401' title='bbox 981 4267 1140 4321; x_wconf 89' lang='lat' dir='ltr'><strong>etiam</strong></span> <span class='ocrx_word' id='word_1_402' title='bbox 1171 4264 1495 4335; x_wconf 87' lang='lat' dir='ltr'><strong>assentando</strong></span> <span class='ocrx_word' id='word_1_403' title='bbox 1524 4277 1667 4332; x_wconf 72' lang='lat' dir='ltr'><strong>saepe</strong></span> <span class='ocrx_word' id='word_1_404' title='bbox 1695 4264 1886 4335; x_wconf 44' lang='lat' dir='ltr'><strong>adverf</strong></span> 
     </span>
    </p>
   </div>
   <div class='ocr_carea' id='block_1_57' title="bbox 319 4333 1884 4404">
    <p class='ocr_par' dir='ltr' id='par_1_57' title="bbox 319 4333 1884 4404">
     <span class='ocr_line' id='line_1_57' title="bbox 319 4333 1884 4404; baseline 0.003 -20"><span class='ocrx_word' id='word_1_405' title='bbox 319 4341 490 4399; x_wconf 88' lang='lat' dir='ltr'><strong>setur,</strong></span> <span class='ocrx_word' id='word_1_406' title='bbox 530 4345 586 4390; x_wconf 91' lang='lat' dir='ltr'><strong>et</strong></span> <span class='ocrx_word' id='word_1_407' title='bbox 631 4333 836 4404; x_wconf 77' lang='lat' dir='ltr'><strong>litigare</strong></span> <span class='ocrx_word' id='word_1_408' title='bbox 889 4333 949 4391; x_wconf 83' lang='lat' dir='ltr'><strong>se</strong></span> <span class='ocrx_word' id='word_1_409' title='bbox 996 4339 1252 4392; x_wconf 87' lang='lat' dir='ltr'><strong>simulans</strong></span> <span class='ocrx_word' id='word_1_410' title='bbox 1301 4333 1590 4399; x_wconf 87' lang='lat' dir='ltr'><strong>blanditur,</strong></span> <span class='ocrx_word' id='word_1_411' title='bbox 1621 4343 1778 4404; x_wconf 86' lang='lat' dir='ltr'><strong>atque</strong></span> <span class='ocrx_word' id='word_1_412' title='bbox 1818 4333 1884 4388; x_wconf 87' lang='lat' dir='ltr'><strong>ad</strong></span> 
     </span>
    </p>
   </div>
   <div class='ocr_carea' id='block_1_58' title="bbox 320 4405 1878 4476">
    <p class='ocr_par' dir='ltr' id='par_1_58' title="bbox 320 4405 1878 4476">
     <span class='ocr_line' id='line_1_58' title="bbox 320 4405 1878 4476; baseline 0.003 -22"><span class='ocrx_word' id='word_1_413' title='bbox 320 4411 620 4476; x_wconf 70' lang='lat' dir='ltr'><strong>extremum</strong></span> <span class='ocrx_word' id='word_1_414' title='bbox 651 4406 740 4460; x_wconf 91' lang='lat' dir='ltr'><strong>det</strong></span> <span class='ocrx_word' id='word_1_415' title='bbox 769 4421 978 4472; x_wconf 90' lang='lat' dir='ltr'><strong>manus,</strong></span> <span class='ocrx_word' id='word_1_416' title='bbox 1007 4408 1251 4476; x_wconf 91' lang='lat' dir='ltr'><strong>vincique</strong></span> <span class='ocrx_word' id='word_1_417' title='bbox 1280 4420 1341 4476; x_wconf 86' lang='lat' dir='ltr'><strong>se</strong></span> <span class='ocrx_word' id='word_1_418' title='bbox 1369 4407 1613 4476; x_wconf 88' lang='lat' dir='ltr'><strong>patiatur,</strong></span> <span class='ocrx_word' id='word_1_419' title='bbox 1638 4412 1695 4458; x_wconf 91' lang='lat' dir='ltr'><strong>ut</strong></span> <span class='ocrx_word' id='word_1_420' title='bbox 1721 4405 1765 4457; x_wconf 89' lang='lat' dir='ltr'><strong>is</strong></span> <span class='ocrx_word' id='word_1_421' title='bbox 1789 4405 1878 4476; x_wconf 92' lang='lat' dir='ltr'><strong>qui</strong></span> 
     </span>
    </p>
   </div>
   <div class='ocr_carea' id='block_1_59' title="bbox 320 4470 1883 4544">
    <p class='ocr_par' dir='ltr' id='par_1_59' title="bbox 320 4470 1883 4544">
     <span class='ocr_line' id='line_1_59' title="bbox 320 4470 1883 4544; baseline 0.004 -21"><span class='ocrx_word' id='word_1_422' title='bbox 320 4470 512 4527; x_wconf 85' lang='lat' dir='ltr'><strong>illusus</strong></span> <span class='ocrx_word' id='word_1_423' title='bbox 539 4474 611 4528; x_wconf 92' lang='lat' dir='ltr'><strong>sit</strong></span> <span class='ocrx_word' id='word_1_424' title='bbox 641 4475 758 4544; x_wconf 87' lang='lat' dir='ltr'><strong>plus</strong></span> <span class='ocrx_word' id='word_1_425' title='bbox 790 4470 984 4532; x_wconf 83' lang='lat' dir='ltr'><strong>vicisse</strong></span> <span class='ocrx_word' id='word_1_426' title='bbox 1007 4470 1264 4533; x_wconf 74' lang='lat' dir='ltr'><strong>videaiur.</strong></span> <span class='ocrx_word' id='word_1_427' title='bbox 1315 4470 1452 4542; x_wconf 78' lang='lat' dir='ltr'><strong>Quid</strong></span> <span class='ocrx_word' id='word_1_428' title='bbox 1481 4486 1657 4529; x_wconf 90' lang='lat' dir='ltr'><strong>autem</strong></span> <span class='ocrx_word' id='word_1_429' title='bbox 1681 4470 1883 4544; x_wconf 83' lang='lat' dir='ltr'><strong>turpius</strong></span> 
     </span>
    </p>
   </div>
   <div class='ocr_carea' id='block_1_60' title="bbox 317 4544 1842 4615">
    <p class='ocr_par' dir='ltr' id='par_1_60' title="bbox 317 4544 1842 4615">
     <span class='ocr_line' id='line_1_60' title="bbox 317 4544 1842 4615; baseline 0.003 -20"><span class='ocrx_word' id='word_1_430' title='bbox 317 4555 478 4615; x_wconf 80' lang='lat' dir='ltr'><strong>quam</strong></span> <span class='ocrx_word' id='word_1_431' title='bbox 509 4544 694 4599; x_wconf 89' lang='lat' dir='ltr'><strong>illudi?</strong></span> <span class='ocrx_word' id='word_1_432' title='bbox 719 4547 857 4614; x_wconf 91' lang='lat' dir='ltr'><strong>quod</strong></span> <span class='ocrx_word' id='word_1_433' title='bbox 888 4561 955 4602; x_wconf 90' lang='lat' dir='ltr'><strong>ne</strong></span> <span class='ocrx_word' id='word_1_434' title='bbox 975 4548 1198 4612; x_wconf 89' lang='lat' dir='ltr'><strong>accidat,</strong></span> <span class='ocrx_word' id='word_1_435' title='bbox 1230 4547 1397 4615; x_wconf 87' lang='lat' dir='ltr'><strong>magis</strong></span> <span class='ocrx_word' id='word_1_436' title='bbox 1421 4545 1713 4599; x_wconf 87' lang='lat' dir='ltr'><strong>cavendum</strong></span> <span class='ocrx_word' id='word_1_437' title='bbox 1742 4553 1842 4600; x_wconf 84' lang='lat' dir='ltr'><strong>est.</strong></span> 
     </span>
    </p>
   </div>
   <div class='ocr_carea' id='block_1_61' title="bbox 403 4611 1884 4684">
    <p class='ocr_par' dir='ltr' id='par_1_61' title="bbox 403 4611 1884 4684">
     <span class='ocr_line' id='line_1_61' title="bbox 403 4611 1884 4684; baseline 0.003 -20"><span class='ocrx_word' id='word_1_438' title='bbox 403 4611 574 4668; x_wconf 83' lang='lat' dir='ltr'><strong>Virtus</strong></span> <span class='ocrx_word' id='word_1_439' title='bbox 621 4626 673 4671; x_wconf 89' lang='lat' dir='ltr'><strong>et</strong></span> <span class='ocrx_word' id='word_1_440' title='bbox 701 4611 948 4671; x_wconf 83' lang='lat' dir='ltr'><strong>conciliat</strong></span> <span class='ocrx_word' id='word_1_441' title='bbox 993 4611 1274 4684; x_wconf 88' lang='lat' dir='ltr'><strong>amicitias,</strong></span> <span class='ocrx_word' id='word_1_442' title='bbox 1319 4611 1373 4670; x_wconf 77' lang='lat' dir='ltr'><strong>et</strong></span> <span class='ocrx_word' id='word_1_443' title='bbox 1406 4625 1704 4670; x_wconf 89' lang='lat' dir='ltr'><strong>conservat.</strong></span> <span class='ocrx_word' id='word_1_444' title='bbox 1738 4615 1792 4669; x_wconf 92' lang='lat' dir='ltr'><strong>ln</strong></span> <span class='ocrx_word' id='word_1_445' title='bbox 1819 4628 1884 4668; x_wconf 91' lang='lat' dir='ltr'><strong>ea</strong></span> 
     </span>
    </p>
   </div>
   <div class='ocr_carea' id='block_1_62' title="bbox 315 4684 1884 4750">
    <p class='ocr_par' dir='ltr' id='par_1_62' title="bbox 315 4684 1884 4750">
     <span class='ocr_line' id='line_1_62' title="bbox 315 4684 1884 4750; baseline 0.003 -16"><span class='ocrx_word' id='word_1_446' title='bbox 315 4691 402 4736; x_wconf 88' lang='lat' dir='ltr'><strong>est</strong></span> <span class='ocrx_word' id='word_1_447' title='bbox 449 4688 592 4740; x_wconf 86' lang='lat' dir='ltr'><strong>enim</strong></span> <span class='ocrx_word' id='word_1_448' title='bbox 639 4701 819 4740; x_wconf 90' lang='lat' dir='ltr'><strong>rerum</strong></span> <span class='ocrx_word' id='word_1_449' title='bbox 874 4695 928 4740; x_wconf 90' lang='lat' dir='ltr'><strong>et</strong></span> <span class='ocrx_word' id='word_1_450' title='bbox 950 4701 1154 4743; x_wconf 89' lang='lat' dir='ltr'><strong>morum</strong></span> <span class='ocrx_word' id='word_1_451' title='bbox 1197 4686 1588 4750; x_wconf 89' lang='lat' dir='ltr'><strong>convenientia,</strong></span> <span class='ocrx_word' id='word_1_452' title='bbox 1628 4684 1681 4738; x_wconf 92' lang='lat' dir='ltr'><strong>in</strong></span> <span class='ocrx_word' id='word_1_453' title='bbox 1708 4699 1772 4739; x_wconf 92' lang='lat' dir='ltr'><strong>ea</strong></span> <span class='ocrx_word' id='word_1_454' title='bbox 1799 4693 1884 4740; x_wconf 89' lang='lat' dir='ltr'><strong>est</strong></span> 
     </span>
    </p>
   </div>
   <div class='ocr_carea' id='block_1_63' title="bbox 313 4752 1882 4822">
    <p class='ocr_par' dir='ltr' id='par_1_63' title="bbox 313 4752 1882 4822">
     <span class='ocr_line' id='line_1_63' title="bbox 313 4752 1882 4822; baseline 0.002 -16"><span class='ocrx_word' id='word_1_455' title='bbox 313 4752 600 4821; x_wconf 78' lang='lat' dir='ltr'><strong>stabilitas,</strong></span> <span class='ocrx_word' id='word_1_456' title='bbox 632 4755 683 4810; x_wconf 93' lang='lat' dir='ltr'><strong>in</strong></span> <span class='ocrx_word' id='word_1_457' title='bbox 717 4773 775 4810; x_wconf 87' lang='lat' dir='ltr'><strong>ea</strong></span> <span class='ocrx_word' id='word_1_458' title='bbox 805 4756 1127 4820; x_wconf 91' lang='lat' dir='ltr'><strong>constantia,</strong></span> <span class='ocrx_word' id='word_1_459' title='bbox 1171 4772 1288 4822; x_wconf 79' lang='lat' dir='ltr'><strong>qua:</strong></span> <span class='ocrx_word' id='word_1_460' title='bbox 1326 4770 1448 4810; x_wconf 91' lang='lat' dir='ltr'><strong>cum</strong></span> <span class='ocrx_word' id='word_1_461' title='bbox 1497 4769 1557 4809; x_wconf 90' lang='lat' dir='ltr'><strong>se</strong></span> <span class='ocrx_word' id='word_1_462' title='bbox 1591 4757 1783 4809; x_wconf 82' lang='lat' dir='ltr'><strong>extulit</strong></span> <span class='ocrx_word' id='word_1_463' title='bbox 1828 4765 1882 4809; x_wconf 89' lang='lat' dir='ltr'><strong>et</strong></span> 
     </span>
    </p>
   </div>
   <div class='ocr_carea' id='block_1_64' title="bbox 315 4823 1879 4894">
    <p class='ocr_par' dir='ltr' id='par_1_64' title="bbox 315 4823 1879 4894">
     <span class='ocr_line' id='line_1_64' title="bbox 315 4823 1879 4894; baseline 0.003 -18"><span class='ocrx_word' id='word_1_464' title='bbox 315 4823 554 4878; x_wconf 89' lang='lat' dir='ltr'><strong>ostendit</strong></span> <span class='ocrx_word' id='word_1_465' title='bbox 591 4840 742 4880; x_wconf 88' lang='lat' dir='ltr'><strong>suum</strong></span> <span class='ocrx_word' id='word_1_466' title='bbox 790 4828 984 4892; x_wconf 91' lang='lat' dir='ltr'><strong>lumen,</strong></span> <span class='ocrx_word' id='word_1_467' title='bbox 1017 4836 1070 4882; x_wconf 90' lang='lat' dir='ltr'><strong>et</strong></span> <span class='ocrx_word' id='word_1_468' title='bbox 1112 4827 1252 4880; x_wconf 90' lang='lat' dir='ltr'><strong>idem</strong></span> <span class='ocrx_word' id='word_1_469' title='bbox 1275 4825 1559 4894; x_wconf 89' lang='lat' dir='ltr'><strong>aspexitet</strong></span> <span class='ocrx_word' id='word_1_470' title='bbox 1585 4827 1799 4894; x_wconf 76' lang='lat' dir='ltr'><strong>agnovit</strong></span> <span class='ocrx_word' id='word_1_471' title='bbox 1827 4827 1879 4880; x_wconf 93' lang='lat' dir='ltr'><strong>in</strong></span> 
     </span>
    </p>
   </div>
   <div class='ocr_carea' id='block_1_65' title="bbox 312 4894 1878 4964">
    <p class='ocr_par' dir='ltr' id='par_1_65' title="bbox 312 4894 1878 4964">
     <span class='ocr_line' id='line_1_65' title="bbox 312 4894 1878 4964; baseline 0.004 -20"><span class='ocrx_word' id='word_1_472' title='bbox 312 4894 443 4964; x_wconf 78' lang='lat' dir='ltr'><strong>alio,</strong></span> <span class='ocrx_word' id='word_1_473' title='bbox 469 4895 535 4947; x_wconf 90' lang='lat' dir='ltr'><strong>ad</strong></span> <span class='ocrx_word' id='word_1_474' title='bbox 561 4894 610 4949; x_wconf 91' lang='lat' dir='ltr'><strong>id</strong></span> <span class='ocrx_word' id='word_1_475' title='bbox 633 4912 691 4950; x_wconf 85' lang='lat' dir='ltr'><strong>se</strong></span> <span class='ocrx_word' id='word_1_476' title='bbox 717 4897 982 4963; x_wconf 88' lang='lat' dir='ltr'><strong>admovet,</strong></span> <span class='ocrx_word' id='word_1_477' title='bbox 1013 4897 1352 4964; x_wconf 89' lang='lat' dir='ltr'><strong>vicissimque</strong></span> <span class='ocrx_word' id='word_1_478' title='bbox 1373 4895 1566 4963; x_wconf 87' lang='lat' dir='ltr'><strong>accipit</strong></span> <span class='ocrx_word' id='word_1_479' title='bbox 1589 4895 1718 4949; x_wconf 88' lang='lat' dir='ltr'><strong>illud</strong></span> <span class='ocrx_word' id='word_1_480' title='bbox 1738 4897 1878 4964; x_wconf 90' lang='lat' dir='ltr'><strong>quod</strong></span> 
     </span>
    </p>
   </div>
   <div class='ocr_carea' id='block_1_66' title="bbox 312 4963 1879 5038">
    <p class='ocr_par' dir='ltr' id='par_1_66' title="bbox 312 4963 1879 5038">
     <span class='ocr_line' id='line_1_66' title="bbox 312 4963 1879 5038; baseline 0.003 -22"><span class='ocrx_word' id='word_1_481' title='bbox 312 4963 372 5038; x_wconf 84' lang='lat' dir='ltr'><strong>in</strong></span> <span class='ocrx_word' id='word_1_482' title='bbox 395 4964 566 5038; x_wconf 68' lang='lat' dir='ltr'><strong>altero</strong></span> <span class='ocrx_word' id='word_1_483' title='bbox 589 4975 693 5031; x_wconf 90' lang='lat' dir='ltr'><strong>est,</strong></span> <span class='ocrx_word' id='word_1_484' title='bbox 724 4983 790 5021; x_wconf 84' lang='lat' dir='ltr'><strong>ex</strong></span> <span class='ocrx_word' id='word_1_485' title='bbox 819 4981 924 5035; x_wconf 90' lang='lat' dir='ltr'><strong>quo</strong></span> <span class='ocrx_word' id='word_1_486' title='bbox 951 4963 1383 5038; x_wconf 84' lang='lat' dir='ltr'><strong>exardescitsive</strong></span> <span class='ocrx_word' id='word_1_487' title='bbox 1419 4979 1590 5031; x_wconf 87' lang='lat' dir='ltr'><strong>amor,</strong></span> <span class='ocrx_word' id='word_1_488' title='bbox 1615 4966 1726 5020; x_wconf 90' lang='lat' dir='ltr'><strong>sive</strong></span> <span class='ocrx_word' id='word_1_489' title='bbox 1747 4963 1879 5038; x_wconf 79' lang='lat' dir='ltr'><strong>arni-</strong></span> 
     </span>
    </p>
   </div>
   <div class='ocr_carea' id='block_1_67' title="bbox 309 5033 1879 5105">
    <p class='ocr_par' dir='ltr' id='par_1_67' title="bbox 309 5033 1879 5105">
     <span class='ocr_line' id='line_1_67' title="bbox 309 5033 1879 5105; baseline 0.004 -20"><span class='ocrx_word' id='word_1_490' title='bbox 309 5033 462 5105; x_wconf 80' lang='lat' dir='ltr'><strong>cilia.</strong></span> <span class='ocrx_word' id='word_1_491' title='bbox 500 5034 790 5105; x_wconf 89' lang='lat' dir='ltr'><strong>Utrumque</strong></span> <span class='ocrx_word' id='word_1_492' title='bbox 810 5033 948 5091; x_wconf 85' lang='lat' dir='ltr'><strong>enim</strong></span> <span class='ocrx_word' id='word_1_493' title='bbox 977 5037 1045 5091; x_wconf 90' lang='lat' dir='ltr'><strong>ab</strong></span> <span class='ocrx_word' id='word_1_494' title='bbox 1073 5037 1298 5091; x_wconf 89' lang='lat' dir='ltr'><strong>amando</strong></span> <span class='ocrx_word' id='word_1_495' title='bbox 1324 5036 1521 5090; x_wconf 89' lang='lat' dir='ltr'><strong>dictum</strong></span> <span class='ocrx_word' id='word_1_496' title='bbox 1550 5045 1652 5090; x_wconf 92' lang='lat' dir='ltr'><strong>est.</strong></span> <span class='ocrx_word' id='word_1_497' title='bbox 1685 5034 1879 5091; x_wconf 85' lang='lat' dir='ltr'><strong>Amare</strong></span> 
     </span>
    </p>
   </div>
   <div class='ocr_carea' id='block_1_68' title="bbox 307 5104 1875 5174">
    <p class='ocr_par' dir='ltr' id='par_1_68' title="bbox 307 5104 1875 5174">
     <span class='ocr_line' id='line_1_68' title="bbox 307 5104 1875 5174; baseline 0.003 -18"><span class='ocrx_word' id='word_1_498' title='bbox 307 5104 455 5156; x_wconf 86' lang='lat' dir='ltr'><strong>enim</strong></span> <span class='ocrx_word' id='word_1_499' title='bbox 486 5105 614 5159; x_wconf 92' lang='lat' dir='ltr'><strong>nihil</strong></span> <span class='ocrx_word' id='word_1_500' title='bbox 645 5107 789 5161; x_wconf 90' lang='lat' dir='ltr'><strong>aliud</strong></span> <span class='ocrx_word' id='word_1_501' title='bbox 811 5118 914 5173; x_wconf 87' lang='lat' dir='ltr'><strong>est,</strong></span> <span class='ocrx_word' id='word_1_502' title='bbox 972 5107 1071 5161; x_wconf 88' lang='lat' dir='ltr'><strong>nisi</strong></span> <span class='ocrx_word' id='word_1_503' title='bbox 1099 5123 1219 5162; x_wconf 90' lang='lat' dir='ltr'><strong>eum</strong></span> <span class='ocrx_word' id='word_1_504' title='bbox 1251 5107 1419 5174; x_wconf 91' lang='lat' dir='ltr'><strong>ipsum</strong></span> <span class='ocrx_word' id='word_1_505' title='bbox 1463 5106 1682 5174; x_wconf 80' lang='lat' dir='ltr'><strong>diligere</strong></span> <span class='ocrx_word' id='word_1_506' title='bbox 1719 5122 1875 5174; x_wconf 86' lang='lat' dir='ltr'><strong>quem</strong></span> 
     </span>
    </p>
   </div>
   <div class='ocr_carea' id='block_1_69' title="bbox 305 5176 1878 5246">
    <p class='ocr_par' dir='ltr' id='par_1_69' title="bbox 305 5176 1878 5246">
     <span class='ocr_line' id='line_1_69' title="bbox 305 5176 1878 5246; baseline 0.004 -22"><span class='ocrx_word' id='word_1_507' title='bbox 305 5188 483 5246; x_wconf 65' lang='lat' dir='ltr'><strong>amas,</strong></span> <span class='ocrx_word' id='word_1_508' title='bbox 508 5176 645 5230; x_wconf 89' lang='lat' dir='ltr'><strong>nulla</strong></span> <span class='ocrx_word' id='word_1_509' title='bbox 698 5178 920 5232; x_wconf 89' lang='lat' dir='ltr'><strong>utilitate</strong></span> <span class='ocrx_word' id='word_1_510' title='bbox 967 5179 1187 5246; x_wconf 71' lang='lat' dir='ltr'><strong>quaesita</strong></span> <span class='ocrx_word' id='word_1_511' title='bbox 1219 5193 1234 5230; x_wconf 92' lang='lat'><strong>:</strong></span> <span class='ocrx_word' id='word_1_512' title='bbox 1263 5178 1360 5230; x_wconf 83' lang='lat' dir='ltr'><strong>hac</strong></span> <span class='ocrx_word' id='word_1_513' title='bbox 1386 5189 1483 5246; x_wconf 86' lang='lat' dir='ltr'><strong>nos</strong></span> <span class='ocrx_word' id='word_1_514' title='bbox 1511 5177 1878 5230; x_wconf 86' lang='lat' dir='ltr'><strong>adolescentes</strong></span> 
     </span>
    </p>
   </div>
   <div class='ocr_carea' id='block_1_70' title="bbox 305 5244 1874 5315">
    <p class='ocr_par' dir='ltr' id='par_1_70' title="bbox 305 5244 1874 5315">
     <span class='ocr_line' id='line_1_70' title="bbox 305 5244 1874 5315; baseline 0 -17"><span class='ocrx_word' id='word_1_515' title='bbox 305 5244 684 5301; x_wconf 87' lang='lat' dir='ltr'><strong>benevolentia</strong></span> <span class='ocrx_word' id='word_1_516' title='bbox 717 5262 875 5302; x_wconf 90' lang='lat' dir='ltr'><strong>senes</strong></span> <span class='ocrx_word' id='word_1_517' title='bbox 905 5244 1206 5310; x_wconf 79' lang='lat' dir='ltr'><strong>dileximus,</strong></span> <span class='ocrx_word' id='word_1_518' title='bbox 1239 5247 1351 5299; x_wconf 67' lang='lat' dir='ltr'><strong>haec</strong></span> <span class='ocrx_word' id='word_1_519' title='bbox 1377 5245 1536 5315; x_wconf 84' lang='lat' dir='ltr'><strong>etiam</strong></span> <span class='ocrx_word' id='word_1_520' title='bbox 1565 5247 1732 5315; x_wconf 87' lang='lat' dir='ltr'><strong>magis</strong></span> <span class='ocrx_word' id='word_1_521' title='bbox 1757 5246 1874 5300; x_wconf 87' lang='lat' dir='ltr'><strong>elu-</strong></span> 
     </span>
    </p>
   </div>
   <div class='ocr_carea' id='block_1_71' title="bbox 302 5313 1876 5386">
    <p class='ocr_par' dir='ltr' id='par_1_71' title="bbox 302 5313 1876 5386">
     <span class='ocr_line' id='line_1_71' title="bbox 302 5313 1876 5386; baseline 0.001 -18"><span class='ocrx_word' id='word_1_522' title='bbox 302 5324 405 5386; x_wconf 14' lang='lat' dir='ltr'><strong>cet,</strong></span> <span class='ocrx_word' id='word_1_523' title='bbox 427 5317 562 5370; x_wconf 91' lang='lat' dir='ltr'><strong>inter</strong></span> <span class='ocrx_word' id='word_1_524' title='bbox 590 5319 845 5385; x_wconf 68' lang='lat' dir='ltr'><strong>aequales.</strong></span> <span class='ocrx_word' id='word_1_525' title='bbox 871 5317 978 5373; x_wconf 90' lang='lat' dir='ltr'><strong>Sed</strong></span> <span class='ocrx_word' id='word_1_526' title='bbox 1003 5321 1252 5386; x_wconf 89' lang='lat' dir='ltr'><strong>quoniam</strong></span> <span class='ocrx_word' id='word_1_527' title='bbox 1282 5329 1368 5386; x_wconf 82' lang='lat' dir='ltr'><strong>res</strong></span> <span class='ocrx_word' id='word_1_528' title='bbox 1392 5313 1636 5369; x_wconf 84' lang='lat' dir='ltr'><strong>humanae</strong></span> <span class='ocrx_word' id='word_1_529' title='bbox 1657 5313 1876 5381; x_wconf 75' lang='lat' dir='ltr'><strong>iragiles</strong></span> 
     </span>
    </p>
   </div>
   <div class='ocr_carea' id='block_1_72' title="bbox 299 5384 1875 5456">
    <p class='ocr_par' dir='ltr' id='par_1_72' title="bbox 299 5384 1875 5456">
     <span class='ocr_line' id='line_1_72' title="bbox 299 5384 1875 5456; baseline 0.003 -18"><span class='ocrx_word' id='word_1_530' title='bbox 299 5385 631 5455; x_wconf 64' lang='lat' dir='ltr'><strong>caducaeque</strong></span> <span class='ocrx_word' id='word_1_531' title='bbox 659 5384 803 5453; x_wconf 76' lang='lat' dir='ltr'><strong>Sunt,</strong></span> <span class='ocrx_word' id='word_1_532' title='bbox 844 5384 1058 5456; x_wconf 82' lang='lat' dir='ltr'><strong>semper</strong></span> <span class='ocrx_word' id='word_1_533' title='bbox 1111 5389 1289 5442; x_wconf 90' lang='lat' dir='ltr'><strong>omnia</strong></span> <span class='ocrx_word' id='word_1_534' title='bbox 1343 5384 1525 5440; x_wconf 82' lang='lat' dir='ltr'><strong>brevia</strong></span> <span class='ocrx_word' id='word_1_535' title='bbox 1583 5386 1875 5442; x_wconf 82' lang='lat' dir='ltr'><strong>tolerabilia</strong></span> 
     </span>
    </p>
   </div>
   <div class='ocr_carea' id='block_1_73' title="bbox 298 5456 1277 5526">
    <p class='ocr_par' dir='ltr' id='par_1_73' title="bbox 298 5456 1277 5526">
     <span class='ocr_line' id='line_1_73' title="bbox 298 5456 1277 5526; baseline 0 -15"><span class='ocrx_word' id='word_1_536' title='bbox 298 5468 428 5511; x_wconf 84' lang='lat' dir='ltr'><strong>esse</strong></span> <span class='ocrx_word' id='word_1_537' title='bbox 457 5457 669 5522; x_wconf 87' lang='lat' dir='ltr'><strong>debent,</strong></span> <span class='ocrx_word' id='word_1_538' title='bbox 701 5456 909 5512; x_wconf 86' lang='lat' dir='ltr'><strong>etiamsi</strong></span> <span class='ocrx_word' id='word_1_539' title='bbox 935 5471 1118 5526; x_wconf 86' lang='lat' dir='ltr'><strong>magna</strong></span> <span class='ocrx_word' id='word_1_540' title='bbox 1150 5459 1277 5511; x_wconf 89' lang='lat' dir='ltr'><strong>sint.</strong></span> 
     </span>
    </p>
   </div>
   <div class='ocr_carea' id='block_1_74' title="bbox 379 5526 1876 5594">
    <p class='ocr_par' dir='ltr' id='par_1_74' title="bbox 379 5526 1876 5594">
     <span class='ocr_line' id='line_1_74' title="bbox 379 5526 1876 5594; baseline 0.001 -15"><span class='ocrx_word' id='word_1_541' title='bbox 379 5526 487 5581; x_wconf 86' lang='lat' dir='ltr'><strong>Vos</strong></span> <span class='ocrx_word' id='word_1_542' title='bbox 511 5538 691 5583; x_wconf 91' lang='lat' dir='ltr'><strong>autem</strong></span> <span class='ocrx_word' id='word_1_543' title='bbox 718 5529 923 5593; x_wconf 86' lang='lat' dir='ltr'><strong>hortor,</strong></span> <span class='ocrx_word' id='word_1_544' title='bbox 953 5538 1007 5582; x_wconf 90' lang='lat' dir='ltr'><strong>ut</strong></span> <span class='ocrx_word' id='word_1_545' title='bbox 1028 5531 1094 5581; x_wconf 88' lang='lat' dir='ltr'><strong>ita</strong></span> <span class='ocrx_word' id='word_1_546' title='bbox 1125 5530 1376 5582; x_wconf 86' lang='lat' dir='ltr'><strong>virtutem</strong></span> <span class='ocrx_word' id='word_1_547' title='bbox 1400 5526 1604 5591; x_wconf 89' lang='lat' dir='ltr'><strong>locetis,</strong></span> <span class='ocrx_word' id='word_1_548' title='bbox 1639 5526 1753 5580; x_wconf 90' lang='lat' dir='ltr'><strong>sine</strong></span> <span class='ocrx_word' id='word_1_549' title='bbox 1772 5541 1876 5594; x_wconf 90' lang='lat' dir='ltr'><strong>qua</strong></span> 
     </span>
    </p>
   </div>
   <div class='ocr_carea' id='block_1_75' title="bbox 290 5597 1874 5668">
    <p class='ocr_par' dir='ltr' id='par_1_75' title="bbox 290 5597 1874 5668">
     <span class='ocr_line' id='line_1_75' title="bbox 290 5597 1874 5668; baseline -0.001 -16"><span class='ocrx_word' id='word_1_550' title='bbox 290 5598 534 5652; x_wconf 71' lang='lat' dir='ltr'><strong>amicitia</strong></span> <span class='ocrx_word' id='word_1_551' title='bbox 565 5615 682 5654; x_wconf 81' lang='lat' dir='ltr'><strong>esse</strong></span> <span class='ocrx_word' id='word_1_552' title='bbox 714 5615 817 5653; x_wconf 92' lang='lat' dir='ltr'><strong>non</strong></span> <span class='ocrx_word' id='word_1_553' title='bbox 844 5609 1041 5668; x_wconf 85' lang='lat' dir='ltr'><strong>potest,</strong></span> <span class='ocrx_word' id='word_1_554' title='bbox 1067 5606 1213 5668; x_wconf 86' lang='lat' dir='ltr'><strong>utea</strong></span> <span class='ocrx_word' id='word_1_555' title='bbox 1253 5611 1497 5668; x_wconf 84' lang='lat' dir='ltr'><strong>excepta,</strong></span> <span class='ocrx_word' id='word_1_556' title='bbox 1529 5597 1658 5652; x_wconf 88' lang='lat' dir='ltr'><strong>nihil</strong></span> <span class='ocrx_word' id='word_1_557' title='bbox 1683 5597 1874 5650; x_wconf 87' lang='lat' dir='ltr'><strong>amici-</strong></span> 
     </span>
    </p>
   </div>
   <div class='ocr_carea' id='block_1_76' title="bbox 291 5667 1876 5737">
    <p class='ocr_par' dir='ltr' id='par_1_76' title="bbox 291 5667 1876 5737">
     <span class='ocr_line' id='line_1_76' title="bbox 291 5667 1876 5737; baseline -0.001 -14"><span class='ocrx_word' id='word_1_558' title='bbox 291 5669 373 5723; x_wconf 88' lang='lat' dir='ltr'><strong>tia</strong></span> <span class='ocrx_word' id='word_1_559' title='bbox 399 5669 749 5737; x_wconf 67' lang='lat' dir='ltr'><strong>praaatahilius</strong></span> <span class='ocrx_word' id='word_1_560' title='bbox 777 5667 996 5737; x_wconf 79' lang='lat' dir='ltr'><strong>putetis.</strong></span> <span class='ocrx_word' id='word_1_561' title='bbox 1018 5667 1086 5722; x_wconf 84' lang='lat' dir='ltr'><strong>Et</strong></span> <span class='ocrx_word' id='word_1_562' title='bbox 1136 5667 1249 5723; x_wconf 67' lang='lat' dir='ltr'><strong>haec</strong></span> <span class='ocrx_word' id='word_1_563' title='bbox 1292 5667 1559 5723; x_wconf 70' lang='lat' dir='ltr'><strong>sul‘liciant</strong></span> <span class='ocrx_word' id='word_1_564' title='bbox 1577 5668 1649 5722; x_wconf 87' lang='lat' dir='ltr'><strong>de</strong></span> <span class='ocrx_word' id='word_1_565' title='bbox 1674 5668 1876 5722; x_wconf 85' lang='lat' dir='ltr'><strong>Amici-</strong></span> 
     </span>
    </p>
   </div>
   <div class='ocr_carea' id='block_1_77' title="bbox 287 5737 1084 5811">
    <p class='ocr_par' dir='ltr' id='par_1_77' title="bbox 287 5737 1084 5811">
     <span class='ocr_line' id='line_1_77' title="bbox 287 5737 1084 5811; baseline -0.003 -16"><span class='ocrx_word' id='word_1_566' title='bbox 287 5737 397 5807; x_wconf 84' lang='lat' dir='ltr'><strong>tia,</strong></span> <span class='ocrx_word' id='word_1_567' title='bbox 426 5742 664 5811; x_wconf 85' lang='lat' dir='ltr'><strong>sequitur</strong></span> <span class='ocrx_word' id='word_1_568' title='bbox 690 5741 760 5797; x_wconf 88' lang='lat' dir='ltr'><strong>de</strong></span> <span class='ocrx_word' id='word_1_569' title='bbox 785 5741 1084 5797; x_wconf 84' lang='lat' dir='ltr'><strong>Senectute.</strong></span> 
     </span>
    </p>
   </div>
   <div class='ocr_carea' id='block_1_78' title="bbox 1006 281 2908 349">
    <p class='ocr_par' dir='ltr' id='par_1_78' title="bbox 1006 281 2908 349">
     <span class='ocr_line' id='line_1_78' title="bbox 1006 281 2908 349; baseline 0.004 -9"><span class='ocrx_word' id='word_1_570' title='bbox 1006 281 1413 342; x_wconf 70' lang='lat' dir='ltr'><strong>SENTENTIAE</strong></span> <span class='ocrx_word' id='word_1_571' title='bbox 1453 283 1972 344; x_wconf 69' lang='lat' dir='ltr'><strong>PHILOSOPHICE</strong></span> <span class='ocrx_word' id='word_1_572' title='bbox 2007 285 2100 345; x_wconf 82' lang='lat' dir='ltr'><strong>EX</strong></span> <span class='ocrx_word' id='word_1_573' title='bbox 2137 288 2475 348; x_wconf 80' lang='lat' dir='ltr'><strong>CICERONE</strong></span> <span class='ocrx_word' id='word_1_574' title='bbox 2510 289 2908 349; x_wconf 67' lang='lat' dir='ltr'><strong>COLLECTE.</strong></span> 
     </span>
    </p>
   </div>
   <div class='ocr_carea' id='block_1_79' title="bbox 328 395 1962 467">
    <p class='ocr_par' dir='ltr' id='par_1_79' title="bbox 328 395 1962 467">
     <span class='ocr_line' id='line_1_79' title="bbox 328 395 1962 467; baseline -0.004 -11"><span class='ocrx_word' id='word_1_575' title='bbox 328 401 465 456; x_wconf 83' lang='lat' dir='ltr'><strong>ratio</strong></span> <span class='ocrx_word' id='word_1_576' title='bbox 487 407 541 454; x_wconf 89' lang='lat' dir='ltr'><strong>et</strong></span> <span class='ocrx_word' id='word_1_577' title='bbox 585 398 876 467; x_wconf 81' lang='lat' dir='ltr'><strong>diligentia,</strong></span> <span class='ocrx_word' id='word_1_578' title='bbox 917 396 1148 466; x_wconf 87' lang='lat' dir='ltr'><strong>primum</strong></span> <span class='ocrx_word' id='word_1_579' title='bbox 1195 408 1255 453; x_wconf 90' lang='lat' dir='ltr'><strong>ut</strong></span> <span class='ocrx_word' id='word_1_580' title='bbox 1296 395 1517 452; x_wconf 91' lang='lat' dir='ltr'><strong>monitio</strong></span> <span class='ocrx_word' id='word_1_581' title='bbox 1561 396 1875 462; x_wconf 89' lang='lat' dir='ltr'><strong>acerbitate,</strong></span> <span class='ocrx_word' id='word_1_582' title='bbox 1911 397 1962 459; x_wconf 77' lang='grc' dir='ltr'>Α</span> 
     </span>
    </p>
   </div>
   <div class='ocr_carea' id='block_1_80' title="bbox 3428 261 3599 354">
    <p class='ocr_par' dir='ltr' id='par_1_80' title="bbox 3428 261 3599 354">
     <span class='ocr_line' id='line_1_80' title="bbox 3428 261 3599 354; baseline -0.029 0"><span class='ocrx_word' id='word_1_583' title='bbox 3428 261 3599 354; x_wconf 73' lang='grc' dir='ltr'>ιοτι’</span> 
     </span>
    </p>
   </div>
   <div class='ocr_carea' id='block_1_81' title="bbox 2196 403 3352 483">
    <p class='ocr_par' dir='ltr' id='par_1_81' title="bbox 2196 403 3352 483">
     <span class='ocr_line' id='line_1_81' title="bbox 2196 403 3352 483; baseline 0.006 -7"><span class='ocrx_word' id='word_1_584' title='bbox 2196 421 2279 476; x_wconf 75' lang='lat' dir='ltr'><strong>Ea:</strong></span> <span class='ocrx_word' id='word_1_585' title='bbox 2311 421 2386 478; x_wconf 88' lang='grc' dir='ltr'><em>Μ,</em></span> <span class='ocrx_word' id='word_1_586' title='bbox 2418 422 2478 478; x_wconf 89' lang='grc' dir='ltr'><strong>Τ.</strong></span> <span class='ocrx_word' id='word_1_587' title='bbox 2512 423 2771 480; x_wconf 82' lang='lat' dir='ltr'><strong>Ciceronis</strong></span> <span class='ocrx_word' id='word_1_588' title='bbox 2794 423 2924 480; x_wconf 84' lang='lat' dir='ltr'><strong>libro</strong></span> <span class='ocrx_word' id='word_1_589' title='bbox 2967 425 3031 480; x_wconf 79' lang='lat' dir='ltr'><strong>de</strong></span> <span class='ocrx_word' id='word_1_590' title='bbox 3059 403 3352 483; x_wconf 71' lang='lat' dir='ltr'><strong>Senectute.</strong></span> 
     </span>
    </p>
   </div>
   <div class='ocr_carea' id='block_1_82' title="bbox 2053 536 3555 611">
    <p class='ocr_par' dir='ltr' id='par_1_82' title="bbox 2053 536 3555 611">
     <span class='ocr_line' id='line_1_82' title="bbox 2053 536 3555 611; baseline 0.005 -20"><span class='ocrx_word' id='word_1_591' title='bbox 2053 536 2328 611; x_wconf 85' lang='lat' dir='ltr'><strong>Nunquam</strong></span> <span class='ocrx_word' id='word_1_592' title='bbox 2357 540 2485 594; x_wconf 86' lang='lat' dir='ltr'><strong>satis</strong></span> <span class='ocrx_word' id='word_1_593' title='bbox 2512 539 2670 606; x_wconf 82' lang='lat' dir='ltr'><strong>digne</strong></span> <span class='ocrx_word' id='word_1_594' title='bbox 2711 541 2912 597; x_wconf 90' lang='lat' dir='ltr'><strong>laudari</strong></span> <span class='ocrx_word' id='word_1_595' title='bbox 2957 541 3290 611; x_wconf 88' lang='lat' dir='ltr'><strong>philosophia</strong></span> <span class='ocrx_word' id='word_1_596' title='bbox 3334 543 3555 610; x_wconf 87' lang='lat' dir='ltr'><strong>poterit,</strong></span> 
     </span>
    </p>
   </div>
   <div class='ocr_carea' id='block_1_83' title="bbox 1981 609 3562 680">
    <p class='ocr_par' dir='ltr' id='par_1_83' title="bbox 1981 609 3562 680">
     <span class='ocr_line' id='line_1_83' title="bbox 1981 609 3562 680; baseline 0.003 -19"><span class='ocrx_word' id='word_1_597' title='bbox 1981 609 2065 680; x_wconf 76' lang='lat' dir='ltr'><strong>cui</strong></span> <span class='ocrx_word' id='word_1_598' title='bbox 2090 609 2177 680; x_wconf 88' lang='lat' dir='ltr'><strong>qui</strong></span> <span class='ocrx_word' id='word_1_599' title='bbox 2209 618 2404 680; x_wconf 85' lang='lat' dir='ltr'><strong>pareat,</strong></span> <span class='ocrx_word' id='word_1_600' title='bbox 2449 626 2611 664; x_wconf 90' lang='lat' dir='ltr'><strong>omne</strong></span> <span class='ocrx_word' id='word_1_601' title='bbox 2662 620 2868 680; x_wconf 88' lang='lat' dir='ltr'><strong>tempus</strong></span> <span class='ocrx_word' id='word_1_602' title='bbox 2921 609 3092 667; x_wconf 68' lang='lat' dir='ltr'><strong>tetatis</strong></span> <span class='ocrx_word' id='word_1_603' title='bbox 3148 628 3258 666; x_wconf 77' lang='lat' dir='ltr'><strong>sua:</strong></span> <span class='ocrx_word' id='word_1_604' title='bbox 3300 614 3418 668; x_wconf 89' lang='lat' dir='ltr'><strong>sine</strong></span> <span class='ocrx_word' id='word_1_605' title='bbox 3446 609 3562 667; x_wconf 56' lang='lat' dir='ltr'><strong>mo:-</strong></span> 
     </span>
    </p>
   </div>
   <div class='ocr_carea' id='block_1_84' title="bbox 1981 676 3557 750">
    <p class='ocr_par' dir='ltr' id='par_1_84' title="bbox 1981 676 3557 750">
     <span class='ocr_line' id='line_1_84' title="bbox 1981 676 3557 750; baseline 0.004 -19"><span class='ocrx_word' id='word_1_606' title='bbox 1981 676 2130 732; x_wconf 80' lang='lat' dir='ltr'><strong>lestia</strong></span> <span class='ocrx_word' id='word_1_607' title='bbox 2162 679 2328 750; x_wconf 79' lang='lat' dir='ltr'><strong>possit</strong></span> <span class='ocrx_word' id='word_1_608' title='bbox 2357 682 2570 750; x_wconf 89' lang='lat' dir='ltr'><strong>degere.</strong></span> <span class='ocrx_word' id='word_1_609' title='bbox 2603 676 2802 747; x_wconf 82' lang='lat' dir='ltr'><strong>Quibus</strong></span> <span class='ocrx_word' id='word_1_610' title='bbox 2831 683 2971 736; x_wconf 91' lang='lat' dir='ltr'><strong>enim</strong></span> <span class='ocrx_word' id='word_1_611' title='bbox 3022 683 3148 736; x_wconf 92' lang='lat' dir='ltr'><strong>nihil</strong></span> <span class='ocrx_word' id='word_1_612' title='bbox 3201 693 3281 737; x_wconf 90' lang='lat' dir='ltr'><strong>est</strong></span> <span class='ocrx_word' id='word_1_613' title='bbox 3328 683 3379 737; x_wconf 92' lang='lat' dir='ltr'><strong>in</strong></span> <span class='ocrx_word' id='word_1_614' title='bbox 3425 685 3557 750; x_wconf 87' lang='lat' dir='ltr'><strong>ipsis</strong></span> 
     </span>
    </p>
   </div>
   <div class='ocr_carea' id='block_1_85' title="bbox 1981 749 3560 829">
    <p class='ocr_par' dir='ltr' id='par_1_85' title="bbox 1981 749 3560 829">
     <span class='ocr_line' id='line_1_85' title="bbox 1981 749 3560 829; baseline 0.004 -27"><span class='ocrx_word' id='word_1_615' title='bbox 1981 749 2192 829; x_wconf 70' lang='lat' dir='ltr'><strong>upisad</strong></span> <span class='ocrx_word' id='word_1_616' title='bbox 2241 749 2375 804; x_wconf 92' lang='lat' dir='ltr'><strong>bene</strong></span> <span class='ocrx_word' id='word_1_617' title='bbox 2424 749 2679 821; x_wconf 85' lang='lat' dir='ltr'><strong>beateque</strong></span> <span class='ocrx_word' id='word_1_618' title='bbox 2728 753 3038 820; x_wconf 89' lang='lat' dir='ltr'><strong>vivendum,</strong></span> <span class='ocrx_word' id='word_1_619' title='bbox 3095 752 3175 808; x_wconf 86' lang='lat' dir='ltr'><strong>his</strong></span> <span class='ocrx_word' id='word_1_620' title='bbox 3226 754 3399 810; x_wconf 90' lang='lat' dir='ltr'><strong>omnis</strong></span> <span class='ocrx_word' id='word_1_621' title='bbox 3428 749 3560 809; x_wconf 67' lang='lat' dir='ltr'><strong>aetas</strong></span> 
     </span>
    </p>
   </div>
   <div class='ocr_carea' id='block_1_86' title="bbox 1980 829 2279 888">
    <p class='ocr_par' dir='ltr' id='par_1_86' title="bbox 1980 829 2279 888">
     <span class='ocr_line' id='line_1_86' title="bbox 1980 829 2279 888; baseline 0 -16"><span class='ocrx_word' id='word_1_622' title='bbox 1980 832 2156 888; x_wconf 82' lang='lat' dir='ltr'><strong>gravis</strong></span> <span class='ocrx_word' id='word_1_623' title='bbox 2177 829 2279 873; x_wconf 91' lang='lat' dir='ltr'><strong>est.</strong></span> 
     </span>
    </p>
   </div>
   <div class='ocr_carea' id='block_1_87' title="bbox 2051 889 3554 962">
    <p class='ocr_par' dir='ltr' id='par_1_87' title="bbox 2051 889 3554 962">
     <span class='ocr_line' id='line_1_87' title="bbox 2051 889 3554 962; baseline 0.006 -22"><span class='ocrx_word' id='word_1_624' title='bbox 2051 889 2148 955; x_wconf 87' lang='lat' dir='ltr'><strong>Qui</strong></span> <span class='ocrx_word' id='word_1_625' title='bbox 2175 901 2352 944; x_wconf 90' lang='lat' dir='ltr'><strong>autem</strong></span> <span class='ocrx_word' id='word_1_626' title='bbox 2381 891 2721 962; x_wconf 86' lang='lat' dir='ltr'><strong>omniabona</strong></span> <span class='ocrx_word' id='word_1_627' title='bbox 2751 909 2781 948; x_wconf 90' lang='lat' dir='ltr'><strong>a</strong></span> <span class='ocrx_word' id='word_1_628' title='bbox 2811 893 3002 962; x_wconf 87' lang='lat' dir='ltr'><strong>seipsis</strong></span> <span class='ocrx_word' id='word_1_629' title='bbox 3047 903 3254 962; x_wconf 90' lang='lat' dir='ltr'><strong>petunt,</strong></span> <span class='ocrx_word' id='word_1_630' title='bbox 3307 893 3371 948; x_wconf 90' lang='lat' dir='ltr'><strong>iis</strong></span> <span class='ocrx_word' id='word_1_631' title='bbox 3421 894 3554 949; x_wconf 88' lang='lat' dir='ltr'><strong>nihil</strong></span> 
     </span>
    </p>
   </div>
   <div class='ocr_carea' id='block_1_88' title="bbox 1985 961 3551 1032">
    <p class='ocr_par' dir='ltr' id='par_1_88' title="bbox 1985 961 3551 1032">
     <span class='ocr_line' id='line_1_88' title="bbox 1985 961 3551 1032; baseline 0.006 -20"><span class='ocrx_word' id='word_1_632' title='bbox 1985 969 2158 1032; x_wconf 69' lang='lat' dir='ltr'><strong>potest</strong></span> <span class='ocrx_word' id='word_1_633' title='bbox 2186 961 2379 1015; x_wconf 85' lang='lat' dir='ltr'><strong>malum</strong></span> <span class='ocrx_word' id='word_1_634' title='bbox 2410 961 2599 1026; x_wconf 90' lang='lat' dir='ltr'><strong>videri,</strong></span> <span class='ocrx_word' id='word_1_635' title='bbox 2626 963 2765 1032; x_wconf 92' lang='lat' dir='ltr'><strong>quod</strong></span> <span class='ocrx_word' id='word_1_636' title='bbox 2796 961 2998 1018; x_wconf 67' lang='lat' dir='ltr'><strong>naturae</strong></span> <span class='ocrx_word' id='word_1_637' title='bbox 3021 961 3312 1019; x_wconf 80' lang='lat' dir='ltr'><strong>necessitas</strong></span> <span class='ocrx_word' id='word_1_638' title='bbox 3340 965 3551 1022; x_wconf 83' lang='lat' dir='ltr'><strong>all&#39;erat.</strong></span> 
     </span>
    </p>
   </div>
   <div class='ocr_carea' id='block_1_89' title="bbox 1981 1029 3555 1102">
    <p class='ocr_par' dir='ltr' id='par_1_89' title="bbox 1981 1029 3555 1102">
     <span class='ocr_line' id='line_1_89' title="bbox 1981 1029 3555 1102; baseline 0.005 -20"><span class='ocrx_word' id='word_1_639' title='bbox 1981 1029 2097 1102; x_wconf 86' lang='lat' dir='ltr'><strong>Quo</strong></span> <span class='ocrx_word' id='word_1_640' title='bbox 2128 1030 2177 1082; x_wconf 90' lang='lat' dir='ltr'><strong>in</strong></span> <span class='ocrx_word' id='word_1_641' title='bbox 2209 1046 2402 1098; x_wconf 84' lang='lat' dir='ltr'><strong>genere</strong></span> <span class='ocrx_word' id='word_1_642' title='bbox 2447 1029 2684 1100; x_wconf 81' lang='lat' dir='ltr'><strong>inprimis</strong></span> <span class='ocrx_word' id='word_1_643' title='bbox 2715 1044 2796 1088; x_wconf 89' lang='lat' dir='ltr'><strong>est</strong></span> <span class='ocrx_word' id='word_1_644' title='bbox 2852 1047 3119 1100; x_wconf 83' lang='lat' dir='ltr'><strong>senectus,</strong></span> <span class='ocrx_word' id='word_1_645' title='bbox 3151 1050 3308 1102; x_wconf 89' lang='lat' dir='ltr'><strong>quam</strong></span> <span class='ocrx_word' id='word_1_646' title='bbox 3356 1047 3410 1088; x_wconf 92' lang='lat' dir='ltr'><strong>ut</strong></span> <span class='ocrx_word' id='word_1_647' title='bbox 3440 1036 3555 1090; x_wconf 85' lang='lat' dir='ltr'><strong>adi-</strong></span> 
     </span>
    </p>
   </div>
   <div class='ocr_carea' id='block_1_90' title="bbox 1983 1100 3545 1172">
    <p class='ocr_par' dir='ltr' id='par_1_90' title="bbox 1983 1100 3545 1172">
     <span class='ocr_line' id='line_1_90' title="bbox 1983 1100 3545 1172; baseline 0.004 -21"><span class='ocrx_word' id='word_1_648' title='bbox 1983 1100 2249 1172; x_wconf 74' lang='lat' dir='ltr'><strong>piscantur</strong></span> <span class='ocrx_word' id='word_1_649' title='bbox 2269 1117 2456 1157; x_wconf 91' lang='lat' dir='ltr'><strong>omnes</strong></span> <span class='ocrx_word' id='word_1_650' title='bbox 2485 1111 2691 1168; x_wconf 80' lang='lat' dir='ltr'><strong>Optant,</strong></span> <span class='ocrx_word' id='word_1_651' title='bbox 2720 1105 2963 1158; x_wconf 87' lang='lat' dir='ltr'><strong>eamdem</strong></span> <span class='ocrx_word' id='word_1_652' title='bbox 2993 1100 3248 1160; x_wconf 83' lang='lat' dir='ltr'><strong>accusant</strong></span> <span class='ocrx_word' id='word_1_653' title='bbox 3275 1107 3545 1172; x_wconf 88' lang='lat' dir='ltr'><strong>adeptam.</strong></span> 
     </span>
    </p>
   </div>
   <div class='ocr_carea' id='block_1_91' title="bbox 1982 1169 3546 1242">
    <p class='ocr_par' dir='ltr' id='par_1_91' title="bbox 1982 1169 3546 1242">
     <span class='ocr_line' id='line_1_91' title="bbox 1982 1169 3546 1242; baseline 0.005 -20"><span class='ocrx_word' id='word_1_654' title='bbox 1982 1169 2148 1242; x_wconf 60' lang='lat' dir='ltr'><strong>Tanta</strong></span> <span class='ocrx_word' id='word_1_655' title='bbox 2179 1181 2262 1224; x_wconf 90' lang='lat' dir='ltr'><strong>est</strong></span> <span class='ocrx_word' id='word_1_656' title='bbox 2308 1172 2677 1233; x_wconf 86' lang='lat' dir='ltr'><strong>inconstantia.</strong></span> <span class='ocrx_word' id='word_1_657' title='bbox 2725 1175 2945 1228; x_wconf 85' lang='lat' dir='ltr'><strong>stultitia</strong></span> <span class='ocrx_word' id='word_1_658' title='bbox 2997 1184 3156 1242; x_wconf 90' lang='lat' dir='ltr'><strong>atque</strong></span> <span class='ocrx_word' id='word_1_659' title='bbox 3187 1169 3546 1242; x_wconf 82' lang='lat' dir='ltr'><strong>perversitas!</strong></span> 
     </span>
    </p>
   </div>
   <div class='ocr_carea' id='block_1_92' title="bbox 1984 1240 3548 1314">
    <p class='ocr_par' dir='ltr' id='par_1_92' title="bbox 1984 1240 3548 1314">
     <span class='ocr_line' id='line_1_92' title="bbox 1984 1240 3548 1314; baseline 0.004 -20"><span class='ocrx_word' id='word_1_660' title='bbox 1984 1240 2254 1314; x_wconf 72' lang='lat' dir='ltr'><strong>Obrepere</strong></span> <span class='ocrx_word' id='word_1_661' title='bbox 2268 1241 2476 1308; x_wconf 89' lang='lat' dir='ltr'><strong>quidem</strong></span> <span class='ocrx_word' id='word_1_662' title='bbox 2491 1258 2605 1314; x_wconf 85' lang='lat' dir='ltr'><strong>eam</strong></span> <span class='ocrx_word' id='word_1_663' title='bbox 2619 1245 2844 1309; x_wconf 89' lang='lat' dir='ltr'><strong>aiunt,et</strong></span> <span class='ocrx_word' id='word_1_664' title='bbox 2859 1246 3015 1299; x_wconf 84' lang='lat' dir='ltr'><strong>citius</strong></span> <span class='ocrx_word' id='word_1_665' title='bbox 3026 1240 3548 1314; x_wconf 37' lang='lat' dir='ltr'><strong>quam—putavissent.</strong></span> 
     </span>
    </p>
   </div>
   <div class='ocr_carea' id='block_1_93' title="bbox 2059 1311 3552 1384">
    <p class='ocr_par' dir='ltr' id='par_1_93' title="bbox 2059 1311 3552 1384">
     <span class='ocr_line' id='line_1_93' title="bbox 2059 1311 3552 1384; baseline 0.007 -21"><span class='ocrx_word' id='word_1_666' title='bbox 2059 1311 2216 1365; x_wconf 82' lang='lat' dir='ltr'><strong>l’ares</strong></span> <span class='ocrx_word' id='word_1_667' title='bbox 2243 1325 2362 1365; x_wconf 91' lang='lat' dir='ltr'><strong>cum</strong></span> <span class='ocrx_word' id='word_1_668' title='bbox 2391 1312 2604 1382; x_wconf 82' lang='lat' dir='ltr'><strong>paribus</strong></span> <span class='ocrx_word' id='word_1_669' title='bbox 2625 1315 2792 1370; x_wconf 90' lang='lat' dir='ltr'><strong>veteri</strong></span> <span class='ocrx_word' id='word_1_670' title='bbox 2825 1311 3105 1384; x_wconf 87' lang='lat' dir='ltr'><strong>proverbio</strong></span> <span class='ocrx_word' id='word_1_671' title='bbox 3145 1311 3397 1372; x_wconf 80' lang='lat' dir='ltr'><strong>facillime</strong></span> <span class='ocrx_word' id='word_1_672' title='bbox 3419 1331 3552 1372; x_wconf 89' lang='lat' dir='ltr'><strong>con-</strong></span> 
     </span>
    </p>
   </div>
   <div class='ocr_carea' id='block_1_94' title="bbox 1984 1392 2273 1451">
    <p class='ocr_par' dir='ltr' id='par_1_94' title="bbox 1984 1392 2273 1451">
     <span class='ocr_line' id='line_1_94' title="bbox 1984 1392 2273 1451; baseline 0.003 -17"><span class='ocrx_word' id='word_1_673' title='bbox 1984 1392 2273 1451; x_wconf 80' lang='lat' dir='ltr'><strong>gregantur</strong></span> 
     </span>
    </p>
   </div>
   <div class='ocr_carea' id='block_1_95' title="bbox 2057 1451 3554 1519">
    <p class='ocr_par' dir='ltr' id='par_1_95' title="bbox 2057 1451 3554 1519">
     <span class='ocr_line' id='line_1_95' title="bbox 2057 1451 3554 1519; baseline 0.007 -15"><span class='ocrx_word' id='word_1_674' title='bbox 2057 1451 2311 1505; x_wconf 85' lang='lat' dir='ltr'><strong>Moderati</strong></span> <span class='ocrx_word' id='word_1_675' title='bbox 2339 1453 2481 1506; x_wconf 87' lang='lat' dir='ltr'><strong>enim</strong></span> <span class='ocrx_word' id='word_1_676' title='bbox 2513 1460 2567 1506; x_wconf 89' lang='lat' dir='ltr'><strong>et</strong></span> <span class='ocrx_word' id='word_1_677' title='bbox 2590 1469 2692 1509; x_wconf 90' lang='lat' dir='ltr'><strong>non</strong></span> <span class='ocrx_word' id='word_1_678' title='bbox 2725 1455 2990 1519; x_wconf 80' lang='lat' dir='ltr'><strong>difﬁciles,</strong></span> <span class='ocrx_word' id='word_1_679' title='bbox 3022 1471 3121 1510; x_wconf 91' lang='lat' dir='ltr'><strong>nec</strong></span> <span class='ocrx_word' id='word_1_680' title='bbox 3154 1456 3434 1512; x_wconf 86' lang='lat' dir='ltr'><strong>inhumani</strong></span> <span class='ocrx_word' id='word_1_681' title='bbox 3463 1471 3554 1514; x_wconf 81' lang='lat' dir='ltr'><strong>se-</strong></span> 
     </span>
    </p>
   </div>
   <div class='ocr_carea' id='block_1_96' title="bbox 1986 1523 2996 1590">
    <p class='ocr_par' dir='ltr' id='par_1_96' title="bbox 1986 1523 2996 1590">
     <span class='ocr_line' id='line_1_96' title="bbox 1986 1523 2996 1590; baseline 0 -12"><span class='ocrx_word' id='word_1_682' title='bbox 1986 1537 2082 1578; x_wconf 90' lang='lat' dir='ltr'><strong>nes</strong></span> <span class='ocrx_word' id='word_1_683' title='bbox 2113 1523 2438 1577; x_wconf 83' lang='lat' dir='ltr'><strong>tolerabilem</strong></span> <span class='ocrx_word' id='word_1_684' title='bbox 2461 1533 2623 1590; x_wconf 84' lang='lat' dir='ltr'><strong>agunt</strong></span> <span class='ocrx_word' id='word_1_685' title='bbox 2643 1535 2996 1581; x_wconf 86' lang='lat' dir='ltr'><strong>senectutem.</strong></span> 
     </span>
    </p>
   </div>
   <div class='ocr_carea' id='block_1_97' title="bbox 2059 1591 3552 1716">
    <p class='ocr_par' dir='ltr' id='par_1_97' title="bbox 2059 1591 3552 1716">
     <span class='ocr_line' id='line_1_97' title="bbox 2059 1591 3552 1716; baseline 0.006 -71"><span class='ocrx_word' id='word_1_686' title='bbox 2059 1591 2433 1716; x_wconf 49' lang='lat' dir='ltr'><strong>l:npt(;rttuiitas</strong></span> <span class='ocrx_word' id='word_1_687' title='bbox 2462 1603 2640 1648; x_wconf 91' lang='lat' dir='ltr'><strong>autem</strong></span> <span class='ocrx_word' id='word_1_688' title='bbox 2695 1604 2748 1649; x_wconf 89' lang='lat' dir='ltr'><strong>et</strong></span> <span class='ocrx_word' id='word_1_689' title='bbox 2802 1597 3159 1651; x_wconf 80' lang='lat' dir='ltr'><strong>inhumanitas</strong></span> <span class='ocrx_word' id='word_1_690' title='bbox 3209 1601 3355 1654; x_wconf 91' lang='lat' dir='ltr'><strong>omni</strong></span> <span class='ocrx_word' id='word_1_691' title='bbox 3407 1599 3552 1662; x_wconf 65' lang='lat' dir='ltr'><strong>aetati</strong></span> 
     </span>
     <span class='ocr_line' id='line_1_98' title="bbox 2059 1676 2334 1716; baseline -0.004 0"><span class='ocrx_word' id='word_1_692' title='bbox 2059 1676 2157 1716; x_wconf 74' lang='lat' dir='ltr'><strong>Jes</strong></span> <span class='ocrx_word' id='word_1_693' title='bbox 2233 1678 2289 1715; x_wconf 90' lang='lat' dir='ltr'><strong>es</strong></span> <span class='ocrx_word' id='word_1_694' title='bbox 2321 1701 2334 1716; x_wconf 93' lang='lat'><strong>.</strong></span> 
     </span>
    </p>
   </div>
   <div class='ocr_carea' id='block_1_98' title="bbox 1988 1671 2334 1718">
    <p class='ocr_par' dir='ltr' id='par_1_98' title="bbox 1988 1671 2334 1718">
     <span class='ocr_line' id='line_1_99' title="bbox 1988 1671 2334 1718; baseline -0.003 -2"><span class='ocrx_word' id='word_1_695' title='bbox 1988 1671 2211 1718; x_wconf 86' lang='lat' dir='ltr'><strong>motesta</strong></span> <span class='ocrx_word' id='word_1_696' title='bbox 2233 1671 2334 1716; x_wconf 90' lang='lat' dir='ltr'><strong>est.</strong></span> 
     </span>
    </p>
   </div>
   <div class='ocr_carea' id='block_1_99' title="bbox 1917 1733 3552 1812">
    <p class='ocr_par' dir='ltr' id='par_1_99' title="bbox 1917 1733 3552 1812">
     <span class='ocr_line' id='line_1_100' title="bbox 1917 1733 3552 1812; baseline 0.006 -27"><span class='ocrx_word' id='word_1_697' title='bbox 1917 1750 1967 1812; x_wconf 74' lang='grc' dir='ltr'><strong>Β</strong></span> <span class='ocrx_word' id='word_1_698' title='bbox 2067 1733 2288 1800; x_wconf 82' lang='lat' dir='ltr'><strong>PrOpter</strong></span> <span class='ocrx_word' id='word_1_699' title='bbox 2315 1747 2443 1801; x_wconf 91' lang='lat' dir='ltr'><strong>opes</strong></span> <span class='ocrx_word' id='word_1_700' title='bbox 2463 1736 2773 1812; x_wconf 87' lang='lat' dir='ltr'><strong>et_c_0piam_</strong></span> <span class='ocrx_word' id='word_1_701' title='bbox 2796 1747 2850 1792; x_wconf 90' lang='lat' dir='ltr'><strong>et</strong></span> <span class='ocrx_word' id='word_1_702' title='bbox 2878 1741 3186 1809; x_wconf 79' lang='lat' dir='ltr'><strong>dignitatem</strong></span> <span class='ocrx_word' id='word_1_703' title='bbox 3216 1739 3552 1812; x_wconf 85' lang='lat' dir='ltr'><strong>tolerabilio-</strong></span> 
     </span>
    </p>
   </div>
   <div class='ocr_carea' id='block_1_100' title="bbox 1996 1806 3554 1884">
    <p class='ocr_par' dir='ltr' id='par_1_100' title="bbox 1996 1806 3554 1884">
     <span class='ocr_line' id='line_1_101' title="bbox 1996 1806 3554 1884; baseline 0.006 -28"><span class='ocrx_word' id='word_1_704' title='bbox 1996 1817 2106 1884; x_wconf 75' lang='lat' dir='ltr'><strong>rem</strong></span> <span class='ocrx_word' id='word_1_705' title='bbox 2137 1814 2461 1884; x_wconf 70' lang='lat' dir='ltr'><strong>senectutem</strong></span> <span class='ocrx_word' id='word_1_706' title='bbox 2493 1806 2679 1884; x_wconf 82' lang='lat' dir='ltr'><strong>videri,</strong></span> <span class='ocrx_word' id='word_1_707' title='bbox 2729 1809 2876 1865; x_wconf 89' lang='lat' dir='ltr'><strong>aiunt</strong></span> <span class='ocrx_word' id='word_1_708' title='bbox 2917 1806 3175 1866; x_wconf 80' lang='lat' dir='ltr'><strong>nonnulli.</strong></span> <span class='ocrx_word' id='word_1_709' title='bbox 3209 1811 3388 1880; x_wconf 84' lang='lat' dir='ltr'><strong>Neque</strong></span> <span class='ocrx_word' id='word_1_710' title='bbox 3411 1812 3554 1865; x_wconf 93' lang='lat' dir='ltr'><strong>enim</strong></span> 
     </span>
    </p>
   </div>
   <div class='ocr_carea' id='block_1_101' title="bbox 1995 1875 3554 1954">
    <p class='ocr_par' dir='ltr' id='par_1_101' title="bbox 1995 1875 3554 1954">
     <span class='ocr_line' id='line_1_102' title="bbox 1995 1875 3554 1954; baseline 0.008 -30"><span class='ocrx_word' id='word_1_711' title='bbox 1995 1875 2047 1954; x_wconf 79' lang='lat' dir='ltr'><strong>in</strong></span> <span class='ocrx_word' id='word_1_712' title='bbox 2076 1887 2281 1954; x_wconf 80' lang='lat' dir='ltr'><strong>summa</strong></span> <span class='ocrx_word' id='word_1_713' title='bbox 2299 1875 2481 1954; x_wconf 90' lang='lat' dir='ltr'><strong>inopia</strong></span> <span class='ocrx_word' id='word_1_714' title='bbox 2513 1875 2642 1954; x_wconf 79' lang='lat' dir='ltr'><strong>levis</strong></span> <span class='ocrx_word' id='word_1_715' title='bbox 2675 1893 2792 1954; x_wconf 82' lang='lat' dir='ltr'><strong>esse</strong></span> <span class='ocrx_word' id='word_1_716' title='bbox 2837 1893 3086 1954; x_wconf 86' lang='lat' dir='ltr'><strong>senectus</strong></span> <span class='ocrx_word' id='word_1_717' title='bbox 3113 1875 3319 1954; x_wconf 55' lang='lat' dir='ltr'><strong>potest,</strong></span> <span class='ocrx_word' id='word_1_718' title='bbox 3340 1895 3440 1935; x_wconf 90' lang='lat' dir='ltr'><strong>nec</strong></span> <span class='ocrx_word' id='word_1_719' title='bbox 3467 1896 3554 1936; x_wconf 89' lang='lat' dir='ltr'><strong>sa-</strong></span> 
     </span>
    </p>
   </div>
   <div class='ocr_carea' id='block_1_102' title="bbox 1994 1943 3556 2024">
    <p class='ocr_par' dir='ltr' id='par_1_102' title="bbox 1994 1943 3556 2024">
     <span class='ocr_line' id='line_1_103' title="bbox 1994 1943 3556 2024; baseline 0.005 -26"><span class='ocrx_word' id='word_1_720' title='bbox 1994 1943 2157 2012; x_wconf 84' lang='lat' dir='ltr'><strong>pienti</strong></span> <span class='ocrx_word' id='word_1_721' title='bbox 2188 1943 2422 2024; x_wconf 80' lang='lat' dir='ltr'><strong>quidem,</strong></span> <span class='ocrx_word' id='word_1_722' title='bbox 2469 1961 2568 2001; x_wconf 89' lang='lat' dir='ltr'><strong>nec</strong></span> <span class='ocrx_word' id='word_1_723' title='bbox 2619 1948 2882 2024; x_wconf 83' lang='lat' dir='ltr'><strong>insipienti</strong></span> <span class='ocrx_word' id='word_1_724' title='bbox 2937 1943 3183 2008; x_wconf 56' lang='lat' dir='ltr'><strong>senect&#39;us</strong></span> <span class='ocrx_word' id='word_1_725' title='bbox 3236 1943 3301 2006; x_wconf 80' lang='grc' dir='ltr'><strong>ιη’</strong></span> <span class='ocrx_word' id='word_1_726' title='bbox 3345 1966 3556 2006; x_wconf 85' lang='lat' dir='ltr'><strong>summa</strong></span> 
     </span>
    </p>
   </div>
   <div class='ocr_carea' id='block_1_103' title="bbox 1991 2019 3562 2097">
    <p class='ocr_par' dir='ltr' id='par_1_103' title="bbox 1991 2019 3562 2097">
     <span class='ocr_line' id='line_1_104' title="bbox 1991 2019 3562 2097; baseline 0.006 -32"><span class='ocrx_word' id='word_1_727' title='bbox 1991 2027 2203 2081; x_wconf 90' lang='lat' dir='ltr'><strong>quoque</strong></span> <span class='ocrx_word' id='word_1_728' title='bbox 2225 2019 2374 2097; x_wconf 88' lang='lat' dir='ltr'><strong>copia</strong></span> <span class='ocrx_word' id='word_1_729' title='bbox 2401 2030 2503 2097; x_wconf 78' lang='lat' dir='ltr'><strong>non</strong></span> <span class='ocrx_word' id='word_1_730' title='bbox 2527 2019 2718 2085; x_wconf 87' lang='lat' dir='ltr'><strong>gravis.</strong></span> <span class='ocrx_word' id='word_1_731' title='bbox 2743 2022 3029 2097; x_wconf 76' lang='lat' dir='ltr'><strong>Aptissima</strong></span> <span class='ocrx_word' id='word_1_732' title='bbox 3053 2027 3274 2097; x_wconf 86' lang='lat' dir='ltr'><strong>omnino</strong></span> <span class='ocrx_word' id='word_1_733' title='bbox 3301 2037 3407 2097; x_wconf 79' lang='lat' dir='ltr'><strong>non</strong></span> <span class='ocrx_word' id='word_1_734' title='bbox 3433 2029 3562 2075; x_wconf 88' lang='lat' dir='ltr'><strong>sunt</strong></span> 
     </span>
    </p>
   </div>
   <div class='ocr_carea' id='block_1_104' title="bbox 1993 2091 3561 2164">
    <p class='ocr_par' dir='ltr' id='par_1_104' title="bbox 1993 2091 3561 2164">
     <span class='ocr_line' id='line_1_105' title="bbox 1993 2091 3561 2164; baseline 0.006 -27"><span class='ocrx_word' id='word_1_735' title='bbox 1993 2097 2148 2164; x_wconf 75' lang='lat' dir='ltr'><strong>arma</strong></span> <span class='ocrx_word' id='word_1_736' title='bbox 2194 2091 2500 2164; x_wconf 79' lang='lat' dir='ltr'><strong>senectutis.</strong></span> <span class='ocrx_word' id='word_1_737' title='bbox 2549 2097 2693 2164; x_wconf 77' lang='lat' dir='ltr'><strong>artes</strong></span> <span class='ocrx_word' id='word_1_738' title='bbox 2737 2091 2981 2156; x_wconf 86' lang='lat' dir='ltr'><strong>scilicet,</strong></span> <span class='ocrx_word' id='word_1_739' title='bbox 3040 2093 3561 2164; x_wconf 83' lang='lat' dir='ltr'><strong>exercitationesque</strong></span> 
     </span>
    </p>
   </div>
   <div class='ocr_carea' id='block_1_105' title="bbox 1994 2157 3562 2234">
    <p class='ocr_par' dir='ltr' id='par_1_105' title="bbox 1994 2157 3562 2234">
     <span class='ocr_line' id='line_1_106' title="bbox 1994 2157 3562 2234; baseline 0.006 -27"><span class='ocrx_word' id='word_1_740' title='bbox 1994 2157 2286 2234; x_wconf 47' lang='lat' dir='ltr'><strong>virtutum,</strong></span> <span class='ocrx_word' id='word_1_741' title='bbox 2319 2170 2444 2234; x_wconf 75' lang='lat' dir='ltr'><strong>quae</strong></span> <span class='ocrx_word' id='word_1_742' title='bbox 2467 2157 2694 2234; x_wconf 74' lang='lat' dir='ltr'><strong>inomni</strong></span> <span class='ocrx_word' id='word_1_743' title='bbox 2722 2170 2877 2234; x_wconf 65' lang='lat' dir='ltr'><strong>aetate</strong></span> <span class='ocrx_word' id='word_1_744' title='bbox 2905 2165 3082 2228; x_wconf 64' lang='lat' dir='ltr'><strong>cultae,</strong></span> <span class='ocrx_word' id='word_1_745' title='bbox 3115 2178 3234 2217; x_wconf 91' lang='lat' dir='ltr'><strong>cum</strong></span> <span class='ocrx_word' id='word_1_746' title='bbox 3285 2163 3376 2216; x_wconf 90' lang='lat' dir='ltr'><strong>diu</strong></span> <span class='ocrx_word' id='word_1_747' title='bbox 3421 2157 3562 2234; x_wconf 83' lang='lat' dir='ltr'><strong>mul-</strong></span> 
     </span>
    </p>
   </div>
   <div class='ocr_carea' id='block_1_106' title="bbox 1992 2225 3559 2302">
    <p class='ocr_par' dir='ltr' id='par_1_106' title="bbox 1992 2225 3559 2302">
     <span class='ocr_line' id='line_1_107' title="bbox 1992 2225 3559 2302; baseline 0.004 -24"><span class='ocrx_word' id='word_1_748' title='bbox 1992 2230 2211 2302; x_wconf 82' lang='lat' dir='ltr'><strong>tumque</strong></span> <span class='ocrx_word' id='word_1_749' title='bbox 2239 2225 2730 2302; x_wconf 84' lang='lat' dir='ltr'><strong>vixeris,_mirilicos</strong></span> <span class='ocrx_word' id='word_1_750' title='bbox 2751 2231 2982 2287; x_wconf 84' lang='lat' dir='ltr'><strong>aﬂerunt</strong></span> <span class='ocrx_word' id='word_1_751' title='bbox 3008 2225 3227 2298; x_wconf 80' lang='lat' dir='ltr'><strong>fructus,</strong></span> <span class='ocrx_word' id='word_1_752' title='bbox 3255 2247 3359 2285; x_wconf 90' lang='lat' dir='ltr'><strong>non</strong></span> <span class='ocrx_word' id='word_1_753' title='bbox 3384 2231 3559 2287; x_wconf 91' lang='lat' dir='ltr'><strong>solum</strong></span> 
     </span>
    </p>
   </div>
   <div class='ocr_carea' id='block_1_107' title="bbox 1994 2296 3568 2374">
    <p class='ocr_par' dir='ltr' id='par_1_107' title="bbox 1994 2296 3568 2374">
     <span class='ocr_line' id='line_1_108' title="bbox 1994 2296 3568 2374; baseline 0.007 -28"><span class='ocrx_word' id='word_1_754' title='bbox 1994 2296 2116 2374; x_wconf 80' lang='lat' dir='ltr'><strong>quia</strong></span> <span class='ocrx_word' id='word_1_755' title='bbox 2141 2309 2406 2374; x_wconf 84' lang='lat' dir='ltr'><strong>nunquam</strong></span> <span class='ocrx_word' id='word_1_756' title='bbox 2437 2296 2709 2365; x_wconf 83' lang='lat' dir='ltr'><strong>deserunt,</strong></span> <span class='ocrx_word' id='word_1_757' title='bbox 2740 2316 2809 2374; x_wconf 83' lang='lat' dir='ltr'><strong>ne</strong></span> <span class='ocrx_word' id='word_1_758' title='bbox 2837 2304 2887 2356; x_wconf 93' lang='lat' dir='ltr'><strong>in</strong></span> <span class='ocrx_word' id='word_1_759' title='bbox 2919 2313 3157 2358; x_wconf 86' lang='lat' dir='ltr'><strong>extremo</strong></span> <span class='ocrx_word' id='word_1_760' title='bbox 3183 2296 3396 2368; x_wconf 80' lang='lat' dir='ltr'><strong>quidem</strong></span> <span class='ocrx_word' id='word_1_761' title='bbox 3427 2311 3568 2374; x_wconf 72' lang='lat' dir='ltr'><strong>teta-</strong></span> 
     </span>
    </p>
   </div>
   <div class='ocr_carea' id='block_1_108' title="bbox 1995 2364 3561 2447">
    <p class='ocr_par' dir='ltr' id='par_1_108' title="bbox 1995 2364 3561 2447">
     <span class='ocr_line' id='line_1_109' title="bbox 1995 2364 3561 2447; baseline 0.006 -30"><span class='ocrx_word' id='word_1_762' title='bbox 1995 2366 2060 2418; x_wconf 88' lang='lat' dir='ltr'><strong>tis</strong></span> <span class='ocrx_word' id='word_1_763' title='bbox 2095 2372 2332 2447; x_wconf 76' lang='lat' dir='ltr'><strong>tempore</strong></span> <span class='ocrx_word' id='word_1_764' title='bbox 2383 2364 2707 2447; x_wconf 78' lang='lat' dir='ltr'><strong>(quanquam</strong></span> <span class='ocrx_word' id='word_1_765' title='bbox 2761 2369 2819 2447; x_wconf 88' lang='lat' dir='ltr'><strong>id_</strong></span> <span class='ocrx_word' id='word_1_766' title='bbox 2870 2374 3084 2447; x_wconf 82' lang='lat' dir='ltr'><strong>quidem</strong></span> <span class='ocrx_word' id='word_1_767' title='bbox 3114 2364 3405 2447; x_wconf 80' lang='lat' dir='ltr'><strong>maximum</strong></span> <span class='ocrx_word' id='word_1_768' title='bbox 3429 2373 3561 2447; x_wconf 80' lang='lat' dir='ltr'><strong>est),</strong></span> 
     </span>
    </p>
   </div>
   <div class='ocr_carea' id='block_1_109' title="bbox 1994 2441 3564 2502">
    <p class='ocr_par' dir='ltr' id='par_1_109' title="bbox 1994 2441 3564 2502">
     <span class='ocr_line' id='line_1_110' title="bbox 1994 2441 3564 2502; baseline 0.006 -15"><span class='ocrx_word' id='word_1_769' title='bbox 1994 2447 2176 2487; x_wconf 87' lang='lat' dir='ltr'><strong>verum</strong></span> <span class='ocrx_word' id='word_1_770' title='bbox 2201 2441 2360 2487; x_wconf 88' lang='lat' dir='ltr'><strong>etiam</strong></span> <span class='ocrx_word' id='word_1_771' title='bbox 2383 2441 2504 2502; x_wconf 89' lang='lat' dir='ltr'><strong>quia</strong></span> <span class='ocrx_word' id='word_1_772' title='bbox 2530 2441 2854 2496; x_wconf 88' lang='lat' dir='ltr'><strong>conscientia</strong></span> <span class='ocrx_word' id='word_1_773' title='bbox 2884 2443 3018 2498; x_wconf 90' lang='lat' dir='ltr'><strong>bene</strong></span> <span class='ocrx_word' id='word_1_774' title='bbox 3056 2453 3187 2498; x_wconf 64' lang='lat' dir='ltr'><strong>actae</strong></span> <span class='ocrx_word' id='word_1_775' title='bbox 3216 2446 3338 2496; x_wconf 72' lang='lat' dir='ltr'><strong>vita:</strong></span> <span class='ocrx_word' id='word_1_776' title='bbox 3367 2443 3564 2496; x_wconf 85' lang='lat' dir='ltr'><strong>multo-</strong></span> 
     </span>
    </p>
   </div>
   <div class='ocr_carea' id='block_1_110' title="bbox 1995 2503 3498 2581">
    <p class='ocr_par' dir='ltr' id='par_1_110' title="bbox 1995 2503 3498 2581">
     <span class='ocr_line' id='line_1_111' title="bbox 1995 2503 3498 2581; baseline 0.005 -23"><span class='ocrx_word' id='word_1_777' title='bbox 1995 2517 2221 2581; x_wconf 74' lang='lat' dir='ltr'><strong>rumque</strong></span> <span class='ocrx_word' id='word_1_778' title='bbox 2248 2503 2631 2560; x_wconf 89' lang='lat' dir='ltr'><strong>beneliciorum</strong></span> <span class='ocrx_word' id='word_1_779' title='bbox 2658 2512 2956 2567; x_wconf 90' lang='lat' dir='ltr'><strong>recordatio</strong></span> <span class='ocrx_word' id='word_1_780' title='bbox 2979 2509 3364 2581; x_wconf 86' lang='lat' dir='ltr'><strong>jucundissima</strong></span> <span class='ocrx_word' id='word_1_781' title='bbox 3391 2523 3498 2566; x_wconf 90' lang='lat' dir='ltr'><strong>est.</strong></span> 
     </span>
    </p>
   </div>
   <div class='ocr_carea' id='block_1_111' title="bbox 2067 2574 3570 2652">
    <p class='ocr_par' dir='ltr' id='par_1_111' title="bbox 2067 2574 3570 2652">
     <span class='ocr_line' id='line_1_112' title="bbox 2067 2574 3570 2652; baseline 0.008 -27"><span class='ocrx_word' id='word_1_782' title='bbox 2067 2574 2180 2652; x_wconf 75' lang='lat' dir='ltr'><strong>Non</strong></span> <span class='ocrx_word' id='word_1_783' title='bbox 2210 2588 2398 2627; x_wconf 89' lang='lat' dir='ltr'><strong>omnes</strong></span> <span class='ocrx_word' id='word_1_784' title='bbox 2432 2589 2650 2642; x_wconf 88' lang='lat' dir='ltr'><strong>possunt</strong></span> <span class='ocrx_word' id='word_1_785' title='bbox 2671 2593 2790 2634; x_wconf 89' lang='lat' dir='ltr'><strong>esse</strong></span> <span class='ocrx_word' id='word_1_786' title='bbox 2820 2574 3098 2648; x_wconf 80' lang='lat' dir='ltr'><strong>Scipiones</strong></span> <span class='ocrx_word' id='word_1_787' title='bbox 3127 2593 3218 2637; x_wconf 90' lang='lat' dir='ltr'><strong>aut</strong></span> <span class='ocrx_word' id='word_1_788' title='bbox 3245 2583 3479 2648; x_wconf 79' lang='lat' dir='ltr'><strong>Maximi,</strong></span> <span class='ocrx_word' id='word_1_789' title='bbox 3505 2589 3570 2637; x_wconf 82' lang='lat' dir='ltr'><strong>ut</strong></span> 
     </span>
    </p>
   </div>
   <div class='ocr_carea' id='block_1_112' title="bbox 2001 2642 3566 2722">
    <p class='ocr_par' dir='ltr' id='par_1_112' title="bbox 2001 2642 3566 2722">
     <span class='ocr_line' id='line_1_113' title="bbox 2001 2642 3566 2722; baseline 0.006 -26"><span class='ocrx_word' id='word_1_790' title='bbox 2001 2642 2210 2722; x_wconf 76' lang='lat' dir='ltr'><strong>urbium</strong></span> <span class='ocrx_word' id='word_1_791' title='bbox 2234 2655 2650 2712; x_wconf 78' lang='lat' dir='ltr'><strong>expugnatores,</strong></span> <span class='ocrx_word' id='word_1_792' title='bbox 2673 2659 2728 2702; x_wconf 92' lang='lat' dir='ltr'><strong>ut</strong></span> <span class='ocrx_word' id='word_1_793' title='bbox 2747 2642 3020 2722; x_wconf 80' lang='lat' dir='ltr'><strong>pedestres</strong></span> <span class='ocrx_word' id='word_1_794' title='bbox 3038 2655 3320 2708; x_wconf 86' lang='lat' dir='ltr'><strong>navalesve</strong></span> <span class='ocrx_word' id='word_1_795' title='bbox 3339 2642 3566 2722; x_wconf 80' lang='lat' dir='ltr'><strong>pugnas,</strong></span> 
     </span>
    </p>
   </div>
   <div class='ocr_carea' id='block_1_113' title="bbox 1998 2714 3566 2793">
    <p class='ocr_par' dir='ltr' id='par_1_113' title="bbox 1998 2714 3566 2793">
     <span class='ocr_line' id='line_1_114' title="bbox 1998 2714 3566 2793; baseline 0.006 -26"><span class='ocrx_word' id='word_1_796' title='bbox 1998 2723 2066 2793; x_wconf 40' lang='lat' dir='ltr'><strong>ut.</strong></span> <span class='ocrx_word' id='word_1_797' title='bbox 2085 2714 2220 2767; x_wconf 85' lang='lat' dir='ltr'><strong>bella</strong></span> <span class='ocrx_word' id='word_1_798' title='bbox 2250 2727 2280 2793; x_wconf 86' lang='lat' dir='ltr'><strong>a</strong></span> <span class='ocrx_word' id='word_1_799' title='bbox 2310 2729 2370 2767; x_wconf 89' lang='lat' dir='ltr'><strong>se</strong></span> <span class='ocrx_word' id='word_1_800' title='bbox 2396 2725 2562 2783; x_wconf 83' lang='lat' dir='ltr'><strong>gesta,</strong></span> <span class='ocrx_word' id='word_1_801' title='bbox 2598 2729 2655 2771; x_wconf 89' lang='lat' dir='ltr'><strong>ut</strong></span> <span class='ocrx_word' id='word_1_802' title='bbox 2698 2714 2994 2790; x_wconf 83' lang='lat' dir='ltr'><strong>triumphos</strong></span> <span class='ocrx_word' id='word_1_803' title='bbox 3041 2714 3436 2777; x_wconf 56' lang='lat' dir='ltr'><strong>recordentur:</strong></span> <span class='ocrx_word' id='word_1_804' title='bbox 3468 2714 3566 2793; x_wconf 78' lang='lat' dir='ltr'><strong>Est</strong></span> 
     </span>
    </p>
   </div>
   <div class='ocr_carea' id='block_1_114' title="bbox 1994 2787 3561 2864">
    <p class='ocr_par' dir='ltr' id='par_1_114' title="bbox 1994 2787 3561 2864">
     <span class='ocr_line' id='line_1_115' title="bbox 1994 2787 3561 2864; baseline 0.007 -27"><span class='ocrx_word' id='word_1_805' title='bbox 1994 2787 2366 2864; x_wconf 71' lang='lat' dir='ltr'><strong>etiamquiete</strong></span> <span class='ocrx_word' id='word_1_806' title='bbox 2413 2798 2467 2864; x_wconf 84' lang='lat' dir='ltr'><strong>et</strong></span> <span class='ocrx_word' id='word_1_807' title='bbox 2513 2802 2640 2855; x_wconf 93' lang='lat' dir='ltr'><strong>pure</strong></span> <span class='ocrx_word' id='word_1_808' title='bbox 2695 2787 2877 2859; x_wconf 59' lang='lat' dir='ltr'><strong>atque&#39;</strong></span> <span class='ocrx_word' id='word_1_809' title='bbox 2902 2794 3178 2864; x_wconf 84' lang='lat' dir='ltr'><strong>eleganter</strong></span> <span class='ocrx_word' id='word_1_810' title='bbox 3203 2808 3333 2848; x_wconf 70' lang='lat' dir='ltr'><strong>acta:</strong></span> <span class='ocrx_word' id='word_1_811' title='bbox 3363 2792 3561 2864; x_wconf 62' lang='lat' dir='ltr'><strong>aetatis,</strong></span> 
     </span>
    </p>
   </div>
   <div class='ocr_carea' id='block_1_115' title="bbox 1997 2853 3564 2934">
    <p class='ocr_par' dir='ltr' id='par_1_115' title="bbox 1997 2853 3564 2934">
     <span class='ocr_line' id='line_1_116' title="bbox 1997 2853 3564 2934; baseline 0.006 -28"><span class='ocrx_word' id='word_1_812' title='bbox 1997 2853 2206 2934; x_wconf 85' lang='lat' dir='ltr'><strong>placida</strong></span> <span class='ocrx_word' id='word_1_813' title='bbox 2224 2868 2298 2934; x_wconf 84' lang='lat' dir='ltr'><strong>_ac</strong></span> <span class='ocrx_word' id='word_1_814' title='bbox 2325 2854 2458 2909; x_wconf 91' lang='lat' dir='ltr'><strong>levis</strong></span> <span class='ocrx_word' id='word_1_815' title='bbox 2499 2853 3019 2934; x_wconf 50' lang='lat' dir='ltr'><strong>senectusfqualem&#39;</strong></span> <span class='ocrx_word' id='word_1_816' title='bbox 3053 2863 3355 2930; x_wconf 88' lang='lat' dir='ltr'><strong>accepimus</strong></span> <span class='ocrx_word' id='word_1_817' title='bbox 3389 2853 3564 2916; x_wconf 56' lang='lat' dir='ltr'><strong>Plato;</strong></span> 
     </span>
    </p>
   </div>
   <div class='ocr_carea' id='block_1_116' title="bbox 1997 2931 3565 2998">
    <p class='ocr_par' dir='ltr' id='par_1_116' title="bbox 1997 2931 3565 2998">
     <span class='ocr_line' id='line_1_117' title="bbox 1997 2931 3565 2998; baseline 0.005 -20"><span class='ocrx_word' id='word_1_818' title='bbox 1997 2931 2100 2988; x_wconf 89' lang='lat' dir='ltr'><strong>nis,</strong></span> <span class='ocrx_word' id='word_1_819' title='bbox 2150 2931 2235 2993; x_wconf 89' lang='lat' dir='ltr'><strong>qui</strong></span> <span class='ocrx_word' id='word_1_820' title='bbox 2259 2940 2369 2998; x_wconf 91' lang='lat' dir='ltr'><strong>uno</strong></span> <span class='ocrx_word' id='word_1_821' title='bbox 2397 2935 2451 2998; x_wconf 80' lang='lat' dir='ltr'><strong>et</strong></span> <span class='ocrx_word' id='word_1_822' title='bbox 2481 2931 2838 2998; x_wconf 86' lang='lat' dir='ltr'><strong>octuagesimo</strong></span> <span class='ocrx_word' id='word_1_823' title='bbox 2885 2949 3024 2986; x_wconf 92' lang='lat' dir='ltr'><strong>anno</strong></span> <span class='ocrx_word' id='word_1_824' title='bbox 3054 2934 3291 2989; x_wconf 88' lang='lat' dir='ltr'><strong>scribens</strong></span> <span class='ocrx_word' id='word_1_825' title='bbox 3324 2943 3565 2987; x_wconf 83' lang='lat' dir='ltr'><strong>mortuus</strong></span> 
     </span>
    </p>
   </div>
   <div class='ocr_carea' id='block_1_117' title="bbox 1996 2995 3564 3076">
    <p class='ocr_par' dir='ltr' id='par_1_117' title="bbox 1996 2995 3564 3076">
     <span class='ocr_line' id='line_1_118' title="bbox 1996 2995 3564 3076; baseline 0.004 -27"><span class='ocrx_word' id='word_1_826' title='bbox 1996 3004 2083 3075; x_wconf 75' lang='lat' dir='ltr'><strong>est</strong></span> <span class='ocrx_word' id='word_1_827' title='bbox 2099 3011 2112 3059; x_wconf 92' lang='lat'><strong>;</strong></span> <span class='ocrx_word' id='word_1_828' title='bbox 2148 2995 2664 3076; x_wconf 49' lang='lat' dir='ltr'><strong>qualemnlsocratis&#39;,</strong></span> <span class='ocrx_word' id='word_1_829' title='bbox 2691 3001 2777 3067; x_wconf 92' lang='lat' dir='ltr'><strong>qui</strong></span> <span class='ocrx_word' id='word_1_830' title='bbox 2809 3017 2930 3056; x_wconf 91' lang='lat' dir='ltr'><strong>eum</strong></span> <span class='ocrx_word' id='word_1_831' title='bbox 2962 3003 3153 3076; x_wconf 87' lang='lat' dir='ltr'><strong>librum</strong></span> <span class='ocrx_word' id='word_1_832' title='bbox 3182 3005 3270 3072; x_wconf 92' lang='lat' dir='ltr'><strong>qui</strong></span> <span class='ocrx_word' id='word_1_833' title='bbox 3299 3003 3564 3076; x_wconf 81' lang='lat' dir='ltr'><strong>Panathe-</strong></span> 
     </span>
    </p>
   </div>
   <div class='ocr_carea' id='block_1_118' title="bbox 2001 3067 3564 3143">
    <p class='ocr_par' dir='ltr' id='par_1_118' title="bbox 2001 3067 3564 3143">
     <span class='ocr_line' id='line_1_119' title="bbox 2001 3067 3564 3143; baseline 0.006 -26"><span class='ocrx_word' id='word_1_834' title='bbox 2001 3067 2184 3143; x_wconf 88' lang='lat' dir='ltr'><strong>naicus</strong></span> <span class='ocrx_word' id='word_1_835' title='bbox 2214 3067 2740 3143; x_wconf 79' lang='lat' dir='ltr'><strong>inscribiturquarto</strong></span> <span class='ocrx_word' id='word_1_836' title='bbox 2769 3081 2823 3125; x_wconf 92' lang='lat' dir='ltr'><strong>et</strong></span> <span class='ocrx_word' id='word_1_837' title='bbox 2865 3067 3212 3143; x_wconf 80' lang='lat' dir='ltr'><strong>nonagesimo</strong></span> <span class='ocrx_word' id='word_1_838' title='bbox 3262 3087 3400 3128; x_wconf 90' lang='lat' dir='ltr'><strong>anno</strong></span> <span class='ocrx_word' id='word_1_839' title='bbox 3425 3073 3564 3143; x_wconf 84' lang='lat' dir='ltr'><strong>seri-</strong></span> 
     </span>
    </p>
   </div>
   <div class='ocr_carea' id='block_1_119' title="bbox 1999 3135 3562 3218">
    <p class='ocr_par' dir='ltr' id='par_1_119' title="bbox 1999 3135 3562 3218">
     <span class='ocr_line' id='line_1_120' title="bbox 1999 3135 3562 3218; baseline 0.006 -30"><span class='ocrx_word' id='word_1_840' title='bbox 1999 3136 2176 3218; x_wconf 78' lang='lat' dir='ltr'><strong>psisse</strong></span> <span class='ocrx_word' id='word_1_841' title='bbox 2197 3135 2408 3218; x_wconf 61' lang='lat' dir='ltr'><strong>diciiur,</strong></span> <span class='ocrx_word' id='word_1_842' title='bbox 2438 3135 2673 3218; x_wconf 56' lang='lat' dir='ltr'><strong>vixitque</strong></span> <span class='ocrx_word' id='word_1_843' title='bbox 2718 3135 3134 3218; x_wconf 67' lang='lat' dir='ltr'><strong>quinquennium</strong></span> <span class='ocrx_word' id='word_1_844' title='bbox 3165 3153 3369 3213; x_wconf 86' lang='lat' dir='ltr'><strong>postea.</strong></span> <span class='ocrx_word' id='word_1_845' title='bbox 3397 3142 3562 3212; x_wconf 80' lang='lat' dir='ltr'><strong>Cujus</strong></span> 
     </span>
    </p>
   </div>
   <div class='ocr_carea' id='block_1_120' title="bbox 1995 3205 3563 3285">
    <p class='ocr_par' dir='ltr' id='par_1_120' title="bbox 1995 3205 3563 3285">
     <span class='ocr_line' id='line_1_121' title="bbox 1995 3205 3563 3285; baseline 0.006 -27"><span class='ocrx_word' id='word_1_846' title='bbox 1995 3205 2247 3285; x_wconf 81' lang='lat' dir='ltr'><strong>magister</strong></span> <span class='ocrx_word' id='word_1_847' title='bbox 2302 3205 2604 3262; x_wconf 70' lang='lat' dir='ltr'><strong>Leontinus</strong></span> <span class='ocrx_word' id='word_1_848' title='bbox 2620 3205 2842 3280; x_wconf 81' lang='lat' dir='ltr'><strong>Gorgias</strong></span> <span class='ocrx_word' id='word_1_849' title='bbox 2864 3205 3079 3268; x_wconf 77' lang='lat' dir='ltr'><strong>centum</strong></span> <span class='ocrx_word' id='word_1_850' title='bbox 3107 3205 3395 3282; x_wconf 61' lang='lat' dir='ltr'><strong>et&#39;septein</strong></span> <span class='ocrx_word' id='word_1_851' title='bbox 3415 3205 3563 3267; x_wconf 78' lang='lat' dir='ltr'><strong>coin-</strong></span> 
     </span>
    </p>
   </div>
   <div class='ocr_carea' id='block_1_121' title="bbox 1993 3276 3561 3352">
    <p class='ocr_par' dir='ltr' id='par_1_121' title="bbox 1993 3276 3561 3352">
     <span class='ocr_line' id='line_1_122' title="bbox 1993 3276 3561 3352; baseline 0.006 -24"><span class='ocrx_word' id='word_1_852' title='bbox 1993 3276 2376 3352; x_wconf 68' lang='lat' dir='ltr'><strong>plevitannos,</strong></span> <span class='ocrx_word' id='word_1_853' title='bbox 2419 3291 2588 3352; x_wconf 86' lang='lat' dir='ltr'><strong>neque</strong></span> <span class='ocrx_word' id='word_1_854' title='bbox 2637 3276 2865 3348; x_wconf 73' lang='lat' dir='ltr'><strong>unquam</strong></span> <span class='ocrx_word' id='word_1_855' title='bbox 2914 3287 2965 3337; x_wconf 92' lang='lat' dir='ltr'><strong>in</strong></span> <span class='ocrx_word' id='word_1_856' title='bbox 3013 3285 3190 3340; x_wconf 90' lang='lat' dir='ltr'><strong>studio</strong></span> <span class='ocrx_word' id='word_1_857' title='bbox 3248 3276 3346 3338; x_wconf 78' lang='lat' dir='ltr'><strong>suo</strong></span> <span class='ocrx_word' id='word_1_858' title='bbox 3400 3291 3561 3352; x_wconf 83' lang='lat' dir='ltr'><strong>atque</strong></span> 
     </span>
    </p>
   </div>
   <div class='ocr_carea' id='block_1_122' title="bbox 1992 3347 3561 3426">
    <p class='ocr_par' dir='ltr' id='par_1_122' title="bbox 1992 3347 3561 3426">
     <span class='ocr_line' id='line_1_123' title="bbox 1992 3347 3561 3426; baseline 0.004 -26"><span class='ocrx_word' id='word_1_859' title='bbox 1992 3359 2156 3426; x_wconf 76' lang='lat' dir='ltr'><strong>opere</strong></span> <span class='ocrx_word' id='word_1_860' title='bbox 2174 3347 2428 3426; x_wconf 61' lang='lat' dir='ltr'><strong>cessavit.</strong></span> <span class='ocrx_word' id='word_1_861' title='bbox 2456 3347 2553 3426; x_wconf 85' lang='lat' dir='ltr'><strong>Qui</strong></span> <span class='ocrx_word' id='word_1_862' title='bbox 2584 3347 2890 3426; x_wconf 30' lang='lat' dir='ltr'><strong>cutu’exeo</strong></span> <span class='ocrx_word' id='word_1_863' title='bbox 2918 3367 3265 3419; x_wconf 66' lang='lat' dir='ltr'><strong>quaereretur,</strong></span> <span class='ocrx_word' id='word_1_864' title='bbox 3317 3368 3412 3407; x_wconf 90' lang='lat' dir='ltr'><strong>cur</strong></span> <span class='ocrx_word' id='word_1_865' title='bbox 3428 3347 3561 3426; x_wconf 57' lang='lat' dir='ltr'><strong>an.</strong></span> 
     </span>
    </p>
   </div>
   <div class='ocr_carea' id='block_1_123' title="bbox 1993 3415 3560 3494">
    <p class='ocr_par' dir='ltr' id='par_1_123' title="bbox 1993 3415 3560 3494">
     <span class='ocr_line' id='line_1_124' title="bbox 1993 3415 3560 3494; baseline 0.004 -25"><span class='ocrx_word' id='word_1_866' title='bbox 1993 3415 2084 3469; x_wconf 91' lang='lat' dir='ltr'><strong>diu</strong></span> <span class='ocrx_word' id='word_1_867' title='bbox 2115 3417 2244 3470; x_wconf 91' lang='lat' dir='ltr'><strong>velit</strong></span> <span class='ocrx_word' id='word_1_868' title='bbox 2267 3432 2387 3472; x_wconf 85' lang='lat' dir='ltr'><strong>esse</strong></span> <span class='ocrx_word' id='word_1_869' title='bbox 2413 3417 2465 3470; x_wconf 92' lang='lat' dir='ltr'><strong>iu</strong></span> <span class='ocrx_word' id='word_1_870' title='bbox 2500 3419 2650 3494; x_wconf 78' lang='lat' dir='ltr'><strong>vita_:</strong></span> <span class='ocrx_word' id='word_1_871' title='bbox 2685 3420 2825 3475; x_wconf 88' lang='lat' dir='ltr'><strong>Nihil</strong></span> <span class='ocrx_word' id='word_1_872' title='bbox 2857 3415 3047 3486; x_wconf 76' lang='lat' dir='ltr'><strong>habeo,</strong></span> <span class='ocrx_word' id='word_1_873' title='bbox 3075 3415 3263 3494; x_wconf 72' lang='lat' dir='ltr'><strong>inquit,</strong></span> <span class='ocrx_word' id='word_1_874' title='bbox 3295 3424 3437 3494; x_wconf 83' lang='lat' dir='ltr'><strong>quod</strong></span> <span class='ocrx_word' id='word_1_875' title='bbox 3469 3437 3560 3476; x_wconf 87' lang='lat' dir='ltr'><strong>ac-</strong></span> 
     </span>
    </p>
   </div>
   <div class='ocr_carea' id='block_1_124' title="bbox 1991 3489 3559 3564">
    <p class='ocr_par' dir='ltr' id='par_1_124' title="bbox 1991 3489 3559 3564">
     <span class='ocr_line' id='line_1_125' title="bbox 1991 3489 3559 3564; baseline 0.006 -26"><span class='ocrx_word' id='word_1_876' title='bbox 1991 3499 2173 3564; x_wconf 80' lang='lat' dir='ltr'><strong>cusem</strong></span> <span class='ocrx_word' id='word_1_877' title='bbox 2206 3497 2550 3564; x_wconf 73' lang='lat' dir='ltr'><strong>senectutem.</strong></span> <span class='ocrx_word' id='word_1_878' title='bbox 2587 3489 2906 3564; x_wconf 72' lang='lat' dir='ltr'><strong>Praeclarum</strong></span> <span class='ocrx_word' id='word_1_879' title='bbox 2948 3489 3286 3562; x_wconf 77' lang='lat' dir='ltr'><strong>reSponsum,</strong></span> <span class='ocrx_word' id='word_1_880' title='bbox 3316 3489 3374 3547; x_wconf 78' lang='lat' dir='ltr'><strong>et</strong></span> <span class='ocrx_word' id='word_1_881' title='bbox 3398 3491 3559 3548; x_wconf 90' lang='lat' dir='ltr'><strong>docto</strong></span> 
     </span>
    </p>
   </div>
   <div class='ocr_carea' id='block_1_125' title="bbox 1992 3556 3557 3634">
    <p class='ocr_par' dir='ltr' id='par_1_125' title="bbox 1992 3556 3557 3634">
     <span class='ocr_line' id='line_1_126' title="bbox 1992 3556 3557 3634; baseline 0.007 -28"><span class='ocrx_word' id='word_1_882' title='bbox 1992 3556 2207 3634; x_wconf 78' lang='lat' dir='ltr'><strong>homine</strong></span> <span class='ocrx_word' id='word_1_883' title='bbox 2229 3556 2468 3634; x_wconf 82' lang='lat' dir='ltr'><strong>dignum.</strong></span> <span class='ocrx_word' id='word_1_884' title='bbox 2500 3557 2606 3613; x_wconf 89' lang='lat' dir='ltr'><strong>Sua</strong></span> <span class='ocrx_word' id='word_1_885' title='bbox 2638 3563 2795 3634; x_wconf 30' lang='lat' dir='ltr'><strong>enim“</strong></span> <span class='ocrx_word' id='word_1_886' title='bbox 2811 3563 2935 3617; x_wconf 86' lang='lat' dir='ltr'><strong>vitia</strong></span> <span class='ocrx_word' id='word_1_887' title='bbox 2978 3556 3307 3634; x_wconf 79' lang='lat' dir='ltr'><strong>insipientes,</strong></span> <span class='ocrx_word' id='word_1_888' title='bbox 3332 3572 3386 3617; x_wconf 89' lang='lat' dir='ltr'><strong>et</strong></span> <span class='ocrx_word' id='word_1_889' title='bbox 3405 3577 3557 3617; x_wconf 86' lang='lat' dir='ltr'><strong>suam</strong></span> 
     </span>
    </p>
   </div>
   <div class='ocr_carea' id='block_1_126' title="bbox 1991 3627 3555 3706">
    <p class='ocr_par' dir='ltr' id='par_1_126' title="bbox 1991 3627 3555 3706">
     <span class='ocr_line' id='line_1_127' title="bbox 1991 3627 3555 3706; baseline 0.006 -28"><span class='ocrx_word' id='word_1_890' title='bbox 1991 3627 2281 3706; x_wconf 87' lang='lat' dir='ltr'><strong>culpatnin</strong></span> <span class='ocrx_word' id='word_1_891' title='bbox 2311 3637 2640 3706; x_wconf 76' lang='lat' dir='ltr'><strong>senectutem</strong></span> <span class='ocrx_word' id='word_1_892' title='bbox 2668 3631 2967 3706; x_wconf 77' lang='lat' dir='ltr'><strong>conferunt.</strong></span> <span class='ocrx_word' id='word_1_893' title='bbox 3008 3627 3205 3688; x_wconf 73' lang='lat' dir='ltr'><strong>Ennius</strong></span> <span class='ocrx_word' id='word_1_894' title='bbox 3249 3633 3358 3701; x_wconf 86' lang='lat' dir='ltr'><strong>jam</strong></span> <span class='ocrx_word' id='word_1_895' title='bbox 3387 3647 3555 3706; x_wconf 89' lang='lat' dir='ltr'><strong>annos</strong></span> 
     </span>
    </p>
   </div>
   <div class='ocr_carea' id='block_1_127' title="bbox 1993 3698 3556 3773">
    <p class='ocr_par' dir='ltr' id='par_1_127' title="bbox 1993 3698 3556 3773">
     <span class='ocr_line' id='line_1_128' title="bbox 1993 3698 3556 3773; baseline 0.005 -25"><span class='ocrx_word' id='word_1_896' title='bbox 1993 3710 2091 3748; x_wconf 78' lang='lat' dir='ltr'><strong>Lxx</strong></span> <span class='ocrx_word' id='word_1_897' title='bbox 2138 3705 2314 3762; x_wconf 86' lang='lat' dir='ltr'><strong>natus,</strong></span> <span class='ocrx_word' id='word_1_898' title='bbox 2341 3698 2411 3750; x_wconf 89' lang='lat' dir='ltr'><strong>ita</strong></span> <span class='ocrx_word' id='word_1_899' title='bbox 2460 3698 2663 3753; x_wconf 85' lang='lat' dir='ltr'><strong>l&#39;erehat</strong></span> <span class='ocrx_word' id='word_1_900' title='bbox 2710 3700 2817 3757; x_wconf 89' lang='lat' dir='ltr'><strong>duo</strong></span> <span class='ocrx_word' id='word_1_901' title='bbox 2861 3719 2980 3772; x_wconf 70' lang='lat' dir='ltr'><strong>quae</strong></span> <span class='ocrx_word' id='word_1_902' title='bbox 3023 3698 3273 3773; x_wconf 83' lang='lat' dir='ltr'><strong>putantur</strong></span> <span class='ocrx_word' id='word_1_903' title='bbox 3321 3705 3556 3757; x_wconf 86' lang='lat' dir='ltr'><strong>maxima</strong></span> 
     </span>
    </p>
   </div>
   <div class='ocr_carea' id='block_1_128' title="bbox 1991 3774 3554 3843">
    <p class='ocr_par' dir='ltr' id='par_1_128' title="bbox 1991 3774 3554 3843">
     <span class='ocr_line' id='line_1_129' title="bbox 1991 3774 3554 3843; baseline 0.008 -29"><span class='ocrx_word' id='word_1_904' title='bbox 1991 3781 2178 3843; x_wconf 69' lang='lat' dir='ltr'><strong>onera,</strong></span> <span class='ocrx_word' id='word_1_905' title='bbox 2213 3777 2575 3843; x_wconf 77' lang='lat' dir='ltr'><strong>paupertatem</strong></span> <span class='ocrx_word' id='word_1_906' title='bbox 2599 3780 2653 3824; x_wconf 91' lang='lat' dir='ltr'><strong>et</strong></span> <span class='ocrx_word' id='word_1_907' title='bbox 2679 3784 3032 3842; x_wconf 89' lang='lat' dir='ltr'><strong>senectutem,</strong></span> <span class='ocrx_word' id='word_1_908' title='bbox 3081 3785 3137 3829; x_wconf 91' lang='lat' dir='ltr'><strong>ut</strong></span> <span class='ocrx_word' id='word_1_909' title='bbox 3177 3775 3255 3829; x_wconf 90' lang='lat' dir='ltr'><strong>eis</strong></span> <span class='ocrx_word' id='word_1_910' title='bbox 3284 3788 3420 3843; x_wconf 89' lang='lat' dir='ltr'><strong>pene</strong></span> <span class='ocrx_word' id='word_1_911' title='bbox 3455 3774 3554 3827; x_wconf 90' lang='lat' dir='ltr'><strong>de-</strong></span> 
     </span>
    </p>
   </div>
   <div class='ocr_carea' id='block_1_129' title="bbox 1990 3835 2481 3892">
    <p class='ocr_par' dir='ltr' id='par_1_129' title="bbox 1990 3835 2481 3892">
     <span class='ocr_line' id='line_1_130' title="bbox 1990 3835 2481 3892; baseline 0 -1"><span class='ocrx_word' id='word_1_912' title='bbox 1990 3835 2174 3891; x_wconf 75' lang='lat' dir='ltr'><strong>lemari</strong></span> <span class='ocrx_word' id='word_1_913' title='bbox 2197 3837 2481 3892; x_wconf 73' lang='lat' dir='ltr'><strong>videretur.</strong></span> 
     </span>
    </p>
   </div>
   <div class='ocr_carea' id='block_1_130' title="bbox 2059 3907 3556 3986">
    <p class='ocr_par' dir='ltr' id='par_1_130' title="bbox 2059 3907 3556 3986">
     <span class='ocr_line' id='line_1_131' title="bbox 2059 3907 3556 3986; baseline 0.006 -28"><span class='ocrx_word' id='word_1_914' title='bbox 2059 3907 2270 3986; x_wconf 85' lang='lat' dir='ltr'><strong>Etenim</strong></span> <span class='ocrx_word' id='word_1_915' title='bbox 2325 3922 2444 3962; x_wconf 90' lang='lat' dir='ltr'><strong>cum</strong></span> <span class='ocrx_word' id='word_1_916' title='bbox 2493 3909 2819 3986; x_wconf 87' lang='lat' dir='ltr'><strong>complector</strong></span> <span class='ocrx_word' id='word_1_917' title='bbox 2870 3915 3071 3986; x_wconf 91' lang='lat' dir='ltr'><strong>animo,</strong></span> <span class='ocrx_word' id='word_1_918' title='bbox 3115 3922 3343 3984; x_wconf 91' lang='lat' dir='ltr'><strong>quatuor</strong></span> <span class='ocrx_word' id='word_1_919' title='bbox 3367 3926 3556 3986; x_wconf 77' lang='lat' dir='ltr'><strong>causas</strong></span> 
     </span>
    </p>
   </div>
   <div class='ocr_carea' id='block_1_131' title="bbox 1992 3981 3554 4050">
    <p class='ocr_par' dir='ltr' id='par_1_131' title="bbox 1992 3981 3554 4050">
     <span class='ocr_line' id='line_1_132' title="bbox 1992 3981 3554 4050; baseline 0.004 -20"><span class='ocrx_word' id='word_1_920' title='bbox 1992 3981 2222 4044; x_wconf 89' lang='lat' dir='ltr'><strong>reperio,</strong></span> <span class='ocrx_word' id='word_1_921' title='bbox 2249 3992 2343 4050; x_wconf 81' lang='lat' dir='ltr'><strong>cur</strong></span> <span class='ocrx_word' id='word_1_922' title='bbox 2369 3987 2617 4033; x_wconf 90' lang='lat' dir='ltr'><strong>senectus</strong></span> <span class='ocrx_word' id='word_1_923' title='bbox 2658 3984 2853 4036; x_wconf 88' lang='lat' dir='ltr'><strong>misera</strong></span> <span class='ocrx_word' id='word_1_924' title='bbox 2884 3981 3167 4038; x_wconf 60' lang='lat' dir='ltr'><strong>videatur&#39;:</strong></span> <span class='ocrx_word' id='word_1_925' title='bbox 3201 3998 3384 4048; x_wconf 91' lang='lat' dir='ltr'><strong>unam,</strong></span> <span class='ocrx_word' id='word_1_926' title='bbox 3406 3981 3554 4050; x_wconf 86' lang='lat' dir='ltr'><strong>quod</strong></span> 
     </span>
    </p>
   </div>
   <div class='ocr_carea' id='block_1_132' title="bbox 1990 4047 3556 4128">
    <p class='ocr_par' dir='ltr' id='par_1_132' title="bbox 1990 4047 3556 4128">
     <span class='ocr_line' id='line_1_133' title="bbox 1990 4047 3556 4128; baseline 0.006 -30"><span class='ocrx_word' id='word_1_927' title='bbox 1990 4053 2184 4128; x_wconf 67' lang='lat' dir='ltr'><strong>avocet</strong></span> <span class='ocrx_word' id='word_1_928' title='bbox 2203 4062 2232 4098; x_wconf 92' lang='lat' dir='ltr'><strong>a</strong></span> <span class='ocrx_word' id='word_1_929' title='bbox 2255 4047 2717 4128; x_wconf 72' lang='lat' dir='ltr'><strong>rebusgerendis;_</strong></span> <span class='ocrx_word' id='word_1_930' title='bbox 2743 4053 2984 4128; x_wconf 78' lang='lat' dir='ltr'><strong>alteram,</strong></span> <span class='ocrx_word' id='word_1_931' title='bbox 3016 4055 3156 4122; x_wconf 91' lang='lat' dir='ltr'><strong>quod</strong></span> <span class='ocrx_word' id='word_1_932' title='bbox 3180 4047 3377 4128; x_wconf 71' lang='lat' dir='ltr'><strong>corpus</strong></span> <span class='ocrx_word' id='word_1_933' title='bbox 3397 4047 3556 4107; x_wconf 81' lang='lat' dir='ltr'><strong>l&#39;aciat</strong></span> 
     </span>
    </p>
   </div>
   <div class='ocr_carea' id='block_1_133' title="bbox 1992 4117 3556 4192">
    <p class='ocr_par' dir='ltr' id='par_1_133' title="bbox 1992 4117 3556 4192">
     <span class='ocr_line' id='line_1_134' title="bbox 1992 4117 3556 4192; baseline 0.004 -23"><span class='ocrx_word' id='word_1_934' title='bbox 1992 4117 2287 4192; x_wconf 57' lang='lat' dir='ltr'><strong>inlirmius;</strong></span> <span class='ocrx_word' id='word_1_935' title='bbox 2315 4120 2547 4192; x_wconf 80' lang='lat' dir='ltr'><strong>tertiam,</strong></span> <span class='ocrx_word' id='word_1_936' title='bbox 2577 4121 2719 4182; x_wconf 86' lang='lat' dir='ltr'><strong>quod</strong></span> <span class='ocrx_word' id='word_1_937' title='bbox 2752 4123 2928 4190; x_wconf 88' lang='lat' dir='ltr'><strong>privet</strong></span> <span class='ocrx_word' id='word_1_938' title='bbox 2959 4117 3073 4178; x_wconf 75' lang='lat' dir='ltr'><strong>fere</strong></span> <span class='ocrx_word' id='word_1_939' title='bbox 3095 4117 3371 4189; x_wconf 84' lang='lat' dir='ltr'><strong>omnibus;</strong></span> <span class='ocrx_word' id='word_1_940' title='bbox 3395 4136 3556 4192; x_wconf 85' lang='lat' dir='ltr'><strong>quar-</strong></span> 
     </span>
    </p>
   </div>
   <div class='ocr_carea' id='block_1_134' title="bbox 1991 4188 3554 4266">
    <p class='ocr_par' dir='ltr' id='par_1_134' title="bbox 1991 4188 3554 4266">
     <span class='ocr_line' id='line_1_135' title="bbox 1991 4188 3554 4266; baseline 0.006 -28"><span class='ocrx_word' id='word_1_941' title='bbox 1991 4189 2290 4266; x_wconf 45' lang='lat' dir='ltr'><strong>taquuod</strong></span> <span class='ocrx_word' id='word_1_942' title='bbox 2320 4188 2462 4242; x_wconf 87' lang='lat' dir='ltr'><strong>haud</strong></span> <span class='ocrx_word' id='word_1_943' title='bbox 2491 4188 2843 4266; x_wconf 77' lang='lat' dir='ltr'><strong>proculalisit</strong></span> <span class='ocrx_word' id='word_1_944' title='bbox 2867 4210 2895 4247; x_wconf 89' lang='lat' dir='ltr'><strong>a</strong></span> <span class='ocrx_word' id='word_1_945' title='bbox 2924 4207 3118 4266; x_wconf 87' lang='lat' dir='ltr'><strong>morte.</strong></span> <span class='ocrx_word' id='word_1_946' title='bbox 3151 4198 3212 4266; x_wconf 9' lang='lat' dir='ltr'><strong>Ag</strong></span> <span class='ocrx_word' id='word_1_947' title='bbox 3241 4188 3426 4266; x_wconf 57' lang='lat' dir='ltr'><strong>rebus&#39;</strong></span> <span class='ocrx_word' id='word_1_948' title='bbox 3447 4207 3554 4262; x_wconf 83' lang='lat' dir='ltr'><strong>ge-</strong></span> 
     </span>
    </p>
   </div>
   <div class='ocr_carea' id='block_1_135' title="bbox 1990 4255 3552 4331">
    <p class='ocr_par' dir='ltr' id='par_1_135' title="bbox 1990 4255 3552 4331">
     <span class='ocr_line' id='line_1_136' title="bbox 1990 4255 3552 4331; baseline 0.006 -23"><span class='ocrx_word' id='word_1_949' title='bbox 1990 4255 2170 4310; x_wconf 90' lang='lat' dir='ltr'><strong>rendis</strong></span> <span class='ocrx_word' id='word_1_950' title='bbox 2197 4269 2447 4331; x_wconf 77' lang='lat' dir='ltr'><strong>senectus</strong></span> <span class='ocrx_word' id='word_1_951' title='bbox 2461 4259 2752 4325; x_wconf 86' lang='lat' dir='ltr'><strong>abstrahit;</strong></span> <span class='ocrx_word' id='word_1_952' title='bbox 2780 4277 2808 4315; x_wconf 95' lang='lat' dir='ltr'><strong>a</strong></span> <span class='ocrx_word' id='word_1_953' title='bbox 2841 4265 3064 4331; x_wconf 87' lang='lat' dir='ltr'><strong>quibus?</strong></span> <span class='ocrx_word' id='word_1_954' title='bbox 3100 4268 3179 4320; x_wconf 83' lang='lat' dir='ltr'><strong>An</strong></span> <span class='ocrx_word' id='word_1_955' title='bbox 3201 4264 3282 4319; x_wconf 90' lang='lat' dir='ltr'><strong>his</strong></span> <span class='ocrx_word' id='word_1_956' title='bbox 3308 4277 3428 4331; x_wconf 66' lang='lat' dir='ltr'><strong>qua:</strong></span> <span class='ocrx_word' id='word_1_957' title='bbox 3449 4255 3552 4331; x_wconf 66' lang='lat' dir='ltr'><strong>ge-</strong></span> 
     </span>
    </p>
   </div>
   <div class='ocr_carea' id='block_1_136' title="bbox 1988 4325 3550 4408">
    <p class='ocr_par' dir='ltr' id='par_1_136' title="bbox 1988 4325 3550 4408">
     <span class='ocr_line' id='line_1_137' title="bbox 1988 4325 3550 4408; baseline 0.005 -28"><span class='ocrx_word' id='word_1_958' title='bbox 1988 4336 2178 4408; x_wconf 88' lang='lat' dir='ltr'><strong>runtur</strong></span> <span class='ocrx_word' id='word_1_959' title='bbox 2225 4327 2288 4408; x_wconf 40' lang='lat' dir='ltr'><strong>in.</strong></span> <span class='ocrx_word' id='word_1_960' title='bbox 2321 4325 2601 4396; x_wconf 87' lang='lat' dir='ltr'><strong>juventute</strong></span> <span class='ocrx_word' id='word_1_961' title='bbox 2622 4336 2677 4408; x_wconf 87' lang='lat' dir='ltr'><strong>et</strong></span> <span class='ocrx_word' id='word_1_962' title='bbox 2712 4325 2958 4408; x_wconf 72' lang='lat' dir='ltr'><strong>viribus?</strong></span> <span class='ocrx_word' id='word_1_963' title='bbox 2985 4336 3152 4390; x_wconf 76' lang='lat' dir='ltr'><strong>Nullae</strong></span> <span class='ocrx_word' id='word_1_964' title='bbox 3181 4350 3248 4408; x_wconf 89' lang='lat' dir='ltr'><strong>ne</strong></span> <span class='ocrx_word' id='word_1_965' title='bbox 3277 4325 3550 4408; x_wconf 70' lang='lat' dir='ltr'><strong>igiturres</strong></span> 
     </span>
    </p>
   </div>
   <div class='ocr_carea' id='block_1_137' title="bbox 1991 4399 3548 4476">
    <p class='ocr_par' dir='ltr' id='par_1_137' title="bbox 1991 4399 3548 4476">
     <span class='ocr_line' id='line_1_138' title="bbox 1991 4399 3548 4476; baseline 0.006 -28"><span class='ocrx_word' id='word_1_966' title='bbox 1991 4407 2116 4450; x_wconf 90' lang='lat' dir='ltr'><strong>sunt</strong></span> <span class='ocrx_word' id='word_1_967' title='bbox 2156 4399 2354 4476; x_wconf 78' lang='lat' dir='ltr'><strong>seniles</strong></span> <span class='ocrx_word' id='word_1_968' title='bbox 2385 4413 2520 4476; x_wconf 68' lang='lat' dir='ltr'><strong>qua:</strong></span> <span class='ocrx_word' id='word_1_969' title='bbox 2572 4401 2667 4476; x_wconf 78' lang='lat' dir='ltr'><strong>vel</strong></span> <span class='ocrx_word' id='word_1_970' title='bbox 2703 4401 2945 4476; x_wconf 80' lang='lat' dir='ltr'><strong>inﬁrmis</strong></span> <span class='ocrx_word' id='word_1_971' title='bbox 2989 4399 3323 4476; x_wconf 60' lang='lat' dir='ltr'><strong>corporibus,</strong></span> <span class='ocrx_word' id='word_1_972' title='bbox 3369 4404 3548 4476; x_wconf 80' lang='lat' dir='ltr'><strong>animo</strong></span> 
     </span>
    </p>
   </div>
   <div class='ocr_carea' id='block_1_138' title="bbox 1991 4468 3551 4543">
    <p class='ocr_par' dir='ltr' id='par_1_138' title="bbox 1991 4468 3551 4543">
     <span class='ocr_line' id='line_1_139' title="bbox 1991 4468 3551 4543; baseline 0.006 -25"><span class='ocrx_word' id='word_1_973' title='bbox 1991 4476 2170 4520; x_wconf 89' lang='lat' dir='ltr'><strong>tamen</strong></span> <span class='ocrx_word' id='word_1_974' title='bbox 2200 4468 2670 4543; x_wconf 70' lang='lat' dir='ltr'><strong>administrentur?</strong></span> <span class='ocrx_word' id='word_1_975' title='bbox 2700 4473 2836 4528; x_wconf 88' lang='lat' dir='ltr'><strong>Nihil</strong></span> <span class='ocrx_word' id='word_1_976' title='bbox 2883 4475 3040 4543; x_wconf 84' lang='lat' dir='ltr'><strong>igitur</strong></span> <span class='ocrx_word' id='word_1_977' title='bbox 3071 4468 3320 4540; x_wconf 78' lang='lat' dir='ltr'><strong>alierum,</strong></span> <span class='ocrx_word' id='word_1_978' title='bbox 3365 4475 3456 4542; x_wconf 92' lang='lat' dir='ltr'><strong>qui</strong></span> <span class='ocrx_word' id='word_1_979' title='bbox 3494 4473 3551 4528; x_wconf 90' lang='lat' dir='ltr'><strong>in</strong></span> 
     </span>
    </p>
   </div>
   <div class='ocr_carea' id='block_1_139' title="bbox 1985 4538 3542 4617">
    <p class='ocr_par' dir='ltr' id='par_1_139' title="bbox 1985 4538 3542 4617">
     <span class='ocr_line' id='line_1_140' title="bbox 1985 4538 3542 4617; baseline 0.006 -28"><span class='ocrx_word' id='word_1_980' title='bbox 1985 4551 2044 4617; x_wconf 86' lang='lat' dir='ltr'><strong>re</strong></span> <span class='ocrx_word' id='word_1_981' title='bbox 2069 4538 2302 4617; x_wconf 68' lang='lat' dir='ltr'><strong>gerenda</strong></span> <span class='ocrx_word' id='word_1_982' title='bbox 2331 4553 2546 4617; x_wconf 80' lang='lat' dir='ltr'><strong>cessare</strong></span> <span class='ocrx_word' id='word_1_983' title='bbox 2565 4538 3133 4617; x_wconf 54' lang='lat' dir='ltr'><strong>senectutetn&#39;negant.</strong></span> <span class='ocrx_word' id='word_1_984' title='bbox 3159 4538 3372 4617; x_wconf 82' lang='lat' dir='ltr'><strong>Similes</strong></span> <span class='ocrx_word' id='word_1_985' title='bbox 3384 4538 3542 4617; x_wconf 70' lang='lat' dir='ltr'><strong>sunt,</strong></span> 
     </span>
    </p>
   </div>
   <div class='ocr_carea' id='block_1_140' title="bbox 1983 4611 3547 4686">
    <p class='ocr_par' dir='ltr' id='par_1_140' title="bbox 1983 4611 3547 4686">
     <span class='ocr_line' id='line_1_141' title="bbox 1983 4611 3547 4686; baseline 0.006 -27"><span class='ocrx_word' id='word_1_986' title='bbox 1983 4614 2043 4660; x_wconf 90' lang='lat' dir='ltr'><strong>ut</strong></span> <span class='ocrx_word' id='word_1_987' title='bbox 2070 4611 2116 4660; x_wconf 85' lang='lat' dir='ltr'><strong>si</strong></span> <span class='ocrx_word' id='word_1_988' title='bbox 2142 4611 2232 4677; x_wconf 89' lang='lat' dir='ltr'><strong>qui</strong></span> <span class='ocrx_word' id='word_1_989' title='bbox 2258 4611 2673 4686; x_wconf 79' lang='lat' dir='ltr'><strong>gubernatorem</strong></span> <span class='ocrx_word' id='word_1_990' title='bbox 2699 4613 2752 4666; x_wconf 90' lang='lat' dir='ltr'><strong>in</strong></span> <span class='ocrx_word' id='word_1_991' title='bbox 2784 4611 3084 4686; x_wconf 75' lang='lat' dir='ltr'><strong>navigando</strong></span> <span class='ocrx_word' id='word_1_992' title='bbox 3121 4615 3254 4686; x_wconf 85' lang='lat' dir='ltr'><strong>nihil</strong></span> <span class='ocrx_word' id='word_1_993' title='bbox 3282 4630 3443 4682; x_wconf 87' lang='lat' dir='ltr'><strong>agere</strong></span> <span class='ocrx_word' id='word_1_994' title='bbox 3462 4614 3547 4668; x_wconf 78' lang='lat' dir='ltr'><strong>di-</strong></span> 
     </span>
    </p>
   </div>
   <div class='ocr_carea' id='block_1_141' title="bbox 1980 4680 3545 4754">
    <p class='ocr_par' dir='ltr' id='par_1_141' title="bbox 1980 4680 3545 4754">
     <span class='ocr_line' id='line_1_142' title="bbox 1980 4680 3545 4754; baseline 0.005 -24"><span class='ocrx_word' id='word_1_995' title='bbox 1980 4687 2126 4754; x_wconf 74' lang='lat' dir='ltr'><strong>cant,</strong></span> <span class='ocrx_word' id='word_1_996' title='bbox 2157 4695 2275 4754; x_wconf 77' lang='lat' dir='ltr'><strong>cuin</strong></span> <span class='ocrx_word' id='word_1_997' title='bbox 2303 4680 2392 4733; x_wconf 91' lang='lat' dir='ltr'><strong>alii</strong></span> <span class='ocrx_word' id='word_1_998' title='bbox 2415 4683 2585 4754; x_wconf 83' lang='lat' dir='ltr'><strong>malos</strong></span> <span class='ocrx_word' id='word_1_999' title='bbox 2598 4682 2884 4754; x_wconf 80' lang='lat' dir='ltr'><strong>scandunt,</strong></span> <span class='ocrx_word' id='word_1_1000' title='bbox 2902 4680 2987 4740; x_wconf 72' lang='lat' dir='ltr'><strong>alii</strong></span> <span class='ocrx_word' id='word_1_1001' title='bbox 3021 4700 3114 4754; x_wconf 87' lang='lat' dir='ltr'><strong>per</strong></span> <span class='ocrx_word' id='word_1_1002' title='bbox 3140 4684 3286 4740; x_wconf 79' lang='lat' dir='ltr'><strong>fores</strong></span> <span class='ocrx_word' id='word_1_1003' title='bbox 3302 4680 3545 4750; x_wconf 71' lang='lat' dir='ltr'><strong>cursent,</strong></span> 
     </span>
    </p>
   </div>
   <div class='ocr_carea' id='block_1_142' title="bbox 1981 4747 3545 4821">
    <p class='ocr_par' dir='ltr' id='par_1_142' title="bbox 1981 4747 3545 4821">
     <span class='ocr_line' id='line_1_143' title="bbox 1981 4747 3545 4821; baseline 0.006 -23"><span class='ocrx_word' id='word_1_1004' title='bbox 1981 4749 2068 4801; x_wconf 88' lang='lat' dir='ltr'><strong>alii</strong></span> <span class='ocrx_word' id='word_1_1005' title='bbox 2098 4747 2359 4804; x_wconf 88' lang='lat' dir='ltr'><strong>sentinam</strong></span> <span class='ocrx_word' id='word_1_1006' title='bbox 2385 4753 2732 4818; x_wconf 81' lang='lat' dir='ltr'><strong>exhauriant;</strong></span> <span class='ocrx_word' id='word_1_1007' title='bbox 2768 4747 3102 4821; x_wconf 52' lang='lat' dir='ltr'><strong>ille&#39;aute&#39;m,</strong></span> <span class='ocrx_word' id='word_1_1008' title='bbox 3136 4773 3298 4811; x_wconf 89' lang='lat' dir='ltr'><strong>manu</strong></span> <span class='ocrx_word' id='word_1_1009' title='bbox 3334 4747 3545 4810; x_wconf 83' lang='lat' dir='ltr'><strong>clavum</strong></span> 
     </span>
    </p>
   </div>
   <div class='ocr_carea' id='block_1_143' title="bbox 1983 4821 3546 4896">
    <p class='ocr_par' dir='ltr' id='par_1_143' title="bbox 1983 4821 3546 4896">
     <span class='ocr_line' id='line_1_144' title="bbox 1983 4821 3546 4896; baseline 0.006 -26"><span class='ocrx_word' id='word_1_1010' title='bbox 1983 4826 2190 4896; x_wconf 77' lang='lat' dir='ltr'><strong>tenens,</strong></span> <span class='ocrx_word' id='word_1_1011' title='bbox 2216 4821 2401 4874; x_wconf 83' lang='lat' dir='ltr'><strong>sedeat</strong></span> <span class='ocrx_word' id='word_1_1012' title='bbox 2429 4823 2640 4896; x_wconf 83' lang='lat' dir='ltr'><strong>quietus</strong></span> <span class='ocrx_word' id='word_1_1013' title='bbox 2671 4822 2722 4876; x_wconf 89' lang='lat' dir='ltr'><strong>in</strong></span> <span class='ocrx_word' id='word_1_1014' title='bbox 2752 4830 2930 4896; x_wconf 90' lang='lat' dir='ltr'><strong>puppi.</strong></span> <span class='ocrx_word' id='word_1_1015' title='bbox 2977 4827 3090 4880; x_wconf 91' lang='lat' dir='ltr'><strong>Non</strong></span> <span class='ocrx_word' id='word_1_1016' title='bbox 3148 4825 3273 4881; x_wconf 82' lang='lat' dir='ltr'><strong>facit</strong></span> <span class='ocrx_word' id='word_1_1017' title='bbox 3310 4840 3376 4880; x_wconf 88' lang='lat' dir='ltr'><strong>ea</strong></span> <span class='ocrx_word' id='word_1_1018' title='bbox 3426 4839 3546 4892; x_wconf 64' lang='lat' dir='ltr'><strong>qua:</strong></span> 
     </span>
    </p>
   </div>
   <div class='ocr_carea' id='block_1_144' title="bbox 1975 4892 3544 4962">
    <p class='ocr_par' dir='ltr' id='par_1_144' title="bbox 1975 4892 3544 4962">
     <span class='ocr_line' id='line_1_145' title="bbox 1975 4892 3544 4962; baseline 0.004 -21"><span class='ocrx_word' id='word_1_1019' title='bbox 1975 4892 2219 4962; x_wconf 83' lang='lat' dir='ltr'><strong>juvenes,</strong></span> <span class='ocrx_word' id='word_1_1020' title='bbox 2251 4899 2306 4944; x_wconf 90' lang='lat' dir='ltr'><strong>at</strong></span> <span class='ocrx_word' id='word_1_1021' title='bbox 2334 4906 2462 4944; x_wconf 91' lang='lat' dir='ltr'><strong>vero</strong></span> <span class='ocrx_word' id='word_1_1022' title='bbox 2489 4892 2654 4946; x_wconf 89' lang='lat' dir='ltr'><strong>multa</strong></span> <span class='ocrx_word' id='word_1_1023' title='bbox 2675 4892 2876 4962; x_wconf 78' lang='lat' dir='ltr'><strong>majora</strong></span> <span class='ocrx_word' id='word_1_1024' title='bbox 2908 4905 2964 4950; x_wconf 89' lang='lat' dir='ltr'><strong>et</strong></span> <span class='ocrx_word' id='word_1_1025' title='bbox 3000 4896 3221 4951; x_wconf 88' lang='lat' dir='ltr'><strong>meliora</strong></span> <span class='ocrx_word' id='word_1_1026' title='bbox 3247 4897 3390 4950; x_wconf 81' lang='lat' dir='ltr'><strong>facit.</strong></span> <span class='ocrx_word' id='word_1_1027' title='bbox 3426 4897 3544 4950; x_wconf 87' lang='lat' dir='ltr'><strong>Non</strong></span> 
     </span>
    </p>
   </div>
   <div class='ocr_carea' id='block_1_145' title="bbox 1981 4960 3545 5035">
    <p class='ocr_par' dir='ltr' id='par_1_145' title="bbox 1981 4960 3545 5035">
     <span class='ocr_line' id='line_1_146' title="bbox 1981 4960 3545 5035; baseline 0.005 -23"><span class='ocrx_word' id='word_1_1028' title='bbox 1981 4960 2203 5025; x_wconf 90' lang='lat' dir='ltr'><strong>viribus,</strong></span> <span class='ocrx_word' id='word_1_1029' title='bbox 2229 4970 2322 5014; x_wconf 91' lang='lat' dir='ltr'><strong>aut</strong></span> <span class='ocrx_word' id='word_1_1030' title='bbox 2347 4963 2648 5026; x_wconf 85' lang='lat' dir='ltr'><strong>velocitate,</strong></span> <span class='ocrx_word' id='word_1_1031' title='bbox 2673 4960 2774 5016; x_wconf 73' lang='lat' dir='ltr'><strong>aut</strong></span> <span class='ocrx_word' id='word_1_1032' title='bbox 2815 4967 3088 5020; x_wconf 84' lang='lat' dir='ltr'><strong>celeritate</strong></span> <span class='ocrx_word' id='word_1_1033' title='bbox 3137 4979 3425 5035; x_wconf 89' lang='lat' dir='ltr'><strong>corporum</strong></span> <span class='ocrx_word' id='word_1_1034' title='bbox 3456 4980 3545 5020; x_wconf 91' lang='lat' dir='ltr'><strong>res</strong></span> 
     </span>
    </p>
   </div>
   <div class='ocr_carea' id='block_1_146' title="bbox 1979 5035 3546 5108">
    <p class='ocr_par' dir='ltr' id='par_1_146' title="bbox 1979 5035 3546 5108">
     <span class='ocr_line' id='line_1_147' title="bbox 1979 5035 3546 5108; baseline 0.006 -27"><span class='ocrx_word' id='word_1_1035' title='bbox 1979 5043 2187 5108; x_wconf 52' lang='lat' dir='ltr'><strong>magna;</strong></span> <span class='ocrx_word' id='word_1_1036' title='bbox 2201 5042 2487 5108; x_wconf 82' lang='lat' dir='ltr'><strong>geruntur,</strong></span> <span class='ocrx_word' id='word_1_1037' title='bbox 2520 5035 2612 5108; x_wconf 87' lang='lat' dir='ltr'><strong>sed</strong></span> <span class='ocrx_word' id='word_1_1038' title='bbox 2643 5036 2889 5108; x_wconf 74' lang='lat' dir='ltr'><strong>consilio,</strong></span> <span class='ocrx_word' id='word_1_1039' title='bbox 2942 5039 3281 5101; x_wconf 86' lang='lat' dir='ltr'><strong>auctoritate,</strong></span> <span class='ocrx_word' id='word_1_1040' title='bbox 3325 5047 3546 5090; x_wconf 89' lang='lat' dir='ltr'><strong>senten-</strong></span> 
     </span>
    </p>
   </div>
   <div class='ocr_carea' id='block_1_147' title="bbox 1981 5101 3545 5175">
    <p class='ocr_par' dir='ltr' id='par_1_147' title="bbox 1981 5101 3545 5175">
     <span class='ocr_line' id='line_1_148' title="bbox 1981 5101 3545 5175; baseline 0.006 -25"><span class='ocrx_word' id='word_1_1041' title='bbox 1981 5101 2074 5164; x_wconf 88' lang='lat' dir='ltr'><strong>tia,</strong></span> <span class='ocrx_word' id='word_1_1042' title='bbox 2102 5101 2430 5175; x_wconf 70' lang='lat' dir='ltr'><strong>quiliusnou</strong></span> <span class='ocrx_word' id='word_1_1043' title='bbox 2461 5106 2618 5175; x_wconf 85' lang='lat' dir='ltr'><strong>modo</strong></span> <span class='ocrx_word' id='word_1_1044' title='bbox 2647 5118 2754 5157; x_wconf 90' lang='lat' dir='ltr'><strong>non</strong></span> <span class='ocrx_word' id='word_1_1045' title='bbox 2799 5107 3000 5175; x_wconf 89' lang='lat' dir='ltr'><strong>orbari,</strong></span> <span class='ocrx_word' id='word_1_1046' title='bbox 3030 5109 3124 5163; x_wconf 88' lang='lat' dir='ltr'><strong>sed</strong></span> <span class='ocrx_word' id='word_1_1047' title='bbox 3161 5108 3320 5163; x_wconf 88' lang='lat' dir='ltr'><strong>etiam</strong></span> <span class='ocrx_word' id='word_1_1048' title='bbox 3359 5108 3545 5175; x_wconf 84' lang='lat' dir='ltr'><strong>augeri</strong></span> 
     </span>
    </p>
   </div>
   <div class='ocr_carea' id='block_1_148' title="bbox 1979 5172 2397 5226">
    <p class='ocr_par' dir='ltr' id='par_1_148' title="bbox 1979 5172 2397 5226">
     <span class='ocr_line' id='line_1_149' title="bbox 1979 5172 2397 5226; baseline 0.01 -4"><span class='ocrx_word' id='word_1_1049' title='bbox 1979 5181 2224 5225; x_wconf 86' lang='lat' dir='ltr'><strong>senectus</strong></span> <span class='ocrx_word' id='word_1_1050' title='bbox 2245 5172 2397 5226; x_wconf 82' lang='lat' dir='ltr'><strong>solet.</strong></span> 
     </span>
    </p>
   </div>
   <div class='ocr_carea' id='block_1_149' title="bbox 2049 5239 3548 5319">
    <p class='ocr_par' dir='ltr' id='par_1_149' title="bbox 2049 5239 3548 5319">
     <span class='ocr_line' id='line_1_150' title="bbox 2049 5239 3548 5319; baseline 0.004 -26"><span class='ocrx_word' id='word_1_1051' title='bbox 2049 5239 2180 5319; x_wconf 80' lang='lat' dir='ltr'><strong>Nam</strong></span> <span class='ocrx_word' id='word_1_1052' title='bbox 2228 5253 2405 5319; x_wconf 80' lang='lat' dir='ltr'><strong>manet</strong></span> <span class='ocrx_word' id='word_1_1053' title='bbox 2458 5245 2714 5319; x_wconf 81' lang='lat' dir='ltr'><strong>memoria</strong></span> <span class='ocrx_word' id='word_1_1054' title='bbox 2759 5249 2996 5312; x_wconf 89' lang='lat' dir='ltr'><strong>senibus,</strong></span> <span class='ocrx_word' id='word_1_1055' title='bbox 3049 5247 3206 5301; x_wconf 89' lang='lat' dir='ltr'><strong>modo</strong></span> <span class='ocrx_word' id='word_1_1056' title='bbox 3235 5254 3548 5319; x_wconf 80' lang='lat' dir='ltr'><strong>permaneat</strong></span> 
     </span>
    </p>
   </div>
   <div class='ocr_carea' id='block_1_150' title="bbox 1981 5313 3546 5386">
    <p class='ocr_par' dir='ltr' id='par_1_150' title="bbox 1981 5313 3546 5386">
     <span class='ocr_line' id='line_1_151' title="bbox 1981 5313 3546 5386; baseline 0.006 -25"><span class='ocrx_word' id='word_1_1057' title='bbox 1981 5313 2210 5364; x_wconf 90' lang='lat' dir='ltr'><strong>studium</strong></span> <span class='ocrx_word' id='word_1_1058' title='bbox 2236 5321 2290 5366; x_wconf 86' lang='lat' dir='ltr'><strong>et</strong></span> <span class='ocrx_word' id='word_1_1059' title='bbox 2318 5313 2601 5368; x_wconf 86' lang='lat' dir='ltr'><strong>industria.</strong></span> <span class='ocrx_word' id='word_1_1060' title='bbox 2630 5315 2883 5372; x_wconf 79' lang='lat' dir='ltr'><strong>Memoria</strong></span> <span class='ocrx_word' id='word_1_1061' title='bbox 2923 5319 3064 5373; x_wconf 92' lang='lat' dir='ltr'><strong>enim</strong></span> <span class='ocrx_word' id='word_1_1062' title='bbox 3118 5313 3395 5386; x_wconf 82' lang='lat' dir='ltr'><strong>minuitur,</strong></span> <span class='ocrx_word' id='word_1_1063' title='bbox 3436 5317 3546 5371; x_wconf 90' lang='lat' dir='ltr'><strong>nisi</strong></span> 
     </span>
    </p>
   </div>
   <div class='ocr_carea' id='block_1_151' title="bbox 1976 5396 3623 5439">
    <p class='ocr_par' dir='ltr' id='par_1_151' title="bbox 1976 5396 3623 5439">
     <span class='ocr_line' id='line_1_152' title="bbox 1976 5396 3623 5439; baseline 0.003 -5"><span class='ocrx_word' id='word_1_1064' title='bbox 1976 5396 2094 5434; x_wconf 82' lang='lat' dir='ltr'><strong>eam</strong></span> <span class='ocrx_word' id='word_1_1065' title='bbox 2119 5396 2394 5437; x_wconf 80' lang='lat' dir='ltr'><strong>exerceas.</strong></span> <span class='ocrx_word' id='word_1_1066' title='bbox 3617 5428 3623 5439; x_wconf 61' lang='grc' dir='ltr'><strong>ε</strong></span> 
     </span>
    </p>
   </div>
   <div class='ocr_carea' id='block_1_152' title="bbox 2048 5446 3619 5528">
    <p class='ocr_par' dir='ltr' id='par_1_152' title="bbox 2048 5446 3619 5528">
     <span class='ocr_line' id='line_1_153' title="bbox 2048 5446 3619 5528; baseline 0.005 -24"><span class='ocrx_word' id='word_1_1067' title='bbox 2048 5451 2217 5505; x_wconf 89' lang='lat' dir='ltr'><strong>Nemo</strong></span> <span class='ocrx_word' id='word_1_1068' title='bbox 2237 5465 2318 5507; x_wconf 82' lang='lat' dir='ltr'><strong>est</strong></span> <span class='ocrx_word' id='word_1_1069' title='bbox 2348 5462 2453 5528; x_wconf 86' lang='lat' dir='ltr'><strong>tam</strong></span> <span class='ocrx_word' id='word_1_1070' title='bbox 2481 5469 2665 5528; x_wconf 84' lang='lat' dir='ltr'><strong>senex,</strong></span> <span class='ocrx_word' id='word_1_1071' title='bbox 2697 5458 2787 5526; x_wconf 91' lang='lat' dir='ltr'><strong>qui</strong></span> <span class='ocrx_word' id='word_1_1072' title='bbox 2815 5473 2876 5513; x_wconf 92' lang='lat' dir='ltr'><strong>se</strong></span> <span class='ocrx_word' id='word_1_1073' title='bbox 2901 5473 3099 5512; x_wconf 86' lang='lat' dir='ltr'><strong>annum</strong></span> <span class='ocrx_word' id='word_1_1074' title='bbox 3138 5473 3242 5513; x_wconf 90' lang='lat' dir='ltr'><strong>non</strong></span> <span class='ocrx_word' id='word_1_1075' title='bbox 3295 5466 3444 5528; x_wconf 88' lang='lat' dir='ltr'><strong>putet</strong></span> <span class='ocrx_word' id='word_1_1076' title='bbox 3464 5458 3546 5512; x_wconf 89' lang='lat' dir='ltr'><strong>vi-</strong></span> 
     </span>
    </p>
   </div>
   <div class='ocr_carea' id='block_1_153' title="bbox 1978 5523 3610 5595">
    <p class='ocr_par' dir='ltr' id='par_1_153' title="bbox 1978 5523 3610 5595">
     <span class='ocr_line' id='line_1_154' title="bbox 1978 5523 3610 5595; baseline 0.005 -21"><span class='ocrx_word' id='word_1_1077' title='bbox 1978 5524 2442 5595; x_wconf 28' lang='lat' dir='ltr'><strong>vere‘poSseised</strong></span> <span class='ocrx_word' id='word_1_1078' title='bbox 2472 5525 2609 5579; x_wconf 87' lang='lat' dir='ltr'><strong>idem</strong></span> <span class='ocrx_word' id='word_1_1079' title='bbox 2639 5531 2688 5580; x_wconf 88' lang='lat' dir='ltr'><strong>in</strong></span> <span class='ocrx_word' id='word_1_1080' title='bbox 2714 5523 2798 5580; x_wconf 84' lang='lat' dir='ltr'><strong>liis</strong></span> <span class='ocrx_word' id='word_1_1081' title='bbox 2853 5530 3143 5594; x_wconf 85' lang='lat' dir='ltr'><strong>elaborant,</strong></span> <span class='ocrx_word' id='word_1_1082' title='bbox 3200 5523 3318 5595; x_wconf 47' lang='lat' dir='ltr'><strong>qua-2</strong></span> <span class='ocrx_word' id='word_1_1083' title='bbox 3363 5532 3542 5583; x_wconf 89' lang='lat' dir='ltr'><strong>sciunt</strong></span> <span class='ocrx_word' id='word_1_1084' title='bbox 3599 5523 3610 5535; x_wconf 84' lang='grc'><em>’</em></span> 
     </span>
    </p>
   </div>
   <div class='ocr_carea' id='block_1_154' title="bbox 1978 5591 3537 5670">
    <p class='ocr_par' dir='ltr' id='par_1_154' title="bbox 1978 5591 3537 5670">
     <span class='ocr_line' id='line_1_155' title="bbox 1978 5591 3537 5670; baseline 0.006 -25"><span class='ocrx_word' id='word_1_1085' title='bbox 1978 5591 2194 5670; x_wconf 81' lang='lat' dir='ltr'><strong>omnino</strong></span> <span class='ocrx_word' id='word_1_1086' title='bbox 2218 5594 2349 5670; x_wconf 89' lang='lat' dir='ltr'><strong>nihil</strong></span> <span class='ocrx_word' id='word_1_1087' title='bbox 2379 5598 2444 5648; x_wconf 89' lang='lat' dir='ltr'><strong>ad</strong></span> <span class='ocrx_word' id='word_1_1088' title='bbox 2471 5611 2530 5649; x_wconf 90' lang='lat' dir='ltr'><strong>se</strong></span> <span class='ocrx_word' id='word_1_1089' title='bbox 2573 5598 2856 5670; x_wconf 85' lang='lat' dir='ltr'><strong>pertinere.</strong></span> <span class='ocrx_word' id='word_1_1090' title='bbox 2904 5598 3100 5652; x_wconf 86' lang='lat' dir='ltr'><strong>Seruut</strong></span> <span class='ocrx_word' id='word_1_1091' title='bbox 3130 5591 3384 5664; x_wconf 79' lang='lat' dir='ltr'><strong>arbores,</strong></span> <span class='ocrx_word' id='word_1_1092' title='bbox 3415 5615 3537 5668; x_wconf 74' lang='lat' dir='ltr'><strong>qua:</strong></span> 
     </span>
    </p>
   </div>
   <div class='ocr_carea' id='block_1_155' title="bbox 1977 5664 3542 5732">
    <p class='ocr_par' dir='ltr' id='par_1_155' title="bbox 1977 5664 3542 5732">
     <span class='ocr_line' id='line_1_156' title="bbox 1977 5664 3542 5732; baseline 0.004 -17"><span class='ocrx_word' id='word_1_1093' title='bbox 1977 5664 2131 5715; x_wconf 85' lang='lat' dir='ltr'><strong>alteri</strong></span> <span class='ocrx_word' id='word_1_1094' title='bbox 2161 5667 2359 5718; x_wconf 72' lang='lat' dir='ltr'><strong>saeculo</strong></span> <span class='ocrx_word' id='word_1_1095' title='bbox 2385 5664 2620 5732; x_wconf 78' lang='lat' dir='ltr'><strong>prosunt,</strong></span> <span class='ocrx_word' id='word_1_1096' title='bbox 2648 5677 2703 5719; x_wconf 93' lang='lat' dir='ltr'><strong>ut</strong></span> <span class='ocrx_word' id='word_1_1097' title='bbox 2733 5668 2804 5721; x_wconf 85' lang='lat' dir='ltr'><strong>ait</strong></span> <span class='ocrx_word' id='word_1_1098' title='bbox 2845 5670 3043 5722; x_wconf 80' lang='lat' dir='ltr'><strong>Statius</strong></span> <span class='ocrx_word' id='word_1_1099' title='bbox 3075 5685 3252 5724; x_wconf 75' lang='lat' dir='ltr'><strong>nosmr</strong></span> <span class='ocrx_word' id='word_1_1100' title='bbox 3283 5671 3334 5724; x_wconf 92' lang='lat' dir='ltr'><strong>in</strong></span> <span class='ocrx_word' id='word_1_1101' title='bbox 3363 5664 3542 5724; x_wconf 73' lang='lat' dir='ltr'><strong>Sene-</strong></span> 
     </span>
    </p>
   </div>
   <div class='ocr_carea' id='block_1_156' title="bbox 1980 5733 3538 5812">
    <p class='ocr_par' dir='ltr' id='par_1_156' title="bbox 1980 5733 3538 5812">
     <span class='ocr_line' id='line_1_157' title="bbox 1980 5733 3538 5812; baseline 0.008 -28"><span class='ocrx_word' id='word_1_1102' title='bbox 1980 5733 2186 5802; x_wconf 85' lang='lat' dir='ltr'><strong>phebis.</strong></span> <span class='ocrx_word' id='word_1_1103' title='bbox 2238 5734 2486 5806; x_wconf 68' lang='lat' dir='ltr'><strong>:Edepol,</strong></span> <span class='ocrx_word' id='word_1_1104' title='bbox 2532 5746 2776 5793; x_wconf 87' lang='lat' dir='ltr'><strong>senectus</strong></span> <span class='ocrx_word' id='word_1_1105' title='bbox 2801 5741 2848 5794; x_wconf 87' lang='lat' dir='ltr'><strong>si</strong></span> <span class='ocrx_word' id='word_1_1106' title='bbox 2890 5739 3024 5795; x_wconf 87' lang='lat' dir='ltr'><strong>nihil</strong></span> <span class='ocrx_word' id='word_1_1107' title='bbox 3053 5739 3196 5796; x_wconf 86' lang='lat' dir='ltr'><strong>aliud</strong></span> <span class='ocrx_word' id='word_1_1108' title='bbox 3244 5740 3538 5812; x_wconf 85' lang='lat' dir='ltr'><strong>quidquam</strong></span> 
     </span>
    </p>
   </div>
  </div>
