4060 6368
641 335 780 396 1075

1098 333 1302 391 BENE
1337 333 1793 394 VENERABILIS
1829 336 1980 394 OPP.
2021 335 2196 395 PARS
2233 336 2276 395 Ι.
2324 338 2514 396 SECT.
2558 340 2698 396 ll.—
2739 338 2943 397 DUBIA
2985 339 3074 396 ΕΤ
3111 338 3362 398 SPURIA.

3660 356 3760 416 i076

634 451 752 508 vitii
780 455 1028 523 apportet
1071 461 1254 523 secum
1297 463 1416 523 cum
1469 448 1700 513 advenit,
1757 463 1918 523 unum
1966 449 2024 523 id
2072 450 2205 506 satis
2231 455 2283 517 Α
2311 467 2426 523 rum
2443 451 2785 523 eversiones,
2821 449 2946 506 hinc
2993 466 3110 504 cum
3139 449 3364 504 hostibus
3391 451 3662 518 clandestina
3681 468 3758 523 col.

636 532 744 586 est.
766 519 908 592 quad
937 521 1028 575 diu
1054 519 1473 592 vivendomulta
1505 535 1630 592 quiet
1649 534 1754 592 non
1784 521 1896 573 vult
1928 520 2092 575 videt.

704 589 933 650 Utenim
961 589 1386 646 adolescentibus
1438 591 1576 645 bona
1619 589 1798 645 indole
1844 592 2084 659 prreditis
2107 606 2200 648 sa-

629 662 842 733 pientes
867 676 1021 718 senes
1035 662 1325 730 delectant,
1358 662 1631 733 leviorque
1653 662 1710 716 fit
1732 673 1984 718 senectus
2012 677 2199 720 eorum

627 732 718 806 qui
741 749 770 789 a
789 733 1065 803 iuventute
1093 733 1342 806 coluntur
1358 742 1411 806 et
1439 732 1851 806 diligun_tur,_sic
1881 733 2192 790 adolescen-

629 803 712 860 tes
735 819 921 860 senum
955 805 1238 870 praeceptis
1259 803 1516 870 gaudent,
1539 803 1732 873 quibus
1757 803 1987 873 juvenes
2011 806 2076 859 ad
2094 807 2199 861 vir-

627 883 797 936 tutum
824 873 998 930 studia
1029 874 1312 930 ducuntur.

697 945 949 1001 Solonem
973 943 1214 1000 versibus
1235 943 1551 1015 gloriantem
1579 944 1827 1008 vidimus,
1859 946 1947 1015 qui
1975 960 2034 1001 se
2065 960 2198 1015 quo-

637 1016 768 1071 tidie
789 1015 988 1085 aliquid
1013 1016 1378 1071 addiscentem
1406 1014 1534 1070 dicit
1563 1029 1743 1070 senem
1773 1014 1908 1072 fieri.

696 1088 801 1143 Nec
832 1087 972 1141 hunc
998 1085 1214 1155 quidem
1247 1088 1408 1142 vires.
1444 1085 1491 1140 Is
1516 1086 1657 1140 enim
1716 1096 1834 1141 erat
1884 1090 2033 1142 locus
2059 1085 2197 1144 alter

625 1155 694 1214 de
715 1156 860 1212 vitiis
886 1159 1196 1222 senectutis,
1229 1157 1344 1224 plus
1373 1171 1531 1225 quam
1555 1156 1867 1212 adolescens
1891 1158 2032 1212 vires
2059 1156 2194 1212 tauri

621 1236 715 1286 aut
742 1227 1044 1297 elephantis
1092 1227 1484 1283 desiderabam.
1541 1227 1808 1296 Quidquid
1848 1239 1953 1294 est,
2007 1242 2074 1285 eo
2119 1227 2196 1284 uti

625 1298 799 1364 decet,
825 1307 880 1355 et
909 1298 1162 1368 quidquid
1190 1313 1337 1368 agas,
1369 1312 1527 1368 agere
1553 1313 1647 1366 pro
1669 1299 1895 1353 viribus.

691 1369 800 1427 Nec
846 1369 941 1424 ulli
986 1371 1247 1424 bonorum
1305 1370 1498 1422 artium
1531 1370 1770 1439 magistri
1799 1385 1901 1424 non
1929 1369 2069 1425 beati
2095 1386 2194 1437 pu-

623 1441 791 1507 tandi,
810 1440 1054 1510 quamvis
1073 1449 1471 1498 consenuerunt
1486 1439 1652 1504 vires,
1677 1448 1836 1510 atque
1858 1442 2190 1508 defecerunt,

619 1513 719 1566 etsi
773 1509 1041 1582 ipsaista
1097 1511 1325 1564 deflexio
1383 1510 1572 1564 virium
1623 1509 1998 1582 adolescentiae
2053 1513 2194 1569 vitiis

619 1580 818 1652 saepius
845 1581 1072 1638 efficitur
1105 1595 1262 1652 quam
1292 1582 1602 1652 senectutis3
1633 1580 1942 1638 Libidinosa
1995 1584 2193 1638 etenim

617 1661 672 1707 et
698 1649 1080 1723 intemperans
1121 1649 1478 1707 adolescentia
1525 1649 1739 1706 eifetum
1789 1668 1983 1722 corpus
2033 1653 2196 1708 tradit

617 1726 899 1780 senectuti.

688 1794 887 1850 Cursus
908 1801 991 1850 est
1014 1803 1192 1850 certus
1223 1792 1394 1847 aetatis
1424 1805 1475 1846 et
1502 1807 1604 1847 una
1639 1794 1720 1846 via
1762 1802 1986 1863 natura},
2017 1809 2188 1862 eaque

618 1866 870 1934 simplex,
901 1879 1104 1934 suaque
1134 1865 1368 1932 propria.
1401 1863 1605 1934 Cuique
1635 1865 1770 1932 parti
1801 1867 2185 1933 tempestivitas

618 1945 700 1991 est
730 1935 874 2003 data,
904 1946 960 1990 ut
985 1941 1068 1991 est
1094 1935 1375 2006 infirmitas
1407 1950 1716 2000 puerorum,
1742 1943 1794 1989 et
1825 1934 2072 1990 ferocitas
2097 1939 2188 2006 ju.

619 2020 844 2072 venum,
871 2015 925 2060 et
952 2006 1184 2076 gravitas
1203 2005 1313 2075 jam
1341 2007 1635 2060 constantis
1665 2007 1834 2060 aetatis
1862 2023 1876 2071 ;
1909 2008 1986 2061 sic
2013 2016 2067 2062 et
2102 2005 2191 2063 se-

619 2078 853 2133 uectutis
881 2077 1161 2133 maturitas
1192 2078 1432 2147 naturale
1461 2077 1562 2131 sibi
1590 2076 1808 2146 quidem
1841 2077 2018 2144 habet,
2048 2079 2189 2147 quod

617 2162 718 2218 suo
748 2159 988 2218 tempore
1013 2146 1214 2217 percipi
1238 2147 1449 2202 debeat.

691 2217 876 2274 Potest
915 2219 1228 2274 exercitatio
1253 2227 1307 2274 et
1355 2220 1704 2286 temperantia
1753 2218 1911 2274 etiam
1955 2220 2007 2274 in
2036 2234 2189 2276 sene-

615 2298 765 2359 Ctute
794 2303 1118 2346 conservare
1147 2289 1346 2359 aliquid
1379 2290 1850 2358 pristiniroboris.
1901 2289 2014 2344 Non
2062 2301 2188 2348 sunt

616 2358 674 2424 in
699 2370 974 2416 senectute
1004 2361 1161 2426 vires,
1196 2358 1295 2414 nec
1342 2361 1677 2428 postulantur
1705 2361 1918 2426 quidem
1965 2359 2105 2415 vires
2155 2377 2185 2418 a

591 2439 917 2488 «senectute.
951 2430 1092 2500 Ergo
1111 2440 1167 2486 et
1192 2430 1397 2500 legibus
1423 2431 1638 2498 scriptis
1660 2440 1714 2485 et
1744 2430 2004 2485 institutis
2031 2443 2184 2488 vacat

618 2511 749 2556 aetas
777 2516 989 2565 senum,
1021 2511 1072 2557 et
1101 2502 1411 2558 muneribus
1439 2502 1520 2556 his
1546 2515 1664 2570 quas
1702 2514 1920 2568 possunt
1959 2503 2074 2556 sine
2104 2505 2183 2558 vi-

615 2571 769 2626 ribus
810 2574 1082 2630 sustineri.
1134 2572 1316 2642 Itaque
1345 2588 1450 2627 non
1482 2572 1641 2626 modo
1667 2572 1808 2642 quod
1840 2588 1947 2626 non
1995 2588 2184 2640 possu-

615 2656 762 2710 mus,
790 2644 981 2699 sedne
1024 2653 1279 2714 quantum
1329 2657 1613 2714 possumus
1657 2643 1874 2712 quidem
1920 2645 2180 2712 cogimur.

612 2714 789 2782 Atque
810 2715 882 2769 ita
913 2713 1063 2769 multi
1095 2726 1221 2770 sunt
1248 2713 1540 2769 imbecilles
1567 2728 1749 2777 senes,
1783 2722 1841 2766 ut
1868 2714 2070 2768 nullum
2101 2715 2184 2769 of-

617 2782 798 2854 ﬁcium
821 2787 1042 2840 omnino
1073 2797 1166 2840 aut
1193 2799 1384 2840 munus
1415 2785 1632 2854 exsequi
1663 2783 1890 2852 possint,
1913 2794 1970 2839 at
1990 2787 2041 2838 id
2063 2787 2181 2854 qui-

621 2852 745 2908 dem
773 2871 882 2910 non
913 2858 1184 2925 proprium
1214 2865 1297 2912 est
1335 2857 1522 2908 vitium
1553 2852 1866 2921 senectutis,
1896 2855 1991 2910 sed
2035 2852 2183 2911 com-

615 2938 779 2980 mune
809 2926 1186 2982 invaletudtnis
1205 2937 1258 2981 et
1284 2927 1598 2980 senectutis.

685 2995 824 3063 Quid
855 2996 1049 3051 mirum
1083 2998 1241 3065 igitur
1267 2998 1317 3050 in
1347 2997 1583 3061 senibus,
1615 2995 1663 3051 si
1707 2995 1902 3049 infirmi
1933 3006 2056 3051 sunt
2084 2996 2181 3051 ali-

610 3068 848 3138 quando,
895 3081 1018 3138 cum
1049 3068 1099 3122 id
1131 3082 1230 3123 nec
1277 3067 1645 3121 adolescentes
1689 3066 1902 3136 quidem
1942 3067 2181 3138 effugere

615 3137 855 3202 possint?
901 3137 1279 3194 Resistendum
1327 3138 1591 3191 senectuti
1622 3145 1723 3202 est,
1775 3139 1998 3205 ejusque
2045 3137 2169 3193 vitia

607 3187 887 3277 attigatis
901 3187 1348 3279 zaisyai's‘nia:
1362 3187 1723 3276 insignis;
1756 3187 1996 3279 ιιἰᾷῐᾶᾱὲ
2033 3187 2172 3264 sieo?
2195 3187 2241 3249 C

610 3287 800 3342 contra
822 3278 1091 3347 morbum,
1122 3282 1200 3335 sic
1219 3289 1402 3334 contra
1429 3286 1782 3333 senectutem.
1816 3278 2066 3333 llabenda
2087 3289 2169 3336 est

607 3353 748 3407 ratio
768 3351 1120 3419 valetudinis;
1144 3350 1613 3407 exercitationibus
1637 3349 1888 3404 utendum
1907 3349 2130 3406 modicis
2151 3369 2165 3418 ;

608 3427 815 3477 tantum
842 3423 948 3478 cibi
991 3430 1048 3478 et
1092 3425 1318 3491 potionis
1345 3421 1731 3486 adhibendum,
1769 3430 1825 3474 ut
1867 3421 2170 3476 reficiantur

607 3491 774 3558 vires,
832 3508 940 3547 non
988 3494 1378 3562 opprimantur.
1427 3493 1534 3547 Nec
1578 3507 1706 3548 vero
1745 3491 1957 3560 corpori
1993 3491 2169 3547 solum

608 3563 1033 3618 subveniendum
1055 3573 1155 3629 est,
1207 3564 1303 3618 sed
1349 3564 1511 3617 etiam
1563 3563 1728 3616 menti
1785 3572 1943 3630 atque
1990 3563 2168 3616 animo

610 3634 782 3688 multo
812 3633 1000 3702 magis.
1036 3633 1165 3687 Nam
1198 3633 1310 3687 hac
1335 3647 1545 3702 quoque
1574 3635 1674 3686 nisi
1701 3633 2168 3702 tanquamﬂlumini

610 3703 792 3758 oleum
835 3701 1131 3765 instillaris,
1167 3701 1576 3771 exstinguuntur
1604 3713 1895 3757 senectute.
1947 3701 2013 3755 Et
2051 3719 2171 3758 cor-

611 3787 738 3842 pera
765 3773 980 3842 quidem
1012 3773 1393 3842 defatigatione
1419 3773 1858 3827 exercitationum
1885 3775 2168 3841 ingraves-

609 3851 760 3910 cunt,
791 3843 952 3898 animi
1001 3853 1177 3898 autem
1223 3858 1282 3898 se
1325 3843 1624 3898 exercendo
1668 3845 1929 3898 levantur.
1971 3843 2169 3900 Senilis

611 3915 712 3985 ista
743 3915 992 3979 stultitia,
1023 3930 1142 3985 qua:
1190 3915 1438 3969 deliratio
1483 3915 1742 3982 appellari
1771 3915 1926 3978 solet,
1976 3930 2168 3970 senum

611 3983 808 4041 levium
833 3996 934 4051 est,
969 3983 1074 4040 non
1097 3987 1360 4040 omnium.
1394 3985 1522 4039 Nam
1549 3996 1780 4054 quatuor
1812 3987 1947 4040 filios
1980 3987 2169 4040 robus-

609 4064 716 4121 tos,
745 4066 799 4110 et
817 4058 1051 4126 quinque
1074 4056 1230 4122 filias,
1255 4065 1452 4110 tantam
1477 4055 1715 4120 domum,
1736 4064 1792 4111 et
1811 4066 1983 4111 tantas
1997 4059 2167 4111 clien-

609 4127 744 4182 telas
775 4129 978 4196 Appius
1007 4128 1223 4197 regebat
1250 4137 1304 4182 et
1331 4142 1494 4184 senex
1517 4135 1572 4180 et
1593 4141 1787 4184 caecus.
1822 4129 2090 4182 lntentnm
2116 4128 2166 4183 ei

609 4199 844 4254 animum
879 4210 1130 4268 tanquam
1179 4212 1361 4253 arcum
1394 4197 1641 4260 habebat,
1676 4213 1771 4254 nec
1820 4199 2168 4268 ianguescens

609 4268 996 4324 succumbebat
1021 4270 1302 4324 senectuti.
1334 4268 1572 4322 Tenebat
1601 4283 1705 4322 non
1733 4270 1905 4322 solum
1937 4271 2168 4322 auctori-

609 4345 800 4408 tatem,
826 4341 922 4399 sed
966 4351 1021 4395 et
1051 4340 1329 4408 imperium
1377 4342 1429 4394 in
1473 4353 1635 4404 suos;
1664 4341 1974 4394 metuebant
2001 4342 2164 4406 servi,

609 4414 996 4479 reverebantur
1022 4411 1199 4474 liberi,
1231 4411 1451 4465 charum
1474 4424 1663 4465 omnes
1693 4411 1991 4474 habebant,
2024 4411 2167 4479 vige-

609 4478 703 4534 bat
750 4480 804 4534 in
850 4496 912 4537 ea
939 4483 1100 4536 domo
1150 4494 1266 4536 mos
1306 4481 1507 4550 patrius
1547 4490 1601 4535 et
1629 4479 1934 4547 disciplina.
1989 4478 2166 4549 Itaque

2307 521 2485 595 loquia
2509 522 2653 595 nasci
2686 523 2915 577 diccbat.
2939 523 3148 595 Nullum
3165 522 3392 595 denique
3418 528 3586 594 scelus,
3607 521 3760 595 nullurn

2303 594 2499 664 malum
2531 592 2747 664 facinus
2774 609 2912 659 esse,
2944 594 3008 646 ad
3038 592 3176 663 quod
3226 592 3583 664 suscipiendum
3607 619 3687 660 non
3713 592 3760 664 li:

2302 663 2429 718 bido
2457 663 2742 733 voluptatis
2769 665 3090 736 impelleret.
3109 665 3294 736 Stupra
3317 663 3486 723 veroet
3504 663 3761 736 adulteriaet

2300 750 2464 789 omne
2514 736 2619 790 tale
2661 736 2917 804 flagitium
2969 735 3131 806 nullis
3167 734 3276 789 aliis
3322 736 3552 796 illecebris
3602 734 3761 806 incitari

2300 806 2402 884 nisi
2449 806 2826 884 voluptatibus.
2859 806 3100 876 Cumque
3124 805 3334 884 homini,
3358 807 3458 884 sive
3479 822 3648 884 natura,
3679 805 3760 877 sive

2303 876 2424 950 quis
2465 876 2597 931 deus
2629 876 2758 950 nihil
2804 887 2981 950 mente
3031 876 3372 950 prtestabilius
3413 876 3646 950 dedisset,
3672 876 3759 946 huic

2302 945 2483 1001 divino
2537 947 2742 1001 muneri
2793 961 2856 1001 ac
2883 946 3024 1001 dono
3074 945 3198 1000 nihil
3267 963 3378 1002 esse
3419 945 3511 1004 tam
3554 945 3760 1014 inimicum

2301 1031 2454 1082 quam
2506 1019 2850 1087 voluptatem.
2893 1018 3074 1085 Neque
3122 1017 3260 1071 enim
3305 1018 3504 1074 libidine
3527 1022 3760 1084 dominante

2303 1090 2668 1164 temperantia:
2703 1089 2875 1143 locum
2907 1103 3048 1153 esse,
3084 1102 3250 1164 neque
3274 1087 3472 1164 omnino
3494 1089 3546 1164 _in
3575 1095 3758 1164 volupta-

2301 1159 2366 1237 tis
2394 1174 2554 1237 regno
2579 1159 2826 1237 virtutem
2857 1174 3012 1226 posse
3037 1163 3348 1237 consistere.
3365 1158 3506 1237 _Quod
3531 1158 3758 1237 quomagis

2297 1229 2518 1298 intelligi
2551 1238 2752 1300 posset,
2785 1229 2986 1297 lingere
3031 1228 3210 1282 animo
3240 1227 3446 1296 j'ubebat
3483 1227 3602 1285 tanta
3623 1227 3759 1291 inclia-

2301 1307 2411 1353 tum
2462 1302 2689 1372 aliquem
2744 1300 3010 1372 voluptate
3057 1300 3339 1372 corporis,
3386 1310 3556 1372 quanta
3610 1307 3758 1372 percipi

2299 1381 2479 1442 posset
2509 1371 2760 1442 maxima,
2796 1370 2992 1424 nemini
3019 1369 3270 1442 censebat
3317 1369 3422 1423 fore
3452 1369 3632 1426 dubium
3665 1369 3755 1442 quia

2297 1441 2475 1495 taudiu
2509 1443 2577 1495 ita
2628 1441 2897 1509 gauderet,
2953 1441 3088 1494 nihil
3119 1439 3317 1508 agitare
3345 1451 3524 1508 mente,
3553 1441 3658 1497 nihil
3678 1439 3751 1500 ἠ-

2297 1511 2462 1575 tione,
2497 1511 2623 1566 nihil
2673 1513 2990 1580 cogitatione
3036 1511 3287 1580 consequi
3335 1519 3514 1579 posset.
3557 1513 3754 1577 Quocirca

2296 1583 2426 1636 nihil
2452 1598 2570 1639 esse
2594 1592 2697 1636 tam
2727 1582 3061 1645 detestabile,
3095 1591 3307 1650 tamque
3332 1581 3622 1650 pestiferum,
3644 1600 3757 1650 quam

2293 1656 2642 1723 voluptatem,
2695 1652 2959 1723 siquidem
3009 1667 3071 1705 ea
3121 1649 3238 1706 cum
3295 1649 3452 1723 major
3491 1663 3610 1723 esset
3643 1649 3758 1723 atque

2295 1721 2519 1792 longior.
2550 1739 2707 1779 omne
2756 1721 2919 1776 animi
2967 1723 3146 1776 lumen
3188 1722 3546 1792 exstingueret.
3587 1721 3756 1792 Impedit

2295 1791 2468 1850 autem
2495 1796 2772 1848 cun~ilium
2802 1794 3042 1860 voluptas
3068 1793 3259 1846 rationi
3299 1791 3514 1857 inimica,
3539 1807 3592 1848 ac
3614 1791 3758 1850 mentis

2301 1867 2380 1932 (nt
2409 1866 2478 1919 ita
2507 1867 2702 1933 dicant)
2756 1863 3062 1932 perstringit
3099 1864 3302 1926 oculos,
3354 1876 3444 1916 nec
3485 1863 3618 1918 habet
3643 1864 3761 1918 ullum

2297 1950 2416 1988 cum
2448 1938 2640 1990 virtute
2662 1934 3064 1988 commercium.
3087 1933 3350 1999 Quorsum
3375 1933 3518 2001 igitur
3537 1943 3623 1988 tam
3645 1936 3762 1988 multa

2295 2005 2362 2060 de
2393 2006 2683 2074 Voluptate,
2712 2008 2830 2072 quia
2883 2020 2987 2058 non
3018 2005 3180 2058 modo
3208 2004 3509 2074 vituperatio
3543 2005 3657 2068 ulla,
3691 2003 3758 2060 sed

2293 2077 2452 2130 etiam
2485 2073 2692 2131 summa
2721 2078 2834 2130 laus
2864 2075 3157 2130 senectutis
3185 2084 3288 2141 est,
3318 2073 3451 2143 quod
3479 2087 3557 2128 eas
3581 2074 3759 2143 volupta-

2295 2154 2375 2202 tes
2407 2150 2577 2202 nullas
2622 2162 2942 2216 magnopere
2969 2145 3325 2216 desideratet
3354 2155 3488 2197 caret
3513 2147 3675 2216 epulis,
3699 2158 3764 2198 ex-

2295 2221 2614 2286 Structisque
2663 2213 2861 2272 Ini-usis
2903 2225 2956 2270 et
3002 2213 3610 2286 frequentibus__poculis.
3647 2214 3763 2268 Caret

2291 2302 2420 2358 ergo
2450 2282 2756 2353 vinolentia,
2790 2289 3052 2342 cruditate
3075 2282 3131 2341 et
3164 2282 3455 2341 insomniis.

2363 2355 2673 2428 Quanquam
2714 2369 2891 2413 autem
2923 2358 3292 2413 immoderatis
3319 2363 3459 2428 caret
3484 2355 3629 2422 epulis
3652 2368 3764 2428 seue-

2289 2423 2426 2495 ctus,
2459 2423 2682 2485 modicis
2715 2438 2888 2484 tamen
2921 2428 3186 2483 conviviis
3217 2425 3460 2482 delectari
3497 2434 3658 2493 potest.
3691 2423 3764 2495 Ne-

2289 2516 2396 2569 que
2413 2493 2659 2569 ipsorum
2708 2499 3078 2556 conviviorum
3122 2499 3521 2554 delectationem
3551 2493 3766 2560 voluptati-

2289 2567 2387 2624 bus
2417 2567 2659 2642 corporis
2686 2573 2849 2641 magis
2880 2586 3036 2641 quam
3067 2579 3212 2625 ctetu
3250 2569 3523 2624 amicorum
3547 2575 3591 2620 et
3617 2577 3766 2619 sermo-

2288 2644 2446 2698 nibus
2474 2644 2646 2696 metiri
2679 2644 2957 2697 debemus.

2361 2714 2419 2769 Si
2443 2729 2568 2770 vero
2596 2723 2844 2770 senectus
2876 2713 3035 2768 habet
3073 2707 3277 2780 aliquid
3323 2718 3551 2776 tanquam
3576 2703 3765 2774 pabulum

2284 2785 2446 2855 studii
2492 2797 2654 2855 atque
2702 2786 2996 2850 doctrinae,
3039 2781 3181 2837 nihil
3230 2789 3312 2836 est
3359 2780 3517 2834 otiosa
3563 2781 3769 2830 senectute

2279 2852 2594 2924 jucundius}

2355 2927 2484 2993 Quae
2509 2937 2632 2982 sunt
2666 2927 2825 2996 igitur
2854 2925 3160 2996 epularum,
3185 2932 3274 2977 aut
3301 2921 3553 2996 ludorum,
3574 2925 3643 2970 aut
3663 2928 3767 2996 sc_or-

2285 2985 2463 3051 torum
2491 2985 2788 3068 voluptates
2811 2985 2931 3052 cum
2957 2996 3040 3050 his
3067 2985 3428 3068 voluptatibus
3451 2985 3765 3068 comparandis,

2282 3076 2441 3135 atque
2488 3058 2843 3138 hzec'qnidem
2895 3068 3072 3122 studia
3103 3058 3386 3133 doctrinae,
3431 3077 3538 3132 quae
3565 3058 3768 3138 υηιδθηιῨ

2285 3127 2384 3192 bus
2413 3148 2466 3192 et
2494 3127 2939 3194 bene-institutis
2970 3138 3171 3205 pariter
3222 3149 3340 3190 cum
3375 3127 3527 3188 'aztate
3562 3127 3764 3188 Crescunt,

2271 3223 2376 3278 qua
2401 3211 2674 3276 voluptate
2695 3212 2858 3265 animi
2886 3209 3030 3264 nulla
3057 3217 3209 3278 certe
3240 3205 3406 3276 major
3432 3216 3541 3278 esse
3559 3205 3714 3278 potest.

2345 3268 2651 3357 Yoluptates
2678 3282 3057 3350 agricolarum,
3088 3268 3542 3357 quibusjnaxime
3567 3268 3764 3357 ᾀςξεξξῑξξο

2271 3351 2415 3405 nulla
2451 3344 2810 3419 impediuntur
2837 3344 3134 3416 senectute,
3164 3357 3219 3404 et
3248 3347 3375 3422 mihi
3403 3344 3463 3400 ad
3488 3344 3764 3422 sapientissi-

2271 3430 2376 3477 tam
2411 3418 2651 3488 proxime
2678 3424 2923 3478 videntur
2950 3422 3233 3477 accedere.
3267 3418 3468 3474 Habent
3494 3418 3615 3468 enim
3636 3419 3759 3488 rane;

2270 3477 2559 3547 nem'curn
2595 3477 2928 3564 terra,7’qu;e
2979 3507 3256 3561 nunquam
3300 3491 3414 3564 sine
3459 3497 3598 3540 usura
3615 3477 3764 3564 “reddit

2269 3564 2409 3636 quod
2459 3566 2682 3633 accepit,
2735 3550 3039 3636 quanquam
3085 3550 3175 3618 me
3222 3560 3431 3636 quidem
3479 3550 3764 3636 nouitati}?

2269 3621 2449 3704 modo,
2502 3621 2600 3690 sed.
2625 3621 2781 3692 etiam
2813 3621 2976 3704 ipsius
3002 3645 3160 3689 terrae
3194 3621 3279 3688 vis
3301 3647 3362 3686 ac
3389 3638 3557 3704 natura
3573 3621 3761 3704 delitui}:

2269 3693 2452 3778 Neque
2482 3722 2604 3762 vero
2631 3693 2911 3778 segetibus,
2928 3706 3124 3770 solum,
3174 3714 3230 3760 et
3271 3698 3451 3778 prelis.
3480 3706 3528 3778 εξ
3554 3693 3703 3778 νίὲίῗίέο

2268 3764 2500 3832 arbustis
2549 3794 2633 3833 res
2664 3764 2874 3833 rusticis
2903 3777 3041 3831 laetae
3085 3764 3238 3842 sunt,
3271 3764 3368 3828 sed
3395 3764 3550 3825 hortis
3572 3764 3708 3840 etiam.
3729 3764 3766 3842 et

2271 3826 2560 3915 553581.;
2576 3826 3366 3917 {iis".;e'ati.i;."ia;i1i;'tua
3401 3855 3544 3917 aput"
3573 3826 3768 3917 θηιυῖῖἶίξ

2270 3910 2388 3982 bus,
2440 3929 2495 3972 et
2533 3910 2735 3974 florum
2780 3910 3029 3973 omnium‘
3069 3917 3355 3971 varietate.
3410 3916 3540 3986 Agro
3581 3910 3764 3986 ,ηαῐιιίίιξξ

2270 3979 2408 4042 bene
2437 3989 2580 4044 culto
2641 3991 2777 4046 nihil
2806 4000 2981 4059 potest
3025 4003 3123 4042 nec
3155 4002 3258 4042 usu
3295 3998 3421 4059 esse
3461 3979 3662 4059 uberitts,
3692 3980 3767 4059 tte}

2270 4059 2457 4131 speciei
2498 4045 2771 4124 ornatius,
2807 4045 2915 4116 'nec
2965 4070 3154 4131 natura
3222 4053 3506 4131 pulchrius,
3551 4045 3763 4131 ad}???

2270 4117 2554 4185 fruendum
2588 4146 2692 4186 non
2725 4117 2882 4186 modo
2926 4130 3190 4195 retardat,
3223 4117 3403 4183 verum
3445 4117 3766 4198 et’iam_iu.vitat

2269 4179 2692 4270 intrassis:
2715 4179 3138 4258 satiassatias
3148 4179 3379 4270 quidem
3405 4188 3634 4270 sententia
3666 4179 3766 4270 ligati

2268 4253 3106 4341 sero‘ai'iiiii'ue‘iisiiesse
3161 4253 3389 4324 beatior.
3441 4263 3602 4341 Neque
3639 4253 3766 4341 $9199!

2269 4325 2488 4416 quidem
2515 4325 2694 4416 officio
2713 4325 3236 4416 Vltiomiitutn‘cultura
3268 4351 3505 4416 agrorum
3529 4325 3600 4385 est

2269 4405 2367 4476 ris,
2400 4413 2494 4468 sed
2522 4413 2872 4468 delectatione
2919 4422 2975 4468 et
3020 4405 3323 4466 saturitate
3351 4408 3588 4475 copiaque
3631 4405 3766 4476 reruni

2272 4474 2505 4537 omnium
2537 4500 2657 4552 quae
2701 4485 2766 4538 ad
2797 4486 2957 4539 vitam
2991 4484 3288 4545 hominum,
3322 4479 3387 4532 ad
3421 4474 3609 4552 cultum
3627 4474 3766 4552 ,θιξῆφ

609 4533 1139 4623 generagenere
1151 4533 1284 4618 "ea,
1306 4533 1945 4623 ‘si‘tamenetsi,
1995 4552 2039 4604 si
2081 4533 2166 4620 ius
2191 4548 2242 4608 D
2270 4533 2816 4623 iss'iira‘paﬁnéat.
2833 4533 2957 4610 Ῑῐέἓ
2985 4533 3382 4623 {sinuamina
3410 4547 3607 4602 senibus
3627 4533 3770 4623 inlitt-

610 4631 765 4675 suum
796 4622 1005 4689 retinet,
1035 4625 1078 4678 si
1115 4624 1230 4678 sine
1256 4623 1404 4688 vitio,
1433 4623 1479 4678 si
1505 4623 1632 4676 nulli
1662 4621 1956 4684 mancipata
1983 4630 2086 4688 est,
2119 4623 2163 4677 si

610 4699 781 4762 usque
808 4693 872 4764 ad
900 4703 1196 4750 extremum
1225 4693 1471 4764 spiritum
1511 4693 1815 4764 dominatur
1842 4691 1895 4744 in
1924 4707 2070 4746 suos.
2099 4693 2166 4747 Ut

609 4767 758 4834 enim
785 4763 1192 4830 adolescentem,
1224 4761 1274 4818 in
1298 4779 1405 4834 quo
1431 4761 1602 4818 senile
1625 4763 1844 4831 aliquid,
1868 4766 1962 4834 sic,
1980 4777 2162 4817 senem

610 4833 666 4888 in
697 4847 802 4903 quo
841 4835 1040 4903 aliquid
1068 4833 1444 4892 adolescentiae
1470 4835 1560 4902 sit,
1596 4835 1782 4902 probo.
1817 4833 1967 4900 Quod
1997 4835 2040 4885 si
2084 4849 2165 4888 sc-

610 4916 824 4977 quetur,
857 4917 1018 4960 senex
1047 4920 1166 4960 esse
1192 4921 1416 4977 corpore
1443 4909 1657 4976 poterit,
1681 4908 1860 4977 animo
1893 4919 2162 4977 nunquam

610 4975 735 5029 erit.
782 4975 874 5029 tlte
923 4984 1048 5046 sunt
1091 4975 1497 5032 exercitationes
1538 4977 1753 5046 ingenii,
1809 4975 1920 5028 haec
1971 4976 2166 5030 mentis

610 5046 895 5110 curricula,
929 5045 980 5098 in
1003 5045 1083 5100 bis
1109 5047 1402 5103 defundans
1433 5045 1611 5115 atque
1631 5046 1880 5100 laborans
1924 5047 2166 5112 corporis

614 5117 759 5170 vires
808 5129 912 5171 non
965 5130 1286 5186 magnopere
1341 5119 1628 5174 desiderat.
1686 5115 1870 5185 Neque
1920 5115 2167 5186 intelligit

611 5187 824 5257 quando
855 5187 1074 5255 obrepat
1097 5198 1363 5242 senectus.

683 5257 1022 5329 Senectutem
1069 5259 1382 5329 vituperant,
1409 5259 1646 5329 quidam.
1695 5258 1760 5313 Et
1791 5259 1907 5313 hate
1949 5257 2163 5328 quidem

611 5333 768 5383 tertia
800 5328 1100 5398 ebjurgatio
1127 5328 1438 5391 senectutis,
1467 5330 1607 5398 quod
1634 5344 1752 5384 eam
1777 5344 1962 5384 carere
1983 5330 2166 5382 dicunt

555 5405 561 5414 '
613 5400 1008 5466 voluptatibus;
1031 5400 1125 5453 sed
1150 5415 1181 5453 ο
1209 5399 1519 5469 praclarum
1545 5415 1736 5453 munus
1766 5399 1957 5464 artatis,
1982 5401 2024 5452 si
2047 5401 2165 5469 qui-

615 5472 736 5527 dem
767 5471 818 5526 ld
848 5472 1021 5524 aufert
1050 5472 1222 5534 nobis,
1250 5470 1390 5538 quod
1418 5477 1501 5523 est
1527 5472 1580 5522 in
1617 5469 1976 5524 adolescentia
2009 5471 2163 5523 vitio—

615 5544 909 5599 sissimum.
945 5541 1174 5612 Archyta
1215 5542 1357 5594 enim
1385 5539 1699 5594 Tarentinus
1730 5541 2164 5612 nullatncapita-

614 5613 800 5669 liorem
829 5621 1054 5681 pestem,
1092 5609 1255 5680 quam
1290 5612 1614 5680 voluptatem
1652 5611 1894 5676 corporis
1943 5609 2166 5664 homini-

618 5685 717 5737 bus
739 5685 946 5738 dicebat
966 5697 994 5736 a
1020 5692 1203 5736 natura
1232 5684 1430 5747 datam,
1453 5685 1605 5749 cujus
1629 5681 1982 5748 voluptatibus
1999 5682 2164 5736 avidae

619 5753 865 5808 libidines
898 5764 1096 5807 temere
1141 5763 1193 5808 et
1239 5754 1492 5808 effrenate
1537 5751 1600 5804 ad
1631 5751 1934 5818 potiendum
1979 5753 2162 5806 incita-

619 5836 758 5882 rent.
792 5825 923 5880 llinc
949 5823 1130 5895 patriae
1157 5825 1505 5896 proditiones,
1550 5823 1674 5878 hinc
1718 5836 1896 5878 rerum
1929 5822 2164 5892 publica-

2268 4633 2376 4688 cel,
2414 4615 2636 4680 nec'eos
2667 4625 2889 4694 impedit
2916 4615 3026 4690 quo
3043 4625 3224 4678 minus
3245 4634 3299 4694 et
3328 4627 3618 4675 cieterarnm
3637 4615 3768 4694 tergi"

2267 4682 2438 4750 Studia
2471 4705 2705 4759 teneant,
2723 4682 2891 4765 usque
2919 4682 2985 4749 ad
3016 4705 3228 4762 tempus
3253 4693 3490 4745 ultimum
3519 4682 3768 4765 senecttljltfz

2339 4743 2520 4822 (ὶιιι-ὶο⁷
2541 4743 2829 4822 θῖῐόευιῖι
2884 4743 3418 4832 sedenti,rmagnum
3467 4753 3572 4832 aut}
3613 4743 3770 4832 Polldﬂf

2267 4837 2534 4893 Samnites
2563 4853 2682 4892 cum
2714 4837 3036 4900 attulissent,
3068 4823 3346 4907 repudiati
3365 4839 3502 4907 sunt.
3526 4823 3633 4907 βοη-
3654 4826 3767 4907 fu]?

2266 4888 2684 4963 Ξαὲὶίὶίἷῐῖειὶἑὲᾶ
2716 4888 3036 4976 persistit;
3059 4888 3219 4960 dn'xit
3248 4904 3352 4958 sibi
3380 4897 3560 4959 videri,
3589 4888 3768 4976 sed}:

2266 4995 2382 5033 rum
2415 4966 2734 5033 habentibus
2759 4978 3044 5044 imperare.
3078 4977 3367 5031 Poteratne
3415 4979 3581 5025 tantus
3603 4966 3768 5014 animus

2262 5049 2548 5119 jucundam
2583 5064 2686 5102 non
2715 5048 2927 5103 efficere
2957 5048 3327 5102 senectutem?
3567 5107 3594 5119 μ

2341 5092 3440 5192 quam
3469 5107 3645 5192 media,
3663 5092 3770 5168 αυοά

2264 5191 2593 5244 auctoritatis
2625 5189 2816 5244 habent
2845 5190 2963 5257 plus
2991 5189 3165 5242 minus
3198 5188 3281 5240 vel
3317 5185 3528 5257 laboris.

2335 5261 2482 5327 Apes
2510 5270 2593 5314 est
2619 5269 2794 5313 autem
2838 5247 3128 5313 senectutis
3157 5258 3485 5327 auctoritas,
3511 5247 3649 5305 baltei
3671 5249 3771 5327 ἓξὲξ

2263 5319 2447 5384 εει-ιὶἰη
2479 5341 2725 5386 senectus
2758 5331 3016 5384 honorata
3040 5338 3239 5381 tantam
3271 5324 3645 5380 auctoritatem.
3665 5319 3769 5386 “ﬁ”,

2265 5400 2430 5469 pluris
2456 5405 2526 5455 sit
2551 5415 2709 5470 quam
2751 5414 2938 5454 omnes
2966 5399 3347 5453 adolescentiae
3379 5395 3668 5470 voluptates-

2263 5459 2315 5527 in
2363 5474 2502 5525 omni
2549 5459 2790 5525 oratione
2839 5479 3164 5524 mementote
3211 5483 3302 5522 me
3332 5479 3450 5522 eam
3500 5459 3769 5532 senectti“?!

2264 5543 2504 5605 laudare,
2549 5557 2668 5610 qua:
2715 5541 3076 5596 fundamentis
3125 5535 3502 5592 adolescentiae
3545 5527 3770 5610 constituia

2263 5614 2352 5668 sit.
2383 5614 2458 5667 Ex
2485 5601 2588 5680 quo
2617 5612 2747 5666 illud
2778 5611 3026 5676 efficitur,
3053 5611 3454 5680 miseramesse
3481 5601 3772 5680 senectutem,

2263 5699 2381 5753 qua:
2407 5699 2464 5737 se
2495 5671 2735 5736 oratione
2763 5671 3025 5736 defendit.
3051 5680 3163 5734 Non
3205 5679 3352 5740 cani,
3387 5691 3488 5753 non
3531 5671 3776 5753 rugis.

2265 5737 2819 5826 penteauctoritatem
2848 5737 3778 5826 eripere,possuntpsedohoueste

2264 5810 2510 5897 superior
2549 5833 2676 5880 tetas
2727 5810 2945 5882 fructus'
2975 5810 3117 5893 capit
3155 5810 3490 5878 aucturitatis
3533 5810 3772 5868 extremos.

3931 2555 3933 2564 Α
