4060 6368
349 298 485 361 1077

977 292 1379 362 SENTENTIA!
1417 296 1903 358 PHILOSOPHICA

2005 297 2058 355 1X
2096 295 2436 355 CICERUNE
2474 287 2878 354 COLLECTE.

3447 289 3589 352 1018

347 412 473 471 Haec
499 412 641 471 enim
674 413 788 482 ipsa
811 423 933 470 sunt
959 412 1371 479 bonorabiliora,
1395 426 1514 482 quae
1539 409 1791 482 videntur
1816 390 1896 482 le-
1919 412 1972 473 Α
1997 411 2181 467 eadem
2212 412 2410 480 optime
2438 424 2561 481 quae
2599 413 2902 480 composuit
2940 418 3125 467 natura
3155 408 3583 482 dissolvittJans

349 489 429 539 via
475 494 634 556 atque
661 481 983 553 cOmmunia,
1014 488 1235 552 scilicet,
1285 481 1523 556 salutari,
1557 481 1755 552 appeti,
1797 481 1894 556 de:

346 556 490 623 cedi,
520 552 749 627 assurgi,
781 552 995 623 deduci,
1023 558 1226 621 reduci,
1257 554 1484 619 consuli,
1525 568 1645 625 quae
1673 559 1729 608 et
1765 552 1902 627 apud

350 642 447 683 nos
476 639 529 682 et
573 627 630 683 in
675 624 793 682 aliis
820 628 1146 694 civitatibus,
1195 636 1255 683 ut
1299 624 1659 697 quaeque’res
1704 624 1906 695 optime

348 709 553 770 morata
583 706 686 770 est,
717 696 791 755 ita
815 697 1219 770 diligentissime
1240 696 1609 770 observantur.

416 766 476 824 in
509 766 683 837 fragili
711 766 937 838 corporé
959 771 1141 826 odiosa
1165 770 1338 825 omnis
1368 766 1591 823 oﬂensio
1616 774 1719 823 est.

418 839 487 895 Ut
514 838 656 895 enim
686 853 791 897 non
817 854 978 897 omne
996 842 1195 908 vinum,
1222 839 1304 897 sic
1332 855 1436 895 non
1464 838 1639 895 omnis
1661 848 1788 893 aetas
1810 852 1907 894 na-

351 918 484 964 tura
519 917 782 967 vetustate
807 912 1091 968 coacescit.
1331 968 1339 977 ,

416 980 654 1054 Avaritia
684 981 870 1054 senilis
896 982 1023 1052 quid
1065 983 1166 1038 sibi
1197 981 1467 1054 velithon
1498 978 1756 1050 intelligo.
1782 977 1907 1054 Ῥᾳ-

347 1057 455 1106 test
479 1051 624 1123 enim
657 1049 943 1123 quidquam
990 1068 1113 1111 esse
1156 1051 1436 1107 absurdius
1476 1066 1636 1123 quam
1664 1049 1905 1121 quo'mi-

346 1136 448 1176 nus
480 1120 577 1176 vim
604 1120 887 1185 restat,'eo
915 1124 1033 1191 plus
1061 1123 1240 1179 viatici
1270 1120 1547 1191 quierere?
1576 1120 1773 1188 Quarta
1808 1136 1900 1191 re-

344 1199 453 1263 stat
479 1206 658 1256 causa,
685 1207 805 1262 quas
832 1190 1063 1249 maxime
1091 1190 1469 1263 angere’atque
1492 1191 1773 1263 sollicitam
1805 1190 1904 1247 ha-

345 1262 477 1333 bere
506 1269 747 1319 nostram
788 1271 999 1320 aetatem
1027 1262 1258 1327 videtur,
1292 1262 1730 1333 appropinquatio
1758 1277 1906 1318 mor-

346 1332 449 1404 tis,
467 1347 585 1404 quae
612 1347 641 1385 a
668 1342 942 1390 senectute
969 1349 1076 1391 non
1103 1345 1278 1404 potest
1307 1332 1462 1403 Iunge
1482 1332 1692 1389 abesse.

416 1402 765 1461 O’miserum
813 1419 1021 1473 senem,
1050 1402 1138 1474 qui
1188 1402 1417 1461 mortem
1466 1402 1909 1461 contemnendam

344 1487 468 1545 esse
496 1475 548 1531 in
575 1482 681 1531 tam
710 1474 867 1544 longa
896 1484 1053 1533 astate
1091 1490 1196 1531 non
1227 1476 1437 1541 viderit,
1468 1483 1709 1545 quaeaut
1754 1475 1915 1545 plane

346 1544 666 1616 negligenda
694 1554 799 1617 est,
842 1547 888 1602 si
929 1547 1222 1617 exstinguit
1269 1547 1485 1609 omnino
1523 1544 1779 1617 animum,
1822 1554 1913 1602 aut

347 1614 518 1687 etiam,
539 1614 774 1683 optanda
806 1618 976 1673 multo
1004 1614 1188 1687 magis,
1223 1618 1270 1674 si
1299 1618 1475 1686 aliquo
1502 1630 1626 1672 eum
1667 1614 1908 1687 deducit,

346 1686 436 1757 ubi
476 1685 548 1741 sit
579 1688 785 1741 iuturus
835 1685 1277 1757 aeternus—Atqui
1326 1685 1470 1744 certe
1513 1689 1727 1742 tertium
1776 1685 1906 1745 nihil

2011 483 2188 537 omnis
2216 480 2604 553 conglutinatio
2626 496 2813 541 recens
2831 490 2989 551 agre,
3016 483 3308 537 inveterata
3326 480 3582 537 facillime

2005 553 2333 609 dissolvitur.
2371 554 2444 609 Ita
2478 555 2535 608 lit
2564 562 2624 608 ut
2642 555 2797 611 facile
2828 554 2952 608 illud
2977 556 3138 608 breve
3165 553 3290 607 vitm
3310 553 3578 621 reliquus!

2006 639 2106 681 nec
2134 626 2289 682 avide
2318 624 2673 695 appetendum
2702 625 2942 692 senibus,
2976 639 3073 679 nec
3096 626 3212 678 sine
3236 638 3395 695 causa
3419 622 3581 678 δῆσθε

2007 696 2226 769 rendum
2258 699 2356 764 sit;
2386 702 2637 769 vetatque
2669 698 2996 769 Pythagoras
3028 696 3233 769 iniussu
3280 694 3582 769 imperatus

2006 765 2103 892 ris(i
2130 766 2229 822 hoc
2258 780 2358 836 est,
2392 767 2507 835 Dei,
2544 768 2612 823 de
2643 765 2892 839 praesidio
2941 776 2993 821 et
3022 766 3255 822 statione
3293 766 3418 821 vitae
3463 767 3583 820 diss

2006 851 2070 892 ce
2112 853 2222 892 ere.

2006 851 2222 893 cedere.

2077 908 2290 981 Solonis
2311 909 2523 980 quidem
2557 909 2811 981 sapientis
2850 910 3117 979 eulogium
3145 918 3229 964 est
3257 922 3364 981 quo
3392 918 3451 961 se
3482 920 3582 981 nos

2007 988 2095 1049 gat
2120 979 2256 1035 velle
2282 977 2431 1036 suam
2458 977 2685 1036 mortem
2707 981 2893 1036 dolore
2922 977 3214 1049 amicorum
3246 989 3300 1035 et
3324 977 3582 1035 lamentis

2006 1046 2216 1106 vacare.
2259 1051 2364 1108 Sed
2407 1051 2544 1108 haud
2587 1053 2722 1124 scio,
2754 1062 2821 1106 an
2852 1051 3044 1107 melius
3077 1046 3279 1106 Ennius
3315 1065 3333 1104 :

2131 1164 2287 1215 Nemo
2300 1177 2379 1215 me
2404 1165 2627 1227 lacrymis
2648 1165 2850 1219 decoret
2869 1177 3031 1227 neque
3055 1163 3228 1215 funera
3249 1164 3396 1223 ﬂetu,

2134 1226 2276 1279 Faxit
2293 1240 2381 1278 cur
2402 1226 2548 1279 volito
2574 1230 2711 1279 vivus
2732 1241 2822 1292 per
2845 1240 2931 1279 ora
2948 1226 3101 1277 virum
3115 1262 3129 1276 .

2010 1331 2127 1388 Non
2155 1340 2337 1388 censet
2364 1332 2648 1402 lugendam
2676 1332 2799 1389 eSse
2827 1339 3079 1399 mortem,
3113 1340 3271 1401 quam
3298 1330 3585 1387 immorta-

2011 1404 2132 1459 litas
2161 1414 2549 1474 consequatur.

2083 1475 2195 1531 Hoc
2239 1475 2666 1549 praemeditatum
2717 1475 2789 1549 ab
2810 1474 3171 1549 adolescentia
3213 1473 3376 1549 debet
3418 1480 3585 1542 esse,

2012 1545 2243 1601 mortem
2269 1553 2327 1600 ut
2368 1546 2717 1618 negligatmis,
2749 1548 2865 1601 sine
2907 1552 3005 1613 qua
3033 1545 3380 1618 meditatione
3429 1554 3577 1618 tran-

2012 1618 2183 1687 quillo
2226 1620 2348 1672 esse
2389 1614 2567 1672 animo
2618 1624 2774 1672 nemo
2804 1620 3001 1685 potest.
3050 1614 3395 1687 Mdriendunt
3433 1617 3580 1672 enim

2013 1682 2218 1744 certum
2250 1695 2350 1755 est,
2396 1694 2451 1744 et
2496 1690 2757 1744 incertum
2789 1682 2856 1742 an
2907 1687 3006 1743 hoc
3037 1688 3155 1758 ipso
3196 1688 3307 1742 die.
3352 1682 3581 1755 Mortem

348 1755 589 1825 inveniri
612 1766 811 1826 potest.
841 1758 980 1827 Quid
1009 1760 1165 1835 igitur
1194 1754 1430 1835 timeam,
1458 1758 1503 1813 si
1519 1767 1627 1835 Διιιιι
1674 1772 1779 1813 non
1798 1757 1910 1835 ‘mi:
1937 1754 1986 1835 δ
2015 1760 2176 1835 igitur
2199 1758 2346 1835 horis
2369 1759 2592 1829 singulis
2613 1759 3012 1835 impendentem
3041 1754 3305 1824 metuens,
3341 1759 3462 1830 quis
3485 1770 3583 1829 po«

344 1842 435 1883 ser
478 1838 597 1897 post
643 1839 893 1896 mortem,
939 1827 1043 1885 aut
1069 1831 1255 1886 beatus
1303 1832 1464 1885 etiam
1514 1827 1721 1883 futurus
1768 1828 1908 1885 sim?

346 1897 659 1968 Quanquam
712 1900 829 1968 quis
877 1909 1089 1958 esttam
1152 1901 1372 1964 stultus,
1424 1909 1530 1955 tam
1578 1899 1660 1953 sui
1717 1899 1906 1966 fidens,

346 1971 591 2038 quamvis
621 1968 955 2041 adolescens,
985 1970 1072 2027 cui
1097 1970 1167 2027 sit
1193 1972 1528 2041 exploratum
1549 1984 1608 2025 se
1631 1969 1695 2025 ad
1722 1985 1910 2040 vespe.

346 2053 466 2095 rum
491 2050 613 2098 esse
638 2040 936 2110 victurum;
963 2041 1088 2112 quin
1114 2040 1277 2099 etiam
1306 2050 1440 2099 aetas
1469 2040 1560 2096 illa
1585 2042 1755 2112 multo
1792 2042 1912 2112 plu-

348 2124 439 2166 res
484 2124 642 2181 quam
689 2121 874 2168 nostra
920 2109 1107 2169 mortis
1152 2126 1310 2169 casus
1350 2113 1528 2168 habet.
1580 2109 1808 2166 Facilius
1858 2111 1911 2169 in

347 2181 564 2253 morbos
606 2183 846 2240 incidunt
891 2183 1279 2248 adolescentes,
1333 2184 1546 2252 gravius
1602 2193 1907 2253 aegrotant,

350 2252 557 2309 tristius
584 2264 862 2310 curantur.
911 2255 1089 2325 itaque
1136 2253 1384 2325 perpauci
1413 2255 1630 2325 veniunt
1655 2252 1724 2325 ad
1754 2267 1912 2325 sene.

347 2332 573 2391 ctutem,
601 2326 744 2392 quod
767 2323 1059 2392 accideret,
1089 2323 1357 2387 simelius
1381 2334 1436 2380 et
1480 2323 1798 2393 prudentius
1829 2324 1910 2380 vi-

348 2405 558 2457 verent.
587 2394 735 2451 Mens
779 2397 921 2451 enim
953 2405 1009 2449 et
1040 2395 1174 2450 ratio
1218 2405 1270 2450 et
1297 2396 1578 2453 consilium
1610 2395 1663 2448 in
1693 2394 1911 2451 senibus

348 2473 453 2519 est.
486 2465 641 2519 Omni
669 2467 841 2534 inquit
879 2466 1063 2532 Scipio
1088 2468 1235 2522 atati
1261 2476 1490 2521 mortem
1517 2480 1638 2522 esse
1665 2480 1909 2523 commu—

349 2548 496 2606 nem.
528 2537 599 2590 At
636 2546 815 2606 sperat
855 2536 1168 2591 adolescens
1213 2537 1307 2594 diu
1352 2551 1414 2595 se
1456 2550 1576 2591 esse
1606 2535 1867 2591 victurum
1893 2576 1909 2603 ,

349 2604 493 2673 quod
544 2604 763 2674 sperare
807 2606 951 2661 idem
996 2620 1163 2663 senex
1219 2622 1323 2663 nou
1360 2616 1554 2674 potest,
1603 2606 1914 2675 insipienter

348 2684 549 2746 sperat.
595 2676 736 2742 Quid
762 2678 907 2732 enim
946 2677 1163 2731 stultius
1189 2692 1348 2746 quam
1388 2677 1591 2737 incerta
1622 2692 1717 2746 pro
1745 2677 1881 2732 certi

351 2693 549 2743 sperat.
595 2693 736 2742 Quid
762 2693 907 2732 enim
946 2693 1163 2731 stultius
1189 2693 1348 2746 quam
1388 2693 1591 2759 incerta
1622 2693 1717 2746 pro
1745 2693 1912 2803 cerni

351 2744 570 2812 habere,
587 2746 717 2801 falsa
732 2762 829 2816 pro
847 2748 1020 2803 veris?
1038 2752 1276 2803 Atsenex
1291 2762 1358 2804 ne
1370 2748 1583 2816 quidem
1600 2747 1755 2803 habet
1771 2762 1841 2817 qu

348 2827 547 2884 sperat.
578 2819 648 2871 At
674 2828 762 2873 est
789 2833 857 2873 eo
883 2818 1105 2874 meliore
1130 2818 1456 2884 conditione,
1485 2834 1646 2887 quam
1694 2818 1910 2875 adoles-

348 2899 651 2959 cens,icum
681 2888 732 2943 id
764 2889 907 2959 quod
950 2889 1038 2944 ille
1080 2899 1262 2957 sperat
1303 2889 1375 2944 sit
1415 2901 1772 2953 consecutus;
1820 2889 1914 2946 ille

347 2956 578 3031 vultdiu
599 2956 799 3031 vivere,
830 2960 915 3031 hic
940 2960 1031 3031 diu
1053 2956 1204 3014 vixit.
1236 2961 1570 3031 Quanquam,
1601 2975 1636 3014 ο
1663 2960 1735 3015 dii
1766 2960 1910 3028 boni,

346 3027 477 3096 quid
502 3040 586 3083 est
612 3029 669 3083 in
694 3029 798 3084 vita
826 3030 1062 3086 hominis
1085 3032 1200 3089 diu?

354 3143 363 3150 .
416 3098 544 3153 Mihi
573 3099 787 3172 quidem
820 3115 918 3156 nec
943 3101 1249 3157 diuturnum
1276 3101 1564 3172 quidquam
1597 3100 1825 3166 videtur,
1855 3100 1909 3157 in

345 3181 453 3241 quo
471 3177 552 3224 est
568 3170 781 3241 aliquod
804 3181 1124 3229 extremum.
1140 3172 1275 3228 Cum
1295 3170 1437 3228 enim
1462 3173 1514 3229 id
1537 3172 1772 3236 advenit,
1797 3181 1908 3229 tum

346 3239 477 3294 illud
504 3239 923 3311 quod—praeterit
973 3243 1200 3308 efﬂuxit,
1233 3253 1438 3298 tantum
1470 3252 1714 3300 remanet
1742 3257 1909 3311 quan-

347 3318 461 3364 tum
513 3312 713 3368 virtute
759 3321 814 3367 et
867 3312 1160 3369 benefactis
1210 3324 1535 3371 consecutus
1584 3316 1682 3368 sis.
1751 3311 1909 3369 llorte

344 3382 560 3449 quidem
590 3383 789 3438 cedunt
814 3392 871 3440 et
895 3384 1011 3439 dies
1040 3395 1094 3441 et
1121 3399 1333 3441 menses
1360 3394 1414 3439 et
1440 3385 1589 3444 nnni.
1627 3399 1725 3440 nec
1765 3398 1907 3451 prae-

346 3452 563 3507 teritum
594 3464 804 3523 tempus
836 3470 1063 3524 unquam
1092 3455 1396 3511 revertitur.
1428 3456 1536 3511 Nec
1565 3457 1688 3525 quid
1715 3468 1909 3521 sequa-

345 3532 435 3596 tur
452 3525 578 3578 sciri
612 3534 806 3593 potest.
834 3527 986 3594 Quod
1018 3527 1210 3595 cuique
1235 3528 1490 3596 temporis
1519 3527 1584 3582 ad
1621 3525 1906 3581 vivendum

343 3594 522 3663 datur,
551 3609 620 3650 eo
645 3596 805 3652 debet
830 3611 949 3653 esse
974 3594 1275 3652 contentus.

417 3664 587 3738 Breve
636 3667 781 3722 enim
831 3678 1039 3737 tempus
1084 3670 1275 3727 astatis,
1305 3667 1435 3724 satis
1466 3666 1681 3738 longum
1710 3675 1794 3723 est
1837 3666 1905 3722 ad

344 3735 482 3790 bene
528 3737 862 3807 honesteque
909 3735 1229 3807 vivendum;
1277 3738 1359 3793 sin
1409 3735 1734 3807 processeris
1783 3738 1904 3793 lon-

340 3808 488 3874 gius,
520 3822 625 3863 non
668 3809 839 3877 magis
877 3809 1161 3864 dolendum
1208 3824 1366 3877 quam
1409 3810 1657 3877 agricola:
1700 3808 1901 3872 dolent,

344 3879 617 3948 praeterita
647 3881 796 3934 verni
824 3880 1078 3949 temporis
1107 3882 1391 3946 suavitate,
1421 3888 1662 3935 atStatem
1690 3889 1904 3935 autum-

342 3962 580 4016 numque
608 3949 839 4006 venisse.
887 3951 992 4007 Ver
1021 3951 1163 4005 enim
1197 3960 1444 4020 tanquam
1486 3951 1900 4005 adolescentiam

341 4020 610 4090 signiﬁcat
636 4022 978 4091 ostenditque
1006 4019 1210 4077 fructus
1248 4022 1481 4077 futuros.
1532 4020 1755 4088 Reliqua
1800 4034 1901 4077 au-

340 4099 453 4145 tem
504 4100 745 4160 tempora
782 4090 1118 4147 demetendis
1164 4092 1419 4148 fructibus
1461 4099 1518 4146 et
1544 4091 1902 4160 percipiendis

339 4161 742 4217 accommodata
786 4173 933 4217 sunt.
977 4162 1202 4217 Fructus
1246 4171 1422 4217 autem
1468 4163 1755 4217 senectutis
1816 4170 1902 4217 est

339 4240 469 4287 ante
511 4240 783 4302 partorum
828 4233 1091 4288 bonorum
1112 4233 1268 4300 copia
1304 4244 1359 4288 et
1402 4232 1679 4289 memoria.
1708 4232 1901 4302 omnia

341 4317 473 4358 vero
493 4301 613 4373 qua
635 4305 928 4360 secundum
956 4310 1198 4358 naturam
1231 4307 1385 4369 fiunt,
1415 4312 1540 4357 sunt
1580 4301 1820 4357 habenda
1843 4302 1901 4356 in

340 4373 520 4429 bonis.
572 4374 711 4441 Quid
761 4386 844 4431 est
889 4385 1068 4430 autem
1121 4384 1228 4429 tam
1276 4373 1565 4431 secundum
1612 4383 1897 4440 naturam,

339 4459 501 4516 quam
531 4444 753 4502 senibus
778 4447 987 4501 emori?
1016 4445 1168 4514 Quod
1210 4445 1351 4501 idem
1374 4444 1644 4516 contingit
1688 4443 1898 4516 adoles-

338 4506 587 4571 centibus
635 4517 951 4572 adversante
992 4506 1058 4573 ac
1096 4510 1422 4586 repugnante
1464 4506 1669 4569 natura.
1716 4506 1895 4582 llaque

338 4585 712 4642 adolescentes
748 4588 885 4642 mori
926 4587 1055 4641 mihi
1097 4585 1176 4642 sic
1205 4588 1469 4649 videntur,
1499 4598 1555 4640 ut
1597 4599 1719 4639 cum
1745 4599 1897 4654 aquae

341 4657 685 4713 multitudine
732 4657 958 4712 ﬂamma:
1002 4658 1082 4712 vis
1128 4658 1462 4727 opprimitur.
1507 4656 1675 4725 Senes
1719 4663 1897 4710 autem

340 4728 424 4784 sic
473 4742 595 4783 cum
641 4742 735 4783 sua
785 4738 993 4797 SpOttle,
1026 4726 1175 4783 nulla
1225 4728 1270 4780 vi
1322 4726 1589 4794 adhibita,
1643 4740 1897 4780 consum-

342 4808 467 4869 ptus
490 4798 626 4866 ignis
651 4796 1033 4869 exstinguitur.
1064 4798 1128 4853 Et
1158 4798 1307 4869 quasi
1338 4814 1492 4868 poma
1522 4814 1585 4852 ex
1620 4796 1900 4869 arboribus

340 4868 510 4925 cruda
540 4870 587 4925 si
635 4873 763 4935 sint,
797 4867 1194 4934 vi‘aveliuntur,
1246 4868 1289 4924 si
1321 4867 1527 4922 matura
1559 4876 1611 4933 et
1654 4867 1896 4935 decocta,

340 4939 619 5008 decidunt,
648 4945 725 4996 sic
756 4941 918 4996 vitam
948 4941 1378 4997 adolescentibus
1410 4941 1486 4993 vis
1517 4939 1710 5001 aufert,
1757 4939 1900 4993 senio

342 5011 444 5065 bus
474 5012 779 5089 maturitas,
808 5026 924 5081 qum
948 5011 1057 5082 jam
1089 5013 1219 5089 mihi
1246 5022 1349 5065 tam
1376 5010 1606 5089 jucunda
1643 5020 1900 5089 estuquo

342 5084 564 5151 propius
611 5083 678 5141 ad
717 5078 964 5138 mortem
995 5082 1265 5148 accedam,
1299 5078 1448 5152 quasi
1493 5093 1685 5136 terram
1731 5078 1898 5152 videri

342 5149 545 5217 videar,
577 5163 634 5209 et
648 5152 945 5231 _aliquand_o
976 5154 1029 5207 in
1054 5149 1350 5231 portumic'x
1382 5154 1537 5220 longa
1562 5149 1899 5231 navigatione

323 5233 619 5280 ‘venturus.
645 5223 947 5289 Senectutis
987 5235 1166 5279 autem
1195 5227 1368 5277 nullus
1396 5234 1574 5278 certus
1604 5232 1683 5276 est
1709 5223 1896 5275 termi-

341 5310 480 5361 nus,
527 5304 780 5365 recteque
830 5296 882 5350 in
928 5309 989 5349 ea
1040 5296 1252 5365 vivitur,
1304 5293 1477 5364 quoad
1518 5295 1691 5346 minus
1731 5290 1898 5347 ol'licii

340 5364 564 5436 exsequi
612 5367 784 5436 possis
824 5377 879 5421 et
927 5366 1086 5432 tueri,
1128 5375 1182 5420 et
1229 5364 1340 5419 tuto
1386 5375 1613 5436 mortem
1659 5371 1899 5417 contem-

341 5433 505 5504 nere,
546 5433 629 5497 αι’
665 5453 771 5506 quo
818 5437 878 5490 lit
908 5445 965 5491 ut
1006 5437 1296 5492 animosior
1343 5435 1502 5490 etiam
1532 5433 1603 5489 sit
1649 5443 1900 5490 senectus

339 5522 499 5580 quam
525 5509 885 5580 adolescentia
908 5517 962 5580 et
981 5507 1192 5580 fortior.
1485 5575 1497 5580 _
1718 5566 1721 5571 ,
1753 5564 1756 5568 λ

414 5579 521 5635 Sed
550 5578 763 5637 vivendi
792 5588 874 5635 est
903 5578 1023 5634 linis
1051 5579 1306 5647 optimus,
1335 5591 1458 5632 cum
1485 5575 1690 5648 integra
1717 5584 1899 5634 mente

339 5653 610 5719 certisque
638 5651 882 5706 sensibus
911 5665 1044 5718 opus
1067 5652 1180 5718 ipsa
1208 5664 1363 5711 suum
1390 5648 1577 5703 eadem
1608 5661 1743 5719 quasi
1761 5661 1896 5702 con-

337 5718 619 5795 glutinavit
666 5731 852 5795 uatura
898 5721 1174 5795 dissolvit;
1206 5732 1263 5776 ut
1308 5734 1496 5795 navem
1528 5729 1584 5795 et
1612 5718 1898 5795 mdiﬁcium

340 5788 595 5852 facillime
623 5794 763 5852 idem
791 5793 1038 5865 destruit,
1063 5794 1154 5865 qui
1179 5792 1496 5859 construxit,
1517 5790 1595 5849 sic
1623 5788 1897 5847 hominem

1922 4489 1976 4551 D

2013 1829 2135 1885 terit
2157 1829 2334 1901 animo
2364 1844 2555 1887 securo
2575 1830 2915 1901 consistere?
3000 1852 3004 1859 ·
3140 1900 3143 1901 ν
3172 1899 3201 1901 ,_
3360 1896 3365 1901 .

2084 1898 2241 1955 Dum'
2264 1910 2450 1973 sumus
2498 1900 2688 1957 inclusi
2726 1898 2777 1973 in
2812 1900 2900 1973 bis
2943 1899 3289 1973 compagibus
3315 1898 3585 1973 corporis,

2010 1986 2231 2044 munere
2240 1972 2486 2044 _quodam
2516 1970 2854 2044 necessitatis
2884 1978 2936 2027 et
2984 1968 3320 2044 gra‘vi'opere
3362 1968 3584 2044 parun;

2010 2043 2203 2113 gimur.
2239 2041 2332 2098 Est
2357 2046 2500 2097 enim
2528 2043 2761 2098 caelestis
2790 2038 3010 2097 animus
3026 2059 3093 2099 ex
3120 2038 3384 2098 altissimo
3411 2038 3585 2113 domi-

2010 2111 2133 2168 cilio
2165 2116 2446 2185 depressus
2488 2124 2541 2185 et
2570 2115 2722 2185 quasi
2769 2113 3045 2169 demersus
3084 2116 3135 2185 in
3178 2120 3401 2182 terram,
3434 2111 3583 2170 obtio'

2012 2199 2144 2255 nens
2167 2183 2599 2255 divintenaturte
2615 2184 2788 2255 locum
2812 2183 3205 2255 aeternitatique
3223 2185 3578 2242 contrarittm.

2010 2253 2114 2310 Sed
2146 2248 2308 2309 credo
2349 2253 2477 2311 deos
2508 2250 2833 2312 immortales
2861 2248 3131 2325 sparsiSse'
3147 2256 3353 2311 animos
3382 2254 3434 2310 in
3459 2266 3582 2325 cor-

2012 2341 2139 2401 pora
2174 2325 2514 2401 humanaLu't
2534 2334 2720 2401 essent
2741 2329 2828 2396 qui
2855 2324 3025 2401 terras
3050 2335 3346 2401 tuerentur,
3380 2324 3585 2401 quique

2010 2394 2308 2475 caelestium
2332 2394 2575 2453 ordinem
2605 2394 3029 2475 contemplantes
3062 2394 3411 2475 imitarentur
3433 2394 3585 2475 eum,

2013 2471 2134 2522 vitae
2164 2470 2323 2522 modo
2349 2466 2855 2537 atqueconstantia.
2883 2466 2991 2524 Nec
3016 2483 3104 2525 me
3135 2470 3269 2524 ratio
3292 2467 3503 2537 impulit
3524 2466 3585 2524 tit

2011 2537 2080 2591 ita
2112 2534 2536 2603 crederem,'sed
2566 2534 2855 2606 disputatio
2893 2541 3053 2595 etiam
3088 2546 3142 2595 et
3173 2534 3462 2595 auctoritas
3486 2544 3587 2606 fve-

2015 2614 2186 2683 terum
2213 2619 2267 2665 et
2312 2604 3153 2683 nobiliumphilosophorum,et
3184 2611 3236 2683 in
3268 2611 3455 2683 primis
3480 2604 3583 2683 Py.

2015 2676 2270 2746 lhagorm,
2337 2678 2385 2734 ui
2413 2695 2478 2735 ex
2508 2676 2757 2735 universa
2782 2676 2961 2736 mente
2986 2676 3166 2736 divina
3193 2676 3457 2736 delibatos
3482 2676 3580 2736 nos

2015 2748 2215 2803 animos
2247 2696 2444 2805 hafiiere
2468 2749 2873 2805 demonstravit.
2904 2751 3173 2805 Praeterea
3202 2748 3461 2805 Socratis.
3488 2740 3580 2805 nui

2012 2740 2215 2803 animos
2247 2740 2444 2821 habere
2468 2749 2873 2821 demonstravit.
2904 2751 3173 2808 Praeterea
3202 2748 3461 2821 Socratis,
3488 2740 3581 2821 qui

2011 2832 2260 2889 supremo
2291 2820 2410 2889 vita:
2436 2821 2521 2876 die
2547 2820 2615 2879 de
2657 2822 3055 2880 immortalitate
3083 2820 3381 2879 animorum
3406 2820 3583 2878 disse-

2014 2888 2136 2944 ruit.
2171 2888 2315 2963 Quid
2338 2893 2540 2948 multa?
2568 2890 2659 2949 Sic
2682 2893 2919 2963 persuasi
2945 2894 3099 2961 mihi,
3124 2895 3202 2948 sic
3233 2893 3430 2963 sentio,
3454 2896 3578 2950 cum

2015 2970 2159 3037 tanta
2186 2960 2470 3037 celebritas
2501 2960 2800 3019 animorum
2834 2966 2925 3037 sit,
2962 2960 3104 3020 tanta
3134 2962 3392 3019 memoria
3439 2962 3577 3037 prie:

2014 3034 2311 3105 ternorum,
2345 3034 2750 3105 futurorumque
2779 3034 3084 3105 prudentia,
3118 3044 3194 3090 tot
3222 3042 3386 3103 artes,
3415 3030 3580 3103 tantm

1935 3094 1983 3196 ὸ
2014 3103 2273 3196 scientite,
2296 3094 2376 3160 tot
2402 3094 2796 3196 inv-clitagnon'
2812 3121 2968 3174 posse
2988 3094 3127 3196 ‘e'a'm
3172 3094 3416 3196 natumut
3445 3098 3579 3196 quia?

2016 3186 2103 3227 res
2137 3182 2312 3230 tantas
2348 3177 2657 3247 contineret
2694 3190 2815 3232 esse
2864 3178 3166 3233 mortalem.
3215 3176 3377 3247 Plato
3411 3176 3576 3247 etiam

2010 3245 3063 3319 nosterapudrxeuophontemmoriens
3113 3248 3227 3302 haec
3250 3238 3431 3302 dixit:
3477 3238 3585 3319 No-

2009 3313 2099 3385 lite
2129 3313 2403 3385 arbitrari,
2435 3313 2466 3372 o
2514 3313 2642 3373 mihi
2687 3316 2992 3374 charissimi
3041 3318 3154 3381 filii,
3188 3324 3309 3373 cum
3352 3326 3383 3373 a
3428 3315 3584 3376 vobis

2007 3384 2332 3456 discessero,
2360 3384 2445 3442 me
2474 3403 2732 3456 nusquam
2767 3399 2857 3444 aut
2887 3389 3090 3444 nullum
3121 3389 3256 3444 fore.
3299 3385 3409 3445 Nec
3434 3387 3519 3443 eui

2006 3454 2132 3510 dum
2157 3472 2300 3512 eram
2325 3454 2625 3531 vobiscum,
2658 3475 2779 3514 eum
2804 3458 3065 3521 videbatis
3092 3460 3325 3517 animum
3358 3458 3449 3530 qui
3477 3459 3547 3531 bo

2005 3534 2153 3601 artus
2196 3528 2435 3599 regebat,
2460 3531 2554 3601 sed
2581 3526 2703 3585 esse
2733 3546 2854 3586 cum
2900 3531 2952 3601 in
2984 3531 3088 3588 hoc
3117 3544 3341 3601 corpore
3371 3526 3441 3601 ex
3476 3526 3577 3601 his

2005 3599 2165 3655 rebus
2190 3596 2323 3673 quas
2365 3600 2619 3673 gerebam
2662 3600 3076 3673 intelligebatis;
3116 3596 3578 3673 eumdetnigitqr

2005 3684 2125 3749 esse
2152 3662 2435 3749 creditot'e,
2464 3672 2637 3749 etiam
2685 3672 2729 3728 si
2761 3662 2961 3728 nulium
2994 3662 3262 3749 videbitis.
3310 3662 3580 3749 Mihi'qtiiT

2005 3738 2125 3816 dem
2171 3741 2481 3816 persuaderi
2528 3758 2798 3813 nunquam
2853 3738 3059 3816 poterat
3092 3744 3301 3799 animos
3346 3738 3534 3816 dum'i

2003 3812 2317 3880 corporibus
2363 3822 2545 3868 essent
2589 3812 2907 3870 mortalibus
2934 3814 3134 3882 vivere,
3181 3829 3303 3870 cum
3333 3813 3547 3882 exissen

2004 3896 2067 3963 ex
2124 3883 2221 3967 eis,
2274 3883 2428 3938 mori.
2473 3883 2583 3941 Nec
2631 3901 2758 3967 vero
2799 3901 2925 3967 eum
2973 3880 3209 3940 animum
3267 3896 3410 3963 esse.
3444 3880 3577 3967 idsi-

2006 3952 2275 4025 pieutem,
2327 3968 2469 4025 cum
2523 3971 2590 4009 ex
2652 3952 2935 4025 insipienti
2975 3970 3200 4024 corpore
3264 3952 3569 4025 evasisset,

2001 4018 2097 4076 sed
2127 4037 2252 4076 cum
2274 4021 2594 4081 admistione
2621 4018 2864 4094 corporis
2886 4018 3162 4093 liberatus,
3197 4038 3360 4095 purus
3404 4018 3572 4095 etin;

2004 4101 2151 4159 tcger
2163 4107 2280 4148 esse
2295 4095 2568 4167 coepisset,
2590 4107 2714 4151 tunc
2726 4093 2853 4153 esse
2875 4093 3389 4167 sapientem.'Atque
3410 4093 3573 4151 etiam

2001 4176 2123 4216 cum
2170 4164 2617 4237 naturaltominis
2646 4175 2820 4237 morte
2866 4164 3204 4237 dissolvitur,
3249 4174 3571 4237 exterarum

2002 4246 2177 4289 rerum
2208 4235 2548 4313 perspicuum
2580 4250 2662 4313 est
2683 4232 2788 4313 quo
2808 4236 2925 4310 (sic)
2954 4238 3127 4310 neque
3141 4232 3573 4313 discedant.Ab__-

2002 4315 2132 4358 eunt
2157 4306 2296 4360 enim
2324 4304 2445 4363 illuc
2466 4304 2642 4363 omnia
2675 4304 2949 4364 unde'orta
2977 4304 3119 4363 sunt.
3136 4307 3361 4373 Animus
3387 4304 3568 4362 autem

2002 4373 2170 4441 solus,
2201 4391 2299 4449 nec
2316 4394 2437 4449 cum
2458 4380 2629 4444 adest,
2658 4396 2754 4436 nec
2783 4395 2903 4434 cum
2928 4378 3173 4446 discedit,
3189 4388 3429 4449 apparet.
3448 4377 3570 4434 Jam‘

2004 4459 2131 4499 vero
2165 4446 2354 4503 videtis
2400 4449 2693 4522 niltiliesse
2741 4462 2911 4522 morte
2953 4450 3181 4507 similius
3210 4446 3562 4522 quamsom-

2002 4528 2163 4589 num,
2202 4527 2360 4588 atque
2389 4520 2765 4579 dormientium
2806 4520 2969 4581 animi
3017 4518 3245 4589 maxime
3290 4518 3569 4589 declarant

2004 4582 2333 4664 divinitatem
2365 4606 2517 4646 suam
2548 4611 2561 4646 :
2605 4609 2671 4650 ex
2700 4608 2808 4664 quo
2852 4582 3160 4663 intelligitur
3193 4590 3350 4648 facile
3373 4588 3565 4664 quales
3648 4600 3653 4605 ‘
3714 4645 3722 4653 ,

2003 4657 2164 4733 futuri
2189 4660 2316 4733 sint,
2343 4676 2463 4716 cum
2506 4677 2563 4718 se
2605 4657 2760 4733 plane
2782 4663 3008 4718 vinculis
3024 4657 3318 4731 corporum
3349 4657 3559 4716 relaxa-

2003 4728 2196 4786 verint.
2223 4730 2339 4786 Non
2360 4735 2504 4789 enim
2533 4728 2686 4791 multi
2708 4744 3023 4808 praestantes
3044 4728 3166 4798 viri,
3183 4748 3328 4808 quos
3369 4744 3559 4808 nume-

2002 4814 2126 4881 rare
2151 4816 2257 4881 non
2283 4814 2363 4857 est
2386 4819 2625 4881 necesse,
2652 4799 2803 4881 tanta
2820 4814 3000 4871 essent
3019 4799 3369 4881 consulque:
3390 4799 3457 4856 ad
3474 4814 3566 4881 νοτ

2000 4873 2259 4947 steritatis
2318 4876 2628 4947 memoriam
2673 4874 3051 4947 pertinerent,
3088 4877 3193 4932 nisi
3230 4873 3567 4947 iudicassent

2000 4943 2210 5018 animos
2236 4943 2564 5018 immortales
2595 4943 2714 5013 post
2752 4943 3060 5002 defunctum
3091 4943 3284 5018 corpus
3305 4943 3565 5018 existere.
3652 4954 3661 4961 '

2000 5013 2187 5068 Nonne
2209 5014 2398 5070 melius
2421 5018 2588 5072 multo
2620 5019 2808 5073 fuisset
2833 5019 3062 5073 otiosam
3102 5013 3314 5073 aetatem
3338 5024 3394 5069 et
3417 5013 3568 5085 quie-

2002 5092 2108 5141 tam
2136 5085 2254 5157 sine
2281 5086 2389 5157 uilo
2420 5088 2601 5153 labore
2643 5087 2874 5157 maxime
2911 5098 2965 5145 et
2994 5089 3340 5157 contentione
3387 5082 3566 5157 tradas

2000 5155 2162 5210 cere?
2186 5155 2337 5222 Quod
2362 5152 2578 5227 quidem
2610 5161 2710 5217 nisi
2740 5162 2810 5215 ita
2835 5152 2895 5217 se
2921 5161 3142 5215 haberet
3169 5167 3229 5214 ut
3253 5152 3423 5212 animi
3468 5154 3574 5227 im-

2002 5227 2255 5301 mortales
2268 5225 2468 5301 essent,
2492 5243 2596 5286 non
2620 5232 2805 5299 optimi
2826 5234 3083 5301 cujusque
3104 5229 3316 5301 animus
3335 5225 3576 5301 maxime

2001 5296 2065 5380 ad
2093 5296 2511 5380 immortalitatis
2536 5296 2762 5373 gloriam
2793 5296 3075 5380 niteretur.
3103 5297 3283 5380 Quid?
3311 5296 3455 5380 quod
3483 5310 3571 5353 sa-

2004 5370 2383 5444 pientissimus
2414 5370 2638 5444 quisque
2688 5374 2994 5444 aequissimo
3057 5373 3241 5444 animo
3290 5370 3568 5444 moritur,

2001 5438 2349 5513 stultissimus
2372 5435 2704 5513 iniquissimo
2723 5435 2965 5503 ‘i'Nonne
2988 5442 3198 5500 videtur
3223 5441 3377 5513 vobis
3402 5435 3566 5513 isiqui

2003 5509 2134 5593 plus
2165 5510 2440 5593 cernit,_et
2464 5509 2909 5593 'longiusvidet,
2934 5527 3090 5593 nosse
3123 5528 3192 5593 se
3233 5510 3302 5593 ad
3342 5509 3569 5590 meliora

2004 5579 2291 5656 proﬁcisci,
2321 5583 2414 5656 ille
2441 5579 2796 5656 autemcujus
2821 5579 3063 5656 obiusior
3090 5586 3162 5640 sit
3183 5586 3329 5641 acies
3352 5595 3459 5638 non
3485 5579 3571 5656 vi:

2001 5650 2173 5707 dere?
2198 5652 2314 5708 Non
2352 5655 2483 5710 libet
2520 5650 2663 5713 enim
2704 5648 2833 5720 inibi
2876 5655 3163 5723 deplorare
3194 5659 3380 5721 vitam,
3418 5648 3569 5722 quod

2003 5723 2156 5796 multi
2186 5723 2379 5779 indocti
2405 5741 2549 5796 saepe
2587 5728 2858 5791 fecerunt;
2892 5740 3062 5795 neque
3108 5742 3195 5789 me
3220 5727 3422 5780 vixisse
3446 5734 3567 5792 pm-

2003 5793 2157 5865 nitet,
2199 5796 2453 5866 quoniam
2482 5793 2554 5857 ita
2597 5800 2727 5869 vixi,
2774 5806 2835 5855 ut
2874 5793 2992 5855 non
3020 5796 3223 5857 frustra
3246 5810 3334 5855 me
3371 5804 3560 5853 natum
