4060 6368
601 308 742 368 ’079

1058 308 1264 369 ΒΕὒιΕ
1304 306 1750 366 VENERABILIS
1783 304 1935 363 OPP.
1973 304 2149 363 PARS
2188 303 2229 361 l.
2268 302 2461 363 SECT.
2503 303 2567 360 ll.
2607 332 2677 348 —-
2707 303 2909 362 DUBIA
2948 303 3037 361 ET
3077 303 3340 362 SPURIA.

3618 348 3630 381 ι
3651 313 3758 371 1080

603 427 1066 491 existimem;etc
1108 426 1215 480 vita
1245 425 1315 480 ita
1339 424 1560 480 discedo
1586 432 1833 493 tanquam
1881 439 1946 479 ex
1974 422 2151 492 bospi-
2182 424 2239 486 Α
2329 419 2541 476 Modum
2572 436 2748 476 rerum
2796 422 2995 491 lingere
3044 436 3147 477 non
3192 426 3762 494 pos5umus,anintortne

600 500 700 561 tio,
732 512 838 551 non
864 507 1113 566 tanquam
1139 510 1171 551 e
1195 496 1373 550 dumo.
1399 494 1772 566 Commorandi
1795 496 1936 550 enim
1966 503 2152 566 natura

601 569 957 624 diversorium
977 565 1161 629 nobis,
1193 582 1297 620 non
1345 567 1615 621 habitandi
1644 565 1813 620 dedit.
1846 566 1891 621 υ
1933 565 2159 635 praecla-

599 655 721 694 rum
750 640 914 702 diem,
939 653 1057 693 cum
1088 639 1151 693 ad
1177 636 1305 691 illud
1345 637 1647 692 divinorum
1684 638 1986 691 animorum
2026 651 2160 690 con-

598 711 778 765 cilium
822 719 1127 777 cmtumque
1167 708 1492 776 proliciscar.
1523 709 1587 762 Et
1613 709 1657 762 si
1701 706 1821 776 quis
1854 707 1991 761 Dens
2029 707 2159 760 mihi

599 779 855 848 largiatur
889 791 947 835 ut
985 795 1050 835 ex
1093 780 1191 834 hac
1234 787 1390 833 aetate
1432 792 1828 848 repuerescam,
1879 792 1978 831 nec
2035 791 2162 832 vero

601 852 763 907 velim
791 852 942 919 quasi
963 851 1191 905 decurso
1220 851 1389 917 spatio
1428 864 1455 902 a
1485 849 1631 903 calce
1659 851 1848 905 iterum
1879 848 1946 903 ad
1966 862 2161 919 carce-

597 936 689 978 res
712 918 966 977 revocari.
997 920 1135 987 Quid
1163 920 1303 973 enim
1346 919 1504 976 habet
1537 919 1644 975 vita
1673 918 1981 973 commodi?
2022 918 2158 984 Quid

601 1008 710 1048 non
743 995 919 1061 potius
964 991 1198 1047 laboris?
1229 990 1383 1045 Levis
1426 998 1509 1047 est
1541 999 1811 1061 senectus,
1860 1005 1959 1045 nec
1987 992 2160 1043 solum

597 1080 704 1119 non
727 1060 971 1125 molesta,
1003 1062 1096 1117 sed
1118 1063 1278 1116 etiam
1299 1062 1556 1128 jucunda.
1582 1060 1736 1126 Quod
1770 1060 1813 1113 si
1840 1076 1943 1114 non
1974 1075 2163 1113 sumus

594 1136 926 1189 immortales
956 1131 1134 1199 futuri,
1165 1143 1342 1187 tamen
1371 1132 1635 1196 exstingui
1684 1130 1890 1185 homini
1913 1146 2012 1185 suo
2034 1143 2164 1184 tem-

598 1220 727 1271 pore
750 1206 985 1272 optabile
1005 1214 1103 1257 est.
1136 1202 1266 1256 Nam
1291 1203 1447 1257 habet
1475 1213 1663 1257 natura
1688 1212 1745 1257 ut
1771 1202 1994 1256 aliarum
2039 1217 2161 1256 om-

595 1277 745 1329 nium
772 1292 972 1341 rerum,
1004 1274 1081 1329 sic
1110 1274 1319 1328 vivendi
1381 1276 1622 1329 modum.
1670 1272 1933 1328 Senectus
1982 1280 2160 1326 autem

594 1348 772 1400 aetatis
797 1356 882 1401 est
912 1345 1146 1413 peractio
1174 1353 1429 1414 tanquam
1459 1344 1675 1407 tabulae,
1704 1344 1858 1412 cujus
1899 1343 2161 1411 defatiga-

599 1418 803 1471 tionem
846 1416 1035 1487 l‘ugere
1082 1413 1381 1481 debemus,
1434 1416 1732 1484 praesertim
1782 1413 2033 1484 adjuncta
2080 1428 2163 1469 so-

592 1487 811 1542 cietate.

667 1559 734 1613 Et
778 1562 893 1613 haec
921 1558 988 1615 de
1008 1566 1303 1621 senectute,
1334 1556 1401 1611 ad
1447 1570 1608 1626 quam
1650 1556 1852 1610 utinam
1884 1556 2164 1625 pervenia-

597 1643 743 1694 mus,
772 1637 829 1683 ut
857 1645 919 1683 ea
952 1644 1071 1697 quae
1097 1627 1233 1681 dicta
1260 1636 1384 1682 sunt
1403 1641 1463 1691 ne
1490 1627 1697 1697 experti
1731 1627 1957 1697 probare
1991 1626 2165 1695 possi-

599 1714 743 1756 mus.
793 1696 1047 1770 Sequitur
1089 1697 1157 1753 de
1198 1698 1485 1753 Paradoxis
1522 1696 1763 1767 ejusdem
1788 1696 1967 1753 ‘Marci
2007 1697 2166 1754 Tullii

595 1768 895 1823 Ciceronis.

642 1785 895 1827 1081⁵01118.

807 1879 893 1934 Ea:
918 1878 996 1933 Μ.
1026 1877 1090 1935 Τ.
1118 1878 1373 1934 Ciceronis
1400 1879 1530 1933 libro
1554 1879 1616 1933 de
1642 1879 1955 1936 Paradoxis.

673 1970 814 2027 Nihil
845 1980 929 2025 est
969 1979 1075 2027 tam
1117 1970 1430 2027 incredibile
1474 1972 1764 2041 quodnon
1809 1972 2039 2027 dicendo
2078 1973 2170 2029 ﬁat

599 2042 915 2110 probabile;
944 2044 1076 2097 nihil
1119 2051 1223 2096 tam
1251 2040 1551 2109 horridum,
1593 2040 1729 2097 nihil
1753 2050 1861 2097 tam
1886 2044 2167 2113 incultum,

603 2113 748 2183 quod
772 2128 877 2167 non
902 2114 1237 2181 splendescat
1264 2113 1525 2183 oratione.

672 2182 979 2249 Nunquam.
1034 2199 1120 2240 me
1160 2182 1393 2246 hercule,
1440 2197 1616 2253 neque
1672 2183 1945 2251 pecunias,
1997 2200 2170 2255 neque

601 2260 741 2325 tecta
784 2254 1085 2323 magniﬁca,
1112 2268 1285 2320 neque
1326 2268 1475 2322 opes,
1506 2268 1681 2325 neque
1704 2255 1948 2323 imperia,
1994 2254 2167 2325 neque

605 2324 909 2393 voluptates
932 2327 983 2379 itt
1006 2325 1159 2379 bonis
1189 2325 1350 2378 rebus
1376 2324 1693 2391 expetendis
1729 2339 1849 2380 esse
1877 2325 2022 2379 duxi.

673 2393 928 2449 Potestne
974 2396 1171 2449 bonum
1214 2396 1407 2459 cuique
1457 2395 1597 2448 malo
1641 2408 1799 2459 esse,
1851 2402 1953 2455 aut,
1996 2407 2170 2463 potest

604 2467 837 2534 quisque
865 2467 916 2517 in
946 2465 1273 2534 abundantia
1295 2464 1553 2519 bonorum
1587 2464 1697 2531 ipse
1721 2480 1842 2519 esse
1867 2466 2078 2519 bonus?

674 2533 897 2587 lrrideat
923 2533 966 2587 si
993 2536 1111 2600 quis
1140 2534 1290 2599 vult,
1336 2535 1454 2602 plus
1479 2536 1620 2600 apud
1649 2549 1734 2589 me
1765 2549 1887 2589 vera
1918 2538 2052 2590 ratio
2075 2553 2168 2593 va-

610 2602 743 2658 lebit
765 2618 925 2673 quam
956 2605 1094 2674 vulgi
1125 2604 1328 2671 Opinio.
1378 2604 1561 2670 Neque
1598 2620 1697 2673 ego
1727 2620 1958 2673 unquam
1990 2607 2165 2664 dicam

599 2672 749 2747 illum
778 2672 911 2747 bona
936 2672 1229 2747 perdidisse
1252 2714 1268 2739 .
1316 2676 1360 2730 si
1383 2675 1502 2744 quis
1527 2672 1709 2747 pecus
1758 2672 1844 2747 aut
1897 2680 2164 2747 suppelle-

597 2744 779 2815 ctilem
810 2746 1070 2802 amiserit.
1090 2745 1199 2801 Nec
1220 2760 1325 2800 non
1354 2758 1498 2814 saepe
1526 2744 1750 2800 laudabo
1780 2746 1925 2800 illum
1954 2744 2163 2815 sapien-

600 2821 709 2886 tem
730 2813 977 2886 Biantem
1007 2858 1023 2881 ,
1069 2817 1221 2885 cujus
1260 2830 1383 2871 cum
1414 2813 1635 2883 patriam
1681 2815 1904 2871 Prienen
1934 2813 2165 2886 cepisset

599 2884 771 2956 hostis
794 2926 809 2949 ,
857 2887 1142 2955 casterique
1167 2888 1237 2941 ita
1261 2886 1535 2956 fugerent,
1569 2893 1627 2940 ut
1653 2886 1817 2940 multa
1839 2886 1907 2941 de
1935 2884 2045 2942 suis
2073 2905 2161 2944 re-

595 2952 698 3030 bus
724 2968 904 3030 secum
935 2952 1290 3030 asportarent.
1322 2952 1611 3030 cumesset
1638 2958 1939 3030 admonitus
1962 2974 1989 3011 a
2020 2975 2156 3030 quo-

599 3023 722 3097 dam
752 3032 811 3078 ut
850 3026 962 3092 ipse
995 3028 1135 3081 idem
1185 3028 1415 3082 laceret:
1445 3028 1555 3095 Ego
1585 3041 1735 3091 vero,
1779 3028 1968 3097 inquit,
1997 3023 2154 3085 facio.

602 3092 739 3187 Nam
783 3097 966 3187 omnia
1015 3112 1132 3152 mea
1168 3092 1614 3187 mecum-porto.
1684 3092 2156 3183 Illebaecoludihria
2187 3123 2235 3187 ο

596 3162 827 3241 fortuna:
858 3181 955 3241 nec
973 3181 1067 3220 sua
1093 3168 1305 3235 quidem
1334 3162 1570 3238 putavit,
1601 3183 1720 3239 quae
1747 3184 1844 3224 nos
1869 3171 2030 3226 etiam
2057 3178 2153 3241 ap“-

592 3234 854 3304 pellamus
883 3238 1042 3291 bona.

670 3304 1360 3381 Quidﬂestigitur(qumret
1396 3309 1631 3381 aliquis)
1659 3310 1895 3365 bonum?
1949 3311 2003 3367 Si
2030 3314 2155 3381 quid

593 3384 744 3430 recte
797 3376 893 3442 tit,
943 3387 999 3432 et
1044 3376 1304 3445 honeste,
1352 3389 1406 3435 et
1427 3376 1546 3435 cu'm
1586 3380 1779 3437 virtute
1806 3420 1822 3446 ,
1867 3380 1921 3436 id
1979 3376 2151 3440 solum

596 3446 1035 3521 opinorbonum.
1088 3449 1218 3521 Illud
1262 3461 1408 3506 arcte
1437 3451 1652 3521 quidam
1681 3459 1896 3517 tenent,
1929 3467 2151 3509 accura-

597 3520 758 3583 teque
781 3516 1098 3596 delendunt,
1125 3516 1469 3596 voluptatem
1483 3537 1602 3596 esse
1631 3516 1897 3596 sumntum
1930 3524 2148 3594 bonum,

593 3585 971 3664 quequidem
1010 3589 1137 3642 mihi
1180 3585 1279 3664 vox
1327 3593 1589 3664 pecudum
1638 3592 1847 3664 videtur
1871 3585 2146 3657 esse,non

596 3651 896 3735 hominum.
928 3656 1006 3735 Ἱξυ
1036 3674 1157 3712 cum
1188 3660 1279 3714 tibi
1310 3651 1422 3715 sive
1451 3662 1730 3735 Deussive
1757 3672 1929 3715 mater
1960 3665 1980 3733 (
1998 3651 2054 3718 ut
2075 3651 2146 3722 ita

596 3722 799 3804 dicam)
824 3727 1061 3780 omnium
1090 3744 1264 3804 rerum
1294 3742 1480 3786 natura
1508 3732 1717 3804 dederit
1742 3722 1978 3804 attimuni
1998 3775 2011 3797 ,
2044 3752 2148 3804 quo

595 3793 861 3874 nihihest
910 3800 1245 3864 praestantius
1294 3816 1465 3868 neque
1506 3801 1777 3874 divinius,
1830 3802 1907 3854 sic
1945 3793 2147 3874 teipse

595 3862 817 3942 a_bjicie_s
839 3862 997 3933 atqtte
1028 3879 1332 3942 prosternes
1355 3862 1392 3935 ,’
1422 3880 1478 3924 ιιι
1521 3869 1651 3924 nihil
1682 3862 1819 3925 inter
1847 3882 1899 3926 te
1926 3883 1980 3926 et
2011 3862 2141 3942 qua-

595 3932 888 4011 drupedem
917 3932 1073 4011 putes
1104 3932 1400 4011 interesse?
1422 3943 1639 3997 utenim
1670 3943 1892 4011 quisque
1909 3932 2143 4000 maxime

594 4011 679 4085 est
709 4006 831 4085 boni
864 4008 1155 4085 particeps,
1191 4010 1259 4064 ita
1290 4011 1648 4085 etglaudabilis
1682 4006 1928 4085 maxime.
1962 4014 2143 4085 Neque

596 4082 681 4127 est
709 4075 871 4154 ullttnt
902 4076 1096 4154 bonum
1123 4080 1318 4154 de_qtt_o
1347 4083 1392 4137 is
1421 4082 1510 4152 qui
1568 4082 1619 4136 id
1651 4082 1874 4154 habent,
1921 4075 2141 4141 honeste

593 4156 702 4225 non
730 4149 897 4225 possit
925 4149 1157 4214 gloriari.
1178 4149 1451 4225 Quidnam
1482 4154 1666 4225 horum
1691 4163 1775 4225 est
1804 4153 1856 4206 in
1897 4155 2140 4225 volupta-

590 4214 689 4268 te?
736 4217 1083 4295 melioremne
1137 4214 1339 4295 efﬁcit,
1376 4231 1468 4276 aut
1495 4223 1891 4295 laudabiliorem
1924 4214 2138 4282 virum?

588 4297 656 4337 an
685 4288 961 4366 quisquam
1006 4288 1058 4342 in
1096 4289 1363 4366 potiundis
1391 4293 2054 4366 voluptatibusgloriando
2083 4299 2135 4353 in

588 4359 968 4436 prtedicatione
1012 4359 1343 4436 seeli'eret?
1386 4363 1556 4436 Atque
1594 4365 1639 4418 si
1686 4359 1968 4436 voluptas,
2016 4382 2136 4436 qum

590 4424 876 4499 plurimum
908 4430 1209 4496 patrociniis
1240 4424 1558 4499 defenditur,
1589 4434 1747 4489 modo
1774 4424 1830 4488 in
1853 4424 2011 4492 rebus
2034 4424 2130 4491 bo-

2263 493 2479 548 modum
2509 502 2691 547 tenere
2720 507 3021 561 possumus.

2342 585 2480 660 Nihil
2509 600 2681 660 neque
2704 601 2878 660 meum
2905 596 2989 660 est
3018 601 3188 660 neque
3210 586 3517 657 cujuSpiam,
3545 592 3665 660 quod
3688 611 3761 649 au-

2266 656 2415 725 lerri,
2444 658 2584 727 quod
2608 658 2766 726 eripi,
2797 657 2936 724 quod
2966 657 3134 712 amitti
3164 669 3355 728 potest.

2335 749 2613 821 Quomodo
2641 750 2800 821 igitur
2840 761 2895 805 et
2921 752 3006 805 cui
3032 750 3242 805 tandem
3283 750 3368 805 hic
3393 752 3548 807 libero
3573 752 3757 821 impera-

2260 820 2376 893 bit,
2417 820 2505 891 qui
2553 820 2677 877 non
2705 831 2879 889 potest
2926 822 3038 877 suis
3083 821 3460 889 cupiditatibus
3501 820 3757 893 imperare?

2263 890 2520 947 Refrenet
2551 892 2781 961 primum
2812 893 3091 956 libidines,
3121 903 3339 958 spernat
3365 890 3652 961 voluptates,
3675 896 3754 949 ira-

2261 962 2510 1016 cundiam
2536 972 2713 1019 teneat
2737 1003 2753 1028 ,
2784 971 3030 1018 coerceat
3059 964 3360 1027 avaritiam,
3385 973 3435 1017 et
3454 974 3651 1019 caeteras
3668 970 3759 1021 aui-

2264 1033 2335 1087 tni
2369 1033 2515 1087 labes
2540 1034 2786 1103 repellat.
2819 1035 2971 1089 Tunc
2991 1034 3205 1102 incipiet
3238 1035 3358 1089 aliis
3384 1034 3641 1103 imperare,
3667 1052 3759 1093 cum

2260 1103 2377 1169 ipse
2410 1105 2818 1171 improbissimis
2848 1104 3077 1159 dominis
3108 1104 3354 1159 dedecori
3382 1114 3470 1158 aut
3497 1107 3756 1172 turpitudini

2261 1188 2451 1255 parere
2477 1174 2880 1255 desierit_;_dum
2909 1175 3124 1255 quidem
3141 1176 3242 1255 his
3266 1174 3492 1255 obedict,
3521 1179 3763 1255 non_modo

2262 1244 2577 1313 imperator,
2609 1248 2701 1299 sed
2733 1246 2867 1300 liber
2892 1248 3111 1300 omnino
3140 1244 3413 1300 habendus
3437 1260 3531 1299 non
3560 1247 3651 1299 erit

2332 1315 2541 1369 Dictum
2571 1323 2655 1371 est
2678 1317 2746 1370 ab
2768 1316 3141 1372 eruditissimis
3164 1357 3181 1380 ,
3227 1316 3326 1370 nisi
3356 1316 3641 1384 sapientem,
3668 1318 3763 1372 libe

2262 1400 2380 1439 rum
2404 1400 2523 1441 esse
2552 1388 2840 1442 neminem.
2870 1387 3005 1451 Quid
3044 1397 3127 1440 est
3156 1386 3299 1441 enim
3328 1385 3553 1450 libertas,
3579 1387 3662 1440 nisi
3689 1404 3760 1453 po.

2263 1465 2428 1510 testas
2476 1457 2688 1512 vivendi
2729 1469 2785 1511 ttt
2830 1457 3003 1512 velis?
3049 1457 3182 1523 Quis
3224 1455 3381 1526 igitur
3425 1456 3540 1509 vivit
3577 1466 3624 1509 ut
3659 1460 3760 1521 vult,

2263 1526 2367 1581 nisi
2393 1527 2485 1598 qui
2534 1537 2678 1583 recta
2720 1529 2984 1598 sequitur,
3034 1528 3125 1598 qui
3174 1528 3367 1598 gaudet
3394 1526 3591 1589 ofﬁciis,
3613 1527 3682 1581 cui
3702 1530 3760 1583 vi-

2263 1597 2422 1651 vendi
2454 1598 2534 1652 via
2564 1596 2900 1654 considerata
2929 1596 3088 1666 atque
3120 1596 3333 1665 provisa
3360 1606 3460 1662 est,
3500 1599 3579 1664 qui
3601 1598 3762 1667 legibus

2266 1667 2478 1735 quidem
2512 1670 2609 1725 nisi
2643 1679 2859 1736 propter
2886 1681 3086 1723 metum
3120 1677 3290 1735 paret,
3321 1666 3414 1722 sed
3441 1680 3526 1721 eas
3551 1666 3758 1736 sequitur,

2195 1774 2248 1839 Β
2270 1740 2673 1839 Ξῗὲυέςιῖῗιηὲ
2716 1739 2855 1839 29.9.?
2880 1737 3760 1839 ΞέἶέἱίδὶίέιηξΡῖἱἮὲᾹὲέέξὲἑ..

2274 1811 2361 1875 qui
2385 1811 2517 1864 nihil
2546 1810 2691 1870 facit,
2718 1810 2848 1864 nihil
2879 1810 3026 1875 dicit,
3064 1809 3197 1864 nihil
3227 1808 3662 1877 cogitatdenique,
3686 1810 3762 1863 nisi

2272 1877 2497 1936 libenter
2526 1895 2588 1934 ac
2620 1882 2804 1945 libere.
2834 1881 2988 1948 cujus
3014 1881 3196 1935 omnia
3223 1879 3445 1935 consilia
3473 1892 3642 1946 resque
3672 1894 3763 1932 om.

2272 1962 2370 2019 nes
2418 1966 2551 2017 quas
2592 1953 2727 2019 gerit
2781 1951 2849 2004 ab
2897 1953 3012 2016 ipso
3062 1952 3478 2019 proﬁciscantur,
3512 1949 3764 2019 eodemque

2272 2018 2546 2090 teruntur?
2575 2018 2683 2076 Nec
2718 2030 2801 2075 est
2838 2023 2943 2075 ulla
2983 2018 3073 2077 res
3096 2036 3219 2090 qua:
3250 2022 3368 2089 plus
3394 2018 3649 2090 apudeuut
3673 2021 3763 2085 pol-

2270 2087 2379 2144 leat
2406 2105 2565 2159 quam
2596 2092 2760 2159 ipsius
2784 2091 3026 2146 voluntas
3054 2087 3217 2159 atque
3238 2087 3762 2159 j‘udicium.Cuietiatn,

2271 2173 2388 2227 quae
2405 2158 2509 2215 vim
2530 2158 2813 2216 maximam
2838 2163 3036 2217 habere
3051 2158 3267 2227 dicitur,
3294 2162 3496 2216 fortuna
3519 2158 3644 2213 cedit
3660 2160 3761 2227 ipsa.

2270 2230 2421 2302 Sicut
2446 2232 2661 2300 sapiens
2688 2233 2818 2287 dicit
2844 2242 2999 2302 poeta
3031 2249 3045 2286 :
3074 2233 3201 2288 Suis
3232 2232 3452 2300 quisque
3477 2230 3661 2302 ﬁngitur
3676 2242 3762 2302 tuo:

2270 2300 2436 2371 ribus.
2500 2302 2612 2358 Soli
2656 2303 2811 2371 igitur
2845 2299 2960 2357 'huc
3005 2303 3271 2371 contingit
3309 2299 3554 2371 sapienti.
3595 2299 3760 2371 utnihil

2270 2369 2431 2439 iaciat
2452 2369 2827 2439 invitum—nihil
2851 2375 3059 2439 dolens,
3091 2369 3228 2428 nihil
3259 2369 3488 2429 coactus.
3519 2370 3648 2425 Unde
3662 2369 3759 2422 illud

2271 2438 2432 2513 breve
2459 2445 2816 2499 conlitendum
2856 2454 2958 2510 est,
2986 2438 3085 2498 nisi
3107 2445 3200 2513 qui
3227 2445 3298 2498 ita
3326 2441 3537 2513 euectus
3556 2441 3639 2503 sit,
3672 2453 3761 2493 esse

2269 2508 2491 2591 liberum
2523 2515 2812 2570 neminem.
2857 2508 3010 2591 Servi
3039 2508 3201 2591 igitur
3226 2512 3451 2591 improbi
3484 2525 3662 2573 omnes,
3686 2524 3761 2591 nec

2271 2580 2373 2660 hoc
2398 2590 2503 2660 ta_t_n
2536 2600 2593 2639 re
2622 2595 2703 2660 est
2730 2598 2886 2660 quam
2917 2580 3081 2640 dictu'
3101 2580 3433 2653 inopinatum
3466 2592 3609 2651 atque
3640 2580 3762 2660 inira-

2268 2649 2390 2706 bile.
2434 2653 2547 2709 Non
2568 2656 2708 2711 enim
2739 2649 2809 2710 ita
2835 2656 3019 2710 dicunt
3052 2670 3148 2711 eos
3175 2649 3304 2711 esse
3332 2667 3507 2710 servos
3533 2649 3584 2706 ut
3605 2649 3761 2704 manci-

2268 2720 2374 2788 pia,
2405 2739 2524 2792 quae
2543 2726 3023 2782 suntdominorum
3044 2724 3185 2781 facta
3211 2741 3358 2782 nexu
3386 2732 3475 2778 aut
3494 2723 3648 2790 aliquo
3668 2719 3760 2792 jure

2266 2792 2410 2868 civili
2431 2791 2452 2868 :_
2476 2796 2569 2868 sed
2596 2795 2674 2851 sic
2703 2797 2939 2868 servitus
2965 2797 3069 2863 sit,
3106 2799 3251 2868 sicut
3278 2806 3361 2851 est
3379 2792 3650 2868 obedientia
3668 2791 3757 2868 [ra-

2265 2862 2339 2915 cti
2368 2864 2530 2919 animi
2556 2876 2716 2935 atque
2732 2867 2948 2936 abjecti,
2972 2876 3029 2922 et
3046 2861 3274 2923 arbitrio
3294 2864 3518 2923 carentis
3532 2876 3638 2936 suo.
3662 2861 3758 2927 Quis

2266 2946 2441 3011 ηθεθι,
2473 2937 2594 3011 licet
2622 2934 2809 3007 reges,
2824 2953 3012 2993 omnes
3032 2940 3199 3005 leves,
3228 2951 3413 3011 omnes
3431 2934 3652 3011 cupidos,
3671 2946 3758 3011 orn:

2263 3000 2361 3081 nes
2399 3005 2630 3081 denique
2683 3000 2953 3081 improbos
3000 3023 3118 3063 esse
3153 3000 3344 3064 servos
3358 3009 3391 3081 ’ἔΔ
3417 3000 3512 3081 ΔΔιί
3541 3004 3618 3081 ille
3656 3000 3758 3081 mihi

2265 3073 2400 3130 liber
2431 3073 2658 3153 videtur,
2690 3073 2775 3134 cui
2806 3080 2996 3153 mulier
3027 3082 3288 3153 imperat,
3313 3078 3395 3132 cui
3417 3077 3549 3153 leges
3565 3073 3758 3153 ίφρορίιν

2265 3149 2583 3223 prmscribit,
2621 3160 2765 3205 vetat
2790 3189 2806 3215 ,
2837 3151 2984 3219 jubet
3014 3144 3154 3223 qutid
3184 3150 3415 3214 Viden":
3442 3144 3525 3223 (iiii
3546 3144 3758 3223 “Ehll.im‘

2262 3221 2467 3292 peranti
2500 3214 2697 3287 negare
2728 3214 2936 3292 potest,
2980 3214 3111 3275 nihil
3144 3233 3397 3292 recusare
3421 3214 3599 3272 audet?

2262 3282 2384 3351 scit,
2432 3282 2665 3345 dandum
2696 3282 2809 3354 est;
2850 3291 2895 3345 si
2924 3282 3112 3353 vocat,
3158 3290 3478 3345 veniendum
3504 3296 3593 3341 est.
3636 3282 3758 3351 Ejicit

2256 3357 2555 3435 abeuntem,
2609 3363 2837 3416 minatur
2885 3361 3362 3435 extimescendum.
3401 3360 3502 3427 Ego
3536 3370 3652 3435 vero.
3679 3365 3759 3433 nou

2257 3428 2414 3502 istum
2430 3434 2587 3484 modo
2605 3448 2838 3495 servum,
2854 3432 2945 3486 sed
2962 3431 3347 3502 nequissimum
3369 3443 3581 3502 servum,
3596 3428 3759 3502 etiamsi

2255 3497 2309 3576 in
2359 3503 2681 3576 amplissima
2710 3503 2908 3559 familia
2948 3497 3102 3576 natus
3127 3502 3223 3576 sit,
3255 3500 3620 3576 appellandum.
3644 3500 3755 3571 Pl“?-

2253 3570 2336 3643 hn
2366 3572 2523 3625 etiam
2555 3589 2737 3627 eorum
2767 3578 2994 3628 servitus
3015 3574 3171 3627 dubia
3201 3569 3308 3639 est,
3329 3569 3423 3642 'qui
3457 3569 3623 3643 peculii
3640 3569 3757 3643 θυρὶ-

2251 3638 2420 3717 ditate
2445 3643 2641 3717 nullam
2670 3643 3023 3699 conditionem
3044 3638 3301 3717 recusant
3332 3638 3609 3717 durissima:
3625 3638 3756 3717 ξουρτ

2252 3710 2413 3765 tutis?
2442 3714 2774 3787 llzereditatis
2810 3730 2933 3783 spes
2966 3716 3105 3785 quod
3129 3714 3436 3787 iniquitatis
3457 3716 3505 3766 in
3529 3704 3756 3787 serviendo

2250 3794 2354 3853 non
2377 3784 2614 3850 suscipit,
2638 3801 2795 3850 quem
2818 3784 3000 3840 nutum
3020 3784 3299 3853 locupletis
3327 3785 3440 3840 orbi
3484 3798 3538 3838 se
3576 3784 3756 3853 vi_8_n_0n

2248 3846 2534 3927 observat?
2552 3846 2807 3927 Loquitur
2833 3857 2899 3910 ad
2923 3857 3038 3927 ejus
3059 3846 3405 3918 voluntatem,
3437 3846 3757 3927 quidquid"de

2246 3922 2539 3996 nuntiatum
2562 3914 2659 3996 sit;
2680 3926 2824 3996 facit,
2856 3914 3176 3991 assentetur,
3201 3914 3423 3989 assidet,
3448 3914 3633 3996 invitat:

2246 3992 2436 4068 horum
2458 4004 2541 4049 est
2571 3982 2743 4068 liberi,
2764 3982 2887 4065 quid
2909 3982 3135 4066 denique
3150 3982 3297 4052 servi
3311 3982 3599 4068 non'inertis
3616 3991 3636 4043 τ
3653 3982 3757 4066 Quid

2239 4061 2352 4130 jam
2375 4064 2462 4117 illa
2488 4061 2923 4134 cupiditas,'qua2
2946 4061 3289 4123 vidéturesse
3316 4067 3568 4122 liberalior
3585 4061 3759 4116 honoris

2243 4142 2298 4206 et
2312 4135 2514 4206 imperii
2541 4138 2950 4203 provinciarum,
2965 4152 3119 4206 quam
3142 4138 3279 4192 dura
3292 4150 3373 4193 est
3398 4135 3613 4198 domina,
3633 4140 3757 4206 quam

2240 4198 2553 4276 imperiosa,
2568 4221 2722 4272 quam
2744 4198 3058 4262 vehemens!
3083 4206 3260 4264 Judex
3294 4223 3421 4264 vero
3442 4217 3665 4276 quantum
3681 4198 3758 4253 ha.

2239 4272 2328 4327 bet
2375 4275 2749 4342 dominatum,
2803 4293 2907 4345 quo
2954 4279 3142 4333 timore
3187 4272 3759 4348 nocentes-amens}?

2238 4357 2345 4397 non
2369 4354 2452 4399 est
2483 4348 2654 4400 omnis
2684 4338 2857 4402 metus
2891 4349 3153 4403 servitus?
3198 4351 3390 4404 Omnis
3431 4345 3582 4403 animi
3606 4338 3760 4397 debili-

2238 4422 2343 4480 tas,
2366 4424 2421 4469 et
2450 4416 2717 4472 humilitas
2742 4427 2796 4473 et
2824 4418 2977 4473 fracti
3006 4419 3290 4485 timiditas,
3322 4422 3541 4475 servitus
3564 4422 3653 4470 est.

591 4475 2135 4584 ξιὲξΪξῖιῖιῖιῖἀῗὲἶᾶιῖ’ἕὲὶζἕᾶᾇῖἷῆὁήἱξξᾶἔὲἑὶξἕὸἲῖιρῖςῖέ
2161 4475 2217 4536 D
2325 4475 2469 4584 Nihil
2517 4511 2794 4584 quisquam
2820 4511 3165 4584 idebettnisi
3210 4475 3354 4584 quod
3403 4520 3482 4568 est
3518 4520 3650 4578 turpe
3674 4515 3756 4584 non

590 4576 825 4646 mentem
880 4584 945 4646 ex
990 4586 1088 4646 sua
1126 4574 1256 4628 sede
1295 4585 1357 4646 et
1400 4583 1539 4646 statu
1588 4576 1862 4646 dimovet,
1913 4574 2149 4646 proiecto

593 4636 735 4719 nihil"
769 4639 1016 4719 estaliud
1049 4642 1184 4699 bene
1212 4652 1268 4698 et
1292 4645 1446 4701 beate
1474 4644 1673 4712 vivere,
1716 4645 1819 4699 nisi
1847 4636 2067 4704 honeste
2095 4662 2150 4706 et

588 4716 735 4761 τεειθ
760 4716 958 4764 vivere.

661 4776 836 4855 Nemo»
853 4791 1142 4855 potestrnon
1160 4784 1493 4841 beatissimus
1513 4800 1653 4854 esse,
1666 4787 1861 4855 quique
1887 4788 1938 4842 in
1954 4803 2013 4843 se
2043 4805 2147 4845 uno

590 4858 688 4929 sua
716 4852 865 4929 ponit
892 4854 1087 4929 omnia.
1120 4854 1217 4908 Cui
1259 4869 1381 4923 spes
1404 4855 1582 4929 omnis
1607 4852 1661 4929 et
1683 4852 1832 4911 ratio
1859 4868 1913 4912 et
1940 4862 2142 4929 cogita-

591 4921 887 4998 tiopendet
932 4936 996 4998 cx
1049 4921 1301 4998 fortuna,
1328 4926 1621 4998 huicniltil
1646 4938 1819 4994 potest
1841 4942 1961 4982 esse
1987 4921 2141 4994 certi,

586 4988 830 5116 :iltilqu‘?
852 4992 994 5061 quod
1026 4993 1359 5062 exploratum
1388 4996 1580 5051 habeat
1610 4988 2013 5067 permansurum
2040 4988 2143 5056 sibi

624 5077 748 5114 uunt
818 5078 943 5116 teni.

582 5074 748 5114 unum
781 5074 943 5117 atem.

651 5132 791 5187 Mors
816 5134 1066 5205 terribilis
1088 5134 1169 5189 his
1194 5149 1420 5205 quorum
1451 5152 1572 5193 cum
1600 5137 1705 5193 vita
1735 5140 1909 5192 omnia
1938 5138 2143 5194 exstin-

618 5213 834 5276 uuntur,
885 5220 992 5276 non
1040 5204 1395 5276 hisguorum
1445 5209 1614 5265 emori
1663 5210 1777 5263 laus
1808 5224 1913 5263 non
1941 5218 2137 5276 potest.

608 5272 840 5349 Exsilium
874 5275 1109 5349 terribile
1146 5273 1250 5330 illis
1290 5279 1479 5349 quibus
1515 5280 1665 5347 quasi
1705 5272 2140 5349 circumscriptus

579 5353 662 5397 cst
687 5344 958 5399 habitandi
992 5346 1172 5419 locus,
1218 5344 1322 5401 non
1348 5348 1432 5401 his
1461 5344 1549 5419 qui
1577 5362 1789 5405 omnem
1813 5351 1998 5405 orbem
2020 5344 2139 5407 ἰεῖ-

576 5429 756 5469 rarum
790 5431 947 5468 unam
979 5416 1163 5471 urbem
1184 5431 1305 5473 esse
1326 5416 1522 5472 dicunt.

648 5485 714 5540 Ut
748 5494 959 5551 peccata
984 5501 1086 5540 non
1115 5503 1298 5544 rerum
1328 5500 1543 5557 eventu,
1567 5489 1661 5545 sed
1687 5490 1830 5546 vitiis
1860 5492 2134 5548 hominum

574 5556 835 5609 metienda
863 5564 1002 5610 sunt.

649 5626 881 5700 uiue-vis
925 5634 1008 5680 est
1035 5641 1153 5696 quae
1198 5631 1367 5700 magis
1413 5642 1595 5687 arceat
1625 5631 1868 5689 homines
1891 5634 1958 5687 ab
1986 5637 2134 5689 omni

576 5695 934 5775 improbitate,
968 5695 1125 5765 quam
1156 5703 1201 5755 si
1229 5695 1500 5760 senserint
1538 5703 1740 5759 nullum
1769 5721 1890 5763 esse
1914 5705 1967 5762 in
1996 5706 2134 5762 deli-

571 5767 673 5826 ctis
699 5767 1004 5823 discrimen.

2254 4581 2498 4637 reddere.
2535 4576 2712 4646 ’Qua'm
2744 4583 2887 4636 enim
2930 4576 3276 4651 intelligimus
3322 4585 3531 4638 divitem
3553 4620 3567 4643 ,
3597 4576 3646 4630 at
3680 4576 3758 4651 hoc

2252 4652 2477 4705 verbum
2502 4652 2555 4705 in
2584 4667 2692 4720 quo
2722 4653 2937 4706 homine
3013 4654 3259 4708 onitnus?
3299 4654 3496 4722 Opinor
3524 4654 3572 4704 in
3596 4663 3668 4712 eo,
3690 4657 3755 4697 CUI

2253 4730 2395 4775 tanta
2423 4722 2689 4776 possessio
2715 4732 2819 4776 est.
2852 4730 2908 4775 ut
2930 4668 3008 4776 ad)
3023 4724 3319 4776 liberaliter
3340 4722 3607 4776 vivendum
3631 4714 3755 4769 lacile

2253 4730 2395 4775 tanta
2423 4714 2819 4795 posses'sierst,
2852 4714 2994 4795 utiad
3023 4724 3319 4779 liberaliter
3340 4714 3607 4777 vivendum
3631 4714 3756 4795 lacjlg

2250 4783 2534 4845 contentus
2562 4792 2651 4845 sit.
2682 4792 2783 4859 Qui
2809 4783 2947 4847 nihil
2978 4803 3202 4861 quazrat,
3233 4795 3365 4848 nihil
3398 4800 3625 4860 appetat,
3652 4783 3754 4838 nihil

2248 4872 2413 4938 optet,
2437 4860 2645 4916 animus
2690 4874 2901 4931 oportet
2932 4860 3049 4917 tuus
3089 4879 3148 4917 se
3175 4864 3379 4938 iudicet
3407 4862 3643 4938 divitem,
3673 4869 3751 4938 uti}!

2248 4922 2521 5002 hominum
2549 4922 2758 4999 sermo',
2792 4947 2963 5000 neque
2996 4922 3364 5002 possessiones
3392 4928 3624 5002 tute;rqui
3651 4922 3754 4980 nili.il

2245 5000 2434 5056 deesse
2460 5001 2560 5054 sibi
2593 5011 2770 5069 putet,
2802 5003 2930 5057 nihil
2959 5000 3109 5057 curet
3137 5005 3365 5072 amplius
3386 5047 3401 5069 ,
3445 5001 3646 5072 satiatus
3670 5002 3751 5057 est.

2244 5080 2337 5142 aut
2378 5082 2658 5125 contentus
2698 5076 2856 5128 etiam
2887 5074 3102 5141 pecunia
3128 5118 3143 5142 ,
3193 5069 3430 5129 concedo
3456 5112 3472 5135 ,
3521 5069 3651 5124 dives
3671 5072 3750 5117 est.

2241 5139 2336 5195 Sin
2368 5150 2543 5195 autem
2578 5152 2793 5211 propter
2821 5139 3138 5198 aviditatem
3154 5146 3387 5211 pecuniae
3420 5142 3605 5197 nullum
3632 5150 3751 5203 qure-

2241 5220 2379 5265 stum
2428 5224 2632 5278 turpem
2679 5210 2854 5283 putas,
2895 5230 3016 5270 cum
3080 5210 3165 5271 isti
3224 5216 3397 5272 ordini
3450 5228 3547 5267 non
3596 5210 3752 5283 hones-

2244 5290 2330 5361 t_us
2379 5284 2589 5361 quidem
2641 5278 2815 5361 possit
2842 5278 2961 5341 esse
3012 5287 3153 5361 ullus
3187 5328 3203 5351 ,
3261 5288 3304 5341 si
3351 5283 3578 5361 quotidie
3615 5278 3747 5361 ,lrau:

2240 5352 2355 5416 das,
2400 5352 2864 5423 decipis,poscis,
2910 5356 3228 5425 pacisceris,
3273 5352 3477 5421 aufers,
3526 5352 3674 5418 rapis,
3712 5352 3747 5424 §i

2243 5426 2417 5476 socios
2437 5427 2654 5494 spolias,
2700 5428 2946 5497 aerarium
2978 5429 3213 5497 expilas,
3248 5429 3290 5481 si
3321 5430 3620 5479 testamenta
3641 5431 3745 5494 aint-

2240 5506 2421 5567 corutn
2460 5505 2737 5564 exspectas
2788 5496 3038 5562 quidem,
3082 5508 3240 5567 atque
3288 5509 3339 5551 te
3368 5498 3480 5565 ipse
3508 5500 3742 5567 supponis.

2237 5562 2354 5618 htec
2385 5556 2572 5639 utrum
2592 5556 2930 5639 abundantis,
2972 5556 3035 5621 an
3076 5556 3275 5639 egentis
3316 5556 3623 5639 signasttnt?
3643 5556 3743 5609 Ani-

2235 5636 2614 5708 tnushominis
2644 5637 2822 5699 dives,
2856 5652 2961 5695 non
2991 5635 3740 5708 arca'appellarisolel,_{l‘{3""

2236 5705 2316 5759 vis
2343 5706 2429 5760 illa
2458 5709 2529 5761 sit
2554 5708 2742 5776 plena,
2794 5708 2921 5762 dum
2967 5719 3021 5763 te
3060 5700 3271 5765 inanem
3316 5706 3523 5769 videbo,
3559 5700 3738 5776 divitein

2235 5791 2342 5833 non
2364 5771 2580 5849 putabo.
2623 5771 2832 5835 Etenim
2852 5794 2920 5836 ex
2946 5794 3013 5837 eo
3036 5791 3291 5854 quantum
3327 5776 3512 5846 cuique
3534 5771 3648 5827 satis
3672 5771 3736 5817 est
