4060 6368
307 300 444 361 1081

928 296 1350 358 ,δεΝτΕΝτιῶ
1385 297 1863 360 Ρηιιοεοριηω

1966 298 2037 357 εχ
2059 297 2410 395 creatione
2446 296 2885 361 causam.

3400 303 3541 368 1083

303 420 596 498 metiuntur
619 416 864 498 homines
892 415 1195 498 divitiarum
1224 415 1464 498 modum.
1519 416 1705 498 Filiam
1735 417 1854 485 quis
1881 417 1934 479 Α
1960 426 2235 498 permanet
2266 417 2603 498 incorruptus
2626 461 2642 485 ,
2689 432 2877 498 suique
2903 415 3107 498 similis
3131 460 3148 485 ,
3197 432 3419 498 necesse
3448 432 3535 480 est

304 492 483 556 habet,
534 490 760 558 pecunia
802 502 937 556 opus
980 496 1105 558 est,
1131 487 1292 549 Duas,
1319 486 1845 557 majore;siplures,

304 563 505 627 majore
539 557 725 613 etiam.
794 561 860 613 At
884 558 929 612 si
962 560 1042 628 (ut
1062 557 1230 627 aiunt)
1274 558 1437 612 Danai
1469 558 1850 627 quinquaginta

302 635 410 685 sint
441 631 562 684 lilize
605 628 796 694 alicui,
848 636 927 682 tot
964 627 1115 683 dotes
1147 642 1388 697 magnam
1417 638 1661 697 qureruut
1692 643 1851 695 pecu-

304 706 465 755 niam.
512 702 775 765 Quantum
819 698 959 753 enim
999 699 1240 768 cuiquam
1280 712 1415 765 opus
1441 710 1522 754 est
1546 740 1561 762 ,
1594 699 1658 751 ad
1689 699 1739 753 id
1761 714 1851 753 ac-

301 772 689 835 commodatur,
734 777 790 823 ut
832 778 955 822 ante
991 768 1139 832 dixi,
1170 768 1471 824 divitiarum
1503 770 1707 823 modus.
1749 770 1849 837 Qui

304 843 465 910 igitur
494 855 598 895 non
631 840 771 910 filias,
788 838 991 905 plures,
1031 839 1123 894 sed
1153 836 1566 893 innumerabiles
1593 839 1853 906 cupidita-

304 909 384 966 tes
412 912 589 971 habet.
620 926 738 977 qua:
760 909 906 964 brevi
939 918 1178 975 tempore
1197 922 1414 977 magnas
1440 910 1622 977 copias
1649 910 1853 965 exhau-

303 983 411 1037 rire
440 981 679 1051 possint,
712 980 851 1035 hunc
874 994 975 1049 ego
996 979 1266 1051 quomgdo
1288 979 1580 1051 appellabo
1610 979 1849 1051 divitem,

301 1048 567 1121 cum'ipse
594 1065 753 1119 egere
791 1064 851 1105 se
876 1048 1100 1121 sentiat!
1146 1049 1355 1103 Etenim
1377 1048 1852 1121 Adivitiarumrfru-

301 1132 420 1177 ctus
450 1118 501 1176 in
530 1118 682 1188 copia
714 1128 835 1185 est,
886 1120 1093 1188 copiam
1134 1129 1309 1174 autem
1358 1118 1595 1188 declarat
1636 1120 1852 1174 satietas

302 1207 516 1257 rerum,
548 1187 709 1261 atque
745 1187 1087 1261 abundantia.
1144 1189 1274 1255 Quis
1290 1187 1769 1261 igitur_(siquidem
1797 1197 1854 1244 ut

300 1263 527 1332 quisque
570 1258 727 1332 quod
757 1260 969 1332 plurimi
1011 1259 1081 1314 sit
1122 1260 1428 1332 possideat,
1452 1258 1530 1332 ita
1559 1259 1854 1332 ditissimus

301 1327 374 1387 sit
421 1327 989 1401 liaben‘duslduhitet
1035 1331 1285 1400 quoniam
1315 1330 1366 1401 in
1412 1330 1605 1401 virtute
1644 1328 1850 1401 divitia

300 1403 433 1465 sint,
462 1399 722 1471 quoniam
740 1402 881 1455 nulla
926 1399 1217 1468 possessio,
1259 1400 1402 1471 nulla
1431 1399 1513 1454 vis
1540 1399 1656 1456 auri
1684 1408 1740 1455 et
1762 1414 1855 1455 ar-

303 1473 450 1545 genti
468 1472 647 1545 pluris
671 1486 827 1545 quam
858 1471 1023 1525 virtus
1050 1470 1363 1545 aestimanda
1382 1478 1487 1545 est.

372 1544 418 1598 0
445 1544 516 1597 dii
540 1539 887 1607 immortales,
911 1555 1015 1595 non
1059 1540 1361 1609 intelligunt
1407 1539 1651 1594 homines
1697 1554 1854 1608 quam

305 1628 555 1684 maguum
583 1612 805 1684 vectigal
835 1613 906 1666 sit
928 1610 1282 1684 parcimonia.
1305 1609 1437 1684 _Uter
1467 1610 1625 1677 igitur
1648 1620 1735 1684 est
1769 1612 1855 1666 die

305 1681 431 1755 tior',
464 1683 550 1738 cui
570 1681 744 1752 deest,
768 1697 835 1755 an
857 1681 945 1737 cui
969 1691 1205 1755 superat,
1228 1681 1320 1750 qui
1342 1689 1463 1751 eget
1484 1695 1551 1755 an
1571 1681 1660 1750 qui
1690 1682 1859 1755 abun-

303 1750 528 1832 dat,'cui
558 1750 826 1832 possessio
870 1766 977 1832 quo
1025 1752 1194 1832 major
1220 1759 1316 1832 est
1336 1790 1352 1815 ,
1384 1750 1466 1806 eo
1495 1750 1611 1832 plus
1638 1750 1858 1832 requirit
1890 1772 1936 1832 Β

302 1825 369 1878 ad
395 1821 454 1879 se
476 1823 752 1886 tuendam,
784 1838 851 1877 an
878 1822 969 1891 qui
992 1822 1104 1877 suis
1131 1822 1335 1877 viribus
1358 1834 1420 1875 se
1446 1821 1712 1876 sustinet?
1743 1821 1858 1876 Non

303 1895 653 1950 aestimatione
678 1907 871 1949 census
890 1936 904 1957 ,
932 1907 1120 1948 verum
1148 1893 1287 1947 victu
1313 1900 1477 1957 atque
1499 1892 1645 1946 cultu
1674 1892 1860 1946 termi-

305 1975 464 2020 natur
494 1964 732 2034 pecunite
761 1963 969 2017 modus.
1026 1962 1140 2034 Non
1167 1976 1290 2018 esse
1314 1962 1565 2030 cupidum
1598 1963 1857 2034 pecunire,

306 2050 412 2090 non
452 2033 573 2091 esse
616 2043 856 2090 tenacem
902 2033 1211 2101 vectigalis,
1257 2040 1569 2087 contentum
1596 2047 1724 2086 vero
1753 2033 1865 2087 suis

302 2120 425 2161 esse
468 2106 666 2169 rebus,
722 2105 973 2159 maximae
1015 2114 1139 2157 sunt
1186 2103 1605 2171 certissima-que
1645 2102 1861 2158 divitia).

306 2176 516 2231 Etenim
537 2178 582 2231 si
600 2175 686 2229 isti
710 2173 889 2229 callidi
913 2188 1091 2229 rerum
1105 2174 1461 2228 aestimatores
1476 2183 1624 2239 prata
1646 2180 1868 2227 etareas

302 2247 561 2315 quasdam
590 2244 764 2316 magni
795 2244 1082 2316 aestimant,
1114 2242 1254 2316 quod
1283 2242 1333 2316 ei
1360 2240 1545 2311 generi
1574 2243 1869 2316 possessio-

304 2312 432 2371 tium
477 2312 701 2371 minime
742 2314 890 2383 quasi
943 2315 1124 2383 noceri
1168 2314 1365 2383 possit,
1416 2327 1572 2383 quam
1602 2322 1684 2366 est
1727 2312 1869 2367 testi-

303 2386 492 2441 manda
520 2387 711 2450 virtus,
739 2382 858 2452 quae
888 2399 986 2440 nec
1009 2382 1141 2452 eripi
1172 2382 1282 2438 nec
1310 2382 1505 2452 surripi
1533 2390 1725 2449 potest,
1771 2396 1866 2436 ne-

301 2470 408 2525 que
438 2457 711 2525 naufragio
737 2451 911 2523 neque
940 2451 1193 2509 incendio
1208 2451 1501 2525 amittitur,
1536 2466 1634 2507 nec
1670 2462 1871 2519 tempe-

299 2521 498 2581 statum
535 2521 651 2580 nec'
681 2521 975 2593 temporum
1023 2521 1423 2591 perturbatione
1465 2530 1717 2593 mutatur,
1769 2536 1868 2593 qua

301 2596 519 2666 praediti
549 2595 637 2663 qui
666 2589 811 2666 sunt,
856 2593 955 2646 soli
982 2589 1106 2648 sunt
1145 2593 1371 2666 divites,
1399 2590 1499 2644 soli
1526 2590 1668 2666 enim
1702 2589 1870 2666 possit

303 2659 435 2720 dent
463 2679 550 2720 res
567 2659 634 2719 'et
660 2664 961 2719 fructuosas
986 2673 1042 2719 et
1064 2663 1425 2731 sempiternas
1446 2698 1464 2725 ,
1492 2659 1697 2728 solique
1726 2661 1869 2730 quod

304 2744 390 2791 cst
420 2734 692 2803 prepriuut
737 2734 1062 2797 divitiarum,
1110 2732 1349 2803 contenti
1377 2739 1504 2784 sunt
1528 2732 1690 2785 rebus
1714 2732 1865 2803 suis;

304 2801 439 2861 satis
463 2818 585 2860 esse
615 2812 801 2872 putant
830 2803 969 2874 quod
997 2813 1080 2859 est
1108 2842 1125 2869 ,
1172 2802 1303 2857 nihil
1331 2810 1607 2874 appetunt,
1638 2801 1782 2874 nulla
1814 2816 1871 2856 re

305 2886 502 2943 egent,
547 2870 679 2929 nihil
723 2874 825 2929 sibi
848 2870 1051 2930 'deesse
1093 2873 1373 2943 sentiunt,
1420 2870 1549 2924 nihil
1574 2872 1868 2940 requirunt.

305 2942 537 3014 Improbi
564 2955 742 2999 autem
770 2953 824 2999 et
847 2944 991 3000 avari
1021 2944 1270 3014 quoniam
1290 2942 1533 3014 incertas
1560 2949 1719 3010 atque
1745 2954 1873 2996 casu

306 3013 505 3085 positas
550 3016 915 3084 possessiones
967 3013 1183 3079 habent,
1240 3020 1298 3085 et
1345 3013 1466 3085 plus
1511 3025 1723 3079 semper
1772 3026 1869 3085 ap-_

303 3082 515 3157 petunt,
548 3082 853 3157 neceorum
883 3087 1162 3153 quisquam
1187 3082 1625 3157 adhucinventus
1655 3082 1871 3157 est,__cui

305 3151 450 3226 quod
474 3156 635 3211 habet
658 3156 791 3210 satis
814 3151 925 3220 est;
973 3151 1079 3209 nun
1108 3152 1268 3208 modo
1290 3168 1395 3206 non
1418 3151 1618 3226 copiosi
1647 3166 1711 3226 ac
1737 3152 1875 3205 divi-

305 3220 389 3282 tes
413 3267 428 3289 ,
477 3227 569 3283 sed
598 3226 757 3281 etiam
790 3227 979 3291 inopes
1007 3240 1069 3279 ac
1098 3238 1360 3293 pauperes
1389 3220 1690 3293 aastimandi
1731 3232 1877 3293 sunt.

306 3296 377 3353 Et
406 3297 523 3352 btec
550 3298 618 3352 de
646 3290 940 3353 Paradoxis
960 3334 980 3360 .
1024 3290 1264 3365 sequitur
1292 3307 1433 3349 nunc
1478 3290 1548 3346 de
1568 3292 1879 3362 quaestioni-

306 3368 409 3424 bus
434 3366 770 3441 Tusculanis.

380 3520 464 3577 Ea:
488 3522 653 3595 primo
673 3521 805 3577 libro
830 3519 1239 3646 Tusculanarum
1262 3519 1602 3591 quastionum
1630 3515 1709 3573 Μ.
1736 3516 1805 3572 Τ.

992 3606 1228 3646 iceronu.

992 3606 1228 3647 ισετοηυ.

380 3727 563 3784 Facile
603 3734 689 3782 est
731 3724 950 3782 vincere
993 3740 1100 3780 non
1140 3730 1519 3793 repugnantes.
1575 3721 1751 3793 Bonos
1780 3722 1876 3778 alit

306 3808 472 3863 rtes,
520 3811 814 3863 omnesque
842 3796 1178 3852 incendimur
1196 3793 1264 3848 ad
1284 3792 1463 3849 studia
1485 3792 1653 3860 gloria
1678 3792 1872 3862 laudis,

302 3868 595 3941 iacentque;
619 3883 682 3924 ea
710 3882 924 3941 semper
950 3882 1068 3933 quae
1092 3864 1233 3941 apud
1264 3878 1397 3941 quos
1430 3863 1817 3941 improbantur.

304 3933 631 4066 inilominis
674 3949 756 3995 est
803 3933 1247 4007 intemperantis,
1290 3933 1559 3990 abutentis
1597 3942 1653 3989 et
1690 3933 1800 3989 otio
1823 3943 1876 3990 et

330 4026 346 4065 ι
393 4025 521 4065 eris.

330 4009 521 4065 itleris.

380 4079 715 4137 Moriendum
744 4090 829 4136 est
854 4078 1123 4134 omnibus.
1174 4077 1307 4144 Quae
1333 4075 1477 4130 enim
1499 4074 1655 4129 nobis
1685 4073 1737 4127 in
1768 4073 1873 4128 vita

306 4160 489 4222 potest
515 4166 635 4222 esse
663 4150 965 4222 iucunditas
988 4190 1004 4215 ,
1047 4162 1167 4222 cum
1195 4147 1312 4222 dies
1338 4156 1393 4222 e‘t
1413 4154 1599 4222 noctes
1628 4144 1872 4222 cogitan-

304 4213 457 4292 dum.
481 4227 552 4277 sit
591 4213 812 4292 iamiam
834 4233 964 4292 esse
992 4213 1383 4292 moriendum?
1429 4213 1733 4292 Antiquitas
1768 4228 1873 4282 quo

349 4291 529 4360 ropius
575 4284 761 4348 aberat
797 4291 864 4346 ab
893 4298 1013 4346 ortu
1041 4298 1095 4342 et
1122 4288 1302 4342 divina
1332 4284 1605 4360 progenie,
1640 4285 1742 4339 hoc
1762 4298 1870 4339 me-

349 4307 529 4360 ruptus
575 4307 761 4348 aberat
797 4307 864 4346 an
893 4307 1013 4346 Ol'tu
1041 4307 1095 4342 et
1122 4307 1302 4342 ("Vina
1332 4307 1605 4355 progenie,
1640 4307 1673 4338 ιι

306 4307 413 4420 {ius
434 4377 497 4418 ea
522 4363 749 4418 fortasse
774 4376 894 4431 quae
914 4366 1069 4416 erant
1093 4372 1219 4413 vera
1240 4356 1514 4431 cernebat.
1670 4375 1674 4379 ·

378 4432 532 4489 Nulla
559 4447 691 4503 gens
716 4423 821 4486 tam
860 4430 971 4486 fera
997 4469 1014 4495 ,
1059 4443 1219 4503 nemo
1247 4426 1521 4503 hominum
1546 4432 1652 4479 tam
1681 4423 1866 4503 imma-

308 4504 431 4569 nis,
479 4496 632 4573 cujus
675 4510 907 4558 mentem
954 4517 1073 4573 non
1107 4499 1356 4573 imbuerit
1394 4497 1615 4573 deorum
1655 4496 1857 4563 opinio.

304 4564 453 4631 Ilulti
479 4564 561 4629 de'
584 4574 687 4629 diis
734 4587 892 4642 prava
939 4571 1197 4626 sentiunt.
1242 4568 1299 4642 id
1323 4566 1467 4624 enim
1499 4564 1686 4620 vitioso
1707 4579 1859 4642 more

306 4644 450 4701 effici
472 4644 630 4701 solet.
668 4636 867 4698 Otitnes
901 4656 1005 4696 non
1053 4654 1176 4696 esse
1215 4640 1321 4691 vim
1367 4646 1421 4692 et
1449 4645 1690 4690 naturam
1720 4636 1861 4689 divi-

306 4730 433 4771 nam
453 4714 809 4779 arbitrantur;
843 4726 940 4767 uec
962 4725 1090 4766 vero
1119 4709 1171 4764 id
1201 4707 1430 4779 colluvie
1456 4704 1730 4779 hominum
1772 4714 1865 4761 aut

305 4799 603 4841 consensus
629 4776 803 4839 efficit
820 4824 835 4849 ,
866 4797 971 4836 non
1003 4777 1255 4849 institutis
1275 4777 1456 4846 opinio
1475 4785 1558 4830 est
1578 4776 1863 4829 confirma-

309 4866 384 4936 ta,
408 4870 513 4912 non
546 4855 769 4936 legibus.
824 4848 985 4907 Omni
1016 4861 1191 4904 autem
1245 4848 1297 4936 iu
1338 4858 1711 4936 re-cousensu
1750 4858 1866 4900 om-

307 4918 455 4983 nium
480 4918 712 4995 gentium
743 4924 826 4979 lex
855 4932 1057 4977 natura:
1072 4918 1315 4995 putanda
1344 4924 1445 4972 est.

380 4991 513 5064 Quae
538 5004 622 5052 est
647 4996 837 5051 melior
868 4995 918 5046 in
943 4991 1216 5064 hominum
1243 4993 1677 5064 g_enere_natura,
1709 4999 1866 5064 quam

305 5055 495 5124 eorwum
522 5069 609 5132 qui
639 5081 698 5120 se
726 5076 879 5119 natos
904 5063 970 5117 ad
1000 5055 1551 5132 homincsjjuvandos,
1590 5056 1864 5132 tutandos,

304 5125 706 5194 conservandos
731 5132 1095 5189 arbitrantur?
1134 5125 1281 5185 Abiit
1319 5130 1385 5182 ad
1430 5126 1560 5181 deos
1589 5125 1865 5193 Hercules,

305 5224 578 5277 nunquam
623 5206 840 5262 abiisset
868 5202 985 5277 nisi
1011 5245 1026 5269 ,
1075 5216 1198 5257 cum
1244 5202 1385 5254 inter
1430 5196 1674 5252 homines
1700 5206 1863 5262 esset,

304 5295 424 5336 eam
439 5273 549 5333 'sibi
572 5279 709 5332 viam
737 5273 1070 5331 munivisset.

378 5351 546 5405 Nemo
588 5364 817 5417 unquam
859 5345 977 5417 sine
1022 5356 1214 5413 magna
1256 5352 1353 5410 spe
1378 5335 1787 5394 immortalitatis
1810 5350 1869 5391 se

304 5421 495 5477 offeret
521 5434 612 5485 pro
638 5416 804 5489 patria
832 5416 902 5489 ad
927 5423 1175 5489 mortem.

381 5483 551 5563 Magni
576 5483 865 5563 autemest
892 5483 1116 5554 ingenii,
1150 5495 1403 5563 revocare
1428 5486 1668 5563 mentem
1695 5491 1724 5531 a
1746 5490 1869 5531 sen-

302 5548 555 5625 sibusret
576 5548 1366 5627 cegitationem'cousuetudine
1392 5548 1679 5604 abducere.

375 5623 543 5700 Quam
573 5623 798 5699 quisque
826 5627 965 5700 norit
986 5634 1176 5700 artem,
1210 5623 1395 5700 innbac
1417 5635 1476 5700 se
1500 5623 1767 5700 eserceat.

374 5689 518 5758 Nihil
538 5689 622 5756 es't
667 5689 849 5755 animo
878 5696 1113 5767 velocius
1136 5732 1153 5757 ,
1188 5692 1333 5747 nulla
1371 5698 1454 5745 est
1475 5689 1721 5767 celeritas
1750 5700 1869 5767 qua;

299 5774 475 5846 possit
532 5788 653 5831 cuiu
710 5769 872 5829 animi
925 5764 1205 5822 celeritate
1271 5760 1627 5826 contendere;
1676 5760 1788 5828 qui,
1819 5760 1868 5815 si

1896 3117 1947 3181 C

1892 4473 1943 4533 Ι)

1960 487 2031 541 ita
2062 487 2281 553 feratur,
2332 496 2389 543 ut
2439 499 2685 557 penetret
2726 487 3010 544 et'dividat
3035 505 3193 546 omne
3231 492 3427 547 caelum
3454 510 3470 548 :
3499 509 3531 550 a

1953 572 2060 631 quo
2087 557 2313 631 quidem
2334 561 2518 631 animo
2563 560 2893 628 philosophia
2920 600 2933 623 ,
2971 570 3218 631 tanquam
3266 561 3334 615 ab
3363 563 3533 620 oculis

1950 628 2238 699 caliginem
2266 629 2486 699 diSpnlit
2507 671 2522 693 ,
2570 638 2627 683 ut
2651 631 2830 684 omnia
2858 645 3047 699 supera
3071 628 3092 693 ,⁷
3110 631 3299 693 infera,
3337 633 3528 698 prima,

1950 698 2125 777 media
2150 738 2165 763 ,
2190 698 2377 777 ultima
2404 698 2767 777 videremus.“
2783 698 3008 777 Prorsus
3047 702 3162 756 haec
3187 702 3370 756 divina
3401 704 3531 759 mihi

1950 767 2159 822 videtur
2187 770 2290 834 vis,
2318 785 2436 837 quae
2466 780 2545 824 tot
2568 785 2655 825 res
2683 770 2904 837 efficiat,
2936 780 2989 825 et
3014 779 3217 826 tantas.

2021 838 2282 910 Necvero
2328 842 2465 895 Deus
2513 842 2625 909 ipse
2670 844 2756 910 qui
2792 842 3110 909 intelligitur
3139 858 3166 895 a
3201 843 3378 909 nobis,
3413 844 3519 897 alio

1953 908 2113 981 modo
2138 907 2357 977 intelligi
2384 907 2560 977 potest
2584 955 2598 973 .
2656 907 2755 965 nisi
2800 926 2949 966 mens
2972 907 3156 967 'soluta
3189 907 3432 981 quaedam
3462 921 3518 969 et

1954 977 2123 1033 libera
2148 981 2523 1048 segregatione
2554 983 2620 1036 ab
2645 982 2791 1036 omni
2811 983 3155 1037 concretione
3182 977 3419 1039 mortali.

2022 1048 2288 1115 Socrates,
2319 1065 2440 1121 cum
2469 1066 2603 1119 pene
2630 1053 2682 1108 in
2709 1068 2867 1107 manu
2891 1050 3001 1121 jam
3032 1051 3362 1107 mortiferum
3391 1054 3523 1108 illud

1952 1126 2163 1174 teneret
2186 1120 2454 1188 poculum,
2482 1122 2686 1177 locutus
2708 1124 2777 1176 ita
2806 1120 2917 1188 est,
2951 1131 3010 1177 ut
3049 1138 3153 1177 non
3199 1122 3265 1176 ad
3298 1133 3523 1178 mortem

1952 1190 2115 1255 trudi,
2146 1204 2331 1246 verum
2356 1192 2407 1244 in
2432 1193 2623 1248 caelum
2648 1192 2917 1247 videretur
2943 1194 3256 1248 ascendere.
3283 1192 3356 1247 Ita
3378 1194 3521 1248 enim

1953 1261 2203 1317 censebat
2225 1300 2240 1323 ,
2270 1261 2449 1329 itaque
2470 1264 2719 1317 disseruit
2747 1264 2877 1317 duas
2898 1277 3016 1317 esse
3038 1264 3151 1317 vias
3175 1264 3519 1331 duplicesque

1954 1344 2143 1384 cursus
2187 1330 2480 1400 animarum
2532 1348 2761 1400 corpore
2805 1332 3201 1388 excedentium.
3256 1333 3389 1387 Nam
3429 1330 3522 1400 qui

1953 1399 2283 1482 sebumanis
2306 1402 2451 1482 vitiis
2478 1399 2971 1482 contaminassent,
2998 1412 3145 1482 ct_se
3173 1414 3316 1482 totos
3338 1399 3518 1482 libidi-

1954 1469 2114 1525 nibus
2155 1470 2464 1543 dedissent,
2496 1474 2690 1543 quibus
2718 1475 2899 1527 caacati
2931 1472 3015 1528 vel
3038 1472 3349 1528 domesticis
3376 1474 3517 1528 vitiis

1956 1550 2116 1609 atque
2161 1540 2375 1612 flagitiis
2416 1558 2475 1597 se
2514 1540 2973 1612 inquinavissent,
3040 1544 3124 1598 vel
3170 1544 3221 1597 in
3254 1543 3524 1609 republica

1958 1610 2205 1681 violanda
2238 1612 2450 1667 fraudes
2500 1610 2850 1680 inexpiabiles
2895 1614 3300 1681 concepissent,
3334 1613 3400 1666 iis
3429 1613 3525 1668 de-

1957 1680 2101 1734 vium
2125 1682 2391 1749 quoddam
2422 1682 2523 1736 iter
2542 1698 2663 1738 esse
2684 1684 2948 1738 seclusum
2985 1699 3012 1735 a
3036 1680 3262 1737 concilio
3279 1682 3523 1738 deorum.

1961 1751 2060 1817 Qui
2102 1761 2280 1822 autem
2330 1766 2389 1807 se
2416 1752 2650 1822 integros
2677 1763 2958 1822 castosque
2980 1754 3367 1818 servavissent,
3396 1754 3526 1822 qui-

1964 1822 2063 1875 bus
2086 1821 2271 1892 fuisset
2301 1821 2676 1877 minima’cum
2724 1821 3039 1890 corporibus
3068 1824 3338 1892 contagio,
3379 1821 3526 1876 sese-

1964 1906 2065 1971 que
2085 1892 2169 1971 ab_
2184 1891 2267 1945 his
2288 1906 2503 1971 semper
2532 1902 3221 1971 revocasseiit,_essentque
3243 1895 3303 1971 _iu
3334 1907 3526 1971 corpo-

1964 1961 2112 2016 ribus
2156 1961 2399 2017 humanis
2438 1964 2598 2018 vitam
2654 1962 2844 2017 imitati
2890 1961 3150 2027 deorum,
3204 1963 3286 2017 his
3309 1964 3376 2016 ad
3409 1963 3529 2018 illos

1966 2046 1995 2084 a
2023 2030 2217 2102 quibus
2244 2043 2424 2087 essent
2454 2034 2701 2102 profecti,
2728 2032 2956 2087 reditum
2988 2033 3142 2088 facile
3176 2043 3381 2100 patere.

2010 2100 2166 2169 ’,ϐιιο
2190 2112 2364 2157 autem
2405 2100 2483 2158 sic
2520 2104 2652 2158 abiit
2688 2100 2727 2159 'e
2768 2107 2869 2157 vita
2890 2147 2905 2169 ,
2940 2112 2996 2157 ut
3024 2117 3237 2159 causam
3267 2102 3528 2157 moriendi

1967 2182 2178 2250 nactum
2205 2184 2267 2227 se
2288 2187 2408 2228 esse
2429 2174 2705 2250 gauderet.
2759 2170 2889 2250 Tota
2915 2175 3057 2228 enim
3072 2174 3523 2250 philosophorum

1966 2243 2073 2295 vita
2102 2245 2479 2313 commentatio
2509 2244 2694 2300 mortis
2716 2254 2819 2299 est.
2846 2243 2975 2299 Nam
2996 2243 3123 2313 quid
3152 2243 3293 2313 aliud
3325 2243 3531 2307 agimus

1965 2326 2085 2366 cum
2109 2325 2139 2364 a
2170 2312 2461 2379 voluptate,
2487 2313 2538 2368 id
2558 2323 2641 2368 est
2660 2330 2687 2366 a
2706 2329 2952 2383 corpore,
2974 2312 3094 2369 eum
3122 2329 3151 2366 a
3178 2328 3235 2367 re
3258 2312 3527 2376 familiari,

1966 2397 2085 2449 qu:e
2114 2390 2197 2435 est
2224 2383 2464 2438 ministra
2495 2393 2550 2438 et
2586 2383 2781 2438 famula
2809 2385 3073 2451 corporis,
3104 2398 3222 2438 cum
3251 2400 3278 2435 a
3313 2383 3525 2448 repub.,

1967 2467 2087 2506 cum
2101 2468 2127 2502 a
2146 2452 2355 2531 negotio
2368 2456 2511 2531 omni
2530 2468 2840 2531 revocamus
2852 2455 3111 2531 animum,
3128 2453 3273 2531 quid,
3291 2454 3527 2521 inquam,

1971 2531 2082 2575 tum
2110 2524 2352 2589 agimus,
2398 2524 2500 2577 nisi
2547 2526 2784 2578 animum
2830 2526 2895 2577 ad
2925 2524 3161 2592 seipsum
3188 2526 3529 2587 advocamus,

1969 2604 2155 2662 secum
2187 2605 2305 2645 esse
2324 2592 2567 2660 cogimus
2589 2634 2602 2654 ,
2628 2596 2967 2662 maximeque
2998 2610 3027 2647 a
3059 2609 3282 2661 corpore
3321 2593 3533 2647 seduci~

1970 2661 2125 2714 mus?
2148 2675 2432 2716 secernere
2458 2672 2633 2718 autem
2659 2678 2688 2716 a
2711 2661 2936 2727 corpore
2957 2664 3217 2727 animum,
3251 2677 3349 2715 nec
3378 2663 3533 2731 quid-

1969 2745 2126 2798 quam
2155 2741 2239 2785 est
2268 2731 2430 2793 aliud,
2464 2732 2565 2787 nisi
2589 2735 2754 2787 emori
2779 2734 3002 2787 discere.
3049 2734 3227 2800 Quare
3253 2733 3352 2785 hoc
3380 2747 3530 2787 com-

1971 2812 2269 2855 mentemur
2289 2840 2304 2863 ,
2341 2802 2469 2857 mihi
2498 2804 2658 2858 crede
2676 2841 2694 2868 ,
2722 2804 3200 2871 disjuugamusque
3231 2816 3329 2855 nos
3356 2817 3386 2856 a
3414 2817 3538 2857 cor-

1973 2872 2226 2937 poribus,
2278 2872 2328 2925 id
2356 2881 2480 2937 est,
2528 2888 2939 2929 consuescamus
2979 2874 3132 2926 mori.
3185 2872 3294 2927 lloc
3316 2882 3371 2925 et
3399 2872 3524 2926 dum

1970 2942 2169 2996 erimus
2216 2942 2266 2995 in
2319 2943 2516 3005 terris,
2567 2945 2671 2998 erit
2720 2944 2795 2997 illi
2821 2945 3024 2997 caelesti
3058 2944 3178 2996 vita:
3205 2943 3417 3007 simile,
3471 2952 3526 2997 et

1972 3026 2092 3065 cum
2126 3011 2249 3065 illuc
2273 3026 2339 3067 ex
2367 3012 2449 3067 his
2481 3012 2703 3068 vinculis
2729 3014 2909 3069 emissi
2937 3014 3188 3078 feremur,
3218 3014 3390 3066 minus
3425 3024 3534 3065 tar-

1974 3081 2188 3135 dabitur
2215 3096 2401 3136 cursus
2428 3084 2750 3138 animorum.
2781 3085 2896 3149 Quo
2920 3100 3038 3138 cum
3068 3084 3391 3149 venerimus,
3426 3092 3534 3136 tum

1979 3150 2209 3224 denique
2236 3152 2498 3207 vivemus.
2564 3154 2694 3208 Nam
2726 3154 2840 3209 haec
2874 3155 3090 3224 quidem
3122 3155 3227 3208 vita
3256 3168 3400 3208 ntors
3430 3163 3535 3218 est,

1979 3237 2137 3293 quam
2166 3221 2438 3293 lamentari
2471 3238 2675 3292 posses,
2705 3227 2749 3279 si
2775 3221 2987 3280 liberet.

2049 3292 2472 3364 Tantacbaritas
2514 3308 2593 3349 est
2640 3296 2821 3364 patriae
2846 3336 2860 3359 ,
2892 3304 2948 3349 ut
2974 3309 3093 3349 eam
3118 3308 3225 3347 non
3246 3308 3407 3347 sensu
3438 3308 3530 3347 uo-

1978 3373 2112 3428 stro,
2136 3362 2230 3433 sed
2257 3363 2427 3418 salute
2474 3362 2653 3431 ipsius
2666 3366 2967 3419 metiamur.
3005 3365 3186 3433 Itaque
3218 3378 3322 3417 nou
3351 3364 3525 3417 deter-

1979 3442 2059 3488 ret
2078 3432 2371 3504 sapientem
2421 3450 2594 3500 mors,
2655 3450 2771 3504 quas
2836 3444 3049 3503 propter
3098 3432 3328 3487 incertos
3373 3447 3530 3488 casus

1976 3504 2213 3571 quotidie
2265 3504 2536 3568 imminet,
2586 3514 2642 3559 et
2668 3513 2882 3574 propter
2913 3504 3226 3559 brevitatem
3249 3504 3369 3557 vitae
3394 3520 3529 3558 nun-

1977 3588 2138 3643 quam
2160 3580 2335 3641 potest
2359 3574 2517 3643 longe
2552 3574 2741 3630 abesse
2766 3614 2779 3635 ,
2812 3574 3093 3642 quominus
3123 3578 3174 3627 in
3206 3589 3364 3627 omne
3394 3584 3530 3629 tem-

1977 3657 2075 3712 pus
2100 3643 2324 3710 reipubl.
2356 3645 2575 3714 suisque
2603 3646 2865 3710 consulat,
2887 3654 2942 3701 et
2968 3645 3329 3713 posteritatem
3360 3644 3528 3712 ipsam

1975 3715 2128 3783 cujus
2169 3728 2385 3770 sensum
2424 3714 2701 3771 habiturus
2747 3731 2853 3771 non
2895 3715 2985 3781 sit,
3015 3715 3083 3769 ad
3113 3729 3170 3769 se
3196 3724 3340 3784 putet
3368 3716 3531 3783 perti-

1974 3798 2104 3840 nere
2113 3826 2126 3838 .

2044 3854 2241 3910 Natura
2279 3855 2357 3911 sic
2394 3870 2454 3912 se
2499 3856 2698 3923 habet,
2748 3866 2806 3910 ut
2851 3855 3119 3924 quomodo
3141 3854 3348 3908 initium
3376 3854 3532 3907 nobis

1974 3927 2213 3982 omnium
2240 3941 2419 3981 rerum
2446 3936 2596 3981 ortus
2620 3936 2801 3981 noster
2818 3925 2992 3989 affert,
3018 3926 3097 3979 sic
3118 3927 3320 3980 exitum
3349 3938 3492 3977 mors
3516 3940 3530 3988 ;

1974 4012 2093 4066 qua:
2138 4006 2196 4051 ut
2242 3996 2375 4051 nihil
2416 3997 2670 4064 pertinuit
2703 3997 2769 4050 ad
2800 4011 2897 4051 uos
2922 4004 3047 4051 ante
3072 4008 3271 4065 ortum,
3300 3997 3380 4049 sic
3401 3995 3533 4048 nihil

1970 4076 2095 4139 post
2118 4075 2343 4121 mortem
2367 4067 2434 4119 ad
2460 4080 2558 4139 nos
2585 4066 2890 4135 pertinebit.

2048 4138 2177 4203 Quae
2206 4151 2333 4192 vero
2354 4144 2484 4191 aetas
2506 4134 2663 4203 longa
2689 4144 2792 4200 est,
2822 4145 2913 4190 aut
2942 4134 3068 4205 quid
3090 4135 3309 4190 omnino
3333 4134 3534 4188 homini

1974 4206 2225 4277 longum?
2273 4206 2462 4263 Nonne
2509 4207 2666 4260 modo
2714 4221 2927 4273 pueros,
2978 4206 3137 4260 modo
3165 4206 3534 4259 adulescentes

1972 4279 2026 4335 in
2049 4293 2208 4332 cursu
2235 4292 2265 4331 a
2299 4287 2445 4346 tergo
2476 4277 2758 4345 insequens
2777 4316 2794 4341 ,
2826 4292 2923 4331 nec
2951 4278 3259 4346 opinantes,
3284 4284 3527 4346 assecuta

1973 4359 2057 4405 est
2078 4344 2507 4403 senectus?'Sed
2552 4344 2678 4415 quia
2723 4348 2851 4401 nihil
2898 4344 3036 4400 ultra
3083 4350 3338 4401 habemus
3365 4387 3379 4409 ,
3424 4344 3526 4399 hoc

1974 4421 2189 4488 longum
2208 4418 2433 4473 dicimus
2452 4457 2468 4484 ,
2518 4418 2696 4472 omnia
2729 4417 2828 4471 ista
2860 4417 3079 4485 perinde
3108 4426 3165 4471 ut
3193 4419 3383 4484 cuique
3412 4416 3534 4469 data

1965 4499 2109 4555 sunt,
2138 4504 2235 4558 pro
2259 4498 2368 4543 rata
2397 4496 2545 4557 parte
2568 4488 2671 4541 vita
2697 4489 2851 4557 longa
2875 4497 2966 4542 aut
2992 4489 3168 4542 brevis
3190 4489 3456 4541 dicuntur.

2036 4584 2093 4638 Si
2124 4580 2479 4650 exspectando
2522 4589 2576 4636 et
2601 4580 2953 4635 desiderando
2984 4579 3277 4650 pendemus
3334 4578 3526 4631 animis

1964 4662 2022 4711 et
2047 4653 2347 4709 cruciamur
2365 4662 2419 4705 et
2439 4652 2702 4721 angimur,
2733 4652 2865 4718 proh
2889 4651 2959 4705 dii
2988 4650 3340 4715 immortales,
3368 4663 3525 4718 quam

1965 4723 2269 4792 Optabiliter
2314 4722 2441 4777 illud
2497 4724 2600 4777 iter
2653 4722 2940 4777 ineundum
2993 4735 3114 4792 esse
3162 4721 3373 4792 debet,
3429 4732 3538 4792 quo

1966 4788 2210 4920 co:ifec?to
2255 4792 2398 4847 nulla
2454 4792 2655 4862 reliqua
2697 4806 2823 4847 cura
2855 4830 2871 4857 ,
2929 4791 3072 4846 nulla
3115 4790 3416 4845 sollicitudo
3454 4788 3541 4845 sit

1992 4881 2022 4919 u
2051 4880 2144 4919 ura

1992 4874 2144 4919 utura

2038 4955 2152 5010 Non
2194 4954 2564 5009 miserabiliter
2612 4953 2693 5007 vir
2719 4952 2894 5008 clarus
2939 4954 3215 5008 emoritur.
3264 4950 3373 5005 Nec
3397 4949 3540 5004 enim

1968 5040 2200 5095 unquam
2230 5036 2368 5079 bono
2389 5024 2672 5092 quidquam
2697 5025 2820 5095 mali
2844 5026 3060 5079 evenire
3080 5033 3273 5095 potest,
3300 5035 3398 5075 nec
3422 5021 3545 5073 vivo

1969 5094 2071 5151 nec
2098 5105 2326 5161 mortuo,
2371 5110 2467 5149 nec
2506 5109 2736 5162 unquam
2766 5094 2882 5163 ejus
2931 5108 3068 5149 resa
3113 5094 3215 5148 diis
3261 5096 3540 5163 immortaf

1968 5168 2105 5221 libus
2154 5159 2503 5233 negligentur.
2550 5159 2658 5219 Nos
2711 5159 2888 5221 autem
2943 5174 3239 5230 teneamus,
3294 5172 3350 5215 ut
3406 5159 3538 5214 nihil

1969 5250 2285 5292 censeamus
2327 5248 2446 5290 esse
2476 5236 2693 5297 malum.
2752 5236 2891 5303 quod
2922 5236 2991 5290 sit
3038 5250 3068 5288 a
3118 5246 3302 5288 natura
3347 5234 3532 5285 datum

1968 5309 2214 5361 omnibus
2264 5306 2726 5375 intelligamusque
2768 5306 2813 5361 si
2859 5320 3007 5360 mors
3054 5305 3250 5358 malum
3298 5304 3387 5369 sit,
3417 5314 3538 5375 esse

1970 5380 2169 5433 malum
2199 5372 2602 5444 sempiternum.
2640 5372 2784 5429 Nam
2828 5377 2954 5431 vitae
2983 5376 3189 5429 misera:
3217 5386 3362 5444 more
3417 5372 3539 5425 linis

1969 5464 2089 5506 esse
2118 5442 2347 5503 videtur.
2378 5445 2521 5501 Mors
2569 5446 2615 5500 si
2646 5456 2729 5502 est
2758 5446 2976 5513 misera,
3031 5444 3149 5501 finis
3191 5442 3371 5498 nullus
3413 5455 3535 5497 esse

2006 5528 2165 5574 otest.

1971 5535 2358 5658 pogzanquam
2384 5600 2575 5643 sensus
2603 5586 2819 5653 abierit,
2869 5595 3055 5658 tamen
3073 5584 3297 5639 summis
3327 5592 3381 5637 et
3402 5596 3536 5658 pro-

1972 5654 2102 5730 priis
2131 5654 2283 5714 bonis
2327 5658 2497 5730 laudis
2527 5667 2581 5712 et
2603 5659 2806 5728 gloriae,
2850 5656 3091 5727 quamvis
3132 5670 3240 5711 non
3277 5654 3540 5719 sentiant,

1972 5729 2166 5791 mortui
2193 5743 2300 5787 non
2327 5729 2605 5785 carebunt.
2740 5752 2765 5788 .-

3234 5834 3300 5847 "ut
3339 5836 3349 5845 δ
