4060 6368
553 319 696 381 1085

1084 323 1285 383 ΒΕῡΕ
1326 325 1773 384 VENERABILIS
1810 327 1959 385 OPP.
2000 325 2176 386 PARS
2212 320 2254 385 Ι.
2287 327 2475 387 SECT.
2518 326 2582 386 Il.
2605 356 2677 372 —
2712 318 2917 388 DUBIA
2954 326 3042 386 ET
3081 326 3355 387 SPURIA.

3656 325 3793 389 {08i

620 437 895 495 Nouenitn
936 446 1042 494 tam
1063 440 1321 513 cumulus
1373 440 1634 498 bonorum
1674 439 1946 511 iucundus
2001 457 2122 501 esse
2150 439 2329 506 Aviri
2357 441 2606 498 volumus
2653 455 2795 511 esse,
2827 440 3080 513 quoniam
3133 456 3163 495 a
3192 442 3328 499 viris
3374 441 3541 500 virtus
3601 459 3797 504 nomen

547 518 939 583 potest,quam
972 511 1192 567 milesia
1228 512 1515 583 discessio.

620 582 883 654 Homines
898 589 1125 654 mortem
1156 582 1238 637 vel
1267 584 1755 654 optareincipiant,
1811 584 1899 639 vei
1930 583 2121 642 timere

548 652 828 709 desistant.
842 651 974 707 Nam
994 653 1040 709 si
1056 668 1296 708 summus
1311 653 1400 709 ille
1419 653 1535 709 dies
1555 651 1659 711 non
1678 654 2119 720 exstinctionem,

546 723 643 780 sed
672 724 1146 797 commutationem
1177 722 1333 781 aﬁert
1358 723 1485 797 ioci,
1509 726 1638 797 quid
1665 726 1952 794 optabilius
1981 726 2004 780 ?
2035 727 2122 781 sin

543 803 722 851 autem
747 794 957 865 perimit
975 804 1029 849 et
1058 795 1201 852 delet
1227 795 1467 860 omnino,
1490 794 1615 864 quid
1645 797 1841 852 melius
1869 811 2031 865 quam
2060 798 2116 852 in

544 865 734 923 m‘ediis
769 865 893 922 vita
942 865 1213 925 laboribus
1239 865 1662 934 obdormiscere,
1712 876 1769 923 et
1809 868 1879 921 ita
1911 881 2123 923 conve-

542 936 724 995 niente
764 949 974 992 sommo
1022 938 1292 1007 consopiri
1316 939 1686 1007 sempiterno.
1729 938 1881 1004 Quod
1930 939 1977 995 si
2005 938 2118 1006 fiat,

542 1007 732 1063 melior
756 1014 841 1063 est
871 1007 1029 1065 Ennii
1049 1018 1212 1078 quam
1239 1006 1676 1067 Solonis’oratio.
1706 1009 1804 1066 ilic
1830 1010 1974 1066 enim
2004 1021 2109 1065 no-

907 1169 1132 1234 lacryuiis
1147 1170 1351 1222 decoret
1362 1170 1565 1237 (inquit)
1576 1184 1671 1225 uec
1692 1171 1863 1225 itinera
1882 1174 2030 1237 netu,

612 1330 681 1391 At
724 1348 853 1390 vero
879 1334 966 1392 ille
1011 1336 1227 1421 sapiens
1262 1354 1274 1390 :

632 1428 763 1493 gora
783 1436 893 1479 mea
914 1441 979 1479 ne
1000 1436 1166 1493 careat
1181 1430 1426 1493 lacrymis,
1451 1428 1723 1493 linquamus
1741 1431 1910 1481 amicis

632 1489 914 1553 lmrorem,
939 1500 991 1542 ut
1008 1492 1269 1542 celebrent
1284 1489 1468 1542 funera
1493 1489 1602 1541 cum
1628 1492 1836 1554 gemitu.

608 1574 714 1630 Nos
737 1589 866 1632 vero
882 1576 929 1630 si
950 1576 1074 1646 quid
1089 1576 1195 1632 tale
1207 1576 1487 1642 acciderit,
1503 1587 1559 1631 ut
1576 1591 1607 1631 a
1628 1576 1734 1632 Deo
1750 1576 2114 1632 denuntiatum

539 1645 802 1710 videatur,
840 1654 900 1701 ut
924 1645 1230 1703 eseamuse
1257 1646 1366 1702 vita
1393 1648 1521 1712 lzeti,
1562 1656 1618 1702 et
1643 1657 1863 1715 agentes
1912 1648 2114 1715 gratias

537 1729 847 1788 pareamus,
879 1719 1156 1788 emittique
1173 1732 1273 1773 nos
1302 1733 1334 1772 e
1359 1717 1600 1774 custodia
1622 1726 1680 1773 et
1698 1716 1862 1773 levari
1886 1720 2115 1778 vinculis

535 1786 875 1869 arbitremur,
898 1797 956 1869 u_t
974 1786 1081 1842 aut
1113 1788 1167 1843 in
1208 1799 1461 1869 aeternam
1487 1800 1544 1869 et
1597 1789 1756 1856 plane
1784 1788 2105 1869 in_nos_tram
2138 1807 2186 1869 Β

2224 524 2305 568 est
2338 522 2593 568 mutilata.

2294 581 2436 639 Nihil
2460 583 2620 640 habet
2659 590 2843 638 natura
2875 585 3253 655 prmstantius,
3288 583 3595 655 nihiliquod
3630 588 3797 655 magis

2223 663 2457 728 expetat,
2487 670 2643 725 quam
2670 652 3032 728 honestatem,
3062 670 3220 727 quam
3244 652 3481 724 laudem,
3527 673 3689 728 qnam
3719 652 3797 716 di-

2225 724 2519 795 gnitatem,
2537 740 2697 795 quam
2724 724 2907 795 decus.

2293 794 2403 851 Nos
2432 793 2593 868 sipes
2617 793 2910 863 condoluit,
2936 795 2981 851 si
3002 793 3161 868 dens,
3191 796 3288 852 sed
3313 797 3394 854 fac
3422 804 3594 853 totum
3618 798 3800 859 dolere

2223 880 2441 940 cerpus,
2477 866 2769 940 ferreinou
2823 866 3372 940 poss_um_us.'0pinio
3421 878 3503 924 est
3554 873 3798 940 quaedam

2221 936 2526 1011 eii'eminata
2552 952 2615 993 ac
2627 937 2793 1011 _l_evis,
2819 952 2918 1011 nec
2938 938 2991 994 in
3017 937 3207 1011 dolore
3229 936 3397 1011 magis
3422 936 3585 1011 quani
3609 945 3800 1000 eadem

2221 1006 2278 1083 i_n
2307 1008 2595 1083 voluptate.
2625 1008 2743 1083 Hoc
2766 1009 2910 1083 enim
2937 1009 3170 1066 maxime
3199 1006 3465 1083 indolore
3493 1021 3578 1066 est
3608 1015 3795 1083 provi-

2220 1077 2475 1153 dentium,
2523 1094 2593 1136 ne
2619 1080 2748 1153 quid
2788 1079 3019 1153 abiecte,
3050 1097 3117 1137 ne
3147 1077 3284 1153 quid
3317 1081 3530 1153 timide,
3572 1077 3641 1136 ne
3673 1085 3799 1153 quid

2222 1148 2432 1221 ignave,
2462 1166 2528 1205 ne
2553 1150 2679 1220 quid
2722 1149 2999 1206 serviliter
3040 1148 3479 1221 muliebriterque
3507 1148 3798 1211 faciamus.

2221 1218 2585 1296 ingemiscere
2600 1236 2984 1296 nonnunquam
3017 1223 3134 1296 viro
3159 1218 3477 1296 conoessum
3505 1233 3611 1289 est,
3640 1227 3798 1296 idque

2219 1303 2366 1363 raro,
2390 1290 2621 1361 eiulatus
2650 1308 2720 1363 ne
2752 1291 2960 1363 mulieri
2984 1293 3223 1363 quidem.
3252 1292 3362 1349 Nec
3388 1309 3515 1348 vero
3560 1290 3795 1363 unquam

2220 1358 2522 1435 ingemiscit
2544 1363 2624 1435 vir
2653 1362 2805 1435 fortis
2833 1377 2897 1417 ac
2938 1358 3179 1435 sapiens,
3212 1364 3315 1435 nisi
3347 1363 3485 1418 forte
3514 1373 3573 1419 ut
3615 1358 3795 1421 inten-

2220 1428 2310 1484 dat
2337 1445 2396 1488 se
2441 1433 2505 1486 ad
2557 1433 2887 1498 ﬁrmitatem,
2937 1428 3075 1489 ut'in
3105 1428 3282 1490 stadio
3310 1448 3561 1489 cursores
3603 1437 3796 1491 excla-

2219 1512 2368 1557 mant
2410 1518 2571 1571 quam
2618 1505 2867 1574 maxime,
2901 1512 3144 1574 possunt.
3196 1502 3421 1559 Faciunt
3474 1505 3616 1560 idem
3665 1522 3787 1563 cum

2219 1584 2537 1645 exercemur
2573 1574 2810 1630 athleL'e.
2843 1572 3056 1645 Pugiles
3086 1589 3215 1645 vero
3253 1576 3414 1629 etiam
3446 1591 3568 1630 cum
3592 1577 3800 1635 feriunt

2218 1642 2582 1717 adversarium
2613 1645 2691 1717 in
2732 1642 2998 1717 iactandis
3050 1642 3299 1701 caestibus
3326 1686 3342 1717 ,
3403 1646 3791 1717 ingemiscant,

2219 1716 2497 1786 non‘quod
2537 1715 2753 1771 doleant
2777 1714 2958 1770 animo
2998 1729 3066 1770 ne
3103 1714 3481 1783 succumbant,
3522 1716 3619 1771 scd
3665 1714 3792 1786 quia

2220 1784 2582 1859 profundenda
2612 1802 2740 1844 voce
2767 1801 2927 1859 emite
2954 1800 3146 1855 corpus
3192 1786 3506 1859 intenditur,
3541 1784 3799 1859 venitque

535 1855 749 1912 domum
802 1860 1173 1929 remigremus,
1217 1868 1310 1914 aut
1359 1860 1504 1914 omni
1542 1855 1702 1914 sensu
1756 1860 2107 1929 moleStiaque
2140 1855 2185 1869 “’
2213 1855 2373 1929 plagae
2409 1858 2794 1929 vehementior.
2844 1858 2975 1912 Cum
3028 1865 3225 1929 autem
3265 1856 3422 1929 nihil
3449 1855 3805 1929 imminuatur

534 1940 832 1984 careamus.
860 1923 967 1985 Sin
994 1923 1173 1985 autem
1202 1929 1332 1984 nihil
1360 1930 1787 1993 denuntiabitur,
1836 1944 1904 1985 eo
1932 1923 2106 1986 tanien
2206 1923 2430 1998 doloris.
2459 1942 2556 1983 cur
2575 1928 2769 1998 frustra
2793 1937 2973 1998 turpes
2998 1941 3119 1985 esse
3145 1924 3430 1983 volumus?
3460 1924 3596 1996 Quid
3628 1932 3797 1986 etiam

532 1999 700 2071 s_imus
728 2002 941 2071 animo,
966 2010 1028 2055 ut
1056 2002 1206 2057 illum
1238 2001 1544 2057 horribilem
1585 2000 1731 2056 diem
1778 1992 1905 2055 aliis
1952 2003 2108 2056 nobis
2206 1997 2448 2071 eStAlletn
2478 1992 3143 2071 muliebriviro'turpius?

534 2066 766 2142 faustum
800 2066 1066 2142 putemus,
1101 2073 1338 2142 nihilque
1366 2072 1418 2127 in
1447 2071 1603 2126 malis
1632 2071 1911 2136 ducamus,
1963 2072 2105 2142 quod

534 2140 606 2194 sit
631 2141 713 2197 vel
764 2140 811 2196 a'
846 2141 949 2197 diis
982 2140 1393 2212 immortalibus
1447 2145 1533 2198 vel
1562 2158 1590 2196 a
1643 2151 1834 2197 natura
1886 2140 2109 2212 parente

534 2212 771 2266 omnium
820 2211 1189 2269 constitutum.
1242 2212 1359 2267 Non
1407 2214 1554 2268 enim
1605 2222 1807 2268 temere
1858 2211 1957 2268 nec
1999 2214 2111 2269 for-

534 2278 667 2336 tuito
696 2282 816 2336 facti
847 2293 901 2337 et
926 2284 1088 2337 creati
1116 2297 1321 2338 sumus.
1358 2284 1577 2338 Portum
1607 2283 1787 2351 itaque
1830 2284 1985 2338 nobis
2014 2299 2109 2353 pa-

537 2361 711 2423 ratum
749 2362 805 2408 et
824 2422 829 2423 ί
846 2354 1144 2422 profugiam
1177 2363 1444 2419 putemus,
1475 2366 1584 2422 quo
1609 2355 1811 2408 utinam
1834 2354 1966 2410 velis
1991 2370 2109 2423 pas-

532 2421 608 2496 sis
653 2422 873 2492 pervehi
904 2421 1090 2496 liceat.‘
1138 2423 1197 2479 Si
1234 2424 1378 2496 enim
1420 2421 1730 2496 reflantibus
1771 2426 1944 2479 ventis
1985 2421 2111 2496 reii-

534 2493 758 2559 ciemur,
788 2504 965 2549 tamen
994 2492 1183 2551 eodem
1204 2493 1574 2564 paulotardius
1596 2493 1893 2549 referamur
1918 2492 2109 2552 neces-

532 2576 595 2616 se
619 2570 722 2619 est.
743 2565 895 2632 Quod
916 2576 1093 2621 autem
1120 2564 1368 2621 omnibus
1390 2578 1613 2623 necesse
1630 2575 1737 2635 est,
1760 2566 1814 2622 id
1844 2580 1913 2622 ne
1941 2571 2108 2624 mise-

533 2646 651 2689 rum
682 2635 772 2691 uni
794 2648 916 2692 esse
944 2645 1138 2706 potest.

601 2708 835 2777 Agamus
863 2716 926 2762 ea
953 2706 1314 2776 potissimum,
1360 2721 1503 2778 quae,
1528 2707 1850 2765 levationem
1877 2708 2113 2767 habeant

532 2778 925 2851 tegritudinum,
956 2779 1319 2851 formidinum,
1352 2777 1725 2851 cupiditatum,
1755 2782 1844 2851 qui
1873 2781 1929 2837 in
1956 2782 2103 2837 omni

533 2848 867 2919 philosophia
888 2857 973 2905 est
999 2850 1203 2906 fructus
1225 2849 1548 2906 uberrimus.

529 3000 615 3059 Ea:
641 3002 769 3061 libro
797 3003 1016 3091 secundo
1045 3001 1453 3133 Tusctélhnaru‘m
1480 3005 1815 3077 quaestionum
1845 3005 1923 3063 Η.
1959 3007 2103 3064 Tull.

1223 3092 1393 3133 iceron
1416 3093 1461 3132 s.

1223 3092 1461 3133 tcemms.

601 3207 829 3283 Difﬁcile
857 3220 940 3267 est
985 3212 1127 3283 enim
1176 3210 1231 3266 in
1280 3209 1623 3283 philosophia
1672 3220 2010 3283 paucaesse
2055 3212 2108 3269 ei

530 3288 676 3346 nota,
732 3278 952 3337 cuinon
982 3280 1089 3336 sint
1127 3293 1223 3337 aut
1280 3278 1535 3352 pleraque
1582 3278 1686 3336 aut
1724 3281 1925 3337 omnia.
1975 3283 2106 3338 Nam

528 3366 631 3409 nec
679 3366 844 3422 pauca
898 3350 998 3423 nisi
1055 3360 1087 3408 e
1133 3350 1317 3423 multis
1367 3350 1491 3423 eligi
1548 3361 1792 3423 possunt,
1853 3365 1959 3410 nec
2016 3354 2110 3422 qui

532 3436 698 3492 pauca
729 3422 986 3495 percepit,
1013 3436 1117 3479 non
1141 3422 1283 3481 idem
1314 3422 1517 3494 reliqua
1546 3422 1734 3480 eodem
1764 3423 1942 3480 studio
1970 3439 2105 3495 per-

526 3503 796 3549 sequetur.

601 3559 730 3618 Nam
760 3559 851 3635 qui
893 3560 946 3620 id
975 3562 1116 3633 quod
1146 3565 1302 3621 ‘vltari
1331 3578 1438 3620 non
1483 3568 1660 3636 potest
1705 3564 1918 3632 metuit,
1950 3564 1997 3621 is
2026 3564 2110 3621 vi-

534 3647 659 3716 vere
684 3632 863 3716 animo
905 3636 1087 3706 quieto
1118 3637 1265 3691 nullo
1301 3636 1461 3716 modo
1501 3636 1850 3716 potest.__Sed
1877 3638 1965 3716 qui
1998 3648 2107 3716 non

532 3702 693 3760 modo
716 3706 839 3775 quia
871 3702 1093 3762 necesse
1119 3716 1200 3762 est
1229 3707 1392 3774 mori,
1421 3702 1610 3761 verum
1664 3704 1826 3762 etiam
1871 3702 1995 3772 quia
2025 3710 2107 3762 ni-

534 3775 610 3831 hil
640 3776 802 3832 habet
831 3793 976 3834 mors
1014 3777 1157 3840 quod
1203 3779 1273 3832 sit
1325 3775 1676 3840 horrendum,
1723 3787 1949 3833 mortem
1997 3780 2103 3834 noti

534 3791 610 3831 nu
640 3791 802 3832 habet
831 3793 976 3834 mors
1053 3791 1157 3832 uou
1203 3791 1273 3832 sit
1325 3791 1676 3840 norrenuum,
1723 3791 1949 3833 mortem
1997 3791 2103 3834 nou

532 3846 997 3969 itincliarmagnum
1014 3791 1078 3904 (is
1108 3846 1208 3904 Silii
1240 3846 1549 3919 pmsidium
1597 3846 1665 3902 ad
1696 3848 1907 3904 beatam
1938 3848 2104 3905 vitam

529 3928 712 3975 (30mm
722 3928 823 3974 rat.

600 3980 829 4061 Eli'ectus
856 3984 1176 4061 eloquentiae
1199 3994 1282 4061 est
1306 3987 1636 4061 audientium
1665 3987 2004 4061 approbatio.

603 4058 781 4116 Efficit
803 4062 904 4117 hoc
930 4056 1289 4132 philosophia,
1333 4056 1560 4131 scilicet,
1595 4056 1839 4132 medetur
1867 4061 2103 4132 animus.

531 4130 731 4204 inanes
747 4130 1133 4204 sollicitudines
1148 4130 1419 4196 detrahit,
1464 4130 1841 4204 cupiditaiibus
1888 4131 2103 4204 liberat,

533 4202 678 4273 pellit
700 4203 939 4274 timores,
974 4202 1139 4274 fortes
1164 4205 1305 4259 enim
1349 4212 1461 4274 non
1511 4200 1667 4274 modo
1698 4200 1912 4274 fortuna
1942 4200 2109 4274 adjoi-

532 4270 640 4342 vat,
677 4285 731 4329 ut
759 4284 841 4331 est
871 4270 925 4329 in
955 4272 1122 4330 veteri
1156 4270 1461 4344 proverbio,
1491 4271 1585 4329 sed
1616 4273 1786 4329 multo
1815 4273 1984 4344 magis
2015 4270 2099 4344 ia.

529 4338 779 4471 iioi'nqtiiae
804 4344 1136 4429 .quibusdam
1157 4338 1329 4417 'quasi
1361 4338 1640 4416 prmceptis
1672 4338 1959 4401 confirmat
1996 4338 2107 4399 vim

549 4431 608 4470 or
635 4432 708 4471 ιιι
749 4432 868 4471 mis.

549 4416 868 4473 orlitudinis.

600 4486 731 4541 Nam
759 4496 817 4542 ut
835 4502 962 4559 ager
981 4486 1226 4555 quamvis
1254 4484 1456 4559 fertilis
1475 4486 1593 4541 sine
1619 4487 1827 4541 cultura
1854 4485 2098 4559 frucguo-

2280 2066 2436 2137 Saepe
2462 2068 2605 2125 enim
2637 2069 2790 2124 multi
2830 2069 3039 2143 quiaut
3066 2076 3285 2139 propter
3311 2068 3555 2143 victoria:
3588 2072 3805 2143 cupidi-

2209 2145 2397 2206 tatem,
2437 2148 2539 2213 aut
2554 2148 2776 2213 propter
2799 2139 2990 2210 gloria
3014 2148 3392 2213 amorem,ﬁaut
3426 2140 3585 2196 etiam
3617 2139 3678 2197 ut
3702 2146 3799 2213 jus

2209 2222 2366 2283 suum
2418 2218 2473 2267 et
2528 2210 2828 2267 libertatem
2874 2219 3169 2283 tenerent,
3200 2212 3421 2265 vulnera
3468 2210 3809 2283 exceperunt

2211 2278 2443 2348 fortiter,
2470 2291 2526 2336 et
2554 2283 2822 2346 tulerunt;
2868 2281 3034 2337 iidem
3065 2282 3266 2337 omissa
3295 2278 3668 2349 contentione,
3701 2283 3807 2340 do-

2210 2348 2384 2406 lorem
2414 2353 2586 2408 morbi
2614 2352 2760 2408 ferre
2796 2366 2903 2409 non
2950 2364 3191 2420 possunt.
3237 2351 3421 2418 Neque
3448 2353 3593 2408 enim
3642 2348 3804 2414 illum

2209 2435 2368 2495 quem
2400 2422 2556 2478 facile
2587 2422 2838 2490 tulerant,
2862 2421 3078 2495 ratione
3103 2432 3196 2479 aut
3233 2421 3494 2495 sapientia
3538 2426 3801 2495 tulerant,

2208 2493 2508 2566 setistudio
2536 2495 2711 2566 potius
2735 2501 2795 2566 et
2819 2492 3009 2566 gloria.
3037 2493 3095 2550 Si
3122 2496 3298 2550 omnia
3340 2492 3591 2566 fugienda
3619 2492 3800 2566 turpi;

2213 2563 2412 2621 tudinis
2443 2563 2905 2637 adipiscendaeque
2953 2564 3248 2637 honestatis
3278 2577 3454 2637 causa
3487 2563 3800 2637 faciamus,

2212 2649 2319 2690 non
2351 2636 2512 2691 modo
2539 2637 2787 2692 stimulos
2812 2635 3038 2705 doloris,
3082 2637 3181 2693 sed
3216 2634 3380 2694 etiam
3426 2635 3654 2694 fulmina
3685 2634 3803 2695 for;

2212 2714 2355 2763 tune
2381 2714 2807 2763 contemnamus.

2213 2818 2298 2879 Ea:
2325 2822 2454 2880 libro
2484 2823 2631 2879 tertio
2678 2816 3091 2950 Tusculleutzrum.
3130 2820 3465 2893 questionunt
3514 2818 3595 2879 ll.
3645 2820 3803 2884 Tull.

2902 2910 2947 2948 rc
2978 2910 3136 2949 roma.

2902 2910 3136 2949 1681⁵01118.

2283 2990 2422 3047 Sunt
2446 2988 2589 3045 enim
2621 2986 2848 3058 ingeniis
2892 2986 3092 3044 nostris
3138 2986 3344 3045 semina
3392 2986 3577 3046 innata
3620 2992 3807 3049 virtu-

2213 3068 2348 3129 tum,
2393 3074 2515 3130 qute
2550 3059 2596 3114 si
2627 3057 2936 3130 adolescere
2962 3059 3170 3130 liceret,
3200 3057 3315 3127 ipsa
3356 3073 3456 3116 nos
3483 3060 3553 3117 ad
3581 3061 3807 3121 beatam

2216 3126 2379 3187 vitam
2410 3126 2610 3187 ‘natura
2660 3128 2998 3204 perduceret.
3048 3126 3202 3186 Nunc
3224 3126 3406 3204 autem
3445 3132 3608 3204 simul
3636 3144 3807 3204 atque

2215 3204 2348 3261 editi
2378 3204 2431 3258 in
2467 3205 2641 3257 lucem
2680 3210 2736 3256 et
2759 3202 2991 3270 suscepti
3020 3214 3229 3266 sumus,
3262 3200 3316 3257 in
3358 3203 3507 3259 omni
3537 3200 3808 3263 continuo

2216 3276 2503 3344 pravitate,
2531 3281 2586 3327 et
2621 3272 2675 3327 in
2706 3286 2916 3344 summa
2940 3270 3255 3344 opinionum
3282 3274 3642 3343 perversitate
3672 3290 3807 3335 ver-

2210 3342 2410 3407 samur,
2454 3355 2508 3399 ut
2538 3358 2675 3413 pene
2703 3357 2825 3399 cum
2857 3343 2994 3398 lacte
3022 3342 3245 3398 nutricis
3285 3342 3525 3403 errorem
3572 3347 3803 3406 suxisse

2212 3415 2521 3479 videamur;
2542 3412 2673 3469 cum
2701 3428 2829 3470 vero
2870 3414 3180 3483 parentibus
3208 3412 3423 3476 redditi,
3454 3416 3655 3471 deinde
3685 3435 3805 3475 ma-

2207 3486 2387 3555 gistris
2415 3484 2595 3543 traditi
2624 3492 2979 3555 sumus,_tum
3016 3483 3092 3551 ita
3130 3483 3610 3555 variisimhuimur
3640 3501 3777 3546 erro

2208 3553 2378 3622 ribus,
2410 3566 2470 3610 ut
2500 3556 2721 3611 vanitati
2751 3553 2947 3621 veritas
3004 3563 3058 3610 et
3080 3553 3318 3626 opinioni
3340 3557 3675 3614 confirmata:
3704 3575 3801 3616 na.

2212 3634 2327 3682 tura
2357 3628 2472 3696 ipsa
2500 3626 2677 3683 cedat.

2279 3698 2504 3773 Animus
2541 3711 2703 3768 aeger,
2735 3705 2793 3773 ut
2819 3695 2894 3752 ait
2914 3695 3141 3763 Ennius,
3167 3710 3383 3767 semper
3403 3708 3798 3773 erraulneque

2207 3769 2331 3842 pati
2352 3783 2525 3837 neque
2549 3767 2759 3842 perpeti
2775 3776 2992 3842 potest;
3022 3781 3218 3842 cupere
3258 3784 3529 3842 nunquam
3560 3767 3795 3842 desinit,

2209 3837 2447 3907 profecto
2474 3837 2640 3918 a_nimi
2668 3838 2930 3918 medicina
2960 3844 3044 3897 est
3072 3837 3433 3918 philosOphia.
3462 3837 3583 3918 Non
3604 3837 3795 3899 autem

2206 3924 2395 3965 omnes
2419 3909 2507 3980 qui
2546 3923 2733 3963 curare
2761 3910 2902 3977 passi
2930 3919 3156 3975 sesunt,
3187 3909 3440 3965 continuo
3462 3912 3627 3966 etiam
3657 3928 3800 3969 con-

2208 3983 2511 4056 valescunt;
2559 3980 2725 4033 animi
2777 3988 2955 4034 autem
3004 3980 3093 4049 qui
3144 3995 3204 4056 se
3251 3983 3427 4056 sanari
3470 3983 3796 4056 voluerunt,

2207 4052 2596 4123 praeceptisque
2646 4058 2926 4123 parentum
2968 4052 3240 4123 perosi-int
3288 4052 3614 4119 sapientum,
3666 4052 3801 4112 sine

2208 4117 2314 4175 on.
2340 4117 2670 4194 dubitatione
2695 4117 3063 4194 sanantuﬂEt
3079 4120 3179 4176 nisi
3207 4117 3427 4194 sanatus
3450 4122 3520 4177 sit
3541 4117 3795 4194 animus,

2204 4193 2348 4260 quod
2372 4198 2490 4248 sine
2520 4189 2853 4262 pbilostipltia
2881 4190 2999 4246 ﬁeri
3023 4207 3130 4247 non
3160 4199 3361 4262 potest,
3383 4188 3503 4249 iiuis
3533 4188 3797 4252 miseria;

2207 4276 2325 4316 rum
2356 4265 2534 4320 nullus
2560 4272 2663 4319 est.

2277 4334 2462 4389 Munus
2492 4334 2655 4388 animi
2682 4342 2787 4397 est.
2802 4333 3009 4392 ratione
3029 4331 3166 4393 bene
3187 4332 3260 4388 uti
3281 4350 3298 4401 ;
3318 4334 3644 4403 etsapientis
3668 4338 3797 4394 ani-

2207 4418 2329 4460 mus
2355 4407 2424 4460 ita
2440 4419 2653 4475 semper
2681 4403 2902 4460 allectus
2920 4414 3025 4470 est,
3046 4413 3104 4459 ut
3124 4405 3330 4461 ratione
3352 4406 3558 4474 Optime
3580 4417 3793 4465 utatur.

2280 4476 2540 4533 Videntur
2563 4475 2703 4531 enim
2732 4478 2912 4531 orituia
2938 4476 3215 4543 repentina
3257 4476 3526 4545 graviora.

526 4539 619 4612 sus
648 4539 1231 4628 essetetiamsi
1270 4539 2084 4614 si..."asciam...tiai.;“cn.
2124 4539 2179 4601 1)
2251 4546 2671 4628 ,Ρτεωθόίιαιίο
2735 4539 3032 4628 futurorum
3095 4539 3379 4628 maior—um.
3406 4546 3550 4628 ,Ιωξίι
3594 4546 3799 4609 θύωσι

527 4635 644 4699 tura
673 4638 850 4684 autem
881 4631 1043 4684 animi
1068 4630 1407 4699 philosophia
1437 4639 1540 4695 est,
1571 4630 1687 4683 haec
1711 4629 1947 4683 extrahit
1968 4643 2095 4686 vera

528 4697 807 4765 radicitus,
838 4704 893 4755 et
934 4697 1198 4771 prteparat
1241 4702 1449 4755 animos
1481 4700 1546 4753 ad
1587 4708 1700 4753 sata
1730 4700 2094 4769 suscipienda,

527 4782 698 4839 eaque
725 4770 945 4824 mandat
965 4770 1070 4836 his,
1098 4778 1153 4825 et
1179 4780 1236 4825 ut
1261 4771 1335 4827 ita
1361 4773 1559 4838 dicam,
1589 4770 1742 4840 serit,
1767 4785 1888 4840 quae
1913 4772 2095 4828 adulta

530 4839 736 4895 fructus
760 4840 1060 4896 uberrimos
1092 4842 1284 4897 ferant.

602 4911 921 4967 Firmabdus
947 4919 1034 4967 est
1058 4915 1269 4969 animus
1299 4911 1364 4965 ad
1400 4910 1639 4967 dolorem
1673 4909 1979 4968 ferendum.

601 4983 731 5040 Sine
780 4983 1059 5053 prudentia
1103 4998 1174 5039 ne
1205 4981 1429 5053 intelligi
1474 4981 1690 5051 quidem
1746 4984 1854 5038 ulla
1905 4985 2096 5052 virtus,

526 5054 721 5110 nedum
749 5069 871 5109 esse
900 5063 1096 5123 potest.

525 5195 547 5251 ι
598 5122 975 5196 Temperantia
1019 5138 1124 5180 non
1156 5123 1295 5180 siuet
1345 5132 1397 5179 te
1424 5122 1713 5194 quidquam
1746 5122 2098 5182 immoderate

547 5210 719 5251 acere.

547 5210 719 5253 acere.

599 5268 940 5323 Consuetudo
961 5264 1104 5321 enim
1133 5264 1393 5329 laborum,
1421 5266 1825 5335 perpessionem
1849 5263 2095 5321 dolorum

525 5336 686 5395 elficit
713 5340 1030 5395 faciliorem.
1056 5336 1190 5392 Nam
1241 5335 1382 5392 ferre
1433 5340 1696 5401 laborem.
1747 5345 2096 5394 contemnere

530 5411 720 5467 vulnus
762 5409 1094 5465 consuetudo
1121 5408 1301 5463 docet.
1347 5406 1764 5463 Consuetudinis
1792 5407 1935 5464 enim
1977 5423 2096 5462 ma-

528 5495 630 5550 gna
656 5482 735 5535 vis
756 5490 859 5536 est.
890 5482 987 5548 Qui
1015 5478 1153 5534 bene
1182 5477 1408 5550 instituti
1431 5488 1579 5546 sunt,
1615 5477 1858 5546 accipere
1886 5477 2094 5547 plagam

529 5548 735 5607 malunt
770 5566 931 5621 quam
964 5550 1191 5620 turpiter
1226 5548 1417 5606 vitare.

600 5617 881 5691 Appellata
908 5632 990 5676 est
1015 5617 1191 5676 a'viro
1225 5622 1431 5687 virtus;
1464 5619 1563 5675 viri
1589 5629 1768 5675 autem
1819 5617 2091 5689 proprium

529 5696 759 5749 maxime
803 5703 887 5748 est
918 5692 1189 5758 fortitudo,
1237 5691 1392 5761 cujus
1440 5704 1662 5746 munera
1704 5698 1828 5745 sunt
1858 5691 2092 5746 maxima

528 5766 653 5828 duo,
694 5763 919 5830 scilicet,
966 5763 1155 5819 mortis
1193 5763 1499 5833 dolorisque
1539 5763 1889 5833 contemptio.
1928 5761 2094 5833 Utcnf

530 5838 653 5892 dum
681 5843 767 5892 est
794 5834 952 5906 igitur
978 5833 1046 5890 iis
1083 5834 1127 5892 si
1160 5832 1372 5891 virtutis
1398 5831 1701 5904 compotes,
1726 5832 1811 5888 vel
1839 5834 2015 5902 potius
2043 5831 2092 5889 si

2202 4616 2513 4684 adventum,
2540 4633 2660 4687 qum
2690 4618 2958 4672 venientia
2994 4617 3151 4686 longe
3175 4626 3301 4672 ante
3332 4618 3554 4674 videris.

2272 4690 2642 4759 Anaxagoram
2669 4688 2845 4743 ferunt
2875 4688 3115 4759 nuntiata
3160 4699 3334 4753 morte
3383 4688 3477 4743 lilii
3523 4689 3739 4749 dixisse
3772 4712 3795 4759 ς

2200 4760 2447 4818 Sciebam
2474 4758 2580 4815 me
2606 4759 2854 4828 genuisse
2900 4758 3203 4815 mortalem.
3237 4758 3368 4826 Quae
3392 4774 3494 4813 vox
3536 4758 3797 4820 declarat

2200 4833 2268 4887 iis
2294 4846 2417 4888 esse
2441 4832 2557 4886 haec
2584 4830 2798 4893 acerba,
2827 4843 2856 4881 a
2885 4829 3077 4897 quibus
3103 4843 3209 4884 non
3241 4833 3451 4885 fuerant
3486 4843 3761 4898 cegitata.

2273 4905 2413 4973 Ergo
2442 4904 2493 4957 id
2539 4901 2752 4974 quidem
2792 4914 2906 4974 non
2941 4898 3187 4974 dubium,
3250 4905 3376 4974 quin
3421 4903 3601 4974 ultricia
3658 4919 3800 4974 quae

2201 4970 2624 5043 mala'putentur
2650 4972 2767 5043 sint
2789 4970 3077 5039 improvisa
3116 4970 3386 5043 graviora.
3416 4970 3640 5043 Multum
3676 4970 3796 5029 ita-

2200 5060 2303 5114 que
2326 5052 2546 5112 possunt
2572 5042 2809 5114 previsio
2835 5043 2999 5114 animi
3021 5047 3077 5096 et
3099 5042 3418 5114 prmparatio
3439 5042 3502 5096 ad
3525 5045 3797 5101 minuens-

2199 5111 2328 5169 dum
2359 5116 2618 5169 dolorem.
2650 5112 2794 5167 Nihil
2840 5112 2983 5166 enim
3022 5122 3104 5165 est
3154 5111 3297 5181 quod
3356 5121 3462 5167 tam
3510 5114 3801 5171 obtundat

2198 5186 2479 5254 elevetque
2499 5182 2892 5252 aegritudinem,
2922 5192 3365 5254 quamiperpetua
3406 5185 3458 5241 in
3488 5188 3632 5239 omni
3670 5190 3797 5245 vita

2200 5252 2471 5327 cogitatio,
2498 5255 2628 5309 nihil
2648 5268 2778 5327 esse
2798 5254 2948 5327 quod
2987 5252 3232 5309 accidere
3254 5270 3359 5309 non
3387 5255 3574 5327 possit,
3605 5268 3799 5323 quam

2198 5325 2476 5381 meditatio
2520 5325 2840 5381 conditionis
2871 5325 3138 5387 humanae,
3172 5338 3332 5393 quam
3366 5326 3484 5379 vitte
3507 5325 3592 5379 lex
3615 5341 3797 5381 com-

2198 5397 2562 5466 mentatioque
2593 5394 2839 5463 parendi,
2867 5409 2987 5463 quae
3008 5396 3244 5466 uondboc
3272 5394 3446 5461 all'ert,
3472 5405 3529 5450 ut
3558 5411 3800 5465 suum

2198 5463 2541 5533 mereamur,
2569 5468 2664 5520 sed
2695 5476 2751 5520 ut
2780 5479 3075 5533 nunquam.
3105 5463 3288 5535 Neque
3315 5467 3458 5521 enim
3480 5463 3798 5535 quires-iam

2200 5550 2464 5608 naturam,
2520 5530 2607 5605 qui
2642 5537 2763 5589 vitm
2817 5530 3153 5599 varietatem,
3200 5530 3293 5604 qui
3351 5530 3798 5608 imbecillitatem

2196 5608 2671 5682 generisdhumani
2714 5608 2936 5675 cogitat,
2986 5618 3179 5682 iuuaret
3208 5622 3331 5682 cum
3386 5607 3500 5662 haec
3548 5611 3793 5682 cogitat,

2196 5676 2289 5737 sed
2317 5680 2524 5735 facilius
2571 5679 2692 5740 fert,
2735 5690 2859 5730 cum
2890 5677 3086 5731 accidit
3128 5678 3272 5748 quod
3319 5695 3477 5748 posse
3522 5676 3800 5739 accidere

2195 5753 2284 5807 diu
2310 5753 2664 5821 cogitaverit:
2714 5762 2831 5816 quae
2874 5748 3127 5821 cogitatio
3176 5763 3281 5806 uua
3325 5750 3561 5806 maxime
3606 5753 3800 5810 mole-

2194 5828 2326 5882 stias
2352 5819 2539 5880 omnes
2565 5828 2815 5878 extenuat
2843 5830 2899 5876 et
2925 5819 3099 5874 diluit.
