4060 6368
326 348 466 415 1085

982 344 1394 413 SENTENTIA?!
1433 336 1948 414 PHILOSOPHICE
1988 356 2082 413 EX
2118 344 2455 414 CICERONE
2492 352 2887 415 COLLECTAB.

3445 359 3583 420 1036

395 473 530 543 Quid
561 481 644 530 est
666 482 759 529 aut
782 487 1007 544 nequius
1026 485 1118 530 aut
1144 474 1352 543 turpius
1368 469 1672 531 effeminato
1702 474 1848 531 viro?
1908 478 1960 538 Α
1986 475 2098 532 lute
2142 475 2326 531 beatos
2354 473 2540 539 efﬁcit,
2572 474 2819 544 idemque
2863 470 3160 529 concitatus
3186 484 3241 530 et
3271 473 3575 543 abstractus

398 547 638 603 llostium
693 546 1006 614 repentinus
1064 546 1326 601 adventus
1378 546 1548 615 magis
1594 545 1884 614 aliquando

323 620 633 683 conturbat,
657 632 814 684 quam
835 625 1192 684 exspectatus,
1220 625 1274 672 et
1296 618 1460 671 maris
1483 619 1658 672 subita
1686 627 1889 686 tempe-

321 701 456 756 stas,
482 702 639 757 quam
668 695 792 742 ante
821 688 1046 755 praevisa
1074 697 1238 744 terret
1266 688 1573 755 navigantes
1599 689 1885 747 vehemen-

324 762 448 827 tius,
482 769 535 814 et
562 758 825 825 ejusmodi
855 767 980 812 sunt
1016 758 1289 827 pleraque.
1316 759 1418 814 Sed
1456 774 1575 813 cum
1605 760 1887 828 diligenter

322 845 424 886 nec
452 830 789 901 opinatorem
830 838 1072 884 naturam
1099 830 1428 901 consideres,
1458 829 1585 885 nihil
1606 830 1768 901 aliud
1799 844 1885 885 re-

322 898 624 971 peries—nisi
655 898 867 971 quidem
898 901 1076 954 omnia
1112 901 1288 971 subita
1320 900 1487 955 videri
1513 898 1735 968 majora.

392 970 604 1028 Sensim
642 969 784 1024 enim
813 977 869 1025 et
904 970 1225 1038 pedetentim
1272 977 1327 1027 et
1365 970 1706 1040 progrediens
1732 982 1883 1029 exte-

320 1053 450 1098 nuat
493 1041 671 1112 dolor,
701 1054 825 1112 non
876 1055 984 1112 quo
1013 1041 1124 1112 ipsa
1173 1055 1260 1112 res
1299 1040 1563 1095 immutari
1593 1043 1763 1112 soleat
1789 1050 1883 1097 aut

322 1113 511 1183 possit.
543 1110 638 1167 sed
663 1110 715 1165 id
756 1110 899 1183 quod
925 1110 1064 1183 ratio
1104 1111 1382 1183 debuerat,
1426 1127 1556 1168 usus
1581 1111 1736 1167 docet
1782 1114 1884 1168 mi-

318 1181 449 1240 nora
478 1196 620 1250 esse,
649 1196 766 1249 quae
791 1181 899 1236 sint
919 1182 1028 1236 visa
1061 1182 1280 1250 majora.

390 1251 743 1310 Tolerabilius
794 1250 928 1308 feret
972 1251 1390 1319 incommodum,
1437 1251 1528 1322 qui
1572 1252 1884 1322 cognoverit

318 1338 541 1381 necesse
576 1336 696 1378 esse
723 1322 924 1379 homini
966 1323 1077 1377 tale
1102 1323 1228 1393 quid
1255 1324 1524 1379 accidere.

389 1397 465 1451 Ea
484 1393 633 1450 enim
661 1393 778 1463 lege
816 1393 926 1448 nati
951 1407 1158 1459 sumus,
1188 1400 1245 1448 ut
1268 1408 1430 1450 nemo
1471 1395 1523 1447 in
1567 1403 1880 1463 perpetuum

322 1480 444 1523 esse
473 1472 654 1534 posset
688 1462 879 1533 expers
914 1465 1061 1518 mali.
1103 1462 1239 1518 Nam
1283 1464 1524 1520 mortalis
1565 1462 1725 1519 nemo
1773 1471 1859 1521 est

313 1552 480 1608 quem
506 1548 611 1590 non
649 1534 863 1608 attingit
890 1534 1042 1591 dolor
1079 1536 1424 1608 morbosque.

386 1608 519 1663 Acta
549 1615 679 1661 aetas
701 1604 925 1661 honeste
954 1620 1016 1661 ac
1040 1605 1318 1675 splendide
1346 1613 1544 1660 tantam
1572 1604 1726 1660 alfert
1746 1619 1878 1661 con-

312 1678 637 1735 solationem
668 1686 726 1731 ut
761 1690 853 1732 eos
883 1676 974 1745 qui
1001 1677 1070 1732 ita
1116 1676 1370 1741 vixerint,
1401 1686 1493 1731 aut
1520 1690 1627 1731 non
1654 1676 1882 1745 attingat

312 1748 597 1819 aegritudo,
628 1755 720 1801 aut
754 1746 944 1802 leviter
983 1756 1182 1817 pungat
1218 1748 1385 1819 animi
1407 1747 1581 1802 dolor.

1988 547 2056 602 ab
2088 547 2294 615 integra
2325 554 2578 617 certaque
2602 545 2830 617 ratione,
2862 560 2965 599 non
2994 544 3350 603 constantiam
3391 548 3567 607 selum

1990 619 2212 682 amittit,
2244 633 2430 672 verum
2467 618 2625 672 etiam
2663 615 2971 674 sanitatem.

2062 688 2353 774 impunitas
2376 687 2868 774 peccatorumdata
2882 686 3089 774 videtur
3115 688 3195 774 eis
3223 689 3313 760 qui
3334 698 3387 774 et
3410 690 3567 774 ignof

1986 758 2206 815 miniam
2239 767 2293 813 et
2322 757 2594 813 infamiam
2627 759 2807 814 i‘et‘unt
2825 757 2944 814 sine
2969 757 3179 825 dolore,
3210 757 3457 819 morderi
3477 772 3565 821 est

1985 831 2179 886 melius
2226 828 2576 885 conscientia.

2057 901 2113 957 in
2129 899 2379 974 omnibus
2398 902 2507 955 iere
2528 902 2688 957 rebus
2708 899 3133 958 mediocritatem
3154 915 3275 959 esse
3293 902 3556 974 optimam

1982 971 2313 1029 existimant.

2055 1042 2239 1111 Neque
2256 1050 2350 1114 est
2391 1041 2536 1099 enim
2569 1042 2674 1097 ulla
2733 1036 3006 1110 fortitudo,
3058 1057 3178 1114 quae
3224 1041 3450 1102 rationis
3479 1053 3565 1109 est

1981 1129 2201 1182 expers.
2227 1113 2647 1185 Contemnendaa
2673 1123 2798 1185 sunt
2822 1113 3206 1185 humanteres,
3238 1115 3556 1185 negligenda

1979 1199 2128 1249 mors
2170 1194 2273 1251 est,
2327 1184 2570 1252 patibiles
2614 1194 2671 1242 et
2718 1183 2930 1254 labores
2978 1193 3033 1239 et
3059 1183 3273 1240 dolores
3303 1183 3545 1254 putandi.

1983 1255 2111 1311 llaec
2159 1269 2280 1311 cum
2318 1256 2604 1311 constituta
2655 1256 2764 1310 sint
2803 1253 3013 1325 judicio
3068 1264 3235 1325 atque
3282 1253 3555 1314 constanti

1980 1327 2280 1450 sextantis,
2328 1336 2505 1381 tamen
2542 1332 2626 1383 est
2672 1324 2896 1382 robusta
2924 1326 3015 1382 illa
3060 1335 3114 1383 et
3140 1324 3348 1381 stabilis
3395 1325 3553 1385 ior'ti-

2006 1412 2035 1450 u
2077 1411 2131 1450 ο.

1981 1402 2131 1452 tudo.

2055 1467 2192 1524 Utile
2217 1475 2302 1524 est
2329 1465 2474 1524 enim
2498 1465 2578 1524 uti
2607 1475 2752 1523 motu
2773 1467 2959 1533 animi,
2990 1469 3082 1539 qui
3107 1469 3180 1525 uti
3208 1470 3421 1528 ratione
3444 1484 3556 1528 non

2017 1546 2175 1594 etest.

1980 1553 2175 1681 έθξῗιῗῖί
2186 1609 2329 1664 enim
2353 1610 2626 1681 suscipere
2675 1608 2776 1678 ipsi
2802 1609 3144 1679 aegritudines
3171 1621 3388 1681 propter
3409 1612 3548 1671 alios

1977 1678 2255 1751 debemus,
2283 1680 2377 1735 sed
2402 1682 2539 1743 alios
2563 1682 2610 1735 si
2642 1678 2927 1751 possumus
2962 1681 3147 1737 levare
3174 1678 3514 1751 aegritudine.

2057 1750 2491 1825 adbibitanratio
2529 1751 2706 1825 cernit
2738 1750 2865 1821 quid
2890 1754 3151 1822 optimum
3182 1750 3274 1820 sit,
3306 1755 3550 1825 neglecta

385 1820 586 1907 fueros
613 1832 740 1874 vero
766 1827 1046 1907 etmattl'es
1073 1828 1125 1873 et
1155 1817 1401 1907 magistri
1419 1819 1595 1907 etiamL
1616 1817 1879 1907 castigare
1908 1843 1959 1907 Β
1984 1820 2168 1907 multis
2195 1820 2496 1907 implicatur
2519 1817 2817 1907 errpribtis.

317 1890 520 1953 solent,
566 1900 667 1944 nec
695 1889 875 1944 verbis
899 1890 1092 1955 solum,
1136 1891 1231 1944 sed
1270 1893 1430 1945 etiam
1473 1889 1804 1956 verberibus,
1834 1889 1881 1945 si

317 1962 447 2032 quid
470 1963 524 2014 in
565 1960 862 2032 domestico
911 1961 1051 2016 luctu
1095 1960 1317 2015 hilarius
1358 1960 1427 2015 ab
1476 1960 1542 2016 iis
1571 1959 1770 2015 factum
1798 1968 1883 2016 est

308 2031 403 2086 aut
426 2032 644 2099 dictum,
676 2031 884 2099 plorare
915 2040 1129 2101 cogunt.
1298 2096 1305 2101 λ
1672 2097 1681 2101 ,
1755 2094 1762 2101 ,

381 2097 783 2171 Theophrastus
813 2097 1044 2157 moriens
1074 2097 1355 2158 accusaSSe
1382 2108 1626 2155 naturam
1654 2097 1869 2168 dicitur,

306 2174 450 2243 quod
479 2172 652 2228 cervis
673 2182 729 2228 et
747 2173 1049 2243 cornicibus
1073 2176 1235 2235 vitam
1276 2173 1609 2237 diuturnam,
1652 2187 1878 2242 quorum

308 2234 362 2298 id
390 2244 520 2299 nihil
571 2243 896 2307 interesset;
941 2242 1247 2300 hominibus
1286 2259 1509 2314 quorum
1541 2234 1771 2299 maxime
1798 2243 1882 2299 itt-

308 2315 606 2379 teriuisset,
640 2324 745 2369 tam
774 2314 1020 2383 exiguam
1048 2315 1208 2373 vitam
1256 2315 1513 2373 dedisset.
1570 2316 1806 2381 Quorum
1832 2315 1880 2370 si

304 2395 437 2439 tetas
477 2384 738 2453 potuisset
776 2400 897 2440 esse
940 2387 1301 2455 longinquior,
1334 2388 1569 2440 futurum
1598 2385 1769 2441 inisse
1817 2395 1875 2441 ut

303 2455 555 2511 omnibus
578 2456 830 2521 perlectis
858 2456 1083 2521 artibus,
1114 2460 1260 2513 omni
1301 2456 1562 2520 doctrina,
1601 2455 1878 2512 hominum

302 2526 415 2596 vita
457 2524 780 2596 erudiretur.
824 2525 1155 2593 Querebatur
1180 2527 1339 2596 igitur
1366 2540 1426 2582 se
1458 2534 1604 2592 tunc,
1633 2541 1757 2581 cum
1788 2528 1878 2583 illa

301 2595 489 2653 videre
513 2595 766 2667 cmpisset
792 2596 1081 2667 exstingui.

379 2666 703 2721 Praeclarum
736 2666 866 2721 illud
895 2666 996 2732 est,
1025 2676 1079 2724 et
1106 2668 1152 2723 si
1180 2668 1400 2738 quaeris,
1424 2678 1638 2739 rectum
1660 2683 1876 2739 quoque

302 2746 360 2793 et
389 2752 598 2803 verum,
624 2744 685 2792 ut
709 2751 804 2793 eos
831 2739 923 2807 qui
961 2738 1115 2795 nobis
1134 2738 1434 2795 charissimi
1460 2752 1580 2794 esse
1614 2738 1870 2809 debeant,

306 2822 464 2876 aeque
509 2822 574 2862 ac
613 2809 973 2877 nosmetipsos
1003 2824 1280 2866 amemus:
1328 2819 1384 2864 at
1429 2825 1558 2867 vero
1600 2810 1716 2877 plus
1760 2812 1876 2868 iieri

302 2881 450 2933 nullo
480 2886 636 2947 pacto
663 2886 855 2948 potest.
885 2880 962 2935 Ne
980 2882 1268 2949 optandum
1295 2882 1511 2950 quidem
1540 2892 1623 2936 est
1656 2882 1709 2936 in
1739 2884 1876 2938 ami-

300 2950 427 3005 citia
457 2957 514 3005 ut
540 2962 627 3005 me
647 2949 749 3022 ille
776 2950 896 3022 plus
921 2965 1078 3020 quam
1104 2966 1164 3008 se
1187 2949 1349 3019 amet,
1378 2960 1433 3007 et
1460 2966 1559 3022 ego
1589 2952 1733 3007 illum
1754 2954 1875 3021 plus

296 3034 459 3094 quam
504 3034 613 3076 me.
646 3018 983 3094 Perturbatio
1022 3024 1167 3079 enim
1194 3018 1343 3090 vitas,
1390 3024 1437 3078 si
1476 3018 1549 3078 iis
1582 3025 1676 3089 sit,
1713 3018 1875 3094 atque

296 3089 602 3163 ciliciorum
627 3091 871 3163 omnium
895 3103 1276 3163 consequetur.

374 3161 468 3217 Est
515 3161 657 3217 enim
698 3162 969 3232 preprium
1020 3161 1259 3222 stultitiae
1306 3163 1533 3222 aliorum
1582 3165 1706 3221 vitia
1751 3180 1872 3223 cer-

297 3246 451 3301 nere,
482 3233 724 3290 oblivisci
748 3247 991 3289 suorum.

373 3304 501 3360 llaec
519 3305 693 3359 olticia
714 3314 844 3361 sunt
862 3304 1277 3373 consolantium,
1300 3306 1490 3365 tollere
1508 3305 1882 3375 mgritudinem

297 3372 564 3439 funditus,
592 3383 685 3448 aut
713 3377 925 3445 sedare,
954 3387 1046 3433 aut
1068 3378 1352 3435 detrahere
1372 3392 1531 3448 quam
1561 3372 1875 3447 plurimum,

296 3446 777 3519 autAsupprituet‘e,
803 3462 904 3503 nec
929 3450 1036 3518 pati
1062 3463 1280 3513 manare
1298 3446 1535 3519 longius,
1562 3446 1654 3503 aut
1680 3450 1748 3502 ad
1773 3446 1879 3504 alia

298 3516 603 3574 traducere.
635 3516 969 3577 Sumendum
994 3530 1204 3587 ternpus
1229 3529 1315 3575 est
1342 3516 1658 3575 nonminus
1682 3519 1735 3574 in
1764 3521 1883 3575 ani-

295 3601 512 3661 morum
537 3588 739 3646 morbis
776 3605 936 3658 quam
962 3590 1016 3646 in
1041 3605 1349 3661 corporum.

370 3659 513 3732 Quid
536 3668 715 3732 autem
746 3662 1083 3732 praclarum,
1114 3659 1220 3716 non
1250 3661 1392 3717 idem
1426 3661 1703 3718 arduum?
1750 3662 1876 3720 Hac

292 3744 365 3787 ex
397 3729 554 3786 tertio
577 3729 763 3802 Tum,
790 3742 1086 3803 sequuntur
1109 3748 1175 3789 ex
1202 3744 1413 3804 quarto.

293 3866 384 3930 Ea:
409 3865 540 3926 libro
563 3879 746 3941 quarta
774 3869 1187 3999 Tusculanarum
1216 3872 1572 3943 Quaestionum
1610 3854 1689 3930 lii.
1728 3874 1875 3931 Tull.

988 3960 1224 3999 merome.

988 3960 1204 4001 merome
1211 3983 1224 3998 .

330 4124 337 4133 .
372 4077 442 4136 Ut
470 4080 606 4135 bona
645 4090 834 4147 natura
858 4082 1181 4150 appetimus,
1211 4084 1293 4139 sic
1316 4097 1348 4137 a
1378 4082 1535 4138 malis
1563 4090 1754 4137 natura
1786 4082 1881 4139 de-

295 4150 581 4208 clinamus.
627 4152 878 4210 Omnium
926 4154 1379 4222 perturbationum
1438 4165 1626 4207 natura
1675 4154 1878 4209 fontem

295 4236 422 4279 esse
459 4222 642 4278 diCunt
685 4225 1174 4294 intemperantiam,
1207 4239 1325 4294 quae
1373 4235 1457 4278 est
1485 4240 1517 4279 a
1547 4234 1656 4278 tota
1699 4234 1880 4279 mente

294 4301 355 4348 et
385 4302 528 4365 recta
558 4296 767 4349 ratione
789 4292 1041 4349 defectio.
1090 4292 1699 4365 Nam'qnemadmodum
1730 4306 1878 4351 tem-

297 4364 544 4434 perantia
575 4366 729 4421 sedat
755 4367 1112 4435 appetitiones
1138 4364 1347 4431 omnes,
1390 4374 1447 4420 et
1475 4365 1639 4421 el’iicit
1680 4373 1739 4420 ut
1765 4368 1879 4422 hate

292 4443 462 4507 recta:
489 4437 684 4491 rationi
716 4446 959 4506 pareant,
999 4449 1382 4507 consumatque
1417 4438 1752 4492 considerata
1779 4436 1875 4506 ju-

292 4505 435 4563 dicia
467 4508 685 4573 mentis,
710 4505 788 4562 sic
817 4507 939 4561 huic
978 4508 1192 4563 inimica
1221 4505 1624 4577 intemperantia
1652 4505 1867 4564 omnem

2055 1878 2354 1964 Estautem
2386 1893 2530 1951 utilis
2554 1892 2622 1947 ad
2649 1878 3076 1960 persuadendum
3104 1906 3171 1950 ea
3197 1907 3317 1964 quae
3344 1878 3560 1953 accide-

1983 1971 2108 2045 runt
2153 1962 2281 2045 ferri
2320 1972 2381 2045 et
2406 1978 2565 2033 posse
2606 1970 2663 2019 et
2688 1972 2969 2034 oportere,
3000 1962 3335 2021 enumeratio
3363 1980 3552 2027 eorum

1978 2035 2070 2105 qui
2095 2034 2354 2089 tulerunt.
2372 2086 2379 2091 .

2053 2104 2167 2161 Sint
2201 2119 2330 2159 sane
2374 2107 2473 2162 ista
2496 2105 2641 2171 bona
2666 2120 2791 2176 qua
2832 2113 3108 2176 putantur,
3137 2106 3387 2172 honores,
3415 2106 3556 2164 divi-

1980 2175 2093 2248 tim,
2117 2176 2424 2248 voluptates
2453 2175 2789 2247 creteraque;
2842 2185 3020 2248 tamen
3066 2178 3119 2232 in
3159 2176 3241 2235 eis
3270 2177 3401 2248 ipsis
3449 2193 3548 2248 po-

1950 2270 1954 2275 λ
1981 2244 2180 2320 tiendis
2210 2248 2491 2307 exsultans
2514 2244 2863 2320 gestiensque
2894 2247 3071 2303 ltetitia
3123 2244 3308 2316 turpis'
3330 2258 3433 2305 est.
3450 2244 3465 2248 “
3487 2248 3557 2307 Ut

1978 2320 2025 2373 si
2056 2314 2281 2373 irridere
2306 2314 2624 2377 concessum
2651 2320 2742 2382 sit,
2775 2314 3106 2387 vituperetur
3129 2314 3307 2375 tamen
3333 2320 3551 2377 cachin-

1980 2388 2148 2444 natio.
2178 2387 2381 2460 Eodem
2421 2389 2567 2449 enim
2597 2389 2723 2446 vitio
2744 2400 2833 2447 est
2859 2389 3050 2447 elinsio
3080 2391 3245 2447 animi
3274 2390 3327 2445 in
3355 2390 3562 2460 laetitia,

1976 2475 2087 2530 quo
2116 2459 2169 2513 in
2202 2458 2390 2531 dolore
2412 2461 2712 2531 contractio
2729 2494 2746 2527 ,
2785 2461 3084 2531 eademque
3105 2462 3325 2519 levitate
3346 2458 3554 2528 cupidi;

1956 2529 2067 2585 -t’as
2096 2536 2178 2583 cst
2206 2529 2261 2601 in
2286 2530 2620 2601 appetendo,
2645 2546 2751 2601 qua
2792 2532 2974 2589 latitia
3000 2529 3070 2587 in
3102 2532 3349 2587 fruendo.
3394 2532 3461 2601 Et
3506 2539 3564 2587 ut

1948 2602 2138 2672 .nimis
2187 2597 2384 2672 afllicti'
2418 2597 2685 2667 molestia,
2719 2603 2798 2659 sic
2827 2603 2992 2659 animi
3030 2601 3157 2658 elati
3207 2602 3390 2657 laetitia
3430 2600 3556 2672 jure

1972 2668 2278 2797 iudicantur
2309 2669 2472 2727 leves.
2506 2673 2572 2725 Et
2619 2681 2675 2726 ut
2722 2680 2905 2739 turpes
2935 2681 3059 2755 sunt
3086 2673 3177 2740 qui
3221 2668 3452 2753 alterunt
3494 2686 3555 2754 se

1997 2752 2180 2797 astuta.
2219 2748 2475 2797 tumcum
2510 2741 2758 2797 lruuntnr
2787 2757 3032 2797 venereis
3058 2742 3449 2797 voluntatibus.
3477 2756 3555 2797 ste

1997 2743 2180 2811 aetitia,
2219 2748 2475 2798 tumcum
2510 2741 2758 2799 fruuntur
2787 2745 3032 2800 venereis
3058 2742 3449 2811 voluptatibus,
3477 2741 3589 2811 sic~

1976 2809 2230 2882 ﬂagitiosi
2261 2811 2353 2880 qui
2382 2827 2476 2869 eas
2529 2812 2867 2870 inﬂammato
2912 2815 3094 2869 animo
3145 2809 3552 2882 concupiscunt.

1976 2882 2119 3012 gae)
2129 2896 2192 2937 ex
2215 2893 2407 2954 quarto
2423 2925 2441 2952 ,
2490 2891 2789 2954 sequuntur
2818 2900 2961 2942 nunc
2989 2899 3058 2942 ex
3081 2882 3268 2954 quinte
3290 2894 3346 2941 et
3363 2883 3555 2943 ultimo

2057 2970 2139 3011 I‘O.

2134 3046 2221 3103 Ea:
2274 3047 2404 3104 libro
2442 3047 2618 3119 quinto
2650 3046 3072 3119 Tusculanarum
3107 3046 3188 3105 Μ.
3233 3044 3377 3105 Tull.

2514 3164 2517 3167 λ
2631 3118 2914 3176 Ciceronis.

1899 3197 1949 3262 θ
1984 3286 1989 3293 ,
2057 3237 2307 3292 Omnium
2346 3236 2600 3293 vitiorum
2632 3244 3080 3307 peccatorumque
3108 3243 3415 3307 nostrorum
3440 3247 3563 3307 om-

1984 3307 2069 3363 nis
2099 3321 2127 3361 a
2154 3308 2488 3378 philosophia
2519 3305 2748 3377 petenda
2779 3305 3046 3364 correctio
3073 3314 3178 3374 est,
3202 3305 3360 3376 cuius
3387 3305 3443 3378 in
3466 3306 3556 3373 si-

1982 3394 2110 3434 num
2140 3393 2261 3434 cum
2298 3393 2330 3433 a
2357 3376 2545 3448 primis
2574 3380 2903 3446 temporibus
2933 3378 3107 3433 :etatis
3134 3376 3554 3448 neatrtevolun-

1983 3451 2108 3520 tatis
2137 3446 2481 3519 studiumque
2509 3450 2883 3518 cetnpulisset,
2927 3450 3010 3504 his
3054 3447 3390 3520 gravissimis
3415 3446 3557 3503 casi-

1981 3519 2082 3576 bus
2110 3520 2164 3575 in
2193 3517 2443 3576 eumdem
2475 3517 2689 3588 portum
2715 3535 2782 3576 ex
2804 3536 2912 3590 quo
2939 3517 3154 3576 eramus
3182 3517 3584 3590 egressi.rma--

1978 3605 2080 3662 gna
2104 3590 2289 3662 jactati
2313 3600 2632 3660 tempestate
2656 3588 3017 3660 confugimus.
3065 3591 3111 3646 Ο
3141 3592 3270 3662 vitae
3317 3588 3558 3662 philoso-

1985 3660 2330 3742 pitia‘_dnx,_o
2362 3663 2576 3716 virtutis
2596 3662 2935 3742 _indagatrix_,
2982 3660 3553 3742 expultrixquevitio-

1944 3768 1947 3769 ν
1981 3733 2139 3787 rum!
2186 3732 2325 3799 Quid
2355 3744 2460 3788 non
2490 3732 2649 3788 modo
2677 3730 2797 3798 nos,
2833 3735 2929 3789 sed
2974 3730 3195 3788 omnino
3224 3730 3328 3786 vita
3375 3730 3553 3787 homi-

1981 3818 2112 3882 num
2151 3805 2271 3859 sine
2296 3810 2350 3882 te
2389 3808 2511 3882 esse
2538 3804 2837 3882 potuisset?
2884 3804 2964 3859 Tu
2990 3803 3155 3882 urbes
3181 3801 3455 3873 peperisti,
3495 3808 3557 3882 tu

1980 3873 2270 3942 dissipatos
2316 3873 2565 3931 homines
2610 3875 2666 3930 in
2711 3876 3025 3931 societatem
3050 3875 3178 3929 vita
3219 3873 3552 3937 convocasti,

1982 3953 2039 3999 ιιι
2063 3948 2330 4003 eosinter
2374 3960 2434 4001 se
2460 3946 2637 4014 primo
2680 3946 2984 4009 domiciliis,
3031 3944 3226 3999 deinde
3266 3942 3553 4012 coniugiis,

1982 4025 2095 4070 tum
2126 4017 2420 4071 litterarum
2464 4024 2520 4071 et
2557 4030 2749 4071 vocum
2794 4014 3177 4071 communione
3199 4014 3464 4084 iunxisti;
3493 4021 3554 4069 tu

1981 4086 2267 4159 inventrix
2292 4087 2497 4159 legum;
2526 4093 2588 4159 tu
2616 4086 2870 4156 magistra
2915 4101 3122 4142 morum
3166 4093 3222 4142 et
3247 4084 3549 4159 disciplinas

1980 4157 2146 4211 fuisti.
2192 4156 2271 4211 Ad
2314 4153 2367 4211 te
2413 4153 2771 4225 confugimus,
2800 4172 2830 4210 a
2877 4167 2931 4213 te
2962 4171 3121 4227 opem
3154 4153 3405 4226 petimus,
3452 4153 3549 4212 tibi

1983 4242 2102 4293 nos,
2134 4239 2190 4282 ut
2210 4234 2384 4288 antea.
2417 4241 2608 4298 magna
2635 4244 2700 4283 ex
2732 4236 2900 4297 parte,
2931 4228 3011 4284 sic
3036 4241 3183 4282 nunc
3220 4229 3430 4297 penitus
3463 4236 3549 4282 te-

1980 4303 2173 4368 tosque
2220 4299 2499 4353 tradimus.
2544 4301 2641 4354 Est
2669 4308 2848 4354 autem
2881 4313 3017 4353 unus
3060 4300 3175 4354 dies
3222 4300 3358 4368 bene
3407 4304 3464 4353 et
3486 4310 3553 4352 ex

1981 4366 2262 4438 praeceptis
2303 4370 2410 4441 tuis
2440 4378 2611 4441 nctus,
2662 4382 2799 4441 pene
2844 4371 2939 4425 toti
2970 4366 3355 4425 immortalitati
3395 4376 3546 4424 ante-

1982 4441 2279 4508 ponendos.
2313 4439 2478 4510 Citius
2506 4439 2677 4512 igitur
2695 4443 2868 4510 potius
2910 4443 3104 4511 opibus
3133 4450 3345 4512 utamur
3387 4450 3547 4510 quam

1979 4512 2108 4575 tuis,
2133 4524 2251 4579 qua:
2273 4519 2329 4567 et
2357 4513 2478 4584 vita:
2506 4510 2957 4584 tranquillitatem
2974 4513 3163 4583 largita
3186 4510 3351 4584 nobis
3364 4516 3449 4584 ea,
3492 4519 3551 4565 et

293 4577 462 4633 animi
507 4561 705 4633 smmi]
752 4561 1067 4645 inﬂammat,
1105 4561 1407 4645 conturbat:
1440 4561 1638 4651 incitat.
1661 4561 1869 4649 itaque
1896 4561 1953 4622 D
1975 4561 3467 4651 etiam;non;'sniiiigiiL'aiig'en's‘{uitiatus
3492 4561 3547 4636 in

292 4659 351 4703 et
392 4650 735 4719 aegritudines
763 4661 818 4704 et
856 4659 1031 4706 metus
1058 4658 1112 4704 et
1158 4651 1379 4720 reliqum
1433 4650 1864 4720 perturbationes

295 4733 486 4775 omnes
512 4722 800 4792 gignuntur
824 4736 889 4775 ex
926 4735 1009 4775 ea.

369 4793 630 4846 Umntbus
660 4794 801 4846 enim
833 4806 1059 4860 quorum
1097 4807 1248 4848 meus
1278 4792 1532 4848 abhorret
1558 4804 1589 4845 ιι
1632 4792 1863 4860 ratione,

294 4874 514 4929 semper
554 4865 746 4931 aliquis
784 4864 907 4918 aliis
949 4865 1128 4930 dolor,
1170 4864 1290 4918 aliis
1334 4870 1509 4919 terror
1562 4865 1861 4932 impendet.

295 4931 472 4987 llonto
501 4932 637 5003 frugi
663 4933 840 4988 omnia
873 4943 1020 4989 recte
1047 4934 1193 4989 facit.

369 5004 507 5069 Quid
553 5008 695 5059 enim
727 5003 973 5061 videatur
1001 5008 1050 5061 ei
1082 5016 1332 5076 magnum
1375 5020 1429 5061 ιιι
1469 5005 1630 5062 rebus
1674 5006 1864 5060 huma-

292 5073 402 5142 nis,
435 5076 521 5147 cui
552 5077 825 5147 aeternitas
872 5079 1049 5132 omnis
1092 5073 1365 5147 tetiusqne
1413 5078 1594 5132 mundi
1629 5086 1753 5133 nota
1793 5078 1867 5133 sit

295 5145 628 5215 magnitudo.
658 5147 789 5202 Nam
820 5148 949 5216 quid
976 5155 1069 5202 aut
1091 5148 1144 5202 in
1187 5145 1378 5203 studiis
1405 5151 1651 5204 humanis
1691 5159 1784 5204 aut
1810 5149 1861 5203 in

293 5228 407 5271 tum
445 5219 633 5292 exigua
681 5216 940 5274 brevitate
968 5219 1089 5292 vita
1142 5226 1393 5292 magnum
1436 5218 1665 5289 sapienti
1694 5220 1864 5292 videri

292 5297 494 5357 pateat,
520 5290 612 5358 qui
641 5302 851 5357 semper
900 5290 1082 5345 animo
1129 5290 1207 5344 sic
1242 5290 1492 5356 excubat,
1535 5303 1590 5345 ut
1637 5294 1685 5347 ei
1732 5290 1865 5346 nihil

292 5359 650 5428 improvisum
676 5361 919 5416 accidere
944 5361 1136 5431 possit,
1176 5359 1311 5416 nihil
1351 5363 1705 5431 inopinatum,
1733 5361 1863 5418 nihil

288 5432 515 5485 oninino
555 5432 795 5487 novum?
838 5440 998 5501 atque
1046 5433 1189 5487 idem
1239 5432 1554 5487 acet-rimam
1586 5434 1638 5487 in
1678 5448 1866 5490 omnes

294 5514 478 5571 partes
503 5501 673 5558 aciem
716 5502 963 5569 intendit,
1008 5512 1068 5558 ut
1098 5512 1313 5572 semper
1341 5503 1518 5559 videat
1547 5504 1730 5561 sedem
1762 5505 1864 5559 sibi

290 5586 360 5627 ac
398 5575 574 5627 locum
616 5575 733 5630 sine
780 5575 1047 5642 molestia,
1089 5582 1249 5643 atque
1298 5588 1496 5644 angore
1538 5574 1773 5642 vivendi,
1807 5584 1866 5630 ut

293 5654 668 5717 qnetncttnque
709 5658 890 5700 casum
924 5646 1133 5702 fortuna
1162 5646 1455 5712 invexerit,
1490 5646 1635 5702 hunc
1662 5659 1783 5717 apte
1810 5658 1865 5704 ct

293 5717 477 5783 quiete
506 5715 659 5769 ierat.
689 5717 842 5785 Quod
891 5721 932 5771 si
963 5716 1141 5781 faciet,
1194 5732 1299 5772 non
1331 5719 1642 5786 aegritudine
1690 5715 1863 5773 solum

294 5788 527 5858 vacabit,
572 5786 665 5842 sed
715 5791 876 5843 etiam
928 5786 1419 5858 perturbationibus
1466 5792 1708 5845 omnibus
1742 5791 1864 5844 reii-

295 5859 441 5928 quis.
468 5856 562 5917 liis
586 5869 764 5917 autem
793 5856 989 5919 vacans
1029 5862 1237 5917 animus
1263 5861 1498 5932 inﬂecte
1525 5872 1686 5933 atque
1706 5863 1863 5919 abso-

1968 4653 2304 4722 pbiiusopbia
2327 4662 2512 4709 vocem
2538 4655 2788 4711 emissam
2817 4655 3127 4718 clariorem,
3159 4655 3396 4708 ullomve
3420 4662 3543 4709 esse

1969 4725 2346 4807 philosOphite
2375 4727 2696 4807 promissum
2726 4725 2945 4807 uberius
2993 4735 3111 4807 aut_
3134 4725 3332 4807 majus,
3388 4738 3547 4807 quam

1966 4795 2085 4920 gare
2126 4806 2227 4850 vox
2269 4804 2372 4862 est,
2405 4796 2657 4852 virtutem
2684 4798 2816 4852 satis
2864 4806 3020 4867 posse
3048 4796 3114 4851 ad
3160 4796 3318 4852 beate
3368 4795 3553 4850 viven-

2007 4878 2116 4920 um.
2429 4877 2433 4880 '

2007 4878 2116 4920 um.
2429 4877 2433 4880 ’

2040 4936 2215 4993 Motus
2264 4938 2553 5011 turbulenti
2595 4937 3018 5011 jactatiOnesque
3065 4936 3366 4996 animorum
3418 4939 3554 4995 inci-

1969 5016 2091 5063 tata:
2122 5018 2176 5063 et
2199 5012 2396 5078 impetu
2426 5006 2820 5065 inconsiderato
2849 5006 3003 5067 elatae
3024 5013 3285 5068 rationem
3307 5012 3544 5065 omnium

1963 5081 2305 5153 repellentes,
2353 5080 2475 5134 vitae
2522 5079 2692 5135 beatae
2741 5082 2938 5137 nullam
2968 5086 3172 5153 partem
3224 5083 3549 5152 relinquunt.

1964 5150 2095 5216 Quis
2122 5153 2263 5204 enim
2298 5160 2492 5220 potest,
2513 5162 2735 5206 mortem
2755 5162 2847 5209 aut
2866 5150 3102 5210 dolorem
3129 5150 3394 5221 metuens,
3414 5167 3549 5220 quo-

1965 5228 2083 5295 rum
2113 5224 2340 5276 alterum
2385 5234 2598 5295 semper
2622 5222 2791 5295 adest,
2827 5224 3055 5281 alterum
3086 5241 3297 5295 semper
3336 5225 3547 5293 impen-

1964 5290 2076 5367 det,
2109 5306 2228 5347 esse
2256 5309 2361 5347 non
2393 5288 2589 5367 miser?
2615 5288 2840 5367 Quodsi
2864 5295 3028 5363 idem,
3061 5288 3549 5367 quod-plerumque

1964 5361 2044 5434 iit,
2094 5373 2477 5434 paupertatem,
2532 5364 2907 5434 ignominiam,
2966 5361 3247 5421 infamiam
3283 5361 3475 5431 timet,'
3504 5366 3549 5420 si

1963 5431 2315 5508 debilitatem,
2361 5431 2677 5501 caecitatem,
2711 5438 2757 5491 si
2785 5431 3017 5507 denique
3057 5436 3196 5507 quod
3228 5451 3334 5493 non
3365 5438 3549 5508 singu-

1964 5504 2030 5581 lis
2060 5504 2383 5581 hominibus,
2415 5509 2510 5562 sed
2553 5507 2875 5581 potentibus
2904 5504 3133 5578 populis,
3163 5523 3306 5581 saepe
3335 5504 3543 5564 contin-

1962 5576 2055 5700 git,
2113 5576 2455 5645 servitutem,
2507 5576 2680 5648 potest
2733 5593 2795 5634 ea
2830 5576 3038 5644 timens
3092 5594 3213 5635 esse
3244 5576 3541 5651 ‘quisquam

2001 5647 2189 5700 catus?
2233 5646 2367 5700 Ouid
2394 5649 2484 5700 eui
2516 5664 2623 5700 non
2653 5651 2812 5700 modo
2852 5652 2914 5700 ea
2957 5652 3127 5700 futura
3161 5654 3326 5700 timet-
3357 5664 3540 5700 verum

2001 5647 2189 5719 catus?
2233 5646 2367 5714 Quid
2394 5649 2484 5719 qui
2512 5646 2623 5704 non
2653 5651 2812 5705 modo
2852 5652 2915 5705 ea
2957 5652 3128 5706 futura
3161 5646 3327 5718 timet,
3357 5646 3540 5707 verum

1961 5718 2256 5801 etiam‘l'ert
2296 5718 2630 5801 sustinetque
2674 5722 2991 5801 praesentiat
3016 5724 3167 5801 _ad_de
3215 5724 3402 5779 eodem
3441 5734 3551 5801 ex-

1962 5787 2099 5864 silia,
2131 5790 2324 5864 luctus,
2351 5787 2628 5864 orbitates,
2657 5787 2745 5862 qui
2775 5790 2934 5849 rebus
2979 5796 3060 5849 his
3087 5794 3286 5851 fractus
3329 5797 3515 5864 aegritu

1963 5858 2088 5918 diue
2116 5863 2277 5919 etiam
2307 5863 2543 5933 eliditur,
2586 5858 2763 5933 potest
2808 5866 3021 5925 tandem
3051 5881 3174 5926 esse
3220 5883 3328 5926 non
3358 5858 3553 5925 miser-

1872 5982 1955 5999 ἡκου-ι.
