4060 6368
553 319 578 375 1
589 316 693 375 087

1014 316 1221 375 ΒΕΟᾸΞ
1261 311 1713 373 VENERABILIS
1752 309 1901 366 OPP.
1946 307 2123 364 PARS
2166 304 2228 361 ll.
2260 303 2452 362 SECT.
2492 304 2556 361 li.
2597 334 2667 347 —
2706 300 2911 374 DUBIA
2950 300 3040 358 ET
3078 298 3349 359 SPURIA.

3662 300 3807 359 1088

554 435 767 494 rimus?
792 433 926 500 Quid
956 449 1084 488 vero
1114 434 1259 487 illum
1291 449 1442 502 quem
1493 433 1795 488 libidinibus
1826 430 2121 483 inflamma-

2235 421 2478 502 pinatum-
2505 428 2605 501 _au_t
2647 432 2845 502 novem
2886 418 3145 500 accidisse
3186 417 3470 502 videatur;
3502 416 3681 471 omnia
3735 426 3800 502 ad

556 519 666 563 tum
696 516 745 559 et
774 505 1031 560 furentem
1061 506 1324 567 videmus,
1354 505 1527 559 omnia
1574 504 1755 572 rapide
1784 508 2120 572 appetentem

554 594 676 633 cum
707 576 1005 645 inexplebili
1055 576 1357 643 cupiditate,
1400 590 1607 644 quoque
1637 570 2122 645 affluentiusvolu—

556 658 730 717 ptates
784 643 1017 716 undique
1068 645 1308 709 hauriat,
1365 660 1429 699 eo
1485 643 1694 712 gravius
1726 643 2123 717 ardentiusqiie

556 709 845 783 sitientem,
893 709 1071 769 nonne
1120 727 1262 770 reete
1308 709 1660 769 miserrimum
1708 714 1948 767 dixeris?
1985 709 2124 776 Quid

555 790 725 843 elatus
774 789 864 842 ille
911 787 1144 847 levitate,
1204 786 1451 852 inanique
1500 786 1677 838 lrctitia
1726 784 2018 843 exsultans,
2056 790 2124 852 et

558 870 759 931 temere
798 857 1283 931 gestieiis,_nonne
1313 850 1458 931 tanto
1500 855 1766 931 miserior,
1796 860 1993 921 quanto

560 928 769 982 videtur
798 921 1036 981 beatior?
1070 926 1226 993 Ergo,
1272 936 1325 979 tit
1365 927 1414 979 hi
1444 926 1647 987 miseri,
1698 925 1774 979 sic
1821 934 2020 993 contra,
2048 921 2123 974 illi

558 999 720 1063 beati,
766 1013 899 1066 quos
948 998 1074 1051 nulli
1109 1010 1282 1051 nietus
1329 1004 1548 1060 terrent,
1580 996 1735 1048 nullas
1784 992 2125 1066 aegritudines

558 1062 810 1132 exedunt,
843 1068 999 1122 nulla:
1028 1067 1272 1122 libidines
1299 1068 1537 1129 incitant,
1592 1066 1748 1119 nulla:
1787 1064 1962 1117 futiles
1994 1062 2124 1115 laeti-

558 1141 647 1192 tia:
668 1139 1015 1201 exsultantes,
1050 1137 1310 1206 languidis
1358 1136 1701 1206 liquefaciunt
1743 1133 2122 1206 voluptatibus.

556 1209 709 1276 Quod
747 1209 792 1263 si
821 1218 903 1263 est
952 1209 1040 1278 qui
1071 1205 1205 1278 rvi’m
1259 1210 1503 1271 fortunae,
1538 1205 1627 1278 qui
1656 1205 1830 1278 omnia
1864 1208 2121 1278 humana,

553 1274 676 1349 qua
704 1281 893 1347 cuique
935 1274 1179 1333 accidere
1226 1289 1462 1345 possunt,
1509 1275 1815 1349 tolerabilia
1840 1274 2025 1349 ducat,
2058 1287 2125 1349 ett

555 1343 664 1417 quo
692 1365 791 1405 nec
810 1343 989 1402 ‘timor
1011 1364 1153 1415 eum,
1201 1343 1301 1404 nec
1339 1362 1503 1413 angor
1529 1347 1769 1416 attingat,
1804 1345 2049 1417 idemque
2077 1343 2124 1398 si

559 1414 689 1475 nihil
728 1419 1087 1486 concupiscet,
1119 1420 1161 1474 si
1195 1419 1336 1473 nulla
1367 1416 1618 1473 efferatur
1662 1414 1821 1470 animi
1854 1414 1995 1486 inani
2028 1429 2125 1469 vo-

559 1490 780 1559 luptate,
812 1485 937 1560 quid
966 1498 1048 1545 est
1074 1505 1169 1543 cur
1196 1490 1381 1545 beatus
1409 1503 1510 1560 non
1543 1487 1673 1560 sit?_
1701 1489 1763 1542 Et
1793 1486 1836 1541 si
1867 1485 1979 1540 haec
2019 1486 2127 1539 vir-

561 1557 674 1615 tute
699 1557 1025 1627 efficiuntur,
1054 1560 1181 1629 quid
1218 1568 1301 1616 est
1340 1574 1436 1615 cur
1466 1559 1630 1613 virtus
1660 1557 1773 1629 ipsa
1819 1571 1912 1626 per
1938 1569 1997 1611 se
2019 1571 2124 1611 non

557 1631 754 1687 efficiat
784 1632 1003 1687 beatos?

628 1701 811 1771 Neque
837 1703 979 1757 enim
1012 1701 1169 1755 finem
1202 1716 1468 1770 nunquam
1498 1698 1698 1771 invenit
1728 1697 1905 1771 libido.

2222 487 2375 544 suum
2406 489 2680 543 arbitrium
2714 490 2934 552 referre,
2966 490 3076 543 suis
3103 500 3243 543 stare
3265 487 3513 556 judiciis;
3540 502 3646 555 quo
3670 489 3801 554 quid

2222 562 2288 614 sit
2318 560 2542 618 beatius.
2577 560 2703 613 mihi
2734 570 2879 615 certe
2907 560 2959 613 in
2990 569 3220 614 mentem
3250 558 3433 612 venire
3465 572 3569 610 non
3604 569 3801 625 potest.

2222 630 2298 685 Ne
2320 640 2498 684 mente
2516 628 2728 699 quidem
2753 630 2828 684 uti
2852 644 3154 697 possumus,
3178 629 3346 683 multo
3367 628 3486 699 cibo
3505 637 3557 681 et
3586 629 3802 697 potione

2223 700 2413 823 {iepleti
2469 697 2567 755 nec
2593 714 2823 769 unquam
2852 700 2981 754 mihi
3012 700 3207 770 placuit
3236 699 3317 755 bis
3349 699 3403 754 in
3432 697 3521 754 die
3559 708 3799 754 satorum

2260 786 2361 823 eri.

2224 772 2361 825 fieri.

2292 840 2567 907 Quomodo
2616 838 2848 909 jucunda
2899 842 3003 894 vita
3043 854 3165 896 esse
3216 848 3410 910 potest,
3441 853 3470 891 a
3512 853 3616 909 qua
3666 839 3804 894 absit

2225 910 2524 979 prudentia,
2554 910 2691 964 absit
2721 911 3056 965 moderatio?

2299 981 2420 1035 Dies
2446 981 2675 1043 deficiet,
2708 981 2753 1034 si
2782 982 2936 1034 velim
2984 981 3310 1049 paupertatis
3351 993 3563 1033 causam
3616 979 3802 1035 defeno

2224 1050 2381 1116 dere;
2411 1062 2590 1119 aperta
2619 1050 2763 1105 enim
2812 1066 2897 1106 res
2926 1061 3028 1116 est,
3059 1061 3113 1105 et
3140 1051 3373 1119 quotidie
3419 1065 3517 1103 nos
3558 1050 3673 1116 ipsa
3706 1068 3769 1103 na
3790 1079 3803 1086 -

2225 1127 2339 1174 tura
2362 1123 2632 1185 admonet,
2654 1134 2810 1189 quam
2837 1121 3035 1189 paucis,
3060 1135 3216 1187 quam
3241 1121 3414 1187 parvis
3440 1120 3605 1175 rebus
3626 1129 3801 1187 egeat,

2224 1205 2450 1258 quamve
2492 1192 2707 1245 vilibus.
2738 1190 2875 1244 Nuin
2906 1191 3063 1260 igitur
3091 1190 3411 1257 ignobilitas,
3443 1200 3537 1244 aut
3584 1191 3804 1244 humili-

2226 1268 2328 1324 tas,
2356 1270 2449 1314 aut
2475 1264 2634 1316 etiam
2675 1262 2944 1329 popularis
2991 1261 3219 1316 offensio
3248 1260 3543 1327 sapientem
3592 1261 3806 1315 beatum

2226 1344 2343 1385 esse
2370 1330 2704 1398 prohibebit?
2726 1332 2845 1385 vide
2867 1346 2934 1385 ne
2956 1332 3072 1399 plus
3096 1331 3488 1387 commendatio
3514 1332 3567 1384 in
3596 1330 3809 1399 vulgus,

2224 1412 2279 1455 et
2297 1400 2422 1524 |haec
2450 1418 2566 1481 quae
2591 1402 2856 1471 expetitur
2894 1401 3085 1473 gloria,
3117 1400 3374 1457 molestia:
3425 1400 3626 1456 habeat
3650 1416 3812 1472 quam

2226 1486 2292 1524 vo
2315 1484 2530 1524 untaiis.

2226 1484 2530 1538 votuptaiis.

2299 1545 2379 1595 An
2410 1542 2649 1596 tibicines
2678 1542 2837 1611 hique
2867 1543 2957 1610 qui
2999 1542 3188 1596 fidibus
3236 1550 3485 1607 utuntur,
3529 1555 3651 1603 suo,
3702 1555 3812 1595 non

2227 1612 2581 1665 multitudinis
2610 1612 2852 1676 arbitrio,
2897 1621 3085 1667 cantus
3127 1626 3481 1681 numerosque
3522 1613 3816 1665 moderan-

2229 1685 2360 1736 tur?
2393 1682 2481 1736 Vir
2510 1684 2721 1750 sapiens
2766 1683 2931 1737 multo
2972 1682 3174 1749 majore
3224 1692 3340 1737 arte
3390 1682 3668 1750 praeditus,
3707 1697 3815 1736 non

630 1752 1549 1840 inistiinistiattingens
1567 1752 1691 1840 quid
1718 1769 1940 1840 quisque
1965 1766 2126 1837 dicat,

2235 1752 2722 1840 quidverissi‘iiium
2753 1754 2841 1818 sit,
2882 1753 2973 1807 sed
3004 1752 3129 1840 quid
3172 1752 3296 1807 velit
3324 1752 3813 1840 vulgusrgxqttire‘t.

556 1843 659 1912 sed
682 1844 803 1912 qttid
827 1846 1015 1911 cuique
1039 1844 1319 1897 dicendum
1350 1843 1435 1907 sit,
1468 1843 1671 1896 videre.

628 1911 884 1968 omnibus
938 1915 1081 1968 enim
1136 1913 1421 1967 virtutibus
1481 1912 1766 1966 instructos
1793 1919 1847 1965 et
1887 1918 2124 1975 ornatos,

558 1992 673 2041 tum
696 1993 981 2052 sapientes,
1016 1993 1124 2038 tum
1150 1986 1294 2039 viros
1320 1984 1486 2038 bonos
1508 1982 1757 2037 dicimus.

632 2053 747 2109 Non
771 2070 835 2109 ex
859 2054 1079 2121 singulis
1107 2056 1323 2109 vocibus
1354 2052 1653 2121 philosophi
1674 2052 1949 2123 spectandi
1977 2065 2126 2123 sunt,

557 2126 667 2207 sed
680 2140 744 2180 ex
767 2126 1117 2207 perpetuitate
1138 2134 1297 2194 atque
1315 2125 1647 2207 constantia.

631 2196 761 2251 Rem
800 2194 939 2250 enim
967 2198 1158 2265 opinor
1183 2194 1411 2265 spectari
1437 2203 1706 2265 oportere,
1737 2208 1843 2265 non
1871 2196 2051 2249 verba.

630 2266 759 2320 Nam
786 2268 869 2319 cui
898 2264 1015 2319 viro
1061 2283 1125 2321 ex
1156 2264 1331 2333 seipse
1361 2264 1483 2332 apta
1535 2273 1657 2318 sunt
1684 2264 1882 2329 omnia,
1913 2279 2032 2332 quas
2059 2264 2128 2319 ad

557 2337 711 2391 beate
756 2335 1033 2389 vivendum
1066 2337 1264 2401 ferunt,
1314 2349 1413 2388 nec
1459 2348 1714 2403 suspensa
1770 2334 1991 2387 aliorum
2039 2346 2127 2389 aut

561 2407 702 2460 bono
731 2420 856 2458 casu
887 2416 974 2457 aut
1002 2405 1267 2459 contrario
1297 2404 1527 2474 pendere
1557 2419 1620 2456 ex
1652 2404 1866 2457 alterius
1898 2405 2123 2471 eventis,

558 2486 613 2531 et
633 2490 812 2529 errare
839 2484 1120 2542 coguntur,
1166 2473 1527 2540 huic’optime
1568 2473 1775 2529 vivendi
1807 2475 1943 2527 ratio
1982 2489 2129 2528 com-

559 2554 740 2613 parata
767 2556 867 2598 est.
898 2545 1079 2611 Neque
1116 2546 1258 2599 enim
1304 2544 1569 2599 laetabitur
1600 2559 1826 2612 unquam
1858 2558 1953 2597 nec
1994 2560 2129 2599 mm-

561 2615 697 2669 rebit
724 2615 899 2680 nimis,
927 2616 1015 2683 qui
1056 2630 1267 2684 semper
1294 2614 1347 2670 in
1396 2614 1572 2682 seipso
1600 2629 1811 2669 omnem
1856 2628 2004 2684 spem
2045 2630 2131 2670 re-

562 2686 708 2755 ponit
728 2685 828 2737 sui.

632 2755 902 2810 Humanus
940 2757 1148 2810 animus
1175 2755 1456 2822 decerptus
1499 2769 1566 2808 ex
1594 2762 1772 2808 mente
1800 2753 1977 2809 divina
2006 2770 2127 2811 cum

559 2825 666 2879 alio
700 2826 865 2889 nullo,
912 2826 1011 2879 nisi
1039 2840 1158 2879 cum
1188 2824 1303 2893 ipso
1332 2826 1461 2892 Deo,
1502 2826 1545 2877 si
1600 2825 1699 2877 hoc
1746 2823 1824 2876 fas
1854 2835 1933 2877 est
1961 2826 2124 2889 dictu,

557 2895 853 2964 comparari
884 2905 1079 2965 potest.
1132 2896 1226 2949 Hic
1279 2895 1439 2963 igitur
1480 2896 1524 2948 si
1580 2904 1663 2948 est
1706 2894 1966 2962 excultus,
1999 2905 2053 2949 et
2083 2897 2128 2953 sl

558 2965 674 3034 ejus
702 2967 841 3021 acies
870 2976 1049 3022 curata
1083 2967 1152 3020 ita
1180 2976 1282 3032 est,
1312 2976 1369 3019 ut
1404 2980 1469 3020 iie
1493 2975 1785 3019 acciretur
1834 2969 2127 3031 erroribus,

560 3037 619 3091 fit
643 3037 872 3103 perfecta
895 3052 1065 3102 mens,
1093 3038 1142 3091 id
1166 3047 1270 3101 est,
1299 3037 1537 3090 absoluta
1565 3037 1719 3097 ratio,
1743 3051 1859 3103 quae
1886 3037 2021 3089 idem
2045 3046 2129 3091 est
2155 3086 2165 3097 .

2302 1823 2525 1892 liijiirias
2568 1823 2791 1877 fortuna:
2834 1838 2961 1893 quas
3013 1822 3152 1877 ferre
3190 1837 3447 1893 nequeas,
3485 1821 3820 1893 dill'ugiendo

2302 1838 2525 1892 tiijiirias
2568 1838 2791 1877 tortunre
2834 1838 2961 1893 quas
3013 1838 3152 1877 terre
3190 1838 3256 1877 ne
3296 1838 3444 1881 neas,
3485 1838 3820 1889 uiuugienao

2231 1894 2522 1963 relinquas.
2571 1893 2637 1947 Et
2681 1894 2794 1947 hate
2836 1894 3098 1947 sufficiant
3139 1908 3206 1947 ex
3257 1838 3652 1959 amationibus
3704 1891 3823 1947 Tu-

2232 1964 2461 2019 sculanis
2492 1963 2655 2019 Marci
2684 1963 2840 2019 Tullii
2866 1963 3164 2018 Ciceronis.

2326 2076 2407 2131 Ea:
2431 2077 2559 2133 libro
2587 2086 2728 2132 sexto
2755 2078 2819 2131 de
2850 2075 3129 2153 Republica
3158 2073 3235 2129 Μ.
3263 2074 3404 2129 Tull.
3431 2074 3715 2131 Ciceronis.

2305 2188 2390 2243 Fit
2420 2190 2562 2245 enim
2592 2204 2733 2258 saepe
2774 2187 2884 2244 fere
2930 2198 2988 2243 ut
3029 2188 3374 2257 cogitationes
3415 2203 3812 2259 sermonesque

2233 2262 2395 2313 nostri
2447 2262 2650 2327 pariant
2678 2259 2872 2329 aliquid
2922 2261 2973 2313 in
3026 2273 3233 2325 somno,
3263 2260 3419 2328 quale
3468 2260 3537 2314 de
3567 2260 3814 2316 Homero

2233 2330 2417 2383 scribit
2448 2331 2663 2394 Ennius,
2695 2331 2760 2385 de
2808 2344 2914 2400 quo
2960 2329 3207 2385 videlicet
3247 2330 3548 2399 saepissime
3579 2332 3821 2401 vigilans

2234 2402 2438 2454 solebat
2460 2402 2693 2469 cogitare
2722 2410 2774 2455 et
2806 2400 2967 2468 loqui.

2302 2472 2558 2525 Omnibus
2580 2471 2667 2539 qui
2720 2472 2941 2538 patriam
2992 2471 3443 2541 conservaverint,
3486 2471 3823 2541 adiuverint,

2232 2542 2496 2604 auxerint,
2528 2552 2731 2595 certum
2772 2555 2893 2596 esse
2922 2542 2973 2593 in
3004 2542 3141 2596 casto
3168 2540 3443 2595 definitum
3492 2540 3693 2605 lociim,
3727 2546 3825 2600 ubi

2232 2610 2372 2665 beati
2401 2613 2726 2678 sempiterno
2753 2626 2867 2665 arvo
2919 2610 3186 2674 fruantur;
3240 2611 3372 2663 nihil
3420 2619 3503 2665 est
3547 2613 3695 2666 enim
3742 2616 3825 2669 illi

2233 2682 2453 2752 principi
2487 2681 2612 2748 Deo,
2644 2683 2729 2746 qui
2755 2696 2966 2734 omnem
3012 2681 3263 2735 mundum
3305 2683 3459 2750 regit,
3485 2685 3627 2750 quod
3682 2686 3818 2752 qui-

2230 2750 2352 2821 dem
2392 2751 2443 2803 in
2477 2754 2629 2805 terris
2666 2752 2756 2804 fiat
2782 2752 3069 2819 acceptius,
3099 2766 3254 2821 quam
3283 2752 3502 2806 concilia
3531 2750 3825 2821 castusque

2234 2820 2503 2874 hominum
2558 2822 2676 2888 jure
2731 2822 2935 2884 sociati,
2989 2820 3397 2891 qutecivitates
3452 2820 3822 2889 appellantur,

2233 2891 2420 2946 hanno
2446 2902 2701 2949 rectores
2747 2902 2802 2948 et
2839 2900 3245 2948 conservatores
3296 2892 3418 2948 hinc
3444 2896 3671 2963 profecti
3711 2897 3829 2952 huc

2233 2974 2591 3017 revertentur.

2304 3032 2364 3086 Hi
2395 3035 2576 3086 vivunt
2605 3034 2692 3101 qui
2727 3048 2757 3088 e
2795 3046 3078 3102 corporum
3102 3034 3325 3089 vinculis
3365 3045 3609 3104 tanquam
3638 3050 3670 3090 e
3699 3051 3827 3090 car-

559 3108 699 3175 quod
728 3108 917 3181 virtus.
953 3108 1080 3161 Etsi
1112 3122 1271 3162 omne
1310 3106 1521 3181 beatum
1552 3117 1632 3161 est
1668 3106 1750 3159 eiii
1787 3108 1917 3159 nihil
1952 3107 2124 3181 deest,
2157 3117 2202 3181 ρ
2234 3118 2356 3157 cere
2381 3106 2744 3172 evolaverunt,
2778 3113 2955 3158 vestra
2997 3119 3127 3159 vero
3169 3104 3258 3175 qui
3285 3104 3475 3160 dicitur
3506 3106 3635 3173 vita,
3668 3122 3825 3163 mors

561 3179 776 3246 etquod
808 3180 859 3231 in
912 3192 1009 3232 suo
1037 3194 1232 3246 genere
1282 3180 1547 3246 expletum
1593 3186 1751 3243 atque
1800 3179 2125 3232 cumulatum

561 3258 663 3310 est,
692 3248 741 3301 id
761 3246 930 3302 virtus
949 3259 1030 3301 est
1059 3248 1351 3317 proprium,
1377 3256 1521 3302 certe
1541 3260 1727 3301 omnes
1755 3248 1962 3301 virtutis
1991 3262 2130 3303 eom-

561 3327 713 3386 potes
742 3318 912 3373 beata:
939 3329 1083 3372 sunt.

632 3387 769 3454 Quid
807 3389 948 3442 enim
974 3388 1126 3443 deest
1173 3388 1238 3441 ad
1284 3388 1418 3442 bene
1463 3387 1721 3451 beateque
1766 3386 2048 3441 vivendum
2079 3389 2129 3443 ei

560 3458 649 3526 qui
678 3458 897 3512 confidit
944 3460 1054 3513 suis
1098 3458 1270 3524 bonis,
1316 3467 1407 3512 aut
1434 3456 1524 3525 qni
1553 3455 1762 3519 diffidit,
1797 3456 1981 3510 beatus
2010 3472 2131 3512 esse

560 3528 680 3594 quis
709 3529 918 3595 potest?
948 3529 1201 3583 Volumus
1230 3530 1371 3582 enim
1422 3543 1541 3581 eum
1571 3529 1657 3594 qui
1711 3528 1895 3581 beatus
1925 3529 2011 3586 sit,
2046 3540 2130 3581 iu-

560 3606 673 3650 tum
702 3612 842 3660 esse,
886 3598 1366 3665 inexpugnabilem,
1411 3606 1615 3663 septum
1648 3606 1804 3665 atque
1845 3598 2128 3663 munitum,

560 3682 667 3721 non
701 3677 756 3720 tit
787 3682 950 3735 parvo
976 3678 1118 3721 metu
1152 3670 1402 3735 pra-ditus
1429 3668 1517 3729 sit,
1546 3666 1639 3720 sed
1670 3678 1724 3719 ut
1754 3666 1916 3721 nullo.

632 3737 744 3791 Non
774 3746 897 3790 sunt
936 3740 1068 3790 bona
1099 3738 1320 3791 dicenda
1372 3752 1473 3791 nec
1516 3736 1777 3799 habenda,
1824 3737 2013 3805 quibus
2041 3738 2134 3791 ab-
2172 3762 2179 3771 ·

561 3807 847 3861 undantem
876 3807 999 3862 licet
1037 3822 1157 3862 esse
1199 3807 1576 3859 miserrimum.
1624 3804 1705 3858 An
1753 3804 1960 3859 dubitas
2006 3809 2135 3876 quin

562 3888 818 3946 prastans
844 3878 1165 3942 valetudine,
1196 3878 1414 3943 viribus,
1464 3878 1653 3937 forma,
1697 3877 1970 3929 acerrimis
1998 3879 2136 3932 inte-

559 3948 907 4016 gerriniisqne
934 3948 1199 4012 sensibus,
1229 3948 1367 4002 adde
1392 3948 1574 4013 etiam,
1602 3947 1648 3999 si
1680 3946 1827 4008 libet,
1856 3948 2135 4014 pernicita-

560 4028 664 4072 tem
707 4031 758 4087 et
789 4018 1140 4079 velocitatem,
1199 4019 1263 4071 da
1311 4017 1545 4081 divitias,
1599 4018 1848 4087 honores,
1890 4016 2133 4082 imperia,

558 4101 708 4158 opes,
746 4087 991 4158 gloriam,
1046 4089 1090 4141 si
1120 4087 1280 4143 fuerit
1310 4090 1354 4141 is
1394 4088 1481 4155 qui
1529 4088 1641 4141 haec
1672 4086 1854 4150 habet,
1886 4087 2133 4155 injustus,

559 4157 940 4223 intemperans,
976 4159 1209 4223 timidus,
1261 4160 1435 4212 hebeti
1485 4158 1697 4227 ingenio
1740 4165 1899 4227 atque
1965 4158 2130 4225 nullo,

561 4227 901 4282 dubitabisne
931 4238 987 4283 tu
1016 4243 1136 4284 etim
1169 4229 1524 4284 miserrimum
1550 4226 1777 4282 dioere?

634 4299 724 4353 Sic
776 4298 1024 4366 princeps
1070 4301 1155 4354 ille
1202 4300 1548 4367 philosophia:
1597 4298 1913 4362 disserebat,
1964 4299 2136 4365 qualis

559 4368 813 4438 cujusque
835 4368 1053 4424 effectus
1080 4381 1239 4434 esset,
1270 4369 1428 4423 talem
1456 4383 1576 4425 esse
1625 4368 1922 4438 hominem;
1963 4369 2135 4438 qualis

560 4437 743 4494 autem
763 4443 921 4494 homo
951 4442 1063 4506 ipse
1089 4450 1249 4501 esset,
1286 4441 1443 4494 talem
1488 4454 1609 4494 esse
1649 4437 1765 4507 ejus
1794 4437 2087 4492 orationem
2116 4454 2131 4503 ;

560 4510 791 4563 orationi
816 4517 990 4563 autem
1023 4508 1156 4563 facta
1186 4510 1476 4572 simillima,
1522 4508 1676 4563 factis
1722 4510 1846 4561 vita.
1897 4509 2133 4564 Affectus

562 4587 736 4631 autent
760 4580 920 4632 animi
956 4580 1006 4632 in
1060 4579 1197 4632 bono
1245 4580 1356 4631 viro
1396 4579 1697 4641 laudabilis,
1731 4589 1783 4632 et
1825 4580 1930 4632 vita
1976 4580 2135 4647 igitur

563 4646 842 4717 laudabilis
888 4649 1010 4703 boni
1059 4648 1155 4703 viri
1181 4658 1234 4702 et
1261 4649 1489 4717 honesti,
1543 4664 1610 4704 ex
1637 4648 1826 4717 quibus
1873 4646 2133 4705 bonorum

562 4716 769 4772 beatam
802 4719 957 4771 vitam
990 4734 1109 4773 esse
1135 4719 1494 4774 cancludittir.

640 4784 726 4840 Vir
756 4795 1095 4854 temperatus,
1128 4798 1397 4851 constans,
1425 4789 1541 4843 sine
1570 4798 1737 4855 metu,
1767 4788 1884 4843 sine
1920 4789 2134 4857 mgritu-

564 4856 708 4921 dine,
731 4857 845 4909 sine
863 4858 1138 4912 alacritate
1163 4860 1289 4921 ulla,
1312 4860 1429 4913 sine
1456 4858 1692 4921 libidine,
1718 4874 1891 4912 nonne
1914 4860 2134 4913 beatus?

565 4928 721 4998 Beata
752 4926 857 4979 vita
888 4927 1186 4993 laudabilis,
1217 4943 1315 4983 nec
1342 4930 1627 4998 quidquam
1656 4931 1773 4983 sine
1797 4929 1990 4984 virtute
2023 4931 2136 4984 lau-

563 4997 755 5053 dabile.
787 4999 943 5050 Beata
975 4998 1131 5063 igitur
1162 5000 1231 5053 ita
1260 4997 1371 5051 vita
1396 5000 1588 5053 virtute
1610 4998 1912 5053 conficitur.

639 5067 845 5121 Etenim
890 5075 947 5119 ut
973 5066 1215 5130 stultitia,
1249 5069 1348 5122 etsi
1375 5072 1565 5138 adepta
1593 5080 1677 5124 est
1703 5069 1844 5137 quod
1886 5075 2135 5138 concupi-

564 5138 656 5201 vit,
691 5151 953 5206 nunquam
981 5150 1040 5191 se
1071 5146 1243 5191 tamen
1283 5139 1410 5191 satis
1455 5151 1793 5193 consecutam
1845 5148 2009 5206 putat.
2058 5140 2135 5194 sic

565 5206 817 5274 sapientia
846 5222 1058 5278 semper
1084 5221 1150 5261 eo
1178 5216 1423 5278 contenta
1460 5219 1564 5277 est,
1604 5210 1743 5276 quod
1768 5210 1937 5273 adest,
1964 5224 2134 5275 neque

566 5293 685 5329 euiii
728 5276 1064 5344 unquam‘sui
1095 5276 1333 5345 paenitet.
1363 5276 1452 5333 Sic
1487 5276 1553 5332 se
1596 5294 1680 5334 res
1715 5282 1906 5335 habet:
1938 5290 1989 5333 te
2018 5287 2130 5346 tua,

569 5362 653 5400 uie
681 5348 943 5402 delectant
973 5362 1111 5401 mea.

639 5417 913 5485 Nunquam
944 5426 1184 5473 naturam
1214 5430 1330 5471 nios
1351 5417 1531 5487 vincit,
1555 5424 1636 5472 est
1662 5418 1802 5475 enini
1831 5435 1890 5473 ea
1922 5434 2134 5488 semper

570 5487 786 5542 invicta.

646 5556 911 5624 Sapientis
948 5567 1029 5612 est
1068 5558 1209 5611 enim
1236 5556 1529 5625 proprium,
1560 5560 1687 5611 nihil
1715 5557 1853 5627 quod
1879 5558 2134 5623 paenitere

470 5618 479 5631 ’λ
573 5618 737 5695 possii
775 5627 968 5692 facere,
1002 5628 1133 5681 nihil
1163 5618 1379 5680 invitum
1407 5644 1423 5692 ;
1454 5618 1760 5695 splenditle',
1810 5618 2131 5696 constanter,

570 5698 821 5767 graviter,
854 5700 1071 5752 honeste
1098 5697 1295 5759 omnia,
1347 5698 1479 5750 nihil
1534 5697 1601 5749 ita
1642 5709 1946 5766 exspectare
1984 5704 2133 5767 quasi

574 5766 718 5823 certo
740 5766 989 5834 futurum,
1024 5768 1156 5823 nihil
1182 5782 1302 5824 cum
1327 5768 1601 5836 acciderit,
1629 5770 1897 5838 admirati,
1932 5766 2133 5828 utiiio—

530 5865 572 5903 ,ο

2159 4474 2212 4534 D

2233 3182 2335 3227 est.

2301 3243 2410 3316 Nisi
2452 3245 2593 3316 cnim
2641 3244 2801 3308 Deus,
2834 3246 2879 3300 is
2925 3245 3076 3316 cujus
3120 3245 3221 3300 hoc
3251 3248 3500 3315 templum
3533 3257 3616 3301 est
3655 3263 3826 3304 omne

2233 3315 2369 3381 quod
2412 3315 2695 3381 conspicis,
2752 3316 2865 3370 istis
2905 3325 2955 3371 te
2988 3315 3229 3384 corporis
3269 3318 3523 3371 custodiis
3552 3319 3823 3374 liberave-

2234 3384 2325 3448 rit,
2360 3384 2464 3438 huc
2494 3385 2584 3438 tibi
2612 3386 2786 3438 aditus
2819 3396 2997 3453 patere
3027 3403 3131 3440 non
3162 3396 3350 3454 potest.
3384 3387 3639 3442 Homith
3667 3394 3823 3445 enim

2234 3464 2359 3506 sunt
2386 3457 2484 3529 hac
2510 3457 2627 3529 lege
2666 3457 2925 3529 generati,
2958 3458 3044 3525 qui
3077 3467 3349 3529 tuerentur
3390 3458 3541 3512 illum
3571 3460 3820 3529 globum,

2234 3538 2389 3588 quem
2422 3527 2473 3578 in
2506 3527 2605 3579 hoc
2653 3528 2849 3593 templo
2882 3529 3109 3582 medium
3149 3528 3296 3582 vides
3339 3544 3459 3596 qua:
3513 3527 3652 3583 terra
3683 3530 3826 3585 dici-

2238 3604 2361 3672 tur,_
2388 3596 2573 3663 hisque
2623 3597 2832 3672 aiiiuius
2882 3598 3169 3672 datus__est
3214 3613 3278 3651 ex
3322 3598 3431 3672 illis
3468 3600 3825 3665 sempiternis

2238 3666 2464 3736 ignibus,
2495 3681 2613 3732 quae
2651 3669 2830 3722 sidera
2859 3678 2913 3722 et
2955 3668 3384 3735 SleliaS'\0(‘ali8,
3418 3684 3540 3736 qua:
3572 3673 3825 3725 rotundae

2236 3743 2289 3787 et
2317 3735 2565 3802 globosae,
2601 3736 2791 3791 divinis
2828 3739 3076 3792 animatae
3105 3740 3388 3800 mentibus,
3428 3735 3663 3794 circulos
3690 3757 3825 3795 suos

2238 3807 2500 3876 orbesque
2549 3806 2840 3860 conficiunt
2881 3809 3177 3863 celeritate'
3204 3809 3453 3862 mirabili.
3501 3810 3685 3876 Quare
3727 3812 3825 3867 tibi

2238 3872 2387 3928 l’olili
2418 3872 2469 3929 et
2500 3876 2601 3944 piis
2644 3878 2890 3933 omnibus
2920 3880 3226 3934 retinendus
3254 3880 3464 3933 animus
3490 3872 3574 3933 est
3622 3882 3679 3937 in
3725 3899 3825 3937 cu-

2237 3945 2405 4018 s_todia
2430 3948 2690 4018 corporis,
2724 3962 2822 4002 nec
2851 3948 3053 4018 iujussu
3077 3950 3192 4017 ejus
3213 3963 3241 4001 a
3271 3964 3377 4017 quo
3422 3950 3511 4003 ille
3540 3962 3625 4005 est
3668 3954 3827 4006 nobis

2238 4014 2412 4087 datus,
2455 4031 2519 4069 ex
2570 4016 2800 4072 honiiiiis
2828 4014 2932 4073 vita
2979 4014 3309 4087 iiiigr'anduni
3357 4029 3457 4083 est,
3503 4035 3573 4075 ne
3620 4038 3827 4078 munus

2240 4082 2527 4157 humanum
2582 4090 2904 4157 assignatum
2949 4103 2979 4143 a
3031 4082 3138 4143 [ἴου
3192 4082 3458 4157 defugisse
3500 4091 3822 4148 videamini.

2239 4156 2342 4209 Sed
2382 4157 2482 4230 sie
2505 4157 2679 4225 Scipio
2702 4156 2962 4229 justitiam
2991 4160 3126 4223 cole,
3160 4170 3213 4213 et
3242 4156 3490 4227 pietatem
3540 4178 3662 4230 quae
3700 4180 3825 4220 cum

2240 4240 2427 4305 magna
2471 4227 2522 4279 in
2573 4227 2973 4305 parentibuset
3020 4230 3347 4305 propinquis,
3392 4240 3500 4284 tuin
3550 4227 3604 4287 in
3647 4240 3825 4304 patria

2239 4298 2467 4348 maxima
2495 4308 2596 4361 est,
2628 4313 2689 4351 ea
2723 4298 2825 4352 vita
2853 4299 2935 4352 via
2965 4309 3047 4353 est
3084 4300 3135 4354 in
3161 4298 3379 4355 caelum.

2310 4364 2434 4419 Htec
2464 4370 2699 4422 cmlestla
2740 4382 2951 4437 semper
2988 4381 3249 4438 spectato,
3292 4371 3383 4424 illa
3426 4372 3659 4427 humana
3693 4390 3827 4431 cono

2240 4438 2482 4514 temnite.
2512 4438 2589 4492 Tu
2619 4439 2761 4493 enim
2808 4454 2965 4509 quam
3011 4440 3372 4495 celebritatem
3423 4450 3696 4514 sermonis
3724 4448 3828 4501 ho-

2239 4512 2437 4561 minum
2464 4546 2489 4581 ,_
2515 4520 2633 4581 _aut_
2669 4526 2839 4581 quam,
2878 4516 3229 4578 expetendam
3279 4512 3530 4577 consequi
3587 4518 3821 4581 gloriam

2236 4586 2408 4655 potes,
2443 4577 2589 4655 vides
2622 4579 2845 4655 habitari
2875 4577 3010 4655 raris
3034 4592 3091 4655 et
3123 4584 3358 4649 angustis
3386 4582 3436 4633 in
3477 4577 3634 4647 locis,
3682 4601 3739 4641 et
3772 4592 3823 4643 in

2234 4647 2539 4725 ip~is_quasi
2565 4650 2806 4725 maculis,
2840 4649 2927 4725 ubi
2972 4647 3260 4725 habitatur,
3290 4661 3465 4705 vastas
3492 4656 3822 4725 solitudines

2235 4716 2558 4787 iiiterjectas,
2592 4720 2791 4785 hosque
2834 4720 2925 4788 qui
2971 4721 3204 4776 incolunt
3230 4716 3337 4775 non
3382 4722 3542 4775 modo
3574 4723 3817 4782 interru-

2237 4795 2353 4852 ptos
2395 4790 2466 4841 ita
2506 4802 2650 4850 esse.
2680 4798 2738 4842 ut
2764 4789 2893 4844 nihil
2940 4791 3078 4846 inter
3114 4793 3256 4859 ipsos
3308 4792 3376 4845 ab
3424 4792 3542 4845 aliis
3582 4796 3647 4848 ad
3682 4800 3823 4853 alios

2234 4871 2455 4913 manere
2487 4862 2684 4925 possit;
2725 4860 2819 4914 sed
2864 4861 3052 4928 partim
3080 4862 3343 4929 obliquos,
3394 4863 3588 4929 partim
3639 4877 3825 4920 trans-

2235 4940 2437 4990 versos,
2464 4932 2653 5006 partim
2683 4944 2869 4984 omnes
2894 4931 3151 5006 adversos
3181 4933 3523 5006 starevobis,
3559 4950 3590 4988 a
3621 4940 3823 5006 quibus

2231 5006 2475 5069 spectare
2502 4997 2723 5069 gloriam
2748 5010 2892 5054 certe
2920 5002 3119 5055 nullam
3152 5002 3392 5069 potestis.

2305 5065 2604 5146 Nonniodo
2632 5084 2738 5124 non
2785 5079 3059 5146 teternam,
3104 5065 3200 5127 sed
3250 5086 3319 5128 tie
3358 5074 3661 5128 diuturnam
3696 5080 3823 5146 qui-

2234 5136 2599 5209 deiiigloriam
2629 5140 2838 5207 assequi
2871 5155 3173 5209 possumus.

2306 5207 2467 5275 igitur
2495 5208 2601 5283 alte
2630 5207 2882 5277 spectare
2908 5212 2953 5264 si
2993 5212 3158 5280 voles,
3184 5222 3342 5283 atque
3368 5213 3505 5269 hanc
3545 5216 3733 5271 sedem
3761 5231 3821 5276 et

2233 5287 2506 5356 meritam
2540 5278 2754 5356 domum
2799 5284 3093 5356 _contueri,
3135 5278 3312 5356 neque
3368 5296 3418 5340 te
3474 5290 3819 5344 sermonibus

2238 5347 2379 5416 vulgi
2408 5347 2641 5410 dederis,
2672 5364 2777 5424 nec
2798 5351 2848 5403 in
2874 5347 3107 5419 praemiis
3132 5347 3373 5408 humanis
3393 5369 3541 5422 spem
3569 5364 3822 5424 posueris

2234 5433 2412 5492 rerum
2441 5429 2669 5492 tuarum,
2699 5420 2811 5492 suis
2852 5429 2905 5476 te
2948 5426 3209 5478 illecebris
3236 5420 3447 5492 oportet
3493 5420 3605 5491 ipsa
3638 5440 3816 5485 virtus

2239 5488 2411 5565 trahat
2435 5488 2503 5565 ad
2535 5489 2929 5565 verum_d_ecus.
2962 5494 3109 5559 Quod
3161 5496 3226 5547 de
3271 5488 3322 5550 te
3357 5496 3446 5548 alii
3500 5488 3818 5565 loquantur,

2234 5558 2333 5626 ipsi
2365 5558 2597 5637 videant,
2639 5559 2733 5637 sed
2779 5558 3291 5637 loquentur-tanien.
3323 5565 3515 5629 Sermo
3540 5558 3685 5621 enim
3723 5558 3821 5626 ille

2235 5630 2409 5705 omnis
2429 5638 2481 5682 et
2510 5630 3017 5705 angustiiscnigitur
3040 5635 3118 5689 his
3139 5637 3435 5703 regionum,
3470 5652 3605 5705 quas
3636 5641 3815 5697 vides.

2234 5699 2345 5774 Nec
2371 5714 2608 5774 linquant
2620 5699 2689 5774 de
2718 5700 2826 5757 ullo
2850 5699 3094 5771 perennis
3116 5699 3233 5770 fuit,
3259 5699 3506 5761 obruitur
3528 5710 3814 5769 hominum

2240 5769 2477 5838 interitu,
2508 5769 2774 5830 oblivione
2801 5769 3122 5845 pusteritatis
3146 5776 3525 5845 exstinguitur.
