4060 6368
317 317 454 376 1089

1530 315 2075 376 PROVERBIORUM
2115 315 2344 374 LIBER.

3433 312 3565 375 1090

385 429 516 486 Cum
567 437 742 501 pateat
769 427 925 501 igitttr
964 427 1015 486 id
1044 437 1301 486 aiternum
1330 442 1449 484 esse
1477 429 1618 498 quod
1647 443 1675 482 a
1701 443 1879 497 seipso
1902 439 1954 498 Α
1981 441 2220 501 praenere
2243 425 2422 501 jussii,
2453 438 2514 501 ac
2543 423 2780 501 protinus
2823 431 2982 492 caput
3011 419 3264 480 Romanae
3303 432 3562 495 eloquen-

318 510 612 570 moveatur,
654 501 773 572 quis
818 501 1020 572 estqui
1065 501 1202 556 hanc
1239 501 1713 572 naturamianimis
1758 513 1878 555 esse

319 575 568 628 tributum
618 573 806 643 neget?
844 571 1191 627 lnanimatmn
1240 571 1324 625 vel
1372 571 1658 643 inanimum
1679 580 1877 643 autem

316 654 396 698 est
434 657 592 714 omne
616 640 754 714 quod
803 643 953 712 pulsu
990 642 1216 714 agitatur
1246 650 1497 714 externo.
1545 640 1695 714 Quod
1735 641 1877 714 enim

317 724 399 768 est
421 710 712 782 animal,'id
735 710 878 768 motu
906 710 1076 768 ciettir
1104 713 1353 767 interiore
1374 720 1428 766 et
1455 725 1572 766 suo.
1604 710 1736 764 Nam
1769 713 1881 766 haec

316 795 397 838 est
421 783 628 853 propria
656 791 841 838 natura
870 783 1060 838 animai
1091 789 1249 852 atque
1289 783 1392 847 vis,
1423 797 1540 849 qua:
1569 782 1613 835 si
1652 789 1735 834 est
1779 795 1878 834 una

315 870 376 909 cx
417 855 664 910 omnibus
691 868 807 924 quae
837 869 955 910 sese
985 864 1214 920 moveat,
1264 862 1776 924 nequenatarcertq
1801 858 1882 904 est

315 929 594 979 ct‘mterna
615 920 724 989 est,
752 925 886 980 banc
912 935 966 979 tu
997 938 1187 978 exerce
1207 920 1419 992 optimis
1441 923 1491 976 iu
1533 923 1716 977 rebus.
1745 920 1881 976 Sunt

314 1009 490 1050 autem
514 996 596 1050 ha:
624 997 836 1063 optima:
861 1011 1001 1049 cura:
1029 995 1094 1050 de
1118 995 1291 1050 salute
1321 993 1742 1063 patriae,quibus
1772 992 1882 1063 agi-

315 1073 456 1120 tatus
481 1074 536 1121 et
561 1062 886 1121 exercitatus
916 1066 1122 1119 animus
1169 1065 1404 1119 velocius
1435 1063 1487 1116 in
1535 1062 1672 1117 hanc
1700 1062 1880 1115 sedem

313 1147 366 1190 et
387 1136 602 1190 domum
627 1152 774 1190 suam
803 1136 1112 1205 pervolabit.
1142 1135 1305 1204 quue
1331 1134 1478 1190 ocius
1502 1134 1676 1205 faciet,
1701 1134 1744 1205 si
1770 1131 1881 1200 iam

314 1214 440 1261 tunc
467 1220 586 1260 cum
616 1203 850 1262 inclusus
892 1207 996 1261 erit
1043 1207 1094 1260 in
1140 1203 1383 1273 corpore,
1419 1204 1679 1258 eminebit
1720 1203 1881 1264 foras,

313 1288 369 1330 ut
399 1292 462 1332 ea
507 1293 624 1346 qua:
653 1287 807 1333 extra
837 1288 993 1332 erunt
1019 1276 1409 1343 contemplans,
1446 1289 1605 1346 quam
1652 1273 1884 1346 maxime

309 1360 370 1401 se
389 1363 424 1424 _a
453 1343 677 1424 corpore
705 1347 949 1424 extrahat
978 1389 998 1424 ._
1024 1347 1260 1424 Namque
1284 1361 1470 1400 eorum
1510 1343 1670 1398 animi
1710 1343 1798 1413 qui
1825 1357 1886 1424 se

316 1418 677 1487 voluptatibus
702 1419 939 1488 corporis
967 1417 1300 1481 dediderunt,
1334 1429 1623 1488 earumque
1651 1417 1883 1488 se_quasi

309 1484 582 1558 ministros
607 1484 961 1554 praebuerunt,
987 1488 1322 1558 impulsuque
1345 1486 1624 1558 libidinum
1647 1484 1885 1558 volupia-

310 1556 450 1613 tibus
466 1555 863 1624 'obcdientium,
893 1555 1113 1614 deorum
1160 1555 1536 1614 et’hominum
1573 1556 1690 1625 jura
1722 1555 1888 1608 viola-

314 1639 530 1694 verunt,
555 1629 867 1697 corporibus
886 1629 1049 1697 elapsi
1071 1631 1272 1684 circum
1303 1637 1497 1683 terram
1530 1629 1694 1693 ipsam
1725 1626 1888 1697 volu-

307 1705 508 1753 tantur.
530 1697 638 1754 Nec
654 1696 796 1756 hunc
812 1699 866 1755 in
889 1696 1086 1769 locum,
1105 1699 1205 1754 nisi
1223 1698 1401 1754 multis
1420 1697 1666 1768 exagitati
1687 1696 1883 1762 saeclis,

308 1778 671 1824 revertuntur.

305 1819 779 1947 .‘
809 1861 876 1920 Τ.
925 1862 1180 1946 Ciceronis
1212 1863 1371 1988 {uerit
1399 1819 1572 1944 _mors,
1602 1860 1680 1914 his
1726 1859 1887 1915 verbis

531 1932 763 1988 Valerius
790 1931 1088 1988 Maximus.
1119 1933 1182 1988 de
1245 1943 1456 1988 auratis.
1501 1932 1665 1986 docet.

531 1931 1052 1989 Valerius'Haximus
1071 1975 1088 2001 ,
1119 1933 1182 1990 de
1212 1931 1456 2004 Ingratis,
1501 1932 1665 1986 docet.

375 2022 589 2096 Marcus
611 2023 800 2081 Cicero
821 2025 1029 2096 Cacum
1055 2023 1372 2096 Pompilium
1395 2023 1646 2096 Lenatem
1675 2021 1887 2078 Picena:

305 2093 562 2161 regionis,
601 2105 785 2164 rogatu
816 2097 972 2150 Marci
999 2095 1162 2159 Crulii,
1191 2093 1302 2150 non
1344 2095 1538 2149 minori
1567 2107 1694 2164 cura
1723 2109 1885 2164 quam

303 2165 566 2236 elegantia
593 2163 850 2232 defendit,
901 2181 1128 2236 eumque
1173 2179 1331 2221 causa
1385 2163 1670 2236 admodum
1721 2163 1884 2236 dubia

303 2233 673 2307 ﬂuctuantem,
721 2238 925 2292 salvum
967 2233 1056 2291 ad'
1082 2245 1301 2307 penates
1345 2249 1493 2307 suos
1520 2235 1742 2307 remisit.
1789 2234 1885 2287 llic

307 2302 603 2376 Pompilius
630 2302 833 2376 postea,
858 2320 957 2362 nec
986 2323 1042 2362 re
1069 2302 1167 2363 nec
1185 2308 1349 2361 verbo
1377 2320 1406 2359 a
1437 2305 1693 2360 Cicerone
1725 2304 1883 2359 laesus

303 2375 453 2431 ultro
483 2375 714 2432 Marcum
744 2376 1030 2432 Antonium
1087 2377 1310 2446 rogavit,
1365 2387 1420 2430 ut
1466 2376 1529 2446 ad
1563 2376 1707 2428 illum
1750 2389 1886 2446 pro-

299 2448 562 2514 scriptum
611 2451 908 2502 mitteretur
953 2444 1373 2514 persequendum
1419 2458 1471 2501 et
1507 2444 1878 2513 jugulandum.

301 2465 562 2514 scriptum
611 2465 908 2502 [Illllel'cull'
988 2465 1373 2514 ersequenuum
1419 2465 1471 2501 el
1507 2465 1878 2513 JllglllﬂntIUIll.

301 2513 710 2586 lmpetratisque
739 2465 1066 2573 detestaiiilis
1093 2517 1369 2572 ministerii
1401 2516 1657 2587 partibus,
1689 2514 1882 2587 gaudio

301 2587 595 2654 exsultans,
625 2584 864 2656 Caietam
893 2589 1143 2654 cucurrit,
1190 2597 1244 2643 et
1297 2584 1493 2649 virum,
1525 2585 1712 2656 omitto
1739 2584 1878 2652 quod

297 2657 643 2729 amplissimae
689 2655 979 2729 dignitatis,
1031 2669 1176 2715 certe
1203 2658 1400 2714 salubri
1449 2655 1716 2729 studioet
1747 2669 1882 2729 prte-

300 2725 493 2782 stantis
540 2728 703 2785 officii
748 2725 998 2799 privatim
1045 2730 1144 2785 sibi
1202 2727 1596 2794 venerandum,
1638 2725 1878 2795 jugulum

1984 496 2068 553 tite
2097 508 2152 552 et
2183 498 2330 566 pacis
2354 496 2699 550 clarissimam
2743 496 3016 566 dexteram
3063 510 3158 565 per
3197 511 3459 552 summum
3505 508 3563 554 et

1980 584 2226 624 securum
2269 566 3005 638 otiuinamputavii,eaque
3050 567 3253 622 sarcina
3307 577 3557 638 tanquam

1979 641 2174 706 opimis
2203 639 2388 703 spoliis
2416 637 2591 690 alacer
2636 637 2688 690 in
2728 635 2931 692 Urbem
2976 651 3219 691 reversus
3244 647 3344 693 est.
3377 635 3560 705 Neque

1980 710 2028 763 ei
2068 712 2347 762 scelestum
2380 708 2609 778 portanti
2656 722 2792 762 onus
2838 709 3101 761 succurrit
3129 708 3254 762 illud
3297 723 3356 763 se
3399 719 3558 778 caput

1981 779 2121 833 ferre
2161 779 2297 846 quod
2354 794 2448 846 pro
2496 777 2668 842 capite
2710 778 2826 844 ejus
2869 778 3136 847 quondam
3189 788 3551 847 peraraverat.

1983 849 2230 903 Invalida:
2275 851 2338 902 ad
2387 854 2485 903 hoc
2540 857 2828 902 monstrum
2882 848 3266 917 suggillandum
3324 849 3558 918 litterae,

1985 924 2328 993 quamobrem
2370 919 2458 986 qui
2504 918 2684 993 talen:
2711 933 2893 973 casum
2919 918 3192 974 Ciceronis
3238 920 3370 976 satis
3398 921 3560 993 digne

1981 990 2243 1057 deplorari
2272 1000 2446 1057 queat,
2471 989 2602 1042 alius
2629 988 2818 1043 Cicero
2842 1004 2946 1043 non
2979 999 3175 1044 exstat.

1982 1120 2314 1195 Epitaphium
2359 1121 2434 1175 Μ.
2480 1119 2539 1175 T.
2571 1121 2674 1195 _Ci_c.
2707 1125 2842 1191 quod
2886 1132 3056 1195 statua
3099 1125 3210 1195 ejus
3257 1122 3559 1195 perplexum

2051 1191 2148 1257 est,
2184 1193 2236 1245 in
2275 1194 2381 1246 aede
2407 1192 2582 1263 magni
2610 1191 2751 1246 Jovis
2777 1195 2915 1262 apud
2945 1191 3215 1249 Tullofum
3257 1191 3561 1250 monumen-

2054 1274 2182 1318 tum.

2125 1377 2382 1448 Hicjacet
2412 1378 2636 1446 Arpinas
2668 1380 2915 1434 manibus
2947 1380 3240 1435 tumulatus
3267 1378 3450 1449 amici,

2197 1449 2295 1516 Qui
2330 1449 2426 1502 fuit
2451 1458 2631 1503 orator
2660 1465 2899 1504 Summus
2921 1459 2974 1504 et
2999 1451 3225 1505 eximius
3245 1468 3260 1518 ;
3279 1452 3292 1464 '

2126 1519 2293 1587 Quem
2325 1533 2454 1575 nece
2476 1520 2676 1574 crudeli
2703 1521 2954 1574 mactavit
2982 1520 3118 1576 civis
3147 1528 3204 1577 et
3228 1521 3418 1578 hostis.

2201 1589 2284 1644 Nil
2311 1589 2446 1658 agis,
2477 1591 2691 1652 Antoni,
2723 1593 2922 1658 scripta
2953 1592 3151 1646 diserta
3181 1603 3416 1648 manent.

2130 1661 2360 1716 Vulnere
2390 1675 2581 1730 nempe
2611 1676 2718 1716 uno
2749 1660 3063 1716 Ciceronem
3091 1664 3331 1730 conlicis,
3354 1673 3418 1731 ,ιιι
3442 1672 3494 1720 te

2200 1732 2400 1786 Tullius
2420 1732 2634 1786 :eternis
2655 1734 2965 1788 vulneribus
2991 1735 3209 1788 lacerat.

1916 1821 1966 1884 Β
2132 1845 2338 1916 Corpus
2356 1846 2410 1900 in
2433 1846 2534 1901 hoc
2554 1847 2752 1900 tumulo
2770 1847 2944 1917 magni
2966 1847 3240 1902 Ciceronis
3266 1847 3538 1902 humatum

2201 1918 2527 1985 Contegitur,
2549 1917 2695 1971 claro
2725 1918 2813 1986 qui
2841 1918 2935 1972 fuit
2965 1917 3199 1988 ingenio,

2131 1986 2339 2057 Quique
2369 1989 2520 2042 malis
2549 1989 2730 2057 gravis
2758 1997 2892 2053 erat,
2927 1986 3171 2056 tutorque
3203 1989 3486 2056 bonorum,

2203 2059 2317 2124 Quo
2342 2073 2475 2127 pene
2504 2059 2718 2124 indigne
2743 2061 2959 2114 consule
2987 2060 3155 2114 Roma
3184 2060 3342 2129 perit.

2128 2127 2232 2184 Sed
2264 2129 2404 2198 vigili
2435 2143 2562 2183 cura
2585 2129 2808 2184 detectis
2831 2131 3092 2195 hostibus,
3115 2127 3311 2186 Urbem

2204 2200 2579 2270 Supplicioque
2607 2199 2765 2264 datis,
2797 2201 3039 2270 prtestltit
3068 2201 3414 2258 incolumem.

2128 2309 2336 2382 Eloquii
2369 2311 2615 2379 princeps
2638 2310 2844 2382 magnis
2873 2312 3128 2367 mirabilis
3155 2313 3309 2380 actis,

2203 2381 2406 2435 Tullius
2436 2382 2648 2447 indigna
2678 2381 2824 2438 caule
2853 2392 3156 2451 peremptus
3201 2384 3346 2450 obit;

2128 2450 2232 2521 Sed
2266 2459 2433 2504 terras
2455 2466 2643 2506 omnes
2671 2453 2905 2521 implevit
2925 2450 3141 2508 nomine
3169 2455 3338 2520 claro,

2194 2519 2464 2590 Ingenium
2499 2537 2639 2576 ca'so
2667 2519 2892 2591 corpore
2923 2533 3093 2578 morte
3121 2536 3286 2581 caret.

2131 2590 2293 2664 Vivit,
2319 2599 2371 2645 et
2392 2592 2589 2664 ingenii
2631 2593 2792 2659 pollet
2817 2595 3013 2649 virtute
3047 2611 3138 2664 per
3161 2599 3366 2662 urbem,

2198 2661 2358 2732 Cujus
2389 2663 2440 2717 iu
2471 2664 2574 2717 hoc
2596 2664 2800 2717 tumulo
2838 2661 3076 2721 membra
3118 2666 3326 2736 sepulta
3356 2661 3564 2736 jaceat.

308 2870 3567 2897 mm

1006 2979 2258 3097 VENERABILIS
2332 2980 2859 3094 annm

1697 3167 2184 3230 PRESBYTER!

264 3392 273 3400 -
452 3326 2475 3637 PROVEBBIQEUM
2571 3333 3398 3546 LIBER.
3503 3243 3539 3416 ί

1646 3717 2211 3808 PROLOGUS.

359 3960 497 4021 Cum
544 3977 716 4035 nuper
741 3961 833 4035 illa
861 3975 979 4032 quat
1001 3959 1275 4035 dicuntur
1313 3960 1532 4035 Seneca:
1577 3962 1864 4022 Proverbia
1893 3971 1942 4035 ο
1976 3972 2117 4018 tuum
2145 4004 2160 4028 ,
2210 3963 2409 4018 scimus
2438 3962 2679 4017 omnium
2713 3961 2922 4035 veniam
2963 3972 3300 4030 peccatorum
3332 3983 3556 4027 suormn

289 4047 382 4107 per
409 4028 682 4107 alphabeti
712 4028 953 4088 ordinem
983 4032 1231 4107 distincta
1257 4032 1526 4107 legissem,
1555 4035 1724 4107 primo
1750 4037 1866 4104 qui.

290 4101 412 4174 dem
443 4101 680 4162 mirabar
706 4113 904 4159 tantam
936 4104 1182 4174 cuiquam
1212 4101 1499 4158 inlidelium
1531 4101 1865 4173 prudentiam

291 4173 463 4231 inesse
519 4178 794 4246 potuisse,
847 4173 1051 4244 quanta
1093 4173 1144 4246 in
1195 4174 1510 4246 quibusdam
1551 4177 1863 4231 earumdem

287 4244 694 4313 proverbiorum
733 4246 888 4301 dictis
934 4245 1214 4313 reperitur.
1272 4244 1472 4298 Deinde
1522 4260 1624 4298 non
1679 4261 1862 4314 parum

296 4317 556 4372 incitabar
581 4319 645 4371 ad
680 4316 779 4372 hoc
799 4357 814 4381 ,
849 4325 906 4370 ut
935 4331 1057 4371 eum
1082 4317 1260 4384 aliquo
1298 4315 1458 4370 simili
1484 4317 1662 4369 studio
1693 4321 1864 4371 imita-

288 4397 396 4452 rer,
425 4387 728 4458 colligendo
757 4387 983 4458 scilicet,
1017 4396 1122 4439 tam
1155 4402 1217 4440 ex
1249 4387 1588 4458 saecularibus
1618 4403 1774 4456 quam
1797 4404 1864 4444 ex

290 4459 457 4529 sacris
489 4455 702 4523 litieris,
737 4467 845 4512 tum
873 4457 1032 4529 etiam
1056 4472 1119 4512 ex
1143 4455 1361 4521 nostris,
1385 4455 1661 4526 proverbia
1686 4460 1862 4529 aliqua

291 4528 358 4596 ad
387 4529 797 4584 aediﬁcationem
851 4526 1082 4582 ﬁdelium
1127 4541 1378 4596 congrua.
1429 4529 1485 4582 Si
1533 4529 1674 4584 enim
1723 4526 1859 4584 idem

287 4595 516 4666 Seneca,
547 4599 748 4654 nullam
771 4599 928 4652 ﬁdem
959 4599 1039 4652 vel
1066 4611 1215 4666 spem
1241 4595 1340 4666 pro
1365 4607 1561 4652 aeterna
1592 4600 1694 4653 vita
1725 4600 1862 4656 obti-

287 4670 455 4724 nenda
483 4665 686 4724 habens
713 4711 729 4737 ,
785 4668 879 4723 sed
907 4665 1274 4722 tantummodo
1301 4665 1354 4722 in
1393 4670 1490 4723 hac
1516 4669 1626 4724 vita
1654 4685 1858 4726 morum

289 4741 558 4810 probitate
585 4740 900 4804 delectatur,
931 4737 1129 4792 studuit
1158 4748 1213 4792 et
1242 4754 1302 4792 se
1327 4741 1617 4810 corrigere,
1641 4749 1696 4795 et
1723 4742 1860 4798 alius

287 4805 350 4859 ad
392 4813 782 4882 correctionem
828 4811 1127 4874 instruere,
1178 4819 1377 4877 quanto
1408 4805 1576 4878 magis
1605 4805 1723 4880 ego
1769 4815 1858 4882 qui

287 4878 446 4952 credo
473 4881 642 4936 Deum
687 4879 884 4952 ubique
933 4892 1050 4933 esse
1092 4888 1408 4952 praesentem
1435 4918 1451 4941 ,
1499 4878 1860 4952 intentamque

292 4947 447 5020 viiam
475 4947 821 5020 diligentibus
847 4964 906 5003 se
935 4950 1353 5020 promittentem,
1383 4952 1579 5020 quique
1601 4955 1715 5006 scio
1742 4947 1858 5008 oin-

289 5017 440 5073 nibus
467 5017 702 5076 dictum:
733 5021 834 5088 Qui
867 5017 1033 5086 audit,
1056 5018 1194 5073 dicat
1217 5035 1236 5076 :
1263 5017 1423 5084 Veni;
1463 5017 1517 5076 et
1545 5037 1559 5076 :
1594 5022 1771 5077 Clama
1797 5041 1859 5079 ne

289 5099 484 5164 fessas;
514 5100 605 5145 et:
637 5091 899 5164 Ainnuntia
937 5091 1126 5164 pupula
1166 5093 1490 5164 meoacdera
1529 5109 1739 5157 eorum;
1764 5103 1819 5149 et
1839 5139 1854 5164 ,

289 5161 434 5234 juxta
471 5163 833 5233 evangelicam
885 5161 1191 5234 parabolam
1237 5162 1324 5216 alii
1373 5163 1582 5230 quidem
1627 5161 1857 5234 quinque

289 5230 479 5287 talenta
519 5234 586 5288 ad
614 5230 845 5287 'usuram
887 5230 1008 5286 data
1028 5270 1043 5295 ,
1096 5231 1184 5285 alii
1216 5243 1341 5287 Vero
1370 5234 1476 5288 duo
1500 5273 1516 5298 ,
1557 5230 1658 5288 alii
1678 5230 1854 5291 autem

290 5307 470 5378 unum,
494 5303 870 5372 patreiatnilias
891 5301 1120 5378 dicente,
1155 5300 1204 5354 Ν
1209 5304 1498 5378 egotiamini
1508 5305 1644 5378 dum
1671 5307 1812 5359 venio
1835 5323 1853 5369 ς

287 5368 614 5446 ᾳΙὶιιιιόςρει·
641 5387 897 5446 concessa
921 5373 1161 5446 scientia:
1190 5368 1326 5446 ddna
1349 5373 1415 5428 ad
1440 5368 1850 5446 aediﬁcationem

289 5443 497 5514 trahere
523 5442 694 5500 debeo
719 5443 733 5498 !
786 5443 850 5498 Et
895 5458 1052 5514 quam
1085 5442 1382 5514 jucundum
1413 5459 1475 5499 ac
1504 5459 1666 5501 suave
1695 5442 1861 5502 videri

287 5504 442 5586 fluitet
470 5517 775 5586 unicuique,
808 5522 865 5569 nt
884 5504 1070 5586 aliqua
1086 5504 1365 5586 sententiae
1389 5515 1717 5570 brevissima:
1742 5532 1860 5571 ver-

286 5571 423 5658 bula,
449 5598 541 5658 per
561 5571 683 5656 qua;
702 5571 1188 5658 emendari'valeat,
1210 5585 1270 5658 in
1295 5597 1472 5641 mente
1497 5587 1862 5657 memoriaque

289 5659 377 5700 sua
403 5651 605 5724 iugiter
637 5655 848 5720 teneat,
885 5655 1310 5726 quandoquidem
1343 5659 1662 5713 sceleratum
1694 5651 1860 5713 latro-

281 5727 400 5796 nem
434 5737 619 5796 paucis
659 5726 836 5781 verbis
868 5726 1092 5780 Domino
1137 5729 1524 5796 supplicantem
1576 5738 1629 5783 et
1673 5729 1859 5783 dicen-

279 5791 710 5854 ietnz’Memento
740 5799 858 5865 mei,
901 5797 1137 5868 Domine,
1185 5791 1308 5853 dum
1343 5801 1536 5856 veneris
1569 5801 1620 5856 in
1651 5817 1864 5875 regnum

1972 4036 2286 4102 impetrasse
2311 4036 2323 4088 ἰ
2359 4035 2547 4101 Quem,
2585 4048 2734 4102 rogo,
2765 4034 3136 4102 intelligentiae
3161 4036 3359 4093 donum
3385 4055 3414 4096 a
3443 4042 3552 4098 Deo

1970 4107 2324 4174 postulantem
2353 4108 2580 4158 educere
2614 4119 2718 4157 non
2753 4113 2959 4173 potest,
3009 4105 3240 4176 qualiter
3279 4111 3380 4165 hoc
3410 4113 3552 4168 obti-

1969 4185 2126 4236 neat,
2176 4176 2218 4228 si
2273 4176 2422 4229 illum
2464 4176 2780 4229 versiculum
2815 4177 3008 4243 smpius
3057 4191 3238 4232 secum
3274 4184 3549 4240 ruminat:

1968 4245 2263 4300 Intellectus
2283 4247 2450 4318 Abantis
2481 4246 2713 4298 omnibus
2736 4245 3038 4318 facientibus
3064 4251 3220 4302 eum?
3257 4251 3416 4308 Certe
3443 4295 3455 4318 ,
3501 4256 3551 4312 si

1967 4315 2334 4370 tantummodo
2363 4330 2578 4370 sensum
2609 4316 2918 4387 earumdem
2949 4320 3229 4373 verborum
3262 4324 3413 4387 sciat,
3444 4315 3546 4380 Vve-

1965 4389 2285 4462 riiateinque
2332 4387 2382 4462 in
2431 4387 2515 4439 his
2559 4400 2679 4440 esse
2707 4386 2920 4462 credat,
2972 4389 3222 4462 suflicere
3246 4393 3292 4445 ei
3327 4386 3551 4462 possunt

1964 4458 2032 4512 ad
2061 4457 2308 4528 salutem.
2343 4457 2545 4513 Docent
2574 4472 2802 4528 namque
2831 4457 2980 4512 illum
3021 4460 3162 4528 quod
3195 4462 3238 4514 si
3271 4457 3544 4522 id'bonum

1963 4529 2104 4598 quod
2129 4526 2242 4596 jam
2274 4527 2520 4597 intelligit
2565 4527 2755 4598 faciat,
2787 4530 3012 4597 amplior
3040 4526 3089 4583 ei
3123 4532 3424 4588 intellectus
3455 4553 3545 4591 ve-

1965 4598 2314 4674 niataNonne
2343 4598 2661 4674 hujusmodi
2683 4597 2921 4674 doctrina
2948 4609 3000 4653 et
3026 4601 3312 4674 promissio
3335 4609 3543 4674 ample-

1962 4669 2148 4740 ctenda
2180 4679 2260 4723 cst
2286 4674 2433 4723 omni
2469 4667 2663 4723 modo?
2703 4667 2904 4724 Similis
2944 4685 3155 4740 quoque
3185 4667 3549 4740 doctrina-po-

1961 4747 2066 4794 test
2093 4739 2318 4812 inveniri
2360 4741 2410 4792 in
2445 4741 2623 4812 multis
2649 4741 2946 4812 sententiis,
2971 4754 3100 4807 quas
3123 4742 3211 4797 hic
3239 4746 3410 4812 posui.
3434 4739 3542 4803 Sed

1963 4811 2269 4879 prmdictam
2312 4810 2686 4865 sententiolam
2718 4811 2768 4862 iu
2811 4810 3167 4882 hocprologo
3205 4810 3542 4874 salutnmodu

1962 4883 2182 4950 exposui
2208 4923 2223 4946 ,
2275 4891 2330 4935 ut
2362 4883 2577 4936 lectoris
2606 4881 2840 4950 animum
2872 4880 2936 4934 ad
2971 4880 3190 4950 legenda
3224 4901 3327 4939 non
3368 4890 3541 4944 solum

1961 4950 2057 5005 ista
2087 4967 2204 5019 qua:
2235 4953 2320 5006 hic
2348 4952 2559 5021 collegi,
2588 4949 2681 5006 sed
2712 4952 2869 5005 etiam
2900 4952 2966 5006 ad
2995 4949 3171 5008 omnia
3200 4969 3367 5010 sacrae
3396 4956 3542 5014 Seri-

1959 5031 2128 5092 ptura:
2158 5025 2296 5076 dicta
2329 5023 2626 5086 incitarem.
2661 5021 2797 5076 Nulli
2824 5025 2968 5077 enim
2998 5025 3062 5077 ad
3094 5027 3314 5080 salutem
3343 5028 3540 5086 sulllcit

1958 5094 2100 5161 quod
2142 5108 2299 5164 sacra
2332 5097 2490 5147 verba
2529 5098 2646 5148 sine
2673 5092 2967 5148 intentione
2996 5094 3172 5148 cordis
3219 5097 3401 5164 audit,
3454 5102 3536 5156 vel

1960 5164 2107 5233 legit.
2139 5162 2291 5220 Unde
2318 5173 2372 5217 et
2401 5164 2652 5234 Dominus
2679 5175 2860 5218 noster
2881 5165 2932 5218 in
2959 5164 3246 5234 Evangelia
3264 5162 3538 5226 auditores

1957 5247 2082 5289 suos
2111 5235 2303 5302 sacpius
2329 5236 2578 5289 admonet
2598 5233 2806 5290 dicens:
2835 5236 2936 5301 Qui
2956 5235 3101 5286 habet
3117 5233 3275 5291 aures
3294 5241 3540 5297 audiendi

1960 5307 2160 5358 audiat.
2196 5311 2268 5358 Ac
2295 5305 2339 5358 si
2371 5306 2612 5361 diceret:
2661 5309 2760 5371 Qui
2810 5306 2966 5360 habet
3003 5306 3329 5363 voluntatem
3368 5321 3421 5364 et
3452 5315 3538 5366 in-

1963 5376 2253 5429 tentioncm
2287 5374 2454 5442 illam,
2488 5388 2543 5432 ut
2575 5378 2854 5446 praeceptis
2875 5376 3069 5430 divinis
3090 5379 3366 5446 obediens,
3399 5383 3536 5439 bona

1961 5461 2090 5522 quin
2118 5446 2367 5522 intelligit
2389 5447 2550 5501 faciat
2572 5487 2596 5522 ,Α
2628 5449 2908 5502 docentem
2942 5462 3028 5522 me
3057 5450 3255 5522 audiat.
3290 5452 3538 5522 Alioquin

1961 5515 2093 5570 nihil
2138 5518 2186 5570 ei
2242 5518 2457 5586 prodest
2489 5519 2652 5573 verba
2700 5533 2816 5572 mea
2866 5517 3071 5572 audire.
3128 5515 3538 5578 Proverbiorum

1958 5599 2136 5641 autem
2169 5589 2255 5642 hic
2279 5588 2622 5644 collectorum
2652 5588 2805 5642 dictis
2833 5590 3035 5657 parvuli
3068 5591 3290 5654 quilibet
3318 5594 3540 5647 schola-

1959 5658 2100 5729 stici,
2133 5659 2176 5713 si
2205 5660 2274 5714 ita
2304 5661 2550 5728 cuiquam
2584 5659 2846 5724 videatur,
2881 5668 3102 5727 possunt
3141 5667 3260 5729 post
3290 5663 3536 5719 Psalterii

1960 5727 2245 5785 lectionem
2276 5740 2396 5796 apte
2412 5727 2633 5784 instrui.
2673 5731 2806 5784 Sunt
2833 5730 2974 5783 cnim
3003 5727 3171 5785 multo
3202 5733 3458 5789 brevioris
3484 5744 3542 5791 et

1963 5803 2216 5871 planioris
2241 5802 2538 5870 sententiis,
2573 5815 2730 5872 quam
2763 5801 2850 5856 illa
2880 5800 3114 5859 fabulosa
3144 5804 3338 5861 Aniani
3363 5806 3538 5882 dicta;
