2030 3184
124 133 193 163 1093

158 191 273 219 Bellator
289 186 423 228 fortisqui
436 197 466 218 se
480 189 577 228 poterit
592 196 730 228 superare.

157 228 201 255 Dis
214 232 317 261 gratum
334 223 434 260 tribuit,
450 223 496 260 qui
510 226 578 261 qttod
598 226 677 253 debet
692 225 745 252 cito
756 223 852 261 reddit.

159 259 274 290 Blandus
288 259 432 289 mansuetis
445 259 494 293 sis,
506 259 694 293 districtusque
710 259 841 295 superbis.

160 299 247 326 Bestia
262 299 378 325 crudelis
390 304 440 330 est,
455 304 500 324 cor
516 304 605 332 prava:
621 297 749 323 mulieris.

158 334 252 361 Bibere
263 339 288 360 et
301 333 459 360 manducare
472 330 536 359 nulli
550 339 706 360 concessum
720 336 759 358 est
771 330 802 357 ad
821 330 911 363 gulam

121 370 291 403 explendam,
307 369 353 395 sed
367 369 398 396 ad
416 369 510 396 famem
525 369 650 402 sitimque
663 367 886 401 restringendam.

158 402 247 432 Bonus
270 412 322 432 noll
338 409 395 438 cst,
419 411 497 439 quem
517 404 647 434 malorum
674 402 831 438 improbitas
858 409 909 429 non

123 440 255 477 probavit.

508 487 531 515 C

157 545 278 573 Charitas
301 553 354 573 non
375 549 415 572 est
439 545 473 572 ab
496 544 549 572 ullo
572 542 765 578 extorquenda,
781 541 827 569 sed
848 548 907 569 cum

121 581 258 610 beneficiis
277 580 451 615 exquirenda.

159 617 282 645 Charitas
297 617 399 649 patiens
413 622 463 647 est,
478 615 592 650 benigna
606 619 658 643 est.

158 652 279 680 Charitas
294 652 379 686 opt-rit
395 651 590 678 multitudinem
607 654 785 686 peccatorum.

157 689 259 715 Charus
274 685 351 714 nemo
365 695 428 714 suos
442 686 550 714 C'tristo
566 693 721 721 praeponere
741 685 832 712 debet.

158 724 223 751 Coeli
239 728 363 750 enarrant
381 723 491 758 gloriam
507 719 603 758 Dei,'et
618 729 699 757 opera
711 728 838 748 manuum
852 719 912 755 ejus

123 759 263 787 annuntiat
281 759 488 785 firmamentum.

158 795 225 822 Cum
241 795 326 822 electo
339 795 439 822 electus
453 793 524 825 eris,
540 797 566 820 et
585 800 644 823 cum
660 799 787 827 perverso
803 798 912 826 perver-

121 830 196 858 teris.

160 866 212 894 Cor
226 865 370 893 contritum
387 869 413 892 et
428 863 595 891 humiliatum
616 863 687 891 Deus
702 870 754 889 non
769 862 908 895 despiciet.

158 901 315 928 Considerat
329 905 452 936 peccator
465 900 578 934 justum,
598 904 626 926 et
639 899 733 934 quierit
751 897 912 925 mortilicarc

122 943 194 964 eum.

159 972 232 999 Calix
247 972 272 999 in
288 979 367 998 manu
384 970 490 998 Domini
502 971 554 997 vini
572 971 637 997 uteri
654 969 748 1003 plenus
765 968 855 996 tnisto.

114 1027 120 1033 .
159 1007 327 1034 Confitemini
352 1007 464 1033 Dotuitto
487 1006 612 1039 quoniam
637 1005 731 1037 hortus,
747 1004 872 1038 quoniam
889 1004 916 1032 in

123 1044 251 1079 saeculum
268 1041 450 1079 misericordia
464 1041 532 1079 ejus.
774 1075 780 1079 _
856 1073 872 1079 __

123 1077 227 1142 DoCunt
240 1078 346 1105 dederit
357 1078 469 1105 dilectus
482 1076 538 1104 suis
549 1083 684 1108 somnum,
698 1082 760 1103 ecce
774 1075 916 1103 ltmrcditas

166 1122 245 1141 1111111..

166 1122 245 1141 1111111..

159 1149 279 1176 Custodit
295 1150 365 1177 Deus
385 1155 479 1175 omnes
494 1148 636 1183 diligentes
650 1154 690 1180 se,
706 1151 730 1174 ct
745 1153 838 1173 omnes
855 1153 917 1182 pec-

125 1189 230 1212 catores
244 1184 389 1218 disperdet.

159 1219 226 1247 Ctun
242 1217 305 1247 lacis
329 1220 539 1254 eleemosynam,
553 1218 654 1246 nesciat
664 1217 774 1245 sinistra
797 1223 838 1244 tua
855 1217 917 1253 quid

126 1255 206 1282 faciat
220 1255 311 1282 dextra
328 1259 381 1281 tua.

160 1291 265 1318 Caelum
278 1296 305 1318 et
321 1296 390 1318 terra
406 1289 569 1322 transibunt,
592 1288 673 1316 verba
696 1292 786 1315 autem
803 1288 848 1315 Dei
865 1295 917 1315 non

122 1326 285 1354 transibunt.
446 1342 449 1345 μ

161 1361 254 1390 Ωιι-ους
267 1362 289 1389 si
303 1368 374 1389 cmco
389 1360 512 1388 ducatum
529 1359 655 1394 praebeat,
672 1358 752 1386 ambo
773 1359 798 1385 in
813 1358 918 1386 foveam

120 1398 232 1425 cadunt.

160 1432 296 1467 Cogitatio.
318 1431 425 1459 humani
451 1431 540 1459 cordis
564 1437 648 1465 prona
672 1430 752 1458 estin
772 1429 872 1457 malum
885 1429 918 1457 ab

125 1467 304 1496 adolescentia
318 1475 377 1494 sua.
924 1486 932 1498 γ

162 1502 271 1530 Curatio
284 1510 391 1530 cessare
407 1503 468 1530 facit
489 1505 598 1537 peccata
614 1501 740 1529 maxima.

162 1539 228 1579 Cum
244 1539 392 1572 placuerint
406 1536 518 1587 Domitio
533 1538 582 1566 viae
599 1537 724 1571 hominis,
737 1536 836 1564 inimici
850 1544 916 1573 quo-
930 1554 954 1587 c

124 1582 178 1610 que
192 1574 247 1608 ejus
263 1579 451 1601 convertentur
465 1574 615 1610 adipatem.

161 1610 341 1645 Cogitationes
354 1610 485 1643 justorum
498 1609 607 1643 judicia.

123 1681 153 1710 in
163 1642 215 1708 Citii-
229 1645 298 1680 regis
314 1645 339 1672 in
353 1642 431 1672 manu
446 1642 505 1679 Dei,
518 1645 667 1678 ubicunque
681 1643 796 1672 voluerit
808 1642 919 1671 inclinat

158 1689 173 1708 ιι
195 1701 201 1707 .
386 1691 390 1695 ~

148 1682 201 1708 iud.
386 1691 390 1695 ~

161 1715 309 1744 Considera
325 1723 404 1748 opera
421 1715 478 1747 Dei,
495 1715 566 1750 quod
588 1723 668 1744 nemo
689 1715 772 1749 possit
786 1721 846 1742 eum
860 1721 919 1742 cor-

124 1752 223 1788 rigere,
241 1759 318 1786 quem
333 1752 376 1778 ille
392 1751 554 1788 despexerit.

161 1785 282 1815 Circulos
307 1793 403 1815 aureus
426 1787 453 1814 in
474 1786 582 1815 naribus
605 1785 671 1819 suis,
687 1785 785 1813 mulier
809 1785 919 1820 pulchra

124 1827 154 1851 et
168 1824 248 1851 fatua.

161 1859 214 1886 Cor
228 1857 343 1885 hominis
357 1858 474 1891 disponit
488 1857 557 1885 viam
573 1864 661 1892 suam,
683 1857 729 1885 sed
754 1856 858 1884 Domini
879 1860 920 1887 est

124 1894 362 1929 dirigeregressus
375 1893 444 1928 ejus.

146 1927 215 1992 bCiln-
235 1927 400 1970 sapientium
416 1929 461 1956 ubi
482 1928 587 1957 tristitia
608 1932 660 1961 est,
672 1932 701 1956 et
718 1935 764 1956 cor
776 1927 919 1955 stultorum

164 1973 171 1992 1
199 1969 292 1992 :etttta.

125 1965 171 1993 ubi
188 1965 292 1992 ltetitia.

163 2000 216 2027 Cor
230 2000 300 2035 quod
317 1999 395 2027 novit
406 1999 609 2027 amaritudinem
626 2000 722 2026 anima:
735 2006 800 2031 sum,
816 1998 842 2025 iit
856 2006 921 2033 gau-

126 2035 171 2067 dio
185 2036 243 2070 ejus
258 2044 309 2063 non
325 2035 481 2063 miscebitur
496 2041 649 2063 ertraneus.

162 2071 325 2098 Convertere
340 2071 373 2097 ad
389 2070 539 2103 Dominum,
557 2076 583 2097 et
599 2071 720 2104 relinque
741 2074 849 2102 peccata
865 2075 919 2097 tua.

161 2107 227 2134 Cani
241 2111 304 2134 sunt
315 2113 410 2134 sensus
425 2106 552 2139 hominis,
573 2111 601 2133 et
621 2111 685 2132 aetas
708 2105 853 2133 senectutis
869 2106 920 2132 vita

126 2141 308 2169 immaculata.

164 2177 212 2205 Cui
229 2178 340 2205 multum
356 2178 446 2211 datur,
461 2177 574 2204 tnultuttt
585 2175 619 2203 ab
632 2184 664 2203 eo
678 2175 801 2209 exigitur.

161 2212 355 2241 Confortamini
381 2214 407 2240 111
433 2214 566 2246 Domino,
593 2217 619 2239 et
641 2212 666 2238 111
694 2211 809 2245 potentia
837 2211 920 2239 virtus

125 2256 195 2283 ejus.

162 2284 249 2312 Corde
271 2285 390 2312 creditur
409 2284 442 2312 ad
455 2284 595 2319 justitiam,
611 2291 659 2311 ore
680 2286 767 2310 autem
788 2282 920 2310 confessio

126 2319 156 2346 fit
171 2323 203 2346 ad
218 2321 339 2347 salutem.

162 2354 231 2382 Caro
254 2356 420 2391 concupiscit
442 2356 571 2384 adversus
592 2354 727 2390 spiritum,
743 2353 852 2388 spiritus
872 2360 920 2380 au-

127 2395 181 2417 tem
195 2392 324 2419 adversus
337 2399 455 2419 carnem.

162 2427 268 2461 Corpus
293 2428 364 2461 quod
385 2426 567 2461 corrumpitur
593 2429 719 2461 aggravat
740 2425 865 2456 animam,
892 2429 921 2453 et

126 2462 253 2500 deprimit
265 2470 373 2490 sensum
387 2464 470 2500 multa
482 2466 653 2500 cogitantem.
671 2495 676 2500 '

164 2499 346 2530 Corrumpunt
361 2505 449 2525 mores
464 2498 549 2525 bonos
562 2496 693 2530 colloquia
711 2496 791 2523 mala.

163 2532 336 2560 Conﬁtemiui
362 2534 518 2561 alterutrum
545 2537 651 2567 peccata
678 2536 775 2566 vostra,
800 2536 827 2558 ct
845 2536 920 2559 orate

127 2575 174 2603 pro
190 2569 304 2596 invicem
320 2574 348 2596 ut
362 2569 512 2596 salvemini.

162 2604 229 2630 Curti
244 2605 313 2632 Deus
327 2605 416 2631 omnia
433 2605 520 2631 facere
535 2604 627 2639 possit,
640 2604 738 2631 malum
754 2607 843 2631 tamen
857 2602 919 2638 quia

128 2639 195 2666 nihil
208 2645 260 2673 est,
275 2641 362 2668 facere
378 2648 429 2668 non
444 2644 542 2674 potest.

163 2675 282 2703 Credens
298 2676 380 2703 Deum
394 2677 483 2703 omnia
499 2682 576 2711 posse
590 2680 728 2710 praestare,
743 2675 824 2709 petita
840 2674 920 2701 citius

127 2716 247 2750 meretur
261 2712 393 2750 obtinere.
868 2745 873 2750 .
897 2744 902 2750 η

163 2748 260 2774 Contra
285 2747 367 2775 Deum
392 2752 532 2775 consilium
557 2754 606 2774 nec
626 2753 750 2781 magnum
771 2751 821 2773 nec
839 2745 918 2772 mini-

128 2789 211 2808 11111111.

163 2818 247 2844 Causa
263 2826 322 2853 qure
338 2826 391 2845 non
407 2818 578 2853 praevidetur,
600 2824 652 2845 non
675 2816 804 2852 permittit
827 2823 920 2852 quem-

127 2860 206 2890 quam
222 2853 254 2880 ad
268 2855 377 2882 meliora
391 2854 532 2888 proﬁcere.

163 2890 292 2917 Coactum
307 2891 444 2918 servitium
460 2890 531 2918 Deus
543 2896 599 2918 non
611 2888 722 2924 quat-it.

726 126 998 161 PROVERBIORUM
1017 127 1130 158 LIBER.

924 191 949 219 Α
997 186 1093 213 Custos
1105 184 1237 212 castitatis
1248 188 1291 212 est
1305 182 1391 212 virtus
1405 182 1577 212 humilitatis.

1686 125 1758 158 1091

999 221 1059 249 Cito
1073 222 1097 248 in
1114 220 1225 248 crimina
1241 219 1341 255 majora
1357 221 1469 253 corruit,
1486 220 1529 256 qtti
1554 227 1632 255 parra
1653 228 1701 257 pro
1715 223 1757 252 ni-

964 257 1018 284 hilo
1032 258 1113 283 ducit.

999 294 1084 331 Caput
1098 297 1139 320 est
1155 292 1306 325 discordiae,
1321 300 1380 327 quae
1394 299 1427 319 ex
1443 292 1629 319 communibus
1650 294 1757 331 propria

963 329 1051 356 studet
1065 327 1163 355 facere.

999 363 1166 391 Coulinnntia
1183 371 1234 391 non
1251 363 1383 397 corporis,
1395 363 1442 391 sed
1457 363 1538 390 animi
1551 369 1591 391 est
1606 365 1702 393 virtus.

999 399 1117 426 Consilio
1130 406 1197 432 opus
1213 404 1253 426 est
1269 398 1347 426 facto.

998 433 1144 462 Concordia
1160 442 1248 469 parvze
1271 442 1315 462 res
1334 439 1468 468 crescunt,
1484 434 1618 463 discordia
1632 437 1755 468 maxime

963 470 1127 498 dilabuntur.

999 506 1143 534 Commoda
1157 513 1269 541 quaeque
1282 513 1341 533 cum
1357 505 1498 537 habentur,
1515 513 1596 542 parva
1614 507 1757 542 videntur;

964 549 1026 569 cum
1040 550 1103 569 vero
1119 540 1261 575 defuerint,
1277 546 1406 576 apparent
1420 546 1517 576 quinta
1534 540 1648 569 fuerttnt.

999 578 1092 604 Carnis
1116 579 1251 610 virginitas
1277 577 1396 613 quamvis
1419 577 1453 604 sit
1476 578 1568 604 coelica
1591 578 1688 613 virtus,
1705 587 1758 606 non

963 614 1073 647 proded
1087 614 1209 647 cuiquam
1226 614 1283 640 sine
1303 612 1399 640 mentis
1414 612 1578 648 virginitate.

1000 649 1168 675 Consuetudo
1185 649 1251 675 mala
1269 648 1311 675 vix
1329 653 1374 675 aut
1390 656 1523 682 nunquam
1539 654 1692 683 superatur.

1000 684 1102 711 (Icelum
1120 692 1171 711 nou
1190 685 1307 710 animum
1324 688 1437 717 mutant,
1455 684 1500 719 qui
1517 690 1591 712 trans
1608 692 1681 712 tnare
1695 692 1757 712 cur-

964 725 1034 746 I'lllll.

996 755 1104 795 Crescit
1118 762 1194 782 amor
1213 754 1325 788 nummi,
1341 758 1469 790 quantum
1495 756 1551 791 ipsa
1578 755 1690 790 pecunia
1705 763 1761 786 cre-

964 796 1025 818 SCll.

999 826 1098 863 Confer
1110 835 1187 862 opem
1201 828 1305 854 miseris
1318 834 1503 861 quamcunque
1516 827 1600 859 vales,
1612 832 1639 854 et
1655 827 1757 863 egenis.

1001 862 1081 895 Copia
1100 863 1226 889 virtutum
1243 867 1347 889 constat
1363 870 1459 896 corpus
1476 863 1546 889 velut
1562 870 1656 889 unum.

1001 897 1107 924 Crimen
1126 899 1226 932 a-quale
1241 900 1422 931 committunt,
1436 902 1463 924 et
1479 898 1499 925 is
1514 898 1559 932 qui
1576 898 1655 926 alicui
1671 898 1762 926 detra-

967 932 1014 961 1111.
1034 937 1060 960 ct
1074 934 1117 968 qui
1133 934 1316 961 detrahentem
1332 933 1446 960 libenter
1462 934 1544 961 audit.

1002 968 1068 995 Cum
1084 969 1174 997 dolore
1190 969 1369 998 abscindenda
1384 972 1457 1002 sunt,
1470 976 1530 1003 qua:
1555 968 1649 997 leviter
1668 969 1760 998 sanari

968 1011 1019 1031 non
1035 1009 1156 1038 possunt.

1003 1039 1085 1079 Cujus
1100 1040 1213 1079 quisque
1226 1039 1289 1068 facit
1303 1046 1395 1079 opera,
1411 1039 1595 1079 ejusvocatnr
1611 1040 1691 1079 filius;

1001 1074 1049 1101 Cui
1064 1074 1220 1109 graium’sit
1236 1076 1322 1103 vocari
1343 1075 1411 1103 tilins
1436 1075 1494 1109 Dei,
1512 1080 1656 1104 veneretur
1678 1075 1762 1105 Deum

968 1114 996 1138 ut
1008 1115 1119 1146 patrem,
1135 1112 1234 1139 faciens
1246 1112 1304 1146 ejus
1315 1112 1488 1139 voluntatem.

1003 1145 1149 1179 Captivitas
1172 1152 1212 1174 est
1236 1148 1361 1181 maxima,
1387 1146 1431 1174 ubi
1454 1146 1550 1174 animae
1574 1147 1688 1182 captiva:
1712 1147 1763 1185 du-

968 1187 1074 1210 cuntur.
1686 1210 1688 1213 γ

1004 1217 1108 1257 Cadens
1124 1222 1230 1257 apertos
1241 1218 1333 1257 oculos
1348 1217 1437 1249 habet,
1450 1217 1493 1257 qui
1510 1222 1582 1246 recte
1597 1218 1705 1253 quidem
1720 1218 1761 1247 lo-

968 1253 1013 1287 qui
1028 1253 1089 1285 scit,
1103 1255 1149 1280 sed
1164 1259 1237 1282 recte
1250 1254 1339 1281 vivere
1353 1254 1511 1281 contemnit.

1004 1288 1129 1325 Cupiens
1143 1296 1288 1324 agnoscere
1310 1293 1407 1325 quanta
1423 1289 1467 1316 Dei
1483 1289 1566 1325 gratia
1586 1289 1621 1317 sit
1635 1289 1705 1318 circa
1720 1297 1762 1325 se,

970 1322 1094 1362 inspiciat
1108 1322 1174 1362 alios
1186 1334 1192 1355 ς
1205 1329 1232 1352 et
1243 1324 1456 1362 queritiscunque
1471 1322 1535 1362 plus
1544 1325 1643 1362 habere
1657 1333 1686 1352 se
1700 1322 1763 1362 seu;

970 1359 1075 1395 seritin
1089 1360 1226 1395 sospitate,
1240 1360 1282 1387 vel
1297 1359 1480 1394 intelligentia,
1495 1360 1536 1387 vel
1552 1360 1578 1387 in
1594 1360 1763 1395 possessione

970 1393 1082 1456 glicujus
1104 1394 1153 1427 rei,
1177 1396 1256 1422 tantis
1280 1395 1347 1423 sciat
1366 1393 1395 1423 se
1414 1402 1475 1422 esse
1497 1393 1620 1423 ditiorem
1636 1397 1661 1423 in
1676 1398 1762 1432 gratia

994 1437 1027 1456 ci.

994 1437 1027 1456 Cl.

1006 1463 1161 1501 Communis
1181 1466 1288 1494 morbus
1301 1466 1479 1494 communiter
1494 1471 1535 1495 est
1549 1466 1707 1501 abigendus.

1006 1499 1115 1536 Corrige
1129 1506 1155 1528 te
1172 1503 1297 1536 primum,
1311 1501 1353 1536 qui
1369 1508 1456 1530 rector
1472 1503 1509 1530 sis
1522 1499 1646 1530 aliorum.

1006 1536 1175 1573 Cortveniens
1189 1538 1251 1572 quid
1263 1538 1297 1565 sit
1312 1537 1476 1572 perpendere
1487 1538 1612 1566 convenit
1622 1538 1706 1566 omni.

1005 1572 1170 1608 Compatitur
1184 1573 1246 1600 nulli
1263 1574 1306 1608 qui
1321 1581 1373 1600 non
1388 1574 1437 1600 sibi
1452 1574 1503 1601 scit
1518 1574 1651 1602 misereri.

1004 1607 1071 1635 Cum
1087 1612 1166 1643 caput
1178 1607 1299 1643 aegrotat,
1313 1615 1413 1644 corpus
1426 1609 1507 1637 simul
1518 1616 1599 1637 omne
1611 1609 1725 1639 laborat.

1354 1677 1376 1704 D

1006 1744 1132 1771 Dominus
1146 1744 1179 1772 de
1200 1744 1268 1772 coelo
1283 1744 1409 1779 prospicit
1430 1751 1511 1779 super
1526 1744 1593 1772 ﬁlios
1609 1744 1759 1780 hominum,

970 1785 997 1807 ut
1010 1780 1101 1816 rvideat
1119 1780 1141 1807 si
1159 1785 1198 1807 est
1213 1780 1362 1816 intelligens
1376 1785 1421 1807 aut
1435 1781 1573 1816 requirens
1589 1780 1685 1808 Deum.

1007 1815 1134 1852 Dominus
1145 1815 1406 1852 interrogat'justum
1422 1820 1448 1843 et
1464 1815 1594 1850 impium;
1610 1816 1655 1852 qui
1670 1820 1763 1846 autem

970 1850 1055 1885 diligit
1069 1851 1246 1886 iniquitatem,
1262 1852 1319 1880 odit
1331 1852 1445 1879 anituam
1460 1858 1546 1879 suam.

1007 1886 1134 1948 [ἶῖῐηίιιυέ
1158 1887 1232 1915 dabit
1256 1889 1368 1915 verbum
1396 1887 1641 1922 evangelizantibus
1663 1887 1762 1916 virtute

1007 1929 1014 1948 1
1039 1930 1065 1948 a.

970 1926 1065 1949 multa.

1009 1957 1135 1985 Dominus
1150 1958 1278 1985 virtutem
1294 1958 1391 1992 populo
1406 1965 1455 1986 suo
1469 1957 1552 1986 dabit.
1575 1958 1703 1987 Dominus
1716 1959 1763 1988 be-

970 1994 1069 2020 nedicit
1082 1993 1178 2027 populo
1193 2001 1241 2020 suo
1257 1994 1282 2020 in
1298 2001 1370 2028 pace.

1008 2028 1135 2055 Dominus
1145 2029 1196 2056 scit
1206 2029 1380 2064 cogitationes
1392 2028 1540 2062 hominttm,
1550 2029 1675 2065 quoniam
1688 2037 1763 2058 vana:

971 2070 1042 2091 suul.

1008 2098 1097 2137 Dulcis
1111 2104 1136 2126 et
1161 2104 1259 2137 rectus
1272 2099 1409 2137 Dominus,
1425 2105 1534 2135 propter
1548 2099 1599 2129 hoc
1614 2100 1700 2137 legem
1712 2101 1763 2129 da-

971 2135 1010 2162 bit
1026 2135 1240 2169 delinquentibus
1254 2136 1280 2162 in
1297 2136 1349 2162 via.

1009 2171 1077 2197 Deus
1090 2170 1169 2204 judex
1182 2171 1280 2206 justus,
1294 2171 1369 2198 fortis
1382 2175 1409 2198 et
1423 2171 1537 2205 patiens.

1009 2206 1135 2233 Dominus
1152 2207 1277 2233 virtutum
1292 2207 1349 2241 ipse
1362 2212 1403 2234 est
1417 2214 1463 2234 rex
1478 2207 1580 2241 glorim.

937 2240 962 2270 D
1010 2242 1078 2269 Deus
1092 2242 1234 2269 manifeste
1248 2240 1347 2274 veniet,
1364 2247 1391 2269 ct
1406 2250 1457 2269 non
1472 2240 1571 2269 silebit.

1010 2277 1108 2305 Divites
1122 2283 1251 2312 eguerunt
1265 2282 1292 2305 et
1308 2279 1468 2308 esuricrunt,
1493 2278 1659 2312 inquirentcs
1672 2283 1762 2308 autem

973 2313 1113 2340 Dotnintttn
1133 2321 1185 2340 non
1199 2314 1350 2341 minuentur
1362 2314 1433 2340 omni
1451 2314 1528 2340 bono.

971 2385 996 2413 d_
1009 2349 1145 2389 Delectari:
1159 2348 1186 2376 in
1201 2349 1323 2382 Domino,
1339 2355 1367 2376 et
1381 2349 1455 2376 dabit
1477 2349 1522 2376 ubi
1546 2350 1688 2384 petitiones
1701 2358 1762 2380 cor-

990 2393 1012 2413 IS
1027 2390 1075 2411 llll.

990 2393 1012 2413 IS
1027 2390 1075 2411 llll.

1008 2421 1115 2448 Declina
1130 2428 1144 2446 a
1160 2420 1240 2451 malo,
1253 2423 1281 2448 et
1296 2420 1337 2448 fac
1350 2420 1459 2448 bonum.

1008 2457 1073 2483 Date
1088 2462 1114 2483 et
1129 2456 1236 2484 dabitur
1250 2456 1334 2483 vobis.

1007 2491 1149 2525 Dimittite,
1167 2497 1194 2518 et
1206 2491 1353 2519 dimittetur
1367 2492 1454 2519 vobis.

1008 2527 1078 2554 Deus
1094 2534 1145 2554 non
1161 2532 1203 2554 est
1216 2532 1392 2560 mortuorum,
1408 2528 1455 2555 sed
1470 2527 1627 2556 viventium.

1011 2564 1110 2597 Dignus
1125 2568 1167 2589 est
1180 2570 1318 2597 operarius
1332 2563 1457 2592 mercede
1471 2571 1529 2591 sua.

1009 2599 1106 2632 Diliges
1122 2598 1261 2625 Dominum
1275 2598 1358 2626 Deum
1375 2604 1447 2626 tuttm
1458 2606 1491 2627 ex
1503 2604 1557 2627 toto
1568 2599 1647 2626 corde
1663 2604 1718 2632 tuo,
1734 2603 1763 2627 et

970 2643 1004 2663 ex
1019 2638 1072 2661 tota
1085 2633 1173 2660 anima
1189 2639 1242 2667 tua,
1258 2639 1286 2661 et
1300 2635 1450 2668 proximum
1465 2640 1537 2663 tuum
1553 2635 1621 2662 sicut
1636 2635 1759 2670 teipsum.

1007 2670 1078 2696 Deus
1095 2670 1180 2696 lidelis
1196 2675 1222 2697 et
1237 2670 1337 2704 absque
1353 2671 1405 2698 ulla
1420 2671 1568 2705 iniquitate.

1006 2704 1135 2732 Dominus
1151 2711 1296 2740 pauperem
1315 2705 1378 2734 facit
1399 2711 1427 2735 et
1448 2704 1525 2739 ditat,
1540 2705 1663 2733 humiliat
1677 2710 1704 2733 et
1715 2713 1761 2734 su-

970 2743 1072 2771 blimat.

1007 2776 1135 2838 Dejnicnps
1150 2777 1302 2812 mortiﬁcat,
1319 2778 1444 2811 viviiicat,
1459 2776 1568 2805 deducit
1591 2777 1625 2805 ad
1650 2776 1760 2810 inferos,

1009 2821 1039 2838 re
1060 2820 1074 2838 ll
1094 2820 1122 2838 Ι.

971 2819 998 2843 et
1009 2817 1122 2841 rettttcn.

1006 2847 1178 2913 Damnum,
1194 2854 1221 2878 et
1235 2849 1359 2878 mandata
1373 2849 1433 2882 ejus
1446 2849 1569 2883 observa,
1583 2849 1634 2877 hoc
1647 2852 1689 2876 est
1700 2854 1762 2878 om

1006 2893 1016 2913 I
1108 2902 1118 2911 -

971 2886 1016 2916 nis
1026 2886 1118 2913 homo.

1505 2977 1511 2982 .
1533 2977 1578 2982 ...ι
1604 2976 1657 2983 κ,
