4060 6368
559 358 702 423 1995

1002 362 1227 422 κΒΕΒᾹΞ
1266 361 1719 421 VENERABILIS
1755 360 1906 419 OPP.
1948 356 2123 417 PARS

2239 356 2432 415 SECT.
2470 359 2535 417 11.
2575 386 2649 402 --
2676 357 2875 418 DUBIA
2917 354 3004 415 ET
3043 355 3315 416 SPURIA.

3663 352 3803 416 £096

627 481 971 551 Disciplinam
1017 482 1221 537 Domini
1263 498 1329 539 ne
1355 482 1594 555 abjicias,
1626 498 1727 541 nec
1753 480 1973 538 deﬁcias
2001 494 2123 536 cum
2148 478 2204 538 Α
2301 476 2501 555 Est_via
2525 494 2649 555 qua:
2676 479 2886 555 videtur
2916 480 3116 536 homini
3161 481 3323 552 justa,
3372 479 3666 537 novissima
3707 495 3806 534 au-

557 552 627 608 ab
654 570 720 609 eo
747 554 1053 621 corriperis.

628 625 840 688 Diligite
872 626 1131 691 justitiam
1162 625 1250 692 qui
1277 624 1524 695 iudicatis
1552 635 1770 683 terram.

628 695 837 749 Divitias
864 696 1045 749 salutis
1072 698 1326 765 sapientia
1355 706 1410 751 et
1430 697 1676 753 scientia.

629 765 874 819 Doctrina
900 768 993 819 viri
1026 781 1118 835 per
1144 768 1449 834 patientiam
1477 768 1735 824 noscitur.

628 836 768 891 Deus
814 836 1059 906 superbis
1101 838 1323 904 resistit,
1357 839 1647 894 humilibus
1674 847 1851 895 autem
1890 835 1982 893 dat
2010 852 2128 907 gra-

559 905 702 961 tiam.

630 978 767 1032 Deus
790 976 1020 1032 charitas
1048 986 1149 1045 est,
1181 987 1235 1034 et
1257 978 1345 1049 qui
1373 990 1549 1036 manet
1570 980 1621 1035 in
1642 979 1917 1045 charitatc,
1938 980 1991 1035 in
2021 979 2128 1036 Deo

557 1058 755 1113 manet,
788 1059 834 1103 et
866 1049 1001 1102 Deus
1028 1050 1079 1102 in
1108 1065 1193 1101 eo.

631 1119 792 1189 Deum
825 1134 980 1173 nemo
1010 1121 1138 1173 vidit
1166 1136 1417 1189 unquam.

628 1188 856 1243 Dilectio
885 1192 1105 1257 proximi
1136 1188 1327 1245 malum
1367 1208 1469 1246 non
1500 1200 1769 1259 operatur.

630 1260 750 1313 Dies
782 1260 986 1314 Domini
1011 1262 1147 1314 sicut
1176 1262 1257 1314 fur
1280 1263 1331 1314 in
1358 1275 1512 1317 nocte
1539 1263 1609 1317 ita
1641 1264 1836 1318 veniet.

634 1331 978 1401 Diligentibus
1012 1332 1174 1385 Deum
1206 1335 1382 1386 omnia
1412 1344 1761 1401 cooperantur
1805 1334 1856 1387 in
1907 1332 2125 1387 bonum.

630 1399 762 1473 Dum
788 1411 991 1467 tempus
1014 1404 1287 1473 habemus,
1310 1399 1585 1471 operemur
1609 1404 1803 1457 bonum
1828 1402 1893 1458 ad
1916 1417 2123 1473 omnes,

558 1469 791 1525 maxime
821 1481 999 1525 autem
1025 1472 1090 1525 ad
1120 1469 1441 1527 domesticos
1469 1474 1611 1527 ﬁdei.

630 1539 797 1595 Deum
825 1556 1091 1610 qumreus,
1125 1543 1374 1609 gaudium
1400 1544 1589 1612 quaerit

630 1611 887 1666 Discretio
910 1622 990 1667 est
1022 1620 1189 1666 mater
1218 1614 1488 1669 virtutum.

626 1680 911 1751 Disciplina
956 1684 1035 1737 vel
1086 1680 1450 1738 misericordia
1479 1682 1698 1739 multum
1725 1683 2049 1752 destituitur,
2081 1682 2127 1739 si

554 1766 657 1807 una
688 1754 806 1806 sine
833 1754 999 1807 altera
1031 1762 1291 1809 teneatur.

2227 555 2335 602 tem
2365 550 2480 617 ejus
2507 551 2771 605 deducunt
2798 552 2862 605 ad
2891 563 3139 607 mortem.

2299 619 2476 690 Equus
2519 630 2731 690 paratur
2778 627 2841 677 ad
2875 623 3091 689 bellum,
3121 623 3215 679 sed
3247 636 3279 678 a
3319 622 3548 678 Domino
3576 620 3804 678 victoria

2222 687 2401 745 datur.

2299 760 2376 835 ξι
2406 762 2593 817 studiis
2612 762 2732 835 suis
2756 764 3060 832 agnoscitur
3078 778 3231 835 puer.

2254 831 2391 905 ‘_l§3st
2420 834 2659 888 confusio
2688 831 2957 890 adducens
2999 831 3297 905 peccatum,
3337 843 3395 893 et
3438 842 3521 890 est
3555 832 3808 890 confusio

2225 899 2495 957 adducens
2521 906 2760 969 gloriam.

2298 970 2427 1045 Esto
2458 974 2627 1028 lidelis
2656 990 2820 1043 usque
2848 975 2912 1029 ad
2945 986 3193 1045 mortem,
3238 986 3291 1032 et
3336 976 3472 1033 dabo
3514 977 3608 1032 tibi
3647 990 3811 1031 coro-

2226 1055 2347 1118 nam
2379 1042 2517 1118 vitat,
2550 1045 2679 1100 dicit
2702 1045 2848 1118 Deus
2875 1042 3235 1118 omnipotens.

2300 1112 2653 1170 Emendemus
2700 1116 2751 1169 in
2804 1118 3009 1183 melius,
3027 1112 3183 1189 'quod
3214 1120 3520 1187 ignoranter
3550 1114 3808 1187 peccavi—

2226 1196 2362 1237 mus.

2301 1254 2541 1311 Ebrietas
2592 1262 2643 1310 et
2694 1255 2910 1325 crapula
2960 1259 3104 1314 omni
3159 1257 3461 1314 Christiano
3512 1266 3595 1313 est
3651 1256 3809 1313 dete-

2224 1324 2434 1381 stands.

2301 1395 2550 1465 Escarum
2571 1396 2723 1465 copia
2746 1409 2959 1453 carnem
2986 1398 3215 1455 incendit
3238 1400 3303 1453 ad
3328 1398 3591 1453 desideria
3618 1401 3806 1453 noxia.

2298 1464 2700 1538 Eleemosynam
2746 1468 2888 1523 illam
2936 1470 3075 1526 Deus
3104 1481 3433 1537 exsecratur,
3467 1486 3583 1538 qua:
3611 1484 3677 1523 ex
3708 1483 3803 1523 ra-
3890 1478 3893 1479 '

2225 1534 2351 1604 pina
2378 1534 2664 1605 praebetur.

2301 1605 2627 1680 Erubescere
2656 1608 2851 1664 malum
2882 1610 3155 1680 sapientia:
3183 1619 3284 1677 est,
3317 1611 3637 1667 erubescere
3668 1623 3808 1665 vero

2226 1672 2423 1730 bonum
2452 1678 2726 1733 fatuitatis.

2299 1746 2453 1820 Errat
2482 1748 2746 1815 facillime,
2780 1750 2867 1820 qui
2898 1766 3001 1805 non
3046 1759 3198 1805 curat
3224 1764 3333 1820 quo
3355 1752 3549 1806 rectius
3588 1759 3802 1820 pergat.

630 1822 857 1895 Difficile
878 1823 1161 1891 corrigitur
1188 1824 1446 1895 nequitia,
1476 1838 1633 1895 quam
1663 1824 1896 1894 concipit
1923 1824 2040 1893 quis
2068 1825 2123 1881 in

2246 1850 2258 1864 .
2300 1816 2750 1895 Egensreqneest
2778 1816 2822 1874 is
2850 1823 2936 1890 qui
2972 1837 3079 1877 non
3126 1816 3257 1877 satis
3305 1820 3485 1889 habet,
3515 1816 3662 1877 et'is
3690 1816 3805 1875 'cui

592 1893 796 1947 ueritia.

552 1904 936 2037 ﬂgiigabibil
957 1963 1078 2017 mali
1103 1973 1213 2037 _est
1261 1964 1650 2035 imputandum,
1693 1965 2123 2037 quandoquidem

552 2032 669 2103 ipso
701 2035 840 2088 malo
866 2035 1027 2088 utitur
1052 2034 1115 2088 ad
1145 2032 1359 2090 bonum)

626 2103 848 2177 Difﬁcile
875 2114 959 2177 est
987 2107 1247 2177 cuiquam
1276 2120 1567 2174 agnoscere
1612 2108 1852 2164 sanitatis
1880 2107 2123 2177 gratiam,

550 2177 650 2246 nisi
685 2176 1125 2246 perginﬁrmitatis
1151 2178 1503 2246 disciplinam.

629 2244 843 2327 Deliciae
888 2255 944 2301 et
990 2244 1541 2316 epularum'varietas
1588 2248 1817 2306 fomenta
1867 2258 1991 2304 sunt
2044 2250 2126 2304 lu-

550 2329 741 2370 ιυτιεε.

552 2455 585 2511 d
625 2386 902 2509 lDolentem
933 2402 1038 2441 non
1070 2395 1245 2457 potest
1272 2388 1557 2455 consolari,
1582 2390 1674 2459 qui
1703 2405 1809 2445 non
1838 2390 2125 2446 concordat

591 2472 621 2510 o
644 2471 744 2511 ori.

591 2471 744 2511 OIOI'I.

630 2526 833 2596 Duplici
867 2528 1442 2601 reatuconstringitur.
1472 2529 1558 2599 qui
1603 2538 1655 2583 ct
1682 2530 1733 2583 in
1764 2530 1940 2599 seipso
1964 2545 2126 2601 prava

552 2601 856 2670 committit,
890 2610 945 2653 et
965 2598 1096 2653 alios
1129 2601 1383 2666 pravitate
1413 2616 1506 2654 sua
1532 2601 1839 2670 corrumpit.

626 2667 721 2722 Diu
744 2669 927 2739 jacens
953 2671 1004 2723 in
1037 2671 1287 2739 peccatis,
1317 2671 1408 2724 diu
1435 2686 1645 2739 quoque
1674 2672 1717 2725 si
1749 2667 1987 2726 converti
2035 2686 2129 2725 vo-

551 2736 709 2794 luerit
734 2736 758 2804 ,⁷
798 2736 1074 2795 diabolica)
1133 2736 1465 2796 tentationis'
1498 2736 1768 2796 molestias
1821 2742 2124 2797 sustinebit.

623 2810 764 2882 Deus
795 2812 912 2865 ideo
938 2812 1130 2865 dicitur
1156 2826 1343 2867 creans
1369 2811 1529 2881 mala,
1554 2813 1671 2881 quia
1702 2820 1756 2866 et
1776 2826 1871 2882 pro
1897 2813 2129 2881 peccatis

554 2879 751 2936 nostris
782 2882 1022 2935 immittit
1048 2882 1273 2950 ﬂagella.

626 2950 842 3005 Divinus
884 2966 1063 3005 sermo
1093 2953 1229 3005 sicut
1268 2952 1538 3021 mysteriis
1576 2950 1861 3021 prudentes
1882 2962 2124 3021 exercet,

554 3021 627 3079 lta
655 3023 938 3090 superficie
968 3022 1237 3092 simplices
1264 3021 1486 3077 refovet.

625 3092 734 3145 Deo
765 3093 933 3166 magis
963 3093 1154 3160 placet.
1182 3094 1272 3162 qui
1296 3093 1395 3148 sibi
1425 3107 1581 3163 puras
1622 3109 1781 3163 quam
1820 3094 1911 3165 qui
1942 3096 2130 3166 plenas

552 3174 741 3217 manus
769 3164 990 3231 praebet.

624 3231 909 3289 Difﬁcilius
954 3233 1255 3304 arrogantia
1302 3248 1460 3305 quam
1508 3249 1640 3289 auro
1686 3245 1741 3291 et
1781 3238 2005 3306 gemmis
2044 3251 2132 3293 ca-

555 3315 754 3358 remus.

622 3372 858 3449 Duplicis
874 3374 1080 3449 peccati
1099 3384 1277 3431 reatus
1296 3383 1397 3449 est,
1415 3387 1467 3431 et
1488 3390 1593 3431 non
1615 3390 1735 3449 esse
1759 3386 1973 3435 sanctus
1988 3377 2129 3449 quod

558 3445 815 3516 crederis,
844 3457 898 3500 et
928 3447 1179 3501 simulare
1206 3447 1348 3516 quod
1386 3458 1601 3501 sanctus
1629 3448 1723 3503 sis.

626 3512 760 3596 Dum
779 3517 968 3596 _i_r_ijusti
999 3512 1245 3596 smviunt‘,
1272 3517 1407 3596 justi
1440 3528 1747 3596 purgantur.

624 3582 999 3656 Difﬁcillimum
1029 3595 1113 3641 est
1141 3582 1411 3641 hominem
1440 3582 1674 3656 seipsnm
1718 3590 1953 3647 vincere.

628 3653 884 3724 Diuturna
914 3658 1065 3724 quies
1094 3657 1240 3711 vitiis
1269 3653 1829 3715 alimenta‘ministrat.

625 3722 856 3795 Dapsilis
884 3722 943 3780 et
969 3726 1144 3795 largus
1174 3730 1378 3781 cunctis
1408 3728 1579 3795 placet
1603 3732 1933 3787 mortalibus.

624 3792 911 3867 Dimidium
941 3792 1071 3850 facti
1095 3796 1387 3867 perfectum
1410 3792 1599 3853 dicere
1628 3800 1759 3855 noli.

626 3865 843 3937 Discere
872 3881 1084 3935 semper
1098 3865 1301 3931 habet,
1330 3867 1419 3937 qui
1461 3868 1727 3924 Christum
1755 3872 1866 3926 vult
1910 3871 2126 3930 imitari.

626 3934 892 4008 Doctrina:
920 3934 1078 3992 verba
1112 3939 1295 4007 paucis
1328 3934 1548 4008 prosunt
1576 3940 1690 3994 sine
1726 3942 1899 4000 factis.

626 4004 704 4061 De
733 4006 894 4063 rebus
923 4004 1241 4063 dubiis'noli
1271 4004 1591 4065 contendere
1622 4013 1818 4067 verbis.

631 4077 913 4133 Discordes
936 4092 1149 4146 revoca,
1181 4079 1352 4134 fautor
1378 4082 1703 4135 merentibus
1732 4086 1890 4138 insta.

629 4146 1003 4222 Divitiaehverte
1039 4161 1163 4203 sunt
1190 4151 1441 4205 virtutum
1472 4153 1609 4207 bona
1636 4167 1881 4222 qumque.

626 4216 786 4274 Dives
813 4217 1073 4275 dicendus
1103 4222 1185 4275 cui
1218 4235 1411 4291 parvus
1440 4216 1673 4293 suppetit
1701 4216 1848 4281 usus.

1329 4355 1372 4411 Ε

630 4488 885 4569 Excelsus
913 4507 1073 4569 super
1116 4508 1302 4549 omnes
1344 4504 1529 4564 gentes
1568 4495 1845 4564 Dominus,
1877 4507 1931 4553 et
1969 4512 2130 4569 super

558 4560 724 4633 emlos
747 4563 914 4631 gloria
945 4560 1079 4633 ejus.

633 4631 892 4701 Exspecta
924 4631 1227 4701 Dominum,
1267 4634 1493 4691 viriliter
1538 4652 1657 4707 age,
1706 4648 1759 4693 et
1806 4640 2136 4695 confortetur

560 4715 657 4757 cor
686 4710 855 4767 tuum,
886 4712 940 4757 et
965 4707 1165 4759 sustine
1195 4707 1495 4760 Dominmn.

632 4771 967 4847 EcceAquam
1011 4776 1204 4831 bonum
1253 4785 1307 4833 et
1350 4792 1508 4847 quam
1555 4778 1845 4847 jucundum
1894 4780 2135 4839 habitare

560 4841 753 4897 fratres
776 4842 828 4897 in
858 4858 1041 4899 unum.

633 4912 708 4987 ξι
737 4913 1054 4987 abundantia
1078 4916 1255 4971 cordis
1279 4932 1339 4972 os
1370 4917 1619 4987 loquitur.

637 4983 1135 5108 Eslotehprudeutes
1158 4988 1297 5042 sicut
1324 4983 1621 5059 serpentes,
1654 4998 1708 5046 et
1734 4992 2005 5061 simplices
2032 4992 2136 5047 sic-

647 5068 710 5108 co
737 5070 821 5109 um
862 5068 929 5107 ae.

562 5063 620 5109 ut
647 5063 929 5109 columbae.

637 5126 815 5181 Estme
843 5123 1238 5196 misericordes,
1269 5130 1405 5185 sicut
1432 5139 1487 5186 et
1516 5130 1669 5185 Pater
1696 5140 1876 5187 vester
1918 5134 2139 5190 miseri-

562 5208 685 5249 COI'S
707 5207 785 5250 BSl
794 5234 807 5249 ο

636 5266 713 5319 Ex
745 5268 916 5339 verbis
948 5269 1051 5322 tuis
1072 5265 1472 5339 justiﬁcaberis,
1493 5280 1547 5328 et
1574 5288 1637 5330 ex
1664 5270 1844 5330 verbis
1875 5273 1978 5329 tuis
2007 5290 2137 5332 con-

562 5335 921 5393 demnaberis.

637 5406 833 5530 Eadem
881 5423 1132 5466 mensura
1179 5424 1281 5481 qua
1328 5413 1498 5469 mensi
1540 5413 1775 5480 fueritis,
1825 5416 2135 5472 remetietut

676 5494 738 5530 IS.

566 5492 738 5533 VODIS.

637 5547 783 5629 Erue
802 5565 898 5607 eos
914 5551 1010 5629 qui
1038 5551 1304 5629 ducuntur
1328 5551 1395 5607 ad
1427 5564 1677 5626 mortem,
1706 5565 1762 5613 et
1794 5557 1884 5629 qui
1916 5558 2138 5616 trahun-

566 5626 650 5673 tur
678 5618 744 5674 ad
772 5618 1040 5677 interitum
1068 5624 1296 5677 liberare
1326 5637 1392 5677 ne
1421 5638 1619 5681 cesses.

635 5689 945 5761 Exsecratio
973 5695 1238 5761 peccatori
1269 5695 1476 5747 cultura
1502 5694 1618 5750 Dei.

634 5759 858 5841 Egestas
884 5772 939 5816 et
966 5759 1249 5841 ignominia
1295 5766 1345 5819 ei
1390 5768 1479 5841 qui
1526 5767 1740 5841 deserit
1772 5769 2139 5841 disciplinam,

568 5832 657 5885 oui
679 5839 855 5889 autem
884 5836 1173 5902 acquiescit
1198 5837 1458 5904 arguenti,
1490 5837 1887 5906 gloriﬁcabitur.

2226 1888 2373 1955 capia
2406 1890 2543 1942 nulla
2571 1888 2783 1944 sufﬁcit.

2296 1958 2492 2031 Eadem
2521 1960 2655 2015 velle
2681 1972 2730 2014 et
2757 1961 2941 2018 eadem
2972 1963 3133 2031 nolle,
3155 1977 3217 2020 ea
3239 1964 3452 2019 demum
3484 1964 3637 2018 ﬁrma
3666 1965 3806 2018 ami-

2224 2027 2344 2081 citia
2375 2040 2479 2083 est.

2300 2100 2375 2154 Eo
2398 2110 2639 2174 tempore
2665 2102 2889 2173 quisque
2914 2103 3097 2174 incipit
3123 2102 3296 2158 malus
3320 2118 3461 2169 esse,
3485 2119 3591 2173 quo
3622 2113 3806 2174 potest

2224 2166 2396 2224 bonus
2424 2166 2558 2227 fieri.

2304 2241 2385 2315 [:11
2408 2244 2579 2296 alieno
2599 2244 2843 2313 periculo
2868 2244 3083 2311 sapiens
3111 2258 3172 2299 se
3199 2245 3418 2315 corrigit
3445 2254 3498 2301 et
3527 2246 3803 2301 emendat.

2297 2309 2554 2385 Effectum
2589 2309 2836 2383 precibus
2866 2309 3047 2368 tribuit
3070 2330 3165 2383 pro
3195 2318 3298 2369 vita
3333 2309 3620 2385 precantis.

2298 2382 2548 2455 Egregius
2578 2382 2763 2439 doctor
2790 2385 2992 2439 faciens
3022 2382 3156 2440 bona
3186 2402 3306 2453 qua:
3332 2382 3489 2441 docet
3519 2387 3657 2455 ipse.

2296 2453 2573 2525 Eloquium
2602 2466 2842 2509 sanctum
2865 2457 3153 2525 pretiosum
3181 2459 3236 2510 ﬁt
3262 2472 3421 2525 super
3442 2453 3659 2513 aurum.

2299 2524 2429 2595 lisse
2461 2524 2567 2577 Deo
2596 2524 2877 2593 proprium
2903 2529 3110 2581 cunctis
3139 2538 3219 2581 est
3241 2524 3360 2595 jure
3386 2527 3689 2582 sciendum.

2303 2593 2503 2669 Expers
2530 2596 2793 2669 doctrinm
2823 2597 3070 2669 tenebras
3100 2593 3328 2663 patietur
3351 2599 3567 2669 ubique.

2298 2664 2466 2718 Electi
2493 2666 2665 2734 pauci,
2693 2668 2845 2721 multi
2872 2678 2995 2721 sunt
3024 2683 3151 2723 vero
3175 2669 3369 2723 vocati.

2298 2734 2395 2790 Est
2416 2740 2567 2805 quasi
2599 2752 2690 2791 vas
2721 2752 2969 2803 vacuum,
3001 2739 3087 2795 cui
3112 2752 3238 2793 cura
3259 2738 3410 2795 deest
3432 2740 3761 2796 animarum.

2995 2849 3036 2904 F

2300 2940 2498 2995 Fidelis
2524 2940 2774 3012 Dominus
2798 2943 2847 2996 in
2870 2941 3118 2997 omnibus
3143 2942 3324 3000 verbis
3345 2943 3477 3012 suis,
3507 2955 3565 3002 et
3582 2956 3801 3005 sanctus

2230 3011 2284 3068 in
2314 3012 2558 3065 omnibus
2582 3011 2835 3081 Operibus
2862 3015 2992 3069 suis.

2303 3081 2717 3136 Firmamentum
2746 3092 2827 3137 est
2852 3082 3105 3139 Dominus
3132 3083 3441 3143 timentibus
3469 3100 3615 3143 eum.

2305 3151 2525 3225 [lumen
2555 3150 2655 3225 Dei
2679 3153 2938 3225 repletum
2969 3163 3051 3209 est
3076 3156 3246 3225 aquis.

2306 3222 2472 3278 Filius
2515 3222 2744 3277 hominis
2789 3237 2895 3278 non
2940 3225 3084 3280 venit
3123 3222 3439 3293 ministrari,
3489 3228 3585 3284 sed
3638 3231 3793 3286 mini-

2230 3301 2423 3374 strare,
2472 3302 2526 3347 et
2576 3293 2705 3349 dare
2749 3296 2983 3349 animam
3030 3309 3179 3351 suam
3229 3297 3653 3367 redemptionem
3702 3317 3798 3374 pro

2232 3366 2430 3419 multis.

2307 3435 2430 3515 filii
2461 3435 2617 3505 hujus
2644 3434 2822 3492 πουιὶ
2852 3433 3220 3507 prudentiores
3242 3436 3364 3494 ﬁliis
3392 3453 3525 3495 .ucts
3555 3442 3608 3497 in
3633 3458 3796 3515 gene-

2230 3506 2434 3563 ratione
2463 3523 2555 3561 sua
2578 3516 2722 3563 sunt.

2300 3576 2486 3652 Facite
2524 3580 2672 3652 vobis
2699 3577 2997 3652 amicosde
3037 3591 3339 3652 mammona
3386 3578 3707 3652 iniquitatis,
3737 3595 3794 3642 ut

2148 3692 2185 3721 ι.
2228 3661 2351 3772 culo
2386 3647 2710 3715 defeceritis,
2764 3647 3023 3717 recipiant
3065 3662 3161 3704 vos
3204 3650 3256 3705 in
3302 3647 3501 3707 eterna
3547 3647 3793 3711 taberna-

2148 3734 2149 3738 η
2228 3732 2368 3772 cua.

2140 3762 2144 3767 ’
2214 3732 2530 3865 iui-iisan
2557 3798 2639 3846 est
2665 3790 2925 3865 camelum
2967 3804 3063 3860 per
3105 3789 3341 3865 foramen
3390 3807 3518 3850 acus
3566 3805 3784 3865 intrare,

2229 3875 2388 3933 quam
2417 3861 2634 3917 divitem
2666 3863 2866 3917 intrare
2894 3862 2948 3917 in
2979 3875 3199 3933 regnum
3233 3862 3348 3919 Dei.

2304 3930 2410 4010 Fur
2437 3946 2541 3988 non
2584 3933 2731 3988 venit
2758 3932 2859 3988 nisi
2897 3941 2956 3987 ut
2999 3929 3207 3987 fu’retur
3246 3942 3301 3988 et
3348 3943 3543 3992 mactet
3588 3947 3646 3993 et
3671 3952 3791 4010 per-

2229 4000 2785 4153 fla‘lizrangeesurienti
2806 4087 2999 4145 panem
3029 4082 3202 4141 tuum,
3231 4081 3287 4130 et
3312 4087 3510 4145 egenos
3531 4094 3789 4153 vagosque

2139 4119 2149 4150 ⁵
2232 4119 2897 4200 ιηᾱιὶἑῖιῗέιῖπῖιὶὲιῖἱῖἱῖυἶῖ

2303 4212 2523 4286 frustra
2551 4216 2742 4286 jacitur
2772 4224 2885 4271 rete
2912 4223 3037 4271 ante
3064 4217 3246 4271 oculos
3277 4228 3647 4286 pennatorum.

2302 4284 2480 4339 Favus
2510 4285 2716 4338 stillans
2765 4286 2900 4340 labia
2944 4284 3363 4353 meretricis,'et
3411 4290 3626 4344 nitidius
3676 4291 3791 4347 oleo

2233 4364 2415 4475 guttlur
2442 4354 2581 4424 ejus,
2613 4354 2902 4411 novissima
2931 4368 3105 4412 autem
3151 4359 3293 4413 illius
3319 4373 3497 4413 amara
3527 4362 3677 4429 quasi
3701 4364 3790 4417 ab-

2232 4433 2340 4478 smt
2361 4441 2506 4478 num.

2307 4493 2485 4567 Fallax
2515 4495 2685 4566 gratia
2732 4506 2786 4552 et
2823 4510 2954 4551 vana
2982 4505 3071 4567 est
3109 4498 3470 4567 pulchritudo,
3510 4502 3703 4558 mulier
3729 4503 3792 4557 ti-

2157 4555 2213 4619 D
2239 4579 2391 4619 mens
2421 4555 2609 4629 Deu'm,
2640 4567 2753 4635 ipsa
2786 4566 3104 4624 laudabitur.

2314 4635 2571 4708 flagellat
2611 4638 2750 4692 Deus
2770 4653 2980 4691 omnem
3012 4639 3175 4692 tilium
3204 4654 3360 4708 quem
3394 4641 3602 4708 recipit.

2308 4705 2601 4778 generatur
2624 4708 2869 4771 Domino.
2909 4708 2998 4776 qui
3029 4705 3309 4763 miseretur
3339 4705 3606 4778 pauperis.

2311 4776 2466 4847 Fugit
2510 4778 2702 4846 impius
2744 4780 2955 4832 nemine
3003 4776 3373 4848 persequente,
3410 4776 3585 4849 justus
3624 4790 3789 4836 autem

2236 4851 2387 4917 quasi
2420 4850 2504 4903 leo
2531 4849 2803 4903 conﬁdens
2831 4850 3031 4916 absque
3062 4858 3268 4904 terrore
3291 4855 3414 4905 erit.

2310 4917 2527 4993 Fiducia
2558 4933 2745 4993 magna
2774 4921 2877 4973 erit
2902 4933 3082 4974 coram
3114 4920 3221 4973 Deo
3264 4921 3607 4993 eleemosyna
3633 4922 3790 4978 omni.

2238 4987 2338 5044 bus
2368 4989 2681 5043 facientibus
2709 5003 2849 5044 eam.

2309 5059 2729 5131 Fundamentum
2759 5058 2900 5113 aliud
2946 5074 3104 5115 nemo
3134 5068 3310 5129 potest
3338 5076 3561 5129 ponere,
3612 5073 3792 5131 prater

2237 5129 2291 5185 id
2313 5130 2453 5199 quod
2484 5131 2713 5199 positum
2735 5139 2841 5196 est,
2873 5131 3012 5200 quod
3055 5141 3138 5185 e5t
3163 5131 3405 5187 Christus
3424 5132 3607 5188 Jesus.

2311 5201 2505 5255 Fidelis
2526 5214 2711 5273 sermo
2752 5210 2827 5273 et,
2852 5201 3017 5273 omni
3044 5201 3352 5273 acceptione
3398 5203 3609 5273 dignus,
3662 5202 3791 5272 quod

2236 5272 2479 5344 Christus
2515 5270 2668 5325 Jesus
2710 5272 2858 5326 venit
2902 5274 2955 5325 in
3005 5271 3149 5327 hunc
3192 5270 3795 5344 muudum‘peecatores

2236 5342 2412 5398 salvos
2439 5341 2633 5395 facere.

2311 5411 2471 5466 Fides
2511 5412 2892 5480 sperandarum
2930 5410 3222 5468 substantia
3268 5423 3353 5470 est
3400 5429 3605 5484 rerum,
3648 5429 3795 5485 arguo

2237 5493 2475 5540 mentum
2503 5497 2607 5535 non
2638 5486 3026 5553 apparentium.

2314 5552 2470 5623 fides
2497 5554 2612 5608 sine
2639 5552 2887 5623 operibus
2917 5562 3120 5609 mortua
3145 5563 3250 5609 est.

2312 5622 2687 5678 Fornicatores
2709 5634 2761 5678 et
2782 5625 3053 5680 adulteros
3074 5624 3331 5692 judicabit
3361 5626 3522 5682 Deus.

2310 5693 2495 5765 [frater
2523 5695 2567 5748 si
2599 5696 2813 5750 fratrem
2843 5696 3078 5765 adjuvat,
3110 5698 3268 5752 ambo
3294 5698 3731 5752 consolabuntur.

2308 5763 2759 5891 Fablrigggrporis
2778 5763 2948 5835 calor,
2978 5763 3142 5825 febris
3182 5783 3313 5825 vero
3338 5772 3499 5825 animi
3528 5779 3610 5827 est
3633 5767 3796 5824 avari-

2308 5862 2313 5891 l
2438 5852 2449 5889 I
2494 5852 2505 5890 Ι
2581 5874 2597 5891 ο

2240 5836 2313 5894 tia
2337 5845 2391 5890 et
2415 5836 2597 5892 libido.
