4060 6368
277 328 406 386 1097

342 441 712 496 Fortissimum
739 442 1000 512 jejunium
1027 451 1110 498 est
1137 445 1285 512 panis
1313 452 1367 497 et
1388 457 1543 507 aqua.

341 513 628 582 Flagellum
672 513 763 569 Dei
795 524 919 568 tunc
948 513 1101 568 diluit
1123 515 1354 582 culpam,
1397 527 1515 567 cunt
1546 514 1828 568 mutaverit

266 595 451 636 νιιειῐη.

342 653 599 722 Fraudem
630 651 740 706 Deo
771 651 945 708 facere
983 653 1210 717 videtur,
1263 653 1376 720 qui,
1417 653 1688 721 proposito
1714 653 1827 722 spi-

268 721 472 776 ritualis
491 723 611 776 vitae
640 723 846 788 relicto,
880 723 944 775 ad
975 727 1222 777 s:r-culuut
1253 724 1555 778 revertitur.

341 792 533 846 Futura
567 792 846 861 providere
873 793 1176 860 specialiter
1207 795 1434 860 pertinet
1463 793 1526 846 ad
1568 791 1686 847 illos
1710 793 1829 861 qui-

267 861 365 916 bus
391 877 516 916 cura
544 861 824 916 commissa
851 875 930 915 est
960 877 1118 930 super
1147 865 1300 917 alios.

339 932 528 1002 Frigus
553 942 608 986 et
636 930 806 987 fames
853 932 1076 1001 simplici
1125 936 1316 988 vestitu
1365 932 1590 1002 ciboque
1633 933 1826 1002 expelli

303 1013 463 1058 otest.

267 1016 608 1127 poi’ﬁillelibus
632 1085 731 1125 nox
761 1071 812 1124 in
843 1071 982 1124 diem
1016 1081 1265 1136 mutatur,
1317 1072 1617 1127 infidelibus
1647 1082 1824 1126 autem

265 1141 379 1223 ipsa
410 1144 566 1196 etiam
597 1143 994 1223 luxtenelirosa
1023 1142 1266 1222 efficitur.
1296 1212 1308 1223 ι
1782 1213 1794 1223 δ

336 1212 581 1266 Formam
608 1212 842 1266 mulieris
865 1227 967 1265 non
999 1212 1208 1266 animus
1232 1212 1375 1280 prius
1402 1227 1560 1282 quam
1587 1213 1826 1282 corporis

263 1283 448 1337 oculus
473 1285 821 1350 concupiscit.

334 1350 660 1418 Frequenter
688 1359 1007 1427 superantur
1043 1353 1414 1427 prosperitate,
1463 1355 1550 1422 qui
1581 1353 1824 1424 superari

261 1435 367 1474 non
401 1430 642 1488 poterant
668 1421 1008 1474 adversitate.

335 1491 608 1544 Fortitudo
651 1491 912 1560 justorum
942 1501 1021 1545 est
1051 1505 1261 1547 carnem
1308 1493 1542 1560 vincere,
1586 1495 1823 1550 delecta-

260 1559 456 1614 tionem
489 1563 606 1613 vitm
638 1561 912 1626 praesentis
941 1562 1298 1630 exstinguere.

332 1630 606 1683 Fortitudo
635 1633 976 1698 reproborum
1007 1642 1090 1686 est
1135 1633 1436 1686 transitoria
1475 1634 1591 1686 sine
1645 1646 1826 1687 cessa-

231 1698 404 1770 ‘tione
431 1701 669 1772 diligere,
703 1710 887 1756 contra
919 1701 1127 1772 ﬂagella
1155 1701 1458 1758 CODdilOl‘iS
1487 1703 1814 1759 insensibili-

255 1778 340 1823 ter
369 1771 672 1835 perdurare.

333 1841 626 1913 Formidari
661 1839 902 1896 diabolus
935 1856 1038 1897 non
1067 1842 1248 1911 debet,
1279 1844 1368 1913 qui
1401 1844 1532 1897 nihil
1575 1844 1675 1899 nisi
1706 1857 1826 1912 per-

251 1911 448 1962 ntiSsus
478 1911 636 1966 valet.

330 1980 546 2034 Frustra
588 1981 703 2044 niti,
757 1995 854 2034 nec
881 1981 1024 2034 aliud
1071 1997 1130 2037 se
1175 1983 1464 2052 fatigando,
1518 1983 1618 2038 nisi
1644 1985 1824 2040 odium

247 2065 514 2118 quaerere,
547 2060 806 2104 extremm
836 2053 1120 2106 dementiae
1149 2063 1249 2107 est.

327 2119 538 2192 Frustra
566 2135 661 2187 pro
688 2121 859 2176 salute
900 2124 1144 2192 corporis
1174 2125 1478 2190 laboratur,
1533 2123 1633 2178 nisi
1679 2126 1825 2183 salus

245 2191 443 2244 anima:
467 2191 788 2246 obtineatur.

325 2259 554 2334 facilius
585 2261 825 2334 sacculos
855 2275 1011 2330 quam
1043 2263 1399 2332 nosmetipsos
1426 2265 1772 2334 abnegamus.

325 2329 559 2404 Fidelius
583 2339 636 2384 et
681 2329 883 2396 gratius
928 2335 1243 2402 obsequium
1280 2329 1396 2401 est,
1448 2329 1590 2404 quod
1641 2351 1826 2393 amore

241 2399 423 2463 magis
443 2414 601 2467 quam
637 2411 779 2454 metu
807 2403 1026 2468 geritur.

323 2468 550 2522 Ferrcas
579 2478 784 2524 mentes
813 2472 978 2524 libido
1008 2471 1210 2526 domat.

331 2537 579 2615 Flamma:
607 2538 1394 2615 inexstinguibili.quandoque
1430 2543 1686 2608 tradetur.
1735 2547 1824 2615 qui

239 2605 338 2684 hic
359 2608 592 2684 avaritia:
617 2619 672 2663 et
712 2605 927 2666 malitia:
951 2628 1064 2666 sua:
1090 2605 1330 2667 incendia
1367 2605 1703 2684 exstinguere
1735 2605 1824 2670 tie-

237 2677 430 2745 glexit.

309 2746 516 2868 (fariilis
542 2748 695 2805 venia
735 2749 860 2807 huic
892 2759 975 2808 est
1001 2751 1192 2819 danda,
1242 2753 1329 2823 qui
1375 2770 1480 2810 non
1531 2765 1715 2824 peccat
1759 2774 1822 2811 ex

351 2833 408 2868 US
440 2833 536 2868 na.

244 2817 536 2872 industria.

322 2886 535 2964 Fortior
563 2896 647 2942 est
680 2891 771 2960 qui
810 2890 1126 2962 cupiditates
1170 2907 1330 2963 quam
1359 2897 1447 2964 qui
1493 2895 1674 2951 hostes
1701 2898 1826 2952 sub-

244 2955 384 3008 iicit.

234 2972 491 3080 J'ciié'mx
545 3037 704 3110 atque
766 3030 1033 3100 inquietus
1084 3034 1316 3104 linguam
1373 3049 1586 3106 semper
1641 3037 1823 3107 litigiis

239 3109 513 3169 exercens
540 3109 660 3153 cant
690 3111 1048 3169 comparatur.

320 3164 674 3249 Fornicatnur
698 3186 726 3223 a
762 3164 1008 3237 Domino,
1039 3173 1249 3249 quando
1277 3175 1592 3233 adulterinis
1621 3180 1824 3249 cogita.

240 3235 485 3309 tio_nibus
514 3237 582 3309 ab
610 3239 726 3309 ejus
748 3255 932 3296 amore
959 3235 1106 3297 casto
1127 3244 1422 3300 deviamus.

313 3304 499 3385 f‘mdis
539 3304 931 3385 immundisque
978 3312 1284 3371 libidinibus
1331 3317 1562 3385 deditus,
1595 3320 1826 3376 sordidae

237 3377 362 3446 suis
388 3378 712 3446 voluptatem
745 3377 996 3436 Imitatur.

319 3444 758 3530 Facile.'_ofl‘etidit
785 3452 875 3521 qui
907 3469 1012 3507 non
1042 3454 1277 3523 optimis,
1311 3457 1404 3512 sed
1446 3459 1692 3528 pessimis
1718 3462 1828 3530 pla-

235 3529 370 3586 cere
395 3519 561 3586 cupit.

319 3585 500 3656 fortia
529 3597 678 3656 gesta
702 3597 806 3644 tua:
834 3606 903 3646 ne
927 3593 1261 3648 demonstres
1286 3597 1392 3650 cito
1420 3597 1561 3651 vitae.

315 3653 469 3734 felix
499 3653 586 3726 qui
615 3661 854 3734 requiem
887 3663 1082 3730 poterit
1106 3674 1324 3729 captare
1351 3682 1660 3734 perennem.

311 3724 358 3804 ξ
361 3724 527 3782 elices
550 3724 805 3804 oculi'qui
828 3724 1058 3804 cernunt
1086 3724 1270 3804 gaudia
1300 3724 1444 3791 coeli.

310 3793 514 3875 {ferrea
536 3813 686 3852 mens
711 3793 870 3856 dictis
891 3793 1396 3875 crebrovsupcratur
1425 3806 1637 3875 iniquis.

311 3863 600 3943 [fructibus
629 3883 694 3923 ex
723 3873 952 3943 propriis
975 3875 1137 3928 arbor
1162 3863 1501 3943 cognoscitur
1518 3863 1726 3933 'omnis.

314 3935 469 3992 Finis
498 3935 750 4009 praecepti
775 3935 987 3998 constat
1014 3935 1465 4002 dilectio'christi.

1005 4137 1050 4195 G

309 4287 536 4363 Gustate
563 4299 619 4348 et
647 4292 824 4349 videte
871 4293 1124 4363 quoniam
1155 4295 1334 4349 suavis
1384 4302 1471 4349 est
1519 4293 1811 4350 Dominus:

231 4361 427 4432 bca_tus
449 4362 528 4416 vir
556 4363 644 4432 qtti
673 4373 852 4432 sperat
881 4361 932 4418 in
960 4378 1044 4418 eo.

308 4430 553 4488 Gloriosa
575 4430 725 4487 ‘dicta
750 4443 876 4488 sunt
899 4435 967 4489 de
992 4444 1062 4499 te,
1091 4434 1278 4489 civitas
1303 4435 1418 4490 Dei.

305 4500 543 4572 Gratiam
571 4512 625 4557 et
655 4503 877 4572 gloriam
907 4505 1054 4558 dabit
1085 4507 1360 4560 Dominus.

307 4570 601 4644 Generatio
631 4570 898 4628 rectorum
928 4574 1294 4630 benedicetur.
1639 4639 1646 4644 _

307 4641 569 4713 Gaudium
597 4644 703 4697 erit
743 4644 796 4697 in
835 4645 973 4699 emlo
997 4659 1157 4712 super
1191 4660 1296 4699 uno
1327 4656 1604 4711 peccatore
1636 4641 1808 4713 poeni-

231 4709 458 4786 tentiam
486 4722 692 4786 agente,
723 4727 882 4786 quam
908 4709 1077 4782 super
1104 4709 1389 4786 nonaginta
1417 4731 1602 4772 novem
1628 4709 1802 4785 justis,

227 4781 340 4851 qui
355 4795 460 4834 non
486 4782 720 4851 indigent
743 4781 1070 4851 poenitentia.

303 4847 481 4904 Grave
502 4862 587 4906 est
605 4847 803 4906 saxum
826 4863 881 4908 et
917 4869 1139 4910 onerosa
1183 4870 1368 4922 arena,
1416 4857 1508 4911 sed
1540 4857 1616 4911 ira
1660 4859 1805 4914 stulti

226 4929 460 4990 utroque
495 4923 726 4990 gravior.

305 4986 676 5063 Gloria'patris
705 4992 842 5048 filius
866 4995 1078 5063 sapiens
1106 5004 1207 5048 est.

301 5058 479 5136 Gloria
506 5058 560 5116 et
589 5064 756 5136 honor
791 5073 846 5118 et
886 5058 985 5133 pax
1017 5067 1160 5120 omni
1187 5066 1430 5136 operanti
1461 5066 1682 5136 bonum,
1715 5069 1806 5124 Ju-

221 5127 348 5197 daeo
377 5131 602 5197 primum
631 5141 685 5187 et
715 5127 922 5188 Graeco.
1226 5127 1238 5136 ’
1591 5173 1594 5175 λ

304 5195 484 5254 Gloria
533 5211 715 5257 nostra
754 5205 870 5259 haec
913 5214 1014 5271 est,
1065 5206 1418 5261 teStimouium
1459 5209 1805 5265 conscientia:

221 5278 448 5323 IIOSlTIB.

297 5337 520 5411 Gemina
545 5339 758 5411 dilectio
787 5343 1029 5400 homines
1058 5345 1181 5399 fecit
1209 5347 1477 5411 proximos
1503 5347 1632 5401 Deo.

297 5408 529 5484 Grandis
552 5410 750 5484 offensa
775 5417 914 5468 nolle
943 5417 1150 5484 plaCare
1187 5408 1345 5484 quem
1373 5417 1678 5473 oernderis.

301 5478 532 5560 Grandis
557 5479 810 5538 Ecclesia:
840 5478 1133 5541 desiructio
1169 5478 1407 5554 néglecta
1435 5491 1800 5546 coenobiorum

219 5561 481 5618 prqusto.
1791 5573 1796 5596 ί

299 5616 466 5690 Gestu
493 5621 736 5690 corporis
764 5623 978 5679 habitus
1004 5623 1398 5681 demonstratur
1429 5629 1642 5682 mentis.

296 5687 518 5771 Gladius
547 5687 767 5771 utraque
794 5704 939 5750 parte
968 5706 1156 5753 acutus
1194 5707 1278 5753 est
1307 5699 1525 5754 verbum
1557 5699 1671 5768 Dei,
1708 5715 1797 5770 pe-

217 5768 444 5815 netrans
474 5768 702 5815 animam
727 5774 780 5817 et
806 5779 1020 5833 corpus.

509 5854 779 5915 ιἰτιιοι..
829 5855 958 5918 XC.

1476 327 2006 386 PROVERDIORUM
2051 329 2271 387 LIBLtt.

1857 448 1906 505 Δ

3377 339 3393 390 l
3407 335 3511 392 098

2006 443 2397 520 Gravissimum
2432 443 2718 498 inimicitia:
2749 460 2935 515 genus,
2971 444 3125 501 labiis
3163 446 3507 520 benedicere,

1933 520 1988 566 et
2015 513 2177 567 corde
2208 516 2547 568 maledicere.

2003 582 2230 657 Gloriari
2270 586 2624 657 etsuperhire
2674 600 2773 657 pro,
2816 587 3143 656 temporibus
3185 589 3513 657 commodis,

1929 650 2183 706 indicium
2210 662 2291 706 est
2315 650 2475 707 animi
2505 650 2830 722 insipientis.

2000 722 2289 798 Gloriosius
2314 723 2674 798 estinjuriam
2705 725 2930 781 tacendo
2961 726 3188 783 tolerare
3227 743 3384 798 quam
3415 745 3502 785 re-

1931 793 2244 858 spondendo
2275 795 2569 848 vmdicare.

1998 861 2199 933 Gaudia
2227 863 2427 931 integra
2458 879 2712 933 nusquam
2743 873 2866 919 sunt
2895 866 2946 918 in
2977 875 3136 920 terra.

2001 929 2153 1008 Gula:
2182 942 2267 1008 __ct
2312 929 2536 988 luxuria:
2575 929 2797 990 deditus
2850 948 3190 1005 comparatur
3245 939 3506 1008 iumentis

1929 1001 2318 1066 insipientibus.

1925 1139 1956 1193 ὁ
1999 1070 2173 1192 Gratis
2215 1088 2244 1126 a
2295 1075 2402 1128 Deo
2445 1074 2586 1138 data,
2638 1076 2802 1143 gratis
2831 1073 2988 1129 etiam
3034 1089 3158 1133 sunt
3187 1078 3498 1138 hominibus

1961 1156 2116 1193 ama.

1961 1141 2116 1194 anda.

2002 1209 2190 1264 Gravis
2216 1212 2428 1265 animus
2453 1211 2666 1267 dubiam
2697 1229 2801 1268 non
2833 1217 3000 1271 habet
3027 1219 3368 1276 sententiam.

1995 1280 2168 1358 Grave
2192 1293 2274 1336 est
2305 1293 2602 1351 peccatum,
2637 1289 2775 1340 unde
2811 1288 3008 1356 aliquis
3040 1291 3290 1358 peceandi
3335 1293 3502 1347 sumit

1925 1352 2246 1417 exemplum.

1990 1420 2277 1501 Geueralia
2326 1421 2604 1477 commoda
2637 1440 2794 1480 nemo
2842 1423 3016 1483 facere
3042 1427 3201 1484 debet
3227 1429 3328 1486 sibi
3371 1447 3497 1502 pro-

1965 1503 2059 1543 I13.

1925 1505 2154 1633 p‘Ei-ata
2181 1560 2288 1616 Deo
2312 1559 2450 1616 dona
2481 1562 2603 1629 fert,
2633 1565 2720 1632 qui
2753 1565 2943 1633 frangit
2975 1568 3109 1621 mala
3139 1579 3282 1623 vota.

1995 1628 2245 1702 Gaudeas
2276 1633 2341 1702 in
2361 1628 2784 1702 Dominogustat
2811 1628 3126 1692 suavissima
3156 1643 3338 1696 mella.

1995 1698 2211 1776 Grande
2237 1701 2410 1776 scelus
2433 1698 2818 1770 grandi'studio
2844 1706 3000 1760 debet
3025 1713 3287 1776 superari.

2001 1770 2177 1844 Gloria
2220 1772 2482 1844 mundana
2511 1776 2676 1842 nullis
2699 1784 2782 1829 est
2811 1791 3028 1844 prorsus
3053 1770 3296 1834 amanda.

2002 1838 2182 1895 Gratia
2212 1843 2324 1896 sola
2349 1842 2441 1896 Dei
2471 1858 2606 1912 quos
2629 1838 2736 1899 vult
2765 1838 2888 1902 facit
2909 1847 3014 1903 alta
3047 1852 3264 1904 mereri.

2699 1980 2744 2035 ΙΙ

2002 2086 2170 2168 ﬂomo
2193 2089 2330 2144 sicut
2357 2090 2554 2168 fenum,
2585 2091 2700 2148 dies
2722 2094 2836 2162 ejus
2867 2102 3112 2162 tauquam
3138 2097 3234 2152 llus
3261 2101 3395 2168 agri.

2005 2159 2178 2240 Homo
2203 2173 2322 2240 cum
2373 2164 2450 2240 in__
2472 2164 2674 2216 hooore
2701 2159 3272 2240 _e's_set,ncompuratus
3293 2159 3383 2226 cst
3409 2171 3505 2240 ju-

1929 2229 2127 2282 meutis
2166 2229 2555 2297 inspientibus,
2587 2243 2639 2286 et
2669 2234 2857 2287 similis
2896 2229 3072 2289 factus
3097 2248 3177 2291 est
3207 2241 3329 2294 illis.

2001 2299 2171 2378 flomo
2203 2301 2420 2355 vanitati
2469 2304 2659 2357 similis
2694 2304 2862 2360 factus
2891 2315 2991 2370 est,
3035 2307 3150 2362 dies
3205 2308 3322 2378 ejus
3363 2312 3502 2368 sicut

1929 2368 2112 2421 umbra
2137 2380 2479 2436 praetereant.

1999 2438 2144 2493 Habe
2171 2440 2414 2496 fiduciam
2445 2444 2495 2494 in
2531 2441 2756 2498 Domino
2788 2461 2851 2498 ex
2886 2453 2995 2499 toto
3021 2446 3182 2501 corde
3209 2457 3319 2502 tuo.

2001 2511 2171 2563 llomo
2196 2511 2341 2566 videt
2372 2513 2422 2566 in
2455 2513 2606 2576 facie,
2643 2515 2781 2567 Deus
2807 2532 2871 2568 au
2900 2530 2981 2570 em
3013 2517 3246 2572 intuetur
3276 2534 3387 2574 cor.

2005 2579 2297 2659 Ilzereditas
2325 2582 2390 2659 ad
2421 2598 2576 2659 quam
2607 2583 2884 2659 festinatur
2914 2588 2964 2639 itt
3000 2589 3280 2659 principio,
3336 2591 3389 2645 iu
3413 2608 3504 2646 no-

1928 2647 2144 2702 vissimo
2176 2647 2544 2705 benediCtiOne
2568 2654 2792 2706 carebit.

2001 2719 2209 2800 Honora
2244 2721 2524 2775 Dominum
2547 2726 2622 2800 _de
2652 2733 2734 2776 tua
2765 2723 3084 2800 substantia,
3118 2737 3172 2782 et
3203 2727 3268 2782 de
3307 2732 3496 2800 primi-

1932 2787 2255 2861 tiis_frugum
2290 2800 2495 2845 tuarum
2528 2792 2594 2846 da
2622 2796 2963 2861 pauperibus.

2001 2859 2365 2934 Humiliamini
2395 2863 2491 2934 sub
2525 2859 2737 2930 potenti
2758 2880 2914 2918 manu
2947 2865 3062 2934 Dei,
3094 2877 3150 2922 ut
3180 2882 3274 2924 vos
3306 2871 3503 2926 exaltet

1930 2930 1980 2982 in
2009 2938 2246 2998 tempore
2273 2932 2606 2986 visitatiouis.

1999 2998 2230 3072 ililarem
2260 3001 2498 3072 datorem
2525 3002 2698 3072 diligit
2731 3003 2886 3058 Deus.

1999 3069 2140 3147 liora
2170 3079 2250 3124 est
2271 3071 2379 3147 jam
2413 3069 2808 3147 nosd‘e‘somno
2839 3091 3080 3147 surgere.

1851 3139 1895 3200 C
2001 3139 2171 3194 Homo
2194 3139 2429 3196 naScitur
2453 3143 2515 3197 ad
2551 3143 2805 3205 laborem,
2835 3139 2961 3199 avi;
2979 3151 3042 3203 ad
3079 3150 3331 3206 volatum.

2000 3210 2319 3284 Hmreticum
2368 3214 2658 3284 hominem
2726 3226 2845 3284 post
2901 3233 3060 3276 unam
3110 3230 3164 3276 et
3211 3222 3498 3278 secundum

1927 3282 2316 3349 correptionem
2348 3283 2543 3339 devita.

2003 3350 2332 3406 llorrenduui
2360 3364 2441 3408 est
2464 3355 2701 3409 incidere
2733 3357 2782 3410 in
2817 3374 3004 3412 manus
3033 3359 3150 3415 Dei.

2002 3422 2298 3477 llumanum
2345 3435 2428 3479 est
2455 3440 2698 3494 peccare,
2745 3429 3065 3484 diabolicum
3114 3445 3240 3487 vero
3268 3441 3349 3486 est
3381 3447 3500 3501 per-

1926 3506 1984 3544 se
1994 3507 2110 3546 vera
2119 3507 2196 3546 re.

1998 3562 2108 3616 Hoc
2138 3563 2315 3618 studio
2343 3567 2579 3643 converti
2627 3569 2852 3638 quisque
2881 3569 3040 3625 debet
3079 3570 3145 3624 ad
3175 3571 3334 3639 bona,
3385 3589 3493 3643 quo

1925 3645 2172 3701 operatus
2202 3643 2284 3689 est
2314 3637 2472 3688 mala.

1926 3774 1959 3826 ι)
1998 3703 2242 3784 Manebat
2265 3704 2459 3774 jugiter
2487 3705 2538 3760 in
2572 3708 2745 3775 malis,
2774 3725 3064 3766 conversus
3089 3711 3250 3767 faciat
3275 3712 3412 3770 idem
3443 3716 3495 3769 iu

1963 3788 2100 3826 oms.
2733 3821 2744 3826 _

1963 3788 2100 3826 01118.

1996 3821 2255 3965 lienesms
2286 3856 2340 3901 ct
2367 3846 2630 3904 sobrietas
2659 3849 2708 3902 in
2733 3821 2948 3907 ‘cunctis
2979 3853 3136 3906 rebus
3176 3861 3299 3906 sunt
3327 3867 3496 3924 appe-

2001 3931 2030 3964 Ι(
2055 3931 2120 3965 RB.

1928 3922 2120 3968 lentim.

1996 3983 2177 4063 Honor
2223 3986 2331 4063 Deo
2384 3989 2653 4044 exliibitus
2710 3991 3024 4046 exhibentes
3072 4002 3267 4047 alterna
3319 3993 3494 4063 gloria

1924 4053 2112 4121 dignos
2144 4057 2285 4110 facit.

1996 4125 2262 4197 lloriorem
2284 4136 2338 4180 et
2366 4128 2645 4196 imperium
2676 4130 2719 4183 si
2748 4130 2824 4184 vis
2846 4131 3062 4197 habere,
3093 4131 3229 4187 dabo
3259 4134 3347 4188 tibi
3380 4149 3494 4188 tua.

1921 4206 2105 4261 gnum,
2139 4196 2337 4263 impera
2367 4200 2481 4252 tibi.

1994 4263 2266 4342 llonorare
2289 4280 2557 4342 parentes,
2570 4269 2643 4342 ad
2674 4287 2860 4325 omnes
2892 4273 3115 4342 pertinet
3149 4275 3410 4328 homines.

1994 4332 2299 4416 Ilumilibus
2323 4347 2375 4392 et
2423 4339 2663 4416 ﬁdelibus
2691 4332 3054 4416 divitiae'legts
3101 4347 3353 4415 mysteria
3397 4361 3496 4416 pa-

1923 4411 2057 4469 tent,
2079 4407 2321 4474 superbis
2352 4419 2525 4463 autem
2549 4423 2603 4463 et
2627 4411 2926 4467 infidelibus
2955 4407 3138 4468 latent.

1842 4501 1896 4561 Β
1924 4543 1936 4556 .
1994 4475 2104 4528 Hoc
2130 4484 2215 4561 est
2243 4474 2482 4533 funditus
2510 4495 2539 4533 a
2584 4486 2724 4536 malo
2754 4485 3026 4554 recedere,
3075 4501 3138 4540 ex
3169 4500 3350 4541 amore
3399 4486 3493 4541 Dei

1914 4546 2026 4614 jam
2055 4546 2199 4601 nolle
2229 4561 2466 4615 peccare.

1992 4615 2246 4696 Homines
2275 4619 2550 4690 plusquam
2593 4621 2756 4678 Deum
2789 4625 2999 4690 timere,
3034 4640 3136 4680 non
3167 4638 3250 4682 est
3279 4625 3492 4696 religio-

1919 4685 1998 4739 nis
2026 4683 2360 4742 Christianm.

1987 4755 2168 4832 liaeres
2197 4767 2250 4811 et
2282 4761 2611 4828 propinquus
2636 4773 2716 4816 est
2738 4765 3028 4832 spiritualis
3057 4766 3261 4822 amicus

1988 4825 2257 4906 ilactenus
2282 4825 2515 4906 estreui'i
2543 4833 2674 4906 fiunt
2695 4825 2988 4906 suspissime
3015 4839 3193 4906 primi.

1987 4897 2094 4972 llos
2122 4913 2254 4972 quos
2285 4901 2488 4972 Lusisti,
2521 4903 2676 4956 citius
2707 4897 2918 4972 placare
2949 4897 3240 4962 mémeuto.

1990 4965 2213 5045 llurrida
2237 4971 2377 5045 _hell_a
2406 4973 2563 5045 gerit,
2595 4975 2681 5041 qui
2707 4965 2853 5042 pacis
2885 4977 3084 5031 hedera
3117 4981 3342 5045 spernit.

1988 5036 2202 5117 llostem
2234 5041 2308 5093 fer
2340 5036 2640 5117 Dominum,
2684 5036 2776 5098 sed
2807 5055 2860 5100 et
2883 5047 2936 5102 in
2971 5063 3029 5102 se
3057 5036 3214 5117 dilige
3243 5050 3486 5102 charum.

1985 5106 2131 5160 ilcu!
2162 5123 2318 5177 quam
2349 5125 2467 5164 rara
2492 5106 2633 5169 fides
2655 5119 2917 5185 reperitur
2942 5133 3082 5174 nunc
3109 5106 3245 5187 apud
3275 5133 3481 5173 omnes.

1981 5351 2196 5408 Initium
2230 5355 2505 5424 sapientiae
2533 5357 2692 5414 timor
2720 5362 2950 5417 Domini.

1979 5424 2290 5480 Intellectus
2319 5429 2489 5482 bonus
2515 5432 2761 5487 omnibus
2789 5434 3100 5488 facientibus
3125 5449 3270 5490 eum.

1979 5493 2032 5567 1n
2061 5497 2286 5567 circuitu
2319 5497 2464 5567 impii
2492 5501 2788 5556 ambulant.

1982 5563 2176 5643 lnDeo
2207 5563 2460 5643 faciemus
2489 5573 2758 5638 virtutem,
2792 5581 2846 5627 et
2886 5575 2997 5643 ipse
3027 5574 3094 5642 ad
3140 5575 3360 5630 nihilum
3393 5577 3458 5631 de

1909 5634 2066 5688 ducet
2092 5634 2334 5692 inimicos
2365 5648 2597 5696 nostros.

1983 5705 2238 5788 Immittit.
2276 5713 2492 5788 angelos
2544 5713 2749 5768 Domini
2800 5715 2850 5770 in
2905 5716 3130 5771 circuitu
3183 5718 3484 5773 timentium

1910 5791 2052 5844 eunt,
2083 5784 2138 5831 et
2166 5784 2356 5846 eripiet
2385 5795 2499 5836 eos.

2972 5877 3050 5936 35
