4060 6368
313 344 445 404 μοι

378 457 641 514 Libidinis
671 459 898 525 impetus
924 457 1256 513 abstinentia}
1295 455 1514 525 expellit
1543 458 1731 511 virtus.

381 530 656 584 Latentem
706 529 1007 596 superbiam
1054 530 1128 583 nil
1173 529 1338 597 magis
1403 542 1504 584 non
1550 528 1876 597 comprimit,

312 616 466 672 quam
492 601 647 672 culpa
669 610 886 672 patens.

385 670 633 724 Lascivus
662 669 868 733 juvenis
896 679 1013 737 eget
1040 678 1094 721 ut
1120 668 1308 723 crebro
1335 678 1635 723 moneatur.

386 743 550 815 Leges
579 741 821 815 antiquas
850 754 915 793 ne
944 739 1384 815 transgrediendo
1414 740 1674 815 resolvas.
1716 802 1723 815 ι

384 811 586 865 Laudat
614 811 711 864 rite
744 810 927 873 Deum,
957 810 1046 878 qui
1076 824 1197 864 Vere
1223 810 1393 875 diligit
1420 810 1591 862 illum.

384 880 564 935 Laude
593 890 771 934 manet
798 880 1012 949 dignus,
1046 880 1132 947 qui
1175 880 1356 933 nititur
1381 896 1501 933 esse
1534 879 1815 947 benignus.

386 951 617 1005 Lumbos
649 951 942 1017 praecingit,
974 952 1062 1017 qui
1093 951 1268 1004 carnis
1299 960 1419 1003 vota
1455 950 1750 1016 restringit.

383 1015 922 1088 Languor‘insolitus
970 1015 1240 1075 insolitum
1289 1020 1447 1073 etiam
1479 1015 1672 1090 quaerit
1715 1015 1890 1074 medio

312 1091 446 1147 cinzc
471 1104 679 1160 genum,

1079 1184 1128 1238 M

382 1295 602 1365 Magnus
633 1296 888 1351 Dominus
929 1306 1134 1365 noster,
1165 1304 1219 1349 et
1248 1308 1439 1364 magna
1469 1292 1637 1347 virtus
1672 1292 1810 1362 ejus,
1840 1300 1895 1346 et

312 1367 590 1433 sapientia:
630 1368 743 1433 ejus
775 1381 877 1420 non
906 1376 989 1420 est
1014 1382 1286 1419 numerus.

382 1437 647 1514 Mirabilis
667 1438 803 1514 Deus
835 1438 885 1489 ltt
914 1436 1267 1514 sanctissuis.
1380 1504 1391 1514 _
1455 1504 1467 1514 _
1586 1508 1598 1514 _
1791 1504 1802 1514 .

382 1507 601 1575 Magnus
631 1508 884 1562 Dominus
931 1516 985 1559 et
1012 1506 1292 1561 laudabilis
1341 1504 1519 1568 nimis,
1552 1504 1894 1571 ctmagnitu-

308 1577 453 1630 diois
480 1578 595 1645 ejus
625 1594 730 1630 non
758 1587 836 1631 est
860 1576 1000 1632 finis.

382 1648 743 1701 Misericordia
773 1647 981 1700 Domini
1011 1647 1163 1715 plena
1193 1654 1273 1699 est
1302 1654 1465 1699 terra.

382 1718 567 1787 Magna
596 1732 758 1788 Opera
785 1714 1017 1785 Domini,
1036 1718 1292 1786 exiluisitn
1314 1720 1363 1769 in
1385 1728 1572 1768 mones
1590 1714 1893 1770 voluntates

307 1802 445 1842 ειυε.

337 1804 743 1913 ὐῆἳῖεθτίοοτὰἰλ
776 1858 986 1913 Domini
1024 1858 1091 1912 ab
1119 1870 1339 1921 teterno,
1366 1866 1419 1911 et
1451 1870 1619 1923 usque
1648 1855 1698 1909 in
1727 1865 1885 1909 aeter-

310 1944 438 1982 num
468 1944 625 1994 super
654 1934 900 1985 timentes
930 1944 1074 1983 eum.

383 1999 709 2053 Mutuabitur
740 2010 1007 2067 peccator,
1040 2007 1095 2054 et
1123 2012 1227 2052 non
1257 1997 1465 2061 solvet;
1493 1996 1671 2064 justus
1712 2004 1890 2051 autem

311 2069 621 2129 miseretur.
654 2079 708 2123 et
740 2071 955 2124 tribuet.

384 2140 881 2218 Misericordianiet
910 2141 1186 2218 veritatem
1219 2139 1388 2209 diligit
1417 2138 1575 2218 Deus.
1668 2205 1700 2218 η
1813 2207 1823 2218 _
1851 2208 1861 2218 .

390 2210 567 2264 Multae
597 2211 962 2265 tribulationes
1003 2210 1292 2279 justoruin,
1319 2205 1389 2263 'et
1429 2209 1494 2262 de
1536 2205 1785 2261 omnibus
1812 2207 1893 2260 his

309 2279 560 2333 liberabit
585 2295 679 2334 eos
706 2282 977 2334 Dominus.

385 2350 543 2403 Multa
573 2346 778 2421 flagella
810 2351 1120 2417 peccatoris,
1149 2359 1451 2412 sperantem
1477 2358 1653 2403 autem
1704 2348 1758 2402 iu
1789 2345 1892 2401 Do-

307 2420 461 2473 mino
490 2420 852 2473 misericordia
882 2422 1253 2474 circumdabit.

383 2490 664 2543 Miserator
699 2499 754 2545 et
797 2492 1100 2545 misericors
1128 2492 1287 2556 Deus,
1323 2492 1532 2560 patiens
1559 2499 1613 2544 et
1664 2489 1887 2543 multum

307 2560 639 2639 misericors.
1051 2631 1062 2639 .
1369 2630 1381 2639 _
1463 2630 1477 2639 _
1626 2638 1629 2639 ν
1667 2627 1679 2639 ο

306 2698 339 2752 d
381 2629 527 2750 μοῖς
560 2640 897 2698 peccatorum
926 2631 1185 2699 pessima;
1214 2639 1267 2687 et
1294 2630 1385 2699 qui
1412 2630 1639 2685 oderunt
1660 2629 1889 2699 justum,

348 2715 375 2752 e
405 2710 641 2752 mouent.

348 2700 641 2753 elinnuent.

382 2716 686 2841 iiiiiigtsi
715 2772 981 2826 modicum
1024 2772 1168 2841 justo
1214 2786 1375 2841 super
1401 2769 1613 2825 divitias
1642 2778 1890 2840 peccato-

304 2849 426 2893 rum
461 2838 673 2893 multas.

379 2908 634 2978 Majorcm
658 2910 970 2966 cbaritalem
997 2916 1154 2965 nemo
1178 2912 1356 2977 habet,
1383 2926 1538 2980 quam
1572 2920 1628 2965 ut
1655 2911 1888 2963 animam

306 2990 464 3034 Suam
499 2989 656 3048 ponat
682 2981 797 3049 quis
827 2996 922 3050 pro
952 2984 1137 3035 amicis
1170 2983 1303 3036 suis.

381 3050 749 3122 Mercenarius
796 3054 942 3106 videt
989 3053 1169 3122 lupum
1217 3052 1539 3117 venientem,
1582 3059 1637 3106 et
1672 3050 1893 3105 dimittit

304 3134 460 3184 oves,
496 3131 549 3174 et
582 3121 734 3191 fugit.

377 3191 575 3245 Melior
604 3203 684 3245 est
714 3191 1015 3247 obedientia
1046 3207 1204 3259 quam
1235 3193 1486 3247 victimae.

378 3261 603 3333 Meliora
643 3272 767 3317 sunt
798 3265 1013 3319 vulnera
1043 3264 1330 3333 diligentis,
1363 3279 1520 3332 quam
1552 3260 1887 3317 fraudulenta

301 3332 493 3385 oscula
521 3331 769 3387 odicntis.

377 3398 575 3475 Melior
616 3414 697 3456 est
744 3402 947 3469 patiens
993 3405 1108 3457 viro
1157 3403 1313 3468 furti,
1358 3414 1411 3459 et
1449 3404 1538 3475 qui
1587 3402 1891 3459 dominatur

302 3473 498 3523 animo
524 3487 641 3537 suo,
673 3486 1033 3541 expugnatore
1060 3477 1290 3527 urbium.

375 3541 571 3616 Melior
597 3556 677 3616 est
704 3540 936 3616 buccella
963 3546 1101 3598 sicca
1129 3559 1249 3599 cum
1272 3545 1485 3615 gaudio,
1514 3559 1673 3616 quam
1699 3540 1889 3598 domus

300 3610 458 3683 plena
499 3614 726 3667 victimis
753 3630 871 3666 cum
897 3614 1097 3683 jurgio.

372 3682 579 3753 Musica
609 3687 661 3737 in
694 3684 857 3749 luctu,
890 3682 1188 3753 importuna
1218 3685 1471 3738 narratio.

372 3751 572 3824 Melior
598 3764 681 3808 est
706 3751 1081 3822 iuiquitasiviri
1112 3770 1270 3824 quam
1307 3755 1641 3812 benefaciens
1673 3761 1884 3815 mulier.

369 3823 574 3896 Melius
603 3832 687 3878 est
721 3824 989 3878 humiliari
1024 3823 1144 3880 cum
1196 3824 1435 3891 tlllllbtts,
1463 3842 1621 3896 quam
1650 3830 1888 3887 dividere

296 3893 473 3960 Spolia
509 3908 628 3946 cum
657 3896 921 3960 superbis.

370 3964 567 4045 Melius
594 3973 678 4019 est
704 3968 781 4021 ire
810 3967 875 4020 ad
906 3966 1125 4021 domum
1156 3968 1349 4032 luctus,
1382 3980 1540 4036 quam
1572 3970 1639 4024 ad
1668 3969 1884 4026 domum

293 4046 560 4089 τοιινινιι.

371 4104 569 4176 Melius
613 4115 696 4160 est
746 4122 775 4161 a
820 4105 1064 4175 sapiente
1113 4106 1348 4176 corripi,
1396 4121 1557 4176 quam
1600 4110 1883 4165 stultorum

293 4173 611 4229 adulatione
638 4177 828 4243 decipi.

368 4244 636 4299 Memoria
670 4247 800 4316 justi
836 4261 956 4301 cum
988 4245 1253 4310 laudibus,
1285 4256 1337 4300 et
1368 4261 1563 4302 nomen
1596 4248 1879 4318 impiorum

293 4324 597 4382 putrescet.

365 4383 642 4439 Memento
672 4385 941 4441 Creatoris
971 4388 1043 4440 tui
1063 4386 1115 4440 in
1143 4385 1334 4439 diebus
1356 4385 1647 4453 juventutis
1678 4397 1803 4443 tum.

366 4455 559 4508 Militia
587 4470 669 4511 est
695 4460 799 4511 vita
831 4458 1061 4512 hominis
1088 4470 1248 4525 super
1279 4466 1496 4525 terram,
1528 4467 1582 4513 et
1603 4459 1742 4513 sicut
1765 4463 1881 4517 dies

291 4526 621 4596 mercenarii
653 4528 764 4582 dies
790 4528 923 4596 ejus.

362 4593 520 4667 Mors
548 4607 603 4650 et
627 4598 729 4651 vita
763 4593 1086 4651 in'manibus
1112 4596 1325 4667 linguae.

363 4666 595 4720 Multum
624 4670 764 4723 valet
791 4669 1094 4735 deprecatio
1120 4666 1249 4734 justi
1280 4666 1513 4721 assidua.

364 4736 646 4809 Modicum
674 4736 993 4791 fermentum
1028 4750 1190 4790 totam
1233 4752 1461 4809 massam
1493 4740 1803 4809 corrumpit.

363 4806 605 4862 Mundus
635 4810 844 4873 transit,
872 4817 927 4861 et
955 4809 1381 4878 concupiscentia
1407 4808 1555 4877 ejus;
1589 4810 1677 4878 qui
1705 4806 1882 4866 autem

290 4875 425 4932 facit
454 4878 785 4933 voluntatem
810 4878 925 4944 Dei,
955 4875 1142 4932 manet
1178 4880 1229 4931 in
1255 4875 1535 4933 aeternum.

362 4968 569 5027 Melius
599 4977 683 5023 est
714 4983 818 5021 non
850 4968 1048 5041 habere
1076 4967 1219 5038 quod
1267 4968 1489 5034 tribuas,
1521 4986 1678 5041 quam
1707 4973 1881 5041 impu-

288 5039 491 5093 denter
525 5049 705 5108 petere
733 5040 871 5107 quod
898 5038 1015 5091 dcs.

364 5111 563 5164 Melius
592 5117 675 5163 est
701 5109 837 5163 bene
865 5110 1027 5175 vinci,
1059 5124 1216 5177 quam
1244 5110 1382 5164 male
1414 5112 1650 5166 vincere.

365 5181 578 5253 Melius
595 5188 678 5233 est
708 5181 854 5253 prius
875 5250 885 5253 _
904 5180 1082 5234 facere
1110 5181 1250 5248 quod
1290 5184 1486 5247 evenit,
1515 5198 1673 5251 quam
1703 5194 1883 5253 postea

290 5254 422 5305 mali
452 5250 581 5304 facti
611 5249 939 5318 ptenitearis.

364 5342 708 5398 Mendacium
752 5356 855 5395 non
896 5349 1000 5405 est,
1029 5355 1148 5394 cum
1179 5340 1245 5394 de
1287 5342 1449 5394 rebus
1487 5343 1883 5401 insensibilibus

290 5416 454 5483 quasi
490 5414 560 5467 de
593 5413 941 5467 sensibilibus
983 5413 1205 5481 mystice
1234 5411 1520 5481 loquimur.

362 5507 673 5582 Mirandum
714 5506 872 5582 simul
903 5513 963 5582 e_t_
985 5503 1292 5582 dolendum,
1320 5505 1460 5582 quod
1504 5505 1699 5573 plures,
1733 5506 1883 5582 quasi

285 5580 558 5646 religiosi,
603 5594 631 5630 a
680 5579 813 5631 cibis
858 5575 1170 5646 quibusdam
1201 5575 1547 5649 abstinentes,
1569 5592 1701 5649 tuo:
1733 5575 1880 5649 quasi

286 5649 553 5702 scelerati
585 5650 812 5717 pessima
844 5661 1069 5716 quaeque
1097 5659 1257 5717 agere
1284 5646 1427 5717 omni
1461 5648 1618 5699 modo
1646 5646 1878 5701 student.

363 5715 673 5773 Mirandum
738 5715 1131 5785 dolendumque
1191 5715 1536 5769 nihilominus
1608 5725 1662 5771 et
1730 5717 1879 5783 illud,

288 5789 442 5859 quod
491 5789 708 5859 plurimi
747 5790 1060 5845 simulantes
1100 5800 1159 5842 se
1201 5799 1297 5855 pro
1340 5797 1677 5856 peccatorum
1729 5793 1881 5847 venia

1530 346 2066 404 PROVERDIORUM
2109 346 2328 402 LIBER.

1913 3154 1962 3226 ο

3427 355 3570 412 1102

1908 461 1956 519 Α
1986 457 2199 511 visitare
2228 465 2410 510 sancta
2437 465 2490 509 et
2521 457 2700 524 procul
2734 458 2900 525 posita
2934 460 3070 524 loca,
3101 476 3223 515 cum
3254 461 3447 522 fuerint
3474 484 3564 527 re-

1994 528 2132 581 versi
2166 529 2332 581 multo
2366 528 2574 597 pejores
2602 531 2733 581 tiunt
2762 546 2916 595 quam
2962 544 3137 585 antea.

1989 665 2005 720 ἱ
2062 598 2233 678 Mores
2259 607 2313 651 et
2339 600 2513 653 studia
2544 607 2807 653 rectorum
2837 608 2889 655 et
2916 602 3274 673 subjectorum
3306 608 3565 676 qualitate

2012 678 2361 720 nsnicmntur.

2012 678 2361 731 uspicmntur.

2061 736 2255 804 Majora
2296 739 2517 792 crimina
2556 748 2611 793 et
2658 738 2809 794 tarde
2858 742 3120 797 credenda
3170 754 3293 799 sunt
3318 761 3439 801 cum
3470 764 3567 803 att-

1991 805 2229 873 diuntur,
2262 818 2315 862 et
2343 809 2499 863 citius
2544 810 2807 877 punienda
2837 827 2957 866 cum
2984 814 3245 870 veraciter
3274 831 3574 886 agnascuu-

1905 880 1917 891 ⁵
1992 886 2097 930 tur.

2063 948 2250 1027 Mel-ius
2278 958 2360 1002 est
2383 947 2730 1027 rusricilatem
2760 950 2954 1009 habere
2980 964 3238 1024 sanctam,
3268 972 3427 1027 quam
3458 963 3575 1019 elo-

1991 1021 2259 1083 quentiam
2294 1020 2668 1085 peccatricem.

2065 1088 2234 1208 M'ollis
2284 1098 2338 1142 et
2384 1089 2673 1145 dissolutus
2726 1109 2829 1147 non
2880 1093 2979 1161 vir,
3011 1096 3103 1150 sed
3136 1098 3328 1154 mulier
3372 1111 3454 1157 est
3483 1102 3568 1158 di-

2065 1176 2109 1207 ΙΙ(
2136 1173 2215 1208 US.

1992 1171 2215 1212 centius.

2068 1228 2255 1299 Mulier
2283 1227 2658 1299 dansoperam
2690 1232 2885 1297 virtuti,
2920 1236 2999 1288 vir
3029 1245 3197 1299 potest
3225 1238 3349 1295 dici.

2072 1298 2255 1421 Mell)ius
2286 1308 2369 1353 est
2414 1298 2591 1355 facere
2638 1302 2923 1358 divortium
2972 1320 3092 1359 cum
3139 1307 3376 1378 homine,
3418 1330 3574 1383 quam

2072 1384 2112 1421 ru
2187 1383 2251 1421 eo

1992 1381 2112 1422 Cllftl
2142 1381 2251 1421 U60

2063 1438 2248 1513 Manus
2277 1440 2542 1513 pauperis,
2573 1442 3009 1513 gazophylacium
3041 1446 3238 1503 Christi
3258 1458 3358 1503 est.

2066 1509 2199 1586 Male
2218 1508 2507 1586 Sabbatum
2525 1508 2885 1586 cetlebra't_t,'qui
2904 1531 2931 1567 a
2954 1517 3103 1570 bouis
3126 1521 3376 1586 operibus
3402 1519 3591 1576 vacaL'

2068 1580 2253 1654 Magna
2285 1593 2405 1646 pars
2429 1581 2790 1654 intelligentia:
2817 1580 2956 1639 scire
2983 1589 3105 1654 quid
3136 1580 3362 1645 nescias.

2066 1649 2249 1727 Magna
2277 1650 2534 1727 securitas
2563 1663 2644 1727 est
2668 1654 2866 1727 cordis,
2898 1649 3065 1711 aliena
3098 1676 3200 1713 nou
3228 1670 3499 1727 appetere.

2068 1719 2247 1799 Militis
2285 1721 2571 1788 cujuslibet
2611 1724 2861 1778 fortitudo
2889 1743 2991 1782 non
3036 1719 3361 1799 agnoscitur,
3396 1735 3493 1789 nisi
3523 1737 3577 1790 in

1921 1809 1969 1869 Β
1996 1788 2155 1869 bello.

2070 1860 2202 1945 Mala
2235 1876 2379 1915 mors
2411 1862 2641 1930 putanda
2669 1878 2773 1919 non
2804 1874 2905 1931 cst,
2936 1884 3093 1936 quam
3124 1868 3259 1925 bona
3302 1873 3406 1927 vita
3438 1890 3577 1945 prte-

1994 1940 2173 1985 Ct‘SStl.

2076 2001 2242 2080 Malus
2271 2002 2358 2056 ubi
2386 2016 2443 2056 se
2464 2003 2677 2080 simulat
2708 2004 2926 2080 bonum,
2956 2008 3026 2062 ibi
3056 2019 3139 2065 est
3159 2012 3437 2080 pessimus.

2068 2072 2199 2145 Male
2220 2073 2532 2145 imperando
2561 2088 2827 2129 sumntum
2861 2078 3139 2145 imperium
3159 2072 3445 2139 amittitur.

2070 2142 2204 2218 Mala
2233 2142 2554 2218 conscientia
2587 2162 2846 2218 nusquam
2880 2142 3159 2218 requiescit
3188 2168 3394 2209 secura.

2066 2211 2305 2266 Moituus
2333 2214 2452 2266 huic
2476 2217 2669 2269 mundo
2699 2211 2771 2270 nil
2797 2219 2897 2272 scit
2934 2211 3034 2275 nisi
3063 2223 3242 2277 vivere
3267 2223 3501 2281 Christo.

2064 2282 2305 2353 Magnum
2335 2291 2604 2339 certamen
2624 2287 2911 2353 juvenilem
2939 2292 3152 2347 vincere
3174 2310 3411 2350 carnem.

2067 2352 2298 2429 Maxima
2322 2354 2384 2429 lit
2415 2357 2598 2429 pestis,
2628 2352 2759 2429 cum
2776 2371 2954 2426 pastor
2987 2363 3088 2416 erit
3116 2365 3354 2429 puerilis.

2065 2423 2209 2495 Mens
2233 2423 2365 2479 levis
2394 2438 2456 2478 ac
2488 2426 2689 2494 fragilis
2718 2423 2823 2482 cito
2868 2430 3065 2495 perfert
3107 2423 3355 2491 scandala
3385 2438 3582 2492 carnis.

2067 2493 2215 2568 Mens
2236 2506 2452 2568 assueta,
2477 2493 2650 2561 malis,
2684 2496 2766 2552 vix
2791 2493 3048 2568 eripietur
3069 2504 3136 2554 ab
3165 2505 3293 2561 illis.

2065 2564 2209 2617 Mors
2229 2575 2281 2617 et
2312 2566 2537 2630 perditio
2567 2568 2786 2621 dicenda
2818 2564 2900 2623 est
2934 2586 3075 2625 caeca
3103 2574 3289 2629 libido.

2064 2633 2296 2690 Maxime
2317 2636 2661 2705 quazrendum
2692 2639 2829 2708 quod
2854 2654 3066 2711 semper
3090 2646 3193 2700 erit
3222 2646 3578 2703 retinendum.

2772 2794 2815 2849 N

2063 2900 2219 2983 Novit
2265 2902 2519 2959 Dominus
2546 2903 2681 2958 viam
2712 2904 3003 2975 ju5torum,
3047 2917 3103 2963 ct
3154 2908 3256 2964 iter
3298 2911 3582 2980 impiorum

2064 2977 2205 3025 ribit.
3377 2977 3389 2980 '

1995 2986 2181 3120 meoli
2226 3044 2461 3120 aemulari
2490 3045 2542 3120 in
2562 3058 2639 3120 eo
2667 3046 2753 3120 qui
2788 3056 3130 3117 prosperatur
3159 3050 3214 3105 in
3262 3051 3346 3106 via
3376 3067 3493 3120 sua,
3527 3054 3582 3109 in

1996 3110 2208 3185 homine
2236 3111 2467 3169 faciente
2498 3110 2808 3185 injustitias'.

1996 3261 2014 3305 ι
2052 3182 2248 3306 llNoiite
2272 3185 2383 3240 tieri
2406 3182 2729 3255 sicut'equus
2758 3197 2811 3242 et
2831 3186 3029 3255 mulus,
3048 3190 3242 3259 quibus
3264 3206 3368 3248 non
3389 3202 3473 3249 est
3500 3194 3605 3250 ἰπὶ-ι’

2018 3269 2046 3306 e
2090 3268 2150 3307 BC
2182 3269 2263 3307 US.

2064 3324 2234 3405 Nolite
2264 3338 2482 3394 sperare
2510 3326 2562 3382 in
2593 3327 2891 3399 iniquitate,
2922 3339 2977 3385 et
3002 3330 3216 3398 rapinas
3245 3332 3413 3389 nolite
3441 3348 3575 3389 con-

2078 3411 2287 3448 usrere.

2078 3411 2106 3444 ll
2146 3414 2167 3443 t'
2272 3430 2287 3448 ι

1989 3408 2463 3546 c'IiVissieBeoininus
2492 3468 2803 3523 custodierit
2831 3470 3125 3537 civitatem,
3172 3471 3367 3527 frustra
3392 3474 3572 3546 vigilat

1988 3536 2079 3605 qui
2096 3539 2342 3605 custodit
2367 3553 2506 3592 eam.

2060 3604 2174 3677 Non
2198 3607 2430 3660 salvator
2452 3622 2541 3662 rex
2568 3624 2661 3677 per
2691 3609 2909 3664 multam
2939 3613 3211 3667 virtutem.

2058 3675 2234 3757 Nolite
2258 3678 2529 3757 conlidere
2569 3675 2618 3757 in
2648 3679 2999 3750 principibus,
3021 3684 3072 3737 in
3101 3682 3227 3738 llliis
3265 3682 3570 3757 hominum,

1990 3743 2249 3813 inquibus
2278 3765 2381 3801 non
2409 3756 2491 3803 est
2518 3743 2680 3803 salus.

2056 3814 2224 3871 Nemo
2249 3819 2414 3873 bonus
2436 3820 2536 3873 nisi
2563 3820 2714 3874 solus
2740 3821 2895 3875 Deus.

2058 3886 2170 3941 Non
2206 3895 2256 3942 tu
2287 3891 2402 3943 solo
2453 3905 2586 3957 pane
2627 3891 2753 3945 vivit
2797 3893 2978 3959 homo,
3010 3892 3103 3948 sed
3148 3893 3199 3947 in
3229 3895 3376 3949 omni
3405 3896 3568 3953 verbo

1986 3958 2125 4025 quod
2158 3960 2393 4025 procedit
2416 3960 2482 4014 de
2512 3976 2605 4013 ore
2636 3962 2749 4015 Dei.

2057 4027 2171 4098 Non
2200 4038 2281 4098 est
2307 4044 2438 4097 opus
2467 4032 2612 4084 sanis
2633 4031 2891 4098 medicus,
2935 4033 3029 4087 sed
3057 4033 3193 4087 male
3229 4033 3561 4092 habentibus.

2057 4096 2167 4178 Nisi
2186 4097 2315 4178 quis
2342 4096 2556 4178 renatus
2580 4103 2737 4178 fuerit
2758 4117 2821 4178 ex
2851 4096 2984 4174 aqua
3012 4114 3067 4159 et
3087 4103 3296 4171 spiritu,
3331 4119 3436 4160 non
3464 4124 3562 4178 po-

1986 4175 2095 4239 test
2122 4168 2341 4221 introire
2374 4171 2423 4222 in
2450 4185 2667 4239 regnum
2702 4172 2816 4225 Dei.

2054 4236 2221 4291 Nemo
2249 4249 2421 4306 potest
2445 4236 2651 4294 duobus
2680 4243 2911 4296 dominis
2939 4244 3158 4300 servire.

2052 4306 2166 4391 Non
2194 4319 2365 4391 potest
2396 4312 2717 4391 arborbuna
2744 4312 2949 4391 fructus
2967 4317 3134 4370 malos
3157 4315 3353 4383 facere,
3385 4328 3561 4391 neque

1982 4377 2142 4431 arbor
2173 4380 2307 4432 mala
2339 4381 2539 4434 fructus
2569 4384 2734 4436 bonos
2765 4384 2959 4437 facere.

2059 4447 2284 4504 Necesse
2309 4461 2390 4504 est
2422 4460 2479 4504 ut
2511 4453 2716 4506 veniant
2743 4456 3012 4521 scandala,
3036 4470 3115 4511 va:
3142 4466 3319 4513 autem
3359 4459 3563 4515 homini

1910 4510 1963 4571 D
1988 4516 2059 4572 illi
2093 4534 2185 4586 per
2210 4536 2366 4589 quem
2396 4523 2701 4576 scandalum
2727 4526 2888 4578 venit.

2056 4589 2174 4663 Non
2198 4604 2279 4644 est
2306 4593 2596 4661 discipulus
2616 4610 2777 4662 super
2805 4595 3135 4663 magistrum.

2056 4659 2196 4734 Nihil
2243 4659 2484 4730 opertum
2538 4659 2823 4734 quod'uon
2863 4659 3159 4733 reveletur,
3208 4678 3261 4723 et
3296 4672 3561 4727 occultum

1984 4731 2125 4800 quod
2156 4748 2259 4785 non
2287 4735 2505 4787 sciatur.

2056 4800 2227 4857 Nemo
2256 4807 2469 4858 mittens
2511 4820 2723 4859 manum
2768 4822 2928 4880 suam
2946 4807 3012 4862 ad
3051 4819 3307 4876 aratrum,
3339 4807 3560 4880 etaspi-

1985 4870 2131 4945 ciens
2163 4885 2322 4938 retro,
2355 4886 2508 4942 aptus
2536 4886 2619 4929 est
2646 4891 2807 4945 rcgno
2836 4878 2954 4931 Dei.

2056 4942 2133 4997 Ne
2158 4945 2331 4997 tardes
2361 4948 2597 4999 converti
2627 4948 2690 4999 ad
2708 4942 3018 5001 Dominum.

2057 5012 2173 5067 Non
2202 5024 2283 5068 est
2310 5018 2552 5082 speciosa
2581 5021 2691 5069 laus
2724 5020 2773 5070 in
2805 5035 2896 5072 ore
2923 5021 3235 5084 peccatoris.

2057 5084 2172 5161 Noli
2216 5085 2480 5154 negligere
2506 5086 2853 5161 disciplinam
2884 5089 3115 5156 Domini,
3147 5102 3201 5145 et
3229 5105 3295 5146 ne
3325 5089 3561 5161 fatigeris

1984 5169 2102 5208 cum
2126 5154 2193 5207 ab
2218 5170 2282 5208 eo
2310 5155 2570 5223 argueris.

2054 5224 2173 5279 Noli
2221 5239 2442 5301 arguere
2478 5227 2796 5294 derisorem,
2848 5244 2915 5284 ne
2944 5228 3115 5284 oderit
3146 5239 3231 5296 te;
3266 5242 3426 5301 argue
3470 5245 3561 5288 sa-

1987 5294 2234 5366 pientem,
2258 5308 2311 5349 et
2330 5298 2510 5366 diliget
2527 5307 2597 5351 te.

2057 5365 2172 5419 Non
2205 5374 2287 5420 est
2328 5365 2488 5422 homo
2531 5368 2706 5439 justus
2745 5384 2904 5439 super
2929 5380 3148 5437 terram,
3191 5377 3280 5440 qui
3312 5373 3433 5428 facit
3459 5372 3559 5427 bo-

1984 5450 2132 5500 num,
2165 5445 2342 5491 etnon
2368 5450 2569 5504 peccet.

2054 5506 2206 5582 Novit
2229 5508 2403 5582 justus
2432 5514 2637 5564 animas
2661 5509 3020 5579 jnmentorum
3073 5526 3313 5582 suorum,
3357 5514 3563 5568 viscera

1982 5588 2159 5629 autem
2184 5577 2464 5645 impiorum
2492 5577 2749 5637 crudelia.

2054 5649 2177 5720 Non
2202 5652 2507 5720 agnoscitur
2533 5653 2587 5705 in
2634 5651 2787 5706 bonis
2816 5654 3040 5720 amicus,
3075 5670 3172 5712 nec
3212 5654 3557 5711 absconditur

1983 5717 2033 5772 in
2059 5718 2210 5772 malis
2228 5718 2493 5776 inimicus.
2876 5749 2885 5757 -

2053 5787 2163 5845 Nec
2191 5804 2371 5847 coram
2398 5806 2542 5848 caeco
2568 5806 2731 5863 ponas
2760 5792 3157 5854 oll‘endiculum.
