4060 6368
478 354 618 409 1103

543 466 655 520 Non
701 465 812 518 vult
843 465 979 518 Deus
1009 474 1232 517 mortem
1267 462 1583 532 peccatoris,
1613 460 1706 516 sed
1742 469 1796 514 ut
1828 476 2047 514 conver-
2075 465 2123 522 Α

473 548 609 593 tatur
638 547 686 591 et
720 537 878 589 vivat.

544 607 684 660 Nihil
710 607 761 659 in
788 616 924 660 terra
956 604 1009 657 fit
1040 605 1153 658 sine
1184 616 1365 656 causa.

544 677 700 731 Novit
732 678 985 730 Dominus
1006 676 1094 741 qui
1122 686 1247 727 sunt
1279 672 1413 740 ejus.

544 748 659 802 Non
687 749 859 801 solum
890 748 961 799 rei
994 756 1117 799 sunt
1145 748 1232 815 qui
1258 744 1456 797 faciunt
1487 743 1647 809 mala,
1682 742 1774 796 sed
1798 743 1883 810 qui
1915 757 2045 794 cnn-

471 819 707 875 sentiunt
733 818 1065 871 facientibus.
1712 820 1715 823 ‘

591 903 713 941 emo
734 887 1097 948 eoronabitnr,
1126 883 1222 938 nisi
1254 883 1343 949 qui
1375 883 1607 947 legitime
1635 883 1936 936 certaverit.

545 959 660 1012 Noli
690 958 878 1011 vincia
911 957 1072 1017 malo,
1098 956 1191 1008 St‘d
1226 956 1375 1007 vince
1406 958 1456 1007 ιιι
1485 954 1621 1007 bono
1649 953 1865 1005 malum.

544 1030 720 1083 Nolite
762 1027 980 1097 diligere
1003 1026 1280 1090 mundum,
1310 1041 1480 1095 neque
1516 1042 1578 1078 ea
1608 1040 1725 1093 quze
1770 1025 1819 1076 in
1854 1024 2051 1077 mundo

470 1111 610 1154 sum.

543 1168 715 1223 Nolite
741 1166 918 1222 mirari
940 1170 985 1221 si
1007 1168 1119 1221 odit
1141 1180 1235 1218 vos
1266 1166 1512 1219 mundus.

544 1239 714 1294 Nemo
743 1240 883 1307 quod
934 1252 1084 1291 suum
1116 1248 1198 1291 est
1223 1248 1445 1304 (ιιιςυιειι,
1503 1234 1595 1289 sed
1650 1236 1790 1304 quod
1834 1236 2050 1288 alterius

472 1310 861 1362 tantummodo.

547 1380 658 1433 Non
691 1380 974 1449 diligamus
1007 1378 1169 1433 verbo
1200 1392 1370 1445 neque
1418 1375 1616 1444 lingua,
1667 1376 1757 1429 sed
1790 1392 1953 1445 ope-e
2002 1384 2055 1428 ct

469 1460 710 1504 veritate.

543 1521 655 1574 Non
685 1528 766 1574 est
796 1533 1142 1587 personarum
1174 1524 1421 1582 acceptor
1452 1516 1627 1587 Dens,
1657 1516 1746 1569 sed
1806 1518 1856 1569 in
1908 1517 2051 1569 omni

472 1599 632 1655 gente
678 1591 763 1658 qui
800 1586 953 1644 timet
991 1591 1187 1653 Deum,
1234 1599 1287 1641 et
1329 1598 1579 1655 Operatur
1610 1586 1867 1655 justitiam
1893 1628 1906 1651 ,
1964 1600 2053 1639 ac-

470 1670 655 1726 ceptus
688 1670 769 1715 est
797 1661 893 1714 illi.

544 1731 683 1785 Niltil
713 1730 974 1786 infelicius
1002 1727 1255 1782 felicitate
1286 1728 1640 1795 peccantium.

542 1801 729 1854 Nitens
756 1802 892 1855 culis
921 1800 1188 1853 sordidum
1221 1800 1549 1850 demonstrat
1581 1799 1840 1852 animum.

543 1870 657 1924 Non
681 1880 762 1924 est
782 1885 967 1925 secura
999 1872 1177 1924 la-titia
1210 1868 1260 1921 in
1301 1869 1495 1922 divniis
1519 1869 1721 1937 paginis
1763 1869 1923 1921 multa
1955 1882 2045 1920 co-

472 1956 751 2011 gnoscere,
776 1941 867 1995 sed
896 1940 1101 2007 cognita
1134 1940 1425 2011 custodire.

548 2012 712 2066 Nosse
740 2026 790 2067 et
820 2026 975 2079 posse
996 2012 1130 2064 bona
1162 2011 1303 2077 prius
1334 2008 1596 2077 incognita
1626 2007 2046 2077 atqtteimpossi-

471 2083 619 2146 bilia,
649 2083 749 2136 den
774 2090 975 2135 (instra!
1004 2081 1184 2149 gratiae
1216 2089 1461 2148 superum
1484 2079 1639 2133 dona.

544 2153 625 2206 Nil
649 2162 730 2207 est
752 2165 856 2207 tam
889 2153 1040 2207 facile
1060 2154 1200 2220 quod
1233 2166 1337 2203 non
1372 2153 1458 2203 lial
1490 2149 1730 2215 difficile,
1776 2149 1821 2203 si
1854 2148 2049 2202 invitus

473 2224 653 2276 facias.

548 2295 713 2346 Nemo
744 2291 794 2345 in
819 2291 974 2344 alium
1005 2292 1304 2360 priusquam
1336 2292 1387 2343 in
1420 2304 1477 2343 se
1499 2291 1669 2358 ipsum
1703 2298 1904 2357 peccat.

544 2363 818 2429 Nunquam
854 2362 989 2415 Deus
1020 2374 1249 2415 mentem
1290 2362 1513 2425 deserit,
1542 2376 1660 2429 quae
1701 2372 1917 2429 peccata
1953 2374 2046 2413 sua

471 2433 732 2486 veraciter
761 2435 1015 2499 agnoscit.

545 2503 725 2556 Nescit
752 2516 883 2567 pene
915 2504 1036 2569 quid
1071 2502 1218 2554 labor
1243 2502 1329 2563 sit,
1363 2502 1453 2569 'qui
1486 2513 1752 2569 nunquam
1783 2499 1922 2555 circa
1942 2502 2043 2569 Spi~

471 2574 690 2626 rituales
718 2573 974 2641 nequitias
1006 2584 1208 2625 certare
1234 2574 1454 2625 studuit.

546 2640 871 2713 Negligeniia
902 2650 955 2697 et
979 2643 1219 2696 otiositas
1249 2642 1521 2696 hominem
1566 2640 1781 2695 trahunt
1820 2640 1884 2694 ad
1918 2641 2049 2695 inte-

471 2714 652 2767 ritum.
1552 2722 1571 2737 ‘

548 2782 655 2837 Nisi
685 2783 803 2847 quis
824 2783 873 2836 iu
912 2782 1010 2837 fide
1033 2795 1083 2837 et
1103 2798 1197 2852 spe
1223 2782 1470 2838 fundatus
1493 2780 1753 2849 fuerit,ad
1775 2780 2050 2836 charitatis

471 2868 613 2907 verae
645 2856 841 2907 cultum
872 2870 973 2906 non
1004 2854 1261 2907 ascendit.

547 2924 681 2978 Nulli
708 2925 789 2978 vel
823 2928 961 2977 male
981 2925 1061 2976 vel
1087 2926 1219 2977 bene
1247 2922 1505 2991 contingit
1534 2932 1750 2990 propter
1766 2936 1824 2975 se
1850 2922 2048 2989 solum,

478 2995 571 3050 sed
589 3003 644 3047 ιιι
664 2995 819 3047 simul
844 2995 929 3047 alii
947 2998 1281 3063 corrigantur
1304 3004 1392 3047 ant
1413 2994 1757 3047 consolentur
1773 2992 2045 3055 perillum.

548 3066 791 3133 Nequitia
821 3065 1016 3117 diaboli
1046 3066 1217 3132 qualis
1249 3068 1299 3118 in
1327 3064 1427 3118 Job
1478 3064 1638 3117 fuisse
1689 3063 1898 3131 legitur,
1932 3066 2050 3117 talis

477 3136 531 3189 iti
554 3150 739 3189 omnes
758 3135 996 3188 homines
1017 3137 1140 3200 erit,
1168 3135 1211 3188 si
1238 3144 1437 3188 tantum
1464 3134 1816 3200 permittatur.

547 3206 713 3259 Nemo
760 3206 810 3257 in
862 3205 1093 3259 Ecclesia
1122 3206 1349 3274 amplius
1384 3215 1559 3270 nocet,
1597 3221 1753 3272 quam
1788 3203 1878 3274 qui
1931 3219 2050 3274 per-

476 3291 628 3329 verse
657 3292 817 3344 agens
847 3276 1079 3345 regimen
1106 3285 1268 3331 tenet.

548 3345 660 3400 Non
686 3343 968 3400 multitudo
998 3355 1357 3412 peccatorum,
1386 3345 1479 3400 sed
1509 3346 1751 3414 impietas
1780 3343 2051 3400 hominem

472 3419 618 3472 ducit
644 3418 707 3469 ad
739 3418 1187 3485 desperationem.

544 3488 659 3540 Non
687 3499 765 3538 est
792 3488 842 3539 in
869 3487 1097 3540 hominis
1131 3495 1389 3555 potestate
1412 3486 1514 3539 vita
1547 3486 1707 3539 illius.

544 3557 630 3611 Nil
654 3557 900 3625 cuiquam
930 3559 1157 3623 proderit
1186 3561 1433 3612 aestimari
1452 3569 1686 3625 sanctus,
1705 3566 1823 3610 cum
1842 3570 1942 3610 non
1962 3557 2049 3610 sit.

545 3628 627 3681 Nil
654 3638 801 3695 petas
832 3627 972 3695 quod
1001 3635 1287 3696 negaturus
1312 3642 1391 3681 es.

547 3696 714 3750 Nimis
743 3696 971 3750 dolenda
1003 3699 1364 3764 praesumptio,
1411 3696 1548 3764 quod
1594 3711 1656 3750 ea
1704 3697 1837 3749 mala
1880 3697 2053 3751 facere

477 3778 809 3839 praisutnunt
841 3768 1150 3833 Christiani,
1183 3784 1301 3837 qua:
1321 3775 1666 3821 exsecrantur
1698 3768 1907 3835 pagani.

547 3840 679 3892 Nam
723 3838 1005 3892 Christiani
1041 3839 1131 3892 Dei
1171 3839 1252 3892 sui
1283 3848 1689 3905 sanctorumque
1716 3853 1931 3889 suorum
1962 3840 2053 3890 de,-

472 3919 687 3963 struunt
728 3910 1088 3977 tuetiaste‘ria,
1134 3910 1319 3979 pagani
1365 3920 1543 3963 autem
1588 3923 1684 3962 sua
1732 3922 2052 3963 venerantur

471 3982 632 4035 idola.

546 4050 659 4103 N‘un
686 4051 830 4104 vivas
858 4050 1015 4105 aliter
1044 4051 1094 4104 in
1127 4048 1434 4116 solitudine,
1465 4050 1618 4104 aliter
1648 4051 1700 4104 in
1729 4050 1859 4104 foro.

548 4121 627 4174 Nil
657 4124 793 4175 scire
826 4124 905 4175 Vel
933 4136 1142 4184 curare,
1179 4123 1279 4175 boc
1308 4131 1389 4174 est
1422 4134 1687 4175 mortuum
1719 4123 1913 4174 vivere.

545 4193 711 4260 Negat
730 4192 829 4246 sibi
862 4191 993 4261 ipsr,
1026 4193 1148 4259 quid
1172 4192 1311 4262 quod
1333 4191 1547 4245 difﬁcile
1574 4203 1653 4245 est
1686 4192 1833 4259 petit.

548 4263 687 4316 Nulli
709 4265 950 4331 imponas
978 4263 1119 4330 quod
1150 4263 1261 4329 ipse
1294 4264 1398 4330 pati
1433 4279 1534 4315 non
1565 4277 1755 4330 possis.

547 4334 712 4386 Nemo
727 4334 1073 4402 periculosius
1088 4342 1269 4402 peccat
1284 4347 1440 4400 quam
1456 4338 1541 4401 qui
1560 4343 1772 4400 peccata
1788 4332 2046 4387 defendit.

551 4405 716 4457 Nemo
750 4404 941 4455 nobilis
962 4405 1062 4456 nisi
1085 4418 1241 4471 quem
1274 4404 1514 4456 nobilitat
1546 4406 1730 4456 virtus.

552 4474 661 4525 Nisi
692 4474 807 4541 quis
832 4475 1071 4526 timorem
1119 4488 1462 4540 amoremque
1490 4472 1580 4526 Dei
1612 4482 1734 4527 ante
1764 4490 1821 4527 se
1854 4472 2050 4543 jugiter

478 4549 661 4613 portat,
685 4552 794 4595 c.to
818 4544 870 4596 iu
898 4544 1109 4610 aliquod
1143 4552 1414 4611 peceatum
1442 4543 1651 4596 labitur.

548 4612 716 4666 Nemo
732 4626 789 4667 se
810 4614 938 4668 satis
969 4614 1142 4668 metiri
1172 4614 1442 4683 prtevalet,
1486 4616 1585 4667 nisi
1618 4614 1840 4667 alterum
1872 4616 2045 4667 consi-

474 4686 644 4739 deret.

548 4754 628 4807 Nil
679 4768 922 4821 magnum
968 4763 1051 4809 est
1095 4752 1148 4808 in
1188 4754 1345 4809 rebus
1392 4752 1639 4808 humanis
1689 4752 1789 4808 nisi
1839 4754 2047 4809 animus

477 4839 663 4892 magna
690 4824 1003 4891 dCSpiciens.

552 4899 660 4948 Non
692 4897 851 4947 homo
880 4908 983 4946 non
1014 4910 1198 4947 aurum
1234 4903 1483 4962 poterunt
1524 4895 1651 4948 dare
1671 4909 1893 4964 qumque
1926 4896 2049 4950 bea-

481 4979 610 5029 tum,
638 4966 732 5018 sed
766 4964 961 5017 virtute
992 4964 1081 5017 Dei
1112 4965 1354 5017 consistit
1379 4967 1480 5018 vita
1514 4968 1672 5018 beati.

550 5038 630 5089 Nil
660 5043 879 5105 peccant
904 5034 1064 5105 oculi,
1092 5038 1134 5087 si
1166 5050 1317 5087 tuens
1348 5040 1468 5088 velit
1495 5036 1575 5089 his
1606 5036 1888 5091 d--miuari.

547 5107 660 5160 Non
692 5109 880 5174 poterit
909 5104 1011 5157 dici
1041 5119 1198 5172 quam
1227 5106 1385 5157 multa
1418 5108 1486 5159 sit
1512 5122 1597 5159 ars
1630 5107 1849 5161 inimici.

550 5177 629 5241 Nil
656 5179 841 5230 credas
872 5186 1066 5239 actum,
1092 5189 1211 5245 cum
1255 5177 1537 5245 quidquam
1572 5188 1731 5229 restat
1763 5180 2047 5243 agendum.

547 5247 627 5299 Nil
660 5249 871 5315 prodest
891 5246 1141 5299 didicisse
1170 5244 1515 5310 bonuni,’nisi
1548 5249 1734 5300 feceris
1759 5249 1904 5302 itud.

550 5318 625 5370 Ne
650 5318 857 5371 tardare
886 5320 1034 5376 Veiis,
1074 5331 1116 5368 δι
1145 5330 1301 5384 quem
1323 5330 1637 5372 convertere
1668 5326 1855 5385 p0ssis.

552 5388 665 5440 Non
710 5396 791 5440 est
818 5389 976 5440 multa
1007 5388 1183 5440 sciens
1225 5386 1532 5448 laudandus,
1563 5389 1652 5439 M'tl
1685 5392 1817 5443 bene
1843 5392 2050 5445 vivens.

552 5460 708 5512 Nisus
737 5467 1014 5512 stultorum
1046 5472 1140 5527 par
1162 5472 1372 5525 semper
1396 5470 1536 5511 amat
1566 5462 1854 5518 Socioruin.
2050 5464 2053 5467 '

1254 5588 1303 5644 0

552 5725 699 5778 Oculi
736 5726 940 5782 Domini
972 5741 1135 5797 super
1163 5726 1353 5797 justos,
1382 5734 1433 5780 et
1463 5741 1621 5783 aures
1652 5727 1766 5795 ejus
1795 5731 1843 5785 in
1875 5747 2057 5802 preces

478 5812 681 5850 eorum.
1461 5838 1465 5843 .

939 347 1141 403 ΒΗ)Ᾱί
1186 345 1633 401 \‘liNEf-‘tABllJS
1672 345 1822 399 OPP.
1870 343 2044 398 PAilS
2086 344 2124 398 i.
2166 340 2360 399 SECT.
2391 343 2449 397 il.
2483 373 2547 382 —-
2579 343 2786 399 DUBIA
2832 343 2917 399 ET
2958 344 3227 401 SPURIA.

3590 351 3734 409 1106

2226 461 2297 510 Os
2322 458 2457 534 justi
2480 458 2820 534 meditabitur
2835 459 3174 529 sapient-iam,
3210 471 3264 516 et
3293 462 3471 533 lingua
3503 463 3621 534 eius
3649 468 3729 521 lo-

2156 538 2346 598 quetur
2368 530 2645 597 judicium.

2223 600 2537 673 Observabit
2568 609 2810 669 peccator
2831 600 3055 669 justum,
3077 610 3130 656 et
3158 602 3403 657 stridebit
3430 620 3593 673 super
3611 622 3736 663 eum

2122 691 2133 696 ο
2154 668 2399 723 dentibus
2426 671 2557 723 suis.

2223 742 2409 792 Omnia
2438 754 2769 809 quaecunque
2798 742 2962 795 voluit
2995 742 3253 796 Deminus
3285 743 3405 799 fecit
3432 747 3484 799 in
3514 749 3659 802 cado
3681 760 3736 805 et

2154 809 2205 863 in
2234 819 2395 881 terra,
2424 812 2629 864 in’tnari
2661 820 2715 863 et
2742 813 3064 866 inmunibus
3086 816 3313 881 abyssis.

2222 879 2391 931 Omne
2417 896 2633 948 regnum
2664 882 2715 932 in
2747 882 2923 945 scipsa
2954 879 3179 937 divisum
3211 885 3567 942 desolabitur.

2221 949 2412 1027 Omnis
2437 953 2685 1015 plantatio
2701 966 2854 1019 quam
2876 970 2979 1006 non
3009 954 3263 1022 plantabit
3286 955 3443 1012 Pater
3464 960 3731 1027 crelestis,

2153 1020 2525 1073 eratlicabitttr.

2224 1092 2407 1163 Omnis
2440 1095 2523 1157 qui
2559 1090 2682 1143 facit
2711 1104 3007 1159 peccatum.
3035 1110 3222 1148 servus
3250 1106 3333 1149 est
3366 1108 3591 1163 peccati.

2224 1160 2406 1235 Omnis
2450 1163 2697 1235 quipetit
2741 1164 2955 1230 accipit,
2986 1173 3039 1217 et
3082 1169 3169 1234 qui
3203 1160 3392 1235 qurerin
3422 1168 3646 1235 invenit,
3681 1180 3739 1224 et

2158 1231 2383 1297 pulsanti
2414 1232 2699 1297 aperietur.

2223 1300 2408 1376 Omnis
2430 1302 2517 1376 qui
2551 1317 2607 1355 se
2641 1302 2836 1355 exaltat
2869 1303 3250 1369 liumiliabitur,
3275 1316 3327 1359 et
3358 1308 3447 1376 qui
3480 1324 3539 1363 se
3562 1309 3740 1363 itumi-

2156 1372 2247 1422 liat
2277 1372 2614 1423 exaltabitur.

2232 1442 2607 1515 Unitiisarhur
2630 1458 2879 1515 quartum
2920 1444 3043 1498 facit
3074 1445 3303 1500 fructum
3336 1448 3557 1515 bonum,
3584 1452 3739 1507 esci-

2156 1511 2310 1563 detur
2339 1520 2390 1562 el
2424 1512 2473 1563 itt
2498 1512 2667 1579 ignem
2693 1514 2951 1567 mittentr.

2226 1580 2381 1655 Omni
2413 1582 2625 1635 habenti
2668 1584 2896 1655 dabitur,
2932 1586 2999 1637 ab
3027 1602 3092 1639 eo
3115 1596 3290 1641 autem
3321 1590 3407 1655 qui
3441 1604 3547 1644 non
3580 1590 3742 1645 habet

2156 1662 2207 1704 et
2236 1653 2373 1717 quod
2409 1655 2565 1705 habet
2588 1654 2860 1706 auferetur
2884 1658 2951 1708 ab
2972 1672 3059 1709 eu.

2223 1721 2395 1774 Omne
2426 1734 2697 1788 peccatum
2731 1736 2782 1776 et
2813 1726 3138 1793 bla~pliemia
3177 1729 3479 1783 remittetur
3508 1730 3741 1786 homini-

2084 1814 2126 1871 Β
2157 1792 2276 1871 bus,
2301 1792 2525 1871 spiritus
2558 1806 2731 1847 autem
2768 1792 3094 1871 blasphemia
3128 1814 3229 1850 neu
3261 1802 3583 1856 remittetur.

2222 1862 2386 1915 Orate
2409 1878 2473 1915 tie
2506 1862 2623 1929 fuga
2655 1873 2827 1917 vestra
2856 1862 2943 1919 fiat
2976 1868 3148 1922 hieme
3180 1871 3262 1923 vel
3284 1871 3541 1925 Sabbato.

2221 1932 2411 1984 Omnia
2444 1933 2715 1998 possibilia
2746 1948 2871 1989 sunt
2902 1938 3161 1992 credenti.

2155 2080 2168 2125 ι
2221 2002 2649 2126 Οιιᾶιιὶβεῗψυιθ
2676 2006 2899 2061 benedic
2933 2008 3119 2073 Deum,
3149 2019 3202 2063 et
3231 2020 3353 2079 pete
3374 2012 3439 2065 ab
3460 2027 3525 2067 eo
3548 2022 3603 2066 ut
3624 2011 3739 2067 vias

2178 2087 2269 2125 uas
2337 2088 2462 2126 uitta
2496 2112 2507 2124 .

2215 2089 2269 2125 as
2296 2089 2394 2125 unt
2437 2089 2507 2126 at.

2221 2089 2647 2265 antiﬁustodia
2687 2159 2840 2201 serva
2882 2162 2975 2203 cor
3019 2159 3186 2215 tuum,
3231 2152 3351 2220 quia
3394 2166 3458 2208 ex
3491 2154 3609 2223 ipso
3630 2156 3757 2209 vita

2215 2225 2307 2265 oce
2351 2230 2360 2265 I
2394 2253 2406 2265 .

2188 2228 2406 2266 I'OCBUIL

2188 2228 2209 2264 r
2251 2229 2275 2264 c
2312 2228 2340 2264 u
2394 2253 2406 2266 .

2153 2229 2181 2281 Ρ
2215 2228 2614 2359 ἵξιῗιιέἶιιρεθιίο
2644 2293 2855 2355 tempus
2877 2298 2977 2354 est,
3010 2299 3064 2343 et
3089 2293 3479 2359 Opportunitas.

2152 2430 2169 2476 ι
2208 2354 2417 2475 lOmnia
2447 2359 2527 2409 Iac
2556 2371 2675 2409 cum
2698 2354 2946 2425 consilio,
2988 2368 3041 2415 et
3063 2354 3183 2431 post
3209 2362 3403 2416 factum
3430 2380 3536 2420 non
3567 2369 3739 2437 pmnio

2173 2440 2202 2476 e
2247 2438 2311 2476 is.

2173 2438 2311 2477 CDIS.

2221 2495 2407 2548 Omnis
2426 2496 2686 2565 sapientia
2713 2512 2743 2553 a
2775 2499 3001 2555 Domino
3035 2501 3143 2555 Deo
3172 2510 3275 2567 est,
3295 2516 3346 2558 et
3376 2520 3496 2560 eum
3530 2507 3623 2561 illo
3642 2508 3739 2561 fuit

2149 2577 2378 2630 semper.

2224 2636 2415 2718 Odium
2464 2637 2687 2692 suscitat
2728 2638 2900 2705 mas,
2943 2651 2998 2696 et
3038 2644 3287 2697 universa
3327 2645 3522 2701 delicta
3564 2651 3739 2718 operit

2150 2704 2246 2758 clia
2256 2710 2397 2760 ritas.

2222 2776 2410 2854 Omnia
2437 2786 2689 2854 operatur
2717 2793 2852 2835 unus
2881 2791 3039 2851 atque
3066 2782 3205 2837 idem
3229 2786 3468 2854 spiritus,
3494 2788 3737 2844 dividens

2150 2845 2374 2911 singulis
2399 2857 2552 2915 prout
2582 2852 2712 2902 vult.

2224 2918 2766 2995 Omnequndeunqne
2811 2923 2979 2974 facitis
3027 2923 3077 2975 in
3120 2925 3281 2978 verba
3309 2937 3400 2978 aut
3448 2928 3497 2980 iit
3549 2944 3732 2995 opere,

2151 2987 2329 3066 omnia
2360 2989 2412 3066 in
2445 2992 2657 3066 nomine
2686 2987 2891 3045 Domini
2922 2995 3047 3047 .lesu
3073 3034 3087 3057 ,
3132 3001 3328 3065 gratias
3370 2987 3598 3066 agentes
3620 2987 3733 3054 Deo

2152 3065 2205 3110 et
2238 3056 2377 3110 I’atri
2413 3074 2505 3126 per
2536 3061 2725 3125 ipsum.

2077 3164 2123 3227 Ο
2225 3128 2422 3208 Omnes
2454 3131 2728 3185 unanimes
2761 3134 2809 3185 in
2832 3133 3073 3187 oratione
3104 3145 3298 3201 estote,
3322 3141 3734 3206 compatientes,

2157 3198 2499 3249 fralerttttalis
2539 3215 2838 3249 amatores-
2885 3206 3255 3249 miserimmlm
3338 3210 3561 3249 inminui
3639 3212 3734 3249 ιι...

2178 3214 2199 3249 f'

2205 3201 2499 3320 alteruitatis
2539 3215 2840 3270 amatores,
2885 3206 3291 3276 misericordes,
3337 3201 3597 3275 modesti,
3639 3201 3737 3263 bu-

2214 3286 2221 3318 I
2248 3285 2323 3320 es.

2153 3284 2323 3321 mites.

2183 3409 2193 3419 .
2223 3340 2392 3419 Omne
2421 3343 2678 3419 gaudium
2706 3342 3004 3401 existimate
3050 3362 3173 3401 cum
3210 3348 3262 3402 in
3296 3351 3617 3407 tentationes
3644 3366 3734 3406 va-

2154 3411 2259 3462 rias
2293 3411 2605 3468 incidentis.

2225 3478 2408 3552 Omnis
2440 3486 2523 3549 qni
2555 3484 2664 3536 odit
2689 3483 2901 3539 fratrem
2932 3500 3108 3552 suum,
3142 3490 3404 3544 homicida
3428 3502 3530 3547 est.

2222 3548 2681 3627 Dbedire’oportet
2713 3556 2819 3627 Deo
2850 3558 3014 3624 magis
3037 3548 3193 3627 quam
3228 3563 3551 3615 hominibus.

2222 3623 2391 3673 Utune
2416 3622 2595 3676 datum
2618 3625 2901 3700 optimum,
2944 3622 3181 3700 etc—mue
3209 3632 3406 3685 donum
3438 3634 3732 3700 perfectum

2153 3688 2429 3745 desursmn
2462 3704 2565 3757 est,
2598 3688 2926 3749 descendens
2953 3714 2980 3750 a
3010 3698 3161 3753 Patre
3194 3688 3472 3756 luminuni.

2231 3764 2427 3813 Oculus
2456 3780 2560 3816 non
2593 3765 2741 3829 vidit,
2775 3782 2827 3821 et
2857 3784 3000 3820 auris
3030 3784 3131 3821 non
3160 3773 3381 3835 audivit,
3428 3789 3526 3828 nec
3559 3775 3608 3827 in
3638 3790 3730 3828 cor

2159 3829 2385 3953 {ip’minis
2460 3838 2698 3888 ascendd
2751 3852 2867 3905 qua:
2945 3843 3261 3908 prmparavit
3308 3829 3449 3897 Deus
3500 3846 3728 3915 diligen-

2179 3918 2191 3952 t
2236 3918 2294 3953 tts
2322 3917 2398 3953 Se.
3404 3920 3407 3923 ’

2157 3910 2294 3954 ltbtts
2322 3917 2398 3956 Se.
3404 3920 3407 3923 '

2225 3972 2632 4049 Omniamunda
2660 3976 2891 4045 mundis,
2938 3979 3295 4049 coinquinatis
3322 3994 3572 4041 autemet
3606 3988 3723 4041 infi~

2153 4041 2359 4094 delibus
2391 4045 2514 4096 nihil
2536 4060 2608 4098 es:
2636 4041 2913 4102 mundum.

2224 4115 2409 4189 Omnia
2440 4116 2621 4189 licent,
2645 4122 2735 4171 sed
2769 4134 2870 4170 nun
2896 4119 3071 4173 omnia
3097 4123 3406 4189 expediunt.

2224 4186 2406 4256 Omnis
2432 4188 2722 4240 infidelium
2753 4190 2855 4241 vita
2889 4186 3284 4256 peccalmuvest.

2224 4254 2474 4309 Uliositas
2494 4258 2703 4309 inimica
2722 4272 2803 4312 est
2832 4254 3044 4313 animm.

2226 4324 2413 4403 Omnis
2440 4328 2553 4380 dies
2584 4330 2729 4403 velut
2752 4330 2969 4383 ultimus
3000 4333 3307 4403 tractandus
3326 4345 3428 4390 est.

2225 4396 2464 4479 Otiosum
2524 4400 2767 4479 vcrbnur
2791 4411 2892 4461 est,
2920 4401 3061 4469 qttod
3087 4418 3178 4479 aut
3223 4406 3425 4479 ratione
3446 4408 3606 4479 justas
3634 4422 3723 4467 ue-

2153 4470 2437 4529 cessitatis,
2467 4476 2558 4520 aut
2587 4470 2874 4523 intentione
2900 4489 2998 4538 pte
3027 4474 3265 4529 utilitatis
3292 4470 3460 4535 caret:

2222 4539 2542 4615 Obsequium
2572 4544 2794 4615 amicos,
2825 4548 3018 4594 veritas
3045 4546 3221 4598 odium
3247 4551 3406 4615 parit.

2224 4607 2544 4683 Occasiones
2570 4610 2759 4663 deesse
2790 4628 2893 4664 non
2926 4624 3145 4678 possunt
3169 4607 3443 4683 perituris.

2206 4678 2447 4763 9Omn‘iuo
2473 4689 2634 4763 errat,
2675 4683 2761 4750 qui
2795 4698 2887 4751 per
2919 4699 3101 4752 pacem
3135 4678 3189 4739 ei
3216 4690 3382 4742 otium
3424 4707 3485 4746 se
3518 4694 3719 4763 assequi

2152 4746 2473 4814 triumphum
2501 4761 2664 4816 putat.

2221 4820 2404 4901 Omnis
2427 4820 2602 4901 divina
2650 4824 2920 4889 percussio
2941 4832 3032 4877 aut
3060 4827 3300 4901 purgatio
3330 4838 3413 4883 est
3437 4831 3560 4887 vita:
3592 4850 3719 4901 pra:-

2154 4899 2454 4963 scutts,‘:iut
2486 4899 2691 4943 tnttiutn
2719 4908 2887 4959 ptenie
2914 4899 3202 4963 sequentis.

2223 4959 2473 5032 Oratione
2498 4964 2745 5032 continua
2770 4959 3089 5032 superantur
3119 4969 3265 5021 vitia.

2218 5028 2396 5151 lOpere
2421 5031 2606 5086 melius
2629 5049 2786 5102 quam
2819 5028 2991 5089 verbis
3025 5038 3160 5091 Deus
3182 5039 3427 5096 laudatur
3452 5052 3504 5097 ct
3536 5046 3709 5113 praedi.

2241 5115 2320 5151 ur.

2151 5113 2320 5152 catur.

2225 5170 2379 5251 Oculi
2404 5172 2699 5251 petulantes
2729 5175 2908 5228 cordis
2940 5176 3194 5232 luxuriosi
3246 5191 3374 5235 sunt
3403 5186 3713 5251 proditores.

2224 5241 2455 5292 Occulta:
2483 5256 2534 5295 et
2570 5246 2763 5313 pigizer
2791 5255 3104 5313 perpetrata:
3148 5252 3321 5317 culpa:
3354 5241 3641 5321 lucrentur,
3670 5266 3719 5308 et

2156 5324 2307 5385 reges
2330 5323 2674 5385 pastoresque
2706 5320 2933 5379 perversi
2963 5320 3373 5376 constituantur.

2226 5383 2411 5503 Omudia
2445 5386 2564 5438 fidet
2597 5400 2905 5455 argumenta
2932 5406 2959 5440 a
2991 5390 3273 5457 prieteritis
3297 5394 3461 5451 rebus
3501 5407 3621 5450 sunt
3642 5410 3715 5449 as-

2226 5466 2341 5503 tneu
2383 5467 2432 5503 a.

2154 5464 2432 5505 sumenda.

2228 5525 2399 5574 Omne
2427 5526 2564 5591 quod
2596 5535 2677 5579 est
2705 5525 2924 5594 justum,
2955 5529 3145 5581 merito
3176 5530 3281 5587 dici
3306 5535 3443 5589 valet
3472 5552 3653 5592 unum.

2229 5594 2494 5646 Orandum
2524 5611 2759 5665 semper,
2792 5615 2855 5650 ne
2874 5602 3190 5652 seducantur
3214 5609 3282 5655 ab
3308 5606 3482 5661 hoste.

2230 5665 2384 5737 Omni
2418 5669 2633 5737 pra-lato
2655 5668 2925 5735 subjectus
2948 5668 3020 5721 sis
3050 5672 3199 5737 quasi
3229 5674 3460 5730 Chrisw.

2231 5735 2275 5785 O
2304 5736 2513 5801 quantis
2540 5738 2682 5791 euris
2705 5753 2854 5791 mens
2884 5735 3079 5807 indiget
3108 5745 3354 5800 omnibus
3388 5750 3548 5800 boris.

2234 5807 2303 5857 Os
2334 5810 2469 5874 quod
2502 5812 2769 5876 mentitttr,
2798 5816 3022 5863 animum
3044 5811 3287 5882 jugulare
3309 5815 3557 5872 refertur.
