4060 6368
303 396 429 455 "09

1499 379 1929 439 PROVERBIOB
1941 381 1977 434 U
1991 380 2030 433 ιι
2075 378 2293 434 LIBER.

3404 365 3542 423 ΗΝ)

363 504 523 573 Regis
552 519 695 559 enim
723 517 923 557 nomen
957 508 1138 555 monet
1170 497 1543 573 ntcommissa
1578 504 1854 564 regantur.
1891 496 1935 551 Α
2033 490 2383 573 Sirnrilatores
2403 497 2452 543 et
2502 488 2677 573 callidi
2704 494 2994 568 provocant
3022 483 3153 573 iram
3187 483 3303 573 Dei.

365 569 545 635 Rebus
574 577 636 635 in
656 574 892 629 adversis
921 588 988 628 ne
1019 582 1196 625 motus
1224 569 1553 624 destituaris.

1066 725 1108 783 S

364 830 577 898 Servite
630 840 853 896 Domino
900 838 951 894 in
1003 837 1233 901 timore,
1265 843 1318 889 et
1362 834 1601 890 exultate
1639 832 1686 886 ei
1746 846 1863 885 cum

302 925 551 970 tremore.

369 983 696 1039 Sacrificium
732 982 839 1046 Deo
869 979 1089 1039 spiritus
1117 976 1524 1030 contribulatus.

368 1055 447 1108 Sit
476 1054 642 1122 gloria
676 1045 879 1105 Domini
910 1052 961 1122 in
992 1048 1245 1122 sarculum
1275 1045 1478 1099 smculi.

368 1126 447 1178 Sit
477 1113 689 1178 vnomen
738 1120 943 1175 Domini
992 1118 1328 1172 benedictum
1377 1130 1444 1169 ex
1493 1113 1595 1166 hoc
1640 1125 1779 1165 nunc
1812 1121 1868 1164 et

302 1207 469 1261 usque
497 1194 547 1246 in
571 1192 823 1247 saeculum
918 1259 946 1263 Α
1052 1259 1063 1263 _
1492 1262 1497 1263 ί
1814 1250 1826 1263 .

370 1259 525 1317 Salus
548 1263 807 1329 justornm
856 1275 889 1313 a
918 1259 1171 1321 Domino,
1205 1266 1260 1312 et
1303 1262 1570 1325 protector
1597 1266 1784 1306 eorum
1815 1259 1866 1305 in

305 1342 542 1399 tempore
571 1331 945 1385 tribulationis.
979 1399 989 1402 _
1121 1398 1132 1402 Δ
1409 1397 1420 1402 Α
1576 1397 1586 1402 _
1788 1391 1799 1402 θ

379 1397 569 1457 Suavis
605 1402 858 1454 Dominus
904 1398 1195 1463 universis,
1247 1406 1303 1452 et
1353 1397 1721 1451 miserationes
1752 1397 1869 1461 ejus

301 1487 461 1537 super
486 1474 663 1525 omnia
691 1486 852 1539 opera
884 1472 1021 1538 ejus.

382 1542 614 1611 Spiritus
638 1533 863 1595 ubi'vnlt
890 1533 1077 1603 spirat,
1130 1549 1182 1594 et
1215 1553 1399 1611 vocem
1428 1537 1544 1606 ejus
1575 1534 1749 1593 audis.
1774 1533 1866 1585 sed

302 1629 406 1683 non
430 1608 543 1666 scis
560 1612 699 1666 unde
728 1612 925 1683 veniat,
956 1620 1010 1664 et
1034 1626 1136 1678 quo
1158 1608 1333 1683 vadat.
1680 1674 1691 1683 _
1830 1673 1840 1683 .

371 1682 605 1751 Spiritus
632 1692 711 1735 est
742 1674 985 1745 Dens,'et
1014 1674 1108 1751 eius
1137 1679 1223 1747 qui
1257 1679 1476 1732 adorant
1504 1690 1647 1739 eum,
1680 1674 1730 1727 in
1761 1674 1870 1739 spi-

302 1749 492 1807 ritniet
520 1753 743 1807 veritate
771 1758 983 1819 Oportet
1004 1749 1244 1803 adorare.

2040 561 2389 645 Solitudinem
2417 560 2640 629 qumrit,
2690 558 2777 626 qui
2807 572 2925 609 cum
2958 555 3326 610 innocentibus
3348 554 3537 610 vivere

1968 642 2423 757 Cl"Similitudines
2490 714 2666 753 rerum
2718 698 2984 751 variarum
3017 695 3081 750 ad
3130 694 3534 751 mdificationem

1971 783 2205 826 nostram
2234 773 2428 839 jngiter
2458 770 2817 837 proponenda:
2847 778 2991 839 sunt.

2041 841 2189 896 Sicut
2215 835 2359 893 canis
2386 835 2601 894 revertit
2630 840 2692 890 ad
2724 838 2979 890 vomitum
3011 851 3188 902 sumn,
3221 835 3299 890 sic
3324 836 3531 905 impru-

1969 910 2102 964 dens
2132 912 2408 965 stultitiam
2435 928 2583 963 suam
2618 911 2790 962 itcrat.

2039 981 2185 1035 Sicut
2238 998 2372 1052 aqua
2431 979 2723 1048 exstinguit
2786 977 3003 1047 ignem,
3061 977 3129 1030 ita
3183 978 3528 1047 eleemosyna

1974 1063 2267 1117 peccatum.

1970 1191 2000 1243 ἀ
2040 1121 2348 1177 Saucritatis
2374 1135 2564 1175 nomen
2590 1119 2793 1173 habere
2812 1117 2928 1171 sine
2952 1116 3224 1185 operibus,
3252 1117 3380 1170 nulli
3416 1130 3538 1185 pro-

2006 1202 2111 1243 est.

1972 1206 2263 1383 :eS'apiens
2313 1269 2415 1326 est,
2466 1262 2552 1329 qui
2601 1258 2755 1316 factis
2797 1258 2914 1325 plus
2965 1270 3124 1327 quam
3164 1256 3355 1311 ‘verbis
3402 1257 3540 1311 alios

2008 1343 2146 1383 008i.

2008 1343 2196 1457 0Staius
2237 1408 2321 1455 est
2366 1401 2610 1466 divitum,
2646 1397 2936 1455 subvenire
2965 1397 3374 1452 necessitatibus
3404 1412 3536 1467 pau-

1974 1488 2276 1608 perS‘iilgiitas
2306 1540 2645 1597 contumelize
2674 1538 2840 1591 virtus
2866 1538 3072 1607 repellit
3102 1537 3393 1608 patientia).

2042 1605 2363 1679 scorpiones
2408 1614 2510 1667 dici
2560 1620 2801 1677 possunt,
2832 1605 3097 1675 qni'bmiis
3127 1607 3341 1679 quidem
3376 1608 3425 1679 in
3458 1605 3535 1659 fa-

1974 1684 2057 1805 fie
2085 1677 2190 1735 non
2221 1684 2514 1749 resistunt,
2567 1681 2659 1735 sed
2694 1695 2812 1732 mox
2857 1694 2978 1732 cum
3012 1678 3335 1733 recesserint
3364 1677 3543 1732 detra-

1992 1761 2124 1805 runt.

373 1824 428 1875 Si
460 1837 646 1876 manus
672 1831 758 1894 tua
784 1814 863 1874 vel
894 1836 985 1888 pes
1016 1832 1134 1873 tuus
1162 1816 1487 1873 scandalizet
1519 1825 1589 1883 te,
1614 1814 1866 1868 abscinde
1900 1835 1944 1894 Β
2045 1822 2412 1894 semetipsum
2444 1822 2708 1894 abnegat,
2755 1820 2843 1888 qui
2873 1861 2887 1885 ,
2951 1818 3145 1894 relicto
3169 1817 3395 1894 carnalis
3424 1818 3545 1894 vitm

306 1892 458 1947 ilium
491 1904 539 1946 et
572 1891 770 1960 projiciv
794 1894 899 1943 abs.
918 1900 988 1943 te.

371 1964 463 2017 Sic
493 1956 630 2017 Dens
654 1956 837 2015 dilexit
868 1960 1146 2025 mundum,
1192 1969 1249 2012 ut
1279 1958 1471 2012 Filium
1502 1970 1655 2009 suum
1686 1956 1865 2020 unige-

301 2032 472 2086 nitum
500 2033 669 2093 daret,
705 2040 763 2085 ut
782 2031 955 2083 omnis
985 2033 1070 2093 qui
1101 2031 1271 2084 credit
1302 2031 1353 2083 iu
1380 2029 1581 2097 ipsum,
1611 2042 1713 2078 non
1748 2040 1866 2093 per-

301 2115 413 2174 eat3
441 2102 536 2157 sed
570 2103 761 2174 habeat
789 2102 946 2174 vitam
970 2110 1245 2174 aiter-nam.
1492 2166 1508 2174 _
1783 2163 1794 2174 .

375 2172 431 2227 Si
457 2172 753 2239 peccaverit
801 2172 851 2223 in
904 2180 954 2224 te
1002 2173 1164 2224 frater
1207 2180 1327 2223 tuus
1353 2207 1369 2233 ,
1412 2166 1543 2221 vade
1571 2175 1626 2221 et
1658 2166 1867 2232 corripe

303 2257 429 2297 eum
463 2244 598 2296 inter
626 2252 675 2295 te
703 2242 955 2309 etipsnm
983 2239 1177 2294 solum.

376 2314 604 2366 Sanctus
632 2304 846 2379 spiritus
875 2311 1169 2377 disciplina:
1198 2309 1358 2378 fugiet
1385 2308 1589 2379 fictum.
1614 2314 1667 2363 et
1695 2304 1867 2358 aufert

300 2396 362 2438 se
386 2397 415 2432 ιι
441 2378 852 2451 cogitatibnlbus
882 2398 998 2450 qua}
1028 2382 1299 2451 suntsine
1326 2378 1617 2435 intellectu.

377 2452 647 2516 Sapientis
676 2453 816 2505 oculi
845 2452 896 2504 in
926 2451 1101 2517 capite
1129 2450 1267 2516 ejus.

377 2522 585 2575 Sentite
613 2522 681 2573 de
714 2522 935 2574 Domino
956 2516 1009 2574 in
1037 2519 1273 2574 bonitate
1300 2556 1317 2585 ,
1367 2528 1421 2573 et
1444 2517 1497 2573 in
1527 2516 1869 2586 simplicitate

300 2592 483 2645 cordis
504 2590 727 2658 quaerite
750 2592 917 2643 illum.

377 2661 585 2714 Stultus
617 2659 792 2714 verbis
821 2677 926 2714 non
956 2658 1264 2727 corrigitur.

376 2730 604 2798 Sapiens
629 2745 723 2784 cor
750 2740 802 2784 et
834 2726 1165 2798 intelligibile
1200 2729 1434 2785 abstinet
1461 2744 1522 2786 se
1559 2742 1585 2780 a
1614 2726 1866 2794 peccatis.

376 2800 615 2854 Stultitia
640 2801 888 2869 colligata
918 2808 999 2854 est
1028 2802 1079 2853 in
1108 2798 1269 2855 corde
1297 2801 1446 2869 pueri
1472 2839 1487 2863 ,
1532 2809 1586 2853 et
1613 2799 1756 2866 virga
1788 2798 1869 2851 di-

299 2869 543 2933 sciplina:
571 2870 771 2938 fugahit
791 2887 930 2925 eam.

376 2942 587 2994 Statera
616 2941 799 2994 dolosa
832 2941 1157 2997 abominatio
1177 2949 1261 2996 est
1283 2939 1423 3010 apud
1447 2938 1634 3005 Deum,
1660 2947 1713 2992 et
1735 2950 1868 3006 pon-

306 3012 409 3065 dus
440 3024 646 3077 a:quum
678 3011 923 3065 voluntas
950 3013 1086 3079 ejus.

374 3080 602 3148 Sapiens
645 3089 702 3136 ut
747 3082 831 3136 sol
860 3078 1134 3151 permanet
1157 3122 1171 3146 ,
1214 3078 1429 3139 stultus.
1451 3087 1627 3134 autem
1658 3087 1715 3133 ut
1745 3078 1867 3133 luna

299 3159 558 3203 mutatur.

374 3220 557 3274 Semel
586 3220 817 3289 loquitur
847 3220 1010 3287 Deus,
1043 3228 1096 3275 et
1124 3219 1360 3276 secundo
1387 3232 1488 3272 non
1519 3219 1733 3288 repetit.

374 3289 707 3357 Sapientiam
732 3291 966 3345 omnium
996 3292 1333 3359 antiquorum
1358 3291 1586 3359 exquirit
1627 3290 1862 3356 sapiens.

374 3360 651 3428 Sapientia
696 3361 1007 3416 abscoiidita
1054 3370 1110 3416 et
1151 3362 1428 3416 thesaurus
1476 3360 1674 3415 invisus
1701 3404 1715 3428 ,
1745 3363 1883 3429 qua}:

299 3430 507 3483 utilitas
539 3431 589 3484 in
624 3431 898 3499 utrisque?

373 3501 604 3567 Sapiens
634 3502 807 3555 verbis
839 3500 1120 3556 innotescit
1149 3500 1353 3569 paucis.
1595 3504 1623 3569 ξ

372 3571 589 3636 Septies
634 3572 774 3625 cadit
816 3572 1031 3638 justus,
1074 3568 1444 3640 etresurget;
1494 3568 1637 3639 impii
1686 3580 1865 3625 autem

298 3652 560 3696 corruerit
592 3642 642 3695 in
675 3643 890 3698 malum.

372 3713 569 3765 Sermo
596 3712 759 3765 durus
787 3713 1007 3766 suscitat
1035 3710 1290 3765 furorem.

372 3780 600 3835 Somnia
620 3784 891 3837 extollunt.
910 3782 1294 3848 imprudentes.

373 3849 578 3905 Secura
608 3866 758 3905 mens
784 3854 931 3921 quasi
953 3852 1082 3921 jnge
1110 3850 1427 3905 convivium.

370 3920 593 3988 Secreta
622 3923 761 3991 regis
789 3920 984 3988 Celare,
1014 3923 1209 3975 bonum
1232 3932 1310 3974 est
1335 3936 1350 3985 ;
1382 3920 1641 3990 inagnalia
1686 3933 1881 3974 autem,

300 3990 397 4044 Dei
431 3990 703 4055 revelare,
729 3992 1076 4046 honorificum
1107 4000 1208 4044 est.

377 4061 589 4117 Stultus
619 4061 671 4115 iu
703 4063 812 4116 risu
838 4064 1034 4117 etaltat
1064 4076 1244 4115 vocem
1268 4076 1436 4115 suam.

373 4132 433 4186 Si
485 4131 763 4200 diligamus
808 4133 1070 4194 invicem,
1125 4131 1261 4184 Deus
1307 4133 1356 4183 iu
1407 4129 1558 4183 nobis
1583 4138 1779 4191 manet,
1812 4138 1866 4184 et

300 4201 546 4257 Charitas
566 4217 681 4269 ejus
720 4205 770 4256 in
798 4203 949 4256 nobis
978 4202 1202 4269 perfectio
1229 4211 1330 4256 est.
1582 4200 1589 4203 ’

374 4273 433 4327 Si
470 4271 590 4340 quis
628 4274 829 4328 dixerit
865 4271 1115 4340 quoniam
1158 4270 1320 4341 diligo
1350 4269 1539 4337 Deum,
1564 4279 1619 4324 et
1648 4269 1863 4324 fratrem

299 4358 461 4396 suum
492 4342 929 4411 oderit,_mendax
952 4350 1052 4395 est.

376 4408 871 4479 Spiriiualis'homo
912 4411 1163 4480 dijudicat
1208 4409 1425 4475 omnia,
1475 4417 1529 4462 et
1575 4408 1686 4477 ipse
1714 4426 1862 4465 ane-

301 4484 452 4536 tnine
478 4481 766 4551 judicatur.

376 4547 533 4606 Sicut
562 4552 613 4606 in
646 4553 811 4607 Adam
836 4565 1024 4607 omnes
1051 4552 1366 4616 moriuntur,
1399 4549 1470 4603 ita
1493 4559 1546 4605 et
1574 4550 1623 4603 in
1653 4547 1872 4606 Christo

299 4637 498 4677 omnes
523 4624 947 4677 vivificabuntur.

374 4692 652 4761 Sapientia
680 4694 837 4762 hujus
865 4692 1045 4746 mundi
1073 4689 1295 4746 stultitia
1320 4698 1400 4743 est
1426 4688 1582 4762 apud:
1600 4689 1791 4748 Deum.

376 4759 513 4815 Sine
537 4759 844 4828 paenitentia
870 4772 995 4817 sunt
1014 4763 1152 4816 dona
1182 4770 1237 4813 et
1262 4762 1466 4815 vocatio
1494 4759 1607 4816 Dei.

374 4832 615 4886 Scientia
647 4833 821 4898 inflat,
853 4831 1083 4888 charitas
1114 4831 1363 4885 aedificat.

376 4902 435 4957 Si
473 4902 699 4957 vivimus
722 4904 936 4972 spiritu,
959 4902 1148 4969 spiritu
1178 4900 1615 4972 etambulemus.

378 4972 514 5027 Sive
544 4970 766 5029 vivimus
792 4972 903 5027 sive
931 4972 1210 5034 morimur,
1239 4970 1445 5024 Domini
1477 4985 1682 5025 sumus.

379 5043 476 5097 Sic
503 5042 756 5111 diligendi
804 5052 928 5097 sunt
967 5042 1235 5107 homines,
1281 5049 1339 5095 ut.
1382 5055 1564 5096 eorum
1615 5056 1718 5093 non
1750 5039 1872 5093 dili-

296 5123 500 5181 gantur
527 5126 757 5170 errores.

380 5182 708 5249 Speculator
737 5182 913 5239 adstat
947 5182 1197 5249 desuper,
1247 5181 1334 5249 qui
1366 5179 1679 5235 nosdiebus
1702 5183 1877 5235 omni-

301 5253 407 5306 bus
440 5260 700 5318 actusque
721 5262 934 5307 nostros
963 5252 1237 5320 prospicit.

296 5393 317 5445 ι
377 5322 539 5375 Scire
582 5321 717 5389 Dei,
760 5322 1057 5392 approbare
1102 5331 1184 5375 est
1202 5336 1233 5385 ;⁵
1269 5322 1475 5375 nescire
1503 5335 1650 5387 vero,
1687 5337 1877 5391 repro-

320 5407 457 5445 ia-‘e.

320 5407 457 5445 nare.

373 5463 604 5519 Summa
644 5462 783 5534 apud
826 5462 999 5518 Deum
1039 5468 1121 5516 est
1167 5458 1449 5528 nobilitas,
1503 5464 1703 5518 clarum
1754 5476 1875 5519 esse

300 5532 613 5586 virtutibus.

372 5600 758 5669 Subjectornm
804 5604 927 5657 vitia
976 5599 1258 5668 aliquando
1300 5598 1869 5670 suntdissinmlanda,

294 5673 392 5726 scd
429 5680 551 5735 post
574 5674 685 5728 haec
714 5673 835 5740 quia
865 5672 1333 5727 dissimulabantur
1361 5669 1663 5725 indicanda.

370 5741 589 5819 Satana:
613 5744 831 5819 insidias
871 5743 1166 5819 evadere_,_
1190 5755 1296 5796 non
1324 5751 1402 5795 est
1433 5742 1661 5798 volentis
1694 5757 1869 5814 neque

292 5812 592 5879 currentis,
622 5816 714 5868 sed
747 5813 1047 5870 iiiiscrcritis
1078 5812 1190 5866 Dei.

1976 1893 2188 1947 homine
2215 1935 2228 1955 ,
2253 1887 2439 1946 induit
2469 1887 2799 1962 Spit‘illI-tleltl
2828 1902 2880 1944 et
2913 1904 3108 1943 novum
3136 1887 3406 1941 hominem
3437 1931 3450 1952 ,
3488 1890 3539 1941 id

1972 1975 2075 2025 εει,
2104 1962 2395 2016 Christum.

2039 2033 2268 2086 Stultum
2297 2033 2452 2086 valde
2479 2041 2565 2087 est
2586 2074 2599 2091 .
2634 2030 2677 2083 si
2705 2028 2789 2083 his
2814 2030 3024 2096 placere
3055 2027 3367 2097 quaerimus,
3404 2044 3541 2097 quos

1970 2118 2074 2156 non
2109 2104 2319 2165 placere
2348 2103 2457 2157 Deo
2478 2104 2694 2155 scimus.

2043 2173 2251 2292 Sufficit
2274 2172 2559 2243 unicuique
2604 2175 2678 2227 sic
2703 2171 2976 2238 diSpntare
3004 2169 3085 2224 vel
3112 2169 3341 2233 dictare,
3369 2177 3427 2221 ut
3460 2168 3543 2223 ine

2069 2254 2258 2292 matur.

1972 2244 2258 2297 telliaatur.

2040 2259 2393 2387 Siiiigi-ilouitas
2434 2321 2540 2367 tam
2583 2312 2868 2366 verborum
2914 2323 3072 2380 quam
3119 2324 3298 2365 rerum
3325 2310 3540 2365 vitanda

1968 2393 2072 2437 est.

2039 2452 2191 2507 Sicut
2213 2466 2279 2507 ex
2312 2452 2474 2506 variis
2506 2451 2726 2506 floribus
2775 2449 3095 2519 colliguntur
3142 2450 3321 2512 mella,
3373 2449 3442 2504 ita
3476 2464 3539 2501 ex

1970 2521 2132 2575 variis
2155 2524 2460 2578 hominibus
2492 2526 2659 2576 virtus
2699 2523 2953 2591 quaalibet
2976 2532 3058 2574 est
3086 2520 3410 2589 colligenda.

2040 2593 2397 2646 Saecularibus
2426 2593 2613 2646 litteris
2646 2594 2900 2655 intentus,
2934 2606 3100 2646 sacra:
3129 2592 3421 2659 Scriptura:
3451 2603 3537 2642 ar-

1967 2676 2101 2714 cana
2132 2668 2325 2729 capere
2358 2679 2459 2715 non
2485 2670 2677 2730 potest.

2041 2728 2371 2799 Scripturam
2416 2728 2621 2787 sacram
2674 2734 2855 2799 legens
2904 2729 3181 2784 attendere
3223 2730 3383 2783 debet
3413 2728 3538 2797 quid

1971 2804 2195 2870 mystice
2226 2804 2305 2856 vel
2341 2803 2486 2869 juxta
2520 2804 2775 2866 litteram,
2826 2803 2950 2870 quid
2996 2817 3089 2868 pro
3122 2811 3270 2870 parte
3301 2800 3381 2852 vel
3442 2814 3540 2867 pro

1972 2881 2082 2925 toto
2114 2871 2312 2926 dictum
2342 2873 2428 2926 sit.

2045 2941 2336 3010 Scriptum
2364 2957 2532 2998 sacra:
2560 2942 2835 2997 meditatio
2866 2951 3097 2997 mentem
3129 2940 3356 2996 retrahit
3382 2954 3410 2993 a
3445 2954 3543 2994 eo-

1970 3011 2134 3083 gitatu
2166 3015 2349 3068 noxio.

2040 3082 2194 3136 Sicut
2241 3082 2453 3151 plurimi
2500 3083 2605 3138 cibi
2648 3083 2774 3140 nihil
2825 3090 3049 3152 prosunt
3072 3081 3273 3151 absque
3305 3080 3441 3145 sale,
3474 3080 3545 3135 ita

1974 3167 2161 3223 omnes
2190 3154 2411 3223 virtutes
2432 3154 2632 3223 absque
2657 3153 2935 3209 cbariiate.

2043 3221 2191 3277 Sicut
2214 3222 2385 3279 fistula
2424 3218 2625 3293 absque
2670 3224 2959 3291 inspirante
3006 3222 3209 3275 nullum
3243 3218 3416 3293 reddit
3445 3236 3538 3273 so-

1969 3308 2091 3345 num
2118 3333 2133 3357 ,
2178 3292 2249 3347 ita
2278 3303 2333 3347 et
2359 3309 2453 3348 cor
2483 3290 2943 3363 hominisabsque
2982 3293 3330 3362 inspiratione
3358 3290 3538 3345 divina

1968 3364 2167 3417 nullum
2200 3365 2386 3430 recipit
2415 3366 2631 3419 bonum.

2037 3435 2184 3487 Sicut
2224 3435 2345 3502 equi
2421 3435 2703 3502 cujuslibet
2749 3434 3034 3488 cursuscin
3104 3432 3232 3502 loco,
3277 3440 3537 3498 spatioso,

1967 3502 2035 3555 ita
2065 3516 2117 3557 et
2144 3505 2376 3559 hominis
2406 3501 2649 3558 voluntas
2684 3506 2939 3573 probatur
2968 3504 3021 3557 in
3051 3501 3274 3573 arbitrio
3309 3502 3456 3573 dato.

2038 3573 2185 3628 Sicut
2209 3574 2345 3628 oculi
2378 3576 2614 3629 omnium
2646 3571 2696 3628 in
2727 3575 2922 3640 capite,
2950 3575 3021 3626 ita
3050 3573 3209 3627 etiam
3246 3572 3297 3625 in
3327 3571 3542 3626 Christo

1965 3646 2259 3697 Consistere
2286 3646 2441 3699 debet
2464 3646 2635 3703 omnis
2667 3644 2890 3698 intentio
2922 3644 3175 3697 fidelium.

2038 3714 2167 3769 Sine
2210 3716 2313 3769 line
2362 3717 2583 3769 cruciari
2635 3724 2889 3783 meretur,
2941 3715 3029 3784 qui
3062 3714 3263 3768 nntium
3287 3713 3539 3783 peccandi

1968 3783 2124 3836 linem
2159 3790 2208 3837 in
2230 3786 2390 3839 corde
2417 3800 2514 3840 suo
2536 3787 2739 3839 statuit.

1966 3924 1997 3978 ἀ
2040 3853 2244 3975 Stltmmi
2308 3856 2556 3925 principis
2624 3854 2854 3909 ministri
2902 3854 2951 3909 in
2996 3854 3183 3922 primis
3210 3861 3337 3908 sunt
3362 3850 3545 3921 provi-

2004 3939 2085 3978 οιιι
2111 3941 2145 3978 Ι.

2004 3939 2145 3981 eiltll.

2038 3992 2129 4047 Sic
2155 3994 2272 4050 aliis
2297 3995 2546 4065 ignosce,
2581 4004 2637 4048 ut
2671 4003 2727 4050 tu
2751 3993 2846 4049 tibi
2874 3994 3110 4063 peccanti
3148 3993 3265 4047 illos
3294 3992 3541 4063 ignosce—

1968 4080 2025 4118 re
2046 4079 2215 4131 cupis.

2036 4130 2260 4205 Singuis
2291 4135 2603 4205 sanguinem
2648 4134 2832 4205 tangit,
2873 4148 2995 4188 cum
3041 4143 3258 4202 peccata
3295 4130 3538 4202 peccatis

1967 4204 2308 4269 adjiciuntur.
2394 4204 2407 4205 ί
2746 4204 2769 4273 ί

2042 4274 2300 4343 Superbia
2326 4275 2440 4330 sola
2462 4275 2752 4343 corrumpit
2777 4274 2952 4329 omnia
2981 4274 3139 4328 bona.

2040 4342 2209 4397 Stulta
2242 4355 2359 4398 Vota
2392 4342 2844 4414 frangeutla’sttut.

2040 4414 2169 4468 Sine
2199 4415 2438 4470 doctrina
2467 4427 2566 4468 vita
2599 4425 2681 4469 est
2708 4417 2853 4481 quasi
2884 4415 3072 4468 mortis
3102 4414 3275 4480 imago

1902 4516 1952 4575 υ
2045 4484 2100 4537 Si
2126 4498 2271 4539 ames
2295 4485 2574 4575 dicilpater
2595 4496 2655 4575 et.
2675 4486 2921 4554 princeps
2939 4527 2957 4553 ,
2986 4498 3177 4539 nomen
3204 4498 3323 4537 cum
3354 4482 3530 4537 hono-

1983 4567 2239 4626 reserva,
2270 4557 2502 4610 moribus
2534 4558 2712 4626 imple.

2053 4624 2259 4697 Saepius
2290 4627 2462 4681 ventis
2490 4624 2941 4697 agitaturingens
2961 4624 3136 4693 pinus,
3168 4631 3221 4678 et
3243 4624 3401 4679 celsa:
3430 4632 3539 4677 tur-

1982 4708 2068 4747 res
2093 4694 2333 4761 graviore
2360 4710 2482 4751 caSu
2513 4694 2767 4750 decidunt

2055 4764 2328 4819 Stantihns
2370 4776 2421 4820 et
2471 4768 2632 4834 lapsis
2681 4782 2773 4832 par
2819 4764 3118 4819 sollicitudo
3155 4764 3383 4819 tenenda
3415 4773 3493 4818 est
3528 4780 3544 4820 ;

1984 4833 2063 4891 bis
2088 4849 2154 4888 ne
2180 4846 2324 4889 retro
2350 4833 2558 4901 cadant,
2590 4836 2696 4890 illis
2728 4845 2783 4888 ut
2811 4836 3022 4889 concito
3052 4847 3295 4904 surgant.

2053 4904 2240 4959 Sermo
2268 4906 2423 4960 datur
2452 4906 2652 4970 multis,
2681 4906 2840 4959 animi
2868 4905 3122 4973 sapientia
3157 4905 3353 4972 paucis.

2050 4977 2103 5028 Si
2137 4990 2367 5045 nequeas
2394 4978 2592 5043 plures,
2618 4977 2698 5029 vel
2723 4986 2773 5030 te
2804 4976 3138 5028 siduinrnodo
3166 4990 3339 5029 cures.

2052 5046 2106 5097 Si
2133 5048 2255 5115 quid
2286 5048 2476 5101 VtWiSli
2510 5046 2732 5099 Domino
2756 5086 2771 5111 ,
2807 5061 2872 5099 ne
2906 5047 3133 5100 reddere
3165 5046 3363 5098 tardes.

2051 5117 2231 5171 Solius
2261 5125 2342 5171 est
2374 5116 2579 5169 Domini
2612 5118 2746 5169 bona
2778 5117 2843 5169 de
2868 5118 3048 5185 pravis
3080 5116 3314 5185 operari.

2051 5192 2272 5253 Semper
2292 5200 2481 5241 avarus
2511 5195 2651 5255 eget,
2680 5187 2819 5241 hunc
2850 5184 2991 5238 nulla
3019 5184 3236 5253 pecunia
3272 5184 3462 5253 replet.

2051 5256 2105 5307 Si
2136 5258 2216 5325 vis
2240 5256 2451 5319 salvari,
2481 5261 2555 5308 nil
2584 5256 2705 5310 huic
2734 5271 2982 5325 prmpone
3004 5255 3182 5307 saluti.

2051 5324 2279 5395 Spiritus
2307 5334 2389 5383 est
2412 5330 2539 5393 vita,
2571 5342 2716 5381 mors
2739 5324 2920 5381 carnis
2948 5324 3305 5394 philosophia.

2738 5463 2791 5521 Τ.

2049 5599 2123 5653 Te
2145 5597 2297 5652 decet
2324 5596 2570 5668 hymnus,
2610 5597 2768 5661 Dens,
2810 5594 2861 5648 in
2905 5594 3055 5662 Sion,
3085 5606 3138 5651 et
3168 5593 3261 5650 tibi
3298 5595 3552 5651 reddetur

1978 5682 2155 5723 votum
2184 5671 2235 5722 in
2256 5668 2569 5723 Jerusalem.

2046 5740 2427 5794 Testimonium
2463 5738 2667 5793 Domini
2695 5735 2845 5793 ﬁdele
2867 5780 2882 5809 ,
2918 5736 3233 5807 sapientiam
3291 5751 3551 5805 prmslans

1977 5811 2231 5877 parvuhs.
