4060 6368
538 329 670 385 1111

537 519 645 570 eris
675 515 737 566 ad
743 517 904 583 jutor.

608 583 814 640 Timete
865 583 1141 638 Dominum
1168 624 1183 646 ,
1235 598 1420 637 omnes
1452 584 1620 638 saneti
1665 583 1779 651 ejus
1805 624 1821 650 ,
1854 583 2105 651 quoniam

538 669 644 710 non
673 663 757 709 est
785 655 960 723 inopia
989 655 1294 709 timentibus
1323 669 1466 709 eum.

610 725 988 779 Thesaurizate
1041 725 1190 779 vobis
1238 724 1516 778 thesauros
1565 724 1616 776 in
1662 724 1821 787 rmlo,
1865 723 1951 776 tibi
2008 737 2105 776 nec

540 809 725 864 aerugo
751 810 923 862 neque
949 795 1086 849 tinea
1123 794 1441 858 demolitur,
1474 805 1526 848 et
1554 795 1641 848 ubi
1677 795 1818 848 fures
1850 809 1956 847 non
1978 794 2106 847 cllo-

538 865 688 920 diunt
712 881 808 920 nec
836 867 1092 918 furantur.

613 935 796 990 Timor
825 935 1032 989 Domini
1054 935 1274 1003 expellit
1301 935 1593 1001 peccatum.

613 1005 805 1059 Totum
827 1006 1067 1073 spiritum
1093 1021 1246 1059 suum
1272 1005 1468 1073 profert
1498 1005 1692 1058 stultus
1715 1045 1730 1068 ,
1779 1003 1988 1073 sapiens
2012 1019 2106 1059 au-

539 1083 647 1130 tem
676 1075 854 1130 diliert
879 1085 934 1131 et
957 1084 1197 1130 reservat
1217 1075 1268 1129 in
1296 1083 1592 1143 posterum.

609 1146 844 1214 Tempus
872 1146 1014 1200 omni
1045 1146 1122 1200 rei
1150 1147 1250 1200 sub
1279 1144 1435 1198 cmlo.

612 1215 800 1270 Turris
826 1215 1116 1270 fortissima
1149 1231 1341 1271 nomen
1374 1215 1608 1280 Domini,
1638 1214 1703 1268 ad
1735 1215 1910 1284 ipsum
1935 1215 2104 1270 currit

533 1284 732 1355 justus,
761 1296 814 1340 et
838 1285 1170 1355 exaltabitur.

575 1355 918 1436 .Thesaurus
983 1353 1352 1410 desiderabilis
1405 1355 1694 1426 requiescit
1764 1356 1816 1413 in
1873 1369 1966 1410 ore
2015 1369 2105 1408 sa-

537 1435 755 1494 pientis.
1390 1451 1397 1459 ·

614 1495 842 1550 Timenti
872 1494 1056 1559 Deum,
1086 1495 1220 1550 bene
1243 1494 1348 1550 erit
1375 1495 1426 1548 in
1453 1496 1728 1557 extremis,
1767 1551 1770 1554 .

615 1565 826 1633 Triplex
857 1566 1119 1621 funiculus
1147 1566 1359 1619 difﬁcile
1387 1568 1666 1633 rumpitur.

618 1634 796 1691 Testis
823 1635 982 1692 falsus
1004 1652 1109 1688 non
1141 1635 1243 1693 erit
1268 1634 1574 1702 impunitus.

612 1704 794 1760 Timor
822 1722 924 1759 non
966 1718 1049 1760 est
1090 1707 1141 1759 in
1181 1705 1457 1773 charitate,
1486 1710 1580 1762 sed
1611 1707 1843 1776 perfecta
1873 1707 2105 1763 charitas

540 1774 684 1830 foras
711 1777 871 1831 mittit
895 1777 1163 1831 timorem.

617 1845 792 1916 Turpe
817 1856 930 1912 est,
975 1854 1033 1901 ut
1061 1849 1146 1914 qui
1177 1847 1345 1903 nescit
1379 1855 1557 1902 tenere
1586 1847 1950 1904 moderamina
1981 1851 2103 1904 vita:

541 1927 673 1978 ante.
698 1916 858 1985 judex
891 1918 978 1970 ﬁat
1004 1917 1211 1973 aliente.

612 1987 784 2042 Tanto
805 1988 1049 2059 subtilius
1071 1988 1294 2056 quisque
1316 1987 1379 2039 de
1403 1987 1641 2043 tenebris
1662 1987 1883 2058 judicat,
1905 1999 2104 2059 quanto

542 2070 664 2110 eum
693 2059 868 2113 verius
894 2058 1109 2113 claritas
1137 2060 1265 2112 lucis
1295 2059 1538 2111 illustrat.

614 2125 871 2184 Tentator
901 2129 1120 2197 pervigil
1169 2129 1263 2183 hos
1303 2129 1598 2183 acrioribus
1640 2129 1815 2194 pulsat
1861 2129 2102 2196 insidiis,

539 2210 676 2265 gnos
706 2202 936 2253 maxime
964 2199 1152 2252 viderit
1183 2199 1448 2252 abstinere
1478 2215 1506 2250 a
1540 2202 1789 2265 peccatis.

609 2266 787 2323 Tenax
821 2279 874 2324 et
902 2270 1148 2338 prodigus
1178 2269 1422 2338 nimium,
1454 2270 1611 2329 ambo
1641 2270 1692 2323 itt
1725 2287 1886 2326 unum
1917 2271 2107 2326 nimie-

539 2338 664 2391 tatis
689 2340 958 2394 conﬁuunt
989 2340 1195 2393 vitium.

607 2407 899 2465 Timeudus
923 2418 1005 2464 est
1031 2424 1138 2476 pra:
1162 2408 1390 2472 cunctis,
1412 2407 1565 2479 cujus
1585 2417 1820 2478 potestas
1841 2421 1926 2466 est
1944 2426 2107 2480 super

532 2492 740 2533 omnes.

611 2549 833 2670 Tleurrte
863 2550 1019 2604 nimis
1044 2558 1251 2603 mentes
1274 2548 1639 2617 asperioribus
1667 2550 1956 2606 formandis
1985 2562 2108 2606 sunt

611 2636 636 2669 Ι(
661 2636 741 2670 IIS.

535 2621 741 2673 s‘ttdiis.

608 2687 984 2758 Teiuporatutn
1025 2705 1185 2748 omne
1227 2699 1332 2749 tam
1365 2690 1474 2746 Deo
1503 2705 1663 2760 quam
1693 2690 1997 2746 hominibus
2024 2703 2108 2749 est

535 2762 882 2825 acceptabile.

605 2830 891 2885 Tormenta
922 2831 1276 2899 quorumdam
1307 2832 1426 2886 aliis
1458 2841 1677 2901 prosunt
1708 2832 1774 2886 ad
1807 2834 2100 2888 correctio-

529 2915 649 2954 netu
661 2939 674 2953 .

608 2971 829 3042 Tantuat
856 2972 1080 3041 quisque
1109 2973 1409 3042 proximum
1437 2982 1630 3039 portat,
1655 2983 1908 3039 quantum
1938 2986 2102 3031 amat.

598 3041 776 3162 lTanto
822 3043 1004 3112 pejora
1049 3053 1172 3098 sunt
1201 3041 1326 3102 vitia
1351 3082 1368 3108 ,
1416 3053 1613 3112 quanto
1642 3046 1892 3098 virtutum
1921 3047 2103 3114 specie

615 3123 789 3162 antur.

530 3123 789 3167 celantur.

608 3182 831 3242 Tamdiu
859 3183 975 3251 quis
1005 3193 1149 3238 errat
1178 3183 1230 3236 in
1261 3182 1381 3246 ﬁde,
1419 3197 1694 3253 quousque
1723 3186 1901 3240 omnia
1932 3200 1960 3240 a
1991 3187 2099 3241 Deo

533 3252 719 3320 inspici
749 3262 801 3310 et
828 3254 935 3322 regi
962 3255 1171 3309 difﬁdit.

609 3323 768 3394 Tecta
797 3324 914 3378 odia
943 3324 1123 3394 pejora
1151 3333 1452 3392 suntquam
1481 3334 1686 3391 aperta.

606 3392 734 3451 Tale
764 3392 1042 3464 genus’est
1067 3396 1336 3460 vitiorum,
1362 3403 1420 3451 ut
1444 3396 1542 3447 nisi
1575 3394 1902 3461 praeteritum
1933 3395 2097 3451 celeri

535 3465 847 3532 penitentia
876 3465 1138 3530 deleatur,
1168 3465 1266 3518 alia
1297 3465 1486 3522 exinde
1513 3467 1773 3522 oriantur.

606 3535 762 3589 Tales
791 3537 958 3590 simus
986 3536 1148 3602 intus,
1176 3537 1357 3602 quales
1386 3551 1484 3592 nos
1514 3535 1640 3589 foris
1669 3535 2021 3592 ostendimus.

604 3605 807 3659 Tacere
835 3607 922 3674 qui
955 3609 1142 3669 nescit,
1175 3607 1343 3660 nescit
1371 3617 1422 3660 et
1455 3607 1618 3672 loqui.

607 3676 930 3735 Tacentibus
957 3675 1176 3739 difﬁcile
1205 3676 1536 3738 subvenitur,
1569 3677 1882 3732 conﬁtentes
1921 3687 2095 3732 autem

535 3746 804 3817 languoris
854 3747 933 3800 sui
981 3748 1329 3814 qualitatem,
1379 3748 1581 3801 facilius
1635 3747 1896 3816 recipient
1945 3749 2094 3804 sani-

528 3827 578 3870 ta
586 3827 689 3876 tem
699 3857 714 3870 .

604 3887 783 3955 Turpe
812 3896 896 3942 est
921 3887 1150 3950 doetori,
1181 3901 1298 3939 eum
1331 3884 1482 3953 cttlpa
1514 3886 1781 3954 redarguit
1813 3885 2006 3950 ipsunt.

603 3957 754 4013 Tunc
787 3968 838 4013 te
871 3959 1136 4024 lapsuium
1169 3957 1418 4019 formida,
1447 3972 1566 4009 cum
1603 3961 1708 4010 ruit
1732 3958 1887 4010 alter.

603 4026 776 4081 Tutus
805 4029 904 4083 erit
933 4043 1223 4095 nunquam,
1255 4029 1342 4094 qui
1372 4027 1676 4093 suspicione
1705 4029 1928 4081 laborat.

603 4099 906 4156 Tristantur
926 4097 1102 4161 facile,
1130 4113 1359 4166 quorum
1385 4111 1508 4165 spes
1535 4107 1706 4151 exstat
1733 4100 1784 4152 in
1812 4096 1950 4151 imis.

601 4169 914 4232 Tempestas
941 4171 1157 4236 grandis
1183 4178 1264 4221 est
1291 4167 1580 4235 indignatio
1606 4171 1762 4232 regis.

601 4239 778 4292 Testis
801 4239 1066 4294 veridicos
1093 4253 1222 4292 vero
1250 4238 1358 4304 regi
1385 4247 1561 4290 tnauet
1585 4249 1758 4306 aptus.

599 4311 767 4365 Totus
798 4309 989 4377 ubique
1018 4323 1260 4373 manens,
1291 4317 1398 4362 tota
1430 4318 1510 4377 est
1537 4310 1727 4362 virtute
1757 4307 2034 4362 colendus.

595 4381 778 4435 Timor
808 4376 916 4434 Dei
937 4387 991 4432 et
1041 4381 1212 4440 oratio
1239 4377 1451 4438 assidua
1490 4376 1758 4438 hominem
1788 4381 1970 4432 volare
2017 4379 2096 4433 fa-

526 4452 672 4506 ciunt
697 4450 762 4506 ad
789 4449 1045 4507 caelestia.

601 4492 951 4574 Tolerabilius
968 4492 1150 4573 triundi
1175 4517 1312 4572 mala
1335 4517 1674 4588 suscipimus,
1699 4519 1744 4574 si
1772 4527 1955 4574 contra
1981 4519 2093 4573 hare
2127 4492 2174 4553 ί)

534 4590 881 4661 ιη’ςιοεείείηιίω
906 4591 1410 4661 οΙθνρεοᾲιηιιηὶῃιυιν.

599 4660 796 4729 Tepide
827 4657 1066 4714 virentes
1091 4659 1378 4722 Christiani
1400 4699 1415 4726 ,
1455 4657 1720 4717 difﬁcilius
1751 4659 2094 4730 corriguntur

524 4743 682 4799 quam
712 4732 920 4799 pagani.

1291 4817 1333 4874 U

600 4935 876 4992 Universte
903 4932 1000 4988 viae
1040 4932 1247 4988 Domini
1281 4933 1647 4988 misericordia
1689 4941 1743 4990 ct
1772 4933 1968 4989 veritas
2000 4949 2084 4987 re-

527 5006 870 5077 quirentibus
887 5012 1256 5059 testamentum
1285 5004 1422 5077 ejus,
1451 5010 1508 5057 et
1533 5002 1834 5058 testimonia
1867 5003 2002 5072 ejus.

596 5077 697 5132 Ubi
726 5085 808 5131 est
837 5074 1119 5132 thesaurus
1147 5083 1289 5136 tuus,
1318 5074 1386 5126 ibi
1415 5084 1498 5127 est
1524 5083 1578 5127 et
1605 5088 1696 5126 cor
1727 5083 1894 5126 tuum.

595 5148 940 5216 Unaqumque
965 5143 1124 5216 arbor
1146 5145 1407 5216 ex__iructu
1435 5159 1534 5196 suo
1559 5143 1918 5216 cognoscitur.

595 5218 697 5272 lJb’i
725 5212 880 5271 fuerit
905 5213 1177 5283 superbia,
1208 5212 1409 5283 ibigerit
1432 5226 1485 5267 et
1511 5213 1852 5267 contumelia.

594 5288 741 5342 Unus
769 5281 1049 5351 Dominus,
1093 5298 1195 5337 una
1232 5281 1382 5352 lidcs,
1425 5299 1588 5337 unum
1627 5283 1912 5352 baptisma,
1955 5297 2094 5337 unus

527 5360 667 5413 Deus
692 5367 746 5412 et
773 5357 927 5410 Pater
953 5354 1214 5409 omnium.

597 5427 967 5495 Unusquisque
997 5426 1262 5494 propriam
1295 5423 1593 5478 mercedem
1635 5424 1861 5494 accipiet
1891 5437 2082 5478 secun-

522 5501 648 5553 dum
691 5512 845 5552 suum
889 5497 1147 5550 laborem.

599 5567 891 5636 Unicuique
931 5565 1086 5621 datur
1124 5563 1484 5620 manifestatio
1525 5565 1740 5633 spiritus
1781 5564 1844 5620 ad
1890 5563 2087 5621 utilita-

521 5648 649 5700 tem.
1472 5673 1477 5678 ~

596 5708 692 5770 Ubi
733 5706 950 5777 spiritus
990 5705 1222 5776 Domini,
1267 5705 1333 5762 ibi
1377 5705 1614 5761 libertas.

992 326 1198 382 BEDE
1238 327 1682 383 VENERABILIS
1717 329 1864 384 OPP.
1907 328 2083 384 PARS
2123 328 2161 384 1.
2203 328 2396 385 SECT.
2440 331 2501 386 ll.
2532 361 2602 371 —
2631 329 2835 386 ΒΗΜΛ
2879 330 2965 386 ET
3003 331 3275 389 SPURIA.

611 443 750 506 Tibi,
784 443 1041 513 Domine,
1075 444 1360 500 derelictus
1395 452 1477 496 est
1506 457 1737 513 pauper,
1785 442 2028 512 orphano
2053 454 2106 497 tu
2137 443 2182 502 Α

3643 334 3782 398 1111

2287 446 2503 526 [1111⁸881
2541 444 2773 502 charitas
2813 455 2866 501 et
2906 445 3139 512 dilectio,
3189 445 3258 502 ibi
3301 456 3613 503 sanctorum
3645 465 3781 510 con-

2261 531 2465 569 'Pﬂﬂllo.

2209 527 2620 654 K'Uiiziiiiimque
2648 585 2812 641 virtus
2845 592 2992 642 tanto
3023 585 3196 641 minor
3225 598 3338 656 est,
3363 596 3563 658 quanto
3587 589 3784 646 desunt

2209 665 2514 780 agninam
2543 735 2622 780 est
2654 725 2811 780 timor
2840 726 2955 791 Dei,
2985 726 3054 780 ibi
3084 743 3305 797 regnum
3335 728 3560 797 peccati.

2284 797 2432 856 llnde
2463 798 2635 851 bonus
2665 798 2895 864 prolicit,
2929 797 3054 851 inde
3086 797 3297 852 invidus
3326 801 3572 854 tabescit.

2277 865 2346 920 Ut
2372 867 2554 920 volunt
2585 881 2758 935 rcges,
2791 869 2860 920 ita
2891 867 3070 920 valent
3099 869 3268 936 leges.

2207 1005 2219 1059 Ι
2277 936 2670 1018 11111111101111111
2699 946 2821 990 sunt
2847 937 3092 1004 delicati,
3134 939 3224 1008 qui
3253 939 3393 994 nulla
3425 939 3649 994 adversa
3685 957 3780 995 vo-

2227 1016 2318 1059 unt
2347 1017 2470 1059 nati.

2381 1023 2406 1056 11
2459 1047 2470 1059 .

2227 1023 2532 1149 magnam
2557 1091 2708 1149 amor
2731 1074 2837 1149 εμίιο
2861 1076 3075 1149 suadet,
3105 1077 3229 1144 quid
3259 1079 3327 1131 sit
3352 1079 3641 1149 agendum.

2281 1146 2488 1217 Utilitas
2514 1146 2880 1217 grandislatet
2909 1145 2958 1199 itt
2989 1149 3148 1217 rebus
3173 1145 3615 1217 quoquevparvis.

2278 1215 2345 1271 Ut
2372 1217 2501 1285 lapis
2529 1218 2706 1276 omnis
2733 1216 2916 1282 homo,
2949 1216 3047 1272 nisi
3077 1218 3246 1272 mollis
3275 1215 3460 1288 agatur
3487 1221 3554 1274 ab
3581 1222 3716 1277 alto.

2965 1368 3007 1421 ν

2282 1479 2462 1534 Vultus
2496 1479 2700 1553 Domini
2731 1495 2890 1547 super
2919 1479 3172 1536 facientes
3203 1482 3368 1549 mala,
3402 1495 3459 1537 ut
3493 1483 3682 1553 perdat
3713 1485 3780 1540 de

2207 1557 2345 1604 terra
2392 1552 2702 1604 memoriam
2742 1566 2943 1605 eorum.

2275 1620 2562 1673 Veritatem
2595 1623 2824 1686 requiret
2855 1621 3105 1674 Dominus
3127 1662 3144 1687 ,
3193 1631 3247 1678 et
3292 1623 3560 1679 retribuet
3591 1624 3734 1679 abun

2205 1688 2395 1743 dauter
2437 1690 2753 1744 facientibus
2794 1693 3118 1758 superbiam.

2287 1758 2459 1834 Verbo
2485 1760 2688 1814 Domini
2714 1763 2834 1814 caeli
2861 1763 3052 1817 firmati
3075 1771 3216 1829 sunt,
3241 1771 3297 1818 et
3317 1764 3505 1832 Spiritu
3527 1763 3640 1818 oris
3663 1764 3751 1834 ejt;

2211 1832 2382 1884 omnis
2409 1831 2571 1884 virtus
2596 1846 2801 1887 eorum.

2281 1900 2395 1954 Vox
2423 1899 2793 1957 exsultationis
2824 1910 2878 1957 et
2907 1902 3093 1958 salutis
3133 1903 3184 1958 in
3217 1903 3574 1959 tabernaculis
3599 1903 3762 1974 justo-

2209 1987 2345 2026 rum.

2281 2041 2424 2094 Vana
2467 2042 2609 2096 salus
2647 2041 2906 2097 hominis.

2281 2110 2514 2183 Viriliter
2540 2114 2704 2183 agite,
2743 2123 2797 2168 et
2825 2113 3152 2169 confortetur
3179 2129 3273 2170 cor
3299 2125 3559 2182 vestrum,
3589 2129 3786 2172 omnes

2209 2182 2296 2253 qui
2323 2183 2547 2251 Speratis
2577 2182 2626 2236 in
2658 2184 2903 2239 Domino.

2287 2253 2392 2307 Viri
2433 2255 2749 2327 sanguinutn
2795 2266 2852 2308 et
2893 2254 3066 2309 dolosi
3109 2269 3216 2311 non
3256 2254 3617 2312 dimidiabunt
3666 2257 3781 2310 dies

2210 2337 2356 2378 81108.

2283 2393 2373 2466 Yir
2415 2393 2686 2466 linguosus
2729 2411 2833 2448 non
2877 2394 3136 2466 dirigetur
3178 2395 3229 2448 in
3274 2405 3438 2450 terra.

2287 2464 2466 2518 Virum
2511 2463 2766 2534 injustum
2812 2466 2947 2518 mala
2989 2463 3200 2529 capient
3241 2467 3290 2518 in
3334 2465 3573 2522 interitu.

2284 2533 2374 2588 Va:
2405 2537 2552 2587 vobis
2579 2535 2666 2602 qui
2696 2535 2975 2590 decimatis
3006 2539 3274 2589 mentham
3319 2546 3372 2589 et
3417 2548 3633 2590 anetum
3660 2581 3675 2603 ,
3729 2551 3785 2595 et

2212 2607 2502 2668 cuminum,
2535 2615 2588 2659 et
2614 2621 2730 2676 quae
2758 2607 2959 2676 majora
2989 2617 3110 2660 sunt
3139 2607 3450 2676 reliquistis,
3477 2606 3530 2662 id
3557 2619 3664 2675 est,
3689 2613 3790 2666 mi-

2212 2677 2554 2729 Sericordiam
2583 2685 2636 2728 et
2657 2675 2936 2743 judicium.

2288 2745 2511 2812 \‘igilate
2541 2757 2593 2800 et
2622 2760 2790 2810 orate,
2823 2762 2890 2800 ne
2922 2747 3130 2801 intretis
3160 2745 3212 2799 in
3243 2747 3617 2802 tentationem.

2285 2815 2511 2883 Vigilate
2537 2817 2682 2869 omni
2711 2826 2968 2886 tempore,
2993 2827 3209 2872 orantes
3237 2830 3290 2870 ut
3311 2818 3458 2888 digni
3482 2820 3788 2877 habeamini

2213 2885 2396 2952 fugere
2421 2903 2537 2955 qum-
2566 2899 2784 2940 ventura
2813 2897 2959 2950 sunt.

2288 2956 2456 3009 Verba
2488 2955 2804 3022 sapientium
2838 2958 2988 3028 quasi
3019 2957 3248 3022 stimuli,
3292 2968 3346 3012 et
3373 2961 3522 3028 quasi
3552 2962 3688 3018 clari
3732 2967 3786 3018 in

2211 3029 2373 3081 altum
2403 3029 2581 3081 deliri.

2289 3097 2416 3150 Vani
2441 3107 2565 3152 sunt
2587 3113 2771 3153 omnes
2797 3099 3063 3162 homines,
3087 3098 3140 3151 in
3165 3097 3354 3167 quibus
3376 3113 3480 3154 non
3506 3111 3585 3156 est
3612 3105 3788 3160 scien-

2128 3142 2172 3203 C
2208 3168 2274 3220 tia
2306 3142 2418 3221 otii:

2287 3238 2394 3291 Vox
2425 3239 2526 3292 diei
2560 3238 2766 3293 Domini
2798 3253 2998 3303 amara,
3031 3238 3371 3292 ttibulahitur
3397 3237 3465 3293 ibi
3494 3239 3673 3298 fortis.

2281 3307 2468 3361 Vinum
2502 3321 2804 3376 apostatare
2837 3311 2960 3363 facit
2989 3310 3146 3369 etiam
3180 3310 3473 3374 sapientes.

2276 3378 2366 3431 Va:
2391 3379 2587 3453 civitati
2611 3380 2762 3449 eujus
2787 3395 2876 3435 rex
2899 3379 3112 3448 juvenis
3133 3391 3236 3442 est,
3259 3387 3313 3433 et
3337 3381 3489 3448 cujus
3515 3383 3703 3453 princi,
3723 3399 3784 3444 es

2204 3463 2360 3522 mane
2387 3451 2696 3522 CQllledltftl.

2280 3520 2368 3572 Vir
2400 3518 2682 3575 iracundus
2711 3527 2964 3588 provocat
2995 3518 3142 3573 rixas
3169 3535 3184 3584 ;
3229 3518 3318 3590 qui
3349 3528 3529 3575 autem
3573 3526 3780 3592 patiens

2203 3598 2306 3649 est.
2339 3592 2541 3656 mitigat
2570 3593 2873 3645 suscitatas.

2279 3661 2368 3714 Vae
2394 3664 2515 3726 soli,
2548 3664 2672 3732 quia
2702 3677 2821 3715 cum
2852 3659 3126 3724 ceciderit,
3161 3674 3265 3713 non
3297 3659 3460 3715 habet
3486 3661 3773 3718 sublevan-

2203 3740 2307 3786 tem
2337 3746 2414 3787 se.

2279 3801 2367 3853 Vae
2394 3803 2479 3869 qni
2511 3802 2690 3854 dicunt
2722 3802 2918 3854 bonum
2953 3801 3169 3864 malum,
3201 3812 3252 3854 et
3285 3800 3480 3852 malum
3513 3802 3732 3857 bonum.

2275 3871 2458 3928 Virum
2491 3873 2706 3926 stultum
2748 3871 2996 3926 interlieit
3026 3873 3298 3925 iracundia
3325 3911 3342 3938 ,
3391 3880 3447 3925 et
3493 3882 3768 3940 parvuzum

2201 3943 2389 3995 occidit
2431 3943 2642 3997 invulia.

2277 4012 2364 4063 Via
2399 4013 2677 4082 impiorum
2710 4011 3011 4076 tenebrosa,
3045 4010 3289 4065 nesciunt
3321 4012 3407 4065 ubi
3439 4026 3709 4068 corruant.

2269 4082 2392 4205 l\‘lita
2421 4085 2682 4149 earuium,
2716 4083 2919 4136 sanitas
2946 4083 3156 4136 cordis:
3188 4083 3414 4153 putredo
3439 4086 3664 4148 ossium,
3691 4088 3768 4139 iu-

2293 4169 2356 4204 lil.

2200 4169 2356 4206 “alii.

2277 4224 2364 4274 Via
2391 4222 2508 4282 titm
2537 4223 2857 4282 custodienti
2885 4222 3240 4292 disciplinam,
3267 4222 3354 4292 qui
3383 4232 3561 4278 autem
3594 4227 3766 4278 incre-

2201 4294 2442 4363 pationes
2471 4296 2737 4363 relinquit,
2765 4306 2929 4348 errat.

2278 4367 2410 4418 Vasa
2445 4365 2583 4429 ﬁguli
2617 4361 2804 4428 probat
2834 4367 3049 4430 l'oruax,
3089 4370 3145 4418 et
3174 4361 3416 4418 homines
3438 4364 3614 4434 justos
3646 4375 3755 4419 ten-

2205 4436 2332 4488 latio
2363 4437 2736 4488 tribulationis.

2277 4506 2505 4560 Verbum
2537 4507 2690 4561 dulce
2719 4505 3038 4576 multiplicat
3064 4503 3263 4557 amicos
3283 4542 3299 4570 ,
3343 4512 3399 4559 et
3428 4504 3631 4575 mitigat
3659 4506 3760 4560 ini-

2200 4591 2386 4630 luteus.

2274 4647 2449 4698 Virtus
2479 4644 2532 4698 in
2565 4646 2872 4698 inﬁrmitate
2902 4644 3190 4712 perlicitUr.

2274 4715 2501 4770 Verbum
2535 4717 2726 4768 bonum
2757 4731 2920 4785 super
2949 4716 3128 4767 datuut
3157 4715 3443 4782 optimum.

2273 4786 2362 4839 Vir
2389 4786 2584 4841 duolex
2613 4783 3162 4852 attimo,’inc0ttstaus
3193 4795 3274 4838 est
3303 4785 3356 4838 in
3384 4783 3633 4838 omnibus
3659 4785 3750 4837 \‘its

2195 4871 2323 4914 SlllS.

2272 4928 2524 4979 Voluntas
2557 4926 2758 4986 integra
2790 4923 3190 4991 benefaciendi,
3222 4937 3250 4977 a
3283 4923 3395 4978 Deo
3427 4923 3754 4992 reputabitur

2197 5013 2292 5068 pro
2321 5010 2486 5068 opere
2513 4995 2779 5068 beneﬁcii.

2274 5062 2403 5119 Vera
2436 5065 2687 5118 discietio
2719 5063 2927 5119 nonnisi
2955 5077 3081 5118 vera
3112 5062 3414 5116 humilitate
3444 5064 3749 5130 acquiritur.

2272 5137 2524 5202 VOIUptas
2555 5136 2726 5187 omnis
2758 5136 2822 5189 ad
2857 5137 3023 5188 instar
3049 5148 3240 5202 aputu,
3290 5133 3377 5187 ubi
3422 5144 3574 5201 grata
3607 5132 3752 5186 mella

2197 5207 2352 5266 fudit.
2385 5217 2565 5258 morsu
2592 5205 2754 5257 corda
2784 5207 2923 5269 ferit.

2271 5276 2648 5338 Veliementior
2677 5287 2758 5328 est
2785 5276 2946 5336 animi
2979 5288 3136 5339 quam
3169 5272 3410 5339 corporis
3438 5273 3623 5326 febris.

2268 5346 2490 5399 Virtutis
2533 5344 2761 5398 fructum
2805 5346 3019 5409 sapiens
3069 5347 3121 5397 itt
3170 5344 3494 5398 conscientia
3521 5382 3534 5408 ,
3587 5344 3749 5398 minus

2195 5417 2462 5488 perfectus
2503 5415 2743 5488 po_nit_iu
2785 5415 2973 5482 gloria.

2271 5485 2463 5555 Vigilat
2490 5486 2577 5552 qui
2609 5485 2672 5536 ad
2705 5494 2979 5552 aspectum
3012 5484 3124 5539 veri
3163 5482 3379 5537 luminis
3409 5482 3605 5537 mentis
3634 5497 3744 5536 ocu-

2195 5559 2275 5614 los
2302 5566 2524 5627 apertos
2542 5564 2708 5610 leuet.

2272 5623 2450 5680 Victus
2481 5626 2548 5678 ab
2578 5642 2681 5679 uno
2712 5624 2950 5692 quolibet
2981 5625 3106 5678 vitio
3138 5625 3240 5679 cito
3271 5623 3464 5678 labitur
3495 5623 3548 5678 in
3583 5624 3693 5676 alia.

2271 5699 2446 5754 Virtus
2476 5711 2684 5764 semper
2718 5695 2930 5749 invidiae
2963 5705 3126 5765 patet.
