4060 6368
322 257 461 314 “l5

1520 271 1608 327 DE
1646 272 2090 332 SUBSTANTIIS
2131 275 2353 330 LIBER.

3433 269 3568 343 tm

390 371 555 458 Vana;
581 374 762 437 glorias
789 387 1027 458 sectator
1049 383 1212 458 eiqui
1241 382 1450 438 semina
1471 399 1565 439 sua
1589 395 1750 441 vento
1775 387 1884 442 dis-
1914 395 1968 452 Α
2068 389 2216 443 Vitiis
2247 389 2411 445 dediti
2445 406 2548 446 non
2583 404 2803 458 possunt
2832 393 3111 449 virtutibus
3141 395 3325 450 ditari.

317 445 588 510 pergenda
615 450 898 502 committit
925 445 1268 506 assimilatur.

391 511 591 594 Valens
630 517 865 594 retinere
905 522 1184 576 sanitatem
1210 563 1226 587 ,
1279 523 1473 578 nullius
1503 525 1764 594 despiciat
1797 528 1882 582 vel

314 581 537 636 :rridoat
576 584 958 644 infirmitatem.

391 652 612 735 Vitanda
660 667 741 710 est
785 661 1063 735 superbia,
1113 675 1232 732 quae
1261 671 1316 716 et
1342 663 1560 733 angelos
1587 666 1800 735 decepit
1824 675 1880 722 et

313 719 537 776 virtutes
567 739 754 781 omnes
782 719 1028 783 destruit.

385 789 520 871 Vitia
553 797 699 871 prius
725 799 1069 871 exstirpanda
1115 811 1240 856 sunt
1286 802 1340 855 in
1382 804 1638 871 homine,
1685 807 1881 864 deinde

309 858 539 916 virtutes
556 858 879 923 inserendas.
895 858 930 879 ”

389 929 631 1014 Virgines
671 946 724 990 et
753 937 1008 1014 monachi
1033 942 1112 1014 sic
1143 948 1442 1010 temperent
1467 943 1730 1014 jejunium
1755 986 1770 1011 ,
1823 956 1881 1002 ut

305 1013 526 1066 semper
553 1003 716 1058 fortes
747 1007 858 1060 sint
885 1010 949 1062 ad
979 1011 1074 1065 Dei
1104 1003 1399 1067 servitium.

388 1069 642 1140 Voluptas
676 1076 836 1132 habet
865 1093 1102 1148 patinam,
1132 1091 1187 1136 et
1215 1083 1504 1140 necessitas
1551 1085 1691 1153 parit
1719 1100 1878 1141 coro-

2067 460 2234 535 Yalde
2263 461 2544 535 imperitus
2571 474 2652 516 est
2684 465 2952 531 medicus,
2997 467 3084 535 qui
3114 466 3256 519 nulla
3290 465 3392 519 nisi
3425 465 3564 520 leuia

1993 531 2344 584 medicamina
2377 534 2507 586 dare
2537 534 2701 586 novit.

1992 668 2004 680 υ
2068 600 2450 680 Verecundiam
2481 602 2770 673 abjiciens,
2812 618 2999 660 omnes
3025 603 3186 660 simul
3213 601 3440 660 virtutes
3468 604 3564 661 ab-

1985 679 2136 738 jecu.

2063 739 2155 811 Yix
2185 741 2464 809 quisquam
2495 741 2546 795 in
2577 740 2774 797 bonum
2805 743 3019 811 transit,
3050 745 3153 800 nisi
3183 759 3250 800 ex
3277 744 3443 800 malo.

2058 808 2270 864 Variam
2299 811 2427 866 dant
2452 813 2558 866 otia
2588 823 2840 868 mentem.

2060 878 2227 950 Xilius
2254 890 2531 950 argentum
2563 891 2642 936 est
2671 897 2823 948 auro,
2854 884 3138 938 virtutibus
3166 898 3379 940 aurum.

2056 947 2249 1021 Yivere
2277 947 2340 1004 si'
2353 958 2496 1005 recte
2526 953 2723 1018 nescis,
2755 947 2958 1008 decede
2988 954 3198 1021 peritis.

2060 1017 2296 1091 yirtutes
2322 1021 2482 1074 varia.-
2515 1017 2715 1087 pariter
2737 1031 2963 1091 possunt
2990 1017 3252 1078 habitare.

2053 1087 2234 1162 yirtus
2261 1099 2344 1144 est
2371 1092 2606 1162 grandis,
2639 1087 2956 1147 ben-edicere
2990 1110 3084 1162 pro
3117 1094 3438 1150 maledictis.

308 1279 3549 1329 —————-———__—.——_____________—__________

373 1775 691 2002 DE
847 1761 2523 2097 SUBsWS
2670 1787 3496 1998 LIBER.

1799 2401 2074 2418 _

363 2485 586 2561 Sanctae
605 2481 857 2561 Ecclesiae
886 2485 1259 2561 munusculum
1291 2483 1511 2561 aliquod
1545 2483 1737 2539 oll‘erre
1766 2499 1862 2539 cu-
1899 2491 1940 2548 Β
1970 2497 2096 2541 nuta
2128 2489 2300 2561 viduae
2350 2489 2682 2558 pauperculae
2731 2491 2907 2545 oblata
2956 2494 3066 2549 Deo
3114 2495 3280 2561 ipsius
3329 2495 3538 2554 Domini

287 2555 465 2624 piens,
497 2552 589 2624 sed
622 2554 672 2606 in
705 2567 862 2606 manu
893 2569 1007 2608 mea
1035 2556 1106 2608 nil
1133 2555 1405 2621 reperiens
1428 2563 1624 2622 praeter
1646 2569 1860 2620 parvam

295 2623 531 2679 dictandi
563 2630 724 2690 atque
763 2624 1028 2678 scribendi
1074 2624 1313 2678 notitiam
1340 2665 1357 2689 ,
1409 2625 1547 2677 hanc
1596 2627 1760 2689 ips:im
1807 2627 1859 2680 in

291 2696 411 2763 ejus
441 2693 716 2763 servitium
749 2695 869 2748 volo
898 2704 1171 2758 coaptare,
1201 2705 1455 2763 quantum
1488 2694 1742 2748 Dominus
1770 2694 1858 2748 di-

292 2761 487 2833 gnatur
515 2761 789 2830 adjuvare.
839 2765 1088 2820 Scribere
1114 2761 1256 2820 enim
1287 2765 1457 2832 gestio
1491 2779 1584 2832 pro
1611 2764 1855 2819 admoni-

293 2837 440 2888 tione
486 2843 797 2887 cunctorum
848 2833 1124 2899 fidelium,
1183 2835 1548 2889 admonitione
1596 2834 1857 2889 duntaxat

293 2904 669 2971 indigentium,
701 2903 947 2958 dividens
973 2919 1066 2959 eos
1100 2910 1150 2958 in
1181 2905 1313 2958 duas
1345 2919 1601 2971 personas
1627 2903 1856 2960 clerico-

289 2989 409 3027 rum
440 2981 494 3027 et
525 2973 805 3040 laicorum,
844 2989 1228 3044 assumensque
1256 2975 1321 3029 ad
1355 2974 1458 3029 hoc
1487 2975 1698 3040 utrique
1733 2988 1854 3041 per-

289 3058 439 3098 sonae
485 3057 716 3111 congrua
765 3045 996 3108 monita,
1050 3061 1144 3112 per
1189 3059 1308 3111 quae
1357 3060 1386 3098 a
1435 3045 1741 3098 carnalibus
1786 3045 1851 3098 ad

285 3113 602 3179 spiritualia,
627 3127 657 3166 a
680 3112 976 3168 visibilibus
998 3117 1064 3169 ad
1086 3113 1364 3168 invisibilia
1391 3116 1594 3182 possint
1613 3117 1848 3170 an’mum

286 3184 640 3252 suspendere,
673 3192 727 3237 et
757 3199 987 3243 superna
1017 3187 1348 3248 consuicere,
1380 3186 1515 3239 sicut
1541 3196 1594 3239 et
1620 3189 1849 3252 Aposto-

283 3253 368 3307 lus
389 3251 526 3307 dicit
553 3269 564 3304 :
600 3251 886 3306 Invisibitia
915 3255 1047 3308 enim
1079 3254 1171 3308 Dei
1199 3270 1286 3322 per
1315 3272 1374 3309 ea
1401 3270 1512 3323 quae
1543 3251 1681 3324 facta
1705 3265 1846 3320 sunt,

277 3323 543 3378 intellecta
571 3325 975 3391 conspiciuntur.
1024 3325 1184 3392 Cujus
1230 3325 1386 3377 studii
1430 3323 1629 3378 oblatio
1660 3340 1848 3393 precor

281 3409 351 3464 rte
379 3395 463 3447 cui
492 3394 704 3462 indigna
728 3394 986 3458 videatur,
1013 3398 1158 3461 quia,
1181 3405 1238 3449 ιιι
1259 3394 1469 3464 legitur,
1497 3396 1560 3448 ad
1592 3398 1845 3462 templum

280 3461 494 3517 Domini
520 3461 784 3532 quondam
813 3466 952 3518 inter
973 3466 1195 3530 insignia
1220 3475 1272 3518 et
1298 3461 1676 3532 pretiosissima
1699 3461 1839 3520 dona

277 3533 643 3588 offerebantur
673 3534 835 3589 etiam
867 3535 1000 3590 viles
1032 3536 1122 3604 pili
1153 3550 1428 3602 caprarum
1458 3551 1473 3600 ;
1522 3545 1572 3590 et
1615 3536 1718 3589 duo
1746 3535 1847 3589 mi-

307 3658 1635 3691 9.—--1-——-———-———————————

1969 2559 2138 2630 nostri
2164 2559 2294 2630 ,lesu
2328 2561 2524 2630 Christi
2560 2561 2866 2630 testimonio
2896 2559 3278 2630 approbantur.
3338 2567 3539 2623 Precor

1964 2637 2016 2680 et
2047 2627 2177 2681 illud
2211 2638 2266 2688 ut
2295 2629 2337 2682 si
2368 2630 2650 2696 quisquam
2683 2631 2732 2682 in
2766 2629 2848 2683 his
2879 2627 2996 2698 qua:
3027 2633 3200 2687 dicam
3233 2638 3316 2690 vel
3349 2640 3541 2695 melius

1961 2698 2180 2762 sentiat,
2203 2699 2284 2753 vel
2307 2701 2481 2768 aptius
2502 2699 2689 2753 eadem
2720 2700 2958 2766 proferre
2979 2703 3173 2765 valeat,
3203 2720 3306 2758 non
3336 2707 3539 2763 idcirco

1960 2768 2276 2844 rusticitatis
2304 2784 2436 2844 mea:
2465 2768 2688 2844 verbula
2717 2770 2824 2823 cito
2862 2771 3256 2844 reprehendat,
3289 2777 3443 2844 quia,
3481 2791 3537 2833 ut

1959 2836 2175 2908 quidam
2204 2839 2416 2902 sapiens
2447 2839 2611 2892 dicit:
2646 2839 2758 2892 Non
2790 2836 2968 2894 omnia
2999 2836 3281 2908 possumus
3309 2836 3536 2904 omnes.

1958 2904 2090 2984 Nam
2126 2909 2172 2962 si
2203 2909 2295 2984 ille
2337 2911 2582 2962 eamdem
2633 2911 2952 2984 sente_ntiam
2999 2904 3155 2980 juxta
3207 2915 3402 2984 ingenii
3451 2920 3534 2973 sui

1957 2977 2100 3048 vires
2127 2979 2322 3033 melius
2352 2994 2510 3047 quam
2542 2994 2640 3048 ego
2673 2979 2914 3047 proferre
2947 2977 3159 3048 posset,
3204 2977 3426 3040 forsitan
3479 2998 3537 3043 et

1957 3047 2093 3102 alter
2116 3050 2306 3118 aliquis
2336 3049 2426 3103 illo
2449 3047 2741 3118 sapientior
2770 3047 3120 3106 excellentius
3145 3054 3382 3118 proferre
3407 3071 3534 3112 nos-

1956 3128 2057 3189 set.
2110 3118 2486 3188 Unusquisque
2515 3135 2646 3189 ergo
2675 3120 2725 3173 in
2757 3135 2854 3174 suo
2882 3134 3046 3174 sensu
3078 3123 3350 3189 abundet,
3382 3135 3534 3180 tanto

1955 3188 2187 3253 majores
2244 3191 2352 3243 Deo
2404 3188 2856 3257 agens’gratias,
2909 3203 3108 3258 quanto
3139 3188 3535 3252 excellentioris

1953 3259 2194 3332 scientia:
2229 3261 2488 3332 talentum
2523 3260 2590 3314 ab
2620 3275 2686 3315 eo
2716 3262 2958 3332 accepit;
3001 3263 3269 3332 simulque
3296 3267 3540 3321 attendat

1953 3330 2079 3400 quia
2105 3331 2212 3384 Deo
2239 3331 2404 3398 magis
2433 3331 2648 3396 placent
2678 3331 2873 3384 rustica
2901 3330 3346 3388 bumiliuntdicta
3373 3351 3532 3400 qnam

1953 3398 2147 3454 eximia
2179 3401 2476 3454 verbositas
2507 3403 2891 3468 arrogantium,
2923 3413 2975 3456 et
3005 3403 3055 3456 in
3087 3405 3361 3459 smcularis
3388 3398 3530 3461 litte-

1949 3479 2145 3523 raturas
2177 3485 2367 3538 pompa
2399 3471 2762 3541 gloriantium.

2193 3663 3533 3687 ’.ψ-Ἥ

954 3923 957 3925 _
1046 3795 1358 3936 DE
1417 3793 2751 3940 SUBSTANTIIS.

345 4044 656 4100 Substantia
701 4043 858 4112 igitur
904 4058 1020 4112 qua:
1062 4057 1156 4110 per
1184 4058 1242 4098 se
1267 4044 1384 4099 sine
1415 4045 1571 4099 ullius
1609 4046 1835 4100 admini-
1867 4042 1911 4103 C
1943 4043 2207 4098 rationem
2233 4043 2412 4096 datam
2441 4041 2653 4097 flectere
2677 4049 2915 4110 queunt:
2950 4040 3051 4094 soli
3083 4040 3324 4112 homines
3351 4044 3528 4100 adhuc

274 4116 400 4170 culo
427 4115 720 4168 subsistere
751 4115 910 4176 valet,
947 4114 1084 4167 Deus
1115 4115 1451 4166 solummodo
1479 4124 1578 4168 est.
1622 4116 1711 4168 Illa
1745 4132 1838 4169 au-

276 4196 385 4240 tem
415 4185 704 4239 substantia
737 4185 891 4251 cujus
935 4192 1101 4237 tomm
1127 4199 1248 4237 esse
1273 4185 1322 4236 in
1349 4185 1568 4237 alterius
1595 4187 1843 4239 romisuit

272 4263 561 4324 potestate,
587 4267 828 4324 creatura
859 4254 1101 4322 profecto
1127 4267 1246 4308 esse
1271 4254 1541 4322 probatur.
1573 4256 1676 4310 Sed
1705 4257 1842 4310 sicut

271 4323 453 4379 divina
485 4326 784 4379 substantia
815 4323 868 4378 in
903 4325 1073 4378 tribus
1102 4336 1308 4378 constat
1339 4325 1603 4390 personis,
1646 4328 1838 4391 Patris,

271 4403 328 4450 et
360 4395 502 4454 Filii,
534 4404 586 4447 et
617 4396 844 4462 Spiritus
871 4395 1064 4457 aucti,
1107 4396 1174 4448 ita
1218 4403 1274 4447 et
1311 4402 1556 4448 creatura
1585 4397 1757 4452 omnis
1788 4398 1839 4451 in

275 4465 449 4520 tribus
479 4465 641 4518 distat
668 4463 1001 4518 differentiis.
1037 4468 1143 4518 Ant
1172 4464 1310 4518 enim
1340 4473 1423 4517 est
1454 4467 1750 4530 rationalis,
1786 4477 1842 4521 ut

269 4536 497 4603 angelici
539 4536 759 4604 spiritus
798 4544 851 4588 et
893 4536 1093 4599 homo;
1138 4543 1229 4587 aut
1265 4533 1536 4599 animalis,
1575 4543 1636 4589 ut
1664 4539 1839 4590 omnia

268 4620 393 4675 qua
419 4604 548 4659 flatu
577 4605 723 4659 vitali
755 4605 871 4658 sine
901 4605 1105 4658 ratione
1134 4605 1438 4674 potiuntur;
1476 4616 1566 4660 aut
1595 4619 1838 4660 neutrum

269 4675 605 4745 est,ihabens
638 4675 1004 4729 tantummodo
1032 4689 1169 4738 esse,
1201 4684 1260 4728 ut
1285 4675 1503 4728 arbores
1531 4685 1586 4730 et
1610 4677 1838 4745 lapides.

274 4744 426 4800 Unde
455 4747 674 4800 omnino
705 4754 864 4813 patet,
892 4745 1215 4811 quia'omnis
1239 4755 1481 4798 creatura
1516 4745 1647 4812 Deo,
1669 4744 1703 4798 'a
1731 4762 1839 4814 quo

267 4830 430 4870 omne
474 4816 612 4884 quod
657 4826 737 4869 est
782 4816 978 4879 habet,
1030 4828 1089 4868 se
1131 4829 1341 4883 quoque
1385 4816 1613 4870 subdere
1655 4815 1836 4874 debet.

269 4886 437 4953 Cujus
470 4885 721 4939 nimirum
765 4884 1112 4952 subiectionis
1143 4886 1282 4938 ratio
1311 4892 1365 4938 et
1391 4887 1735 4940 observantia
1770 4889 1836 4940 ad

270 4957 441 5008 solam
491 4955 806 5010 rationalem
848 4965 1148 5009 creaturam
1201 4954 1462 5022 pertinet,
1515 4957 1566 5009 id
1608 4964 1724 5022 est,
1772 4959 1838 5011 ad

271 5025 494 5093 angelos
523 5036 573 5079 et
604 5025 864 5080 homines.
896 5024 1046 5078 Sicut
1069 5027 1212 5079 enim
1241 5024 1290 5077 hi
1321 5026 1420 5081 soli
1449 5026 1660 5080 caeteris
1685 5041 1839 5080 crea-

273 5097 414 5151 turis
442 5095 844 5151 excellentiores
871 5102 996 5148 sunt
1022 5094 1255 5158 conditi,
1309 5095 1378 5148 ita
1432 5097 1590 5150 etiam
1639 5096 1706 5149 ab
1757 5097 1838 5152 his

268 5165 402 5220 solis
431 5167 656 5235 exigitur
682 5166 942 5230 subiectio
981 5173 1036 5218 et
1070 5166 1276 5218 cultura
1323 5165 1454 5229 Dei,
1507 5176 1562 5220 et
1606 5174 1695 5219 aut
1745 5184 1838 5231 pro

267 5237 618 5302 subjectionis
669 5236 846 5290 studio
898 5244 1336 5301 remunerantur,
1389 5245 1479 5290 aut
1534 5253 1629 5301 pro
1679 5251 1836 5303 repu—

263 5308 480 5374 gnantia
509 5318 669 5374 atque
709 5305 957 5374 superbia
993 5305 1299 5374 puuittntur.
1356 5307 1460 5360 Sed
1493 5306 1614 5371 quia
1647 5307 1833 5373 hujus-

264 5378 409 5431 modi
429 5376 694 5447 judicium
721 5379 772 5430 in
796 5375 1348 5447 angelicisspiritihus
1375 5377 1482 5441 jam
1506 5375 1700 5429 factum
1726 5386 1827 5439 est,

263 5461 387 5500 nam
417 5446 630 5518 quidam
663 5463 848 5501 eorum
869 5461 987 5518 pro
1023 5446 1339 5518 obcdientia:
1366 5461 1478 5518 suae
1507 5447 1828 5518 meritisuita

260 5515 609 5587 sempiterna:
640 5517 958 5572 beatitudini
990 5525 1108 5570 sunt
1141 5515 1398 5587 deputati,
1437 5525 1493 5569 ut
1524 5515 1652 5569 nihil
1684 5516 1826 5587 aliud

259 5585 418 5651 quam
448 5589 642 5642 bonum
662 5588 802 5642 velle
825 5587 1049 5656 possint,
1072 5585 1282 5654 quidam
1309 5601 1434 5640 vero
1459 5601 1554 5656 pro
1576 5585 1826 5650 superbia

261 5657 312 5712 in
345 5669 573 5715 aeternas
603 5672 787 5729 pinnas
828 5655 1048 5729 projecti
1077 5697 1090 5721 ,
1143 5656 1204 5711 ad
1249 5657 1388 5711 nulla
1436 5655 1536 5711 nisi
1583 5655 1648 5711 ad
1693 5656 1826 5712 mala

1947 4122 2168 4172 restant.
2196 4113 2284 4181 qui
2311 4127 2619 4167 concessam
2650 4112 2872 4166 rationis
2902 4121 2953 4181 et
2985 4111 3188 4164 arbitrii
3215 4112 3524 4169 facultatem

1944 4185 2009 4237 ad
2043 4180 2329 4248 utrumque
2359 4183 2627 4237 divertere
2659 4182 2892 4236 valeant.
2927 4180 3074 4236 Unde
3109 4194 3162 4236 ct
3191 4182 3287 4248 ipsi
3318 4185 3523 4240 solum-

1945 4254 2104 4307 modo
2136 4253 2434 4314 instruendi
2465 4262 2520 4308 et
2548 4253 2871 4306 admonendi
2904 4261 3061 4318 sunt,
3110 4262 3164 4305 ut
3195 4253 3295 4304 sibi
3322 4253 3526 4321 jugiter

1945 4333 2308 4395 proponentes
2340 4335 2628 4395 utrosque,
2679 4322 2849 4376 bonos
2891 4321 3099 4375 scilicet
3129 4323 3383 4395 ct_malos
3412 4326 3526 4392 spi-

1944 4394 2100 4458 ritus,
2124 4395 2323 4461 eligant
2345 4393 2520 4462 potius
2542 4393 2804 4448 bonorum
2830 4396 3020 4447 merita
3045 4393 3220 4460 sequi,
3242 4397 3523 4462 praeceptis

1945 4462 2140 4518 divinis
2173 4464 2502 4528 obediendo,
2549 4478 2708 4532 quam
2740 4464 3001 4516 malorum
3032 4462 3202 4529 poenis
3239 4465 3520 4529 associari,

1941 4533 1990 4586 ei
2040 4534 2343 4589 resistendo
2390 4536 2506 4591 sine
2565 4548 2670 4602 quo
2712 4547 2870 4587 nemo
2917 4541 3092 4600 potest
3135 4533 3350 4586 salvari.
3405 4533 3517 4589 Hoc

1944 4603 2106 4671 igitur
2135 4605 2204 4658 sit
2237 4604 2502 4672 primum,
2549 4604 2688 4672 quod
2721 4616 2909 4657 omnes
2955 4602 3198 4656 homines
3241 4605 3520 4658 hortamur

1941 4673 2238 4728 intentione
2261 4677 2490 4728 maxima
2518 4673 2878 4727 considerare.
2912 4673 3069 4726 Same
3091 4687 3318 4740 namque
3347 4675 3516 4728 menti

1942 4743 2269 4814 integraeque
2319 4746 2512 4798 rationi
2565 4744 2736 4814 ipsum
2789 4743 2977 4814 solum
3013 4743 3263 4814 sufficere
3312 4758 3515 4810 posset,

1941 4811 2147 4868 etiamsi
2182 4811 2323 4869 nulla
2357 4816 2462 4868 alia
2494 4812 2758 4867 tremendi
2801 4811 2980 4881 judicii
3026 4813 3267 4880 exempla
3309 4822 3511 4866 nosset.

1941 4883 2044 4937 Sed
2091 4885 2212 4951 quia
2259 4884 2598 4939 adversarius
2645 4893 2832 4936 noster
2868 4883 3111 4937 diabolus
3145 4893 3394 4947 tauquam
3427 4883 3513 4936 leo

1942 4955 2157 5023 rugiens
2186 4957 2377 5009 circuit
2401 4955 2600 5023 jugiter
2628 4969 2876 5021 qumrens
2907 4968 3061 5022 quem
3098 4954 3315 5023 devoret
3334 4990 3356 5023 ,ν
3398 4952 3513 5023 plu-

1940 5022 2131 5092 resque
2163 5025 2302 5080 inter
2331 5033 2409 5078 tot
2435 5022 2603 5078 millia
2637 5023 2950 5088 hominum,
2999 5025 3128 5092 proh
3171 5022 3361 5092 dolor!
3401 5022 3510 5075 fra-
3627 5073 3636 5086 ,

1939 5091 2071 5162 giles
2096 5111 2253 5164 quam
2279 5092 2446 5149 fortes
2472 5103 2655 5149 contra
2686 5094 2931 5164 eumdem
2959 5091 3320 5164 adversarium
3349 5091 3511 5164 modo
3581 5139 3595 5147 ,,

1939 5162 2316 5220 inveniuntur:
2364 5179 2496 5231 opus
2541 5172 2626 5219 est
2669 5163 2874 5219 cunctis
2908 5163 3150 5216 fidelibus
3198 5170 3254 5214 ut
3301 5168 3354 5214 et
3403 5162 3504 5230 ipsi

1939 5235 2333 5290 circumeuntes
2384 5243 2795 5303 qurerenteSque
2822 5234 3054 5302 qualiter
3081 5239 3230 5285 tanto
3259 5231 3513 5303 resistant

1939 5305 2249 5359 adversario
2279 5301 2503 5359 invicem
2534 5319 2592 5358 se
2623 5306 2786 5360 variis
2819 5303 2988 5357 modis
3021 5303 3283 5354 instruant
3323 5311 3376 5355 et
3415 5301 3510 5354 ad-

1941 5384 2206 5440 moneant,
2241 5391 2308 5428 ne
2341 5375 2578 5429 Ecclesia
2611 5385 2791 5429 sancta
2822 5376 2919 5427 sub
2952 5373 3210 5436 temporis
3241 5370 3497 5439 praeteriti

1938 5447 2174 5511 partibus
2205 5446 2340 5500 bene
2370 5446 2582 5499 fundata
2616 5454 2669 5499 et
2694 5445 2929 5506 sull'ulta,
2955 5443 3167 5510 penitus
3196 5441 3506 5495 destruatur

1937 5517 2036 5569 sub
2068 5516 2398 5584 temporibus
2430 5516 2645 5580 nostris,
2679 5515 2732 5568 in
2771 5513 2962 5582 quibus
2985 5512 3156 5584 mille
3203 5511 3356 5584 annis
3405 5512 3505 5564 im-

1938 5585 2092 5650 pletis
2135 5581 2287 5654 juxta
2335 5586 2665 5654 prophetiam
2717 5585 2766 5636 in
2801 5582 3117 5654 Apocalypsi
3148 5581 3459 5654 praedictam
3490 5620 3504 5641 ,

1936 5650 2160 5712 Satanas
2190 5650 2389 5712 solutus
2419 5650 2537 5712 esse
2564 5655 2789 5710 videtur.
2841 5653 2954 5708 Non
2985 5650 3126 5708 enim
3157 5650 3503 5706 soluuuuodo
3531 5672 3536 5676 ι
