4060 6368
331 279 466 336 ΗΠ

1535 282 1622 340 DE
1659 281 2105 342 SUBSTANTIIS
2141 282 2366 340 LIBER.

3428 287 3564 343 “18

324 395 618 469 clementer
644 395 887 469 suscipit.
936 393 1084 450 Unde
1127 393 1192 449 ad
1223 409 1283 469 se
1308 394 1489 469 venire
1528 397 1775 469 hortatur
1799 397 1883 450 di-
1909 403 1957 460 Α
1986 395 2279 469 intellectu,
2306 397 2709 469 etcorripietur
2737 411 2764 451 a
2795 395 3199 469 superveniente
3232 398 3552 469 iniquitate.

322 481 454 522 cens
480 484 493 520 :
523 466 703 521 Venite
743 467 810 518 ad
850 482 947 528 me,
977 480 1148 518 omnes
1193 466 1278 533 qui
1323 465 1563 518 laboratis
1599 477 1645 520 et
1689 469 1882 522 onerati

323 538 462 600 estis,
497 546 551 591 et
589 552 679 606 ego
709 537 936 603 reﬁciant
975 551 1082 589 vos.
1134 535 1283 599 ltem,
1311 536 1449 588 sicut
1475 536 1726 603 splendor
1752 538 1884 594 solis

323 606 620 660 esteriores
665 606 948 673 cujuslibet
987 606 1177 659 domus
1229 606 1457 669 parietes
1495 607 1726 675 undique
1762 607 1883 660 illu-

322 687 521 739 strans,
547 677 733 744 nequit
759 677 810 729 in
852 689 948 744 eos
976 677 1062 743 qui
1111 675 1330 728 interius
1358 685 1483 728 sunt
1519 677 1681 732 clausi
1711 677 1881 732 lucem

324 761 476 798 suam
510 747 817 812 immittere,
846 746 984 798 ostio
1011 754 1185 798 autem
1223 754 1408 809 aperto
1433 759 1555 798 mox
1600 746 1652 799 in
1691 761 1782 800 eos
1807 747 1884 800 ei-

324 815 528 868 fundit:
553 817 620 868 ita
647 819 806 870 etiam
835 815 1085 867 Dominus
1115 825 1294 868 noster
1323 829 1418 882 per
1453 815 1742 870 divinitatis
1769 830 1883 870 sua:

322 887 616 953 pnientiam
653 885 850 953 jugiter
876 884 1167 950 respiciens
1211 898 1374 949 super
1401 885 1538 938 ﬁlios
1584 887 1877 949 hominum,

318 947 383 1011 ﬁt
435 955 616 1009 videat
653 947 838 1008 'si'est
884 947 1184 1022 intelligens
1233 947 1324 1006 aut
1375 956 1649 1022 requirens
1690 947 1880 1021 Deum,

320 1025 514 1088 quaerit
542 1025 690 1092 quasi
719 1025 956 1092 pulsans,
988 1029 1106 1092 quis
1135 1023 1183 1076 ei
1211 1024 1426 1091 januam
1457 1025 1634 1077 cordis
1656 1026 1877 1091 aperiat.

319 1093 488 1158 Janua
517 1105 693 1148 autem
737 1093 934 1157 cordis,
980 1108 1130 1147 mens
1176 1101 1279 1146 est.
1330 1092 1427 1146 Ubi
1459 1107 1586 1161 ergo
1629 1095 1881 1148 Dominus

317 1163 538 1233 januam
567 1164 825 1226 clausam,
855 1165 906 1217 id
947 1175 1048 1228 est,
1083 1173 1312 1216 mentem
1342 1163 1607 1233 inﬁdelem
1633 1175 1686 1218 et
1728 1165 1880 1216 inde-

321 1232 502 1289 votam
546 1235 612 1288 ad
643 1235 804 1292 totius
837 1233 1108 1303 religionis
1151 1233 1380 1303 studium
1430 1232 1648 1297 invenit,
1693 1233 1882 1287 dolens

315 1303 444 1366 inde
480 1304 704 1369 recedit,
741 1303 929 1359 dolens
945 1301 1205 1357 videlicet
1233 1317 1328 1370 per
1365 1301 1742 1357 humanitatem
1763 1316 1881 1357 sus-

317 1385 552 1440 Ceptam,
581 1377 722 1429 sicut
747 1384 801 1428 et
829 1376 880 1428 in
913 1372 1194 1443 Evangelio
1226 1371 1436 1443 legitur,
1483 1374 1600 1443 quia
1642 1387 1761 1426 cum
1791 1389 1880 1441 ap-

315 1445 699 1512 propinquaret
744 1441 1093 1504 llierusalem’,
1144 1441 1490 1512 ﬁevitﬂsuper
1536 1442 1698 1497 illam.
1748 1443 1877 1496 Nam

314 1510 580 1568 divinitati
628 1515 804 1568 nullus
845 1513 999 1567 dolor
1039 1511 1248 1565 accidit.
1295 1510 1394 1566 Ubi
1442 1520 1621 1565 autem
1660 1512 1878 1581 januam

314 1593 576 1650 apertam,
628 1593 857 1638 mentem
905 1583 1110 1638 scilicet
1155 1581 1362 1634 lldelem
1411 1589 1467 1634 et
1520 1581 1762 1635 devotam
1811 1588 1877 1636 ad

316 1653 590 1722 implenda
619 1653 810 1708 divinae
839 1652 1184 1722 institutionis
1213 1659 1472 1722 praecepta
1504 1653 1720 1714 invenit,
1754 1666 1874 1705 mox

313 1719 495 1791 intrat,
527 1734 580 1779 et
625 1738 745 1777 cum
793 1723 1008 1791 hospitii
1035 1720 1200 1788 ipsius
1228 1721 1524 1776 habitatore
1566 1732 1762 1790 comat,
1797 1723 1874 1776 iii-

311 1792 543 1852 l'undens
596 1794 644 1848 ei
697 1809 790 1862 per
816 1791 1214 1862 inspirationem
1244 1791 1473 1858 Spiritus
1515 1792 1682 1845 sancti
1731 1807 1878 1846 com-

313 1866 658 1932 punctionem
683 1860 842 1933 atque
873 1860 1235 1933 paenitentiam
1266 1871 1604 1928 peccatorum
1633 1877 1874 1933 suorum,

311 1931 410 1988 aeu
437 1934 484 1989 ei
531 1931 776 1989 reserans
806 1931 973 1986 sacrae
1013 1931 1298 1998 Scriptura:
1319 1945 1539 1994 arcana;
1570 1931 1651 1986 vel
1690 1933 1874 1999 etiam,

310 2005 436 2071 quia
463 2004 579 2071 ejus
606 2006 755 2058 cibus
783 2012 886 2066 est,
919 2010 973 2054 ut
1021 2002 1176 2054 l‘aciat
1209 2003 1530 2056 voluntatem
1562 2001 1734 2056 Patris
1771 2005 1874 2070 sui,

313 2085 492 2127 cmnat
517 2089 637 2128 cum
669 2090 758 2140 eo,
790 2073 990 2127 faciens
1020 2072 1168 2124 illum
1197 2080 1540 2125 contemnere
1565 2082 1754 2127 cuncta
1785 2087 1878 2126 Ca-

311 2149 470 2209 duca,
519 2155 574 2199 et
616 2146 726 2198 sola
756 2143 1002 2213 perennis
1031 2144 1151 2195 vita:
1178 2141 1482 2213 desiderare
1509 2143 1720 2209 gaudia.
1766 2145 1875 2201 Hu-

307 2213 545 2284 jusniodi
589 2230 717 2284 ergo
757 2210 1062 2267 convivium
1109 2210 1218 2281 agit
1264 2211 1516 2284 Dominus
1557 2213 1873 2276 nobiseum,

310 2281 528 2350 quando
568 2281 688 2339 eum
743 2285 1100 2352 permittimus
1143 2287 1338 2334 intrare
1372 2281 1449 2352 fail
1489 2295 1583 2336 cor
1611 2293 1872 2338 nostrum.

311 2352 497 2412 Potest
526 2356 684 2407 etiam
709 2351 803 2422 per
832 2355 970 2407 idem
1009 2353 1137 2422 solis
1167 2351 1476 2422 mysteripm
1512 2352 1636 2407 illud
1668 2355 1876 2422 aliqua-

311 2433 473 2478 tenus
502 2423 689 2492 inspici
713 2420 852 2490 quod
886 2421 1139 2492 Dominus
1155 2422 1300 2492 _dicit
1327 2437 1338 2472 :
1365 2420 1428 2473 Si
1448 2423 1556 2488 quis
1578 2423 1741 2492 diligit
1765 2420 1869 2489 nte,

307 2488 785 2550 sermonem'meunt
810 2491 1043 2555 servabit,
1068 2500 1116 2543 et
1147 2488 1306 2544 Pater
1350 2505 1490 2543 meus
1529 2488 1697 2559 diligit
1734 2488 1870 2558 eum,

307 2572 355 2625 et
383 2563 450 2616 ad
474 2580 587 2617 eum
608 2563 883 2625 veniemus,
907 2573 952 2615 et
976 2561 1290 2614 mansionem
1310 2562 1449 2628 apud
1475 2577 1585 2613 eum
1607 2563 1871 2628 faciemus.

312 2631 626 2700 Ubicunque
651 2632 793 2687 enim
823 2632 953 2685 solis
997 2629 1250 2700 splendor
1277 2641 1517 2700 apparet,
1567 2633 1645 2686 sol
1679 2635 1875 2697 pariter

309 2718 433 2755 cum
464 2699 744 2772 eo'lucens
772 2710 971 2766 manet,
1023 2699 1146 2773 quia
1187 2699 1452 2754 individua
1484 2710 1568 2756 est
1599 2703 1872 2773 utriusque

306 2770 688 2843 Operatio.'Ad
733 2772 848 2827 hinc
889 2770 1098 2826 etiamsi
1145 2773 1290 2824 calor
1318 2786 1382 2824 ex
1414 2781 1652 2843 iitroque
1691 2770 1873 2843 proce-

306 2843 457 2909 dens,
496 2841 612 2898 sine
655 2843 805 2911 cujus
851 2843 1081 2896 adveutu
1115 2843 1304 2894 frustra
1336 2840 1576 2909 quilibet
1608 2840 1872 2899 illumina-

307 2923 413 2979 iur,
446 2913 601 2968 simul
654 2915 842 2967 adesse
891 2913 1138 2976 sentitur,
1164 2919 1288 2965 tunc
1328 2911 1400 2964 ibi
1427 2913 1525 2966 tria
1575 2915 1773 2982 pariter
1817 2917 1871 2970 in

305 2998 412 3035 una
443 2985 754 3052 operatione
799 2983 1096 3038 habentur:
1123 2983 1261 3050 quod
1296 2982 1542 3036 nimirum
1589 2984 1641 3038 in
1675 2985 1870 3048 prazdi-

305 3053 645 3125 ctisDomini
695 3054 868 3125 verbis
919 3067 1028 3109 non
1074 3052 1406 3125 dissimiliter
1438 3066 1599 3121 posse
1641 3054 1866 3125 intelligi

303 3124 487 3178 credo.
524 3124 582 3182 Si
609 3125 749 3177 enim
802 3122 919 3177 dua»,
949 3137 1190 3189 persona:
1220 3121 1584 3190 intelliguntur
1628 3125 1680 3178 in
1713 3121 1870 3182 Pati-e

287 3202 362 3260 ,ει
387 3193 539 3259 Filio,
568 3196 659 3262 qui
683 3194 990 3259 adveniunt,
1019 3195 1172 3246 tertia
1207 3206 1429 3259 persona
1461 3194 1541 3257 (ut
1568 3196 1694 3249 mihi
1726 3195 1872 3250 vide-

305 3268 418 3332 tur)
442 3264 492 3318 in
521 3266 666 3318 illius
692 3263 780 3331 qui
807 3264 978 3334 diligit
1004 3271 1370 3330 cooperatore,
1401 3271 1458 3316 et
1477 3264 1544 3316 ad
1573 3265 1675 3320 hoc
1705 3275 1764 3321 ut
1783 3267 1869 3322 di-

302 3333 496 3405 ligeret
522 3335 670 3402 quasi
696 3334 893 3403 praevio
915 3333 1198 3405 'iiicentore
1228 3334 1448 3405 intelligi
1482 3343 1676 3402 potest.

383 3405 616 3474 Denique
639 3410 686 3457 in
727 3406 909 3458 multis
931 3418 1098 3462 sacrae
1124 3404 1414 3472 Scriptura:
1435 3405 1566 3457 locis
1597 3408 1696 3462 hoc
1725 3407 1869 3463 inve-

304 3474 448 3538 nitur
475 3475 615 3543 quod
661 3477 795 3540 bona
840 3475 1009 3543 aliqua
1040 3489 1144 3529 non
1187 3476 1359 3528 solum
1402 3488 1503 3529 non
1548 3475 1740 3539 facere,
1773 3478 1866 3532 sed

301 3559 406 3604 nec
434 3546 651 3598 verbum
686 3546 877 3608 bonum
909 3546 1145 3612 proferre
1173 3545 1434 3610 possimus
1471 3543 1672 3613 absque
1702 3550 1870 3614 Spiri-

301 3625 389 3670 tus
433 3614 810 3684 sanctiidono,
858 3625 917 3666 iit
964 3623 1046 3667 est
1095 3614 1259 3668 illud:
1291 3615 1457 3668 Nemo
1499 3628 1662 3684 potest
1705 3618 1870 3672 dicere

303 3686 556 3738 Dominus
604 3683 772 3750 Jesus,
821 3686 918 3738 nisi
959 3685 1012 3739 in
1047 3685 1243 3751 Spiritu
1279 3698 1458 3738 sancto
1478 3683 1507 3750 ;’
1547 3696 1601 3740 et
1641 3689 1869 3742 :Omnia

297 3767 542 3824 operatur
572 3771 723 3829 unus
764 3764 910 3822 atque
947 3755 1080 3810 idem
1109 3755 1375 3829 Spiritus,_
1395 3757 1622 3829 dividens
1650 3759 1867 3829 singulis

297 3836 454 3896 prout
497 3828 622 3880 vult.
672 3826 741 3880 Ut
788 3836 964 3896 autem
998 3826 1125 3878 tanti
1161 3827 1398 3896 mysterii
1430 3826 1754 3892 profunditas
1785 3829 1866 3883 fa-

296 3895 457 3956 cilius
486 3896 825 3966 intelligatur,
859 3895 986 3950 libet
1005 3897 1178 3950 adhuc
1218 3895 1269 3950 in
1301 3898 1412 3951 sole
1438 3897 1578 3951 illius
1613 3899 1864 3953 similitu-

296 3967 480 4028 dinem
509 3981 770 4034 quacrere.
812 3967 1020 4021 Scimus
1052 3981 1278 4035 namque
1307 3982 1494 4020 omnes
1519 3970 1768 4035 quoniam
1810 3972 1862 4023 in

294 4045 507 4100 testate,
532 4037 746 4105 quando
767 4037 913 4090 calor
952 4039 1081 4090 solis
1111 4052 1332 4105 magnus
1372 4047 1565 4092 terrain
1606 4054 1865 4104 occupare

294 4107 787 4176 solet,s:epissime
819 4122 922 4159 non
953 4107 1121 4159 solum
1155 4108 1340 4169 indie,
1372 4122 1473 4175 qua
1519 4109 1599 4162 sol
1642 4111 1864 4176 pariter-

293 4191 403 4244 que
431 4175 548 4245 ejus
588 4177 839 4244 splendor
865 4176 1090 4238 videtur,
1140 4177 1231 4228 ενα
1259 4186 1418 4231 etiam
1465 4179 1516 4230 in
1559 4175 1713 4232 nocte
1740 4195 1861 4234 eum

295 4257 485 4299 neuter
515 4254 753 4314 apparet,
798 4255 1000 4299 tantum
1032 4248 1264 4299 calorem
1309 4247 1375 4301 ab
1423 4258 1647 4316 utroque
1676 4265 1862 4316 proce-

292 4317 817 4389 deiitemsentimus,
845 4327 1011 4389 utpvnx
1044 4331 1171 4389 eum
1213 4318 1592 4389 sustineainus.
1621 4320 1862 4389 Quapro-

294 4396 416 4458 pter
444 4387 566 4455 quia
618 4395 796 4458 tantus
847 4385 992 4440 calor
1042 4386 1196 4454 longe
1242 4388 1388 4454 prius
1416 4403 1574 4456 quam
1618 4385 1857 4458 ipse—sol

1907 1753 1955 1816 B

1988 465 2087 520 Ubi
2119 474 2311 538 autem
2340 466 2480 538 idem
2529 467 2755 538 Spiritus
2796 468 3108 538 requiescat,
3144 465 3400 525 Dominus
3451 487 3557 538 per

1982 535 2292 607 prophetam
2351 535 2778 592 indicat'dicens
2828 535 3042 604 :Super
3085 554 3234 603 quem
3277 535 3552 607 requiescit

1982 603 2208 674 Spiritus
2236 621 2398 671 meus,
2441 607 2540 660 nisi
2567 622 2718 677 super
2743 603 2983 661 humilem
3010 616 3058 660 et
3079 609 3324 677 quietum,
3343 603 3404 662 ἐι
3444 620 3553 664 tre-

1981 685 2194 728 mentem
2219 690 2471 730 sermones
2501 679 2686 730 meos?

2052 742 2205 817 Libet
2264 745 2456 817 adhuc
2491 761 2584 813 per
2640 747 2964 814 propositum
3027 748 3157 802 solis
3231 750 3544 817 mysterium

1980 813 2294 886 ascendere,
2326 823 2380 868 et
2397 815 2492 886 _i_lla
2521 813 2822 886 evangelica
2865 817 3026 871 verba
3070 813 3409 873 considerare
3435 838 3446 872 :
3476 819 3544 873 In

1980 882 2229 954 principia
2257 893 2366 937 erat
2397 883 2636 954 Verbum,
2661 882 2706 938 Et
2740 885 2961 940 Verbum
2987 897 3095 940 erat
3121 888 3260 954 apud
3292 887 3473 954 Deum,
3499 900 3548 943 et

1981 950 2118 1023 _De_us
2148 950 2271 1006 erat
2296 953 2544 1023 ,Verbum.
2593 953 2791 1010 Omnes
2819 972 3046 1023 namque
3090 950 3334 1012 serenam
3377 950 3545 1015 aciem

1981 1019 2243 1094 habentes
2291 1021 2685 1094 intuerialiquo
2713 1028 2892 1092 modo,
2927 1019 3181 1094 quantum
3228 1028 3544 1082 reverbera-

1983 1097 2066 1166 t_us
2107 1093 2250 1166 visus
2279 1093 2549 1159 permittit,
2585 1103 2826 1166 possunt,
2856 1093 2979 1166 quia
3021 1097 3136 1164 ipse
3188 1096 3318 1150 solis
3369 1097 3547 1165 Splen-

1979 1159 2101 1234 dor,
2132 1163 2237 1234 qui_
2265 1171 2458 1234 terrain
2490 1159 2650 1216 totam
2673 1159 3159 1234 ambitfnunquam
3190 1167 3358 1220 solem
3383 1159 3541 1221 relin-

1979 1231 2114 1296 quit,
2147 1231 2240 1301 sed
2271 1230 2327 1284 in
2376 1232 2468 1285 illo
2511 1230 2850 1301 semperest
2884 1230 3064 1289 lumen
3093 1237 3158 1289 de
3205 1237 3406 1290 lumine
3437 1239 3540 1290 mi-

1978 1299 2207 1374 cans._S_i
2235 1311 2374 1374 tanta
2418 1299 2643 1374 incultas
2671 1305 2721 1356 in
2746 1299 3009 1374 creatura
3047 1304 3215 1360 oculis
3244 1307 3541 1374 corporali-

1979 1367 2080 1421 bus
2102 1369 2268 1440 videri
2295 1380 2490 1438 potest,
2520 1373 2684 1424 inulto
2728 1375 2892 1440 magis
2923 1373 2974 1428 in
3006 1385 3246 1429 creatore
3275 1367 3543 1430 et'ouini-

1981 1446 2193 1513 potente
2232 1439 2341 1513 Deo
2371 1441 2547 1503 inesse
2575 1439 2838 1513 credenda
2867 1453 2970 1499 est.
3002 1444 3150 1499 Sicut
3191 1460 3419 1513 namque
3449 1461 3542 1500 so-

1981 1507 2050 1584 lis_
2072 1509 2326 1584 splendor
2354 1525 2566 1584 semper
2597 1511 2649 1564 iu
2694 1515 2891 1584 eodem
2913 1514 3025 1567 sole
3054 1528 3158 1581 est,
3188 1525 3241 1569 et
3281 1507 3537 1584 quorsum

1981 1575 2236 1652 micando
2270 1575 2484 1652 tendat,
2521 1595 2733 1652 semper
2761 1583 2898 1650 apud
2939 1597 3062 1638 eum
3093 1575 3399 1652 perseverat
3428 1602 3438 1636 :
3467 1585 3540 1639 ita

1979 1658 2194 1720 semper
2223 1648 2275 1703 in
2303 1651 2578 1718 principio,
2610 1651 2661 1704 id
2683 1662 2783 1716 est,
2798 1648 2861 1706 in
2892 1663 3041 1720 parte
3069 1648 3182 1707 erat
3205 1653 3461 1718 Verbum,
3488 1667 3543 1711 et

1987 1714 2215 1791 Yerbum
2242 1714 2360 1775 erat
2387 1714 2524 1788 apud
2554 1720 2720 1775 Deum
2742 1714 2996 1791 {semper
3022 1725 3224 1778 scilicet
3247 1726 3340 1776 Dei
3370 1714 3540 1780 Filius

1981 1784 2034 1861 in
2061 1786 2218 1861 Patre
2263 1784 2506 1853 manens,
2545 1784 2756 1861 semper
2794 1784 2932 1847 Deus
2972 1793 3039 1848 de
3087 1794 3218 1860 Deo,
3251 1793 3426 1848 lumen
3473 1797 3540 1849 de

1980 1853 2180 1931 lumine
2207 1861 2518 1928 splendens.
2541 1861 2645 1914 Sed
2664 1853 2775 1916 'nec
2809 1863 2918 1930 ipsa
2954 1865 3179 1917 rotunda
3204 1853 3413 1931 species
3445 1880 3537 1918 so-

1980 1923 2047 1978 lis
2072 1941 2100 1977 a
2129 1923 2382 1998 mysterio
2408 1945 2594 1986 vacare
2622 1923 2848 1986 videtur".
2875 1934 3044 1987 Omne
3067 1934 3209 1988 enim
3239 1923 3537 1990 'rotundum

1979 2009 2078 2050 nec
2098 1998 2266 2072 linem
2291 2001 2469 2064 habet,
2503 2016 2602 2055 nec
2630 2002 2856 2056 initium.
2883 2001 3027 2056 ldein
3056 2004 3122 2057 de
3156 2003 3264 2058 Deo
3291 2008 3535 2072 omnipo-

1979 2073 2122 2144 tente
2145 2069 2727 2144 credereedocetnur;
2753 2072 2875 2144 quia
2906 2074 3030 2126 dum
3063 2075 3156 2126 illo
3197 2074 3344 2144 nihil,
3375 2069 3537 2141 supc-

1978 2140 2110 2208 rius,
2139 2140 2270 2192 nihil
2312 2141 2553 2206 interius,
2586 2143 2716 2195 nihil
2746 2143 2901 2197 latius
2942 2144 3228 2208 invenitur,
3263 2143 3406 2197 nullo
3431 2140 3542 2198 ter-

1977 2206 2122 2260 mino
2150 2211 2506 2282 concluditur.
2549 2211 2758 2266 Prolato
2789 2214 2966 2282 itaque
3015 2215 3105 2267 illo
3135 2206 3276 2282 quad
3319 2215 3373 2267 in
3423 2218 3540 2269 solo

1977 2281 2369 2352 tantummodo
2397 2283 2661 2349 reperitur
2702 2281 2899 2336 sanctae
2930 2281 3204 2338 Trinitatis
3250 2287 3530 2352 mysterio,

1977 2344 2108 2424 libet
2144 2349 2335 2424 adhuc_
2341 2350 2446 2424 duo
2462 2344 2842 2424 'prol'er_re,_ut
2872 2354 2921 2406 lii
2954 2355 3042 2422 qui
3072 2355 3285 2408 subtilia
3307 2344 3540 2424 qumque

1976 2415 2043 2493 de
2065 2428 2266 2493 sanctae
2295 2415 2567 2493 Trinitatis
2596 2421 2699 2477 tide
2723 2415 2866 2476 dicta
2908 2415 2992 2477 vel
3040 2427 3238 2493 scripta
3269 2415 3540 2493 tie-queunt

1976 2485 2295 2562 intelligere,
2322 2490 2621 2562 doceantur
2656 2493 2719 2562 in,
2741 2493 3056 2562 quibusdam
3081 2485 3372 2548 cie-mentis.
3393 2509 3540 2549 eam-

1978 2553 2099 2607 dem
2132 2558 2288 2631 lidein
2320 2558 2661 2628 investigare.
2703 2553 2772 2614 ln'
2800 2577 2935 2630 aqua
2969 2565 3148 2631 igitur,
3174 2577 3331 2631 quam
3364 2564 3538 2619 tribus

1975 2629 2217 2698 personis
2245 2631 2512 2697 appellare
2561 2631 2817 2695 solemus,
2852 2629 3100 2688 dicentes
3141 2629 3230 2687 ille
3274 2633 3415 2698 fons,
3449 2635 3538 2688 ille

1972 2694 2134 2769 rivus,
2187 2694 2330 2769 illud
2363 2709 2628 2769 stagnum,
2681 2694 2906 2769 trinitas,
2952 2704 3045 2756 sed
3079 2704 3232 2757 unius
3284 2694 3536 2758 clementi

1971 2767 2270 2842 substantia
2317 2767 2493 2842 inesse
2519 2767 2918 2839 comprobatur.
2963 2772 3107 2827 Licet
3126 2776 3278 2842 enim
3322 2775 3374 2826 in
3419 2789 3540 2842 per-

1971 2834 2120 2889 sonis
2152 2839 2268 2891 l'ons
2296 2848 2350 2894 et
2398 2838 2540 2910 rivus
2577 2834 2734 2907 atque
2763 2851 3013 2910 stagnum
3038 2841 3304 2907 dili‘erant,
3334 2844 3385 2896 in
3419 2834 3534 2898 'una

1973 2913 2152 2980 tamen
2184 2909 2482 2964 substantia
2508 2909 2984 2966 conveniuntiUbi
3027 2912 3276 2980 quiddam
3308 2915 3447 2977 quod
3481 2926 3536 2969 et

1970 2973 2036 3050 de
2063 2977 2174 3030 sole
2203 2980 2333 3050 dixi,
2368 2991 2540 3049 potest
2587 2981 2838 3038 inveniri.
2887 2973 3069 3038 Nullus
3108 2973 3338 3050 denique
3388 2984 3534 3040 rivus

1971 3046 2174 3122 absque
2203 3046 2471 3122 fontis-sui
2519 3053 2815 3122 substantia
2853 3051 3059 3118 deﬂuit,
3100 3046 3377 3122 quousque
3416 3054 3532 3110 fons

1900 3102 1944 3164 C
1975 3102 2279 3190 ebulliendo
2305 3102 2955 3176 subsistii."tizeteinm'si
2967 3102 3460 3190 ῗὼῖιέ¹ιῗκ⁷εἷὲἑεῖι⁷υὲξ
3471 3102 3534 3180 ⁷ὲὶ

1977 3185 2140 3262 fontis
2184 3203 2406 3257 persona
2438 3193 2694 3260 privatur.
2740 3193 2842 3246 Sed
2874 3205 2928 3248 et
2957 3202 3204 3262 stagnum
3233 3197 3363 3247 satis
3403 3185 3531 3248 con-

1975 3257 2118 3332 venit
2145 3272 2386 3332 personae
2432 3257 2661 3330 Spiritus
2709 3265 2899 3328 sancti,
2928 3257 3182 3332 quoniam
3229 3265 3366 3318 sicut
3407 3264 3527 3319 fons

1973 3327 2212 3401 etprivus
2260 3331 2313 3384 in
2362 3327 2606 3398 stagnum
2659 3327 3028 3401 confluentes,
3087 3336 3238 3387 unius
3277 3335 3527 3390 elementi

1973 3398 2321 3471 substantiam
2353 3400 2568 3471 habent,
2603 3404 2673 3456 ita
2706 3413 2759 3458 et
2783 3406 2937 3459 Pater
2967 3398 3022 3459 et
3054 3405 3216 3458 Filius
3243 3404 3296 3458 in
3329 3405 3528 3460 unitate

1971 3465 2200 3542 Spiritus
2238 3473 2410 3526 sancti
2449 3465 2847 3542 convenientes,
2885 3490 3043 3528 unum
3093 3483 3238 3542 sunt,
3283 3482 3336 3528 ct
3366 3489 3523 3528 unam

1971 3538 2319 3614 substantiam
2349 3542 2604 3597 efﬁciunt.
2637 3544 2692 3614 ln
2717 3538 2937 3599 accensa
2967 3559 3177 3614 quoque
3205 3538 3424 3598 candela
3451 3561 3530 3598 in-

1971 3607 2138 3685 veniri
2165 3619 2342 3685 potest
2385 3617 2464 3683 (ut
2495 3614 2636 3682 reor)
2679 3613 2817 3668 idem
2867 3607 3066 3669 sancta:
3091 3607 3528 3685 ’l‘riiiitatismy-

1968 3682 2211 3750 sterium.
2243 3681 2372 3735 Nam
2394 3681 2523 3737 tum
2555 3681 2748 3738 ardens
2789 3685 3068 3740 elementis
3090 3695 3301 3740 constet
3333 3681 3521 3750 tribus,

1969 3747 2022 3801 id
2051 3761 2152 3814 est,
2185 3761 2398 3821 stuppa,
2427 3769 2571 3817 cera,
2623 3759 2764 3824 igne,
2815 3771 3161 3824 personarum
3199 3760 3353 3808 trium
3398 3747 3530 3824 ligu-

1968 3832 2081 3871 rain
2124 3829 2285 3886 tenet,
2328 3824 2422 3876 sed
2471 3841 2628 3878 unum
2679 3828 3051 3880 substantiam.
3101 3827 3167 3880 Et
3205 3829 3341 3878 sicut
3387 3828 3527 3879 nulla

1969 3891 2206 3944 candela:
2240 3895 2441 3949 utilitas
2470 3895 2522 3948 in
2551 3903 2758 3962 stuppa:
2797 3904 2852 3949 et
2877 3910 3014 3949 certe
3039 3896 3375 3950 conl'eCtione
3403 3896 3524 3949 abs-

1967 3974 2069 4034 que
2111 3962 2418 4034 incensione
2446 3967 2568 4029 erit,
2603 3967 2674 4018 ita
2705 3965 2865 4020 etiam
2907 3965 2980 4019 illi
3008 3968 3098 4034 qui
3129 3968 3180 4019 in
3231 3965 3442 4018 Patrem
3473 3974 3528 4019 et

1965 4027 2167 4104 Filium
2204 4033 2451 4093 credens.
2479 4027 2708 4102 Spiritus
2737 4036 2906 4089 sancti
2953 4027 3128 4104 ignem
3161 4037 3228 4088 ab
3265 4035 3344 4089 eis
3372 4051 3526 4101 sepa-

1965 4109 2065 4174 rat,
2099 4101 2170 4153 nil
2191 4105 2423 4174 proderit
2446 4101 2749 4171 hujusmodi
2782 4107 2931 4158 lides.
2960 4101 3052 4159 liis
3076 4106 3233 4174 igitur
3263 4107 3520 4173 exemplis

1963 4169 2031 4243 de
2056 4181 2236 4243 sancta
2260 4169 2521 4228 'l‘rinitate’
2545 4177 2781 4243 prolatis,
2809 4191 2946 4242 quae,
2981 4184 3040 4230 ut
3068 4169 3315 4240 arbitror,
3348 4169 3520 4228 ouini-

1964 4241 2061 4293 bus
2089 4242 2242 4308 plana
2265 4254 2408 4307 sunt,
2439 4241 2559 4300 iam
2582 4245 2738 4314 cupio
2765 4241 2866 4297 alia
2894 4247 3135 4313 exempla
3169 4246 3235 4298 ad
3269 4247 3521 4298 moralem

1963 4324 2176 4384 sensum
2230 4317 2544 4379 pertinentia
2593 4317 2820 4381 Sparsini
2875 4317 3149 4383 colligere,
3195 4317 3366 4384 primo
3409 4315 3524 4384 qui-
3573 4325 3576 4328 ’

1963 4380 2086 4460 deni
2137 4382 2206 4462 de
2253 4385 2518 4462 parabolis
2551 4380 2907 4462 quibusdam,
2959 4380 3076 4454 qua:
3108 4380 3524 4462 iii—Evangelia

293 4450 655 4524 splendorque
683 4455 800 4526 ejus
837 4464 1088 4524 appareat
1116 4450 1364 4523 s'eiiti'tur,
1396 4450 1698 4525 ρὶιωεθάεὲο
1734 4475 1854 4514 eum
1892 4455 1939 4515 Ι)
1963 4450 2130 4526 ipsius
2164 4450 2369 4506 Domini
2398 4457 2562 4508 nostri
2588 4450 2690 4509 'orc
2733 4450 2990 4524 leguntur'
3009 4456 3224 4523 prolatae
3253 4474 3265 4508 :
3301 4450 3518 4523 per'ltas

292 4526 403 4579 dici
438 4535 627 4592 potest,
659 4528 784 4580 licet
825 4540 892 4578 au
923 4526 1011 4578 illo
1054 4541 1320 4595 nunquam
1369 4528 1603 4582 recedat.
1659 4531 1852 4584 Eadem

294 4598 364 4648 de
396 4607 693 4649 aromatum
734 4596 1094 4662 quorumlibet
1117 4597 1385 4650 odorifeta
1418 4605 1680 4653 suavitate
1726 4616 1853 4654 seu-

292 4665 385 4718 tiri
435 4668 634 4720 valent.
699 4665 1005 4732 Ubicunque
1055 4667 1198 4720 enim
1266 4668 1565 4721 incenditur
1609 4676 1727 4723 thus
1771 4672 1854 4725 vel

291 4737 533 4805 myrrha,
565 4737 645 4789 vel
671 4737 774 4789 alia
808 4736 1106 4803 hujusmodi
1129 4737 1354 4804 species,
1395 4753 1581 4792 eorum
1610 4742 1698 4807 qui
1729 4757 1854 4807 pro-

289 4810 379 4859 Cul
440 4807 630 4860 absunt
678 4819 835 4858 nares
885 4810 1030 4871 prius
1068 4822 1224 4874 quam
1277 4807 1448 4860 visum
1503 4811 1646 4862 dulei
1689 4811 1855 4866 odore

290 4876 570 4943 contingit,
604 4890 700 4929 nec
743 4883 920 4928 tamen
950 4877 1018 4928 ab
1045 4876 1296 4929 incensus
1324 4879 1406 4929 sui
1435 4878 1733 4932 substantia
1770 4895 1855 4932 re-

294 4947 464 5002 cedit.
493 4946 548 5001 Si
564 4961 699 5020 ergo
722 4955 863 4999 tanta
905 4948 981 4998 vis
1007 4955 1089 5020 est
1121 4945 1419 5020 utriusque,
1444 4952 1635 5001 caloris
1665 4951 1853 5004 videli-

289 5027 379 5069 cet
407 5025 464 5069 et
508 5018 708 5079 odoris,
761 5027 818 5068 ut
868 5019 1229 5084 praenitentes
1262 5018 1545 5071 adventum
1594 5034 1776 5074 eorum
1823 5035 1854 5074 a

289 5085 488 5141 auibus
539 5087 858 5154 procedunt,
909 5086 1384 5154 deiiiulcentesque
1429 5102 1622 5146 sensus
1662 5105 1848 5146 eorum

292 5157 488 5224 quibus
509 5156 838 5224 ingeruntur,
868 5155 1220 5216 substantiam
1257 5156 1522 5224 propriam
1555 5175 1657 5212 non
1690 5161 1854 5214 relin-

289 5236 458 5293 quant
491 5244 504 5278 :
537 5241 632 5280 cur
676 5242 780 5278 non
831 5227 998 5278 inulto
1045 5224 1211 5292 magis
1253 5227 1517 5282 credenda
1555 5239 1638 5282 est
1679 5230 1852 5284 virtus

288 5297 462 5350 sancti
504 5297 731 5363 Spiritus
761 5297 1026 5365 quoslibet
1076 5297 1362 5360 illustrare,
1402 5305 1456 5349 et
1504 5301 1853 5365 prmcedendo

287 5381 476 5420 eorum
517 5367 676 5420 corda
706 5363 952 5438 adventui
997 5365 1179 5438 divino
1208 5363 1538 5438 praeparare},
1582 5383 1848 5438 nunquam

289 5445 470 5490 tamen
514 5441 582 5491 ab
627 5437 860 5505 essentia
903 5436 1116 5504 pr0pria
1145 5437 1434 5489 recedens?
1474 5438 1573 5501 Qui
1605 5436 1744 5492 enim
1771 5448 1852 5492 to-

291 5516 377 5560 tus
397 5517 483 5560 est
509 5507 724 5576 ubique,
752 5507 900 5559 locus
935 5507 1270 5577 essencquit
1296 5505 1392 5577 ubi
1419 5507 1578 5572 desit,
1611 5509 1712 5561 nisi
1744 5525 1849 5577 quo

288 5578 525 5632 tenebris
569 5577 786 5631 malitiae
830 5585 884 5630 et
926 5576 1238 5642 insipientia:
1287 5576 1514 5644 fugatur,
1547 5578 1684 5630 sicut
1713 5576 1852 5632 seri-

290 5661 437 5713 ptum
482 5658 600 5705 est:
628 5648 854 5719 sanctus
903 5645 1045 5700 enim
1075 5645 1320 5719 Spiritus
1348 5647 1642 5713 disciplina:
1680 5647 1845 5719 fugiet

289 5723 491 5788 tictum,
519 5727 572 5774 ct
599 5717 769 5773 aul'ert
806 5731 864 5775 se
895 5731 923 5770 a
970 5718 1375 5784 cogitationibus
1403 5732 1524 5786 qua:
1567 5729 1691 5772 sunt
1731 5717 1846 5776 sine

1959 4521 2166 4594 scilicet
2193 4526 2417 4576 clericos
2462 4527 2760 4594 specialiter
2785 4521 3100 4590 admonens,
3133 4537 3187 4580 ut
3229 4521 3389 4580 tanta:
3417 4527 3520 4579 do-

1957 4593 2144 4645 ctrina:
2192 4595 2351 4646 verba
2398 4593 2630 4660 legentes
2660 4598 2740 4649 vel
2790 4597 3088 4656 audientes.
3141 4609 3373 4650 tuentem
3419 4598 3516 4651 ali-

1957 4677 2217 4734 quatenus
2248 4671 2314 4715 ab
2353 4664 2620 4719 illecebris
2646 4676 2698 4719 et
2728 4667 2934 4734 pompis
2964 4667 3311 4722 saecularibus
3342 4676 3516 4720 retra-

1959 4733 2105 4785 hant.
2141 4733 2337 4786 Deinde
2378 4750 2501 4787 vero
2529 4752 2593 4788 ex
2639 4741 2798 4788 variis
2845 4740 3002 4790 rebus
3044 4752 3162 4802 (ιυςε
3198 4739 3249 4790 in
3289 4737 3390 4790 hoc
3415 4753 3515 4790 sa:-

1955 4804 2075 4878 cula
2116 4819 2208 4870 per
2229 4819 2406 4878 visunt
2437 4808 2515 4857 vel
2560 4807 2793 4858 auditum
2825 4814 2986 4878 tanta
3027 4805 3175 4860 laicis
3215 4822 3377 4878 quam
3407 4806 3517 4878 cle-

1957 4875 2082 4925 ricis
2103 4875 2287 4926 sentiri
2322 4885 2559 4941 possunt,
2587 4887 2642 4928 ut
2661 4880 2837 4943 apium
2865 4877 3141 4930 delloratio
3168 4875 3410 4932 in'variis
3437 4877 3516 4930 lo-

1955 4944 2056 5007 cis,
2091 4953 2146 4994 ut
2176 4947 2466 4998 immensus
2494 4949 2622 4999 solis
2652 4947 2924 5012 Splendor,
2957 4954 3015 5000 ul
3044 4957 3264 5001 ornatus
3308 4956 3363 4999 et
3393 4948 3512 5013 pul-

1954 5015 2201 5066 chritudo
2259 5017 2494 5086 factum,
2545 5015 2762 5086 ipsaque
2805 5016 2979 5069 vilitas
3025 5031 3144 5086 qua:
3183 5020 3234 5069 in
3283 5014 3513 5071 humana

1955 5094 2143 5135 natura
2173 5084 2438 5146 consistit,
2478 5095 2533 5137 ut
2578 5084 2801 5139 l'aeuttas
2845 5099 2900 5140 et
2928 5084 3212 5140 difﬁcultas
3255 5087 3511 5153 Operaiidi

1955 5153 2008 5208 io
2037 5155 2353 5222 quibusdam
2405 5157 2750 5224 temporibus,
2800 5165 2859 5210 ut
2897 5159 3186 5211 necessitas
3216 5157 3512 5224 quotidiani

1955 5237 2099 5286 esus,
2131 5237 2187 5276 ut
2210 5224 2533 5276 abundantia
2564 5234 2616 5277 et
2647 5225 2867 5291 penuria
2903 5228 3212 5280 substantia:
3241 5227 3513 5282 victualis.

1956 5295 2030 5345 Ex
2075 5294 2158 5346 bis
2186 5309 2313 5361 ergo
2340 5295 2586 5347 omnibus
2623 5296 2785 5348 laicus
2817 5297 3116 5363 specnaliter
3145 5295 3514 5353 admonendos

1954 5377 2073 5416 esse
2105 5364 2354 5424 decerno,
2380 5366 2501 5430 quia
2528 5364 2571 5417 si
2602 5367 2769 5418 semel
2797 5380 2875 5419 eis
2913 5367 3034 5432 quid
3083 5365 3386 5432 signiﬁcent
3425 5384 3511 5421 re-

1951 5447 2180 5499 seratur,
2217 5443 2398 5500 postea
2444 5449 2622 5488 curam
2675 5435 2783 5488 Deo
2815 5436 3011 5487 nullam
3060 5435 3251 5489 habent
3288 5453 3509 5492 excusa-

1954 5513 2149 5575 tionem
2183 5517 2277 5570 pro
2321 5505 2616 5570 ignorantia
2664 5503 2977 5565 litterarum,
3013 5505 3136 5558 dum
3175 5509 3410 5575 quotidie
3439 5509 3507 5560 ab

1953 5574 2037 5626 his
2063 5589 2179 5641 qua:
2202 5580 2472 5641 possuleut
2498 5584 2553 5628 et
2583 5589 2702 5628 cum
2733 5576 2923 5641 quibus
2953 5574 3228 5631 versantur
3248 5580 3314 5632 ad
3343 5579 3505 5633 Crea-

1953 5646 2080 5698 toris
2112 5653 2348 5697 notitiam
2378 5647 2728 5698 inStruantur.

2022 5715 2127 5770 Sed
2173 5715 2255 5771 his
2304 5717 2517 5771 interim
2570 5714 2803 5785 omissi-3,
2834 5714 2900 5771 ad
2949 5715 3198 5786 clericos,
3251 5733 3383 5788 quos
3414 5735 3510 5790 per
