4060 6368
222 352 354 407 1121

1429 355 1516 410 DE
1555 353 1992 412 SUBSTANTIIS
2031 351 2250 408 LIBER.

3322 329 3454 406 ηεξ

217 463 490 517 concessis
542 462 964 532 intemperanter
1006 472 1252 532 utuntur,
1292 478 1320 517 a
1367 479 1534 533 regno
1585 466 1792 522 ctelesti
1824 472 1870 528 Α
1899 463 2226 517 Creatorem.
2259 459 2388 514 Nam
2419 459 2497 512 sol
2517 459 2785 533 duntaxat
2825 468 3024 533 tantum
3073 469 3243 530 potest
3272 463 3457 529 Splen-

217 533 592 604 excluduntur,
632 534 758 604 quid
802 533 1122 588 credendum
1173 545 1252 588 est
1302 533 1371 588 de
1424 535 1528 588 illis
1557 538 1648 604 qui
1699 551 1793 604 per

223 605 334 656 vim
367 613 420 657 et
447 602 684 656 fraudein
707 603 934 672 aliquam
958 604 1130 657 aliena
1156 604 1441 672 rapientes,
1467 613 1522 659 et
1551 602 1795 661 meretri-

217 674 372 727 cibus
388 675 877 744 semetjungentes,
895 673 945 726 in
964 673 1044 725 his
1069 687 1232 742 usque
1259 675 1323 727 ad
1351 674 1508 728 linem
1525 675 1646 729 vitae
1672 691 1795 744 per-

218 742 506 814 severant?
536 743 670 796 llinc
698 744 883 796 credat
911 744 1132 814 quisque
1157 743 1295 810 quod
1325 745 1474 810 velit,
1503 758 1604 814 ego
1633 742 1796 800 credo

218 813 340 879 quia
370 813 553 864 caelum
581 822 626 864 et
656 823 790 865 terra
837 813 1122 866 transibunt
1171 813 1320 866 verba
1367 813 1556 879 autem,
1618 816 1794 868 divina

219 895 322 934 non
371 881 672 952 transibunt,
725 882 828 936 nisi
881 890 940 935 ut
983 883 1301 949 impleantur
1352 885 1489 938 sicut
1543 887 1796 952 praedicta

220 962 366 1007 sunt.
397 951 519 1005 Haec
551 952 710 1020 igitur
746 966 912 1020 pauca
939 952 1328 1006 exhortationis
1371 951 1644 1006 verba’ad
1689 957 1798 1008 cle-

219 1037 343 1092 rutn
365 1022 529 1088 dicta,
564 1023 762 1092 idcirco
785 1037 848 1075 ex
880 1023 1219 1075 sanctissimo
1237 1023 1638 1092 Evangeliorum
1665 1024 1798 1078 libro

219 1090 462 1212 groferre
490 1091 722 1154 decrevi,
765 1091 884 1159 quia
914 1092 1034 1144 talis
1064 1092 1196 1145 liber
1233 1090 1441 1146 clericis
1472 1108 1603 1158 pene
1628 1100 1799 1147 omni-

260 1175 321 1212 ns
348 1162 655 1212 notissimus
675 1169 777 1212 est.
818 1171 1000 1212 utnote
1032 1162 1118 1212 oui
1146 1160 1338 1212 saeuius
1382 1164 1574 1212 legitur
1618 1173 1670 1212 et
1700 1179 1793 1212 au-

260 1175 321 1213 us
348 1162 655 1232 notissimus
675 1169 777 1228 est,
818 1171 1000 1230 utpote
1032 1162 1118 1230 qui
1146 1160 1338 1229 sapius
1382 1164 1574 1232 legitur
1618 1173 1670 1217 et
1700 1179 1793 1218 au-

220 1232 362 1283 ditur
381 1231 450 1284 ab
470 1232 568 1284 eis.

292 1300 524 1353 Possunt
553 1301 711 1354 etiam
738 1299 958 1353 studiosi
1000 1299 1221 1369 quilibet
1250 1300 1561 1354 clericorum
1606 1317 1668 1356 ex
1710 1317 1800 1356 va-

223 1371 304 1424 ria
335 1369 604 1439 Scriptura
639 1369 969 1423 tachteris
998 1384 1156 1439 quam
1179 1369 1306 1422 Novi
1331 1373 1654 1425 Testamenti
1671 1375 1800 1426 satis

224 1441 440 1501 instrui,
471 1453 524 1494 et
549 1455 651 1492 non
678 1440 850 1494 solum
895 1455 958 1492 ex
1003 1438 1179 1502 bonis,
1222 1441 1314 1492 sed
1360 1441 1522 1493 etiam
1552 1457 1614 1494 ex
1645 1443 1799 1496 malis

225 1509 501 1580 nidificari.
530 1509 586 1563 Si
618 1509 760 1563 enim
817 1511 1092 1562 attendere
1122 1509 1422 1580 studuerint
1473 1511 1602 1564 Abel
1644 1510 1801 1580 justi-

227 1584 382 1642 tiam,
411 1578 512 1633 Job
535 1580 863 1647 patientiam,
906 1581 1260 1632 venerandam
1292 1579 1540 1644 Abrahae,
1573 1578 1718 1634 Isaac
1747 1590 1801 1636 et

227 1650 394 1724 Jacob
425 1649 877 1724 benedictionem,
904 1662 930 1700 a
958 1648 1067 1724 Deo
1094 1649 1194 1701 sibi
1222 1648 1410 1702 iactam
1448 1651 1673 1724 z’David
1703 1655 1802 1705 hu-

224 1721 522 1784 militatem,
553 1716 786 1772 Danielis
826 1729 880 1771 et
911 1719 1068 1770 trium
1099 1732 1381 1789 puerorum
1407 1716 1785 1789 constantiam,

223 1791 483 1843 Susanna:
513 1789 830 1852 castitatem,
864 1791 1138 1856 utriusque
1165 1787 1367 1851 Tobiae,
1391 1790 1557 1856 patris
1586 1787 1794 1845 scilicet

223 1867 280 1910 et
329 1859 418 1911 lilii
469 1857 814 1927 religionem,
873 1858 1202 1926 aliorumque
1249 1866 1453 1926 patrum
1511 1863 1564 1913 in
1615 1859 1791 1916 Veteri

223 1928 570 1981 Testamento
622 1927 1034 1994 perfectionem;
1085 1930 1153 1993 si,
1209 1928 1461 1996 inquam,
1518 1932 1791 1985 attendere

222 1999 491 2050 voluerint
541 1997 722 2050 talium
765 1998 998 2049 virorum
1040 1999 1303 2065 exempla,
1353 1998 1604 2052 aedificari
1645 2003 1790 2056 omni

224 2069 388 2120 modo
417 2077 654 2134 possunt.
697 2067 925 2119 Rursum
971 2066 1015 2119 si
1063 2076 1280 2120 econtra
1336 2069 1596 2123 malorum
1645 2081 1791 2136 gesta

230 2139 492 2203 replicare
513 2137 797 2198 voluerint,
827 2145 1076 2205 quantam
1107 2138 1349 2190 videlicet
1373 2139 1629 2191 malitiam
1660 2140 1788 2194 Cain

219 2206 278 2259 in
312 2210 524 2260 fratrem
555 2221 710 2260 suum
757 2209 945 2274 egerit,
979 2220 1074 2270 pro
1111 2207 1302 2274 quibus
1351 2209 1583 2275 peccatis
1626 2211 1794 2263 Sudo-

224 2278 370 2328 mitaa
394 2279 632 2330 subversi
674 2277 814 2341 sint;
864 2276 1091 2344 qualiter
1119 2275 1606 2330 Nabuchodonosor
1632 2279 1793 2332 Holo-

223 2345 469 2415 fernique
516 2347 786 2415 superbia,
816 2348 1040 2415 contrita
1074 2345 1164 2409 sit,
1214 2360 1374 2414 quam
1407 2349 1571 2399 variis
1619 2351 1790 2403 modis

223 2414 620 2468 murmurantes
653 2416 744 2468 lilii
772 2414 932 2467 lsrael
954 2414 1132 2468 afllicti
1157 2415 1282 2480 sint,
1323 2415 1445 2485 quid
1477 2417 1588 2470 lleli
1611 2431 1792 2473 sacer-

217 2486 368 2537 dotis
399 2485 495 2538 lilii
545 2496 825 2552 peccantes
871 2487 1206 2552 pertulerint,
1244 2487 1511 2554 quomodo
1541 2488 1790 2544 Salomon

221 2555 653 2625 sapientissimus
674 2555 956 2618 ceciderit,
987 2565 1342 2625 quantamque
1383 2557 1588 2610 ruinam
1620 2557 1792 2612 Ahsa-

217 2627 318 2678 Ion
343 2632 398 2678 et
424 2624 530 2678 duo
551 2625 756 2692 judices
787 2633 970 2678 contra
1000 2624 1292 2678 b‘usannatn
1342 2626 1662 2682 insanientes
1685 2644 1795 2682 inc-

219 2694 468 2759 ruerint;
515 2709 672 2763 quam
705 2697 896 2748 frustra
936 2696 1160 2748 llerodis
1199 2704 1253 2748 et
1295 2695 1598 2750 ludat-orum
1644 2699 1793 2752 dolus

220 2763 282 2837 in
315 2763 584 2818 Christum
616 2767 908 2837 insanierit,
933 2775 1130 2837 quanta
1158 2767 1358 2837 malitia
1389 2766 1576 2818 Simon
1612 2769 1792 2837 Magos

219 2835 528 2894 obcaecatus
559 2835 775 2902 perierit
807 2851 820 2887 :
854 2835 978 2903 quid
1030 2834 1170 2887 aliud
1221 2850 1314 2902 per
1361 2845 1502 2892 tanta
1549 2834 1796 2892 inala'in-

228 2907 438 2969 lllliltﬂ',
469 2906 570 2957 nisi
623 2915 676 2957 ut
722 2905 997 2962 audientes
1057 2908 1294 2970 timeant,
1344 2917 1397 2959 et
1428 2910 1676 2962 timentes
1708 2925 1794 2964 ca-

227 2983 396 3027 veant
423 2989 488 3028 ue
529 2976 581 3028 in
611 2974 802 3027 similia
831 2975 1059 3028 cadant?
1100 2973 1314 3028 Plurimi
1343 2990 1571 3044 namque
1599 2979 1696 3032 nisi
1731 2986 1792 3032 ti-

225 3060 382 3098 more
423 3047 889 3112 compellerentur,
943 3047 1088 3097 nullo
1118 3046 1274 3099 modo
1304 3047 1370 3098 ad
1417 3048 1641 3100 salutem
1691 3057 1796 3103 tra-

227 3115 678 3187 Itereiitural’atet
707 3116 863 3183 igitur
907 3131 1025 3184 quia
1061 3127 1163 3172 tam
1195 3131 1288 3182 per
1327 3117 1464 3187 tnala
1500 3133 1657 3184 quam
1701 3135 1795 3187 per

225 3187 368 3237 bona
410 3185 656 3238 azdilicari
686 3201 984 3253 possumus,
1019 3187 1062 3239 si
1097 3200 1159 3238 ea
1207 3187 1276 3238 ita
1303 3194 1360 3238 ut
1393 3201 1420 3238 a
1451 3186 1672 3242 Domino
1702 3185 1792 3243 or-

227 3256 500 3327 dinantur,
535 3270 836 3323 pensamus.
889 3255 1019 3308 Nam
1069 3264 1126 3308 ut
1180 3253 1341 3309 Deum
1380 3271 1641 3319 amemus.
1700 3275 1794 3327 per

229 3326 368 3377 bona
400 3331 688 3390 trahimur;
724 3327 816 3378 sed
857 3334 1052 3379 uteum
1083 3327 1382 3394 timeamus,
1411 3329 1505 3394 per
1534 3327 1670 3382 mala
1693 3326 1792 3382 ali-

226 3409 359 3462 qua
388 3397 775 3468 compellimur.
813 3395 959 3450 Unde
986 3405 1261 3468 quaesout
1313 3406 1464 3468 etuea
1517 3414 1634 3466 quae
1682 3400 1792 3468 jam

228 3467 448 3538 protuli,
479 3479 532 3520 et
556 3466 656 3518 alia
685 3469 765 3519 his
794 3468 1001 3538 _siniilia
1051 3467 1102 3518 in
1152 3466 1450 3535 Evangeliis
1479 3466 1793 3538 scripta—in-

229 3536 468 3588 tentione
525 3549 735 3588 smnma
792 3535 1051 3604 legantur,
1103 3544 1155 3588 et
1200 3551 1316 3604 quae
1347 3537 1501 3592 nobis
1551 3535 1675 3593 sunt
1725 3541 1794 3594 fa-

227 3605 420 3676 cienda
451 3618 515 3658 ex
544 3620 726 3660 eorum
759 3606 988 3660 lectione
1029 3608 1363 3675 aliquatenus
1419 3609 1788 3676 inspiciantur.

231 3674 435 3728 Deinde
465 3678 752 3730 exhortans
778 3686 831 3730 et
875 3678 1037 3730 laicos
1068 3674 1170 3730 nun
1201 3691 1294 3730 eos
1342 3680 1406 3732 ad
1448 3674 1599 3732 ullius
1651 3681 1794 3734 Scri-

233 3753 405 3812 plura:
429 3747 726 3812 lectionem,
757 3749 876 3814 quia
920 3749 1021 3801 illis
1062 3748 1238 3815 ignota
1266 3759 1368 3815 est,
1414 3751 1652 3815 adduco;
1700 3751 1793 3805 sed

232 3828 347 3868 uta
373 3816 581 3870 clericis
614 3820 852 3886 quaedam
908 3832 1004 3886 pro
1057 3819 1373 3885 quotidianis
1412 3823 1794 3887 esperinientis

227 3887 459 3953 ειιςιιὶιιιι
511 3888 884 3942 similitudines
939 3898 1244 3956 aperiantur
1291 3891 1538 3944 obsecro.
1579 3890 1795 3945 Dicatur

229 3959 410 4025 itaque
443 3956 538 4020 eis,
566 3973 632 4010 ne
661 3974 756 4025 pro
785 3972 849 4011 eo
885 3964 1022 4026 quod
1051 3957 1255 4012 litteras
1299 3962 1534 4026 nescitis,
1566 3976 1792 4015 excusa-

227 4030 430 4079 tionem
477 4029 705 4095 aliquam
759 4042 937 4083 corain
983 4027 1092 4081 Deo
1127 4043 1220 4082 vos
1269 4029 1464 4083 habere
1511 4033 1788 4085 credatis:

226 4097 536 4150 intimamus
563 4100 712 4151 vobis
753 4101 1019 4167 quaedam,
1053 4099 1104 4151 in
1136 4099 1325 4166 quibus
1356 4102 1496 4154 velut
1536 4103 1587 4152 iii
1638 4103 1791 4156 libris

226 4168 466 4234 quotidie
523 4169 745 4236 legendo
807 4182 1098 4240 agnoscere
1167 4171 1409 4240 ρυιθειὶεγ
1455 4171 1578 4238 quid
1635 4185 1794 4240 agere

225 4241 486 4290 debeatis.
522 4240 668 4291 Sicut
700 4240 856 4306 igitur
899 4253 1026 4306 apes
1048 4239 1098 4290 iti
1133 4242 1288 4292 variis
1314 4239 1443 4293 locis
1474 4252 1528 4293 et
1557 4242 1607 4292 iti
1632 4239 1792 4294 variis

225 4307 449 4361 floribus
466 4309 635 4362 mellis
657 4309 913 4378 liquorem
937 4311 1184 4376 colligere
1206 4310 1397 4374 solent,
1415 4311 1482 4362 ita
1505 4322 1556 4364 et
1578 4324 1669 4362 vos
1685 4311 1792 4363 coh-

223 4381 391 4445 ligere
413 4378 614 4432 debetis
641 4380 924 4447 enjuslibet
966 4380 1174 4432 virtutis
1203 4379 1556 4434 dulcedinem.
1578 4382 1657 4433 Ah
1683 4381 1791 4434 alio

223 4463 368 4499 enim
387 4451 680 4516 colligenda
703 4463 781 4504 est
799 4449 1087 4514 humilitas,
1121 4452 1186 4502 ab
1213 4455 1316 4502 alio
1334 4452 1586 4513 charitas,
1605 4452 1671 4504 ab
1684 4452 1789 4503 alio

223 4519 384 4584 fides,
405 4520 471 4572 ab
497 4523 603 4572 alio
635 4520 990 4587 patientia,ab
1019 4523 1124 4573 alio
1153 4521 1389 4590 largitas,
1418 4522 1484 4573 ab
1510 4523 1613 4573 alio
1630 4520 1790 4573 casui-

229 4601 336 4655 tas,
359 4594 424 4641 ab
460 4592 564 4643 alio
594 4591 868 4652 disCietio,
895 4592 962 4640 ab
978 4593 1084 4642 alio
1114 4591 1572 4659 eleemosynarum
1614 4592 1788 4644 studia

222 4674 624 4728 pauperuinque
650 4676 795 4726 rura,
817 4661 883 4712 ab
907 4661 1012 4714 alio
1039 4661 1139 4713 alia
1169 4668 1416 4729 quaelibet
1445 4664 1634 4715 virtus.
1661 4666 1790 4726 Quae

221 4730 348 4781 dum
379 4733 456 4782 sic
483 4735 718 4784 collecta:
751 4733 802 4784 in
834 4736 985 4784 unius
1017 4731 1196 4783 homui
1222 4745 1247 4783 s
1275 4741 1504 4784 mentem
1550 4734 1788 4795 veniunt,

219 4801 373 4866 quasi
403 4800 452 4851 in
482 4815 639 4853 unu.n
672 4802 958 4854 alveariuin
990 4815 1056 4852 ex
1094 4804 1252 4854 variis
1289 4801 1504 4855 floribus
1535 4812 1789 4869 excerpta

222 4871 384 4922 mella
415 4879 792 4938 congeruntur.
817 4872 929 4923 Non
961 4872 1133 4923 solum
1165 4885 1339 4923 autent
1366 4886 1434 4924 ex
1461 4872 1784 4934 hominibus,

221 4943 318 4992 sed
347 4940 508 4993 etiam
538 4956 604 4994 ex
643 4942 962 5008 quibuslibet
988 4945 1249 4994 creaturis
1277 4957 1406 5008 quas
1435 4943 1674 5009 quotidie
1705 4945 1787 4995 vel

221 5011 416 5081 videtis
465 5012 550 5065 vel
578 5012 795 5075 auditis,
822 5024 875 5064 et
924 5015 990 5065 de
1039 5013 1198 5064 rebus
1235 5026 1369 5081 quas
1417 5012 1594 5080 aliquo
1628 5014 1788 5065 modo

217 5079 453 5144 sentitis,
481 5083 636 5134 mella
661 5083 911 5135 virtutum
935 5081 1182 5149 colligere
1205 5079 1430 5135 debetis.
1454 5083 1586 5134 Nam
1605 5084 1788 5147 fidem,

219 5165 338 5216 quae
368 5151 768 5205 fundamentum
793 5163 876 5205 est
897 5155 1144 5205 virtutum
1175 5155 1432 5217 omnium,
1451 5155 1620 5219 primo
1647 5154 1793 5206 cuili-

217 5237 346 5288 gere
373 5230 426 5275 et
445 5236 641 5288 ponere
663 5225 865 5276 debetis
887 5224 937 5274 iii
957 5223 1244 5274 alvearium
1262 5224 1434 5274 cordis
1466 5223 1623 5275 vestri
1643 5239 1654 5272 :
1675 5237 1792 5276 cre-

219 5300 410 5345 dentes
438 5294 642 5346 scilicet
663 5294 824 5345 Deum
857 5292 1277 5358 omnipotentem
1301 5295 1491 5360 ubique
1511 5306 1630 5345 esse
1662 5308 1792 5360 pra:-

218 5377 451 5426 sentem,
482 5373 537 5417 et
563 5378 800 5416 omnium
825 5378 941 5430 qua:
982 5378 1010 5415 a
1054 5362 1208 5414 nobis
1237 5375 1491 5431 geruntur
1514 5365 1592 5414 vel
1629 5375 1787 5414 etiam

214 5437 516 5500 cogitantur
540 5433 1083 5503 inspectorunJlauc
1105 5441 1282 5503 autem
1314 5434 1472 5484 fidem
1507 5433 1606 5484 hoc
1631 5438 1790 5484 modo

218 5507 471 5572 cottigere
498 5500 704 5559 debetis
742 5521 755 5555 :
786 5505 1042 5556 attendite
1071 5502 1232 5571 igitur
1253 5500 1307 5554 in
1336 5504 1526 5566 solem,
1555 5504 1642 5568 qtii
1669 5518 1789 5555 cum

216 5577 527 5629 universum
578 5575 833 5628 mundum
878 5575 1162 5642 spleiidoie
1213 5588 1309 5626 suo
1355 5577 1692 5624 circomdans
1725 5575 1791 5624 ιι-

215 5651 428 5714 lustret,
462 5658 636 5699 tamen
671 5645 793 5713 quia
835 5654 1080 5698 creatura
1107 5651 1210 5706 est,
1249 5653 1302 5695 et
1343 5645 1519 5714 omnis
1548 5655 1790 5714 creatura

214 5718 374 5772 nimis
422 5716 650 5772 inferior
680 5725 766 5769 est
815 5717 1087 5778 Ct'eatore,
1121 5713 1313 5767 exinde
1364 5713 1609 5766 instructi
1641 5714 1793 5766 facile

214 5787 441 5862 potestis
468 5793 690 5846 credere
719 5786 887 5841 solem
918 5789 1069 5856 longe
1103 5785 1276 5839 ntinus
1322 5783 1605 5854 Splendere
1633 5800 1789 5852 quam

1899 536 2046 599 dere,
2077 540 2328 596 quantum
2364 530 2686 598 permittitur
2735 530 3014 585 obstaculo
3042 541 3195 585 terra:
3227 533 3308 586 vel
3352 534 3453 587 ali-

1897 601 2045 670 cujus
2087 602 2198 658 rei:
2251 599 2969 670 Creatorisvero‘splendor
3024 611 3106 655 est
3156 601 3458 670 incompre-

1899 668 2189 736 hensibilis,
2232 680 2285 723 et
2337 669 2619 723 invisibilis
2649 668 2782 739 pejus
2827 670 3082 734 intuitus,
3129 686 3234 739 quo
3276 668 3455 726 omnia

1902 742 2186 808 prmterita,
2217 740 2499 807 praesentia
2537 748 2589 792 et
2637 737 2806 792 futura
2832 739 2985 792 simul
3036 737 3186 807 quasi
3219 756 3322 795 uno
3352 741 3456 795 ictu

1897 809 2036 863 oculi
2066 808 2466 878 comprehendit
2501 824 2514 862 :
2546 823 2651 879 quo
2681 808 3086 879 etiautrespicit
3125 826 3286 879 super
3315 812 3456 865 filios

1901 877 2274 950 hominum,ut
2319 879 2495 950 videat
2522 877 2566 930 si
2589 889 2672 950 est
2719 877 3019 950 intelligens
3059 890 3148 950 aut
3183 877 3458 950 requirens

1900 950 2084 1003 Deum.
2131 949 2248 1014 Qui
2279 948 2484 1001 scilicet
2540 949 2789 1015 splendor
2841 948 3076 1002 nonnisi
3122 957 3233 1004 toto
3260 948 3454 1004 cordis

1899 1019 2085 1071 affectu
2113 1019 2253 1070 credi
2283 1017 2367 1070 vel
2414 1021 2626 1084 agnosci
2673 1019 2831 1081 valet,
2880 1018 3097 1086 ejusque
3138 1019 3268 1073 lucis
3309 1029 3454 1073 tattto

1897 1091 2119 1157 quisque
2146 1101 2314 1156 capax
2342 1088 2460 1150 erit,
2491 1098 2688 1157 quanto
2730 1088 2780 1140 in
2815 1087 2917 1140 fide
2943 1098 2998 1141 et
3037 1088 3316 1144 dilectione
3363 1093 3453 1144 Dei

1898 1156 2217 1227 profecerit,
2253 1157 2548 1227 ipsiusque
2579 1156 2797 1224 justiti:e
2841 1160 3042 1211 esuries
3089 1173 3152 1212 ac
3180 1160 3294 1212 sitis
3332 1175 3452 1214 euni

1900 1225 2220 1280 accenderit.
2252 1225 2402 1280 Unde
2442 1227 2511 1280 de
2540 1225 2622 1279 his
2670 1227 2834 1279 tribus
2865 1229 2914 1279 in
2948 1227 3240 1296 Evangelio
3271 1229 3449 1283 Domi-

1899 1312 2000 1351 nus
2029 1298 2153 1348 dicit
2177 1312 2192 1359 ;
2224 1296 2291 1349 de
2320 1295 2659 1366 fideiquidi'm
2694 1313 2707 1348 :
2736 1295 2936 1361 Omnia,
2975 1295 3162 1364 inquit.
3191 1299 3452 1366 possibilia

1899 1377 2014 1419 sunt
2045 1367 2300 1437 credenti;
2328 1365 2394 1418 de
2420 1365 2702 1419 dilectione
2730 1379 2904 1418 autem
2934 1383 2946 1419 :
3002 1367 3104 1432 Qui
3155 1365 3320 1437 diligit
3352 1386 3451 1434 me,

1900 1437 2138 1504 diligetur
2165 1452 2194 1486 a
2228 1435 2381 1488 Patre
2402 1449 2531 1497 meo,
2557 1446 2602 1487 et
2628 1451 2717 1505 ego
2763 1437 2975 1504 diligam
3028 1452 3160 1503 eum,
3190 1435 3262 1489 ρι’
3285 1442 3452 1492 mani-

1902 1507 2092 1578 festabo
2109 1507 2154 1558 ei
2176 1521 2253 1557 me
2274 1507 2471 1572 ipsum;
2493 1505 2760 1578 deesurie
2787 1521 2914 1578 vero
2933 1515 2989 1560 et
3017 1506 3102 1559 siti
3131 1524 3142 1558 :
3175 1505 3321 1560 Beati
3365 1512 3452 1578 qui

1900 1576 2128 1628 esuriant
2159 1585 2204 1627 et
2230 1577 2405 1628 sitiunt
2438 1575 2714 1642 justitiam,
2761 1575 2996 1642 quoniam
3026 1578 3123 1644 ipsi
3151 1575 3454 1631 saturabun-

1903 1654 2007 1699 tur.
2036 1645 2168 1699 lluie
2195 1647 2351 1699 etiam
2385 1645 2559 1714 simile
2587 1644 2707 1712 quid
2737 1644 3056 1714 quotidianis
3070 1649 3453 1714 experimentis

1903 1717 2155 1782 colligere
2179 1717 2422 1784 potesus.
2468 1713 2595 1780 Quis
2623 1713 2767 1767 enim
2797 1715 3024 1780 agricola
3074 1713 3449 1784 agriculturam

1903 1795 2184 1850 exerceat,
2227 1786 2325 1838 nisi
2361 1785 2691 1850 aliquatenus
2741 1785 3129 1852 profectuosum
3183 1787 3283 1840 sibi
3341 1788 3454 1842 fore

1898 1865 2077 1922 Speret
2103 1865 2156 1909 et
2176 1855 2394 1926 credat?
2422 1854 3040 1926 Autquomodo‘aliquod
3086 1858 3317 1926 studium
3361 1873 3453 1926 po-

1897 1927 2279 1990 testexerceri,
2299 1925 2399 1977 nisi
2419 1925 2640 1992 coeperit
2663 1924 2862 1977 amari?
2891 1925 3128 1993 Autquis
3153 1927 3267 1980 sine
3296 1924 3453 1981 taedio

1894 1993 2064 2060 ipsum
2087 1995 2279 2048 victum
2320 1993 2646 2062 corporalem
2697 1995 2899 2047 cunctis
2927 1995 3221 2050 vivenibus
3269 2012 3453 2053 neces-

1894 2065 2092 2117 sarium
2127 2065 2396 2132 percipere
2427 2064 2580 2128 valet,
2615 2063 2716 2116 nisi
2746 2064 2919 2132 aliqua
2965 2066 3142 2120 esurie
3168 2082 3230 2122 ac
3252 2068 3336 2121 siti
3380 2069 3447 2122 ad

1898 2133 1998 2187 hoc
2023 2133 2438 2188 iiic‘itetnr?-Sed
2493 2147 2591 2187 nec
2643 2133 2756 2200 ipse
2784 2148 3019 2199 somnus,
3056 2135 3157 2189 nisi
3202 2151 3321 2189 cum
3353 2137 3448 2192 de-

1897 2203 2220 2256 lectamento
2236 2204 2408 2268 aliquo
2429 2201 2732 2270 percipitur.
2750 2202 2878 2256 Cum
2901 2220 3028 2272 ergo
3051 2206 3163 2258 hinc
3177 2209 3354 2260 omnia
3377 2209 3446 2262 ita

1895 2276 2245 2338 corporaliter
2276 2288 2394 2327 esse
2439 2273 2640 2336 sciatis,
2703 2273 2864 2340 petite
2910 2275 3096 2327 intima
3152 2275 3447 2332 intentione

1897 2343 2202 2404 Dominum,
2235 2351 2293 2395 ut
2318 2342 2466 2396 vobis
2487 2357 2548 2396 ea
2571 2343 2913 2409 spiritualiter
2941 2342 3132 2398 itnitari
3154 2347 3408 2399 concedat
3435 2366 3446 2397 :

1899 2415 2074 2480 primo
2103 2413 2313 2479 quidem
2347 2424 2400 2466 ut
2429 2412 2480 2465 iit
2507 2427 2627 2464 eum
2657 2421 2803 2466 recte
2845 2415 3102 2477 credatis;
3148 2416 3360 2482 deinde,
3393 2427 3450 2471 ut

1897 2497 2021 2536 eum
2052 2492 2158 2536 tota
2189 2485 2400 2547 virtute,
2427 2492 2533 2535 tota
2562 2491 2744 2537 mente
2772 2482 3031 2550 diligatis;
3075 2495 3358 2550 postremo,
3393 2498 3452 2541 ut

1891 2553 2084 2620 jugiter
2111 2554 2332 2606 teneatis
2359 2553 2590 2606 esuriem
2643 2555 2889 2622 sitimque
2915 2553 3058 2608 verbi
3111 2555 3296 2619 divini,
3327 2559 3444 2610 sine

1894 2637 1995 2690 qua
2025 2638 2182 2676 nemo
2213 2631 2386 2689 potest
2407 2623 2662 2688 justitiam
2697 2623 2856 2675 ttllam
2902 2637 3102 2678 amare.
3141 2626 3236 2690 Qui
3265 2637 3440 2680 autem

1894 2708 1999 2746 non
2050 2703 2191 2746 amat
2215 2691 2498 2762 justitiam,
2530 2694 2720 2746 anima:
2767 2692 2905 2746 illius
2934 2693 3078 2746 salus
3106 2693 3440 2761 desperatur,

1895 2764 2033 2817 sicut
2075 2767 2234 2816 etiam
2289 2762 2528 2829 corporis
2575 2762 2688 2830 ejus
2735 2763 2879 2815 salus
2929 2763 3016 2830 qui
3068 2763 3168 2816 cibi
3213 2768 3438 2818 carnalis

1896 2833 2167 2888 fastidium.
2193 2831 2560 2901 patitiir.Nam
2589 2833 2654 2886 de
2671 2842 2915 2900 utroque,
2953 2832 3174 2900 spiritali
3199 2835 3445 2889 videlicet

1895 2916 1946 2956 et
1975 2903 2238 2970 corporali
2282 2905 2421 2966 cibo,
2466 2901 2872 2974 Dominusdicit
2904 2919 2916 2954 :
2951 2903 3069 2956 Non
3100 2905 3149 2956 in
3176 2905 3285 2957 solo
3317 2922 3449 2974 parte

1894 2974 2018 3026 vivet
2048 2976 2218 3037 homo,
2249 2975 2335 3026 sed
2360 2974 2415 3026 in
2464 2975 2600 3025 omni
2638 2973 2784 3025 verba
2827 2974 2961 3039 quod
3001 2975 3223 3039 procedit
3266 2973 3327 3026 de
3365 2992 3452 3029 ore

1898 3043 2011 3097 Dei.
2027 3044 2080 3098 Si
2101 3043 2258 3110 igitur
2285 3043 2550 3097 imitantes
2573 3043 2798 3113 esuriem
2828 3043 3073 3112 sitimque
3090 3045 3445 3113 corporalem,

1898 3115 2223 3181 spirituatem
2271 3126 2479 3182 quoque
2532 3112 2886 3177 obtinueritis,
2930 3112 3196 3181 nunquam
3245 3129 3274 3167 a
3305 3115 3441 3169 bona

1901 3184 2171 3237 Voluntate
2202 3184 2475 3247 vacabitis,
2505 3183 2816 3251 coligentes
2843 3183 3007 3236 instar
3033 3198 3188 3249 apum
3215 3185 3447 3251 undique

1895 3253 2118 3322 alicujus
2160 3255 2364 3307 virtutis
2395 3265 2445 3308 et
2476 3254 2745 3323 sapien.i:e
2796 3256 2897 3307 mel
2925 3271 2936 3304 τ
2968 3253 3106 3308 sicut
3143 3262 3196 3308 et
3243 3255 3309 3308 de
3341 3258 3442 3308 im-

1895 3339 2077 3380 menso
2106 3326 2234 3378 solis
2265 3323 2570 3393 splendore,
2601 3324 2668 3378 de
2712 3339 2815 3387 quo
2844 3324 3054 3378 interim
3085 3324 3436 3392 diSpusainu=,

1893 3395 2084 3450 divinte
2118 3395 2410 3463 pt'msentize
2458 3395 2867 3449 itnmensitatem
2921 3395 3267 3463 colligendam
3323 3410 3445 3451 esse

1893 3465 2142 3522 diximus.

1976 3537 2117 3605 Ergo
2172 3535 2588 3605 quotiescunque
2629 3535 2873 3589 eumdem
2927 3535 3056 3589 solis
3108 3534 3445 3602 splendorem

1895 3615 2000 3660 tam
2033 3608 2345 3660 immensum
2379 3607 2734 3674 inspexeritis,
2762 3621 2882 3659 mox
2915 3608 3315 3659 reminiscentes
3359 3609 3445 3660 di-

1895 3678 2032 3730 vinae
2063 3679 2357 3746 prtesentite
2385 3686 2439 3732 et
2465 3678 2720 3740 scientia»,
2755 3685 2864 3728 toto
2913 3677 3106 3730 mentis
3134 3675 3324 3730 affectu
3372 3681 3451 3731 in-

1895 3757 2078 3800 vocate
2126 3747 2424 3810 Dominum,
2460 3757 2514 3800 ut
2542 3747 2753 3815 aliquod
2800 3748 2973 3799 lumen
3029 3747 3302 3814 sapientia:
3332 3763 3444 3802 sua:

1893 3819 2142 3872 cordibus
2162 3818 2349 3871 vestris
2378 3817 2656 3870 infundere
2689 3816 2952 3885 dignetur.
2981 3815 3069 3870 llis
3102 3817 3260 3884 igitur
3287 3817 3443 3871 dictis

1892 3889 1958 3941 de
1985 3889 2115 3948 sole.
2150 3888 2238 3956 qui
2288 3888 2414 3942 licet
2458 3903 2592 3941 unus
2632 3887 2726 3940 flos
2769 3888 3024 3948 videatur,
3061 3887 3324 3938 variarum
3357 3896 3442 3940 ta-

1895 3974 2014 4011 men
2067 3955 2316 4012 virtututn
2375 3957 2529 4011 tnella
2577 3959 2696 4009 inde
2721 3957 3018 4023 colligenda
3051 3971 3170 4009 esse
3210 3955 3317 4022 jam
3349 3972 3446 4009 au-

1893 4029 2044 4081 distis
2081 4046 2091 4079 :
2139 4033 2314 4081 audite
2356 4028 2514 4079 etiam
2562 4027 2789 4094 qualiter
2832 4025 3043 4078 aliunde
3075 4027 3260 4079 eadem
3293 4028 3445 4080 mella

1892 4098 2152 4152 deilorare
2181 4100 2436 4150 debeatis.
2470 4097 2652 4161 Neque
2695 4096 2832 4148 enim
2867 4111 3090 4165 unquam
3137 4100 3169 4148 d
3206 4107 3328 4149 sunt
3360 4099 3448 4150 illa

1895 4176 2081 4234 prata,
2137 4167 2208 4220 illi
2257 4169 2436 4230 llores,
2485 4170 2623 4219 unde
2673 4167 2873 4232 possint
2927 4166 3102 4233 colligi
3146 4165 3448 4234 hujusmodi

1893 4239 2072 4300 mella,
2100 4239 2144 4290 si
2175 4238 2539 4290 tantummodo
2588 4246 2696 4289 suit
2738 4237 2825 4305 qui
2876 4235 3144 4304 coLligant.
3175 4238 3448 4291 Attendite

1891 4322 2019 4376 ergo
2073 4323 2210 4361 nunc
2269 4307 2588 4375 generaliter
2637 4307 2686 4359 iti
2736 4308 2898 4360 tonus
2948 4306 3126 4359 mundi
3172 4317 3445 4371 ornatum,

1891 4379 2157 4446 quomodo
2178 4380 2353 4430 omnia
2379 4376 2605 4430 invicem
2633 4377 2955 4430 coiivetiiant
2983 4385 3036 4430 et
3066 4386 3447 4444 temperentur,

1893 4448 2296 4502 calida~sciticet
2322 4447 2544 4514 frigidis,
2577 4447 2763 4514 frigida
2787 4446 3001 4509 calidis;
3037 4455 3273 4513 tempora
3303 4447 3451 4500 diur-

1825 4518 1871 4577 D
1899 4533 1964 4570 na
1995 4521 2288 4585 nocturnis,
2320 4518 2498 4570 aastiva
2531 4518 2862 4569 hiemalibus.
2900 4515 3098 4569 Dehinc
3147 4518 3450 4584 Specialiter

1898 4605 1949 4641 iii
2000 4589 2203 4658 singula
2257 4603 2495 4657 quaeque,
2557 4602 2606 4639 tu
2653 4594 2907 4658 ornatum
2953 4587 3194 4640 videlicet
3232 4590 3352 4658 εωιι
3399 4598 3454 4642 et

1892 4673 2048 4712 terra:
2081 4657 2240 4712 zoteli
2291 4659 2503 4728 quidem
2537 4658 2847 4728 per_solem,
2897 4657 3073 4708 lunam
3127 4667 3181 4711 et
3231 4657 3448 4723 stellas;

1894 4738 2049 4782 teri-te
2079 4743 2202 4783 vero
2259 4726 2350 4795 per
2403 4729 2578 4782 varios
2635 4726 2790 4780 flores
2843 4741 3102 4790 amoenos,
3158 4735 3214 4781 et
3259 4729 3452 4782 herhas

1892 4809 2050 4866 atque
2081 4802 2304 4853 arbores
2333 4809 2389 4852 ct
2412 4799 2639 4861 fruetus,
2671 4798 2808 4850 unde
2837 4795 3122 4853 humanum
3155 4812 3320 4865 genus
3350 4800 3448 4852 ali—

1893 4879 2069 4922 menta
2097 4872 2338 4938 suscipit,
2375 4866 2814 4938 pulchritudinem
2850 4881 3060 4938 quoque
3093 4868 3445 4934 pretiosorum

1895 4941 2168 5006 lapidum,
2218 4936 2387 4992 varias
2436 4937 2669 5005 picturas
2714 4947 2818 4989 tam
2859 4936 2910 4987 iu
2971 4939 3070 5004 pall
3096 4939 3142 4992 is
3185 4954 3342 5006 quam
3395 4938 3446 4990 iit

1891 5013 2099 5064 czeteris
2145 5009 2392 5077 pretiosis
2424 5010 2607 5075 patinis
2632 5006 3022 5061 delectabiliter
3072 5010 3329 5070 intextas,
3363 5022 3452 5060 va-

1895 5080 2108 5148 riosque
2138 5082 2345 5133 colores
2395 5080 2584 5146 quibus
2630 5077 2978 5130 conficiuntur
3004 5119 3018 5142 ,
3073 5079 3278 5131 dulcem
3321 5091 3451 5131 can-

1894 5147 2110 5203 tilenam
2141 5151 2463 5202 chordarum
2504 5157 2662 5216 atque
2691 5161 3046 5215 organorum;
3082 5150 3308 5201 nitorem
3337 5147 3454 5201 aori

1893 5232 1946 5274 et
1997 5221 2201 5289 argenti
2255 5220 2534 5286 exterique
2578 5220 2820 5289 metalli,
2874 5230 3113 5272 alumnos
3183 5217 3454 5289 discursus

1893 5286 2166 5359 aquarum,
2204 5291 2291 5358 qui
2323 5286 2609 5341 necessarii
2640 5297 2760 5340 sunt
2789 5300 2894 5359 tam
2923 5289 2988 5340 ad
3017 5301 3176 5340 naves
3193 5288 3451 5343 deferen-

1893 5357 1988 5414 das
2009 5376 2169 5427 quam
2209 5357 2274 5412 ad
2306 5363 2475 5411 molas
2500 5357 2898 5425 prteparandas;
2931 5360 3221 5427 myrrham,
3251 5372 3457 5412 aroma-

1898 5441 2005 5483 tum
2032 5431 2395 5498 l'ragratitiam,
2442 5437 2708 5495 postremo
2738 5431 2896 5482 etiam
2923 5429 3146 5498 decoros
3176 5428 3446 5482 hominum

1895 5496 2244 5569 quorumdam
2269 5500 2466 5552 vultus.
2507 5499 2746 5565 Cumque
2778 5503 2888 5549 haec
2921 5496 3108 5569 omnia
3162 5499 3297 5569 miro
3323 5514 3456 5568 quo-

1895 5565 2014 5624 dam
2063 5583 2116 5624 et
2161 5571 2411 5624 inetfabili
2457 5578 2646 5621 ornatu
2697 5565 2990 5634 composita
3046 5568 3282 5622 exterius
3335 5565 3457 5636 per-

1897 5645 2198 5709 Speitcrit’ts,
2229 5640 2484 5693 attendite
2525 5641 2685 5691 etiam
2730 5644 2982 5705 quantum
3027 5647 3273 5709 ornatum
3321 5639 3457 5694 inte-

1897 5707 2025 5774 rius,
2054 5713 2103 5764 id
2133 5721 2214 5764 est
2262 5710 2628 5778 spiritualiter,
2663 5709 2914 5778 habeant,
2945 5716 3000 5760 et
3051 5707 3176 5776 quid
3220 5723 3315 5762 nos
3361 5724 3458 5778 per

1901 5776 2332 5853 δῑειιιιίιιιειοιιθιιι
2364 5779 2702 5836 admoneant.
2736 5776 3049 5847 Significant
3098 5779 3236 5834 enim
3269 5776 3458 5849 pratici.
