4060 6368
706 305 843 361 Ηἓὸ

1160 302 1365 357 ΒΕῡιΕ
1409 300 1854 359 VENERABIIJS
1893 298 2042 359 OPP.
2086 294 2261 360 PARS
2300 301 2361 359 ll.
2401 300 2597 358 SECT.
2639 296 2703 359 ll.
2741 331 2811 344 -
2852 301 3057 359 DUBIA
3096 307 3179 361 ET
3216 292 3456 366 SPURIA.

3700 324 3799 381 llil

702 419 1073 501 pua_qua:d_am
1093 459 1109 483 ,
1142 418 1282 501 unde
1312 431 1406 501 vos
1435 432 1638 501 magna:
1666 418 1874 496 virtutis
1902 426 1955 471 et
1981 416 2257 501 sapientiae
2289 426 2336 481 Α
2366 414 2851 501 hostis'invisihilis
2882 416 3131 501 ferocitas
3173 422 3544 501 ethmalitiaper
3564 429 3717 501 aliquas
3734 438 3800 493 ne.

703 488 866 543 mella
892 490 1140 559 colligere
1186 489 1395 542 valetis.
1446 489 1685 557 Denique
1719 488 1897 559 omnis
1941 498 2260 559 ornatuset

704 558 1042 629 pulchritudo
1071 568 1351 629 creaturae,
1384 573 1499 625 qua:
1548 560 1616 629 in,
1653 558 1901 625 prmseuti
1948 558 2052 629 vita
2108 558 2261 611 nobis

705 626 1007 692 famulatur,
1041 630 1142 682 hoc
1182 642 1282 682 nos
1330 628 1561 691 instruit,
1608 628 1706 681 hoc
1762 642 1857 680 nos
1903 626 2172 689 admonet,
2206 636 2262 680 ut

704 700 1037 753 attendamus
1070 715 1081 750 :
1130 699 1249 766 quia
1278 696 1325 749 si
1375 698 1685 763 temporalia
1716 697 1848 766 bona
1881 706 1983 749 tam
2029 696 2262 749 delecta-

708 769 832 823 bilia
863 768 975 822 visu
1003 769 1083 823 vel
1111 765 1290 822 auditu
1318 768 1636 825 consistunt.
1668 765 1836 820 multo
1862 766 2259 820 delectabiliora

703 850 757 895 et
796 840 1095 902 pulchriora
1133 852 1254 892 esse
1285 846 1481 890 aeterna
1523 838 1830 904 probantur.
2256 866 2257 871 η

778 910 870 962 Est
899 921 951 962 et
977 909 1116 962 aliud
1157 908 1295 976 quod
1345 908 1396 961 in
1445 906 1810 974 temporalium
1842 908 2098 961 honorum
2149 908 2263 971 pul-

703 978 1004 1034 chritudine
1033 979 1288 1032 debemus
1308 976 1603 1031 attendere.
1634 976 1893 1041 Quoniam
1923 977 2062 1030 enim
2087 978 2261 1029 ntnuis

705 1050 864 1103 homo
888 1050 1188 1117 probandus
1214 1056 1295 1100 est
1324 1048 1373 1100 in
1407 1046 1504 1100 hac
1534 1048 1660 1110 vita,
1695 1059 1867 1099 utrum
1901 1046 2064 1101 Deum
2092 1047 2261 1113 magis

702 1116 1063 1187 diligat’quam
1092 1126 1384 1171 creaturam
1416 1116 1688 1177 decoram,
1722 1118 1801 1168 vel
1833 1126 2032 1187 teterna
2085 1120 2261 1181 potius

704 1186 863 1258 quam
914 1188 1225 1256 temporalia
1280 1190 1456 1258 bona,
1499 1188 1790 1258 opponitur
1835 1186 1882 1239 ei
1919 1186 2124 1258 jugiter
2167 1188 2262 1239 ali-

700 1255 803 1328 qua
837 1255 1043 1327 species
1078 1259 1269 1311 decora
1314 1255 1789 1328 etudeiectabilis.
1825 1257 1927 1328 vel
1982 1256 2258 1309 mulierum

703 1326 786 1382 vel
832 1326 1077 1391 vestium,
1111 1328 1191 1381 vel
1239 1326 1599 1390 metallorum,
1645 1340 1737 1379 seu
1788 1326 2007 1379 aliarum
2060 1339 2261 1392 rerum,

705 1409 763 1453 ut
792 1400 843 1452 in
874 1398 950 1453 eis
1007 1406 1235 1451 tentatus
1279 1397 1698 1461 experimentum
1748 1396 1829 1449 sui
1878 1397 2087 1463 capiat,
2140 1411 2263 1462 qua-

703 1471 825 1523 liter
854 1469 1057 1523 scilicct
1105 1467 1266 1520 Deum
1312 1468 1494 1521 timeat
1540 1477 1593 1520 et
1646 1465 1845 1533 diligat.
1869 1463 2036 1519 Nemo
2066 1466 2261 1533 quippe

666 1560 669 1563 ι
703 1549 883 1593 certus
903 1554 1023 1593 esse
1051 1539 1190 1591 valet
1217 1536 1333 1603 quis
1369 1537 1458 1600 sit,
1508 1536 1607 1590 nisi
1658 1536 1708 1589 in
1741 1535 2039 1601 hujusmodi
2092 1545 2262 1589 tenta-

702 1611 845 1662 tione
862 1611 1110 1676 probatus
1127 1609 1295 1660 luerit.
1313 1604 1472 1674 Cujus
1487 1606 1734 1659 nimirum
1754 1607 1825 1659 rei
1843 1605 2149 1672 exetnpluin
2177 1620 2264 1657 no-

702 1679 963 1732 tissimum
982 1679 1030 1731 in
1056 1691 1373 1744 unoquoque
1403 1676 1568 1729 milite
1594 1676 1815 1743 potestis
1842 1689 2151 1743 agnoscere.
2168 1676 2263 1727 Mi-

703 1750 811 1802 litis
840 1763 1068 1816 namque
1088 1747 1372 1815 cujuslibet
1402 1747 1585 1812 peritia
1616 1755 1671 1799 et
1700 1746 1949 1816 fortitudo
1972 1761 2076 1798 non
2099 1759 2263 1816 agno-

702 1820 870 1872 scitur
902 1819 1001 1872 nisi
1033 1819 1082 1870 in
1112 1818 1268 1870 bello.
1297 1816 1354 1869 Si
1384 1817 1525 1869 enim
1556 1816 1625 1869 ibi
1671 1815 1851 1869 omnia
1881 1826 2035 1869 caute
2072 1815 2261 1883 egerit,

702 1888 937 1957 seipsum
989 1888 1277 1957 muniens,
1311 1886 1644 1957 adversarios
1700 1900 1831 1957 vero
1871 1886 2104 1957 caedetis,
2139 1896 2265 1939 tunc

702 1954 914 2012 demum
944 1959 1133 2011 merito
1164 1956 1427 2021 laudatur,
1461 1956 1715 2023 fortisque
1744 1954 1897 2009 miles
1924 1954 2260 2021 praedicatur.

703 2029 904 2082 Bellum
937 2042 1147 2096 quoque
1177 2040 1281 2080 non
1310 2026 1596 2096 incongrue
1624 2036 1846 2096 vocatur
1876 2027 1965 2096 ille
1984 2026 2265 2080 conﬂictus

702 2113 859 2167 quem
886 2095 1083 2167 jugiter
1111 2112 1268 2163 agere
1298 2095 1555 2167 debemus
1580 2106 1766 2150 contra
1798 2095 2088 2163 diabolum,
2118 2098 2264 2149 salu-

700 2165 765 2221 tis
794 2165 988 2222 nostra:
1011 2168 1268 2223 imidum.
1296 2165 1413 2229 ipse
1435 2167 1574 2220 enim
1601 2181 1705 2219 non
1730 2176 1909 2220 cessat
1940 2179 2037 2218 nos
2061 2168 2127 2219 ad
2163 2167 2264 2219 hoc

700 2239 901 2293 illicere
937 2238 1210 2301 tentando,
1252 2244 1309 2290 ut
1331 2236 1644 2303 temporalia
1676 2235 1841 2303 magis
1862 2251 2019 2305 quam
2064 2248 2264 2291 aeterna

697 2309 832 2362 bona
864 2306 1165 2376 diligamus,
1212 2316 1267 2359 et
1299 2314 1355 2359 ut
1380 2321 1527 2373 spem
1560 2316 1793 2359 nostram
1825 2306 1875 2358 in
1920 2306 2134 2360 caducis
2179 2322 2267 2360 so-

700 2381 969 2431 IlllltmOdO
998 2380 1153 2431 rebus
1195 2390 1491 2442 ponamus:
1532 2376 1625 2430 sed
1682 2390 1778 2428 nos
1809 2390 2073 2429 memores
2100 2386 2262 2431 aeter-

699 2463 779 2500 me
810 2449 959 2509 vitm,
989 2448 1053 2500 ad
1080 2461 1235 2515 quam
1284 2446 1503 2509 conditi,
1556 2446 1811 2514 redempti
1843 2453 1898 2499 et
1926 2445 2129 2500 invitati
2177 2462 2268 2499 su-

705 2533 843 2581 mus,
876 2518 1132 2571 debemus
1162 2516 1409 2570 resistere
1439 2516 1704 2571 illecebris
1746 2524 1799 2569 et
1822 2517 2265 2583 concupiscentiis

694 2603 827 2656 quas
870 2590 919 2641 in
949 2588 1107 2641 corda
1140 2596 1316 2640 nostra
1348 2587 1547 2652 mittit,
1589 2586 1921 2639 attendentes
1966 2589 2106 2655 quod
2132 2588 2268 2641 scri-

696 2668 839 2726 ptum
858 2668 968 2711 est:
990 2656 1107 2711 Post
1136 2658 1565 2725 concupiscentia:
1589 2667 1702 2709 tuus
1720 2672 1819 2709 non
1842 2672 1947 2709 eas.
1983 2657 2045 2709 Et
2074 2658 2264 2712 iterum

697 2730 797 2782 alia
824 2729 1097 2797 Scriptura
1130 2728 1346 2790 indicat,
1378 2737 1571 2797 quanta
1603 2741 1797 2780 corona
1832 2741 1927 2793 per
1959 2728 2266 2797 tentationis

696 2814 919 2867 pugnam
952 2796 1244 2866 proveniat
1269 2797 1488 2851 dicens:
1513 2796 1704 2851 Beatus
1724 2799 1801 2849 vir
1824 2798 1910 2863 qui
1953 2796 2132 2862 stt/fert
2162 2808 2267 2851 teno

695 2871 959 2936 tationem,
997 2869 1237 2938 quoniam
1262 2882 1375 2920 cum
1404 2873 1643 2938 probatus
1670 2867 1845 2934 fuerit,
1873 2869 2085 2938 accipiet
2114 2885 2263 2921 coro-

694 2956 811 2992 nam
838 2942 971 2993 vitae.
1004 2937 1058 2993 Si
1110 2938 1271 3007 igitur
1319 2937 1433 2991 hmc
1479 2937 1586 2991 duo
1634 2952 1750 3005 quae
1776 2939 1887 3005 jam
1939 2937 2170 2991 diximus
2198 2939 2266 2994 de

693 3008 1083 3077 pulchritudine
1130 3007 1498 3077 temporalium
1531 3007 1925 3073 visibiliumque
1957 3022 2135 3061 rerum
2182 3010 2264 3062 in-

696 3081 993 3149 telligenda,
1028 3079 1253 3147 qualiter
1268 3078 1487 3149 scilicet
1531 3092 1626 3145 per
1651 3092 1771 3149 eam
1798 3078 2143 3149 considerare
2170 3080 2264 3135 de-

695 3147 910 3204 beamus
931 3161 1248 3203 mternorum
1266 3147 1526 3202 bonorum
1543 3147 1850 3217 qualitatem
1864 3148 2141 3217 ,quodque
2172 3164 2267 3216 per

692 3220 933 3273 eamdem
968 3218 1204 3272 tentandi
1260 3218 1446 3283 simus,
1498 3231 1673 3271 utrum
1732 3219 1896 3272 Deum
1947 3219 2062 3286 plus
2103 3235 2261 3287 quam

692 3290 937 3358 speciosa
960 3304 1182 3358 quaeque
1204 3290 1437 3343 carnalia
1461 3288 1767 3358 diligamus:
1792 3289 1860 3356 si,
1889 3290 2120 3358 inquam,
2154 3288 2271 3345 inec

701 3370 917 3430 utraqua
943 3361 1130 3414 sedulo
1174 3360 1405 3430 recolitis
1431 3371 1483 3414 et
1511 3360 1768 3424 tractatis,
1816 3374 2061 3426 magnam
2094 3362 2268 3415 varia-

692 3445 811 3484 rum
841 3429 1105 3485 virtutum
1136 3429 1470 3483 dulcedinem
1500 3431 1645 3483 omni
1676 3431 1939 3499 corporali
1963 3430 2122 3486 melle
2145 3444 2268 3485 sua-

699 3500 898 3554 viorem
928 3501 1177 3569 colligere
1200 3500 1457 3567 poteritis.

762 3571 841 3623 Ad
872 3571 984 3623 haec
1012 3568 1169 3622 etiam
1192 3568 1487 3633 sciendum,
1516 3578 1570 3623 et
1604 3585 1698 3636 pro
1728 3569 1991 3637 spirituali
2021 3569 2182 3626 melle
2212 3572 2265 3627 in

695 3641 906 3693 vascula
930 3639 1168 3693 cordiutn
1199 3652 1495 3710 vestrorum
1525 3640 1943 3705 recondendum,
1970 3644 2093 3710 quia
2123 3657 2269 3710 qua:-

696 3720 905 3777 cunque
939 3712 989 3762 in
1019 3708 1278 3763 creaturis
1326 3709 1639 3774 adversitas,
1674 3712 1755 3764 vel
1790 3712 1842 3764 in
1884 3708 1999 3779 ipsa
2038 3708 2266 3767 humana

698 3791 883 3833 natura
917 3780 1143 3833 habetur
1168 3778 1360 3844 vilitas,
1392 3794 1456 3832 ex
1482 3779 1756 3833 hominum
1796 3778 2089 3848 primorum
2136 3798 2267 3848 prauo

696 3850 1026 3904 varicatione
1067 3849 1280 3903 accidit.
1328 3850 1613 3917 Postquam
1662 3851 1803 3905 enim
1834 3850 1907 3904 illi
1942 3862 2266 3919 prazceptum

696 3921 936 3974 divinum
970 3929 1427 3986 contempserunt,
1454 3934 1577 3973 mox
1607 3928 1661 3974 et
1705 3922 1756 3973 in
1796 3923 2097 3987 semetipsis
2123 3932 2176 3975 et
2213 3925 2265 3977 in

696 3993 840 4043 omni
885 3997 1130 4044 creatura
1161 3989 1376 4043 sibimet
1396 3994 1662 4043 contraria
1690 3990 1885 4045 habere
1916 4002 2261 4046 meruerunt:

696 4062 747 4113 in
772 4062 1077 4127 semetipsis
1104 4061 1336 4128 quidem,
1378 4060 1502 4127 quia
1544 4062 1630 4113 illa
1672 4059 2048 4115 honestissima
2099 4064 2266 4117 beatae

698 4130 1111 4184 immortalitatis
1136 4130 1329 4197 gloria,
1364 4131 1413 4182 in
1453 4144 1552 4198 qua
1580 4140 1635 4185 ct
1681 4131 1777 4200 ipsi
1806 4132 2004 4186 conditi
2038 4141 2182 4196 sunt,
2213 4143 2287 4191 et,

691 4216 851 4269 quam
880 4216 1065 4256 omnes
1093 4199 1246 4254 electi
1273 4200 1589 4268 quandoque
1619 4199 1885 4270 reCepturi
1925 4210 2069 4265 sunt,
2097 4204 2261 4267 exuti,

693 4272 967 4325 inhonesta
1010 4274 1251 4337 quaedam
1302 4271 1614 4324 verecundae
1659 4274 1838 4326 carnis
1880 4272 2071 4326 indicia
2114 4273 2165 4325 in
2206 4288 2265 4327 se

691 4352 997 4407 senserunt,
1047 4340 1185 4393 unde
1230 4349 1283 4393 et
1329 4341 1498 4394 nudos
1527 4354 1586 4394 se
1628 4356 1748 4396 esse
1796 4345 2158 4407 erubucrunt;
2210 4343 2263 4397 in

686 4413 947 4465 creaturis
992 4426 1124 4465 vero
1153 4420 1225 4462 tot
1255 4410 1475 4463 adversa
1521 4421 1649 4479 quot
1678 4412 1807 4481 ipsa:
1830 4422 1952 4465 sunt
1978 4422 2258 4467 creaturae.

2294 3116 2341 3183 ϐ

2374 483 2736 569 snas-feroces
2764 485 3159 569 demensum-ur
3175 488 3359 569 ?‘_Sicut
3384 483 3507 549 enim
3535 498 3601 553 leo
3629 483 3800 569 Isi—lupis

2370 554 2648 632 viaibiliter
2677 554 2993 610 insidiantur
3020 560 3314 632 animalium
3339 566 3571 632 gregibus,
3590 554 3651 621 ita
3669 554 3802 627 elidi;

2364 622 2516 699 holus
2541 639 2788 699 quaerens
2816 628 3237 699 quemudevoret
3264 640 3316 683 ut
3340 622 3399 684 ad
3423 622 3708 699 perdiliouem
3730 622 3804 696 iii.

2365 692 2488 775 hat,-
2506 692 2844 775 invisibiliter
2861 696 3144 775 insidiatur
3157 700 3348 775 cunctis
3387 692 3608 759 ﬁdelibus.
3635 692 3805 775 liti-quo-

2366 762 2537 842 modo
2556 777 2647 842 vos
2676 766 2761 831 qui
2795 764 2958 819 libros
3001 769 3239 833 nescitis,
3266 771 3407 824 aliter
3432 776 3642 831 malitiam
3664 762 3804 837 diaboli

2365 832 2643 913 invisibilis
2671 848 2963 913 agnoscere
3005 832 3247 913 possetis,
3272 842 3363 895 nisi
3392 842 3437 895 in
3466 845 3608 911 aliqua
3633 832 3803 905 creatura

2367 902 2594 987 visibili,‘
2612 902 2868 972 vobisque
2896 902 3108 987 cognita
3139 902 3481 987 doceremini?
3508 902 3626 987 Talia
3647 934 3741 987 ergo
3759 902 3802 974 de

2364 969 2763 1047 elementorum
2783 969 3099 1047 cuncto'rum
3130 981 3433 1035 adversitate
3456 969 3804 1047 credentesfseii:

2367 1043 2463 1123 tite
2506 1042 2573 1123 de
2614 1041 2838 1096 Domino
2885 1046 2903 1114 (
2935 1056 2990 1099 ut
3018 1049 3266 1114 scriptum
3294 1054 3409 1116 est)
3446 1055 3489 1105 in
3526 1041 3805 1123 bonitate,uui

2366 1111 2727 1192 tantuadvarsa
2754 1111 3208 1192 quam__prospera
3238 1111 3411 1192 cuncta
3434 1138 3514 1187 pro
3538 1111 3805 1192 alicujusuii-

2363 1179 2528 1255 litatis
2560 1180 2641 1235 vel
2674 1179 2878 1248 pietatis
2908 1179 3250 1253 dispositione
3275 1179 3505 1255 decernit,
3528 1194 3618 1247 lieri
3642 1179 3682 1246 iu
3701 1212 3803 1250 mun-

2363 1248 2826 1331 dosgtimcuaque
2867 1248 3199 1331 ver_o:_vilitas
3243 1261 3465 1314 humanm
3491 1248 3655 1315 natura:
3675 1279 3721 1319 ex

2365 1324 2603 1372 rentibus
2634 1324 2819 1387 primis
2860 1324 3070 1387 accidit,
3112 1328 3162 1380 in
3198 1337 3387 1381 tantum
3432 1331 3598 1383 bonum
3623 1324 3807 1387 versant

2363 1402 2393 1466 a
2429 1387 2559 1469 Deo,
2590 1401 2644 1442 ut
2674 1392 2847 1469 ιιιιιιιίε
2900 1396 3164 1462 superbia:
3212 1399 3432 1465 marbns,
3470 1401 3545 1469 qui
3590 1403 3806 1457 hominibus

2365 1462 2529 1541 instar
2558 1462 2809 1541 angaiica;
2840 1474 3041 1517 naturae
3073 1477 3251 1530 posset
3279 1462 3608 1541 oriri,'eihac
3638 1474 3807 1536 compti-

2366 1536 2619 1609 nieretur.
2674 1530 2909 1599 Denique
2943 1544 3092 1609 _opt_ls
3139 1551 3293 1609 omne
3342 1530 3607 1606 praecedens
3649 1530 3809 1594 insinuat

2366 1596 2547 1678 [actori
2595 1614 2693 1678 suo
2731 1596 3212 1678 quomodo'facere
3254 1596 3431 1662 debeat
3473 1613 3810 1678 sequens.a‘icct

2364 1665 2476 1721 Deo
2504 1665 2851 1747 omnipotenti
2882 1674 3136 1742 angeliue
3163 1676 3420 1746 dignitatis
3448 1665 3617 1731 factura
3641 1694 3689 1733 ex
3712 1695 3809 1747 pane

2370 1750 2462 1802 pcr
2484 1741 2782 1818 superbiam
2811 1741 2975 1818 lapsa,
3005 1753 3059 1818 et
3082 1760 3172 1811 per
3196 1741 3294 1800 hoc
3318 1749 3453 1817 quasi
3478 1750 3693 1815 quoddam
3713 1741 3811 1816 liguli

2370 1822 2461 1862 vas
2482 1813 2534 1861 in
2566 1820 2759 1881 terram
2783 1813 2979 1867 cadens
3006 1815 3191 1881 fracta,
3222 1813 3440 1872 ostendit
3463 1813 3552 1871 alio
3576 1813 3807 1871 modoaliud

2368 1892 2459 1955 vas
2482 1893 2602 1933 csse
2628 1879 2949 1955 tingendum,
2974 1900 3079 1937 non
3104 1879 3254 1953 quasi
3286 1888 3455 1955 ignaro
3477 1893 3608 1943 tanta:
3625 1887 3811 1950 fractura,

2366 1948 2461 2001 sed
2494 1957 2550 2001 ut
2579 1948 2730 2004 nobis
2764 1966 2883 2025 riora
2918 1948 3249 2024 tierent-quae
3274 1948 3403 2013 facta
3424 1972 3549 2011 sunt.
3575 1958 3667 2025 Ipse
3682 1948 3812 2023 quippe

2369 2032 2707 2099 praenoscens
2737 2023 2911 2074 omnia
2934 2023 3218 2099 antequam
3250 2027 3391 2090 liant,
3420 2023 3618 2081 insinuat
3642 2028 3751 2081 nobis
3770 2044 3811 2079 et

2370 2089 2790 2164 praecedentibus
2838 2089 3092 2158 qualiter'
3122 2094 3292 2149 futura
3345 2089 3545 2164 pensare
3590 2099 3811 2150 debeamus.

2366 2156 2515 2232 Quod
2542 2163 2683 2212 enim
2709 2160 2789 2214 vel
2818 2156 3035 2231 angelos
3064 2166 3315 2232 quosdam
3345 2156 3419 2220 vel
3451 2168 3654 2220 homines
3679 2170 3813 2231 primus

2366 2229 2559 2302 cadere
2587 2231 2848 2302 permisit,
2879 2229 2944 2285 ad
2971 2229 3230 2301 cautelam
3261 2238 3416 2292 nostri
3447 2237 3572 2302 fecit,
3595 2246 3641 2289 ut
3664 2229 3729 2301 per
3749 2238 3813 2288 huc

2368 2312 2466 2375 nos
2491 2299 2733 2375 instructi
2774 2301 2905 2356 nihil
2924 2302 2997 2375 de
3022 2299 3182 2359 nobis
3207 2299 3576 2375 praesumamus.
3600 2299 3711 2361 FeCit
3732 2318 3813 2371 ergo

2369 2367 2507 2445 Deus
2546 2370 2599 2422 in
2650 2372 2865 2445 homine
2920 2374 3108 2445 lapso,
3155 2367 3293 2430 sicut
3342 2377 3514 2445 aliquis
3561 2367 3815 2445 peritissimus

2366 2439 2822 2515 medicus__facere
2870 2439 3010 2497 solet
3053 2439 3104 2498 in
3134 2456 3354 2515 aegroto.
3396 2439 3448 2503 Si
3489 2439 3609 2499 enim
3633 2443 3814 2511 languoris

2368 2511 2487 2585 ejus
2516 2511 2821 2585 qualitatem
2847 2527 3140 2581 agnoscens
3168 2511 3452 2585 speraverit
3476 2532 3579 2571 eum
3616 2531 3730 2583 posse
3756 2527 3813 2585 sa-

2368 2581 2509 2659 nari,
2540 2579 2907 2659 suscipitequ
2936 2579 3251 2659 sanandum.
3278 2589 3417 2642 Tunc
3441 2587 3480 2642 si
3508 2579 3815 2659 inﬂrniitasexia

2368 2652 2465 2727 git,
2498 2652 2720 2727 impOnit
2750 2652 2823 2727 illi
2847 2653 3155 2722 emplastra,
3183 2659 3392 2712 materia
3420 2659 3616 2727 quadam
3641 2654 3815 2727 vilissima

2370 2720 2639 2773 interdum
2672 2720 3099 2788 conlecta,adeo
3129 2737 3188 2780 ut
3224 2728 3291 2782 de
3316 2720 3589 2782 animalium
3615 2725 3679 2780 vel
3701 2723 3816 2777 anum

2368 2800 2608 2868 stercore
2649 2791 2973 2847 misceantur
2996 2833 3012 2859 ,
3068 2796 3317 2852 carnibus
3361 2812 3549 2868 quoque
3587 2810 3731 2868 cauum
3765 2789 3815 2843 rei

2368 2860 2636 2937 vulturum
2662 2875 2755 2937 aeu
2785 2868 3111 2937 serpentium
3135 2860 3391 2937 agantur:
3408 2860 3651 2930 Praeterea,
3680 2863 3711 2917 si
3730 2874 3816 2937 optts

2369 2939 2474 2993 est,
2507 2932 2839 3012 adustionem
2870 2932 3303 3012 medicusaddit,
3343 2940 3470 3012 quod
3510 2938 3676 3012 scilicet
3698 2932 3816 3012 medi:

2368 3014 2579 3069 camen,
2630 3002 2871 3070 quamvis
2908 3006 2975 3057 ad
3004 3002 3297 3062 sanitatem
3331 3002 3509 3075 carnis,
3552 3006 3663 3059 sicut
3698 3002 3735 3054 hi
3760 3002 3817 3068 qui

2371 3081 2575 3139 experti
2602 3082 2725 3141 sunt
2771 3081 3049 3141 testantur,
3096 3079 3427 3133 utilissimum
3464 3079 3692 3139 sentiatur,
3715 3084 3817 3126 causa

2375 3151 2549 3219 tamen
2594 3140 2781 3219 fetoris
2817 3152 2872 3196 ct
2898 3140 3113 3202 vilitatis
3138 3164 3255 3219 sua:
3282 3149 3571 3218 ctintegitur.

2442 3213 2558 3277 Quo
2577 3212 2735 3266 etiam
2762 3228 2860 3268 nos
2888 3223 3113 3285 mystice
3134 3212 3459 3283 instruimur',
3481 3227 3532 3271 ut
3554 3228 3720 3272 omnem
3740 3212 3817 3263 vili-

2375 3289 2534 3355 tatem
2562 3298 2665 3351 qua
2711 3287 3025 3341 circumdati
3065 3304 3275 3355 sumus,
3308 3292 3529 3345 similiter
3553 3294 3816 3351 coutegnaus.

2370 3353 2497 3422 quia
2544 3369 2646 3408 non
2673 3356 2849 3409 omnia
2880 3358 3025 3411 utilia
3071 3353 3322 3415 constant
3367 3363 3584 3414 honesta.
3614 3356 3817 3417 Utrumque

2372 3424 2887 3499 iﬁllufmtidicwten
2929 3431 3237 3499 corporale,
3288 3429 3543 3499 emplastri
3575 3425 3760 3479 videlicet
3785 3428 3819 3471 ct

2368 3495 2683 3560 adustionis,
2730 3498 2970 3565 quamvis
3019 3495 3330 3556 vilissimum
3377 3495 3609 3562 videatur,
3649 3506 3815 3565 ιιιριηυιιι

2372 3572 2548 3639 tamen
2576 3565 2627 3617 in
2652 3580 2711 3619 se
2741 3564 2899 3639 habet
2921 3583 3297 3637 argumentum
3325 3564 3812 3639 spiritualismediciur.

2370 3635 2510 3688 unde
2538 3638 2834 3709 necessaria
2864 3635 3130 3695 imitandae
3161 3635 3467 3696 moralitatis
3491 3638 3624 3693 mella
3645 3636 3815 3709 colligata

2368 3708 2609 3782 potestis.
2660 3704 2801 3760 Nihil
2847 3710 3011 3774 enim,
3044 3722 3101 3765 ut
3149 3713 3229 3766 ait
3270 3714 3543 3781 Scriptura,
3572 3703 3751 3782 interii:
3779 3698 3813 3748 ﬁt

2368 3777 2486 3829 sine
2530 3791 2724 3836 causa;
2752 3786 2808 3831 et
2836 3794 2955 3844 quae
3001 3784 3293 3837 carnaliter
3334 3777 3559 3835 Videntur
3598 3777 3816 3844 vitiato“-

2368 3855 2513 3921 stant
2541 3862 2611 3921 ex
2633 3840 3021 3921 signiﬁcatione
3046 3857 3303 3921 pretiosa.
3322 3854 3445 3907 Nam
3472 3853 3510 3904 si
3537 3863 3614 3917 per
3630 3840 3814 3899 sordidum

2369 3918 2454 3992 vel
2486 3915 2707 3992 fetidum
2750 3915 3080 3992 medicamen
3111 3938 3338 3992 corpora
3374 3915 3617 3980 sanantur,
3644 3926 3715 3967 nec
3731 3921 3813 3992 qui:

2368 3985 2489 4039 litas
2537 3988 2944 4055 medicaminis,
2991 3992 3084 4045 sed
3142 3982 3347 4048 sanitas
3394 3993 3567 4047 exinde
3610 3982 3815 4055 procedens

2370 4068 2641 4132 pensatur,
2665 4072 2778 4132 _cur
2826 4062 3017 4114 mirum
3066 4064 3147 4117 vel
3195 4066 3528 4132 incongruum
3571 4060 3764 4111 videatur.
3788 4058 3816 4132 ξι

2370 4130 2509 4198 lleus
2534 4127 2872 4195 omnipotens
2903 4134 3161 4198 praescius
3202 4127 3433 4188 omnium
3471 4130 3817 4198 luturorum,nl§'

2368 4197 2519 4250 dicos
2552 4208 2607 4252 et
2650 4187 3150 4257 salvator-omnium
3181 4203 3234 4258 in
3273 4219 3331 4259 se
3369 4197 3675 4259 credentium,
3706 4187 3817 4259 siuule

2369 4266 2570 4335 aliquid
2617 4266 2671 4321 in
2715 4270 2929 4337 aegrotis
2967 4256 3253 4329 animabus
3278 4256 3451 4337 iecit,
3466 4283 3631 4327 sanans
3655 4276 3735 4337 e35.
3766 4256 3815 4305 \‘e'

2370 4334 2544 4404 ponus
2575 4334 2906 4411 praeveniens
2935 4357 3117 4397 earum
3152 4334 3454 4411 languorem
3473 4385 3487 4410 ,
3512 4353 3561 4395 ιιι
3582 4334 3815 4411 quidem“:

2372 4391 2590 4483 pientes.
2606 4391 2796 4462 medici
2819 4391 2832 4393 ν
2845 4391 3017 4479 agon—tv
3034 4391 3608 4483 'éJni'JiiiuJigioLiu'
3622 4391 3817 4483 antidoto?

693 4480 854 4554 Nulla
867 4482 1063 4554 quippe
1092 4472 1623 4554 inveniturcreatura
1654 4472 1772 4549 qum
1798 4486 2033 4554 peccanti
2059 4482 2261 4537 homini
2295 4477 2342 4538 D
2368 4472 2516 4543 Quod
2547 4491 2721 4554 tamen
2754 4472 3031 4554 llos‘decet
3054 4472 3361 4554 contegere,
3387 4472 3513 4537 sicut
3539 4490 3584 4554 cl
3610 4472 3726 4544 Primi
3758 4481 3815 4554 ρξ’

696 4565 788 4621 per
811 4552 983 4619 aliqua
1010 4561 1236 4619 nequeat
1259 4551 1520 4621 obsistere
1549 4554 1789 4605 adversa.
1820 4555 1923 4607 Sed
1952 4552 2066 4607 haec
2087 4556 2261 4606 omnia

693 4620 831 4673 Deus
879 4622 1217 4689 omnipotens
1266 4622 1316 4672 in
1367 4620 1596 4687 aliquam
1644 4623 1925 4677 utilitatem
1979 4626 2257 4677 convertit.

688 4695 792 4762 Aut
813 4692 952 4762 enim
986 4694 1205 4759 castigat
1249 4705 1342 4757 per
1382 4690 1495 4762 hate
1528 4692 1801 4756 homines,
1836 4702 1950 4746 uta
1994 4692 2265 4762 pravitati-

690 4760 789 4813 hus
824 4759 935 4813 suis
957 4770 1370 4831 convertantur,
1402 4760 1539 4813 sicut
1590 4776 1733 4828 saepe
1785 4766 1957 4831 agitur
1994 4759 2097 4831 'per
2125 4763 2263 4816 aeris

688 4830 1081 4899 intemperiem,
1123 4846 1215 4897 per
1262 4831 1613 4899 pestilentiam
1645 4841 1699 4886 et
1745 4830 1962 4896 famem,
2009 4847 2109 4887 nec
2158 4849 2262 4885 non

688 4914 784 4967 per
810 4899 911 4953 alia
942 4898 1145 4966 ﬂagella
1175 4917 1189 4964 ;
1220 4898 1309 4951 aut
1338 4901 1390 4952 in
1436 4900 1517 4953 his
1559 4903 1893 4957 occasionem
1934 4905 2019 4957 dat
2054 4902 2261 4955 unicui-

686 4985 809 5039 que,
843 4980 897 5023 ut
945 4970 1136 5039 habeat
1184 4970 1320 5023 unde
1364 4972 1590 5038 qualitas
1636 4972 1752 5038 ejus
1803 4974 2074 5039 probetur,
2123 4972 2263 5026 sicut

691 5038 834 5105 stupe
866 5038 1125 5110 contingit
1171 5054 1264 5106 per
1295 5039 1510 5110 hosqui
1558 5040 1755 5093 divitiis
1794 5038 1847 5095 et
1892 5044 2127 5110 potentia
2170 5044 2263 5095 ab-

688 5118 928 5174 utuntur,
958 5124 1051 5162 seu
1082 5109 1134 5161 in
1165 5109 1511 5176 quarumdam
1540 5111 1830 5164 bestiarum
1859 5109 2136 5166 ferocitate
2165 5116 2261 5166 de-

688 5192 948 5233 monstrat
997 5179 1195 5233 diaboli
1246 5179 1543 5248 malitiam,
1591 5191 1651 5234 ut
1701 5183 1751 5234 ιιι
1801 5182 1955 5237 leone
2009 5191 2063 5235 et
2112 5182 2259 5248 lupo.

687 5248 873 5304 Nonne
901 5250 952 5303 in
997 5252 1201 5303 cunctis
1231 5246 1640 5304 adversitatibus
1681 5252 1789 5318 jam
1834 5246 2264 5306 commemoratis

687 5320 884 5393 utilitas
915 5335 1101 5393 magna
1157 5318 1425 5371 habetur?
1454 5319 1697 5393 Nunquid
1729 5321 1865 5393 utile,
1898 5337 2002 5375 non
2050 5323 2172 5386 erit,
2207 5331 2263 5374 ut

688 5390 931 5443 homines
958 5390 1050 5457 per
1074 5403 1338 5461 prospera
1356 5402 1577 5461 qumque
1599 5390 1890 5458 depravati,
1917 5408 2011 5461 per
2039 5393 2260 5445 adversa

684 5462 861 5528 aliqua
892 5458 1259 5535 corrigantur!
1299 5457 1541 5535 Nunquid
1571 5457 1697 5514 utile
1735 5478 1837 5515 non
1866 5457 1969 5516 erit
2012 5462 2151 5531 quod
2184 5462 2259 5513 la-

688 5527 861 5583 tentes
909 5527 1159 5584 Ecclesite
1208 5530 1393 5582 hostes
1426 5527 1547 5600 ideo
1575 5542 1787 5599 accepta
1832 5527 2090 5600 potestate
2139 5547 2261 5599 per-

687 5600 967 5671 mittuntur
989 5601 1279 5671 domtnari,
1314 5607 1453 5652 utet
1496 5598 1597 5652 hoc
1641 5598 1893 5667 appareat
1938 5606 2121 5671 quales
2164 5601 2262 5668 ipsi

683 5668 810 5732 sint,
836 5678 890 5723 et
934 5668 1067 5722 alios
1106 5672 1475 5736 persecutione
1518 5682 1611 5721 sua
1642 5673 1789 5723 velut
1832 5668 2015 5725 aurum
2048 5672 2100 5725 in
2148 5671 2261 5723 lor-

684 5754 818 5794 uace
846 5740 1095 5808 probatos
1125 5739 1402 5795 elllciant‘.’
1432 5738 1677 5807 Nunquid
1710 5742 1836 5797 utile
1862 5756 1964 5797 non
1996 5741 2097 5797 erit
2122 5740 2263 5811 quod

2370 4559 2548 4623 rentes
2588 4550 2830 4623 leguntur
2860 4550 3070 4616 fecisse,
3114 4548 3328 4623 quando
3348 4548 3428 4609 'se
3458 4553 3605 4607 nudos
3628 4548 3817 4623 caseatae

2369 4617 2702 4691 huerutit,ne
2732 4622 2813 4673 vel
2842 4623 2996 4691 nobis
3022 4617 3414 4691 coal‘usioneui,
3437 4625 3509 4679 vel
3535 4617 3740 4691 conditori
3756 4620 3818 4691 ait:

2367 4698 2500 4760 stro,
2553 4690 2641 4756 qui
2697 4705 2791 4760 per
2840 4690 3145 4760 hujusrnodi
3198 4684 3444 4749 vilitatem
3494 4687 3721 4746 hutniiial‘e
3757 4684 3817 4751 ³9⁸

2366 4759 2629 4831 decrevit,
2659 4759 2931 4813 videantur
2972 4764 3222 4831 injuriant
3255 4766 3446 4827 facere,
3476 4773 3523 4816 ct
3546 4760 3819 4831 secretatlli'f

2369 4830 2565 4905 talione
2590 4844 2707 4881 eum
2751 4845 2847 4899 per
2880 4829 3251 4905 hocincusare
3274 4836 3412 4905 quod
3440 4829 3815 4905 nosrpotenttajfgiI

2368 4901 2536 4968 magis
2566 4914 2721 4967 quam
2751 4893 2832 4952 'ex
2875 4900 3072 4965 justitta
3119 4916 3224 4957 lani
3282 4893 3407 4960 vites
3449 4893 3813 4968 lieri'permisctllf

2368 4966 2513 5021 Talia
2542 4966 2814 5041 autetnde
2845 4968 2951 5023 Deo
2992 4985 3250 5041 cugdare,
3282 4966 3674 5041 estaliquatenus
3697 4966 3817 5041 contra}

2366 5052 2486 5090 cunt
2532 5021 2825 5111 superbire.
3634 5032 3736 5099 «ιυυά

2368 5118 2614 5181 parentes
2646 5108 2841 5181 primos
2872 5106 3092 5177 peccare
3116 5116 3378 5181 permisit,
3404 5116 3481 5167 vcl
3503 5106 3818 5181 uosrperﬁtlf‘fl"

2368 5170 3095 5252 praevaricationem'vilitate
3116 5170 3300 5252 aliqua
3330 5170 3660 5252 circumdedit,
3678 5170 3821 5252 llocl‘f‘

2368 5240 2475 5300 tum
2506 5262 2600 5315 pro
2643 5250 2827 5302 salutis
2858 5266 3053 5305 nostra:
3083 5240 3245 5308 causa
3276 5257 3461 5307 iecisse
3496 5244 3734 5303 credendus
3754 5240 3818 5315 est:

2366 5316 2432 5370 Et
2460 5308 2584 5391 licet
2608 5318 2661 5391 in
2696 5319 2797 5391 hoc
2824 5319 3015 5375 divina:
3045 5325 3321 5390 sapientia:
3348 5308 3821 5391 prolundItasime“?l

2368 5388 2579 5462 penitus
2606 5389 2937 5457 investigari,
2968 5383 3255 5460 quaer-endit
3285 5383 3407 5446 sunt
3447 5383 3817 5462 tamen?”th

2367 5454 2617 5533 stliilium
2636 5454 2830 5533 rerutn'
2844 5454 3172 5528 argumenta,
3204 5464 3394 5532 quibus
3420 5463 3577 5516 eidem
3600 5454 3819 5533 divinavit

3033 5508 3392 5587 E

2367 5580 2419 5669 et
2446 5612 2507 5651 ea
2535 5612 2652 5663 qua:
2676 5598 2785 5665 jam
2811 5599 3036 5656 diximus
3064 5602 3131 5656 de
3155 5580 3410 5656 vilissimo
3434 5612 3611 5669 genere
3631 5580 3816 5646 medendo

2370 5668 2419 5720 in
2447 5678 2828 5740 argumentum
2856 5680 3178 5739 sumpsimus
3210 5673 3361 5740 hujus
3388 5668 3477 5726 rei.
3608 5736 3634 5740 __

2440 5738 2497 5794 Si
2528 5734 2658 5808 ergo
2682 5753 2744 5793 ex
2776 5734 3036 5798 medicina
3065 5746 3148 5800 vili
3176 5734 3347 5813 potest
3369 5740 3552 5811 acquiri
3577 5736 3662 5792 ulla
3685 5734 3819 5785 sanus
