4060 6368
270 381 405 439 Ηἳὸ

1465 373 1550 426 oe
1588 371 2027 428 SUBSTANTIIS
2068 327 2288 428 uetiti.

3364 381 3498 437 “26

268 490 580 560 corporalis.
608 484 1180 560 credetida_est_etiam
1213 485 1400 541 eodem
1451 486 1610 560 modo
1640 498 1825 554 prove-
1859 491 1906 550 Α
1935 486 2240 560 significari,
2274 486 2600 560 decrevisset
2626 486 2806 560 utique
2841 489 2894 543 in
2927 490 3176 557 praesenti
3221 493 3321 546 vita
3353 493 3495 552 idem

270 554 384 618 nire
414 561 612 614 sanitas
639 555 946 625 spiritualis.
976 554 1160 609 Omnis
1190 571 1418 624 namque
1447 557 1608 610 decor
1635 571 1828 609 carna-

264 629 338 688 lis
365 632 520 685 facile
547 627 773 682 humana
804 626 960 680 corda
994 625 1144 680 illicit
1171 627 1234 680 ad
1253 625 1566 690 elationem,
1591 626 1682 679 sed
1714 625 1834 680 vili-

267 704 350 757 tas
381 697 622 768 reprimit
651 697 716 768 ad
757 695 1127 750 humilitatem.
1155 695 1378 768 Ideoque
1409 697 1604 768 placuit
1630 697 1736 750 Deo
1776 704 1834 750 ut

270 767 538 826 hominem
567 767 657 836 qui
697 767 749 828 in
789 769 1072 820 maximum
1111 767 1375 834 superbiae
1418 767 1724 836 languorem
1766 780 1833 820 ex

270 839 590 895 conditionis
635 851 745 892 sum
773 837 964 890 decore
995 839 1234 903 incurrit,
1277 837 1518 904 imposita
1549 836 1645 890 sibi
1672 851 1832 891 causa

270 912 489 968 remedii
516 910 688 976 aliqua
715 907 941 969 vilitate,
975 907 1293 972 perduceret
1320 908 1384 960 ad
1415 907 1728 960 humilitatis
1749 921 1835 959 sa-

270 983 512 1037 nitatem.
553 975 760 1033 sanitas
796 975 937 1031 enim
983 977 1272 1045 spiritualis
1320 991 1424 1030 non
1455 977 1552 1030 nisi
1595 977 1834 1030 remedio

275 1053 570 1118 acquiritur
600 1047 928 1109 humilitatis,
962 1045 1229 1118 humilitas
1258 1057 1432 1101 autem
1465 1048 1692 1101 humana
1727 1062 1832 1101 non

271 1117 542 1178 obtinetur
569 1119 667 1171 nisi
697 1118 1014 1172 contritione
1038 1117 1234 1181 aliqua.

348 1191 420 1244 Ex
446 1190 636 1257 quibus
655 1186 901 1240 omnibus
922 1195 1103 1257 aperte
1129 1185 1350 1254 potestis
1374 1185 1665 1257 intelligere
1689 1185 1831 1255 quia,

271 1271 328 1316 ut
374 1255 629 1328 set-iptum
673 1267 777 1322 est,
827 1257 995 1328 ﬁdelis
1037 1256 1286 1309 Dominus
1315 1259 1365 1308 in
1404 1255 1635 1328 cornibus
1677 1257 1833 1328 verbis

271 1331 399 1395 suis,
432 1325 495 1382 et’
515 1338 716 1382 sanctus
745 1330 795 1379 in
841 1327 1068 1379 omnibus
1096 1327 1326 1396 operibus
1354 1326 1481 1386 suis,
1512 1326 1604 1396 qui
1643 1325 1834 1380 talibus

271 1399 526 1454 remediis
553 1397 853 1465 superbiam
901 1397 1182 1448 humanam
1235 1397 1472 1464 praevidit
1499 1410 1620 1449 esse
1663 1396 1834 1460 repri-

269 1470 544 1533 mendam,
593 1469 786 1536 quique
833 1466 1066 1519 remedia
1117 1466 1430 1530 spiritualia,
1481 1481 1599 1535 qua:
1653 1467 1831 1519 multis

270 1549 396 1595 sunt
440 1539 726 1606 incognita,
767 1551 830 1590 ex
870 1536 1232 1603 corporalibus
1265 1537 1442 1603 figuris
1470 1545 1523 1588 et
1549 1536 1828 1601 exemplis,

267 1625 387 1674 qua:
413 1609 661 1661 omnibus
692 1621 824 1673 pene
852 1612 977 1659 sunt
1006 1615 1148 1666 nota,
1178 1606 1333 1659 docet
1361 1619 1482 1658 esse
1519 1607 1826 1672 qumrettda.

270 1679 374 1732 Sed
405 1677 535 1730 satis
557 1677 683 1730 hinc
709 1676 929 1739 dictum,
949 1674 1060 1741 iam
1089 1675 1484 1745 progrediamur
1506 1684 1560 1728 et
1581 1677 1737 1738 ultra,
1763 1675 1830 1729 ad

265 1764 326 1800 ea
359 1748 568 1824 scilicet
593 1761 711 1824 quae
741 1744 1248 1824 postlizecproxime
1285 1744 1508 1824 dicenda
1538 1747 1830 1824 proposui.-

1936 558 2052 611 fore
2080 557 2221 624 quod
2265 559 2391 610 etin
2423 556 2612 609 futura.
2659 556 2730 610 lbi
2762 556 2986 624 namque
3015 560 3191 613 nullus
3228 562 3500 621 invenitur

1928 629 2019 695 qui
2049 627 2338 692 corporalis
2359 627 2464 680 cibi
2494 627 2780 682 refectione
2811 639 3075 695 pascatur.
3103 631 3288 685 Adhuc
3316 634 3500 690 dicen-

1933 641 2019 750 3ut
2049 641 2338 692 corporalis
2359 641 2463 680 ClDl
2494 641 2780 682 relecuone
2811 641 3075 695 pascatur.
3103 641 3288 685 Adhuc
3316 641 3499 690 dicen-

1972 713 2057 773 u_r_n
2089 705 2257 773 restat
2288 697 2411 773 qttid
2457 699 2606 766 capia
2637 707 2690 751 et
2729 701 2946 766 penuria
2975 699 3282 754 substantia:
3309 717 3499 773 corpo-

1928 767 2060 820 ralis
2087 765 2290 820 innuat.
2310 765 2445 820 Nam
2479 765 2574 836 per
2595 765 2870 834 utramque
2904 783 3090 836 magna
3121 781 3172 825 et
3197 765 3496 829 necessaria

1932 836 2138 890 cunctis
2185 836 2424 891 doctrina
2471 846 2816 891 monstratur.
2853 838 2916 892 Et
2944 840 3093 906 copia
3135 841 3346 906 quidem
3397 847 3500 899 hoc

1933 906 2140 984 edocet,
2163 906 2286 984 quia
2311 907 2450 984 sicut
2470 909 2581 984 ipsa
2611 907 2839 984 lzetitiam
2873 910 2990 984 vitae
3019 913 3294 984 praesentis
3316 925 3500 984 auget,

1932 975 2341 1032 sollicitudinem
2384 978 2596 1040 minuit,
2645 977 2714 1030 ita
2761 986 2815 1032 et
2844 975 3145 1045 spirituales
3185 975 3414 1046 divitiae:
3446 975 3496 1039 id

1933 1056 2015 1101 est
2058 1048 2276 1100 virtutes
2313 1047 2524 1111 animm,
2575 1057 2788 1101 omnem
2839 1046 3032 1102 futura:
3083 1051 3400 1107 calamitatis
3444 1065 3501 1108 et

1933 1115 2165 1189 miseriae
2203 1116 2632 1189 sollicitudinem
2667 1118 2927 1178 minuunt,
2973 1127 3294 1189 mternzeque
3335 1124 3501 1176 beati-

1935 1185 2133 1260 tudinis
2161 1196 2353 1260 augent
2377 1187 2584 1260 gaudia.
2615 1187 2837 1241 Penuria
2868 1203 2996 1242 vero
3029 1189 3128 1243 ltoc
3153 1185 3352 1246 indicat
3373 1197 3496 1260 quia

1932 1258 2067 1329 sicut
2095 1257 2208 1323 ipsa
2240 1257 2559 1329 patientibus
2599 1271 2716 1310 eam
2764 1271 3046 1312 maerorem
3097 1262 3287 1329 ingerit
3320 1257 3502 1316 inulti-

1936 1326 2147 1400 ptieem,
2180 1336 2360 1394 utpOte
2403 1327 2490 1400 qui
2525 1326 2770 1395 ignei-ant
2799 1329 2941 1400 unde
2968 1330 3066 1382 sibi
3111 1326 3302 1383 victum
3350 1348 3498 1400 quae-

1934 1404 2052 1466 rant
2079 1396 2195 1449 sine
2240 1411 2344 1464 quo
2374 1397 2550 1450 vivere
2583 1406 2886 1464 nequeunt;
2931 1398 3000 1452 ita
3048 1400 3339 1466 spiritualis
3368 1396 3504 1456 vitae

1932 1464 2127 1536 damna
2160 1475 2399 1536 auertite
2451 1466 2804 1536 damnationis
2855 1464 3193 1536 prasfigurant
3249 1471 3500 1526 lamenta.

1931 1534 2062 1587 Cum
2103 1535 2259 1603 igitur
2287 1536 2456 1599 vobis,
2486 1553 2518 1590 ο
2548 1535 2739 1590 fratres
2768 1534 3086 1600 charissimi,
3123 1540 3283 1592 variis
3333 1544 3506 1596 modis

1931 1603 2132 1677 dictum
2161 1607 2230 1659 sit
2276 1607 2500 1677 qualiter
2533 1605 2650 1659 sine
2691 1607 2885 1661 litteris
2930 1609 3195 1677 religios:e
3227 1612 3348 1664 vitae
3396 1621 3506 1666 tra-
3569 1651 3578 1660 .

1933 1675 2114 1744 mitem
2157 1675 2454 1742 exquirere,
2488 1684 2541 1728 ct
2570 1677 2621 1729 in
2652 1691 2712 1730 ea
2753 1677 2999 1732 incedere
3037 1675 3287 1744 valeatis,
3331 1691 3507 1735 atten-

1930 1744 2041 1797 dite
2082 1741 2278 1812 iugiter
2322 1746 2388 1797 ad
2426 1746 2630 1813 singula
2670 1761 2787 1814 qua)
2831 1748 2939 1814 iam
2991 1747 3244 1814 diximus,
3274 1741 3330 1804 et
3355 1765 3418 1806 ea
3451 1752 3505 1806 in

265 1834 412 1872 nius.
443 1817 570 1870 Illud
590 1813 1084 1889 ietiim’_pr‘opositus
1126 1815 1259 1868 ordo
1296 1816 1477 1881 exigit,
1511 1824 1568 1867 ut
1607 1813 1718 1882 jam
1749 1815 1827 1867 di-
1860 1831 1904 1889 Β
1932 1813 2182 1889 cordibus
2213 1815 2405 1889 reSIris
2430 1813 2866 1889 sedulatractate
2892 1833 3040 1889 cura.

261 1902 454 1941 camus
484 1888 633 1940 vobis
655 1887 780 1954 quid
807 1883 1069 1952 significet
1093 1889 1318 1938 varietas
1349 1895 1664 1951 temporum,
1709 1899 1829 1952 qua:

265 1957 556 2027 aliquando
604 1970 834 2024 congrua
883 1963 1006 2008 sunt
1053 1955 1116 2007 ad
1162 1955 1424 2027 qualibet
1455 1955 1742 2021 operanda,
1777 1966 1835 2008 ut

265 2026 408 2091 Ver,
460 2035 655 2090 testas,
703 2033 1017 2087 autumnus;
1061 2039 1198 2077 nunc
1247 2038 1376 2078 vero
1417 2026 1735 2091 incongrua,
1781 2034 1837 2078 ut

263 2098 466 2152 hiems.
509 2097 630 2150 Tria
675 2110 902 2162 namque
933 2096 1105 2162 priora
1139 2095 1190 2148 in
1229 2093 1419 2161 quibus
1463 2093 1671 2150 facilius
1708 2109 1838 2160 cpe-

269 2169 381 2222 rari
415 2180 717 2232 possumus,
748 2164 1044 2234 significant
1069 2179 1227 2218 omne
1259 2164 1532 2229 praesentis
1557 2167 1677 2218 vitae
1705 2173 1839 2218 tem-

263 2251 366 2302 pus
413 2239 476 2290 ad
515 2233 852 2290 obtinendam
899 2235 1105 2290 veniam
1153 2247 1484 2288 concessum.
1513 2233 1589 2287 De
1637 2249 1742 2300 quo
1782 2241 1838 2288 et

263 2308 562 2375 Apostolus
600 2307 724 2359 dicit
754 2323 768 2358 :
803 2305 936 2360 Ecce
967 2319 1102 2358 nunc
1127 2313 1320 2374 tempus
1353 2305 1675 2374 acceptabile,
1725 2319 1839 2357 ecce

260 2386 408 2429 nunc
447 2378 554 2430 dies
580 2375 784 2430 salutis.
813 2377 990 2428 lliems
1021 2387 1216 2437 autem,
1249 2389 1365 2440 qua:
1395 2375 1622 2428 maxime
1662 2376 1838 2442 inepta

257 2459 350 2500 est
376 2447 445 2500 ad
475 2450 798 2514 operandum
817 2485 832 2509 ,
861 2443 1122 2512 significat
1147 2443 1373 2496 extremi
1397 2443 1579 2510 iudicii
1606 2453 1834 2511 tempus,

260 2518 415 2584 quod
445 2517 587 2568 nulla
613 2516 896 2568 fructuosa:
925 2515 1246 2581 pmnitentiae
1267 2527 1426 2584 Opera
1450 2515 1687 2584 exerceri
1718 2528 1837 2580 pose.

258 2581 414 2638 sunt.
444 2585 592 2641 Unde
620 2596 672 2638 et
700 2585 951 2638 Dominus
973 2586 1023 2636 in
1047 2583 1326 2649 Evangelio
1349 2581 1834 2636 admonetdicens:

267 2657 435 2708 Orate
461 2672 522 2708 ne
550 2655 674 2725 fuga
699 2664 862 2708 vestra
901 2654 1180 2725 ﬁat/tientia
1208 2653 1283 2704 vel
1312 2651 1538 2704 sabbato.
1569 2653 1725 2718 Quasi
1756 2653 1838 2706 di-

195 2771 198 2774 .
264 2735 426 2780 ceret
452 2743 463 2778 :
499 2723 679 2778 EStote
706 2739 915 2794 semper
940 2723 1173 2787 solliciti,
1199 2737 1264 2776 ne
1293 2736 1605 2794 concessum
1633 2735 1840 2794 tempus

261 2797 445 2849 venite
485 2795 788 2863 perdentes,
827 2792 958 2848 tunc
1001 2808 1119 2846 cum
1149 2793 1320 2846 nullus
1350 2792 1500 2845 locus
1527 2802 1610 2845 est
1647 2793 1837 2863 veniae,

261 2880 390 2920 eam
417 2861 606 2919 frustra
638 2865 906 2932 quaeratis.
940 2864 1192 2917 Eumdein
1234 2877 1444 2932 quoque
1469 2876 1682 2916 sensum
1712 2861 1839 2918 alibi

259 2937 506 3004 apertius
557 2934 756 3004 profert
805 2935 1020 2988 dicens:
1064 2933 1283 3002 l’igilate
1319 2933 1489 2999 itaque
1526 2932 1667 2985 omni
1707 2941 1837 2985 tem-

262 3022 393 3074 pore
414 3015 700 3076 orantes,ut
717 3006 854 3076 digni
879 3005 1158 3058 habeamim'
1174 3005 1349 3074 fugere
1363 3017 1475 3076 quia
1493 3012 1700 3076 uenturo
1722 3013 1838 3076 sunt

260 3073 431 3130 rubis.
475 3077 577 3130 l’ro
605 3073 842 3146 eiusdem
869 3078 1272 3146 temporis_cura
1315 3073 1612 3146 adhibenda
1657 3074 1840 3146 Esaias

262 3147 536 3215 propheta
585 3143 833 3200 admonet
861 3146 1078 3199 dicens:
1111 3143 1335 3210 Quaerite
1377 3143 1671 3206 Dominum,
1715 3144 1836 3196 dum

259 3218 483 3270 inueniri
512 3226 713 3286 potest:
753 3217 978 3270 invocata
1005 3231 1140 3280 eum,
1189 3215 1313 3268 dum
1353 3229 1512 3282 prose
1550 3224 1640 3286 est.
1678 3216 1836 3279 Quasi

259 3291 414 3340 enim
459 3285 638 3354 procul
677 3288 868 3352 aberit,
914 3302 1034 3339 cum
1081 3286 1274 3338 nullius
1318 3285 1612 3352 peccatoris
1649 3300 1835 3353 preces

258 3359 504 3411 exaudit.
539 3357 825 3411 Sabbatum
873 3365 1047 3410 autem
1092 3355 1231 3424 quod
1278 3354 1513 3408 additum
1543 3364 1624 3424 est
1657 3357 1832 3419 hiemi,

259 3429 390 3496 quia
437 3429 573 3497 apud
620 3425 834 3481 Judzeos
880 3423 1229 3480 festivus’est
1273 3424 1409 3497 dies,
1441 3437 1546 3497 quo
1594 3423 1838 3479 homines

260 3493 443 3573 quam
465 3493 690 3573 marinae
720 3497 948 3566 gaudere
973 3500 1164 3573 solent,
1191 3493 1838 3573 significarotiumquod-

259 3568 399 3621 libet
432 3567 634 3636 inutile,
670 3564 751 3621 vel
801 3579 1005 3636 tempus
1044 3567 1344 3634 incongruus
1375 3564 1594 3636 laetitiic.
1642 3569 1838 3629 Quam-

264 3638 460 3691 obrem
507 3635 758 3692 Dominus
801 3632 1051 3691 admonet
1077 3651 1144 3691 ne
1184 3632 1236 3688 in
1265 3636 1483 3688 sabbato
1509 3632 1629 3702 fuga
1657 3645 1836 3688 nostra

261 3709 379 3769 liat,
418 3711 517 3760 hoc
545 3719 645 3770 est,
675 3723 741 3761 ne
769 3709 819 3761 in
862 3709 1136 3775 przescntis
1165 3707 1282 3760 vita
1302 3704 1506 3760 deliciis
1535 3705 1713 3772 positi,
1747 3704 1833 3759 lu-

260 3787 385 3831 tura
413 3776 600 3846 gaudia
629 3787 1025 3845 postponamus.

335 3842 477 3914 Quia
511 3842 668 3916 igitur
698 3842 920 3902 audistis
953 3862 1045 3912 per
1075 3842 1645 3916 hiememquibusdam
1677 3843 1838 3899 labo-

259 3913 420 3986 ribus
477 3913 821 3986 incongruam
866 3917 1049 3985 judicii
1106 3913 1598 3986 attenti—tempus
1657 3919 1836 3982 pricsi-

258 3985 444 4055 gnari,
497 3983 753 4042 attendite
800 3983 940 4056 quod
979 3988 1140 4041 modo
1186 3983 1486 4056 faciendum
1543 3984 1614 4037 sit
1662 3987 1834 4056 vobis,

259 4054 396 4112 dum
431 4060 565 4112 bene
612 4054 844 4126 possitis,
896 4066 952 4112 et
1000 4058 1119 4110 vitze
1166 4059 1340 4108 lumen
1368 4055 1614 4126 habetis.
1657 4054 1836 4123 Neque

258 4130 414 4182 enim
442 4128 592 4181 vobis
613 4130 886 4182 excusatio
915 4136 1083 4181 restat
1111 4126 1219 4179 ulla
1248 4139 1344 4191 pro
1366 4125 1655 4178 litterarum
1689 4126 1836 4193 igno-

257 4199 464 4263 rantia,
493 4210 636 4264 cum,
669 4199 721 4251 in
753 4199 946 4262 hieme,
975 4196 1246 4250 notissima
1275 4199 1448 4264 legere
1477 4194 1693 4247 valeatis
1715 4209 1834 4259 qua:

258 4279 397 4322 sunt
453 4268 602 4322 vobis
645 4267 904 4322 facienda.
953 4267 1154 4320 Deinde
1196 4280 1324 4320 vero
1376 4265 1656 4318 dicendum
1702 4266 1830 4332 quid

256 4337 563 4407 quotidiani
608 4351 733 4391 esus
777 4337 1068 4391 necessitas
1120 4335 1269 4407 vobis
1323 4336 1508 4407 innuat
1548 4333 1829 4407 agendum.
1876 4384 1884 4392 ,

261 4403 518 4476 Undique
545 4407 686 4462 enim
718 4407 835 4462 illos
863 4407 1021 4461 flores
1052 4405 1276 4470 habetis,
1303 4420 1366 4459 cx
1389 4405 1580 4476 quibus
1607 4403 1834 4476 alicujus

256 4475 636 4532 aedilicationis
670 4477 777 4532 mel
816 4478 1066 4544 colligere
1104 4477 1311 4530 valetis.
1343 4475 1495 4541 Quod
1524 4487 1652 4542 ergo
1691 4475 1834 4543 cogi-

257 4524 899 4616 EB'FZﬁibiidie'BHrﬁJs
927 4524 1169 4616 reficere,
1201 4555 1258 4600 ut
1297 4524 1623 4616 robustiores
1667 4524 1835 4598 sini’us
1863 4524 1912 4584 D

253 4619 329 4672 ad
358 4614 585 4687 quicque
610 4614 902 4685 corporalia
927 4617 1120 4679 studia,
1155 4614 1426 4687 significat
1466 4614 1620 4687 nobis
1659 4617 1834 4687 quoti-

255 4689 353 4742 die
379 4683 520 4756 δι)υέ
545 4702 666 4743 esse
697 4683 842 4742 relici
883 4687 1004 4741 cibo
1049 4683 1336 4756 spirituali,
1366 4685 1420 4740 id
1452 4694 1551 4756 gest
1590 4683 1832 4756 doctrina

255 4753 498 4822 cteleSti,
529 4773 596 4812 ne
619 4758 928 4814 deficiamus
955 4757 1010 4811 iu
1033 4753 1236 4820 labore,
1261 4770 1416 4825 quem
1443 4753 1640 4823 iugiter
1668 4755 1833 4807 susti-

253 4843 400 4882 nere
419 4829 694 4894 debemus,
719 4837 774 4882 et
804 4842 897 4896 pro
915 4828 1175 4882 servitute
1202 4828 1404 4891 divina,
1433 4835 1488 4879 et
1517 4841 1612 4891 pro
1636 4839 1831 4894 pecca-

255 4908 444 4952 torum
484 4909 786 4954 nostrorum
819 4897 1162 4968 indulgentia.
1193 4895 1302 4968 Nisi
1329 4897 1467 4950 enim
1499 4895 1636 4968 Deus
1659 4896 1832 4968 omni-

257 4977 460 5024 uolens
509 4983 629 5026 cum
687 4966 988 5025 refectione
1039 4966 1243 5023 carnali
1289 4966 1620 5035 spiritualem
1667 4967 1833 5020 vellet

2009 1880 2078 1937 Ut
2105 1893 2279 1938 autem
2311 1885 2494 1939 eadem
2529 1885 2732 1938 facilius
2763 1887 3026 1953 recolatis,
3062 1895 3118 1942 et
3158 1889 3397 1944 tenacius
3425 1891 3509 1946 in-

1938 1951 2437 2028 bmreantcordibus
2460 1959 2667 2028 vestris,
2695 1955 2821 2010 libet
2844 1957 2954 2028 ipsa
2981 1951 3212 2012 breviter
3236 1970 3504 2028 repetere.

1937 2025 1991 2077 In
2040 2023 2221 2096 primis
2274 2040 2498 2096 namque
2549 2026 2781 2096 diximus
2824 2023 2974 2080 vobis
3014 2023 3506 2096 quomodo'studia

1939 2108 2096 2164 apum
2129 2094 2320 2147 imitari
2361 2094 2616 2158 debeatis,
2648 2097 2954 2164 colligentes
2980 2094 3046 2152 ei
3079 2099 3238 2152 variis
3275 2101 3506 2156 homini-

1938 2163 2039 2216 bus
2058 2166 2139 2217 vel
2163 2165 2342 2228 rebus,
2369 2165 2510 2219 velut
2534 2181 2596 2218 cx
2618 2163 2856 2230 lloribus,
2873 2167 3203 2222 dulcedinem
3228 2169 3505 2226 virtutum.

1941 2233 2142 2307 Deinde
2189 2235 2330 2307 quid
2397 2237 2687 2307 imtnensus
2739 2237 2869 2291 solis
2918 2239 3170 2304 splendor
3220 2239 3504 2307 signiticet.

1941 2301 2142 2375 Deinde
2169 2304 2399 2375 diximus
2427 2306 2495 2357 de
2525 2305 2724 2359 trifaria
2765 2301 3107 2375 intelligentia
3148 2308 3201 2362 in
3233 2301 3391 2363 rebus
3422 2311 3506 2364 vi-

1939 2370 2180 2447 sibilibos
2223 2373 2501 2447 retinenda
2527 2392 2540 2426 :
2568 2377 2736 2447 prima
2767 2370 2981 2444 quidem
3010 2389 3088 2432 est
3119 2393 3237 2447 quae
3265 2393 3330 2432 ex
3364 2391 3506 2435 teme

1941 2443 2200 2509 poralium
2245 2443 2506 2498 bonorum
2539 2443 2926 2512 pulchritudine
2953 2448 3109 2502 docet
3135 2443 3232 2503 nos
3258 2452 3510 2506 conside-

1941 2526 2060 2566 rare
2088 2528 2247 2581 quam
2277 2515 2515 2581 speciosa
2553 2517 2659 2568 sint
2683 2525 2881 2570 aeterna
2910 2518 3080 2581 bona;
3113 2519 3344 2574 secunda
3377 2520 3508 2575 insi.

1940 2591 2066 2634 nuat
2082 2597 2145 2635 ex
2163 2582 2349 2655 eadem
2374 2583 2762 2655 pulchritudine
2779 2587 3080 2654 probandos
3099 2603 3216 2643 esse
3241 2591 3508 2655 homines,

1942 2661 2141 2726 utrum
2167 2651 2332 2726 Deum
2377 2651 2594 2722 diligant
2634 2656 2751 2722 plus
2780 2651 2943 2724 quam
2979 2667 3187 2712 terrena
3219 2651 3510 2726 quaelibeti

1943 2722 2094 2797 tertia
2127 2720 2323 2776 indicat
2352 2720 2490 2790 quod
2519 2720 2777 2797 creaturae
2805 2720 2974 2779 totius
3014 2720 3329 2793 adversitas,
3365 2720 3512 2797 ipsa;

1939 2805 2043 2858 que
2073 2791 2316 2865 humana:
2357 2803 2556 2846 natura:
2594 2795 2765 2865 vilitas
2790 2809 2858 2865 ex
2903 2798 3174 2850 hominum
3219 2791 3514 2865 primorum

1943 2862 2378 2927 prmvaricatione
2417 2863 2675 2928 evenerit,
2707 2864 2801 2918 sed
2847 2867 3088 2920 eamdem
3133 2862 3514 2926 adversitatem

1939 2938 1996 2984 et
2017 2931 2273 2986 vilitatem
2305 2933 2445 2986 Deus
2473 2934 2522 2986 in
2551 2935 2778 3002 aliquam
2811 2935 3090 2990 utilitatem
3118 2937 3349 2993 hominis
3379 2955 3514 2994 con-

1941 3004 2179 3075 verterit.
2209 3004 2406 3075 Dcinde
2437 3004 2596 3058 etiam
2622 3005 2744 3070 quid
2775 3005 3000 3060 hiemale
3031 3015 3238 3072 tempus
3259 3011 3324 3061 ad
3349 3025 3514 3075 Opera

1941 3072 2180 3146 quaedam
2211 3072 2466 3141 ineptum,
2489 3083 2540 3126 et
2561 3075 2685 3142 quid
2714 3076 3009 3144 quotidiani
3040 3092 3162 3131 esus
3193 3072 3510 3146 necessitas,

1942 3142 2174 3216 quidque
2197 3146 2353 3216 cepia
2375 3155 2428 3197 et
2451 3145 2668 3213 penuria
2694 3142 2985 3212 corporalis
3008 3148 3322 3203 substantia:
3347 3142 3516 3216 signi:-

1942 3211 2140 3289 llcent,
2169 3211 2502 3289 protulimus.
2554 3215 2681 3289 Quae
2736 3211 2986 3270 nimirum
3032 3220 3231 3282 omnia,
3276 3211 3422 3289 quia—
3445 3237 3514 3276 ex

1941 3284 2684 3354 qu0tidianisrexperimentis
2733 3296 2953 3354 possunt
2997 3289 3148 3343 vobis
3187 3284 3308 3343 esse
3340 3294 3513 3344 notis-
3575 3311 3580 3318 θ

1941 3354 2094 3418 sima,
2113 3353 2372 3425 attendite
2393 3356 2591 3425 iugiter
2615 3353 2862 3423 quantam
2884 3357 3288 3412 aedificationem
3315 3361 3513 3414 exinde

1942 3423 2154 3496 possitis
2183 3439 2392 3492 capere,
2424 3423 2689 3496 imitantes
2723 3425 2924 3480 scilicet
2955 3442 3088 3495 opus
3121 3443 3278 3496 apum
3313 3430 3366 3482 in
3395 3430 3512 3483 col~

1944 3494 2174 3548 lectione
2217 3500 2488 3548 virtutum.
2519 3495 2634 3548 Jam
2680 3496 2821 3550 enim
2855 3494 3002 3550 nulla
3027 3494 3300 3552 excusatio
3332 3514 3510 3552 rema-

1943 3573 2034 3638 net
2061 3564 2211 3638 vobis
2242 3579 2336 3632 pro
2375 3565 3025 3638 litterarumhignorantia,
3074 3567 3511 3638 quandoquidem

1943 3633 2104 3706 inibis
2130 3635 2287 3706 rebus
2327 3649 2458 3702 quas
2494 3633 2747 3706 qu0tidie'
2788 3637 2976 3690 videtis
3019 3633 3115 3692 seu
3165 3633 3382 3706 auditis,
3428 3645 3512 3695 vel

1940 3704 2116 3776 aliquo
2131 3704 2302 3776 modo
2321 3705 2556 3770 sentitis,
2584 3706 2779 3776 divina:
2806 3708 3075 3776 religionis
3099 3709 3339 3763 notitiam
3369 3704 3513 3764 velut

1939 3773 1993 3828 in
2025 3775 2171 3828 libris
2197 3788 2485 3842 agnoscere
2511 3775 2722 3829 valetis.

2012 3844 2136 3898 llaac
2159 3845 2368 3914 quidem
2397 3845 2594 3898 monita
2616 3846 2681 3899 ad
2705 3846 2871 3900 laicos
2892 3846 3197 3915 Specialiter
3219 3847 3359 3902 dicta
3379 3851 3508 3903 sint.

1941 3911 2142 3969 Deinde
2168 3911 2294 3968 vero
2317 3926 2422 3970 tam
2446 3917 2669 3969 clericos
2692 3931 2849 3984 quam
2881 3911 3043 3971 laicus
3072 3918 3365 3971 admonens
3392 3934 3513 3986 pre-

1939 3997 2054 4048 cor,
2099 3995 2155 4038 ut
2200 3988 2535 4055 attendentes
2573 3988 2873 4038 continuam
2919 3987 3060 4040 aeris
3113 3987 3507 4055 intemperiem,

1940 4068 2058 4128 quae
2090 4055 2319 4128 peccatis
2356 4053 2549 4128 nostris
2586 4055 2918 4128 exigentibus
2964 4060 3033 4108 ita
3067 4071 3162 4128 per
3189 4053 3361 4110 annos
3397 4053 3508 4128 iam

1940 4125 2132 4176 multos
2163 4124 2501 4195 imminebat,
2521 4133 2577 4176 ut
2604 4134 2695 4176 aut
2723 4124 3038 4178 immensum
3069 4124 3256 4195 frigus,
3290 4128 3370 4180 vel
3400 4124 3509 4181 im-

1940 4206 2121 4246 mensa
2153 4194 2347 4262 pluvia,
2377 4197 2457 4248 vel
2490 4193 2838 4260 intemperata
2871 4196 3082 4249 siccitas
3121 4193 3323 4250 fructus
3351 4208 3509 4252 terra:

1939 4276 2325 4336 corrumpens,
2372 4264 2564 4317 famem
2618 4263 2973 4336 miserandam
3028 4265 3313 4320 efﬁceret:
3351 4278 3510 4336 atque

1941 4333 2287 4404 fornitdantes
2318 4349 2386 4388 ne
2431 4345 2679 4401 corrupta
2710 4335 2990 4404 iniquitate
3029 4345 3169 4388 terra
3203 4333 3510 4392 necessaria

1939 4401 2188 4474 alimenta
2215 4414 2422 4470 penitus
2445 4405 2690 4473 deneget,
2720 4401 3032 4474 vel'aliquos
3060 4405 3302 4459 homines
3323 4406 3510 4460 absor-

1942 4474 2083 4544 beat,
2113 4473 2251 4528 sicut
2279 4473 2334 4527 in
2363 4474 2678 4544 quibusdam
2709 4475 2862 4540 locis,
2897 4473 3028 4541 proh
3061 4475 3214 4530 dolor
3241 4475 3254 4528 !
3302 4477 3514 4531 noviter

1939 4543 2182 4598 evenisse
2206 4543 2418 4609 dieitur,
2462 4544 2766 4598 abstineant
2813 4559 2872 4598 se
2901 4545 3232 4614 aliquatenus
3271 4560 3302 4599 a
3352 4546 3510 4600 solita

1937 4615 2160 4668 avaritia
2190 4623 2243 4667 et
2269 4616 2451 4686 rapina
2490 4628 2588 4668 nec
2615 4613 2999 4686 nonilascivia,’
3025 4614 3510 4686 multiplicibusque

1937 4699 2111 4752 nugis,
2139 4699 2269 4753 quas
2293 4684 2627 4738 stolidissimi
2652 4685 2871 4753 quidam
2895 4685 2962 4739 ab
2983 4687 3181 4738 exteris
3204 4684 3510 4740 nationibus

1937 4755 1988 4806 in
2019 4761 2114 4807 tias
2145 4753 2387 4823 regiones
2416 4769 2508 4822 per
2535 4755 2800 4808 insolitam
2832 4769 3070 4809 rasuram
3110 4762 3165 4808 et
3205 4764 3511 4810 monstruo-

1935 4839 2052 4877 sum
2086 4822 2330 4878 vestitum
2364 4825 2689 4879 detulerunt.
2722 4823 2831 4878 Nisi
2860 4838 2988 4892 ergo
3029 4822 3331 4893 huiusmodi
3375 4825 3510 4879 stul-

1943 4894 2054 4971 titia
2083 4897 2431 4971 relinquatur,
2473 4907 2578 4971 non
2617 4895 2798 4971 solum
2830 4895 2884 4948 in
2909 4909 3002 4971 eos
3029 4899 3119 4971 _qui
3154 4894 3374 4971 faciunt,
3413 4895 3510 4950 sed

1936 4967 2096 5019 etiam
2126 4967 2217 5035 qui
2245 4967 2608 5032 consentiunt,
2638 4964 2892 5020 divinitus
2922 4963 3237 5020 vindicatur}
