4060 6368
273 358 407 435 tisi

1241 373 1762 435 κιιῑιιεκτοιιυιι
1802 368 2282 427 PHILOSOPHle
2326 370 2455 425 LIB.
2503 371 2542 425 Ι.

3389 366 3529 429 1138

273 502 391 556 I‘ta.b
418 497 587 556 stella‘.
616 503 820 559 essent,
851 493 1043 565 quibus
1071 491 1482 565 illuminaretur.
1504 494 1507 495 ⁷
1527 489 1667 560 lgnis
1695 487 1841 565 simi:
1873 488 1923 546 Α
1950 492 2113 565 terra,
2143 483 2546 550 melaocliolica,
2581 492 2648 565 ut
2670 483 2766 537 bos
2792 484 3085 565 etasintts;
3120 499 3171 539 ει
3195 501 3353 565 aqua,
3378 491 3532 558 phle-

272 575 394 627 liter
439 568 660 637 spissior
704 577 820 623 erat
857 559 1013 633 quam
1046 564 1205 618 modo
1248 565 1335 619 sit.
1384 561 1435 616 Id
1481 559 1660 637 autem
1704 559 1843 637 quod

269 656 414 698 terra
436 632 553 695 erat
577 642 799 693 omnino
829 632 981 701 aquis
1012 643 1287 700 cooperta,
1320 642 1418 687 n'ec
1444 633 1622 701 aliquo
1651 632 1849 684 lumine

270 714 548 772 tllttstrata,
581 723 679 764 nec
705 706 938 761 :rdiliciis
962 706 1228 768 distincta,
1261 719 1360 758 nec
1389 702 1500 755 suis
1530 702 1849 754 animalibus

269 783 491 852 repleta,
532 781 847 852 quoilaqua
891 786 946 832 et
988 792 1080 852 aer
1120 773 1279 844 spissi
1326 783 1379 828 et
1421 773 1633 852 obscuri
1673 781 1848 852 erant,

268 842 409 918 quod
443 842 495 904 in
524 842 891 917 superioribus
929 847 1095 901 stellae
1134 842 1238 899 non
1276 844 1630 912 apparebant,
1662 842 1848 918 chaos,

271 913 321 977 id
352 932 436 975 est
464 913 829 973 confinioncm
876 919 1265 973 elementorum
1309 923 1652 969 vocaverunt.
1702 913 1853 967 Unde

267 991 444 1047 Moses
473 1008 486 1043 :
518 991 677 1044 Terra
715 1000 823 1043 erat
862 988 1030 1041 inanis
1069 999 1113 1040 et
1153 1002 1333 1049 uacua,
1374 994 1421 1037 et
1457 985 1672 1039 tenebris
1706 993 1853 1037 erant

267 1078 425 1133 super
451 1065 631 1131 faciem
658 1061 848 1130 abyssi.
885 1059 1011 1133 ⁸ΗΜ)
1052 1061 1214 1133 chaos
1261 1058 1338 1108 sic
1383 1055 1700 1133 dissolutum
1748 1066 1849 1120 est,

267 1126 393 1189 eu'm
442 1126 587 1199 aqua
623 1126 791 1199 usqite
834 1130 898 1181 ad
951 1129 1236 1181 maximam
1281 1126 1686 1199 partemriaeris
1713 1137 1856 1199 esset

269 1202 478 1258 elevata
496 1195 529 1263 ’;,
569 1215 660 1254 aer
701 1195 828 1253 vero
854 1199 1078 1268 spissus,
1127 1209 1179 1249 σοι
1220 1198 1354 1263 ignis
1392 1196 1637 1268 similiter
1668 1195 1725 1268 in
1768 1196 1855 1249 illa

268 1272 633 1340 splssitudine
661 1270 860 1337 aliquid
885 1264 1090 1322 'terreze
1121 1277 1175 1322 et
1202 1282 1385 1340 aquam
1423 1264 1733 1340 substantia:
1778 1268 1859 1319 in-

268 1337 407 1407 erat,
456 1356 578 1410 qua:
604 1356 668 1395 ex
695 1341 876 1395 calore
907 1340 1045 1408 ignis
1093 1346 1147 1391 et
1178 1337 1442 1410 siccitate
1477 1338 1750 1410 coagulata
1802 1342 1858 1390 et

268 1407 500 1474 durata,
534 1426 761 1477 corp0ra
789 1407 1064 1464 stellarum
1094 1407 1319 1461 visibilia
1347 1418 1402 1460 et
1432 1407 1603 1477 lucida
1635 1417 1853 1477 erigavst.

268 1482 423 1548 Quod
452 1476 641 1536 autem
665 1483 716 1533 iu
749 1479 1137 1548 compositione
1164 1479 1438 1531 stellarum
1465 1487 1518 1531 et
1544 1476 1612 1548 de
1642 1476 1859 1531 inii-rio-

268 1547 425 1607 r’ibus
470 1562 524 1605 et
567 1552 634 1603 de
676 1547 1043 1620 superioribus
1088 1549 1368 1620 elementis
1407 1558 1507 1620 est,
1551 1547 1859 1620 dominante

270 1631 452 1677 tamen
480 1617 755 1691 supremo,
782 1637 844 1676 ex
880 1622 981 1674 hoc
1012 1630 1187 1687 peti-st
1218 1617 1429 1691 probari
1460 1618 1596 1691 quod
1633 1620 1856 1673 visibilia

267 1701 396 1747 sunt
443 1704 496 1746 et
537 1689 815 1759 Splcttd'tla
864 1701 918 1744 et
960 1690 1197 1744 tnobilia.
1245 1689 1396 1756 Quod
1447 1690 1586 1742 enim
1630 1691 1857 1743 v'siliilia

268 1768 395 1817 sunt
425 1777 490 1819 ex
526 1762 773 1816 invisibili
801 1762 886 1816 vel
919 1760 1114 1815 visibili
1149 1761 1378 1825 habent;
1421 1768 1472 1813 at
1500 1775 1563 1814 ex
1608 1759 1858 1814 invisibili

1949 559 2201 624 gmatica,
2234 565 2291 609 ut
2339 571 2550 629 porrus.
2613 556 2689 609 Ex
2717 557 2944 621 quadam
2981 571 3108 611 vero
3142 568 3306 621 parte.
3343 556 3393 615 in
3424 576 3531 629 qua

1951 629 2339 681 elementorum
2369 627 2654 693 qualitates
2684 629 2962 696 a‘qualiter
2988 639 3390 693 convenerunt,
3432 627 3533 685 hu-

1954 713 2166 749 tnanum
2196 712 2391 762 corpus
2422 699 2617 750 factum
2657 695 2762 751 est.
2808 697 2869 749 Et
2914 695 3013 751 hoc
3051 709 3134 752 est
3174 699 3314 766 quod
3345 701 3529 758 divina

1954 769 2141 836 pagina
2171 768 2332 832 dicit,
2365 768 2529 820 Deum
2560 768 2750 821 fecisse
2780 766 3049 822 hominem
3079 783 3143 821 ex
3179 770 3306 825 limo
3346 780 3529 833 terrae.

1954 838 2067 911 Non
2100 840 2242 891 enim
2284 837 2552 911 credimus
2574 838 2857 911 animam,
2883 855 3021 911 qua:
3061 839 3280 908 spiritus
3319 850 3438 911 est,
3481 855 3537 899 et.

1957 909 2109 969 levis,
2143 917 2200 961 et'
2227 910 2445 973 munda,
2478 923 2542 961 ex
2574 908 2701 960 limo
2726 923 2846 963 esse
2878 908 3089 971 factam,
3117 911 3208 963 sed
3242 926 3270 965 a
3303 908 3537 966 Deo'lto-

1956 980 2084 1031 mini
2111 980 2447 1047 inspiratam.
2478 978 2627 1034 Unde
2652 978 2726 1032 ait
2752 978 3026 1047 Scriptura
3059 996 3072 1033 :
3108 978 3371 1036 Formnvit
3401 983 3537 1039 Deus

1957 1050 2205 1122 ﬂaminem
2237 1051 2301 1103 de
2343 1048 2463 1122 limo
2494 1059 2670 1122 terris,
2714 1059 2761 1101 et
2804 1050 3069 1122 inspiravit
3104 1052 3157 1104 in
3201 1053 3385 1115 [aciem
3427 1055 3538 1122 ejus

1956 1119 2272 1187 spiraculum
2323 1121 2460 1174 eius.
2513 1120 2664 1174 Unde
2714 1135 2835 1173 cum
2885 1121 3095 1174 diversa
3153 1119 3561 1187 melanchol'iea.

1958 1191 2207 1242 animalia
2237 1200 2415 1243 creata
2453 1200 2611 1255 sunt,
2644 1189 2846 1244 inlinitn
2895 1190 3244 1258 phlegmatiea
3274 1204 3327 1246 et
3355 1194 3539 1249 chole—

1957 1260 2089 1317 rica,
2139 1274 2275 1313 unus
2323 1262 2472 1315 solus
2519 1260 2682 1313 homo
2728 1269 2939 1314 creatus
2989 1272 3107 1327 est;
3157 1263 3303 1331 quia,
3356 1273 3414 1319 ut
3465 1271 3542 1323 ait

1962 1330 2177 1383 Boetius
2209 1348 2221 1383 :
2252 1331 2440 1384 Umnis
2483 1331 2762 1397 aequalitas
2813 1346 2978 1400 pauca
3010 1342 3095 1387 est
3143 1346 3197 1387 et
3244 1336 3415 1401 linita,
3458 1339 3543 1391 in-

1959 1401 2239 1476 :rqnalitas
2268 1415 2397 1454 vero
2425 1415 2711 1454 numerosa
2735 1411 2786 1455 et
2808 1403 3105 1476 multiplex.
3147 1405 3252 1461 Sed
3283 1408 3539 1476 quoniam

1961 1482 2043 1525 est
2090 1471 2391 1541 proximum
2439 1479 2758 1536 temperato,
2802 1481 2857 1526 et
2886 1475 2928 1524 si
2962 1475 3171 1542 minus,
3220 1471 3398 1531 tamen
3442 1480 3542 1533 ali—'

1962 1553 2163 1602 quanto
2192 1553 2273 1597 est
2306 1551 2658 1608 temperatum
2681 1582 2695 1603 ,
2728 1556 2793 1596 ex
2823 1543 2998 1596 vicino
3041 1545 3167 1598 limo
3197 1560 3393 1610 corpus
3426 1564 3544 1604 mtt-

1964 1612 2114 1666 lieris
2143 1628 2267 1668 esse
2296 1621 2534 1666 creatura
2570 1612 2858 1666 verisimile
2886 1615 3199 1678 quibusdam
3230 1618 3461 1683 videtur,
3491 1630 3545 1675 et

1965 1684 2084 1756 ideo
2124 1698 2222 1738 nec
2255 1685 2465 1756 penitus
2510 1682 2647 1735 idem
2688 1692 2771 1737 est
2813 1685 3169 1756 quotlliomo,
3203 1702 3301 1742 nec
3334 1692 3546 1756 penitus

1965 1754 2243 1828 diversum
2257 1796 2282 1828 ,_
2305 1768 2404 1828 nec
2431 1755 2501 1828 iia
2534 1762 2861 1828 temperata,
2891 1754 3012 1823 quia
3044 1754 3367 1813 calidissima
3400 1759 3546 1828 lrigi-

268 1831 403 1888 nihil
450 1842 623 1897 potest
663 1846 782 1891 esse
825 1832 1059 1885 visibile.
1102 1830 1252 1885 Unde
1293 1822 1568 1885 Lucretius
1598 1847 1611 1883 :
1659 1831 1731 1884 Ex
1774 1831 1855 1883 in-
1894 1836 1934 1896 Β
1964 1826 2093 1898 dior:
2110 1835 2190 1878 est
2220 1822 2564 1898 frigidissime
2591 1824 2726 1898 viro.
2761 1826 2825 1877 Et
2851 1822 2950 1898 hoc
2977 1829 3222 1896 estquod
3252 1831 3440 1898 pagina
3465 1822 3548 1886 di-

272 1904 515 1959 sensibili
555 1918 622 1958 ne
660 1902 851 1957 credas
891 1902 1144 1956 sensibile
1182 1901 1366 1966 nasci;
1406 1908 1462 1954 et
1502 1901 1799 1955 Macrobius
1841 1919 1855 1955 :

268 1973 459 2045 omnis
493 1973 726 2045 qualitas
764 1975 1029 2041 geminata
1071 1972 1292 2045 crescit.
1337 1986 1605 2045 nunquam
1647 1982 1860 2045 contra-

269 2044 411 2100 rium
452 2041 724 2114 operatur.
767 2044 882 2098 Non
925 2057 1054 2112 ergo
1092 2056 1156 2095 ex
1200 2041 1321 2109 igne
1365 2043 1449 2095 vel
1491 2057 1616 2114 aere
1662 2042 1861 2098 habent

268 2115 413 2184 quod
444 2112 669 2169 vi‘sibilia
703 2122 856 2177 sunt,
902 2115 1015 2167 hzec
1043 2115 1238 2181 quippe
1268 2122 1391 2166 sunt
1430 2112 1750 2177 invisibilia;
1792 2129 1857 2169 ex

271 2184 473 2239 visibili
500 2199 652 2254 ergo,
688 2184 738 2237 id
768 2192 853 2237 est
883 2199 945 2237 cx
975 2194 1114 2236 terra
1145 2193 1197 2236 ct
1237 2197 1391 2249 aqua.
1435 2184 1691 2239 Similiter
1718 2186 1857 2252 quoil

273 2254 553 2321 splendida
582 2263 706 2308 sunt
746 2262 802 2310 et
845 2254 1085 2317 mobilia,
1132 2268 1197 2307 et
1228 2255 1459 2308 obscuro
1498 2263 1554 2307 et
1601 2256 1858 2310 immobili

271 2331 381 2380 non
425 2326 657 2392 habent;
701 2339 831 2391 ergo
875 2341 938 2378 ex
982 2323 1266 2392 splendido
1308 2334 1363 2379 et
1405 2324 1608 2387 mobili,
1657 2325 1860 2380 scilicet

271 2410 400 2450 aere
425 2404 481 2451 et
520 2397 661 2465 igne.
708 2398 863 2449 Facta
896 2404 1022 2447 sunt
1049 2410 1177 2461 ergo
1203 2410 1269 2448 ex
1299 2407 1527 2462 quatuor
1553 2395 1858 2458 elementis,

271 2465 499 2529 scilicet,
544 2464 612 2519 de
652 2466 990 2520 inferioribus
1030 2465 1334 2518 dominatur
1378 2467 1429 2517 in
1471 2464 1552 2518 eis
1590 2480 1747 2533 aqua,
1794 2468 1861 2520 de

272 2535 645 2607 superioribus
676 2536 844 2607 ignis,
873 2535 1012 2607 quod
1043 2534 1234 2588 eliectu
1268 2533 1705 2607 probaripotest.
1752 2536 1860 2607 ϐυτ

271 2606 447 2661 iorem
479 2607 621 2659 enim
654 2604 812 2659 terris
836 2605 1117 2660 conferunt
1140 2646 1154 2670 ,
1186 2615 1240 2658 et
1268 2605 1332 2657 ad
1367 2604 1747 2658 nutrimentum
1778 2606 1859 2660 sui

273 2676 557 2730 humorem
599 2678 894 2730 attrahunt.
928 2674 1138 2729 Similia
1165 2689 1395 2742 namque
1433 2672 1697 2730 similibus
1726 2689 1860 2730 con-

274 2746 531 2817 gaudent.
565 2745 687 2817 llaec
717 2745 969 2813 subiiciet
1000 2745 1191 2817 aliquis
1224 2744 1399 2799 :‘Cum
1429 2745 1482 2800 in
1509 2760 1635 2800 aere
1664 2747 1732 2799 sit
1763 2749 1862 2801 llu-

274 2815 396 2871 mor
439 2815 664 2885 spissior
703 2831 859 2884 quam
903 2817 954 2869 in
1002 2815 1147 2883 igne,
1189 2824 1243 2870 et
1287 2817 1432 2869 calor
1471 2817 1714 2883 quamvis
1754 2834 1859 2872 non

274 2894 478 2955 tantus,
523 2901 691 2954 quare
730 2888 783 2941 in
823 2901 947 2940 aere
985 2900 1209 2954 corpora
1251 2886 1523 2940 stellarum
1574 2887 1711 2942 facta
1754 2903 1861 2943 non

276 2957 447 3013 sunt?
478 2955 588 3012 Nos
616 2972 742 3011 vero
769 2957 997 3011 dicimus
1025 2956 1165 3024 quod
1205 2960 1447 3025 quamvis
1491 2971 1584 3010 aer
1625 2959 1694 3011 sit
1732 2959 1863 3013 cali-

277 3026 401 3092 dus;
438 3036 523 3082 est
553 3037 731 3081 tamen
759 3036 814 3083 et
842 3026 1092 3081 humidus
1124 3044 1136 3081 :
1171 3042 1275 3080 uou
1317 3042 1445 3095 ergo
1488 3029 1660 3096 potuit
1690 3029 1861 3084 desie-

274 3095 448 3151 eando
493 3097 750 3166 spissare,
802 3107 856 3152 et
904 3098 981 3152 sic
1022 3111 1218 3164 corpus
1267 3097 1499 3151 luciitum
1548 3111 1602 3152 et
1654 3098 1862 3163 visibile

266 3172 464 3248 'creare
486 3208 503 3236 ,
557 3169 720 3250 veluti
754 3168 817 3250 ‘si
844 3183 1002 3250 aqua
1049 3171 1239 3250 spissa
1269 3178 1661 3250 superponatur
1701 3172 1854 3250 igni,
1884 3188 1931 3250 ρ

274 3237 540 3305 spissatur
565 3249 621 3293 et
658 3239 710 3292 in
754 3238 1017 3308 lapideam
1055 3252 1199 3308 stepe
1229 3238 1417 3292 transit
1455 3240 1804 3296 substantiam
1842 3260 1855 3295 :

274 3309 359 3363 sin
400 3320 576 3363 autem
617 3310 773 3365 alicui
804 3310 977 3364 calido
1004 3317 1059 3364 et
1094 3308 1316 3364 humido
1356 3322 1770 3377 superponatur,
1802 3322 1862 3369 ut

271 3391 430 3449 aqua;
455 3379 700 3451 bullienti
719 3421 733 3446 ,
767 3380 838 3445 ita
868 3389 925 3434 ut
952 3380 1020 3434 ab
1049 3379 1140 3434 illo
1167 3379 1282 3451 solo
1312 3381 1547 3434 calorem
1594 3383 1856 3451 recipiat,

274 3463 384 3503 non
412 3449 750 3518 Spissabitur.
789 3452 878 3505 Vel
906 3451 1200 3505 secundum
1227 3450 1639 3505 Constantinum
1669 3468 1685 3507 :
1714 3449 1858 3509 Cum

276 3520 335 3593 in
364 3535 472 3574 uno
501 3521 569 3575 de
596 3521 716 3593 istis
742 3530 972 3592 quatuor
998 3522 1117 3574 dua:
1143 3522 1252 3575 sint
1279 3521 1586 3590 qualitates,
1619 3522 1859 3593 singilla-

274 3591 374 3663 tim
397 3604 562 3663 unam
594 3590 844 3663 habet'ex
874 3606 964 3656 se,
1002 3593 1225 3646 alteram
1252 3592 1474 3648 ert-alio.
1517 3593 1658 3663 Ignis
1695 3590 1762 3650 ex
1799 3610 1860 3652 se

270 3658 481 3714 calidus
518 3669 630 3729 est,
663 3662 840 3717 siccus
881 3677 947 3716 ex
992 3672 1140 3716 motu
1180 3665 1260 3717 vel
1306 3677 1371 3718 ex
1423 3658 1584 3720 terra.
1628 3665 1736 3719 Aer
1776 3676 1861 3721 est

270 3730 533 3803 humidus
567 3747 634 3803 ex
674 3747 756 3797 se,
801 3732 1005 3790 calidus
1042 3748 1115 3787 er
1156 3733 1297 3802 igne.
1346 3735 1494 3803 Aqua
1536 3734 1749 3790 humida
1790 3752 1857 3791 ex

275 3814 440 3866 aere,
474 3801 662 3872 [rigida
692 3818 756 3857 ex
798 3818 876 3859 se.
907 3803 1070 3858 Terra
1101 3801 1227 3858 vero
1251 3819 1320 3859 ex
1360 3801 1422 3857 se
1446 3803 1589 3860 sicca
1616 3817 1694 3861 εει
1714 3847 1730 3872 ,
1762 3809 1857 3862 sed

269 3871 464 3946 frigida
490 3871 561 3927 es
585 3887 744 3946 aqua.
775 3874 930 3941 Quod
962 3888 1088 3928 vero
1118 3873 1180 3946 in
1224 3888 1547 3946 unoquoque
1571 3886 1654 3932 est
1683 3871 1746 3933 ex
1776 3893 1857 3946 se,

268 3942 394 4011 plus
426 3942 480 4018 in
509 3956 575 4018 eo
601 3944 755 4018 valet
781 3960 943 4018 quam
988 3944 1129 4018 quod
1175 3959 1239 3999 ex
1282 3945 1410 4018 alio.
1454 3946 1586 4000 Cum
1630 3961 1758 4018 ergo
1801 3942 1857 4003 in

267 4025 401 4085 aere
431 4013 721 4085 humiditas
749 4015 819 4068 sit
847 4030 913 4070 ex
943 4029 1023 4085 se,
1051 4016 1201 4070 calor
1227 4031 1291 4070 ex
1323 4014 1468 4085 igne,
1498 4013 1773 4084 praevaluit
1804 4022 1856 4074 in

267 4096 338 4138 eo
381 4082 693 4150 humiditas,
722 4100 819 4140 nec
850 4083 1022 4153 potuit
1053 4082 1373 4141 desiccando
1410 4082 1634 4155 corpora
1678 4090 1868 4142 stella--

270 4167 392 4207 rum
420 4168 627 4209 creare.
664 4161 857 4210 lterum
887 4155 1030 4225 quod
1060 4155 1232 4225 majus
1261 4166 1376 4223 est,
1411 4174 1516 4211 non
1551 4158 1649 4211 fuit
1677 4158 1855 4212 divina

268 4225 527 4280 voluntas
565 4227 749 4281 stellas
778 4241 900 4281 esse
942 4229 993 4280 in
1037 4240 1179 4281 aere.
1215 4226 1349 4281 Cum
1381 4227 1523 4282 enim
1565 4243 1657 4281 aer
1698 4237 1857 4285 terra:

269 4295 344 4349 sit
371 4296 606 4361 vicinus,
639 4296 684 4351 si
715 4298 766 4352 in
798 4312 863 4352 eo
902 4308 1088 4352 essent
1115 4297 1314 4363 stellis,
1355 4312 1417 4353 ex
1462 4297 1734 4356 vicinitate
1759 4314 1853 4354 sua

271 4366 871 4439 terramincenderent,
906 4383 1006 4422 nec
1033 4367 1318 4439 aliquidin
1346 4383 1407 4422 ea
1443 4368 1623 4423 vivere
1650 4381 1851 4439 posset.

269 4436 601 4504 Corporibus
645 4438 924 4492 stellarum
967 4441 1046 4493 sic
1087 4436 1321 4504 creatis,
1364 4440 1482 4507 quia
1524 4436 1693 4509 ignea:
1733 4453 1856 4496 sunt

267 4514 510 4571 naturae,
541 4516 825 4575 cteperunt
850 4523 911 4563 se
938 4524 1185 4574 movere,
1215 4521 1266 4564 et
1307 4525 1374 4562 ex
1410 4518 1554 4563 motu
1584 4512 1864 4566 SUbtiillllll‘

267 4591 397 4631 aera
424 4576 739 4648 calefacere.
772 4582 889 4648 Quo
916 4581 1183 4634 mediante
1212 4595 1347 4647 aqua
1377 4580 1629 4634 Calefacta
1658 4592 1761 4647 εει,
1788 4598 1853 4638 ex

267 4661 406 4717 aqua
436 4647 692 4703 calefacta
721 4661 775 4705 et
800 4652 1046 4720 spissata,
1081 4652 1289 4715 diversa
1320 4666 1513 4719 genera
1544 4652 1853 4707 animahum

267 4726 398 4771 sunt
427 4728 640 4790 creata;
670 4735 898 4789 quormn
929 4723 1211 4790 quasdam,
1242 4738 1361 4789 qua:
1401 4722 1519 4789 plus
1552 4722 1857 4790 habuerunt

266 4788 613 4859 superiorum
667 4788 1098 4859 elementorum,
1149 4808 1277 4846 ave~
1324 4788 1470 4846 sunt.
1524 4789 1679 4847 Unde
1726 4809 1854 4848 aves

266 4858 435 4932 modo
475 4869 603 4932 sunt
651 4861 704 4915 in
746 4877 871 4917 aere
912 4878 997 4923 ex,
1025 4858 1242 4917 levitate
1285 4866 1643 4932 superiorum,
1694 4865 1853 4919 modo

266 4928 607 4984 descendunt
632 4932 699 4986 in.
720 4944 915 4988 terram
944 4946 1009 4987 ex
1040 4935 1326 5001 gravedine
1356 4928 1687 4987 inferiorum.
1735 4935 1853 4989 Alia

216 5003 226 5011 ’
266 5011 419 5065 vero,
452 5016 585 5074 quae
619 5002 917 5074 plus-aqua:
950 5005 1280 5065 habuerunt,
1322 5004 1497 5074 pisces
1526 5014 1685 5069 sunt;
1731 5007 1854 5061 imle

267 5079 355 5143 est
390 5072 531 5139 quod
576 5073 629 5127 in
670 5075 771 5129 hoc
807 5072 924 5129 Solo
952 5076 1223 5130 elemento
1254 5072 1433 5129 vivere
1476 5084 1719 5143 possunt.
1763 5076 1853 5131 Sic

234 5172 241 5183 ι
266 5140 431 5210 igitur
456 5155 584 5198 aves
610 5152 663 5215 et
692 5148 865 5214 pisces
893 5161 959 5200 ex
989 5160 1125 5215 aqua
1154 5146 1317 5199 creati
1346 5140 1505 5209 sunt';
1544 5146 1685 5199 unde
1714 5148 1853 5202 scri-

268 5221 421 5280 ptum
448 5221 531 5268 est
559 5230 576 5267 :
609 5213 813 5284 Magna:
854 5216 996 5270 Deus
1037 5213 1285 5282 potentiae
1307 5255 1322 5277 ,
1359 5216 1447 5283 qui
1479 5231 1544 5268 ex
1578 5217 1733 5285 aquis
1759 5234 1849 5272 ora

268 5290 384 5335 tum
413 5297 583 5355 genus
614 5287 810 5354 partim
850 5287 1081 5340 remittis
1122 5286 1314 5355 gurgiti
1336 5326 1352 5349 ,
1387 5295 1578 5353 parum
1624 5290 1766 5341 levas
1800 5288 1851 5342 in

268 5366 419 5425 aera.
453 5353 574 5409 listis
615 5353 694 5411 sic
735 5359 929 5411 creatis
967 5372 1032 5411 ex
1072 5353 1443 5425 aqtta’ell‘ectu
1492 5358 1848 5424 superiorum,

269 5423 360 5477 ubi
391 5428 781 5497 aquatenuior
810 5427 909 5481 fuit
928 5470 942 5495 ,
975 5443 1040 5481 ex
1069 5423 1245 5482 calore
1270 5435 1325 5481 et
1353 5423 1624 5480 creatione
1652 5428 1845 5497 praedi-

270 5502 479 5567 ctorum
526 5496 793 5553 desiccata
833 5506 936 5552 est.
982 5501 1364 5567 Apparentque
1415 5497 1467 5550 in
1517 5496 1663 5550 terra
1698 5499 1851 5563 quasi

270 5566 515 5638 quadam
556 5570 809 5632 maculae,
851 5570 902 5622 in
934 5566 1127 5638 quibus
1159 5568 1402 5622 homines
1431 5576 1485 5620 et
1513 5568 1613 5621 alia
1644 5569 1853 5622 anima-

271 5634 342 5689 lia
384 5636 715 5694 habitabant.
760 5640 864 5695 Sed
894 5634 1019 5694 cum
1061 5647 1200 5693 terra
1239 5652 1311 5693 ex
1351 5638 1685 5707 superposita
1717 5653 1851 5708 aqua

272 5715 417 5781 esset
447 5708 637 5781 lutosa,
661 5725 725 5765 ex
751 5711 930 5766 calore
957 5707 1209 5781 bulliens,
1236 5724 1303 5762 ex
1336 5723 1394 5763 se
1422 5709 1630 5763 diversa
1655 5707 1852 5781 genera

272 5775 583 5850 animalium
606 5775 843 5846 ereavit,
873 5781 997 5836 etsi
1035 5781 1088 5835 in
1118 5780 1293 5850 aliqua
1324 5786 1475 5850 parte
1503 5775 1854 5835 terrze'abun-

274 5848 429 5906 davit
448 5851 622 5922 ignis,
652 5851 922 5911 cbolerica
948 5859 1073 5910 nata
1101 5848 1227 5910 sunt
1256 5848 1536 5920 animalia,
1566 5860 1620 5909 ut
1651 5850 1775 5920 leo;
1807 5855 1851 5908 sl

1887 4548 1934 4607 D

1962 1896 2034 1946 rit
2066 1895 2229 1948 Deum
2259 1895 2450 1949 fecisse
2481 1893 2731 1948 feminam
2761 1909 2827 1949 ex
2875 1897 3043 1951 latere
3071 1893 3219 1953 Adm.
3252 1893 3370 1955 Non
3399 1902 3543 1956 enim

1963 1966 2026 2018 ad
2079 1966 2314 2021 litteram
2368 1966 2613 2019 volumus
2658 1965 2826 2019 Deum
2879 1969 3107 2035 primum
3158 1972 3428 2026 hominem
3480 1988 3546 2030 ex

1960 2048 2108 2112 casta
2141 2052 2281 2090 esse.
2324 2037 2429 2112 sed
2460 2036 2602 2112 dicet
2640 2036 2851 2105 aliquis,
2884 2038 3071 2093 eadem
3115 2042 3327 2097 ratiOne
3367 2044 3547 2112 plures

1965 2108 2212 2161 homines
2257 2117 2312 2161 et
2358 2105 2588 2161 feminas
2641 2116 2768 2161 tunc
2820 2121 2979 2176 posse
3023 2113 3228 2173 creari,
3275 2124 3330 2167 et
3367 2105 3547 2169 adhuc

1965 2191 2143 2243 posse.
2188 2178 2296 2231 Nos
2324 2178 2555 2231 dicimus
2583 2191 2769 2231 verum
2811 2192 2953 2242 esse,
2998 2180 3044 2234 si
3089 2181 3264 2237 divina
3297 2184 3546 2240 voluntas

1961 2257 2125 2312 esset,
2144 2250 2263 2315 quia
2288 2260 2344 2301 ut
2370 2247 2570 2316 aliquid
2599 2248 2687 2313 sit,
2704 2258 2890 2302 natura
2917 2262 3192 2317 operante,
3212 2269 3432 2310 necesse
3462 2265 3546 2312 est

1961 2318 2192 2372 divinam
2240 2320 2562 2373 voluntatem
2611 2319 2917 2387 procedere.
2972 2321 3166 2376 lterum
3212 2325 3388 2387 ilicet,
3443 2327 3545 2383 hoc

1961 2403 2082 2442 esse
2111 2388 2307 2443 divina:
2338 2390 2584 2456 potestati
2615 2390 2896 2459 derogare,
2940 2393 3018 2446 sic
3057 2407 3176 2448 esse
3206 2397 3400 2449 factum
3447 2397 3544 2452 ho-

1963 2460 2159 2513 minem
2209 2460 2410 2515 dicer‘e.
2462 2461 2665 2526 Quibus
2711 2462 3098 2529 respondemus
3145 2481 3175 2519 e
3219 2469 3539 2524 contrario:

1964 2530 2074 2602 Iino
2115 2529 2167 2584 id
2207 2541 2289 2584 est
2317 2531 2367 2584 ei
2394 2530 2659 2602 conferre,
2692 2533 2785 2600 qui
2820 2532 2870 2587 ei
2909 2532 3269 2602 a'ttribuimus,
3298 2547 3352 2593 et
3383 2540 3544 2595 talem

1960 2600 2126 2678 rebus
2164 2609 2407 2678 naturam
2437 2600 2669 2665 dedisse,
2710 2608 2765 2656 et
2790 2602 2869 2655 sic
2900 2617 2997 2671 per
3040 2600 3282 2661 naturam
3312 2622 3542 2678 operan-

1965 2681 2078 2748 t_cm_
2114 2669 2392 2725 humidum
2434 2684 2628 2748 corpus
2656 2669 2914 2748 creassei
2947 2689 3068 2748 nam
3111 2678 3162 2731 in
3207 2669 3546 2748 quoidivinte

1962 2740 2254 2817 Scriptura:
2279 2743 2534 2817 contrarii
2564 2756 2773 2817 sumus,
2804 2743 2847 2817 si
2876 2745 3016 2813 quod
3049 2747 3136 2800 illa
3165 2740 3297 2803 dicit
3323 2747 3544 2817 factum,

1961 2825 2059 2864 nos
2087 2812 2316 2881 qualiter
2355 2812 2550 2866 factum
2594 2813 2665 2865 sit
2705 2812 3054 2882 explicemus.
3099 2818 3156 2873 Si
3197 2819 3341 2874 enim
3387 2812 3549 2877 modo

1965 2895 2102 2952 unus
2141 2882 2357 2950 sapiens
2385 2884 2529 2938 dicat
2555 2881 2756 2950 aliquid
2780 2881 2910 2940 esse
2939 2884 3159 2952 facturn,
3198 2900 3254 2944 et
3303 2906 3407 2946 non
3450 2906 3549 2948 ex-

1964 2950 2124 3032 plicet
2144 2954 2408 3032 qualiter;
2439 2955 2572 3007 alter
2598 2968 2725 3032 vero
2752 2956 2852 3032 bu_c
2883 2957 3018 3032 idem
3043 2950 3187 3032 dicat
3213 2968 3268 3015 et
3287 2974 3544 3032 exponat,

1961 3036 2080 3102 quae
2107 3023 2159 3077 in
2203 3024 2305 3102 hoc
2335 3033 2418 3079 est
2442 3025 2834 3102 contratietas?
2878 3028 2981 3102 sed
3013 3030 3264 3097 quoniam
3303 3023 3404 3102 ipsi
3443 3023 3545 3090 ne;

1961 3095 2138 3166 sciunt
2166 3094 2305 3149 vires
2334 3106 2555 3158 natura),
2590 3104 2648 3149 ut
2675 3098 2986 3166 ignorantiae
3012 3094 3123 3156 suae
3153 3094 3341 3159 omnes
3363 3103 3545 3161 socios

1966 3162 2219 3230 habeant,
2254 3162 2715 3240 nolunt'aliquem‘
2732 3183 2823 3225 eas
2854 3169 3143 3240 inquirere,
3174 3173 3268 3228 sed
3298 3183 3354 3230 ut
3382 3177 3545 3233 rusti-
3631 3199 3635 3203 ν

1962 3248 2056 3289 eos
2087 3238 2457 3314 noscredere,
2481 3251 2586 3314 nec
2612 3239 2874 3314 rationem
2903 3238 3162 3310 quaerere,
3196 3254 3252 3298 ut
3272 3245 3382 3314 jam
3412 3246 3546 3304 illud

1967 3305 2337 3386 propheticum
2347 3308 2651 3386 impleatur
2682 3325 2697 3365 :
2730 3308 2845 3386 Erit
2872 3305 3113 3386 sacerdos
3140 3305 3543 3386 sicut-populus.

1964 3375 2535 3457 Nos_autem_dicimus
2560 3378 2627 3457 _iu
2658 3381 2909 3457 omnibus
2946 3384 3211 3457 rationem
3241 3375 3543 3457 essequa-

1963 3447 2300 3531 reud_arn,_si
2350 3459 2521 3531 potest
2559 3450 2808 3531 inveniri.
2855 3453 2910 3531 Si
2942 3456 3091 3531 enirn
3112 3456 3273 3510 alicui
3299 3447 3540 3531 deiiciat,

1963 3518 2110 3589 quod
2135 3519 2308 3574 divina
2345 3518 2534 3590 pagina
2561 3522 2819 3591 allirmat,
2863 3524 3091 3590 Spiritui
3118 3536 3307 3581 sancto
3334 3541 3388 3585 et
3419 3518 3544 3587 lldei

1962 3599 2046 3668 est
2072 3590 2450 3668 mandandum.
2497 3593 2611 3668 Non
2643 3593 2786 3668 enim
2817 3595 2903 3648 ait-
2921 3597 3114 3668 Moses,
3147 3597 3205 3653 Si
3234 3613 3400 3668 agnus
3432 3616 3540 3656 non

1962 3667 2143 3727 potest
2171 3662 2379 3742 comedi
2405 3703 2420 3726 ,
2467 3663 2644 3742 statim
2677 3664 2781 3742 igni
2824 3666 3212 3742 cumburatur:
3255 3662 3354 3726 s'ed
3397 3670 3544 3742 prius

1961 3741 2220 3809 convocet
2258 3733 2486 3809 vicinum
2518 3733 2955 3809 quicoiijunctus
2983 3747 3067 3792 est
3089 3738 3270 3794 domui
3301 3733 3446 3809 sumi,
3490 3752 3546 3797 et

1961 3802 2006 3854 si
2042 3815 2141 3881 nec
2166 3804 2236 3857 ita
2266 3803 2532 3881 sufﬁciunt
2561 3806 2627 3858 ad
2658 3802 3005 3881 estimagni,
3038 3811 3401 3881 tuncﬂdemum
3432 3802 3544 3881 igni

1962 3872 2304 3950 comburatur
2330 3876 2504 3950 inquia
2535 3890 2655 3930 cum
2694 3876 2761 3950 de
2800 3872 3075 3950 divinitate
3114 3876 3314 3948 aliquid
3344 3872 3544 3950 quini:-

1962 3958 2103 4018 mus,
2144 3946 2188 3998 si
2219 3944 2286 3999 ad
2330 3944 2460 4018 illud
2488 3946 3052 4014 comprehendendum
3084 3944 3542 4018 non'sullic'imus,

1962 4015 2197 4068 vicinum
2236 4015 2416 4068 domui
2457 4021 2656 4069 nostra:
2685 4029 3065 4083 convocemus,
3111 4019 3161 4072 id
3201 4032 3286 4076 est
3324 4015 3545 4078 maneo;

1962 4093 2069 4137 tem
2113 4085 2165 4138 in
2196 4085 2384 4140 eadem
2416 4086 2518 4138 lide
2557 4084 2821 4141 catholica
2846 4087 3196 4154 iuquiramus.
3244 4091 3338 4145 Sin
3365 4107 3544 4149 autem

1961 4170 2058 4208 nos
2086 4170 2259 4228 neque
2303 4155 2391 4209 ille
2420 4155 2586 4228 aditi
2614 4159 3177 4226 coinprebeudendum
3225 4164 3544 4228 sullicimus,

1962 4235 2085 4279 tunc
2105 4227 2231 4280 ih'ud
2257 4228 2376 4296 igne
2401 4226 2519 4280 fidei
2542 4229 2937 4283 comburamus.
2965 4230 3069 4284 Sed
3103 4232 3187 4286 isti
3221 4236 3415 4288 multos
3446 4226 3544 4289 ha;

1960 4296 2148 4373 bentes
2187 4301 2389 4373 vicinos
2427 4297 2607 4351 domui
2646 4313 2757 4351 suae
2795 4301 3146 4373 coniunctos,
3184 4317 3251 4358 ex
3289 4307 3545 4373 superbia

1960 4367 2149 4445 nolunt
2175 4368 2404 4437 aliquem
2433 4382 2764 4445 convocare,
2800 4372 3115 4445 maluntque
3134 4367 3370 4429 nescire
3383 4392 3543 4445 quam

1961 4438 2029 4512 ab
2056 4440 2162 4492 alio
2187 4455 2432 4512 quaerere
2447 4448 2557 4512 ;‘_et
2592 4441 2637 4493 si
2676 4443 2908 4512 aliquem
2947 4438 3308 4509 inquirentem
3346 4438 3545 4512 sciant,

1964 4510 2112 4563 illum
2142 4524 2263 4565 esse
2306 4509 2612 4564 ltzereticum
2644 4509 2911 4585 clamant,
2959 4513 3077 4580 plus
3106 4515 3174 4568 de
3203 4532 3302 4570 suo
3332 4509 3548 4585 caputio

1962 4588 2368 4657 prirsumentes,
2396 4596 2554 4657 quam
2585 4580 2863 4657 sapieniia:
2888 4598 2998 4657 sua;
3029 4586 3379 4657 continentes.
3402 4580 3544 4657 Sed,

1955 4666 2155 4719 quaeso,
2187 4668 2253 4728 ηρ
2285 4652 2489 4728 lialiitui
2515 4654 2703 4728 credas
2723 4694 2740 4722 ,
2772 4653 2883 4723 jam
2910 4655 3054 4708 enim
3080 4655 3132 4709 in
3159 4657 3239 4710 eis
3270 4652 3546 4728 impletum

1955 4730 2055 4787 est,
2088 4722 2230 4791 quod
2261 4724 2335 4776 ait
2366 4723 2645 4789 Satyricus
2676 4740 2689 4776 :

2083 4811 2252 4878 iironti
2273 4815 2401 4863 nulla
2426 4816 2564 4874 lides,
2588 4816 2699 4878 quis
2723 4816 2855 4866 enim
2879 4812 2977 4867 uoit
3003 4818 3137 4870 vicus
3159 4818 3377 4872 abundat

2076 4875 2317 4926 Tristibus
2336 4875 2612 4929 μυθεωυίδῖ

1955 4959 2024 5016 Et
2056 4958 2248 5014 iterum
2281 4978 2295 5013 :

2077 5050 2234 5119 Iiarus
2252 5064 2417 5101 sermo
2436 5061 2514 5119 est
2540 5052 2642 5119 iile,
2671 5059 2725 5119 et.
2746 5067 2920 5119 magna
2942 5055 3333 5115 lib':do-taeendl,

2079 5115 2245 5175 Atque
2264 5115 2535 5175 supercilio
2556 5117 2752 5165 brevior
2771 5115 2928 5168 coita.

1957 5197 2025 5251 Et
2048 5199 2300 5266 quoniam
2329 5196 2398 5250 de
2425 5198 2594 5267 prima
2626 5201 2900 5257 creatione
2929 5217 3106 5258 rerum
3137 5199 3363 5258 fecimus
3394 5218 3550 5263 manv

1959 5270 2196 5340 tionem,
2244 5282 2403 5336 quam
2451 5269 2931 5340 diversirdlversis
2981 5274 3309 5340 temporibus
3358 5274 3557 5332 dicunt

1954 5338 2291 5415 esse__faetain
2310 5339 2721 5415 ,idooeamus-iu
2751 5338 3128 5415 quodtempore
3151 5356 3204 5397 et
3233 5345 3426 5415 quibus
3454 5362 3543 5402 ra-

1955 5408 2191 5484 tionibus
2223 5409 2404 5462 dicnut
2432 5423 2569 5484 esse
2596 5408 2811 5484 iactam.
2859 5408 3065 5484 Hebrini
3107 5408 3330 5484 ergo'et
3369 5417 3563 5475 Latini.

1954 5481 2138 5559 dicunt
2168 5480 2374 5559 in_v_ere
2405 5479 2723 5559 principium
2754 5483 2935 5559 mundi
2967 5483 3151 5540 fuisse.
3170 5479 3337 5543 'Unde
3372 5487 3542 5559 Virgi-

1954 5551 2059 5606 lius
2088 5550 2156 5605 de
2184 5547 2373 5603 diebus
2399 5552 2540 5607 veris
2571 5552 2797 5623 loquens
2823 5553 2899 5606 ait
2930 5568 2944 5606 :

2077 5641 2184 5707 Non
2212 5641 2389 5707 alios...
2408 5643 2457 5692 in
2485 5645 2637 5707 prima
2660 5645 2853 5707 origine
2876 5644 3044 5694 mundi

2079 5703 2310 5754 ltluxisse
2327 5705 2455 5769 dies,
2480 5703 2692 5757 aliumve
2715 5703 2950 5758 habuisse
2971 5714 3219 5760 tenorem.

1956 5785 2161 5859 Deinde
2191 5787 2467 5859 subiungit
2497 5805 2512 5843 :

2080 5857 2179 5911 Ver
2201 5857 2317 5911 illud
2342 5857 2468 5926 erat,
2487 5874 2574 5914 ver
2599 5865 2794 5925 tempus
2814 5860 3006 5925 sntiat.
