4060 6368
278 361 413 420 {Nl

1242 360 1761 419 ELEMENTORUM
1800 359 2273 419 PHILOSOPIHAI}
2314 361 2438 417 LIB.
2483 361 2547 418 ll.
2616 378 2627 381 '

3399 364 3551 424 ηις

279 480 462 543 latum,
512 475 660 547 etin
700 475 908 547 signum
952 484 1209 533 mutatum
1256 476 1519 541 dicentes,
1560 488 1612 531 et
1662 477 1739 530 sic
1783 477 1851 532 de
1879 481 1927 542 Α
1956 474 2107 547 Quod
2142 489 2235 543 per
2276 490 2463 530 navem
2492 483 2796 531 currentem
2828 474 2880 530 in
2914 476 3048 531 mari
3082 475 3292 547 probari
3333 490 3528 546 potest.

277 550 415 602 aliis.
448 546 599 614 Quod
624 546 789 613 genus
818 548 1074 602 tractandi
1104 550 1331 602 maxime
1355 558 1438 603 est
1466 550 1822 602 necessarium

276 617 392 673 Non
422 619 564 673 enim
595 620 793 671 scimus
822 618 891 671 de
927 634 1249 687 unoquoque
1288 620 1463 685 signo,
1492 619 1541 672 in
1574 634 1673 687 qua
1704 630 1852 685 parte

275 689 397 743 cmli
426 688 516 753 sit,
549 696 603 743 et
642 698 769 755 quot
797 688 963 741 stellze
994 689 1045 743 in
1076 705 1141 741 eo
1170 688 1297 751 sint,
1336 699 1386 742 et
1416 688 1642 755 qualiter
1670 689 1853 753 dispo-

276 761 414 813 sitae.
447 758 776 826 Astrologice
806 774 932 813 vero
965 768 1214 823 tractare,
1256 768 1339 812 est
1374 774 1434 811 ea
1463 775 1579 823 mue
1610 758 1854 813 videntur

276 829 329 882 in
360 830 726 892 superioribus
753 828 952 891 dicere,
985 843 1095 881 sive
1143 831 1209 881 ita
1254 829 1346 892 sit,
1394 830 1505 881 sive
1533 844 1660 891 non,
1692 832 1853 882 nmita

274 899 419 954 enim
452 899 520 950 ibi
549 899 794 951 videntur
822 914 965 957 esse.
993 914 1110 964 qua:
1138 915 1238 952 non
1270 908 1412 961 sunt,
1441 901 1559 966 quia
1590 901 1733 955 visus
1759 899 1857 951 fal-

277 970 438 1035 litur;
470 969 547 1023 sic
596 978 784 1022 tractat
816 969 1133 1034 Marcianus,
1191 970 1545 1038 Hipparchus.
1600 968 1855 1023 Astrono-

276 1054 414 1093 mice
446 1048 634 1093 tractat
670 1038 840 1093 Julius
874 1040 1156 1104 Firmicus,
1194 1040 1530 1093 Ptolomaeus.
1564 1038 1696 1110 Cum
1728 1056 1856 1110 ergo

273 1110 473 1163 dictum
503 1120 583 1162 est
611 1126 622 1161 :
649 1110 855 1163 Ctelum
908 1112 1037 1177 tegit
1085 1111 1283 1173 omnia,
1327 1107 1698 1176 astrologicum
1752 1107 1854 1173 est,

275 1182 399 1247 quia
429 1180 509 1235 sic
539 1180 784 1244 videtur;
833 1180 911 1232 vel
953 1180 1119 1233 aether
1146 1180 1338 1234 dicitur
1367 1179 1583 1241 coelum,
1626 1179 1746 1246 quia
1776 1189 1857 1233 est

174 1306 177 1313 λ
273 1250 508 1304 diversis
548 1250 719 1304 stellis
747 1249 1013 1303 ca-latum.
1058 1250 1262 1304 Dicitur
1294 1249 1704 1312 ﬁrmamentum,
1734 1251 1854 1318 quia

271 1335 371 1375 suo
393 1320 584 1375 eﬂ‘ectu
607 1328 662 1375 et
682 1320 862 1372 calore
882 1320 1181 1386 stellarum,
1211 1335 1328 1388 quae
1352 1320 1401 1372 in
1426 1335 1490 1373 eo
1512 1329 1655 1383 sunt,
1683 1321 1857 1374 lirmat

273 1400 329 1444 et
351 1401 608 1457 temperat
639 1389 871 1443 subdita.
916 1390 1123 1444 leum
1155 1393 1317 1457 igitur
1345 1390 1471 1455 tegit
1501 1391 1699 1450 omnia,
1732 1392 1854 1459 quia

273 1460 329 1515 in
375 1462 575 1516 athere
617 1469 671 1513 et
701 1460 801 1513 sub
831 1460 1031 1515 aethere
1071 1463 1246 1514 omnia
1277 1460 1635 1513 continentur.
1670 1460 1723 1513 ln
1755 1464 1855 1514 hoc

273 1531 524 1585 dicuntur
564 1530 738 1585 stellae
784 1529 986 1597 inﬁxae,
1020 1546 1123 1583 non
1156 1540 1212 1584 ut
1239 1546 1445 1596 gemma
1494 1531 1545 1583 in
1575 1545 1726 1595 auro,
1760 1531 1855 1584 sed

272 1604 395 1669 quia
426 1602 479 1656 in
519 1601 609 1655 illo
638 1600 954 1662 existentes,
984 1616 1197 1669 semper
1238 1601 1290 1654 in
1325 1602 1508 1655 eadem
1542 1611 1688 1666 parte
1719 1602 1856 1655 illius

272 1672 544 1737 videntur,
588 1681 641 1726 et
664 1671 913 1739 quoniam
946 1672 1013 1723 de
1045 1672 1217 1725 inlixis
1240 1671 1463 1725 fecimus
1487 1672 1809 1724 mentionem
1838 1713 1854 1738 ,

272 1757 579 1812 quaeramus
636 1753 811 1795 utrum
862 1753 1197 1807 moveantur,
1254 1756 1320 1794 an
1371 1741 1857 1812 omninohcareant

270 1810 453 1876 motu;
481 1823 535 1867 et
574 1812 618 1865 si
649 1820 952 1875 moventur,
982 1813 1209 1879 qualiter
1236 1819 1569 1865 moveantur.
1603 1810 1737 1864 Sunt
1765 1812 1851 1880 qui

274 1898 368 1939 eas
396 1898 499 1937 non
530 1880 729 1937 moveri
758 1891 1023 1947 asserunt,
1054 1882 1149 1937 sed
1179 1896 1206 1933 a
1240 1882 1593 1947 ﬁrmamento,
1626 1892 1677 1935 et
1710 1881 1759 1934 in
1789 1896 1854 1935 eo

274 1955 408 2008 lixas
436 1952 503 2007 ad
546 1962 721 2007 ortum
770 1960 824 2005 et
855 1965 1103 2006 occasum
1146 1953 1352 2006 referri.
1404 1951 1505 2004 Alii
1536 1951 1719 2004 dicunt
1762 1966 1855 2004 eas

269 2024 489 2093 prOprio
513 2021 906 2093 moturtnoveri,
932 2022 1051 2089 quia
1083 2023 1253 2093 ignea:
1281 2030 1404 2075 sunt
1431 2030 1652 2086 naturas,
1680 2036 1854 2089 neque

270 2092 470 2159 aliquid
503 2095 555 2146 in
586 2092 785 2147 aethere
814 2092 895 2145 vel
926 2106 1051 2146 aere
1098 2092 1215 2146 sine
1265 2103 1410 2144 motu
1442 2106 1595 2158 posse
1641 2102 1854 2145 susten-

274 2164 398 2233 tari,
429 2163 521 2217 sed
552 2176 767 2233 semper
794 2161 844 2215 in
873 2162 1209 2233 eodemiloco
1236 2169 1289 2216 et
1310 2163 1510 2233 circum
1541 2175 1599 2215 se
1630 2162 1851 2233 moveri.

273 2230 439 2288 Tertii
486 2230 786 2288 dicunt'eas
834 2233 997 2285 etiam
1048 2232 1115 2287 de
1159 2234 1275 2285 loco
1321 2232 1385 2285 ad
1422 2232 1595 2284 locum
1627 2232 1851 2297 moveri,

271 2305 474 2358 nullum
510 2314 686 2357 tamen
730 2316 913 2357 earum
945 2314 1146 2355 motum
1190 2302 1358 2355 oculis
1392 2301 1589 2356 nostris
1631 2300 1850 2365 sentire,

276 2377 398 2443 quia
427 2383 630 2429 tantum
658 2373 812 2443 spatii
842 2373 894 2424 in
926 2373 1299 2442 peragratione
1342 2372 1423 2426 sui
1452 2372 1632 2425 circuli
1656 2386 1854 2443 consu:

267 2438 443 2511 munt,
486 2443 626 2511 quod
652 2444 757 2495 vita
790 2438 1206 2511 nummng
1247 2443 1421 2496 brevis
1448 2451 1554 2507 est,
1597 2440 1755 2495 etiam
1786 2438 1853 2493 ad

266 2515 436 2569 breve
467 2523 721 2583 punctum
746 2521 871 2583 tam
922 2512 1086 2564 tardre
1126 2513 1451 2583 accessionis
1490 2514 1852 2583 comprehen-

266 2580 483 2638 dendaa'
507 2598 612 2636 non
664 2580 882 2635 sufﬁcit.
934 2582 1187 2645 Quamvis
1238 2596 1368 2634 vero
1412 2581 1535 2634 huic
1576 2581 1855 2634 sententia:

267 2654 412 2723 quod
458 2651 526 2706 de
572 2653 690 2707 loco
735 2650 802 2723 ad
851 2650 1028 2704 locum
1084 2659 1422 2716 moveantur,
1471 2652 1853 2716 consentimus,

266 2722 429 2779 aliam
461 2734 639 2777 tamen
677 2722 938 2774 rationem
970 2736 1138 2790 quare
1167 2730 1341 2773 motus
1370 2736 1553 2775 earum
1592 2736 1696 2774 non
1728 2736 1853 2775 sen-

268 2795 433 2849 tiatur
464 2792 868 2861 prreteudimus,
899 2805 1017 2859 quae
1048 2791 1166 2844 talis
1192 2800 1293 2845 est.
1325 2792 1509 2844 Omnis
1539 2800 1714 2844 motus
1743 2792 1855 2844 dis-

268 2866 512 2919 cernitur
554 2877 647 2931 per
687 2861 977 2925 immobile,
1023 2862 1107 2914 vel
1150 2869 1243 2930 per
1273 2862 1446 2914 minus
1476 2863 1693 2915 mobile.
1723 2861 1856 2915 Cum

268 2935 414 2989 enim
442 2933 642 3001 aliquid
673 2940 939 2999 movetur,
972 2931 1017 2986 si
1046 2932 1241 3000 aliquid
1272 2933 1543 2986 immobile
1567 2933 1651 2985 vel
1678 2933 1854 2985 minus

268 3006 469 3059 mobile
508 3004 774 3067 videatur,
816 3017 937 3055 cum
981 3002 1179 3070 aliquid
1209 3002 1481 3070 praeterire
1522 3002 1602 3057 vel
1645 3006 1860 3071 propin-

270 3089 441 3142 quare
467 3074 732 3138 videmus,
762 3081 963 3126 motum
995 3073 1274 3126 sentimus.
1304 3075 1397 3127 Sin
1443 3082 1623 3126 autem
1656 3073 1854 3140 aliquid

272 3153 577 3207 moveatur,
606 3158 778 3210 neque
820 3142 1021 3211 aliquid
1051 3154 1203 3197 extra
1233 3142 1429 3212 ipsum,
1469 3147 1551 3197 vel
1581 3143 1856 3198 immobile

1956 546 2125 600 Mutus
2150 560 2279 612 ergo
2299 546 2574 600 stellarum
2606 562 2698 615 per
2725 547 2994 602 immobile
3026 546 3109 603 vel
3135 549 3308 601 ntinus
3338 550 3537 607 mobile

1955 617 2347 686 superpositum
2391 618 2637 683 sentitur,
2692 632 2960 685 nunquam
3006 620 3423 687 superpositum,
3477 632 3536 676 ut

1957 703 2054 756 per
2075 686 2219 753 signa
2246 697 2446 740 motum
2473 688 2803 753 planetarum
2828 686 3200 754 discernimus,
3228 688 3350 753 quia
3376 691 3534 745 modo

1955 760 2054 829 sub
2086 758 2184 810 hoc
2226 759 2396 824 signo,
2432 759 2589 810 modo
2617 760 2715 829 sub
2745 758 2851 810 alio
2880 758 3148 829 videntur.
3198 758 3372 828 Super
3399 775 3537 829 pra:-

1956 826 2127 880 dictas
2173 838 2350 882 autem
2383 828 2563 881 stellas
2614 826 2747 879 nihil
2780 838 2861 881 est
2893 828 3124 895 visibile,
3167 843 3263 881 nec
3282 826 3414 884 ideo
3455 840 3539 886 est
3618 880 3625 889 .

1956 912 2063 968 quo
2089 906 2262 950 motus
2284 912 2465 950 earum
2497 897 2725 951 discerni
2753 898 2934 965 pOsSil.
2964 898 3238 952 Moventur
3263 914 3410 968 ergo,
3441 903 3533 956 sed

1958 967 2138 1021 infixae
2166 968 2432 1033 dicuntur,
2465 969 2586 1035 quia
2634 975 2810 1021 motus
2855 984 3036 1022 earum
3066 983 3171 1023 non
3200 967 3447 1026 sentitur.
3481 971 3537 1026 ln

1956 1039 2143 1091 eodem
2192 1038 2525 1091 lirmamento
2573 1039 2819 1091 undecim
2866 1038 3115 1092 dixerunt
3138 1053 3261 1093 esse
3286 1042 3539 1105 circulos,

1957 1122 2181 1175 quorum
2213 1108 2319 1160 duo
2347 1120 2465 1162 sunt
2496 1108 2753 1171 visibiles,
2785 1106 2873 1161 alii
2905 1108 3218 1164 invisibiles.
3251 1111 3324 1165 De
3352 1112 3541 1165 visibi-

1958 1177 2095 1231 libus
2119 1192 2249 1244 ergo
2279 1179 2445 1244 prius,
2472 1178 2667 1232 deinde
2693 1178 2760 1232 de
2797 1179 3154 1234 invisibilibus
3183 1180 3533 1238 disseramus.

1960 1248 2074 1302 Duo
2097 1262 2225 1315 ergo
2254 1248 2514 1309 visibiles,
2541 1248 2798 1316 galaxias,
2831 1248 2881 1302 id
2912 1258 3016 1313 est,
3049 1250 3249 1303 lacteus
3279 1253 3534 1307 circulus.

1959 1318 2087 1372 Gala
2119 1318 2268 1391 enim
2313 1319 2560 1391 (aaddc;
2588 1317 2829 1391 circulus,
2860 1328 2914 1374 et
2943 1319 3228 1383 zodiacus;
3260 1329 3313 1375 et
3352 1322 3542 1391 incipit

1958 1387 2195 1459 galasias
2235 1386 2387 1455 juxta
2417 1386 2848 1455 SéptentriOnem
2880 1404 2941 1443 ex
2993 1400 3143 1457 parte
3181 1390 3435 1457 Orientis,
3464 1386 3534 1446 ἐι

1958 1458 2025 1512 ab
2057 1458 2273 1530 obliquo
2305 1473 2396 1525 per
2426 1459 2687 1530 Cancrum
2719 1470 2772 1513 et
2812 1459 3198 1530 Capricornum
3245 1465 3532 1529 transiens,

1958 1530 2022 1582 ad
2076 1529 2217 1582 idem
2267 1528 2551 1582 revertitur
2598 1528 2932 1596 principium.
2986 1530 3187 1583 Dicitur
3230 1546 3405 1587 autem
3454 1528 3536 1588 sic

1961 1608 2179 1667 propter
2205 1598 2491 1652 notabilem
2522 1600 2601 1652 sui
2641 1598 2957 1653 claritatem.
3001 1598 3056 1654 Si
3086 1602 3204 1669 quis
3237 1616 3367 1656 vero
3396 1606 3538 1659 unde

1959 1672 2029 1723 sit
2057 1670 2144 1722 ille
2175 1671 2225 1723 in
2258 1670 2343 1722 illa
2378 1681 2524 1736 parte
2552 1670 2674 1723 caeli
2707 1671 2960 1724 notabilis
2988 1671 3239 1737 splendor
3271 1673 3413 1727 scire
3439 1673 3536 1726 de-

1960 1742 2181 1804 siderat,
2231 1739 2553 1793 Macrobium
2578 1740 2761 1811 Alegat.
2797 1739 3232 1811 Zodiacusvero
3262 1757 3309 1811 7a
3352 1742 3539 1811 Capri-

1959 1824 2125 1863 corno
2152 1825 2244 1875 per
2266 1811 2499 1863 Arietem
2526 1809 2591 1862 ad
2608 1808 2866 1863 Cancrum
2896 1809 3213 1876 ascendens,
3240 1810 3309 1865 de
3330 1808 3538 1869 Cancro

1961 1895 2054 1948 per
2092 1880 2304 1934 Libram
2343 1879 2409 1933 ad
2441 1880 2821 1947 Capricornum
2861 1878 3157 1935 descendit.
3202 1881 3538 1941 Descendere

1959 1964 2087 2021 vero
2116 1958 2175 2021 et
2197 1950 2508 2015 ascendere,
2526 1950 2679 2017 juxta
2711 1963 2951 2021 nostrum
2980 1950 3159 2015 situm,
3187 1951 3423 2021 intelligo
3448 1954 3537 2009 hic

1955 2019 2234 2093 duodecim
2276 2034 2462 2093 aequas
2506 2028 2703 2085 partes,
2759 2031 2815 2073 ut
2864 2020 3027 2075 refert
3078 2019 3393 2086 Macrobius,
3442 2039 3539 2093 per

1954 2089 2155 2144 ﬂuxum
2181 2104 2333 2156 aqua:
2358 2089 2561 2161 divisus
2587 2100 2691 2155 est,
2722 2105 2944 2160 quarum
2977 2106 3309 2161 unaqumque
3336 2089 3533 2149 dicitur

1954 2163 2184 2230 signum,
2218 2161 2337 2229 quia
2367 2160 2446 2215 eis
2471 2160 2744 2227 signamus
2792 2162 2845 2215 in
2889 2176 2991 2229 qua
3022 2173 3172 2230 parte
3202 2164 3323 2218 creti
3355 2164 3424 2219 sit
3451 2164 3534 2220 sol

1954 2240 2009 2302 et
2037 2230 2132 2284 alii
2163 2230 2412 2302 planetze.
2446 2230 2594 2302 etrad
2624 2246 2780 2299 quam
2808 2230 3054 2302 exierint,
3078 2240 3132 2285 et
3161 2232 3226 2286 ad
3250 2249 3407 2302 quam
3437 2232 3536 2288 de-

1953 2301 2113 2355 beant
2158 2300 2457 2367 pervenire.
2488 2301 2617 2365 Qua:
2645 2302 2793 2370 signa
2823 2301 2947 2370 quia
2992 2300 3294 2357 nominibus
3324 2306 3534 2359 anima-

1955 2371 2085 2425 lium
2120 2371 2326 2424 titulata
2379 2378 2523 2433 sunt,
2556 2378 2612 2422 ut
2651 2372 2826 2435 Aries,
2868 2370 3095 2433 Taurus,
3136 2381 3264 2438 etc.,
3300 2374 3532 2428 circulus

1954 2443 2043 2511 qui
2077 2456 2139 2495 ea
2168 2441 2425 2505 continet,
2457 2440 2719 2494 Zodiaeus
2740 2441 2955 2511 dicitur.
2993 2447 3103 2500 Ζωὴ
3131 2443 3273 2497 enim
3308 2456 3384 2497 est
3417 2446 3538 2497 ani-

1954 2510 2081 2564 mat.
2112 2510 2168 2566 Si
2196 2513 2314 2577 quis
2344 2521 2521 2564 autem
2553 2525 2741 2565 causas
2772 2510 3044 2564 nominum
3076 2522 3298 2579 qumrat,
3342 2513 3536 2579 Hclpe-

1957 2583 2127 2634 ricum
2156 2580 2314 2647 legat.
2340 2580 2624 2648 Siguorum
2652 2596 2778 2652 vero
2805 2582 2923 2635 talis
2950 2591 3040 2652 est
3060 2582 3361 2650 dispositio,
3388 2583 3534 2652 quod

1956 2652 2284 2719 propinquus
2332 2652 2485 2703 nobis
2531 2660 2613 2703 est
2655 2648 2884 2715 Cancer,
2934 2648 3160 2714 scilicet,
3208 2653 3258 2705 in
3298 2648 3531 2706 conﬁnio

1956 2730 2152 2792 nostrae
2180 2721 2489 2792 habitabilis
2522 2729 2575 2792 et
2605 2720 2841 2774 torridaz.
2881 2721 3080 2792 Deinde
3124 2721 3233 2775 Leo
3259 2722 3533 2792 aliqutnto

1957 2791 2234 2844 descendit
2255 2804 2440 2844 versus
2457 2788 2750 2853 Orientem,
2780 2800 2897 2858 post
2922 2790 3112 2859 Virgo;
3138 2791 3329 2846 deinde
3350 2788 3535 2855 Libra,

1958 2860 2010 2915 in
2067 2859 2245 2914 medio
2284 2860 2522 2931 torridze
2560 2874 2707 2913 zona:
2752 2861 3026 2925 existens;
3080 2861 3215 2914 ultra
3265 2878 3421 2931 quam
3453 2877 3512 2917 es

1958 2932 2233 2997 Scorpius,
2264 2930 2458 2984 deinde
2506 2930 2855 2998 Sagittarius;
2887 2940 3007 2999 post
3050 2946 3207 2998 quem
3238 2930 3320 2986 erit
3346 2934 3540 3001 Capri-

1958 3016 2171 3065 cornus,
2220 3016 2247 3052 a
2290 3001 2441 3054 nobis
2473 3003 2895 3066 remotissimus;
2937 3000 3133 3056 deinde
3179 3002 3393 3069 oblique
3428 3000 3537 3058 ide-

1960 3072 2264 3126 scendendo
2286 3081 2368 3124 est
2393 3072 2678 3139 Aquarius,
2703 3082 2885 3138 postea
2912 3071 3116 3136 Pisces;
3141 3072 3336 3127 deinde
3353 3074 3531 3139 Aries,

1963 3143 2014 3215 i_n
2048 3143 2222 3196 medio
2254 3142 2477 3215 torrida:
2496 3157 2645 3215 zonae
2692 3142 2864 3215 Librae
2906 3146 3233 3215 suppositus,
3260 3158 3417 3215 supra
3447 3149 3532 3200 est

271 3214 363 3271 vel
412 3204 594 3269 minus
637 3204 833 3269 mobile
880 3204 1123 3268 videatur
1152 3258 1167 3282 ,
1226 3204 1425 3267 motus
1446 3230 1553 3269 non
1599 3215 1849 3269 sentitur.
1885 3204 1931 3267 C
1964 3213 2196 3284 Taurus,
2229 3222 2410 3283 postea
2441 3210 2673 3277 Gemini,
2705 3211 2899 3268 deinde
2927 3204 3150 3269 Cancer.

2239 3325 2727 3385 PLANETARUM.

1070 3326 1156 3381 DE
1194 3325 1546 3384 ABSIDIBUS

834 5055 2997 5884 ξ
