4060 6368
300 269 433 328 1145

1252 270 1766 332 ειειιεδτοιιωι
1806 274 2280 334 PHILOSOPHUS
2320 280 2451 336 LIB.
2493 281 2551 341 Π.

3421 280 3553 337 Mlti

297 393 436 450 tida?
466 392 579 447 Non
625 389 768 446 enim
799 388 959 462 All‘a‘m
1009 387 1297 455 probamus
1328 390 1608 455 rationem,
1641 406 1742 458 qua
1772 390 1859 444 di-
1892 396 1932 451 Λ
1964 405 2317 462 exponemus,
2360 394 2517 448 calidi
2558 402 2611 448 et
2639 391 2769 448 sicci
2802 390 3026 449 multum
3071 401 3327 459 appetunt
3356 407 3421 448 ex
3456 408 3550 445 ca-

295 475 421 521 cunt
440 463 653 532 quidam
676 475 738 514 ex
762 459 1033 532 vicinitate
1055 475 1206 532 aqua:
1228 470 1280 512 ct
1310 468 1485 515 terra».
1513 462 1860 516 Probavimus

294 530 656 602 enim‘aquas
704 530 1109 602 congelatasuin
1162 532 1527 601 superioribus
1574 547 1694 587 esse
1753 548 1858 589 non

296 621 473 674 posse.
504 599 637 659 Sunt
687 600 775 668 qui
803 600 945 674 inde
986 599 1170 654 dicunt
1214 599 1388 674 plures
1419 618 1540 657 esse
1580 603 1861 673 qualitates

297 671 452 742 ignis,
480 692 597 742 qum
628 674 678 727 in
707 671 1020 742 quibusdam
1049 672 1362 740 corporibus
1384 683 1509 726 sunt
1537 676 1857 742 conjunctaa,
1898 688 1899 691 ‘

296 750 347 802 in
377 741 688 816 quibusdam
719 744 922 797 divism.
951 741 1022 816 Ut
1046 742 1204 816 igitur
1231 757 1312 796 εει
1342 744 1605 812 quoddam
1647 747 1857 812 igneum

294 830 347 872 et
388 812 646 881 calidum,
696 822 751 867 et
796 829 901 866 non
947 812 1311 883 splendidum,
1359 816 1428 867 ita
1472 826 1553 868 est
1594 817 1857 883 quoddam

293 888 651 953 Splendidutn,
681 895 733 940 et
769 898 871 937 non
905 882 1159 937 calidum.
1187 886 1375 937 Dicunt
1402 889 1539 950 quod
1570 886 1721 953 ignea
1753 904 1858 942 non

293 970 418 1014 sunt
456 960 646 1021 calida,
680 956 778 1010 ni-i
812 970 877 1023 qu
898 974 926 1004 ιι
956 956 1110 1008 alicui
1140 955 1322 1020 spissa:
1350 965 1403 1007 et
1435 958 1614 1009 liumid
1635 977 1663 1008 ι·
1696 971 1862 1014 mate-

296 1031 410 1092 riae,
438 1046 595 1094 quam
629 1030 678 1081 in
711 1026 791 1079 sui
837 1026 1183 1079 substantiam
1212 1035 1587 1089 transmittent,
1620 1039 1744 1081 sunt
1779 1034 1859 1082 vi-

292 1102 432 1155 cina.
468 1100 617 1154 Unde
661 1098 707 1152 si
737 1097 891 1150 alicui
927 1097 1080 1155 igneo
1107 1096 1246 1149 desit
1277 1098 1521 1150 vicinitas
1563 1100 1721 1163 spissi
1764 1101 1861 1154 litt-

293 1174 478 1236 tnoris,
513 1175 564 1224 in
594 1185 665 1223 eo
690 1170 834 1223 calor
857 1166 1061 1221 deficit.
1104 1166 1213 1221 Hoc
1243 1182 1369 1221 vero
1402 1184 1497 1235 per
1536 1170 1703 1222 solem
1740 1186 1890 1236 pro-~

295 1244 450 1306 bant,
483 1243 571 1313 qui
621 1241 677 1294 in
706 1238 1059 1313 convallibus,
1090 1238 1175 1313 ubi
1199 1252 1299 1313 _ae_r
1341 1238 1565 1313 spissior
1608 1251 1711 1305 est,
1748 1257 1860 1295 ma-

289 1329 451 1381 gnum
498 1307 713 1367 exercet
747 1308 1003 1381 calorem,
1038 1309 1091 1361 itt
1123 1307 1391 1364 ultis~imis
1422 1324 1547 1363 vero
1590 1313 1859 1381 montibus

293 1379 509 1451 propter
559 1381 699 1436 aeris
746 1379 887 1434 subii
914 1379 1095 1433 itatem
1145 1394 1264 1451 non
1298 1390 1533 1436 exercet.
1574 1380 1737 1449 Cujus
1782 1386 1856 1439 rei

289 1449 410 1507 sunt
446 1454 699 1508 iudicum
733 1451 883 1504 nives
914 1461 1167 1523 perpetuo
1198 1449 1268 1523 ibi
1317 1452 1625 1523 existentes,
1658 1457 1724 1507 de
1754 1469 1859 1523 quo

291 1525 573 1593 loquentes
604 1526 670 1577 de
708 1522 814 1575 situ
848 1529 1003 1593 terra:
1027 1522 1155 1574 satis
1184 1522 1445 1575 dicemus.
1481 1522 1673 1576 Volunt
1700 1522 1856 1579 etiam

288 1592 378 1650 isti
405 1611 566 1663 super
596 1594 772 1647 lunam
808 1592 1020 1663 nullum
1072 1593 1332 1663 (errorem
1375 1608 1514 1655 esse,
1547 1610 1655 1660 prie
1698 1600 1858 1652 nimia

286 1670 430 1722 aeris
460 1662 776 1734 sub'ilitate.
806 1662 929 1734 Nos»
955 1676 1082 1716 vero
1121 1662 1349 1734 dicimus
1380 1667 1592 1718 nomina
1631 1668 1859 1734 qualita-

1966 464 2079 518 lore
2124 464 2402 528 luxuriam,
2435 464 2529 519 sed
2577 480 2644 521 ex
2678 465 2916 518 Siccitate
2944 479 3065 518 non
3105 466 3373 519 sustinent
3412 463 3582 518 επεν

1961 546 2127 589 etum.
2157 533 2350 603 Frigidi
2385 550 2510 589 vero
2539 545 2593 589 et
2628 536 2751 589 sicci
2787 550 2887 589 nec
2914 534 3227 603 appetitum,
3265 550 3364 589 nec
3407 534 3543 589 eﬂ'e-
3575 564 3584 577 -

1961 614 2103 657 ctum
2154 605 2375 669 habent,
2421 606 2517 659 nisi
2566 620 2709 669 raro,
2738 614 2791 660 et
2835 606 2878 659 si
2926 607 3144 671 faciunt,
3179 606 3414 660 maxime
3463 606 3545 660 eis

1964 685 2139 727 nocet.
2190 675 2382 749 [frigidi
2429 691 2554 749 vero
2582 675 2866 749 etultumidi
2911 690 2942 728 e
2971 677 3242 749 contrario
3273 677 3413 730 male
3442 691 3538 749 ap:
3566 712 3567 715 η

1965 754 2164 812 petunt,
2191 746 2281 799 sed
2312 747 2571 800 sustinent
2603 746 2881 810 effectum;
2909 747 3064 799 calidi
3097 762 3221 799 vero
3247 755 3302 800 et
3334 746 3541 801 ltumidi

1962 816 2254 880 appetitum
2295 826 2351 871 et
2394 817 2643 871 effectum
2697 817 2921 875 habent,
2970 818 3309 885 maximeque
3350 832 3546 886 corpo—

1962 886 2108 939 ribus
2153 886 2365 941 illorum
2412 888 2644 956 prodest.
2689 888 2810 940 llrc
2838 888 3024 940 eadem
3055 888 3206 940 stella
3242 889 3455 943 Lucifer
3484 896 3542 941 et

1964 956 2227 1022 Hesperus
2258 959 2467 1012 dicitur.
2495 960 2598 1012 Sed
2644 957 2855 1013 Lucifer
2887 967 3091 1011 tantum
3123 957 3174 1010 in
3220 974 3376 1012 mane
3418 968 3541 1013 ante

1962 1028 2130 1080 Solem
2180 1028 2405 1095 videtur,
2443 1030 2708 1097 Hesperus
2758 1030 3076 1096 quandoque
3126 1036 3300 1098 potest
3353 1031 3407 1081 in
3454 1043 3545 1081 ve-

1962 1111 2140 1162 ξρετε.
2176 1098 2325 1152 Unde
2351 1112 2432 1153 est
2468 1099 2710 1163 ηιιιεςιίη,
2744 1114 2809 1151 an
2842 1100 2891 1152 itt
2922 1100 3109 1152 eodem
3142 1103 3267 1154 anni
3303 1110 3548 1165 tempore

1964 1171 2130 1234 possit
2169 1183 2289 1222 esse
2320 1170 2528 1225 Lucifer
2553 1179 2607 1225 et
2640 1171 2923 1237 llesperns.
2959 1170 3151 1223 Dicunt
3180 1170 3396 1235 quidam
3447 1169 3549 1221 ltoe

1960 1253 2083 1292 esse
2132 1254 2234 1293 nntt
2272 1256 2446 1306 posse.
2476 1241 2607 1293 Cotti
2636 1241 2774 1294 enim
2810 1241 2950 1308 paris
2981 1250 3063 1293 est
3092 1240 3390 1293 velocitatis
3421 1253 3542 1291 cum

1962 1309 2093 1371 Sole,
2123 1324 2170 1363 et
2208 1310 2319 1365 fere
2349 1312 2399 1364 in
2432 1312 2621 1365 eodem
2654 1313 2825 1377 spatio
2857 1310 3112 1373 temporis
3138 1325 3356 1365 cursum
3388 1324 3542 1361 suum

1965 1381 2266 1447 perliciens,
2295 1384 2563 1449 quomodo
2612 1384 2662 1435 in
2694 1398 2796 1434 una
2827 1382 3127 1445 eademque
3157 1392 3335 1444 nocte,
3368 1383 3419 1431 in
3454 1395 3548 1430 ve-

1961 1465 2120 1512 spere
2147 1466 2399 1520 sequetur
2430 1455 2619 1515 solem,
2650 1463 2703 1505 et
2740 1454 2789 1504 itt
2825 1467 2978 1504 mane
3020 1452 3321 1519 pnecedet?
3354 1452 3406 1503 In
3441 1463 3549 1504 uno

1962 1520 2121 1589 igitur
2170 1534 2411 1588 tempore
2458 1525 2579 1576 ιιιιηί
2633 1526 2898 1586 praecedet
2941 1524 3147 1583 solem,
3179 1532 3234 1577 et
3281 1532 3406 1575 tunc
3454 1528 3540 1574 est

1964 1591 2200 1653 Lucifer;
2236 1594 2286 1645 iit
2334 1594 2504 1647 alero
2549 1605 2819 1661 sequetur.
2850 1603 2903 1646 et
2952 1602 3073 1647 tunc
3119 1600 3203 1647 est
3247 1593 3575 1658 Hesperus.‘

1964 1662 2066 1713 Alii
2100 1663 2285 1735 dicunt
2314 1666 2460 1717 illum
2487 1675 2613 1718 ante
2641 1666 2717 1718 sol
2742 1680 2767 1718 s
2796 1672 2972 1735 orttttn
3006 1663 3193 1729 videri,
3224 1673 3278 1718 et
3308 1672 3429 1735 post
3455 1677 3547 1716 oc-

288 1748 399 1791 tutn
434 1736 618 1811 tribus
642 1733 832 1811 modis“
857 1732 1016 1811 rebus
1057 1732 1297 1811 attribui,
1334 1735 1419 1811 vel
1468 1732 1689 1811 propter
1728 1739 1861 1793 circ-
1897 1754 1938 1811 8
1968 1745 2147 1811 casum
2179 1734 2445 1811 ejusdem,
2478 1751 2581 1787 non
2616 1746 2790 1811 tamen
2819 1734 2970 1811 illum
3004 1732 3324 1811 praecedere
3338 1742 3392 1786 et
3420 1735 3549 1787 sub-

283 1821 456 1871 etutn,
489 1814 548 1859 ut
572 1806 754 1859 vinum
781 1803 980 1857 dicitur
1006 1804 1260 1867 calidum,
1304 1808 1425 1871 quia
1474 1806 1710 1861 calorem
1742 1811 1861 1864 el‘ti-

285 1880 381 1944 cit,
414 1878 513 1932 etsi
560 1876 782 1943 frigidus
839 1874 1129 1939 sentiatur;
1167 1876 1246 1929 vel
1282 1885 1498 1944 propter
1524 1891 1759 1944 sensum,
1807 1894 1863 1935 ιιι

286 1966 410 2006 cum
442 1948 668 2003 dicimus
697 1959 890 2012 aquam
943 1945 1254 2000 bullientem
1297 1960 1417 2001 esse
1463 1947 1714 2012 calidam,
1762 1955 1861 2008 etsi

285 2020 602 2077 naturaliter
641 2018 712 2072 sit
742 2015 962 2084 frigida;
995 2019 1075 2072 vel
1111 2026 1325 2086 propter
1364 2020 1606 2086 signum,
1640 2030 1695 2074 ttt
1738 2034 1858 2078 cuni

280 2093 548 2146 dicimus:
577 2088 774 2144 Sanum
806 2097 888 2141 est
931 2088 1065 2141 bene
1110 2087 1367 2153 dormire,
1397 2090 1511 2143 sine
1550 2090 1861 2149 difﬁcultate

279 2165 508 2230 spirare.
534 2160 664 2215 Cum
712 2157 873 2230 igitur
915 2157 1091 2226 aliqua
1119 2158 1268 2212 stella
1301 2159 1495 2213 dlCillll‘
1526 2160 1737 2227 frigida,
1774 2167 1857 2217 ef-

281 2228 444 2287 fectui
488 2233 789 2297 deputetur.
819 2228 1071 2295 Quamvis
1116 2243 1244 2295 ergo
1275 2230 1325 2283 in
1372 2246 1431 2285 se
1475 2232 1646 2286 calida
1692 2236 1779 2296 sit,
1813 2238 1857 2291 si

277 2304 480 2359 efﬁciat
522 2302 709 2369 frigus,
736 2300 950 2371 dicitur
980 2299 1208 2371 frigida.
1250 2300 1375 2357 Inde
1424 2304 1544 2371 quia
1594 2301 1888 2361 Saturnus.

275 2377 496 2443 junctus
537 2368 638 2443 soli
678 2368 868 2443 minuit
911 2368 1171 2443 calorem,
1199 2368 1698 2443 prepter'efi‘eetum
1729 2377 1861 2433 dici-

278 2441 367 2499 tur
397 2441 638 2512 frigidus,
681 2442 780 2514 etsi
813 2441 863 2493 in
894 2454 951 2495 se
977 2441 1048 2494 sit
1073 2441 1297 2514 calidus.
1328 2443 1430 2496 Sed
1458 2445 1601 2497 dicet
1628 2445 1818 2514 aliquis
1844 2468 1856 2503 :

276 2515 335 2571 Si
367 2511 591 2584 corpora
623 2511 893 2584 stellarum
933 2520 1060 2584 sunt
1105 2513 1277 2584 ignea,
1311 2514 1453 2567 unde
1483 2516 1674 2569 accidit
1715 2511 1858 2584 quod

278 2580 522 2654 qua‘datn
554 2583 621 2637 de
648 2581 754 2654 illis
784 2580 948 2654 frigus
983 2583 1258 2654 efficiunt?
1285 2586 1483 2637 Omnes
1525 2599 1628 2637 non
1661 2586 1711 2640 in
1733 2580 1860 2644 'om-

277 2650 439 2710 nibus
470 2668 628 2721 posse
655 2650 878 2723 inveniri
910 2652 1194 2719 rationem,
1225 2655 1317 2709 sed
1344 2656 1395 2709 in
1426 2655 1743 2723 quibusdam
1774 2676 1859 2715 re-

278 2727 602 2781 currentium
644 2736 764 2796 esse
805 2722 873 2775 ad
913 2723 1260 2796 Creatorem,
1305 2722 1549 2793 quamvis
1597 2731 1861 2796 possimus

282 2798 423 2850 hanc
464 2796 585 2869 inde
629 2793 891 2847 rationem
921 2792 1166 2869 reddere,
1198 2797 1340 2869 quod
1369 2798 1576 2852 diversa
1598 2792 1761 2869 ignea
1793 2817 1858 2857 ex

283 2866 679 2936 propinquitate
710 2872 777 2937 ﬂet
816 2865 1113 2920 remotione
1145 2867 1311 2937 magis
1341 2878 1394 2922 et
1438 2871 1613 2923 minus
1633 2865 1859 2926 'calefa-

280 2934 452 2993 ciunt.
504 2937 654 2991 Unde
704 2934 995 3001 Saturnus,
1038 2936 1162 3005 quia
1207 2934 1253 2989 a'
1285 2940 1438 2993 nobis
1481 2951 1566 2995 est
1606 2945 1855 2998 remotior

276 3026 387 3064 non
416 3007 661 3063 calefacit
700 3014 921 3079 terram.
964 3008 1055 3079 Sol
1104 3021 1235 3079 vero
1273 3011 1395 3075 quia
1435 3020 1519 3065 est
1548 3020 1704 3067 teme
1737 3030 1858 3079 pro-

281 3083 538 3153 pinquus,
584 3076 752 3153 magis
797 3090 918 3153 eam
962 3077 1217 3153 incendit.
1271 3079 1363 3135 Vel
1413 3082 1676 3148 dicamus,
1718 3076 1858 3153 quod

275 3148 523 3224 quamvis
561 3149 741 3224 aliqua
779 3148 937 3224 stella
967 3150 1039 3203 sit
1082 3149 1274 3213 calida,
1304 3160 1430 3205 sunt
1479 3154 1529 3205 in
1558 3168 1619 3208 ea
1668 3148 1862 3224 aliqua),

274 3217 565 3288 qualitates
597 3219 750 3293 nobis
778 3217 1007 3293 ignotis,
1040 3228 1262 3293 propter
1289 3237 1422 3292 quas
1448 3225 1592 3278 calor
1619 3238 1725 3278 non
1762 3217 1864 3293 po-

277 3287 383 3346 test
407 3290 768 3353 descendere;
795 3287 890 3363 sed
920 3287 1052 3357 quia
1071 3291 1123 3343 in
1156 3287 1333 3347 medio
1360 3296 1707 3360 quiestionetn
1740 3287 1863 3363 p'ro-

276 3364 575 3436 posuimus,
611 3360 917 3436 nec_omn_ia
952 3375 1235 3436 possumus
1271 3378 1477 3429 omnes,
1511 3367 1615 3419 erit
1665 3360 1860 3436 ingenii

278 3430 702 3506 uniuscujusque
728 3430 1149 3506 inquirere_quid
1183 3448 1279 3506 pro
1305 3436 1557 3489 solvenda
1590 3438 1686 3489 liae
1717 3430 1864 3506 qua:-

276 3506 457 3577 stiotte
485 3504 652 3577 possit
678 3501 939 3577 invenire.
975 3502 1099 3577 flzce
1137 3505 1326 3577 eadem
1374 3506 1527 3560 stella
1557 3523 1620 3560 ex
1655 3501 1860 3577 frigidi-

279 3584 392 3629 tate
419 3574 611 3645 dicitur
634 3572 852 3645 nociva,
884 3574 1116 3645 maxime
1145 3576 1358 3642 quando
1398 3586 1483 3629 est
1527 3572 1861 3645 retrogr'ada.

280 3645 414 3698 lude
466 3644 519 3696 in
577 3643 770 3697 fabulis
827 3644 1013 3698 falcem
1068 3643 1280 3701 deferre
1331 3646 1546 3702 dicitur.
1606 3643 1862 3706 De‘ferens

275 3717 425 3840 ﬁniuit
478 3714 704 3781 falcem,
756 3714 873 3782 plus
930 3725 1086 3770 nocet
1141 3717 1447 3773 rccedendo
1495 3734 1654 3789 quam
1700 3736 1858 3779 acce-

315 3803 382 3840 en
426 3800 478 3839 ο.

315 3800 478 3841 endo.

351 3854 812 3934 l’ost_Sat_urnum
863 3864 947 3911 est
984 3858 1192 3927 Jupiter
1239 3861 1290 3914 in
1346 3863 1719 3934 peragratione
1763 3881 1859 3920 zo-

277 3926 445 3993 diaci,
483 3927 762 3983 duodecim
810 3940 979 3981 annos
1024 3926 1364 3986 coitsumens'.
1400 3926 1527 3988 Huic
1574 3937 1725 3991 stella
1777 3948 1861 3994 est

278 3998 562 4077 benevola,
595 3997 792 4077 quippe
832 4005 1207 4077 ut_temperata
1235 4003 1288 4077 in
1320 4006 1683 4077 qualitatibus,
1712 4011 1857 4077 quod

279 4083 377 4133 per
405 4067 833 4141 coniunctionem
864 4067 978 4137 ejus
1017 4067 1135 4124 eum
1168 4074 1280 4125 sole
1313 4067 1587 4141 probatum
1619 4067 1857 4135 esu-Sed

278 4138 701 4214 qitoniam‘inter
723 4138 1012 4214 Saturnum
1043 4151 1095 4214 et
1126 4138 1347 4214 Martem
1378 4156 1458 4199 est
1487 4147 1679 4214 inedia,
1713 4150 1757 4202 si
1804 4152 1856 4205 in

282 4209 548 4275 superiori
607 4209 687 4263 vel
741 4207 979 4287 inferiori
1014 4210 1211 4287 _abside
1246 4216 1357 4287 sui,
1397 4216 1583 4271 circuli
1628 4207 1856 4287 existat,

279 4289 608 4357 temperatur
637 4294 821 4357 eorum
853 4279 1130 4357 nocivitas,
1167 4281 1261 4357 sed
1291 4286 1586 4357 minorattir
1616 4290 1736 4357 ejus
1766 4279 1858 4348 be;

283 4349 607 4405 nevolentia.
644 4349 773 4404 Inde
799 4358 882 4404 est
923 4352 1063 4419 quod
1112 4355 1162 4405 in
1195 4353 1386 4410 fabulis
1426 4359 1622 4415 dicitur
1649 4349 1854 4419 'Jovem

284 4421 803 4496 pat_retn_Saturuum
846 4435 1008 4496 regno
1036 4425 1324 4493 expulisse,
1351 4430 1470 4496 quia
1513 4432 1746 4486 Saturno
1779 4437 1856 4488 vi-

1966 1804 2138 1870 sequi,
2193 1808 2292 1858 ltoc
2342 1821 2570 1873 namque
2616 1806 2941 1873 impossibile
2986 1814 3088 1857 εει.
3125 1805 3319 1860 Dicunt
3367 1815 3547 1857 autem

1966 1875 2174 1927 stellam
2207 1876 2349 1930 illam
2383 1878 2622 1930 altiorem
2668 1892 2787 1931 esse
2817 1878 2950 1939 sole,
2982 1875 3122 1928 unde
3164 1877 3361 1929 diutius
3395 1874 3547 1927 vide-

1968 1952 2051 1996 tur
2082 1949 2130 1999 in
2182 1962 2423 2015 vespere,
2471 1949 2567 2000 ιιιεί
2616 1962 2719 2000 non
2766 1956 3021 2013 sequatur
3064 1947 3259 2011 solem,
3303 1945 3462 2000 citius
3495 1944 3549 1999 in

1965 2028 2141 2078 marte,
2176 2020 2273 2070 etsi
2335 2035 2438 2070 non
2478 2018 2762 2086 pr-CCl‘dJl.
2796 2018 2849 2071 ltt
2880 2018 3069 2072 eodem
3112 2018 3270 2085 igitur
3302 2029 3547 2084 tempore

1961 2086 2085 2157 auiti
2120 2088 2330 2142 Lucifer
2357 2101 2409 2144 et
2443 2090 2710 2152 Hesperus
2739 2088 2956 2151 dicitur,
2989 2105 3092 2142 non
3121 2089 3242 2157 quia
3275 2087 3547 2154 przeeedat

1962 2156 2154 2221 solem,
2181 2167 2235 2211 et
2271 2160 2624 2227 subsequatur
2668 2161 2859 2219 solem,
2892 2159 2982 2211 sed
3028 2156 3151 2220 quia
3188 2168 3311 2213 ante
3342 2158 3544 2226 ipsum,

1961 2237 2015 2276 et
2048 2238 2167 2293 post
2207 2245 2270 2281 ex
2303 2231 2380 2283 sui
2427 2230 2706 2285 altitudine
2744 2231 2968 2282 videtur.
3014 2229 3180 2283 Tertii
3227 2229 3412 2282 dcunt
3445 2227 3551 2282 Ve-

1964 2309 2146 2351 nctem
2192 2308 2247 2353 et
2288 2300 2605 2355 Mercurium
2651 2316 2770 2354 esse
2820 2300 2928 2353 fere
2972 2300 3209 2366 eiusdem
3252 2299 3451 2353 coloris
3496 2308 3550 2352 et

1963 2370 2296 2435 quantitatis,
2329 2386 2652 2439 semperque
2701 2372 2869 2424 solem
2912 2370 3178 2426 comitari.
3230 2371 3362 2424 Cum
3418 2386 3547 2437 ergo

1962 2439 2039 2490 sic
2069 2439 2217 2493 illmn
2262 2444 2603 2503 comitantur,
2632 2444 2769 2507 quol
2803 2444 2965 2495 altera
2999 2442 3253 2510 praecedit
3295 2449 3351 2494 et
3381 2444 3549 2493 altera

1961 2511 2225 2581 sequitur,
2257 2512 2567 2579 prtecedens
2608 2512 2662 2565 in
2691 2527 2913 2578 vespere
2945 2521 3161 2581 propter
3198 2510 3541 2579 splendor-ent

1963 2578 2095 2631 sdits
2126 2595 2227 2633 non
2258 2578 2483 2645 videtur,
2513 2584 2605 2635 Sed
2636 2578 2968 2650 subsequens
2997 2578 3115 2650 post
3142 2578 3257 2650 ejus
3288 2596 3539 2635 occasum

1962 2660 2201 2717 apparet.
2229 2652 2427 2705 Contra
2456 2664 2632 2705 autem
2666 2663 2750 2705 cst
2797 2654 2847 2704 in
2899 2667 3071 2713 tuane,
3108 2652 3414 2719 praecedens
3462 2661 3546 2705 et-

1964 2721 2102 2775 enim
2138 2724 2366 2785 videtur,
2393 2722 2485 2777 Sed
2514 2738 2741 2791 sequens
2784 2723 3069 2789 splendore
3096 2723 3201 2776 diei
3249 2722 3542 2786 occulitur;

1964 2791 2059 2845 sed
2109 2794 2231 2861 quia
2280 2797 2433 2847 unius
2474 2795 2674 2847 coloris
2720 2805 2843 2846 sunt
2889 2804 2944 2849 et
2989 2794 3322 2862 quantitatis,
3358 2809 3456 2846 una
3493 2805 3549 2847 et

1963 2862 2152 2917 eadem
2183 2866 2336 2917 stella
2364 2873 2620 2930 reputatae
2648 2873 2792 2916 sunt.
3306 2904 3309 2905 ν

2036 2935 2264 2998 Quintus
2294 2947 2376 2988 est
2406 2935 2717 3000 Mercurius,
2754 2934 2864 2989 fere
2896 2934 2947 2987 in
2979 2950 3119 2989 anno
3152 2933 3397 2987 similiter
3425 2949 3551 2988 cur-

1968 3017 2087 3056 som
2118 3020 2271 3058 suum
2305 3006 2610 3074 perficiens,
2641 3022 2760 3059 cum
2793 3022 2898 3072 quo
2932 3005 3108 3059 Venus
3140 3006 3430 3057 adulterata
3465 3007 3545 3058 tli-

1968 3076 2122 3140 eitur,
2155 3078 2274 3144 quia
2326 3077 2542 3145 quando
2578 3086 2662 3131 est
2708 3077 2759 3129 in
2807 3076 3041 3129 inferiori
3085 3075 3269 3131 abside
3309 3076 3389 3128 sui
3437 3078 3545 3128 cir-

1969 3148 2095 3206 culi,
2125 3148 2468 3213 qualitatibus
2495 3146 2639 3202 illius
2669 3162 2728 3202 se
2751 3148 3082 3200 eumniscet.

2041 3218 2241 3270 Sextus
2284 3225 2365 3270 est
2395 3218 2507 3279 sol;
2556 3217 2649 3272 sed
2680 3226 2965 3285 antequam
2992 3217 3059 3272 de
3087 3232 3153 3272 eo
3188 3217 3452 3279 dicamus,
3482 3218 3548 3272 de

1969 3298 2109 3340 statu
2151 3296 2206 3341 et
2239 3287 2700 3358 retrogradatione
2736 3288 2972 3342 omnium
3021 3288 3393 3358 praedictorum
3443 3289 3540 3339 do-

1966 3372 2183 3411 ceamus
2218 3376 2230 3410 :
2266 3360 2459 3412 deinde
2503 3374 2625 3414 cum
2670 3357 2906 3412 Chaldzei
2955 3357 3238 3413 eteorum
3292 3373 3547 3424 sequaces

1964 3430 2197 3482 dixerint
2224 3430 2394 3482 solem
2424 3445 2543 3484 esse
2573 3432 2621 3483 in
2656 3431 2828 3482 medio
2861 3431 3212 3496 plant-tarum,
3245 3444 3408 3496 super
3444 3429 3544 3483 Ve-

1968 3515 2149 3555 nerem
2195 3508 2250 3553 et
2295 3500 2633 3564 Mercurium,
2675 3502 2908 3571 IEgyptii
2956 3516 3109 3567 vero,
3146 3515 3279 3569 quos
3329 3510 3548 3554 secutus

1965 3582 2048 3625 est
2101 3572 2269 3636 l’lato,
2318 3572 2563 3625 eumdem
2612 3580 2823 3626 sextum
2856 3574 3123 3635 dixerunt,
3177 3572 3545 3640 Mercurioque

1964 3652 2021 3696 et
2049 3641 2240 3696 Veneri
2284 3643 2640 3711 suppositum.
2675 3642 2867 3696 Dicunt
2911 3641 3071 3711 igitur
3114 3643 3327 3711 quidam
3376 3648 3543 3696 solem

1966 3727 2087 3769 esse
2121 3715 2413 3767 attractiva:
2446 3725 2667 3766 naturze.
2693 3712 2748 3766 Si
2778 3715 2935 3782 igitur
2969 3714 3073 3766 illa:
3122 3715 3427 3780 praecedant
3457 3728 3546 3767 so-

1965 3785 2091 3851 lem,
2118 3786 2162 3838 si
2197 3786 2503 3853 prepiuquie
2534 3794 2677 3849 sunt,
2706 3785 2927 3837 attraltit
2955 3799 3047 3837 eas
3073 3785 3138 3835 ad
3169 3798 3260 3848 se;
3290 3786 3332 3837 si
3366 3792 3543 3837 autem

1967 3868 2209 3919 remotae,
2234 3857 2422 3910 saltem
2453 3858 2596 3923 cogit
2623 3868 2714 3907 eas
2739 3864 2903 3918 stare,
2930 3854 3097 3907 donec
3120 3868 3211 3907 eas
3239 3854 3539 3906 transierit:

1963 3927 2106 3996 quod
2131 3926 2419 3981 ostendunt
2444 3926 2536 3993 per
2562 3924 2963 3978 similitudinem
2989 3924 3287 3996 adamantis
3310 3934 3362 3977 et
3394 3924 3543 3996 ferri.

1965 3993 2071 4053 Alii
2111 3998 2296 4051 dicunt
2340 4011 2433 4051 cas
2480 4009 2751 4063 nunquam
2799 4004 2968 4060 stare,
3006 3993 3102 4047 sed
3153 4003 3329 4047 tamen
3376 3995 3542 4048 videri

1962 4066 2104 4137 qttod
2131 4074 2298 4129 stent,
2322 4070 2441 4134 quia
2470 4079 2591 4117 cum
2620 4063 2727 4117 sint
2756 4065 2923 4137 ignea:
2954 4073 3174 4128 naturai,
3211 4079 3433 4137 necesse
3462 4074 3546 4120 est

1963 4138 2103 4207 quod
2134 4152 2344 4203 semper
2365 4137 2470 4191 sint
2494 4137 2544 4188 iu
2575 4145 2741 4189 motu.
2775 4136 3031 4189 Videntur
3055 4144 3228 4207 tamen
3257 4136 3543 4204 aliquando

1963 4206 2027 4263 ex
2055 4209 2161 4262 arsi
2194 4217 2247 4260 et
2279 4208 2414 4261 tliesi
2441 4216 2604 4261 stare.
2644 4208 2866 4260 Constat
2895 4207 3035 4259 enim
3072 4206 3210 4259 inter
3238 4221 3424 4259 omnes
3450 4222 3541 4261 as-

1966 4281 2199 4347 trologos
2247 4292 2674 4346 unumquemque
2716 4276 2783 4330 de
2830 4276 3099 4344 praebetis
3146 4278 3372 4345 planetis
3424 4279 3540 4344 plus

1963 4350 2121 4404 solito
2151 4350 2413 4403 removeri
2445 4364 2474 4401 a
2516 4358 2679 4410 terra,
2711 4357 2763 4400 et
2796 4358 2917 4399 tunc
2946 4348 3207 4402 elevatur.
3236 4348 3541 4415 Aliquando

1965 4423 2079 4488 plus
2121 4422 2280 4474 solito
2326 4433 2511 4473 versus
2560 4428 2755 4470 terram
2797 4416 3146 4488 descendere,
3190 4418 3327 4485 quod
3382 4419 3541 4485 pritui

278 4473 453 4544 cinior
481 4473 672 4556 factus,
702 4473 1001 4545 naturalem
1030 4473 1855 4559 εἱέὶἴεὶῖ’ᾆξ”ηὖὲἰῧίιῖᾶἶὲιῖἱξῒκὲξζ
1882 4473 1930 4531 Ι)
1959 4473 2358 4547 diei‘tnusﬁutn
2381 4503 2511 4557 ergo
2535 4488 2811 4543 elevantur
2826 4498 2879 4541 et
2903 4473 3293 4554 ιιεριίιιιιιιιιὶιι,
3321 4488 3366 4542 si
3382 4473 3545 4543 'recto

277 4561 419 4642 citur
473 4563 636 4642 etiam
687 4562 1039 4642 adulterando
1091 4566 1333 4642 diversos
1397 4574 1682 4640 genuisse,
1732 4578 1852 4642 quia

278 4631 649 4699 conjungendo
679 4646 737 4685 se
761 4634 1049 4702 praedictis,
1079 4637 1289 4690 diversa
1314 4637 1367 4694 in
1397 4631 1624 4698 ferrenis
1665 4631 1850 4700 efficit.

348 4702 561 4781 ‘l‘ertius
599 4711 681 4781 est
706 4704 889 4781 Mars;
914 4706 1090 4781 stella,
1117 4709 1343 4781 scilicet,
1371 4714 1539 4767 calida
1590 4723 1644 4769 et
1687 4715 1849 4781 sicca,

278 4772 484 4854 etinde
525 4772 731 4837 nociva,
758 4776 823 4854 tu.
840 4774 1056 4829 biennio
1096 4772 1371 4854 zodiacum
1406 4800 1728 4854 peragrans;
1759 4772 1854 4843 sed

278 4843 418 4922 inter
457 4842 641 4922 Jovem
689 4854 742 4897 et
788 4844 1314 4922 Venerempositus,
1348 4842 1466 4922 quae
1514 4842 1684 4911 sicne:
1716 4842 1856 4913 sunt

280 4912 576 4977 benevolis,
612 4928 677 4967 ex
706 4927 887 4968 eorum
916 4912 1186 4973 vicinitate
1224 4912 1380 4975 suam
1426 4925 1618 4979 minuit
1647 4912 1852 4984 nocivi-i

280 4993 463 5065 la'elp,
503 4994 555 5065 et
595 4984 1280 5065 illorumbenevolentiam.
1316 4996 1370 5050 In
1423 4997 1619 5064 praeliis
1663 5001 1856 5055 dicitur

278 5055 569 5139 dominari,
606 5055 727 5122 quia
755 5057 1085 5139 cﬂaloretnne‘t
1115 5055 1437 5139 siccitatem;
1458 5070 1743 5139 exquibus
1771 5080 1857 5127 est

279 5125 615 5207 animositas,
658 5125 886 5192 confert,
931 5130 1087 5185 calidi
1128 5136 1270 5189 enim
1312 5144 1367 5192 et
1410 5125 1538 5194 sicci
1570 5125 1855 5198 'suntiaiti-v

279 5209 436 5249 ιηοει.

352 5265 596 5354 Quartus
624 5279 803 5354 autem
852 5273 1142 5354 secundum
1174 5256 1479 5354 Platonicos
1519 5293 1603 5338 est
1634 5285 1850 5354 Venus;
1898 5290 1899 5293 “

281 5336 432 5421 stella
462 5339 629 5421 calida
659 5355 713 5395 et
752 5343 996 5421 humida,
1029 5356 1082 5401 et
1120 5349 1245 5421 inde
1290 5336 1665 5417 benevolapin
1685 5336 1855 5414 ⁷5.ἶῖιό

281 5405 396 5485 fere
444 5411 719 5485 zodiacum
774 5405 1061 5471 circuiens.
1124 5418 1326 5474 Dicitur
1379 5405 1852 5485 adulterata

280 5474 468 5569 ἓξὲξ-ιε,
487 5484 623 5561 quia
736 5486 1009 5566 superiore
1036 5487 1224 5569 obside
1249 5492 1328 5546 sui
1370 5474 1849 5569 é’iiéu'ti'éiisiéii's',

276 5546 422 5632 facta
450 5546 622 5632 vicina
654 5546 826 5632 Marti,
866 5556 1042 5632 minus
1079 5570 1161 5614 est
1208 5546 1850 5627 benevola-iliic'iiu'r'd'eti

269 5615 511 5707 lux‘tsrize
539 5637 680 5707 esse,
713 5624 833 5706 quia
874 5628 1080 5707 confert
1106 5615 1339 5688 calorem
1362 5615 1851 5707 ίέιτιίιιῖπίόἶῶἓιῖἑὶ

261 5689 591 5773 quibusnest
640 5689 871 5773 luxuria.
898 5696 962 5752 Ut
991 5701 1131 5773 enim
1162 5689 1394 5773 propter:
1435 5689 1853 5771 Veaérériiiiréi

266 5760 411 5814 xittr
441 5763 701 5833 dicamus,
736 5770 873 5838 quod
920 5760 1178 5839 prolixius
1205 5760 1594 5848 loquente-avde
1612 5760 1839 5844 Ῑιόηἶιὶῐο

1958 4564 2116 4617 modo
2144 4566 2243 4616 Itoc
2271 4561 2377 4622 fiat,
2408 4561 2530 4629 quia
2560 4562 2685 4612 dum
2716 4560 3017 4621 elevantur,
3044 4559 3142 4610 sub
3167 4559 3353 4612 eadem
3387 4570 3535 4627 parte

1956 4637 2090 4705 signi
2120 4633 2472 4705 videntur,_ct
2494 4642 2636 4705 stare
2662 4629 2913 4693 credunt;
2944 4630 3025 4682 sin
3054 4640 3234 4684 autem
3267 4640 3412 4686 retro
3439 4632 3537 4686 ali-

1955 4701 2191 4776 quando,
2220 4714 2366 4758 retro
2391 4701 2469 4756 ire
2499 4701 2763 4754 videntur.

2465 4834 2649 4958 $$v$
2680 4811 2859 4901 Ξῖ-
2882 4827 3031 4930 Α’οψ

2510 4936 2700 5075 φςγκ
2759 5009 2764 5015 .
3015 4934 3031 4949 ’

2596 5092 2861 5380 ε’..

2710 5823 2760 5881 Ο
2773 5821 2826 5879 L
