4060 6368
317 271 462 330 1149

1841 432 2026 484 Antss.

1443 497 1644 582 ,μεθ’
2229 477 2388 587 pisce

829 615 832 618 .
1416 564 1501 620 ιν·
2379 565 2422 611 ε,

1116 721 1126 727 ’
1220 731 1331 809 $1
2532 684 2648 812 θος

1154 797 1242 868 .4?
2638 801 2716 885 ’ξ

1147 873 1199 908 δ’
2689 881 2728 937 τε

1054 1091 1102 1156 ,5
2783 1086 2830 1138 Ξ

1036 1159 1084 1261 ἓ
2798 1139 2849 1242 ἓν

1013 1263 1026 1272 .
2816 1244 2856 1275 2

573 1283 587 1402 Ι
680 1305 896 1360 Οιιιεμε.
1016 1263 1065 1302 ὁ

1290 263 1362 318 El
1379 259 1804 318 EMENTORUM
1849 256 2329 316 PlllLUSOPlIlE
2373 257 2504 315 LIB.
2546 258 2614 316 ιι.

3429 254 3574 317 ειη

2953 1295 3236 1346 Uccrnsxs.

383 2421 450 2494 Si
471 2435 601 2489 ergo
625 2421 705 2476 sol
736 2438 925 2477 versus
951 2423 1295 2478 Occidentem
1331 2425 1569 2479 tenderet
1604 2425 1672 2480 de
1705 2423 1884 2480 Aricte
1920 2429 1963 2486 Β
1991 2427 2140 2480 Ιειιί.
2175 2427 2450 2482 Moventur
2473 2441 2600 2494 ergo
2622 2424 2703 2478 sol
2733 2431 2788 2478 et
2815 2422 2901 2478 alii
2927 2419 3241 2494 planetreab
3269 2417 3560 2494 Occidente

302 2491 362 2563 in
411 2492 616 2553 signum
659 2508 844 2548 versus
888 2494 1230 2548 Occidentem
1280 2496 1533 2563 positum,
1579 2496 1628 2548 id
1672 2506 1775 2560 est,
1823 2497 1873 2550 in

302 2560 488 2616 Pisces
518 2565 787 2624 transiret,
817 2564 1012 2619 deinde
1051 2565 1102 2618 in
1133 2560 1347 2621 caetera.
1376 2566 1506 2619 Cum
1559 2581 1686 2624 ergo
1714 2568 1791 2618 sol
1826 2569 1875 2622 in

302 2631 456 2700 signa
486 2647 675 2704 versus
720 2633 991 2690 Orientem
1023 2635 1217 2704 posita,
1249 2636 1474 2699 scilicet,
1506 2637 1557 2689 in
1608 2636 1874 2696 Taurum.

301 2712 438 2766 etc.,
466 2703 534 2756 de
579 2704 760 2758 Ariete
791 2703 1044 2766 transeat.
1078 2708 1193 2759 sine
1225 2707 1385 2760 dubio
1412 2706 1480 2761 de
1509 2705 1789 2760 occidente
1821 2709 1874 2762 in

301 2773 569 2827 orientem
619 2788 944 2830 numeretur.
1005 2777 1342 2832 Snlmectnut
1390 2778 1550 2831 etiam
1615 2778 1873 2833 rationem

300 2859 471 2910 quare
490 2846 559 2897 sit
582 2860 800 2900 necesse
823 2851 898 2899 sic
918 2861 1058 2900 esse.
1085 2848 1218 2900 Cum
1246 2848 1638 2901 firmamentum
1663 2846 1729 2899 ab
1755 2858 1873 2903 ortu

300 2913 359 2968 in
403 2929 650 2970 occasum
684 2919 934 2979 volvitur,
971 2918 1014 2970 si
1049 2917 1274 2985 ρΙίιιιειτε
1317 2919 1564 2972 similiter
1593 2933 1876 2974 moveren-

297 2993 412 3048 tur,
439 2995 612 3040 tantus
641 2997 784 3041 esset
811 2987 1058 3051 impetus,
1088 2988 1224 3053 quod
1260 2987 1311 3040 in
1361 2998 1499 3041 terra
1549 2985 1681 3040 nihil
1729 2997 1872 3044 stare

297 3058 610 3128 necrvivere
642 3066 838 3119 posset.
872 3058 939 3112 Ut
966 3074 1093 3128 ergo
1123 3058 1308 3125 rapido
1338 3059 1502 3111 motui
1551 3060 1870 3115 lirmamen'i

295 3127 600 3189 obviarent,
637 3130 996 3196 impetumque
1036 3127 1189 3182 illius
1221 3138 1600 3191 temperarent.
1638 3130 1688 3181 in
1737 3145 1867 3183 cun-
1914 3170 1936 3185 κ

294 3197 642 3267 ιιετίειξιιειιι,
677 3207 822 3252 motu
865 3199 1048 3252 retorti
1093 3207 1237 3254 sunt.
1267 3199 1372 3252 Sed
1412 3201 1656 3267 quamvis
1684 3211 1868 3254 contra

292 3266 692 3322 firmamentum
721 3268 1044 3333 deferantur,
1076 3266 1468 3323 firmamentum
1501 3278 1675 3322 tamen
1707 3268 1868 3324 refert

290 3351 394 3392 eos
436 3353 618 3392 secum
653 3339 719 3391 ad
750 3352 925 3393 ortum
954 3347 1007 3391 et
1035 3354 1304 3403 occasum,
1336 3349 1392 3392 tit
1430 3339 1474 3391 si
1518 3339 1710 3405 aliquis
1755 3337 1869 3394 exi-

290 3417 447 3462 stens
478 3407 529 3462 in
561 3409 699 3468 navi,
731 3419 917 3462 contra
945 3425 1102 3477 quam
1133 3409 1282 3462 navis
1311 3418 1512 3472 currat,
1544 3424 1604 3462 se
1633 3420 1862 3474 moveat.

292 3486 476 3532 tamen
508 3493 535 3530 a
574 3480 693 3532 navi
725 3495 1039 3548 quocunque
1082 3481 1224 3532 Vadit
1268 3478 1517 3540 refertur,
1551 3494 1653 3531 non
1688 3479 1805 3533 ideo
1836 3497 1865 3535 a

290 3549 566 3602 contrario
599 3560 740 3602 motu
771 3551 1069 3615 quiescens.
1105 3550 1243 3613 Ergo
1271 3550 1414 3617 quod
1443 3549 1693 3616 paulatim
1723 3551 1867 3605 vadit

290 3619 356 3672 ad
391 3617 688 3683 Orientem,
721 3621 974 3674 naturalis
1000 3629 1084 3675 est
1112 3631 1316 3684 motus;
1359 3619 1500 3687 quod
1529 3620 1768 3687 quotidie
1795 3623 1860 3675 ad

289 3699 472 3742 ortum
501 3698 554 3742 et
582 3705 858 3753 occasum,
901 3705 967 3744 ex
1011 3691 1326 3744 ﬁrmamenti
1381 3692 1604 3756 impetu.
1633 3688 1860 3755 Quidam

1991 2495 2045 2547 in
2087 2496 2359 2551 Orientem
2409 2513 2511 2550 non
2535 2490 2706 2551 “recto
2753 2494 2929 2554 modn,
2961 2492 3052 2546 sed
3092 2490 3434 2556 obliquanda,
3465 2491 3560 2545 sed

1988 2567 2152 2620 modo
2183 2567 2560 2622 descendendo
2593 2566 2656 2616 ad
2697 2565 2987 2623 Australia,
3021 2563 3179 2614 modo
3215 2563 3278 2614 ad
3321 2573 3562 2616 nostram

1984 2634 2355 2702 habitabilem,
2398 2635 2735 2692 ascendendo
2759 2638 2904 2701 juxta
2940 2633 3244 2698 prmdictam
3288 2633 3558 2701 signorum

1978 2705 2412 2773 dispositionem.
2466 2709 2568 2761 Sed
2619 2708 2760 2758 dicet
2817 2704 3050 2769 aliquis:
3093 2701 3221 2766 Quae
3271 2703 3561 2773 necessitas

1980 2771 2078 2830 fuit
2128 2779 2272 2849 quod
2300 2778 2381 2832 sol
2427 2777 2768 2849 obliquanda,
2800 2784 2854 2829 ct
2897 2789 3001 2828 non
3049 2782 3195 2828 recto
3225 2771 3406 2838 modo,
3439 2771 3558 2827 vol-

1977 2848 2225 2902 veretur?

2047 2918 2363 2981 Responsio.
2406 2918 2598 2989 Magna
2633 2925 2877 2989 quamn}
2919 2913 3295 2989 ostendamus,
3349 2912 3558 2976 prmdo-

1974 3000 2191 3041 ccamns
2221 3004 2353 3056 quas
2385 2984 2728 3044 d‘.ve'rsitates
2757 2987 2970 3056 oblique
3021 2984 3248 3056 meando
3277 2993 3553 3056 operetur,

1973 3071 2000 3108 a
2035 3053 2326 3121 remotiori,
2361 3059 2410 3111 id
2443 3070 2545 3123 est,
2593 3075 2622 3123 a
2663 3053 2988 3123 Capricorno
3039 3054 3383 3119 incipientes.
3421 3053 3550 3108 Cum

1972 3141 2099 3192 ergo
2127 3130 2207 3182 sol
2240 3130 2398 3183 intrat
2426 3121 2833 3192 Capricornnm,
2867 3126 3008 3194 quod
3041 3125 3093 3180 in
3119 3126 3295 3179 medio
3330 3124 3554 3178 Decem--

1974 3199 2082 3252 bris
2114 3199 2392 3268 contingit,
2428 3214 2641 3266 semper
2665 3200 2805 3252 enim
2835 3197 2914 3250 Sol
2946 3197 2997 3250 in
3037 3197 3216 3268 medio
3245 3195 3445 3268 mensis
3475 3197 3558 3250 in-

1973 3277 2076 3320 trat
2125 3265 2334 3329 signum
2364 3310 2378 3332 ,
2431 3281 2484 3322 et
2525 3265 2575 3322 in
2627 3269 2802 3322 medio
2841 3266 3116 3337 sequentis
3161 3265 3364 3319 mensis
3416 3268 3554 3333 exit,

1970 3339 2125 3406 eique
2165 3341 2333 3392 mensi
2367 3340 2690 3404 attribuitur,
2725 3338 2776 3392 in
2807 3354 2912 3406 quo
2954 3339 3030 3390 sol
3058 3337 3186 3390 illud
3219 3337 3400 3406 intrat.
3432 3337 3554 3401 quia

1972 3405 2096 3461 tunc
2127 3411 2513 3464 remotissimus
2553 3420 2634 3464 est
2661 3426 2688 3461 a
2722 3405 2896 3473 nobis,
2937 3418 2991 3462 et
3037 3415 3216 3462 nostra
3249 3405 3556 3463 habitabilis

1969 3476 2164 3546 frigore
2189 3480 2522 3548 astringitur.
2574 3481 2736 3534 Terra
2783 3481 2924 3532 enim
2969 3486 3024 3533 et
3053 3493 3186 3545 aqua
3237 3477 3555 3531 naturaliter

1968 3549 2328 3616 suntfrigida,
2359 3552 2457 3604 nisi
2490 3566 2519 3603 a
2559 3551 2671 3605 sole
2701 3549 2982 3603 'caleliant.
3035 3549 3228 3601 lterum
3275 3562 3396 3600 cum
3444 3563 3550 3602 non

1967 3617 2038 3672 sit
2065 3634 2172 3688 quo
2198 3630 2412 3675 arescat
2438 3635 2552 3688 aer,
2603 3623 2863 3688 spissatur
2894 3619 2944 3671 in
2983 3620 3172 3683 nubes,
3207 3633 3324 3678 dum
3356 3621 3406 3671 in
3438 3619 3554 3683 plu-

1969 3689 2082 3743 vias
2121 3687 2683 3755 dissolvunturtinde
2730 3691 2785 3743 fit
2831 3691 3073 3757 qumdam
3125 3687 3248 3743 anni
3297 3687 3550 3752 varietas,

291 3761 652 3838 tamen_ai_un_t
683 3761 930 3838 hoc-esse
959 3776 1061 3838 non
1095 3777 1269 3828 posse.
1297 3760 1428 3813 Cum
1461 3760 1600 3838 enim
1633 3761 1720 3838 sol
1755 3776 1858 3814 non
1889 3775 1938 3838 ε
1967 3774 2086 3838 qua;
2116 3761 2287 3815 hiems
2318 3771 2557 3838 vocatur.
2613 3762 2704 3838 Est
2729 3772 2911 3838 autem
2942 3761 3112 3813 hiems
3144 3759 3332 3838 frigida
3363 3767 3416 3811 et
3441 3760 3552 3838 .hn-

288 3840 360 3883 ait
394 3830 460 3883 de
488 3831 662 3884 infixis
689 3830 856 3883 stellis
896 3832 946 3883 in
977 3832 1334 3893 firmamento,
1377 3830 1604 3898 qualiter
1636 3830 1863 3884 refertur

289 3900 358 3953 ab
403 3899 555 3966 ipso?
581 3900 635 3954 Si
667 3902 806 3955 enim
837 3901 1025 3970 aliquis
1055 3911 1205 3956 extra
1235 3916 1420 3953 navem
1449 3910 1552 3963 est,
1585 3902 1810 3970 qualiter
1835 3916 1864 3954 a

290 3974 413 4022 navi
445 3970 717 4025 defertur?
761 3970 833 4023 De
874 3969 941 4025 eo
980 3986 1106 4026 vero
1151 3970 1291 4038 quod
1337 3970 1542 4030 dicunt,
1587 3969 1755 4023 Solem
1798 3972 1864 4022 ad

289 4040 441 4108 signa
473 4042 726 4094 adversus
765 4041 1106 4094 Occidentem
1138 4044 1306 4104 posita
1351 4041 1596 4097 transire.
1629 4039 1761 4092 dicit
1789 4042 1867 4094 sic

289 4112 484 4174 videri,
517 4127 621 4163 non
653 4121 827 4163 tamen
859 4110 930 4164 ita
959 4125 1098 4165 esse.
1128 4110 1256 4162 Cum
1282 4109 1422 4160 enim
1454 4110 1525 4160 ait
1564 4109 1867 4162 firmamen-

292 4189 402 4234 tum
433 4192 484 4233 ει
527 4181 607 4234 sol
654 4180 876 4246 naturali
920 4193 1064 4233 motu
1109 4182 1175 4232 ab
1215 4189 1334 4232 ortu
1374 4179 1438 4230 ad
1475 4193 1722 4231 occasum
1753 4189 1866 4232 tcu-

290 4251 437 4314 dant,
469 4250 536 4302 ita
565 4251 707 4317 quod
737 4250 817 4304 Sol
853 4260 936 4303 est
977 4251 1076 4304 sub
1105 4253 1274 4317 prima
1322 4258 1470 4317 parte
1501 4247 1714 4311 Arietis,
1739 4250 1863 4318 quia

290 4321 682 4374 firnmmentum
733 4321 1004 4388 aliquanto
1061 4321 1297 4373 velocius
1349 4331 1429 4373 est
1477 4319 1621 4381 sole,
1673 4324 1864 4373 transit

291 4406 411 4445 eum
445 4393 496 4444 in
543 4392 810 4444 tricesima
843 4400 991 4457 parte
1032 4391 1187 4444 unius
1226 4390 1386 4458 signi.
1414 4389 1544 4441 Cum
1592 4388 1752 4458 igitur
1780 4391 1861 4444 sol

291 4463 435 4516 venit
461 4461 527 4514 ad
556 4472 751 4518 Ortum.
784 4475 888 4514 non
935 4461 1021 4514 illa
1055 4475 1177 4528 pars
1206 4459 1362 4527 signi,
1391 4475 1509 4529 quae
1548 4470 1672 4512 ante
1718 4461 1863 4515 vide.

292 4531 469 4595 batur,
515 4546 676 4599 super
720 4531 888 4585 solem
938 4531 1166 4595 videtur,
1217 4530 1310 4584 sed
1366 4529 1652 4598 posterior,
1694 4538 1748 4582 et
1791 4529 1860 4585 ita

292 4615 387 4668 per
427 4605 663 4669 singulos
691 4602 806 4655 dies
835 4601 1158 4654 transeundo
1189 4601 1417 4664 videtur,
1448 4603 1586 4668 quod
1614 4599 1678 4652 ad
1709 4601 1860 4668 signa

294 4669 589 4736 posteriora
628 4680 735 4738 eat,
768 4686 889 4724 cum
919 4681 1094 4724 tamen
1125 4686 1228 4724 non
1258 4680 1362 4724 ent.
1392 4671 1540 4736 Quod
1571 4686 1664 4736 per
1689 4671 1862 4726 simile

293 4741 433 4794 lnnze
471 4744 681 4808 probari
734 4751 926 4808 potest.
955 4742 1086 4796 Cum
1135 4741 1278 4794 enim
1318 4751 1524 4795 certum
1573 4740 1643 4794 sit
1683 4741 1861 4796 lunam

291 4813 356 4864 ad
384 4813 812 4877 Septentrionem
840 4826 944 4863 non
967 4825 1209 4875 currere,
1235 4811 1280 4866 si
1307 4826 1470 4880 super
1493 4811 1660 4875 ipsam
1693 4811 1862 4865 nubes

285 4893 545 4946 ,currant,
588 4881 799 4952 quando
842 4890 1118 4936 transeunt
1162 4882 1372 4948 lunam,
1417 4881 1626 4952 videtur
1675 4891 1859 4934 contra

294 4951 461 5006 nubes
503 4954 568 5006 ad
610 4951 1043 5019 Septentrionem
1093 4967 1332 5006 currere.
1375 4952 1478 5006 Sed
1527 4951 1648 5020 quia
1696 4952 1858 5018 priori

293 5023 572 5077 sententiae
601 5024 940 5076 doctissimus
976 5023 1214 5076 omnium
1255 5022 1694 5092 philosophorum
1727 5037 1858 5074 cou-

294 5094 483 5155 semit,
513 5103 565 5147 et
599 5109 722 5147 vera
771 5094 875 5156 erit,
909 5092 984 5146 illi
1015 5093 1392 5155 concedamus,
1423 5105 1714 5160 contraque
1758 5092 1859 5147 hoc

293 5163 432 5229 quod
461 5165 550 5218 ille
570 5164 697 5218 dicit
717 5165 883 5217 solem
909 5177 936 5214 a
963 5163 1297 5215 firmamento
1325 5178 1428 5216 nou
1462 5179 1618 5230 posse
1644 5161 1854 5224 referri,

293 5245 411 5286 cum
458 5234 510 5287 in
540 5249 604 5288 eo
634 5249 738 5287 non
769 5236 855 5285 sit.
891 5233 952 5286 Et
989 5233 1031 5286 si
1065 5247 1348 5299 possunms
1377 5232 1575 5299 dicere,
1608 5232 1746 5301 quod
1779 5241 1863 5288 est

296 5302 348 5354 in
379 5304 714 5358 lirtnamentu
735 5303 886 5372 juxta
919 5311 1153 5356 nostram
1199 5304 1543 5370 sententiam,
1575 5304 1695 5368 quia
1726 5304 1866 5358 dici-

295 5385 410 5426 mus
440 5376 640 5428 tethera
674 5375 1066 5426 firmamentum
1094 5374 1294 5440 vocari,
1325 5381 1502 5428 tamen
1533 5373 1782 5436 dicimus,
1810 5383 1866 5428 et

295 5441 336 5493 si
386 5459 489 5498 non
539 5446 608 5498 sit
652 5446 703 5496 in
755 5445 1110 5504 firmamento,
1143 5457 1300 5510 posse
1331 5443 1522 5498 referri
1565 5444 1632 5498 ab
1673 5458 1756 5496 eo.
1799 5443 1865 5498 Ut

293 5515 432 5565 enim
465 5515 514 5568 in
545 5514 732 5570 eodem
768 5515 1013 5580 exemplo
1040 5514 1107 5566 de
1136 5513 1255 5567 navi
1289 5515 1654 5580 persistamus,
1689 5513 1734 5566 si
1761 5513 1860 5566 ali-

295 5584 418 5648 quid
455 5585 570 5638 leve
595 5585 746 5653 juxta
777 5599 964 5637 navem
991 5582 1078 5650 sit,
1109 5583 1306 5652 impetu
1327 5582 1466 5638 illius
1492 5583 1746 5647 refertur,
1777 5594 1859 5638 et-

294 5653 339 5703 si
374 5655 423 5706 in
455 5669 518 5708 ea
551 5671 654 5708 non
687 5657 774 5709 sit.
806 5655 941 5724 Ergo
969 5654 1195 5726 sulcum
1225 5654 1356 5709 levis
1385 5664 1439 5710 et
1468 5655 1638 5726 igneae
1668 5655 1741 5711 sit
1768 5669 1863 5709 na.

298 5727 452 5791 term,
481 5740 510 5780 a
558 5726 914 5793 firmamenta,
938 5733 992 5779 et
1019 5725 1064 5778 si
1095 5725 1145 5779 in
1191 5740 1256 5781 eo
1283 5741 1388 5791 non
1435 5725 1524 5793 sit,
1560 5736 1736 5804 potest
1777 5740 1861 5782 rc-

1969 3829 2129 3901 mida,
2172 3833 2589 3901 extenditurque
2627 3832 2798 3885 donec
2835 3831 2912 3883 sol
2962 3836 3201 3901 transeat
3258 3829 3548 3901 Aquarium

1966 3910 2019 3952 et
2051 3899 2250 3965 Pisces,
2280 3898 2515 3969 quorum
2537 3903 2760 3965 primum
2795 3901 2954 3953 intrat
2981 3899 3154 3954 medio
3177 3898 3443 3969 Januarii,
3459 3912 3552 3969 se-

1965 3970 2199 4022 eundum
2254 3968 2432 4024 medio
2481 3970 2800 4034 Februarii;
2851 3979 3059 4023 constat
3105 3984 3236 4037 ergo
3280 3968 3332 4022 in
3381 3968 3552 4022 tribus

1966 4040 2262 4104 mensibus,
2291 4051 2343 4093 et
2372 4040 2474 4094 hoc
2499 4052 2576 4093 est
2610 4055 2794 4092 verum
2846 4041 2910 4092 de
2935 4048 3160 4107 quatuor
3191 4039 3315 4092 anni
3347 4047 3552 4106 tempo-

1966 4108 2134 4160 ribus.
2169 4109 2225 4161 ln
2261 4113 2360 4164 hoc
2405 4111 2850 4179 constringuntur
2901 4109 3012 4173 pori
3036 4110 3336 4176 snperliriei
3370 4119 3550 4173 terrae,

1967 4193 2064 4230 nec
2095 4189 2270 4245 potest
2290 4179 2439 4234 calor
2459 4195 2775 4244 evaporare,
2816 4180 2904 4248 qui
2955 4194 3238 4234 remanens
3271 4179 3438 4232 nutrit
3466 4193 3552 4230 ra-

1966 4248 2112 4302 dices
2139 4249 2425 4304 herbarum
2454 4261 2507 4304 et
2551 4251 2825 4311 arborum,
2878 4252 3154 4316 vicemque
3198 4251 3382 4302 matris
3415 4263 3553 4314 prat-

1964 4323 2175 4386 gnantis
2207 4320 2435 4384 obtinet,
2460 4332 2792 4374 crementum
2824 4332 3000 4373 autem
3034 4336 3136 4372 non
3168 4317 3393 4380 confert,
3431 4321 3551 4386 quia

1966 4403 2064 4441 nec
2091 4389 2239 4444 calor
2263 4405 2362 4443 nec
2391 4393 2607 4454 humor,
2631 4391 2700 4444 ἐκ
2734 4390 2925 4457 quibus
2955 4401 3036 4443 est
3063 4400 3427 4454 augmentum,
3459 4406 3552 4448 po-

1967 4467 2070 4511 test
2100 4460 2397 4520 ascendere
2426 4473 2647 4528 propter
2690 4460 2903 4526 frigoris
2933 4460 3391 4512 constrictionem.
3442 4458 3548 4513 Sed

1965 4529 2103 4582 unde
2127 4530 2272 4597 gelu,
2304 4531 2444 4584 unde
2470 4532 2641 4598 nives,
2676 4533 2813 4583 unde
2836 4531 3138 4598 grandines,
3167 4529 3310 4582 unde
3335 4530 3546 4595 pluvize,

1966 4598 2106 4654 unde
2146 4598 2376 4654 tonitrua
2418 4610 2473 4655 et
2514 4599 2731 4654 fulmina
2763 4601 3094 4669 contingant,
3149 4608 3438 4653 tractantes
3483 4600 3550 4654 de

1962 4684 2088 4723 aere
2118 4671 2381 4726 dicemus.
2432 4671 2567 4725 lluic
2597 4673 2818 4737 tempori
2851 4670 3150 4724 consimilia
3195 4680 3338 4732 sunt,
3389 4686 3547 4738 aqua,

1966 4740 2236 4807 phlegma,
2287 4741 2560 4808 decrepita
2611 4747 2760 4794 mtas.
2813 4740 2935 4794 Ha'c
2977 4743 3172 4794 etenim
3207 4739 3392 4810 frigida
3425 4749 3548 4796 sunt

1962 4821 2016 4861 et
2048 4810 2287 4866 humida.
2336 4810 2390 4864 ln
2421 4811 2611 4866 eodem
2647 4824 2704 4865 se
2728 4810 2917 4863 melius
2950 4810 3435 4873 habenteholerici,
3468 4826 3552 4877 pe-

1957 4878 2050 4950 j_us
2102 4880 2464 4950 phlegmatici,
2521 4883 2709 4935 melius
2762 4878 3011 4950 juvenes,
3067 4884 3213 4948 pejus
3265 4880 3546 4947 decrepiti.

1965 4948 2203 5020 Pessima
2231 4948 2312 5004 est
2342 4950 2648 5014 infirmitas,
2681 4948 2797 5019 qua:
2825 4960 2909 5004 est
2937 4967 3000 5006 ex
3031 4953 3347 5020 phlegmate,
3386 4961 3440 5002 ut
3471 4951 3549 5004 fe-

1965 5019 2074 5072 bris
2103 5020 2406 5090 quotidiana
2441 5021 2616 5074 minus
2657 5022 2815 5087 mala,
2848 5037 2966 5090 qua:
2996 5019 3079 5076 est
3100 5019 3174 5075 exi
3201 5019 3454 5090 choleraL
3493 5030 3549 5073 ιιι

1969 5091 2215 5144 tertiana.
2251 5087 2394 5145 Utile
2425 5100 2510 5145 est
2539 5092 2591 5143 in
2614 5093 2802 5145 eodem
2832 5087 3175 5158 augmentare
3199 5091 3396 5145 cihnm.
3427 5087 3548 5144 Pori

1967 5160 2110 5213 enim
2143 5161 2361 5214 humani
2387 5165 2633 5224 corporis
2670 5178 2734 5215 ex
2770 5163 3059 5230 frigiditate
3083 5160 3542 5228 coiistringuntur,

1967 5243 2067 5283 nec
2109 5241 2280 5298 petest
2308 5231 2458 5284 calor
2489 5247 2782 5297 evaporare
2821 5237 2906 5298 qui
2940 5238 3080 5284 intus
3113 5246 3394 5284 remanens
3432 5233 3549 5297 plus

1927 5329 1932 5332 -
1969 5302 2275 5365 consumit;
2307 5311 2493 5356 contra
2523 5303 3018 5370 igitur‘iuterioretn
3050 5303 3416 5354 decucttonem
3454 5317 3548 5354 nc-

1968 5383 2120 5424 cesse
2145 5379 2229 5424 est
2253 5373 2533 5426 infundere
2562 5375 2884 5426 exteriorem
2913 5372 3275 5425 refectionem.
3311 5371 3435 5424 Inde
3465 5379 3549 5425 est

1969 5441 2108 5508 quod
2137 5445 2274 5508 apud
2308 5443 2554 5509 antiquos
2591 5444 2722 5496 deus
2749 5443 2957 5512 hiemis
2979 5440 3186 5512 pinguis
3216 5455 3402 5495 ventre
3431 5443 3543 5512 pino

1968 5512 2220 5578 gebatur,
2253 5513 2397 5566 etab
2425 5513 2757 5566 immunditia
2807 5511 3016 5580 paludis
3042 5511 3266 5577 Spurius
3306 5511 3543 5578 appella-

1966 5584 2141 5636 batur.
2171 5581 2225 5635 ln
2255 5582 2445 5638 eodem
2471 5583 2663 5636 bonum
2686 5591 2768 5635 est
2794 5581 2866 5634 uti
2894 5582 3084 5635 calidis
3114 5589 3166 5635 et
3197 5583 3372 5635 siccis.

2043 5651 2194 5707 Tunc
2219 5652 2377 5722 igitur
2398 5655 2478 5708 sol
2501 5652 2839 5722 ascendendo
2869 5665 3036 5722 usque
3066 5651 3131 5707 ad
3159 5653 3390 5707 Arictcm
3420 5666 3545 5721 per-

1966 5722 2130 5791 venit,
2154 5721 2328 5793 quiin
2359 5724 2534 5782 medio
2555 5721 2726 5779 Martii
2756 5721 3070 5788 intraque:
3097 5724 3147 5779 ni
3167 5724 3255 5778 nis
3287 5736 3545 5790 remains,
