4060 6368
626 314 767 380 “67

1106 313 1310 373 BEDE
1347 311 1801 372 VENEBABILIS
1835 309 1986 368 OPP.
2027 306 2201 366 PARS
2234 305 2278 365 Ι.
2305 305 2500 367 SECT.
2541 305 2608 364 ll.
2649 334 2720 349 —
2747 302 2955 364 DUBIA
2995 303 3085 361 ET
3121 303 3384 363 SPURIA.

3681 317 3787 381 1168

631 452 3786 490 ——_—__—————-———-————-——I————————u——

1762 547 2259 615 .CATALOGUS
2299 544 2511 609 LIBRI
2555 546 2664 608 IV.

693 707 772 760 De
794 713 926 756 terra
950 700 1141 752 Africae.

692 769 775 823 De
798 763 1152 818 habitatoribus
1175 761 1281 823 eius

694 831 775 882 De
797 828 1008 878 diversis
1030 823 1354 886 qualitatibus
1371 827 1538 870 terra.

695 884 1156 950 DeterminisAsiaa
1183 892 1233 932 et
1252 884 1474 950 Europae.
1546 943 1554 950 _
1600 948 1605 950 _
1796 946 1806 950 _
1926 939 1957 950 ν,

699 943 841 1004 Unde
866 953 916 999 in
938 947 1226 1009 quibusdam
1252 945 1494 1010 montibus
1517 943 1612 991 sint
1635 946 1891 1010 perpetuis
1909 943 2068 1010 nives.

698 1001 833 1074 Quas
846 1001 1107 1075 qualitates
1124 1007 1378 1075 contrahat
1402 1013 1536 1056 terra
1557 1015 1622 1054 ex
1636 1001 1857 1054 ‘diversis
1879 1001 2055 1052 ventis.

695 1071 774 1128 De
797 1071 995 1127 insertis
1013 1071 1282 1120 arboribus.

696 1139 777 1201 De
795 1139 1059 1199 spermate.
1235 1193 1243 1201 _
1319 1196 1329 1201 _

701 1200 780 1252 De
803 1193 1027 1258 tempore
1041 1193 1368 1244 conveniente
1386 1193 1550 1242 coltui.

701 1259 781 1312 De
802 1260 1020 1309 matrice.
1325 1299 1328 1302 .

703 1323 782 1374 De
802 1333 943 1372 causa
967 1317 1257 1382 sterilitatis.
1328 1376 1340 1382 _
1646 1373 1674 1382 __
1747 1373 1757 1382 ,
1841 1370 1928 1382 ,,,

705 1371 880 1436 ῖᾶιτύηι
903 1380 1041 1430 virile
1062 1392 1256 1442 sperma
1271 1376 1427 1427 solum
1455 1373 1760 1436 conceptioni
1779 1371 1999 1422 suiliciat.

703 1445 991 1560 33533155:
996 1454 1234 1554 1ἒιῗίὶῐιιειιὶτλ
1259 1513 1324 1551 ex
1344 1511 1440 1562 quo
1463 1505 1575 1548 nata
1596 1501 1710 1546 sunt
1728 1495 1925 1559 vadant,
1938 1495 2084 1546 homo
2105 1506 2228 1547 vero

644 1583 809 1683 nm[libi
834 1630 1129 1692 concipiatur
1155 1622 1416 1686 masculus,
1442 1622 1524 1672 ubi
1548 1621 1742 1671 femina.

710 1691 1196 1757 Deoperationibus.
1255 1753 1264 1757 _
1355 1747 1364 1757 _

713 1753 933 1817 Qualiter
961 1764 1082 1814 puer
1109 1753 1332 1813 pascatur
1353 1753 1405 1797 in
1428 1753 1590 1797 utero.

711 1821 1296 1938 Βδιῗιέιξὲξῖξιῗέθριὶωο
1318 1883 1492 1922 mense
1513 1869 1694 1933 vivant,
1718 1869 1767 1918 in
1788 1874 1960 1919 octavo
1975 1878 2087 1921 non.

719 1943 796 1997 De
822 1941 1035 1990 infantia.

714 2004 794 2053 De
819 1999 1025 2052 naturali
1045 1998 1243 2047 virtute.

713 2066 790 2114 De
815 2059 1054 2126 spirituali
1070 2060 1281 2126 Avirtute.

716 2127 794 2180 De
817 2123 1013 2176 animali
1038 2123 1237 2172 virtute.

2236 691 2294 753 Δ

2381 688 2525 738 Unde
2549 690 2614 740 ait
2637 689 3012 740 incrementum.

2379 750 2456 802 De
2475 764 2661 801 somno.

2381 812 2522 863 Unde
2546 813 2764 864 somnia.‘

2382 873 2458 936 De
2484 877 2665 936 capite.

2379 935 2456 987 De
2476 935 2708 987 cerebro.

2383 998 2460 1049 De
2484 1000 2654 1048 oculis.

2384 1061 2608 1121 Qualiter
2631 1062 2762 1110 visus
2781 1059 2882 1111 ﬁat.

2382 1123 2459 1174 De
2486 1123 2812 1173 contuitione.

2385 1184 2462 1234 De
2484 1186 2761 1235 intuitione.

2371 1245 2463 1311 ρο
2484 1248 2778 1311 deluitione.

2387 1307 2466 1358 De
2489 1309 2670 1359 auditu.

2389 1369 2513 1430 Quid
2533 1372 2604 1421 sit
2625 1372 2800 1420 anima.

2390 1435 2510 1497 Quae
2535 1434 2754 1482 actiones
2774 1433 2874 1482 sint
2899 1432 3090 1497 animm,
3110 1442 3221 1497 qua:
3245 1431 3360 1497 item
3379 1435 3592 1497 corporis.

2390 1493 2612 1555 Qualiter
2636 1497 2799 1557 anima
2811 1497 2882 1557 sit
2900 1495 2949 1544 in
2970 1495 3316 1557 compositione
3338 1493 3545 1548 hominis.

2392 1557 2471 1608 De
2489 1558 2752 1606 virtutibus
2769 1555 2917 1606 illius.

2393 1619 2472 1684 De
2498 1625 2722 1681 tempore
2745 1618 3094 1684 coniunctionis
3117 1619 3226 1684 eius
3249 1630 3355 1684 cum
3371 1632 3579 1684 corpore.

2397 1683 2561 1741 Quare
2589 1679 2709 1742 puer
2727 1692 2823 1730 non
2843 1680 3090 1732 discernat
3113 1689 3164 1731 et
3189 1679 3443 1744 intelligat.

2395 1744 2472 1794 De
2487 1744 2766 1803 iuventute.

2393 1804 2472 1855 De
2496 1812 2771 1855 senectute.

2394 1867 2472 1917 De
2494 1869 2648 1918 senio.

2401 1928 2622 1987 Qualiter

2402 1929 2622 1999 Qualiter
2644 1929 2942 2039 quaerendus
2961 1929 3024 1981 sit
3041 1930 3293 1994 magister.

2402 1991 2622 2052 Qualiter
2679 1993 2922 2052 iscipulns.

2679 1993 2922 2063 iscipulns.

2261 2075 2314 2138 ιι
2402 2053 2522 2138 ρξξξ
2539 2053 3400 2138 seaviezjasnusdocwnwa
3423 2061 3545 2109 εω-

2402 2116 2524 2176 Quis
2539 2115 2658 2166 ordo
2676 2114 2926 2166 discendi.
2968 2190 2973 2195 '

661 2253 3806 2289 _____——————-——-——————-—-—————————-—l

1631 2361 2029 2441 INCIPIT
2089 2362 2394 2440 LIBER
2435 2361 2941 2456 QUARTUS.

729 2524 824 2578 Est
861 2534 988 2589 ergo
1038 2527 1177 2573 terra
1207 2517 1529 2589 elementum
1587 2517 1638 2571 in
1669 2516 1844 2572 medio
1875 2515 2230 2589 mundiposi-

654 2596 838 2657 situm,
867 2587 1023 2661 atque
1046 2591 1162 2643 ideo
1186 2588 1448 2661 intimum,
1475 2589 1701 2661 mundus
1728 2603 1919 2655 nempe
1944 2587 2008 2641 ad
2038 2588 2229 2661 simili-

655 2666 891 2720 tudinem
920 2659 1004 2714 ovi
1026 2659 1319 2724 dispositus
1347 2669 1447 2715 est.
1484 2659 1723 2728 Namque
1753 2671 1890 2712 terra
1929 2668 2011 2712 est
2037 2659 2088 2714 in
2120 2674 2230 2713 nie-

655 2736 768 2804 dio,
797 2745 849 2788 ut
879 2731 1228 2804 meditullium
1255 2739 1338 2784 est
1368 2731 1419 2782 in
1449 2745 1589 2804 ovo;
1625 2733 1768 2784 circa
1805 2729 1945 2804 hanc
1966 2741 2046 2782 est
2067 2746 2226 2798 aqua,

657 2818 718 2862 ut
745 2801 884 2859 circa
932 2801 1286 2856 ineditullium
1338 2809 1419 2854 est
1447 2801 1724 2854 albumen:
1769 2801 1911 2853 circa
1953 2815 2111 2867 quam
2149 2811 2232 2856 est

660 2892 777 2939 aer,
839 2884 893 2927 ut
937 2872 1250 2941 panniculus
1279 2873 1558 2925 continens
1587 2871 1856 2925 albumen.
1904 2869 2068 2925 Extra
2101 2885 2230 2926 vero

653 2959 846 3002 ca'tera
879 2944 1201 2998 concludens
1231 2950 1314 2996 est
1364 2941 1519 3010 ignis,
1560 2942 1625 2995 ad
1659 2943 1873 2996 modum
1924 2950 2073 2996 testae
2113 2941 2225 2995 ovi:

659 3019 774 3071 haec
802 3025 941 3070 terra
981 3014 1031 3068 in
1064 3014 1238 3067 medio
1261 3013 1444 3066 mundi
1476 3013 1553 3066 sic
1584 3013 1774 3076 posita,
1818 3023 1871 3065 et
1899 3011 2020 3066 inde
2047 3014 2225 3066 omnia

2335 2517 2612 2587 aequaliter
2638 2517 2793 2572 nobis
2814 2515 2916 2572 erit
2943 2522 2997 2571 et
3018 2515 3139 2578 illis,
3157 2514 3324 2588 idque
3352 2513 3812 2588 efﬁcienileritoergo

2335 2586 2592 2642 habemus
2617 2589 2772 2644 simul
2803 2589 2925 2642 anni
2973 2586 3336 2653 diversitates,
3377 2601 3476 2641 non
3521 2598 3668 2643 tamen
3706 2586 3811 2644 simul

2335 2659 2474 2713 diem
2502 2669 2555 2714 et
2586 2670 2816 2714 noctem.
2845 2658 2976 2713 Cum
3028 2659 3171 2713 enim
3233 2672 3298 2712 ex
3353 2657 3611 2726 splendore
3652 2662 3748 2715 solis
3773 2662 3813 2717 sit

2336 2730 2472 2794 dies,
2501 2745 2564 2784 ex
2607 2731 2792 2784 umbra
2820 2739 2973 2784 terrze
2995 2743 3117 2792 nox,
3149 2729 3343 2782 umbra
3370 2744 3490 2784 vero
3514 2744 3690 2798 semper
3709 2741 3768 2786 est
3781 2733 3813 2785 in

2336 2809 2487 2868 parte
2509 2800 2779 2870 splendori
2808 2800 2936 2854 solis
2966 2799 3237 2868 Opposita,
3270 2815 3388 2853 cum
3421 2800 3469 2853 in
3499 2798 3693 2854 inferiori
3716 2813 3814 2870 parte

2335 2878 2489 2925 terra:
2517 2881 2600 2924 est
2627 2871 2877 2939 splendor
2899 2872 3029 2937 diei,
3055 2871 3107 2924 in
3133 2871 3401 2936 superiori
3432 2873 3628 2937 umbra;
3663 2880 3706 2926 et
3733 2888 3812 2926 cum

2335 2940 2389 3012 in
2419 2942 2680 3010 superiori
2731 2953 2813 2997 est
2865 2941 3137 3012 splendor,
3199 2943 3251 2997 in
3297 2941 3522 2997 inferiori
3557 2952 3627 2997 est
3667 2941 3810 2996 umbra.

2335 3010 2489 3066 Nulla
2519 3022 2601 3067 est
2630 3027 2757 3082 ergo
2787 3010 2917 3067 hora
2946 3028 3048 3082 qua
3081 3012 3134 3068 in
3160 3014 3334 3082 aliqua
3361 3023 3500 3081 parte
3523 3020 3654 3069 terra:
3672 3028 3750 3067 non
3768 3013 3812 3066 sit

652 3089 931 3163 recipiens
950 3083 1182 3163 pondera
1204 3099 1217 3135 :
1243 3082 1344 3160 etsi
1367 3082 1675 3163 naturaliter
1702 3083 1770 3136 sit
1800 3082 1987 3163 frigida
2016 3093 2069 3136 et
2084 3085 2231 3138 sicca
2255 3096 2304 3160 ρ
2334 3083 2471 3163 dies,
2505 3091 2559 3136 et
2583 3082 2635 3137 in
2663 3087 2834 3148 aliqua
2857 3098 2982 3163 nox_.
3008 3083 3314 3163 Sedquare
3349 3085 3392 3138 si
3419 3099 3508 3163 nos
3533 3095 3580 3137 et
3602 3084 3682 3163 ipsi
3703 3083 3810 3137 simul

655 3159 711 3214 in
741 3153 964 3212 diversis
995 3154 1233 3222 partibus
1261 3156 1390 3217 suis,
1423 3167 1486 3206 ex
1516 3153 1790 3208 accidente
1835 3153 2074 3208 diversas
2104 3167 2230 3208 con-

653 3231 788 3283 tinet
815 3227 1118 3295 qualitates.
1151 3223 1282 3278 Pars
1329 3223 1469 3295 enim
1501 3224 1640 3295 illius
1669 3223 1884 3278 torridze
1914 3223 2232 3295 ipartiaeris

649 3293 912 3367 subjecta,
941 3311 1008 3350 ex
1039 3295 1249 3367 fervore
1293 3293 1428 3367 solis
1451 3293 1650 3367 torrida
1680 3303 1783 3367 est,
1818 3303 1881 3367 et
1909 3294 2230 3367 inhabitabi-

651 3369 722 3424 lis
743 3363 765 3435 ;’
779 3369 874 3422 sed
898 3367 1004 3421 duo
1025 3365 1263 3434 ejusdem
1314 3363 1488 3432 Capita
1530 3365 1736 3435 duabus
1764 3365 1969 3433 frigidis
1994 3366 2233 3432 partibus

650 3434 890 3503 subdita,
943 3439 1128 3505 frigida
1179 3443 1323 3498 sunt,
1375 3443 1430 3487 et
1488 3434 1881 3499 inhabilabilia;
1927 3450 2048 3503 pars
2103 3451 2234 3490 vero

656 3518 966 3577 temperatae
1018 3508 1150 3573 parti
1180 3507 1320 3560 aeris
1344 3505 1602 3577 subjecta,
1630 3513 1920 3577 temperata
1951 3515 2033 3560 est
2052 3516 2106 3560 et
2137 3507 2232 3577 ha-

651 3575 916 3634 bitabilis.
948 3578 1052 3632 Sed
1077 3579 1222 3645 quia,
1259 3583 1317 3631 ut
1343 3576 1707 3645 praediximus,
1750 3576 1869 3629 duae
1892 3584 2068 3642 partes
2094 3575 2234 3632 illius

655 3657 966 3718 temperatae
996 3647 1267 3709 sunt,du:e
1297 3649 1346 3699 in
1380 3657 1515 3718 terra
1545 3658 1668 3700 sunt
1699 3657 2030 3714 temperatae,
2053 3656 2106 3701 et
2136 3647 2234 3701 ha-

655 3717 947 3775 bitationes
974 3718 1258 3786 patientes:
1279 3732 1380 3770 una
1406 3717 1538 3770 citra
1563 3718 1817 3770 torridam
1841 3717 2233 3782 zonatn,altera

657 3871 865 3916 tantum
898 3861 964 3912 ab
1011 3857 1312 3912 hominibus
1337 3857 1566 3911 habitari
1614 3857 1902 3925 credimus,
1933 3860 2025 3912 sed
2058 3867 2235 3914 tamen

655 3947 758 3988 nec
805 3940 996 3985 totam.
1047 3929 1151 3985 Sed
1194 3928 1317 3998 quia
1369 3927 1668 3996 philosophi
1722 3927 1788 3981 de
1850 3927 2235 3984 habitatoribus

655 4004 935 4068 utriusque
965 4015 1068 4053 non
1097 3999 1221 4066 quia
1264 3998 1335 4052 ibi
1387 3999 1516 4061 sint,
1548 4000 1642 4052 sed
1671 3998 1794 4067 quia
1836 4013 1955 4054 esse
2007 3999 2232 4067 possint,

660 4072 978 4138 loquuntur,
1009 4069 1076 4124 de
1104 4070 1208 4124 illis
1237 4083 1370 4138 quos
1392 4084 1489 4122 nos
1519 4069 1786 4123 credimus
1815 4083 1934 4125 esse
1958 4084 2053 4138 per
2082 4071 2238 4126 intel-

656 4141 853 4200 lectum
879 4142 1119 4195 lectionis
1148 4139 1530 4208 philosophica:
1550 4138 1810 4193 dicamus.

731 4213 863 4268 Pars
886 4226 1012 4280 ergo
1035 4221 1191 4265 terrae
1222 4209 1543 4268 habitabilis.
1587 4211 1639 4264 in
1669 4226 1770 4278 qua
1816 4225 2020 4274 sumus,
2050 4212 2103 4265 in
2133 4210 2238 4265 duo

657 4283 932 4337 dividitur.
965 4280 1098 4336 Cum
1141 4281 1282 4335 enim
1316 4280 1601 4348 temperies
1648 4281 1791 4334 aeris
1819 4296 1884 4337 ex
1909 4283 2052 4336 omni
2087 4294 2238 4350 parte

659 4363 819 4408 terra:
848 4359 937 4421 sit,
965 4367 1030 4406 ex
1054 4352 1199 4405 omni
1226 4361 1372 4420 parte
1405 4361 1560 4404 terrae
1600 4351 1842 4420 quaedam
1873 4367 1994 4420 pars
2036 4361 2238 4420 tempe-

658 4433 772 4477 rata
818 4432 902 4479 est
945 4432 998 4477 ct
1063 4421 1397 4486 habitabilis;
1452 4422 1549 4476 sed
1602 4424 1851 4490 quoniam
1915 4421 2237 4480 refluxiones

661 4493 858 4548 Oceani
908 4497 1068 4548 latera
1124 4501 1279 4546 terrze
1321 4491 1472 4561 juxta
1534 4492 1883 4562 quantitatem
1941 4494 2233 4550 horizontis

659 4564 902 4632 cingunt,
928 4565 978 4616 in
1009 4566 1116 4617 duo
1139 4563 1282 4617 illam
1315 4563 1574 4617 dividunt.
1606 4563 1771 4630 Cujus
1799 4566 2126 4630 superiorem
2153 4565 2234 4619 in-

661 4635 967 4688 habitamus
992 4643 1219 4703 partem,
1241 4633 1519 4701 antipodes
1547 4635 1719 4687 nostri
1743 4635 2046 4689 inferiorem
2074 4650 2088 4698 ;
2112 4637 2233 4690 nul-

661 4703 747 4758 lus
798 4711 974 4758 tamen
1006 4713 1244 4758 nostrum
1276 4703 1343 4757 ad
1393 4703 1538 4768 illos,
1571 4719 1742 4772 neque
1773 4705 1981 4759 illorum
2024 4707 2089 4759 ad
2136 4721 2234 4762 nos

660 4775 941 4845 pervenire
971 4783 1162 4842 potest.
1196 4773 1278 4845 Ex
1301 4785 1450 4842 parte
1472 4775 1617 4845 enim
1656 4775 2040 4844 septentrionis
2069 4775 2232 4845 frigus

661 4854 718 4900 et
756 4844 1078 4898 refluxiones
1122 4844 1400 4898 transitum
1451 4844 1763 4914 perhibent,
1807 4861 1876 4900 ex
1923 4857 2070 4914 parte
2111 4844 2236 4904 vero

661 4916 884 4970 orientis
910 4926 964 4968 et
992 4914 1281 4969 occidentis
1307 4916 1436 4968 sola:
1459 4914 1798 4971 reﬂuxiones.
1830 4916 2089 4972 Similiter
2132 4918 2234 4973 alia

660 4985 964 5039 habitabilis
1019 4987 1072 5038 in
1096 4984 1202 5039 duo
1228 4985 1476 5038 dividitur
1507 5002 1518 5036 :
1549 4988 1794 5052 superius
1845 5003 2070 5054 quorum
2097 4988 2236 5042 obti-

659 5064 790 5110 nent
844 5057 1011 5111 nostri
1070 5055 1273 5118 anthei,
1320 5065 1379 5108 et
1432 5054 1712 5120 antipodes
1742 5057 1949 5110 illorum
1983 5058 2226 5112 inferius.

659 5125 798 5198 sunt
823 5142 951 5198 ergo
1002 5126 1054 5180 in
1096 5124 1302 5198 duabus
1345 5125 1720 5198 habitabilibus
1766 5135 1994 5198 quatuor
2024 5127 2231 5182 habita-

662 5196 854 5260 tiones,
894 5196 1123 5266 quarum
1156 5197 1478 5250 habitatores
1517 5196 1606 5250 alii
1652 5212 1771 5251 cum
1787 5196 1912 5251 aliis
1934 5196 1987 5250 in
2018 5198 2238 5264 quihus-

660 5266 786 5321 dam
815 5269 1140 5334 temporibus
1168 5267 1510 5330 conveniunt,
1536 5268 1588 5320 in
1623 5269 1932 5336 quibusdam
1955 5267 2232 5323 diﬂ‘erunt:

660 5350 761 5391 nos
817 5338 954 5391 enim
1007 5345 1062 5392 et
1089 5337 1255 5391 nosu-i
1283 5337 1561 5404 antipodes
1588 5338 1742 5392 simul
1774 5339 2030 5393 habemus
2076 5349 2235 5393 testa-

661 5417 769 5482 tem
801 5417 855 5460 et
878 5409 1126 5482 hiemem,
1156 5408 1334 5482 etalia
1359 5409 1482 5461 anni
1507 5419 1774 5476 tempora;
1806 5411 1898 5465 sed
1919 5410 2127 5482 quando
2142 5410 2237 5464 ha-

659 5478 848 5533 bemus
879 5478 1040 5542 diem,
1063 5478 1122 5532 'et
1155 5478 1228 5532 illi
1260 5489 1490 5545 noctem,
1520 5489 1915 5536 eteconverso.
1930 5481 1986 5537 Si
2005 5483 2149 5534 enim
2171 5496 2236 5536 ex

662 5548 1052 5617 propinquitate
1081 5549 1208 5604 solis
1229 5558 1310 5603 est
1334 5559 1512 5614 aestas,
1533 5565 1598 5605 ex
1627 5553 1922 5605 remotione
1949 5552 2138 5615 hiems,
2168 5567 2236 5606 ex

664 5619 920 5692 mediocri
949 5617 1201 5692 distantia
1214 5634 1312 5692 ver
1334 5629 1388 5675 et
1406 5630 1714 5677 autumnus.
1737 5622 1898 5692 Signa
1929 5636 2057 5676 vero
2082 5623 2236 5678 nobis

661 5690 935 5760 aequaliter
962 5697 1018 5742 et
1042 5689 1152 5743 illis
1170 5689 1387 5758 distant,
1411 5693 1607 5760 quippe
1634 5689 1829 5746 terram
1859 5697 2128 5747 servantia
2145 5707 2237 5746 na-

663 5758 888 5815 turalem
917 5757 1095 5817 locum
1116 5757 1388 5831 obeuntia,
1419 5757 1474 5818 in
1504 5757 1817 5833 quocunque
1844 5762 2000 5832 signo
2036 5763 2106 5822 sit
2129 5765 2231 5835 sol,

2337 3152 2628 3224 habeamus
2657 3163 2894 3208 aestatem
2923 3154 3081 3208 simul
3115 3155 3371 3220 hiemem,
3409 3155 3496 3210 sed
3538 3153 3711 3224 quando
3747 3167 3811 3207 nos

2335 3223 2500 3294 diem,
2525 3233 2579 3278 et
2610 3225 2708 3294 ipsi
2736 3234 2966 3280 noctem.
2995 3224 3050 3279 In
3079 3235 3270 3281 testate
3298 3239 3426 3280 vero
3451 3223 3565 3280 dies
3581 3224 3703 3279 nobis
3733 3232 3814 3294 sunt

2336 3293 2655 3363 longissimi,
2682 3296 2868 3349 breves
2909 3305 3085 3350 autem
3130 3304 3338 3362 noctes,
3365 3296 3610 3351 habebunt
3631 3309 3729 3365 ergo
3747 3293 3812 3362 ipsi

2335 3378 2429 3420 sua
2467 3373 2653 3420 arstate
2673 3365 2786 3420 dies
2813 3365 3001 3421 breves
3029 3375 3084 3422 et
3114 3377 3301 3422 noctes
3330 3369 3522 3437 longas,
3546 3368 3665 3437 quod
3687 3378 3811 3419 contra

2284 3452 2292 3458 ·
2338 3446 2580 3507 naturam
2614 3437 2814 3507 aestatis
2837 3446 2936 3491 est.
2972 3437 3171 3492 Contra
3201 3437 3342 3507 quod
3370 3439 3595 3503 dicimus,
3643 3437 3727 3492 Etsi
3749 3449 3811 3490 nos

556 3835 558 3837 μ
658 3792 830 3855 ultra;
884 3791 976 3843 sed
1015 3788 1257 3858 quamvis
1297 3786 1402 3858 sint
1452 3787 1791 3858 habitabiles,
1845 3803 2002 3840 unam
2057 3791 2267 3842 tamen'

2336 3503 2593 3577 habemus
2631 3506 2772 3560 diem
2815 3516 2870 3561 et
2890 3507 2988 3576 ipsi
3017 3503 3256 3574 noctem,
3281 3523 3384 3563 non
3409 3519 3565 3563 tamen
3590 3522 3712 3577 quam
3743 3506 3810 3560 cito

2339 3575 2598 3646 habemus
2623 3577 2788 3644 diem,
2821 3577 2896 3631 illi
2916 3575 3162 3644 noctem,
3197 3579 3306 3634 imo
3331 3581 3382 3646 in
3408 3575 3615 3646 quodam
3647 3587 3812 3646 tempore

2337 3645 2451 3700 dies
2481 3657 2561 3700 est
2615 3649 2768 3703 nobis
2825 3656 2879 3703 et
2907 3649 3010 3704 illis
3039 3645 3485 3716 communis,sed
3521 3651 3649 3704 alteri
3673 3649 3712 3703 in
3733 3645 3812 3700 res-

2340 3731 2491 3786 pere,
2523 3719 2677 3772 alteri
2701 3720 2752 3773 in
2779 3733 2958 3775 mane.
2985 3721 3117 3774 Cum
3149 3721 3294 3775 enim
3317 3723 3395 3777 sol
3415 3730 3491 3776 est
3510 3720 3695 3775 nobisin
3715 3725 3810 3780 ortu.

2338 3785 2511 3842 adhuc
2558 3790 2659 3843 illis
2706 3798 2788 3862 est
2815 3791 2868 3844 in
2898 3805 3124 3858 occasu;
3158 3791 3511 3862 hahemusque
3547 3805 3673 3845 mane
3704 3785 3808 3862 etilli

2339 3871 2588 3929 vespere,
2617 3868 2675 3915 ut
2698 3861 2838 3914 circa
2885 3856 3118 3929 primam
3141 3863 3378 3918 nondum
3407 3856 3480 3918 eis
3504 3861 3565 3917 sit
3586 3875 3686 3915 nox.
3707 3856 3810 3914 Simi-

2341 3927 2461 4004 liter
2489 3930 2540 4004 in
2564 3944 2760 4004 occasu
2789 3927 3066 4001 postquam
3079 3933 3164 3987 sol
3180 3934 3368 4004 incipit
3391 3934 3532 3989 nobis
3549 3929 3808 3992 descendere,

2339 4008 2392 4079 et
2417 3999 2603 4066 incipit
2624 4000 2731 4079 illis
2757 3999 3034 4079 apparere,
3065 4011 3122 4058 et
3150 3999 3385 4079 tun_c_'es_t
3413 4005 3513 4060 illis
3527 4018 3674 4070 mane,
3693 4011 3732 4056 et
3748 4012 3811 4079 uti;

2338 4068 2420 4144 bis
2449 4067 2930 4144 vesperelnde‘est
2957 4086 3085 4139 ergo
3104 4076 3252 4144 quod
3282 4075 3526 4131 habemus
3547 4085 3593 4128 et
3617 4067 3810 4144 nosetilli

2340 4138 2811 4218 die_s_a:quales_et
2853 4138 3058 4218 noctes,
3087 4138 3192 4200 etsi
3220 4161 3344 4218 non
3371 4145 3537 4218 simul.
3566 4142 3812 4218 Similitergl

2340 4209 2393 4263 in
2426 4208 2618 4285 hieme,
2650 4212 2744 4268 sed
2774 4214 3004 4284 qualiter
3041 4215 3146 4270 hoc
3186 4217 3281 4284 sit,
3311 4217 3494 4272 animis
3517 4209 3810 4285 legentiude

2341 4283 2680 4337 sentiendum
2711 4278 3088 4350 permittimus.
3119 4285 3232 4341 Nos
3265 4278 3401 4342 'vero
3443 4297 3494 4342 et
3517 4278 3808 4350 anthei,.simal

2341 4351 2600 4408 habemus
2653 4355 3012 4420 splendorem,
3066 4356 3230 4412 simul
3278 4356 3642 4423 umbram;sed
3665 4351 3811 4423 quanth

2266 4459 2318 4518 ι)
2341 4423 2435 4518 E‘i‘.
2453 4425 3122 4518 ﬁi‘..'1‘3.‘fis_l’f.‘lti‘19““fa
3133 4428 3271 4518 illis.
3299 4440 3384 4484 εει
3408 4421 3809 4518 remeasse?

2339 4508 2440 4568 nos
2461 4494 2718 4568 habemus
2743 4494 3002 4560 aestatem,
3034 4508 3086 4551 et
3112 4497 3188 4553 illi
3221 4500 3470 4568 hiemem,
3494 4508 3543 4554 et
3563 4504 3810 4568 econverso;

2336 4563 2443 4640 Sed
2503 4564 2589 4619 hic
2616 4565 2786 4640 oritur
2813 4567 3036 4640 quaestio
3081 4568 3277 4624 similis
3321 4563 3504 4640 priori,
3546 4570 3605 4640 ad
3641 4563 3810 4640 συβωβί

2335 4636 2456 4703 quis
2477 4636 2842 4704 superioribus
2867 4637 3160 4694 instructus
3177 4636 3481 4705 accesserit,
3509 4638 3628 4694 illius
3649 4636 3808 4689 solutio-

2335 4720 2456 4760 nem
2487 4705 2639 4780 facile
2665 4706 2920 4780 inveniet.
2946 4707 3054 4765 Nos
3075 4723 3205 4764 vero
3224 4720 3280 4767 et
3294 4710 3559 4780 antipodes
3578 4707 3808 4780 antbeorum

2335 4791 2510 4850 neque
2557 4777 2717 4850 simul
2751 4786 3002 4850 aestatem
3055 4793 3234 4850 neque
3286 4774 3526 4846 hiemem,
3560 4791 3699 4850 neque
3714 4774 3809 4850 diem

2335 4841 2655 4920 vel'noctem
2681 4847 2957 4904 habemus.
2983 4841 3256 4907 Anthétici
3286 4867 3412 4907 vero
3439 4862 3490 4908 et
3510 4841 3582 4906 sui
3607 4841 3806 4920 antipodes

2337 4930 2394 4971 se
2425 4919 2635 4992 habent
2676 4928 2732 4972 ut
2772 4933 2870 4973 nos
2891 4922 3172 4992 _et_nostri
3214 4923 3430 4990 anthei,
3476 4932 3526 4977 et
3559 4917 3700 4992 nostri
3718 4917 3810 4992 atill-

2336 4988 2500 5055 podes
2529 4997 2586 5042 ut
2607 5004 2703 5043 nos
2729 4998 2784 5042 et
2824 4988 2926 5044 sui.
2958 4989 3025 5044 Et
3052 4994 3302 5058 quoniam
3332 4987 3586 5048 de'tribus
3603 4987 3808 5058 habitam?

2337 5049 2512 5125 nibus,
2565 5067 2621 5112 et
2669 5073 2852 5113 eorum
2898 5049 3286 5117 habitatoribus
3339 5064 3467 5119 satis
3511 5049 3809 5125 docuimusdp

2335 5119 2518 5204 nostra
2560 5130 2737 5204 dicere
2756 5129 3098 5204 incipiamus.
3125 5132 3321 5188 Nostra
3366 5149 3490 5204 ergo
3526 5127 3732 5204 habitatio
3763 5119 3810 5204 ab

2336 5201 2538 5272 oriente
2563 5201 2626 5252 ad
2655 5201 3010 5266 occidentem,
3053 5217 3084 5256 a
3119 5204 3346 5259 meridie
3373 5198 3453 5259 ad'
3483 5198 3805 5272 septentrione?

2338 5271 2663 5325 extenditur.
2687 5273 2938 5338 Quamvis
2971 5262 3263 5342 temperata
3292 5274 3508 5341 dicatur,
3535 5262 3624 5328 non
3655 5262 3809 5342 aquali-

2340 5349 2420 5413 εει·
2442 5350 2614 5395 tamen
2665 5342 2718 5395 in
2769 5342 3017 5413 omnibus
3063 5340 3174 5399 suis
3217 5345 3452 5413 partibus
3478 5340 3806 5413 tempenljﬁh

2340 5409 2470 5485 Pars
2493 5413 2632 5485 enim
2655 5412 2865 5467 torridas
2883 5428 3027 5468 zona:
3045 5403 3392 5485 propinquior
3411 5423 3491 5485 est
3506 5403 3809 5485 unigena:

2338 5483 2422 5556 pia
2453 5481 2620 5556 calida
2651 5493 2731 5556 est
2760 5491 2814 5536 et
2831 5486 2980 5556 sicca
3003 5477 3231 5556 ;"\-icina
3253 5477 3487 5556 'lrigidai,
3507 5477 3681 5556 frigida
3700 5477 3810 5556 eam

2339 5545 2588 5616 humida;
2617 5553 2888 5607 orientalis
2918 5545 3064 5620 vero,
3096 5554 3267 5609 calida
3297 5545 3366 5610 εἴ
3381 5545 3609 5616 humida}
3628 5545 3809 5605 occdett-

2338 5623 2457 5694 talis
2486 5621 2673 5693 frigida
2715 5631 2770 5677 et
2805 5624 2974 5691 sicca;
3005 5625 3282 5694 aequaliter
3313 5640 3437 5681 vero
3472 5625 3664 5680 distant».
3687 5625 3812 5694 τψρτ

2338 5693 2459 5766 liter
2497 5691 2591 5766 est
2637 5703 2953 5766 temperata.
2984 5691 3162 5766 illu'jus
3213 5697 3400 5751 iterum
3445 5707 3547 5766 tres
3566 5691 3808 5766 suntparwf

2338 5765 2675 5835 principales,
2706 5750 2850 5833 Asia,
2886 5750 3094 5835 Africa:
3116 5750 3356 5839 Europa:
3379 5775 3434 5824 et
3457 5763 3620 5829 incipit
3655 5750 3808 5816 Asiani)
