4060 6368
309 344 446 407 “69

1263 344 1786 407 ELEMENTORUM
1826 348 2298 408 PHILOSOPHIE
2339 349 2470 408 LIB.
2509 350 2596 406 IV.

3387 325 3560 409 'ttto

305 467 534 532 oriente,
586 461 991 533 extenditurque
1030 459 1319 520 lateraliter
1353 475 1537 533 ,usque
1561 461 1625 517 ad
1653 473 1867 533 septen-
1894 462 1944 524 Α
1969 462 2219 529 occurrit,
2252 462 2446 518 deinde
2475 462 2542 516 de
2586 460 2762 515 anima
2791 471 2844 517 et
2873 463 2990 529 ejus
3021 461 3307 519 virtutibus
3350 464 3556 525 docea-

306 541 556 598 trionem,
583 545 636 589 et
661 550 828 606 usque
857 536 922 590 ad
954 535 1206 590 torridam
1225 549 1435 606 zonam,
1453 533 1873 606 terminaturque

305 609 472 665 Tanai
504 614 562 663 et
586 606 725 674 Nilo,
746 605 987 661 mediam
1028 616 1230 674 partem
1277 605 1578 659 habitabilis
1607 605 1873 664 obtinens.

268 731 274 736 .
303 680 512 748 Europa
543 693 670 733 vero
697 689 750 735 et
766 677 940 732 Africa
969 677 1242 731 duasalias
1265 676 1874 748 obtinent.Suntautem

303 747 515 806 termini
541 749 752 814 Africm,
772 748 919 802 Nilus
944 763 1008 802 ex
1033 758 1182 816 parte
1210 747 1452 811 orientis,
1472 763 1500 800 a
1521 750 1740 804 meridie
1763 759 1875 805 tor-

301 823 414 877 rida
447 835 612 884 zona,
647 835 674 873 a
710 819 1071 887 septentrione
1106 818 1544 874 Mediterraneum
1588 835 1737 876 mare
1758 862 1772 886 ,
1809 821 1878 876 ab

300 895 582 948 occidente
618 891 870 959 relluxio,
903 903 934 944 ι
971 891 1333 959 septentrione
1374 888 1562 957 frigida
1593 906 1726 946 zona
1773 893 1877 947 hoc

299 965 483 1021 inodo.

372 1035 429 1090 In
455 1035 554 1091 hac
592 1033 751 1104 igitur
776 1041 902 1088 sunt
929 1045 1083 1104 mon-

302 1113 418 1172 tes,
457 1105 509 1159 in
549 1103 774 1174 quorum
816 1103 1090 1161 summita-

297 1177 442 1231 tibus
469 1185 594 1230 sunt
619 1185 889 1242 perpetuae
918 1175 1087 1238 nives,

305 1246 358 1301 in
420 1247 749 1302 convallibus
825 1249 1088 1302 maximus

299 1317 465 1372 calor.
501 1317 606 1373 Sed
645 1331 812 1386 quare
838 1332 957 1371 cum
999 1329 1085 1369 ca-

299 1388 380 1442 lor
411 1389 478 1442 sit
521 1403 586 1443 ει
616 1389 729 1440 sole
764 1397 816 1442 et
846 1387 1084 1454 superio-

299 1459 470 1530 ribus,
484 1467 837 1530 montesvero
857 1459 944 1530 qui
963 1468 1084 1512 sunt

299 1528 372 1582 illi
428 1528 834 1598 propinquiores
856 1528 886 1594 ,⁷
923 1542 1081 1597 quam

298 1613 409 1654 sua:
473 1599 770 1653 convalles:
815 1615 979 1668 quare
1031 1600 1082 1654 in

298 1669 662 1734 superioribus
712 1669 922 1724 illorum
965 1680 1088 1724 sunt

302 1739 454 1794 nives
486 1783 504 1810 ,
553 1741 605 1796 in
653 1740 982 1795 convallibus
1029 1744 1174 1798 non?
1226 1745 1422 1802 Contra
1487 1749 1590 1804 hoc
1643 1745 1872 1803 dicimus

297 1810 438 1878 quod
500 1811 552 1889 in
618 1811 984 1889 superioribus
1004 1883 1016 1889 _
1039 1814 1276 1889 breviter
1314 1819 1612 1889 tetigimus
1641 1861 1657 1884 ,

297 1882 545 1954 quamvis
582 1897 652 1938 ex
688 1883 804 1938 sole
832 1883 902 1937 sit
940 1883 1102 1951 calor,
1145 1887 1235 1954 qui
1277 1887 1415 1943 idem
1439 1882 1529 1944 cst
1566 1882 1759 1942 calida!
1781 1904 1876 1942 tta-

302 1962 456 2017 turae,
498 1952 671 2010 donec
720 1963 896 2028 tamen
948 1952 1186 2028 humido,
1243 1959 1384 2028 quod
1427 1959 1479 2014 in
1519 1960 1600 2013 sui
1629 1971 1870 2013 naturam

298 2031 657 2097 transmutet,
699 2023 795 2080 sed
841 2026 1220 2097 commiscent,
1262 2023 1389 2084 nihil
1433 2029 1725 2085 calefacere
1782 2043 1878 2097 po-

299 2102 408 2149 test
435 2112 449 2149 :
474 2095 615 2168 unde
645 2095 698 2150 in
720 2096 990 2164 praedictis
1012 2099 1281 2153 montibus
1306 2100 1428 2168 quia
1452 2115 1542 2154 aer
1567 2095 1880 2154 subtilis—est

297 2167 711 2236 exiretnotione
759 2181 790 2220 a
841 2175 1002 2231 terra,
1059 2182 1090 2221 a
1139 2169 1253 2224 sole
1283 2167 1387 2224 non
1420 2180 1594 2236 potest
1622 2171 1875 2225 accendi:

297 2235 392 2308 sed
424 2251 518 2308 ex
566 2235 648 2291 sui
692 2237 906 2292 levitate
936 2238 1037 2291 huc
1063 2248 1117 2292 et
1144 2239 1270 2292 illuc
1320 2235 1602 2308 impulsus,
1655 2239 1878 2308 frigidus

297 2305 545 2378 efficitur.
579 2308 634 2362 In
665 2307 994 2362 convallibus
1019 2323 1147 2362 vero
1177 2309 1296 2378 quia
1323 2305 1414 2364 aer
1436 2322 1519 2366 est
1564 2305 1790 2377 spissus,
1823 2320 1879 2364 et

300 2376 424 2431 inde
480 2378 645 2432 fertur
700 2378 1023 2442 immobilis,
1063 2376 1521 2436 cito'ineenditur
1571 2376 1624 2436 et
1669 2378 1875 2436 calelit:

298 2447 439 2512 quod
473 2462 568 2516 per
596 2448 734 2502 hanc
763 2449 1164 2503 similitudinem
1197 2459 1372 2518 potest
1415 2451 1649 2518 probari,
1683 2451 1806 2517 quia
1831 2452 1878 2506 si

300 2531 394 2587 aer
428 2519 478 2570 in
509 2526 697 2572 aestate
723 2518 794 2570 sit
820 2519 1107 2572 immobilis
1132 2559 1148 2584 ,
1180 2520 1489 2574 accenditur
1517 2563 1533 2587 ,
1588 2531 1643 2576 et
1683 2530 1765 2574 est
1790 2536 1879 2574 ca-

304 2586 480 2658 lidus;
511 2587 604 2642 sed
648 2588 694 2642 si
725 2596 914 2658 ventus
942 2589 1140 2658 veniat,
1184 2590 1273 2658 qui
1314 2592 1464 2643 illum
1507 2586 1741 2656 moveat,
1782 2589 1880 2645 fri-

299 2656 456 2729 gi‘dus
485 2659 733 2714 sentitur.
765 2657 863 2712 Hic
890 2657 1062 2713 oritur
1085 2656 1310 2728 quaestio
1331 2679 1342 2713 :
1363 2661 1419 2715 Si
1443 2674 1534 2716 aer
1556 2661 1608 2716 in
1639 2663 1880 2729 superio-

301 2724 736 2800 rthusemontium
763 2736 846 2800 est
893 2724 1234 2800 itaisttb'tilis,
1265 2731 1406 2785 unde
1451 2745 1580 2800 ergo
1618 2724 1878 2800 spissatur

297 2797 551 2872 inpubes
578 2807 634 2854 et
656 2799 921 2872 ininives?
946 2799 1052 2872 Nos
1077 2814 1205 2872 vero
1226 2800 1453 2856 dicimus
1480 2797 1621 2872 quod
1650 2797 1742 2856 ille
1771 2817 1877 2872 non

302 2867 584 2936 spissatur,
643 2871 736 2924 sed
784 2870 960 2925 fumus
1013 2871 1284 2937 humidus,
1317 2875 1404 2940 qui
1452 2867 1521 2927 ei
1551 2871 1880 2927 convallibus

303 2940 563 3012 ascendit,
592 2955 655 2996 ex
684 2941 973 3010 frigiditate
1020 2943 1354 3011 superiorum
1395 2943 1658 3012 spissatur
1700 2944 1752 2997 in
1785 2959 1880 2998 nu-

302 3006 417 3083 bes,
449 3019 505 3083 et
526 3006 907 3083 constringitur
929 3013 982 3067 in
1008 3006 1178 3068 nives.
1211 3013 1335 3067 Haec
1364 3006 1548 3068 eadem
1581 3013 1880 3070 habitabilis

289 3079 531 3153 diversis
549 3084 719 3136 ventis
745 3079 1264 3152 e'xposita,diversas
1288 3085 1555 3139 contrahit
1577 3085 1876 3153 qualitates.

419 3154 559 3236 enim
611 3153 799 3236 aliqua.
823 3148 963 3236 pars
1000 3148 1243 3236 ejusdem
1284 3148 1879 3236 montibus-'oppositis
1907 3173 1953 3236 ο

301 3220 516 3286 orienti,
544 3220 891 3291 septentrio—ni
916 3220 1093 3278 clausa
1116 3225 1215 3290 sit,
1245 3232 1300 3279 et
1324 3225 1608 3290 occidenti,
1637 3220 1878 3294 exposita

303 3304 430 3346 vero
458 3295 720 3360 meridiei,
764 3303 847 3350 est
887 3294 1054 3349 calida
1075 3303 1129 3349 et
1157 3295 1334 3352 sicca:
1375 3295 1426 3349 in
1458 3295 1633 3351 hieme
1674 3295 1879 3352 habita-

303 3361 436 3437 tioni
483 3363 642 3430 bona,
665 3366 727 3437 _in
751 3371 934 3437 aestate
960 3367 1220 3437 pessima;
1251 3366 1298 3420 si
1323 3380 1450 3420 vero
1474 3381 1538 3420 ex
1571 3369 1879 3437 contrario,

301 3430 352 3506 in
378 3431 552 3489 hieme
573 3435 741 3506 mala,
755 3436 806 3490 in
823 3430 1006 3490 testate
1027 3436 1194 3490 bona:
1220 3450 1341 3504 pars
1358 3451 1484 3490 vero
1500 3436 1692 3491 orienti
1709 3430 1879 3506 εχροὲ

300 3501 403 3572 sita
450 3515 505 3558 et
551 3506 670 3559 aliis
699 3505 902 3571 clausa,
935 3515 1016 3560 est
1044 3501 1235 3559 calida'
1260 3515 1315 3560 et
1357 3507 1595 3572 humida,
1646 3516 1700 3562 et
1753 3501 1880 3566 inde

298 3570 460 3646 bona.
496 3573 836 3646 Econtrario
865 3570 1053 3645 frigida
1074 3585 1129 3631 et
1157 3576 1321 3641 sicca,
1350 3576 1404 3630 in
1431 3570 1686 3632 autumno
1714 3580 1876 3646 mala,

304 3642 360 3697 in
384 3659 508 3716 vere
546 3644 705 3700 bona.
737 3646 891 3713 Quod
919 3642 1046 3700 vero
1075 3647 1143 3701 de
1183 3647 1422 3715 partibus
1446 3656 1600 3702 terra:
1631 3642 1876 3716 dicimus,

303 3714 522 3786 probari
554 3724 732 3783 potest
759 3731 854 3786 per
883 3716 1142 3772 fenestras
1171 3714 1384 3771 domus.
1434 3718 1702 3772 Austrinte
1731 3714 1878 3774 nam-

299 3798 404 3856 que
435 3784 486 3837 in
511 3794 698 3841 testate
723 3784 849 3842 sunt
869 3787 1044 3855 malte,
1075 3789 1127 3842 in
1147 3787 1322 3842 hieme
1349 3787 1530 3854 bona;
1561 3792 1880 3856 septentrio-

299 3854 451 3908 nales
479 3869 518 3928 ee
532 3859 817 3912 contrario.
846 3857 970 3912 Inde
989 3854 1105 3912 erat
1125 3858 1264 3925 quod
1292 3859 1491 3928 antiqui
1524 3854 1659 3913 inter
1693 3860 1875 3917 limina

299 3926 634 4002 australiaet
655 3928 887 4002 borealia
915 3927 1340 4002 faciebant,uti_n
1359 3926 1576 4002 australi
1606 3931 1658 3983 in
1679 3931 1875 4002 hieme,

297 3993 590 4066 inboreali
619 4007 806 4054 aestate
837 3998 1252 4054 discumberent.
1283 3999 1350 4052 Et
1383 4000 1637 4066 quoniam
1667 4002 1733 4055 de
1777 3993 1880 4057 hoc

299 4065 569 4120 elemento
596 4075 651 4121 et
690 4069 928 4135 partibus
950 4069 1060 4124 suis
1089 4071 1214 4124 satis
1234 4065 1483 4134 diximus,
1509 4073 1574 4123 de
1620 4071 1798 4126 herbis
1825 4080 1880 4127 et

303 4135 563 4208 fructibus
587 4138 855 4208 arborum
897 4154 1230 4208 consequens
1259 4151 1342 4193 est
1384 4151 1440 4194 ut
1470 4140 1734 4195 dicamus:
1783 4141 1878 4196 sed

300 4207 758 4280 quoniamlliacer
787 4221 840 4265 et
871 4207 1205 4265 Dioscorides
1237 4212 1382 4279 isatis
1427 4210 1495 4265 de
1542 4211 1643 4264 illis
1696 4220 1878 4280 aperte

300 4274 522 4342 docent,
549 4279 614 4332 de
642 4279 749 4349 illis
780 4292 1072 4344 taceamus,
1101 4274 1264 4334 unam
1310 4281 1478 4335 solam
1528 4274 1875 4349 quaestionem

299 4358 425 4418 cum
455 4362 548 4400 sua
581 4348 847 4406 solutione
875 4351 943 4406 de
967 4351 1185 4405 incertis
1207 4348 1616 4418 ponentes,qua:
1639 4353 1756 4406 talis
1772 4365 1873 4408 est.

300 4415 436 4470 Cum
466 4419 687 4473 alterius
715 4422 783 4476 sit
813 4432 1055 4487 truncus,
1077 4415 1292 4476 alterius
1313 4415 1581 4489 surculus,
1612 4437 1875 4489 causaque

301 4490 583 4586 crescendi
603 4489 698 4586 .de
725 4502 865 4546 terra
898 4508 990 4574 per
1019 4493 1228 4586 ra‘dices
1254 4503 1308 4546 et
1334 4504 1577 4586 truncum
1609 4489 1870 4586 ascendit,
1903 4527 1954 4586 Β

303 4561 574 4626 quomodo
603 4568 878 4618 transeunt
902 4561 968 4617 in
999 4571 1241 4624 naturam
1268 4563 1486 4628 surculi,
1513 4566 1644 4617 rami
1673 4573 1728 4618 et
1766 4565 1874 4618 fru-

301 4629 455 4681 ctus?
488 4629 654 4698 llujus
686 4634 805 4686 talis
833 4642 915 4687 est
941 4632 1165 4687 solutio:
1199 4632 1279 4687 Ex
1311 4645 1450 4687 terra
1478 4636 1652 4688 fumus
1672 4636 1875 4690 calidus

300 4708 358 4752 et
386 4698 635 4755 humidus
653 4705 893 4758 ascendit
919 4718 1010 4770 per
1033 4718 1190 4771 poros
1215 4703 1430 4769 radicis,
1466 4719 1646 4759 secum
1677 4706 1876 4773 aliquid

304 4779 496 4823 terrete
524 4781 724 4826 natura:
753 4782 806 4826 et
835 4787 1017 4840 aqueze
1037 4774 1346 4828 substantite
1380 4779 1877 4836 trahens,causam-

300 4852 408 4904 que
439 4841 667 4909 vivendi,
703 4843 1080 4912 augmentandi
1127 4846 1432 4911 fructusque
1459 4845 1759 4901 conferens.
1783 4845 1879 4899 Hic

301 4923 400 4977 per
432 4916 676 4966 truncum
719 4913 978 4977 ascendit,
1009 4922 1228 4968 truncus
1257 4916 1398 4981 quod
1425 4928 1536 4968 sua:
1568 4926 1766 4969 natura:
1797 4924 1879 4971 est

299 4992 594 5053 congruum
626 4983 842 5050 retinet,
874 4984 1212 5053 naturalique
1240 4985 1420 5039 calore
1451 4985 1578 5038 illud
1602 4986 1878 5053 digerens,

300 5048 356 5102 iu
388 5050 670 5126 medullam
695 5048 938 5126 truncum
964 5062 1018 5109 et
1055 5048 1309 5126 corticem
1356 5048 1706 5110 transmutat:
1739 5057 1880 5126 quod

302 5133 431 5193 vero
458 5121 525 5193 ad
547 5123 824 5193 surculum
853 5125 1111 5193 ascendit,
1146 5125 1396 5180 similiter
1417 5126 1470 5180 in
1512 5128 1593 5181 sui
1634 5121 1879 5183 naturain

301 5189 515 5264 digerit.
545 5190 730 5246 Restat
754 5207 881 5262 ergo
908 5203 968 5249 ut
1013 5195 1080 5250 de
1099 5189 1322 5250 terreno
1369 5199 1584 5252 animali
1618 5199 1875 5264 dicamus,

303 5259 448 5336 quod
477 5275 598 5315 cum
626 5276 786 5336 omne
813 5259 883 5319 sit
910 5265 1159 5336 mortale,
1199 5267 1468 5336 quoddam
1515 5278 1690 5321 tamen
1718 5259 1882 5323 ratio;

303 5331 450 5405 nale,
477 5334 741 5401 quoddam
769 5335 1093 5391 irrationale.
1116 5331 1234 5390 Sed'
1257 5339 1508 5405 quoniam
1554 5339 1882 5394 irrationalia

304 5400 511 5476 infinita
563 5415 709 5470 sunt,
765 5420 864 5460 nec
905 5406 1118 5460 lectioni
1170 5400 1607 5476 philosophorum
1660 5410 1882 5464 multum

306 5473 653 5548 pertinentia,
683 5478 750 5548 de
789 5477 991 5532 naturis
1012 5473 1248 5541 illorum,
1279 5485 1334 5531 et
1356 5473 1496 5532 unde
1525 5478 1767 5548 quaedam
1791 5495 1881 5532 ru-

307 5544 536 5618 minent,
585 5547 827 5617 quaedam
880 5562 1014 5602 non:
1045 5548 1284 5615 quaedam
1334 5544 1590 5618 mugian’t,
1638 5551 1880 5618 quaedam

309 5629 442 5680 non,
475 5617 651 5671 dicere
693 5626 1092 5687 postponamus,
1122 5627 1177 5672 et
1219 5620 1285 5673 de
1311 5617 1553 5674 rationali
1586 5617 1884 5675 etimortali

308 5687 774 5770 scilieetltomine,
807 5689 945 5761 quod
975 5687 1184 5770 dignius
1197 5698 1327 5770 “est,
1356 5690 1712 5744 disseramus:
1743 5692 1882 5770 quod

309 5772 378 5831 ex
410 5759 648 5831 duobus,
681 5761 731 5814 id
773 5759 874 5827 est,
903 5759 1078 5816 anima
1110 5771 1163 5815 et
1193 5759 1420 5831 c'orpore
1447 5770 1684 5831 constat;
1736 5763 1882 5829 prius

310 5828 382 5888 de
408 5830 636 5889 huutatto
662 5846 908 5904 corpore,
946 5832 1086 5902 quod
1129 5828 1631 5901 prius'cogitationi
1684 5828 1884 5891 nosme

1980 546 2119 586 mus.
2153 533 2257 588 Sed
2284 536 2532 603 quoniam
2556 533 2625 587 de
2649 534 3036 601 compositione
3063 535 3216 588 orimi
3251 537 3483 594 hominis
3503 550 3561 600 et

1980 603 2214 678 feminae,
2249 605 2475 678 qualiter
2508 619 2572 678 ex
2604 603 2731 678 limo
2763 615 2930 678 terrae
2961 605 3123 678 homo
3145 605 3348 678 “factus
3377 610 3467 676 sit,
3494 613 3558 678 in

1979 675 2151 742 primo
2188 676 2456 729 volumine
2496 675 2804 738 docuimus,
2858 677 2926 730 de
2975 675 3278 745 qumidiana
3324 675 3559 740 hominis

1979 745 2266 819 creatione,
2297 746 2631 819 formatione,
2659 747 2951 819 nativitate,
2985 746 3253 819 aetatibus,
3274 751 3557 819 membris,

1979 813 2048 868 de
2073 814 2263 870 officiis
2285 825 2338 870 et
2365 817 2680 870 utilitatibus
2711 818 3074 872 membrorum
3099 817 3403 873 doceamus.
3421 813 3556 878 Cum

1978 884 2234 961 igiturex
2263 897 2532 951 spermate
2558 888 2836 956 conceptio
2860 888 3089 942 hominis
3119 889 3228 958 fiat,
3245 890 3313 945 de
3333 892 3448 961 ipso
3464 895 3564 951 ειιὶ-

1978 954 2102 1024 quid
2136 957 2390 1012 dicamus.

2049 1027 2270 1098 Spertna
2300 1030 2460 1098 igitur
2486 1038 2569 1083 est
2592 1029 2743 1083 virile
2773 1044 2980 1096 semen,
3012 1046 3076 1085 ex
3120 1031 3230 1097 ipsa
3262 1033 3561 1091 substantia

1979 1096 2221 1168 omnium
2261 1096 2624 1154 membrorum
2681 1103 3060 1168 compositum.
3112 1096 3261 1168 Quod
3312 1120 3442 1158 vero
3493 1121 3562 1162 ex

1980 1167 2273 1244 substantia
2289 1172 2526 1224 omnium
2548 1167 2909 1244 membrnrttnt
2936 1171 3062 1226 illttd
3090 1167 3158 1244 sit
3178 1177 3560 1244 compositum,

1980 1251 2045 1290 ex
2079 1237 2179 1291 hoc
2200 1251 2438 1307 apparet,
2467 1242 2805 1313 quodontnia
2834 1244 3073 1313 membra
3101 1243 3222 1298 inde
3245 1237 3560 1313 formantur,

1979 1316 2274 1377 naturaque
2300 1321 2381 1366 est
2409 1319 2465 1365 ιιι
2493 1312 2682 1366 similia
2708 1327 2772 1364 ex
2802 1311 3380 1370 similibusnascantur.
3403 1311 3561 1373 Aliud

1979 1378 2044 1454 ad
2078 1380 2190 1454 hoc
2206 1392 2604 1454 argumentum:
2630 1384 2771 1454 quod
2804 1385 2846 1436 si
2897 1395 3046 1451 pater
3097 1387 3148 1437 in
3179 1386 3359 1454 aliquo
3388 1403 3561 1442 mem-

1980 1450 2086 1503 bro
2125 1450 2356 1518 aliquam
2408 1453 2752 1506 incurabilem
2803 1450 3162 1508 infirmitatem
3212 1450 3471 1520 obtineat,
3501 1466 3558 1513 ut

1978 1521 2279 1587 chiragram
2329 1523 2410 1576 vel
2461 1524 2747 1591 podagram
2775 1567 2788 1588 ,
2836 1525 2976 1578 filius
3007 1527 3057 1578 itt
3085 1526 3272 1580 eodem
3314 1529 3558 1584 membro

1980 1591 2221 1664 eamdem
2245 1595 2499 1648 obtinebit
2528 1595 2920 1648 infirmitatem:
2955 1604 3007 1650 ct
3047 1599 3167 1662 quia
3199 1597 3266 1650 de
3289 1608 3559 1664 spermato

1980 1661 2201 1715 fecimus
2231 1667 2579 1738 mentionem,
2623 1664 2771 1738 quod
2814 1666 2864 1718 in
2915 1661 3134 1738 matrice
3179 1661 3431 1734 recipitur
3461 1684 3561 1738 pro

1979 1740 2220 1800 tempore
2243 1737 2592 1806 conveniente
2619 1737 2799 1802 coitui,
2831 1745 2885 1789 et
2913 1734 2982 1790 de
3021 1738 3238 1792 matrice
3268 1734 3561 1806 parutn'di-

1729 1818 1870 1886 quod
1907 1823 1955 1884 Β
1981 1817 2190 1886 eamus.
2223 1807 2264 1858 A
2295 1805 2504 1860 decimo
2533 1817 2723 1886 quarto
2753 1823 2894 1886 anno
2927 1816 3134 1869 tempus
3162 1805 3334 1862 coitus
3355 1812 3558 1876 incipit.

1982 1873 2085 1928 Sed
2119 1879 2283 1948 quare
2311 1890 2518 1948 cntnex
2543 1878 2722 1932 calore
2751 1888 2804 1930 et
2836 1878 3060 1933 humore
3088 1893 3299 1948 sperma
3343 1873 3561 1938 causam

1976 1946 2276 2020 eontrahat,
2307 1947 2528 2013 pueritia
2553 1963 2678 2020 vero
2709 1949 2877 2020 calida
2898 1952 2980 2020 sit
3021 1957 3077 2004 et
3120 1946 3362 2014 humida,
3389 1965 3559 2020 quare

1978 2013 2031 2067 in
2055 2029 2116 2068 ea
2140 2015 2446 2089 coitusnon
2486 2019 2783 2089 conlingat.
2812 2017 2909 2072 Cui
2939 2020 3167 2074 dicimus
3212 2013 3357 2087 quod
3385 2013 3436 2075 in
3469 2022 3561 2078 illa

1977 2093 2133 2159 aetate
2161 2087 2336 2159 stricti,
2377 2099 2498 2142 sunt
2547 2087 2934 2159 pori'meatus,
2967 2090 3089 2144 huic
3138 2092 3203 2143 ad
3236 2093 3336 2144 huc
3375 2092 3561 2146 deser—

1979 2153 2206 2228 vientes,
2238 2158 2376 2210 unde
2396 2153 2606 2226 sperma
2648 2161 2794 2214 exire
2825 2153 2928 2214 non
2962 2171 3161 2228 potest:
3198 2162 3248 2214 itt
3280 2163 3397 2216 aliis
3428 2178 3558 2216 vero

1981 2226 2151 2293 aperti
2178 2237 2325 2293 sunt,
2356 2237 2410 2282 et
2438 2232 2545 2297 apti
2574 2230 2754 2285 coitui.
2798 2232 2854 2285 ln
2881 2226 3154 2287 senectute
3175 2239 3304 2286 ver’o
3331 2243 3386 2288 et
3406 2235 3560 2288 scnio

1979 2298 2149 2370 coitus
2180 2299 2268 2351 vix
2301 2301 2560 2368 contingit
2585 2312 2802 2369 propter
2827 2302 3188 2370 frigiditatem.
3228 2303 3353 2357 Post
3382 2319 3563 2359 come-

1979 2367 2204 2440 stionem
2234 2383 2362 2423 vero
2383 2367 2507 2424 ante
2533 2367 2802 2434 somnum,
2831 2367 3112 2427 molestum
3136 2382 3236 2440 est,
3269 2383 3323 2427 et
3351 2374 3552 2429 minui-

1982 2443 2068 2513 tur
2095 2436 2384 2513 hoc‘ottus.
2416 2440 2668 2496 Minuitur
2694 2443 2835 2497 enim
2860 2444 3004 2498 calor
3030 2436 3306 2511 naturalis,
3355 2447 3443 2513 qui
3492 2445 3562 2502 εἰς

1980 2506 2105 2582 bum
2137 2507 2299 2564 debet
2325 2510 2570 2578 digerere
2594 2528 2610 2568 :
2660 2521 2782 2582 post
2807 2527 3053 2568 somnum
3082 2530 3230 2580 vero,
3257 2506 3384 2581 quia
3406 2515 3560 2572 cibus

1980 2575 2218 2645 digestus
2266 2575 2455 2655 est_'in
2504 2575 2841 2655 sanguinem,
2885 2593 3093 2652 tempus
3124 2575 3399 2641 illius'est.
3427 2587 3559 2655 Qum

1982 2659 2106 2699 vero
2116 2649 2416 2718 complexio
2430 2649 2711 2722 huicoperi
2724 2649 3028 2722 conveniat,
3044 2657 3278 2710 secunda
3302 2649 3561 2726 particula

1979 2727 2266 2784 quaeratur.

2051 2788 2241 2844 Matrix
2270 2805 2398 2866 vero
2425 2804 2507 2850 est
2529 2794 2660 2850 cista
2691 2795 2911 2850 seminis
2939 2797 3257 2866 susceptrix,
3286 2796 3430 2853 intus
3454 2797 3560 2854 vil-

1982 2859 2118 2935 losa,
2155 2871 2212 2935 nt
2234 2864 2424 2919 melius
2450 2879 2635 2921 semen
2667 2868 2908 2935 recipiat,
2940 2859 3144 2934 septem
3170 2859 3416 2924 obtinens
3443 2869 3561 2924 cel-

1982 2931 2139 2997 lulas,
2171 2933 2402 3008 humana
2434 2935 2599 3007 figura
2630 2947 2688 2991 ut
2719 2931 2928 2993 moneta
2972 2931 3233 3008 impressa
3260 2947 3403 2995 sunt.
3433 2940 3563 2996 lude

1982 3011 2063 3056 est
2091 3004 2230 3072 quod
2259 3013 2462 3073 septem
2477 3004 2587 3062 'nec
2617 3023 2846 3078 unquam
2869 3004 3264 3079 plures'mulier
3291 3025 3397 3064 uno
3418 3011 3559 3066 lecto

1986 3087 2177 3151 parere
2226 3085 2418 3151 potest.
2448 3148 2456 3151 Α
2481 3081 2547 3151 Et
2592 3081 2713 3151 quia
2741 3094 2809 3151 ex
2837 3082 3059 3136 matrice
3085 3081 3368 3151 aliquando
3397 3095 3561 3136 causa

1982 3145 2621 3222 sterilitatiscontingit,
2639 3149 2708 3222 de
2737 3149 2825 3206 illa
2852 3151 3049 3222 aliquid
3089 3145 3348 3210 dicamus.
3381 3151 3556 3207 Causa

1982 3229 2114 3290 ergo
2140 3217 2437 3290 sterilitatis
2477 3230 2561 3274 est
2601 3221 2761 3276 nimia
2792 3217 3023 3286 siccitas,
3056 3222 3218 3277 nimia
3246 3222 3556 3290 humiditas,

1984 3285 2183 3342 nimius
2209 3289 2376 3366 calor,
2406 3291 2628 3346 nimium
2668 3292 2853 3366 frigus.
2887 3285 3019 3348 Cum
3046 3295 3448 3366 eninrsperma
3485 3285 3560 3366 ex:
3595 3359 3598 3366 ι

1984 3361 2372 3433 temperata,id
2397 3372 2478 3415 est
2500 3376 2564 3416 cx
2595 3365 2854 3430 sanguine
2881 3373 3183 3427 constat,ut
3209 3361 3332 3418 inde
3351 3361 3559 3433 aliquid

1980 3426 2050 3482 sit
2077 3431 2378 3496 consimile,
2408 3433 2647 3500 requirit.
2667 3426 2966 3501 Aliquando
2990 3426 3151 3489 nimia
3183 3426 3458 3503 pinguedo
3476 3442 3561 3490 est

1980 3512 2142 3571 causa
2172 3516 2336 3570 quare
2380 3504 2507 3560 nihil
2536 3505 2961 3571 concipiatur,ex
2991 3521 3050 3560 ea
3078 3506 3220 3560 enim
3241 3519 3431 3559 omnes
3451 3503 3555 3560 fol-

1981 3569 2536 3646 liettliobtruduntur,
2595 3590 2662 3630 ne
2694 3569 2899 3630 semen
2941 3579 3140 3630 intrare
3185 3577 3372 3646 possit.
3405 3575 3559 3632 Unde

1981 3638 2232 3710 Virgilius
2269 3644 2419 3718 _dicit_
2451 3638 2531 3718 in
2559 3655 2800 3718 tempore
2827 3647 3000 3718 coitus
3026 3638 3202 3718 equas
3240 3648 3409 3718 macie
3435 3660 3559 3702 esse

1979 3714 2366 3788 extenuandas,
2386 3715 2583 3788 deinde
2603 3716 2871 3786 subiungit
2893 3714 3194 3788 Physic'am,
3218 3733 3285 3772 ne
3305 3717 3556 3787 pinguior

1966 3796 2109 3856 usus
2139 3785 2319 3839 sulcos
2347 3785 2570 3843 oblimet
2621 3785 2987 3842 inltazrentesf
3011 3788 3206 3843 lterum
3255 3785 3556 3856 frequentia

1981 3855 2156 3925 coitus
2185 3856 2425 3925 ejusdem
2455 3860 2533 3914 rei
2574 3873 2730 3914 causa
2763 3871 2863 3912 est.
2900 3859 3155 3913 Delinitur
3181 3859 3320 3912 enim
3356 3855 3558 3912 matrix

1979 3923 2122 3998 intus
2144 3923 2559 3998 admodumque
2589 3930 2870 3982 marmoris
2889 3927 3079 3998 juncti,
3109 3928 3242 3982 nihil
3270 3935 3442 3996 potest
3470 3942 3557 3982 re-

1981 3995 2170 4050 tinere.
2201 3996 2258 4050 Si
2288 4013 2414 4051 vero
2443 3995 2493 4050 in
2527 4001 2751 4054 muliere
2796 3995 2937 4052 nulla
2987 3999 3056 4053 sit
3097 3995 3277 4052 causa
3304 3999 3557 4053 sterilita-

1980 4066 2070 4128 tis,
2101 4067 2385 4138 veniatque
2413 4081 2622 4137 sperma
2649 4071 2904 4138 genitura:
2931 4071 3259 4124 conveniens
3282 4067 3336 4122 itt
3368 4069 3558 4122 matri-

1979 4149 2116 4201 cem,
2147 4135 2410 4190 clauditur
2429 4135 2604 4192 statim
2631 4135 2840 4202 matrix,
2866 4141 2937 4193 ita
2965 4149 3020 4192 tit
3041 4140 3183 4193 dicat
3208 4138 3554 4206 Hippocrates

1978 4208 2119 4279 quod
2151 4221 2248 4260 nec
2268 4208 2424 4279 etiam
2448 4223 2574 4263 acus
2597 4219 2776 4277 posset
2799 4211 2967 4279 jungi,
2985 4212 3116 4264 facta
3143 4221 3223 4265 est
3251 4210 3551 4277 conceptio.

1980 4274 2452 4349 ldeoconveniens
2481 4274 2738 4347 genitura:
2769 4274 3020 4345 diximus,
3043 4284 3162 4349 quia
3193 4283 3236 4335 si
3285 4274 3463 4340 minus
3483 4279 3554 4336 sit

1977 4347 2250 4413 frigidum,
2303 4352 2386 4404 vel
2429 4350 2678 4429 calidum,
2731 4347 3075 4429 vel_sic_cqm,
3129 4352 3209 4429 vel
3253 4351 3551 4429 humidum,

1977 4431 2082 4471 non
2133 4429 2213 4472 est
2257 4429 2433 4489 aptum
2491 4423 2769 4489 geniturae.
2827 4423 2931 4477 Sed
2987 4422 3239 4491 quaeritur
3287 4424 3330 4475 si
3375 4422 3552 4491 solum

1979 4501 2188 4562 sperma
2216 4491 2285 4543 sit
2315 4491 2440 4562 utile
2467 4494 2510 4546 si
2533 4507 2635 4546 non
2663 4493 2903 4547 muliebri
2935 4490 3272 4562 ac’genitttra:
3298 4490 3551 4546 sulliciat.

1980 4557 2170 4613 Dicunt
2211 4561 2428 4628 quidam
2469 4563 2596 4617 illud
2641 4563 2810 4617 solum
2843 4557 3109 4629 sufficere,
3137 4563 3289 4630 cujus
3329 4561 3408 4617 rei
3439 4563 3555 4618 htec

1977 4638 2064 4704 est
2095 4631 2356 4695 probatio,
2401 4634 2539 4704 quod
2588 4648 2731 4704 saepe
2781 4634 2941 4688 homo
2988 4635 3176 4702 aliquis
3224 4648 3345 4688 cum
3375 4633 3555 4704 aliqua

1979 4701 2196 4774 nolente
2225 4703 2552 4774 concumbit,
2577 4701 2744 4772 eaque
2774 4705 2932 4759 flente
2959 4701 3240 4773 aliquando
3260 4705 3444 4774 gignit,
3460 4703 3553 4774 ubi

1979 4772 2180 4843 nullum
2209 4788 2392 4827 semen
2426 4773 2662 4828 mulieris
2714 4784 2891 4843 potest
2942 4772 3080 4829 esse.
3137 4772 3380 4830 Nonest
3408 4773 3552 4827 enim

1978 4841 2094 4896 sine
2146 4845 2418 4900 voluntate
2463 4845 2686 4898 seminis
2716 4841 2974 4900 'emissio.
3024 4845 3129 4900 Nos
3171 4861 3300 4901 vero
3324 4845 3554 4898 dicimus

1979 4912 2138 4966 etiam
2169 4915 2432 4968 muliebre
2461 4915 2516 4967 in
2546 4918 2894 4982 coaceptione
2920 4930 3059 4981 esse,
3090 4918 3229 4985 quod
3273 4930 3365 4984 per
3396 4914 3554 4966 inlir-

1981 4985 2218 5038 mitatctn
2265 5000 2422 5053 quam
2466 5000 2597 5052 puer
2639 4988 2903 5040 contrahit
2953 4987 3004 5040 itt
3045 4988 3204 5042 simili
3250 4986 3492 5039 membro
3522 4998 3555 5040 a

1983 5063 2153 5124 matre
2185 5057 2396 5123 probari
2430 5063 2625 5124 potest.
2678 5056 2828 5120 Quod
2860 5072 2986 5111 vero
3033 5060 3216 5112 dicunt
3242 5058 3417 5124 aliqua
3449 5068 3551 5108 no—

1981 5122 2125 5195 lente
2153 5122 2369 5192 puerutn
2415 5122 2643 5195 concipi,
2674 5126 2898 5181 dicimus
2946 5130 3085 5194 quod
3112 5129 3157 5181 si
3188 5128 3240 5180 in
3290 5122 3551 5193 principio

1980 5192 2246 5265 displicet,
2301 5195 2354 5250 in
2387 5198 2488 5250 line
2537 5192 2711 5251 tamen
2757 5213 2826 5253 ex
2853 5192 3029 5254 carnis
3055 5192 3552 5265 concupiscentialis

1982 5263 2261 5334 fragilitate
2310 5267 2496 5334 placet.
2536 5267 2639 5322 Sed
2669 5270 2790 5337 quia
2830 5269 2966 5324 facta
3009 5263 3355 5334 conceptione
3402 5281 3554 5321 tuen-

1982 5347 2188 5391 struum
2219 5351 2433 5408 cessare
2483 5339 2810 5408 solet,runde
2837 5340 3127 5408 contingat,
3155 5349 3208 5393 et
3235 5353 3399 5407 quare
3426 5346 3553 5408 tunc

1981 5418 2178 5471 cesset,
2207 5407 2583 5462 edisseratnus.
2634 5407 2766 5463 Cum
2800 5411 2990 5464 mulier
3009 5407 3184 5464 omnis
3223 5407 3553 5462 calidissima

1983 5479 2296 5548 naturaliter
2324 5479 2412 5543 sit,
2444 5480 2682 5546 frigidior
2701 5479 3042 5548 frigidissimo
3068 5477 3200 5539 viro.
3233 5479 3412 5533 cibum
3442 5491 3550 5531 non

1981 5547 2116 5602 bene
2165 5557 2334 5617 potest
2379 5549 2642 5618 digerere,
2690 5547 2964 5605 remanent
3007 5549 3400 5619 superﬂuitatcs
3429 5562 3550 5619 quas

1985 5633 2078 5687 per
2105 5620 2342 5688 singulos
2373 5617 2584 5675 menses
2615 5630 2924 5690 purgantur,
2955 5617 3393 5689 men'stt'uumque
3423 5617 3549 5672 inde

1985 5699 2239 5760 vocatur:
2283 5693 2630 5758 conceptione
2668 5705 2795 5752 vero
2823 5691 2956 5744 facta
2983 5691 3284 5760 geminatur
3310 5691 3454 5746 calor
3475 5704 3547 5742 ex

1983 5757 2115 5813 fetu.
2145 5760 2292 5815 Unde
2335 5757 2525 5817 melius
2555 5763 2703 5816 cibus
2732 5757 3009 5826 digeritur:
3041 5776 3138 5816 nec
3167 5770 3325 5816 tanta:
3363 5775 3552 5829 super-

1982 5829 2213 5889 ﬂuitates
2237 5833 2500 5890 oriuntur.
2542 5833 2736 5893 ltcrutn
2762 5832 2882 5905 quia
2937 5848 3002 5892 cx
3051 5831 3310 5906 sanguine
3353 5832 3545 5890 matris
