4060 6368
273 395 406 462 M71

1233 354 2271 452 atcueuroauu’pattosoetttte
2310 387 2444 446 LIB.
2486 385 2571 446 tv.

3410 383 3550 444 1178

273 539 414 588 mam
443 520 642 580 fecisse
663 524 718 579 et
736 519 813 578 tllt
841 516 1126 577 tradidisse
1151 534 1165 572 :
1195 518 1319 590 quia
1349 514 1651 574 ministerio
1681 513 1843 590 spiri-
1871 511 1925 577 Δ
1948 509 2252 590 ϐῖεεοῑιιιξοο
2284 508 2401 590 Nqn
2443 509 2599 590 eniﬂl
2627 505 2898 590 ειεξιίηριᾳ
2934 502 3391 590 naturalicalgre
3444 506 3545 567 diu

272 607 442 662 tuum,
470 603 526 652 et
549 593 745 670 effectu
777 594 1051 670 stellarum
1081 589 1310 670 humana
1350 604 1575 670 corpora
1601 589 1849 670 existunt

271 679 328 728 et
353 660 624 734 crescunt,
655 666 748 723 sed
779 665 896 721 sola
923 665 1196 719 voluntate
1225 661 1502 734 Creatoris
1528 660 1706 715 anima
1728 660 1847 734 exi-

273 743 390 798 Slil.
417 731 620 793 lterum
644 737 900 808 queritur
921 736 1196 808 ananitna
1229 733 1463 808 humana
1503 731 1852 808 ante_ex_istat

277 827 435 880 quam
461 803 687 878 corpus,
733 815 789 862 et
837 807 1049 877 quando
1093 805 1165 880 illi
1205 805 1582 880 coniungatur.
1612 803 1852 880 Dicimus

279 873 425 940 illam
456 873 570 935 non
589 890 711 935 ante
737 873 993 942 existere,
1021 876 1161 943 quod
1187 875 1398 945 probari
1414 873 1610 943 potest
1637 873 1852 945 ratione

281 965 336 1010 et
363 953 703 1007 auctoritate.
729 949 783 1004 Si
811 951 954 1004 enim
985 958 1108 1004 ante
1133 943 1295 1011 esset,
1330 947 1409 1001 vel
1440 948 1490 1000 in
1523 947 1736 1000 miseria
1765 943 1853 1000 vel

282 1025 334 1081 in
359 1021 684 1078 beatitudine
707 1031 867 1083 esset,
895 1020 1041 1074 nullo
1062 1018 1396 1089 praecedente
1425 1016 1638 1089 merito.
1655 1020 1854 1072 Aucto-

285 1099 440 1150 ritate
464 1094 605 1149 beati
637 1091 912 1160 Augustini
940 1092 1042 1146 hoc
1065 1087 1343 1160 probatur,
1376 1089 1466 1156 qui
1495 1087 1628 1142 dicit
1662 1105 1674 1140 :
1706 1090 1856 1154 Quo-

287 1166 415 1221 tidie
443 1178 589 1220 creat
622 1165 761 1219 Deus
791 1177 956 1218 novas
985 1164 1211 1227 animas,
1239 1169 1449 1228 tempus
1475 1174 1600 1213 vero
1627 1160 1854 1225 conjun-

285 1239 477 1302 ctionis
506 1237 646 1290 illius
686 1249 808 1290 cum
849 1248 1075 1300 corpore
1117 1248 1147 1286 a
1196 1231 1342 1302 nullo
1381 1229 1654 1284 deﬁnitur.
1693 1229 1858 1302 Nobis

289 1300 465 1363 tamen
498 1317 616 1375 post
653 1308 1017 1371 operationem
1048 1301 1362 1375 formativte
1388 1309 1466 1375 et,
1491 1300 1856 1356 concavativtc

287 1373 771 1434 virtutisvidetur:
805 1385 933 1430 tunc
981 1391 1084 1429 noti
1133 1373 1395 1428 naturalis
1421 1373 1590 1427 virtus
1619 1389 1714 1440 per
1741 1388 1858 1426 tnu-

289 1449 438 1505 hram
463 1459 638 1518 potest
653 1446 1233 1518 discurrere,sine_qua
1255 1446 1360 1497 vita
1386 1457 1492 1518 non
1502 1453 1689 1518 potest
1711 1458 1856 1506 esse,

291 1536 392 1577 nec
421 1513 596 1574 anima
647 1519 699 1572 in
743 1532 992 1585 corpore.
1024 1513 1189 1584 llnjus
1236 1526 1415 1569 autem
1461 1513 1861 1585 diversaesunt

292 1591 577 1662 potentiae;
599 1584 970 1662 intelligentia,
1003 1589 1175 1662 ratio,
1190 1584 1466 1662 memoria.
1502 1585 1569 1638 Et
1593 1595 1679 1662 est
1704 1584 1860 1639 intel—

294 1657 505 1730 ligentia
535 1661 614 1714 vis
633 1657 826 1714 animat
854 1673 958 1728 qua
980 1658 1202 1730 pereipit
1231 1658 1391 1730 homo
1418 1657 1715 1724 corporalia
1737 1671 1858 1730 cum

293 1727 438 1788 certa
468 1733 673 1786 ratione
695 1771 712 1797 ,
754 1745 921 1798 quare
952 1731 1024 1784 ita
1051 1727 1149 1794 sit;
1182 1729 1472 1798 ratiogvero
1501 1737 1583 1781 est
1616 1728 1860 1796 quaedam

293 1805 377 1858 vis
399 1802 612 1868 animae,
641 1815 744 1872 qua
775 1797 998 1869 percipit
1024 1800 1184 1854 homo
1213 1797 1339 1872 qttid
1368 1799 1440 1853 sit
1466 1812 1574 1863 res,
1594 1800 1729 1872 etin
1753 1812 1860 1866 quo

1952 592 2128 652 potest
2147 585 2329 637 vivere
2353 580 2534 652 homo.
2562 581 2625 634 Et
2647 579 2766 647 quia
2789 580 2856 633 de
2873 579 3088 652 homine
3110 578 3245 652 satis
3271 576 3543 648 diximus,

1951 649 2106 722 cujus
2132 663 2215 709 est
2247 651 2426 707 doceri
2471 653 2715 706 dicamus
2741 691 2757 714 ,
2808 649 2994 720 quales
3037 659 3095 704 ut
3126 649 3366 722 doceant
3397 666 3550 722 qua:-

1953 720 2105 779 reitdi
2160 724 2303 789 sint,
2336 721 2524 791 quales
2553 731 2612 776 ut
2658 723 2973 786 doceantur,
3014 720 3190 791 qualis
3240 721 3552 791 complexio

1953 795 2286 850 conveniens
2316 790 2390 848 sit
2419 794 2710 858 doctrinae,
2745 793 2795 846 in
2826 807 2928 859 qua
2959 801 3118 846 aetate
3147 790 3257 846 sint
3287 790 3552 859 incipien-

1953 865 2041 931 da,
2074 875 2128 920 et
2153 864 2364 934 quando
2397 863 2646 931 ﬁnienda,
2680 864 2799 931 quis
2829 864 2898 918 sit
2925 861 3060 916 ordo
3092 860 3361 918 discendi.
3392 863 3544 919 Talis

1955 937 2116 1006 igitur
2163 945 2222 991 ut
2270 938 2460 991 doceat
2502 935 2985 1006 qtlerIldllSAeSi,
3020 934 3112 1004 qui
3164 948 3340 1004 neque
3383 948 3549 990 causa

1956 1003 2155 1076 laudis,
2185 1022 2284 1062 nec
2305 1020 2401 1076 spe
2423 1005 2737 1075 temporalis
2761 1003 3077 1072 indumenti,
3104 1005 3198 1076 sed
3217 1003 3334 1060 solo
3356 1018 3552 1076 amore

1956 1074 2148 1147 sapere
2195 1074 2407 1133 doceat.
2458 1074 2703 1133 Sirenim
2757 1080 3024 1147 propriam
3080 1074 3291 1130 laudem
3337 1074 3551 1147 diligit,

1959 1145 2229 1218 nunquam
2261 1148 2585 1215 discipulum
2617 1148 2681 1202 ad
2709 1148 2792 1201 sui
2828 1146 3217 1214 perfectionem
3250 1145 3436 1218 venire
3468 1161 3555 1218 vo-

1959 1219 2053 1274 let.
2077 1217 2362 1275 Subtrahit
2386 1221 2527 1274 enim
2561 1218 2900 1284 doctrinam,
2934 1233 3001 1271 ne
3046 1219 3100 1272 in
3139 1232 3205 1271 eo
3245 1217 3388 1287 quod
3433 1217 3555 1286 plus

1958 1290 2132 1360 diligit
2179 1303 2419 1358 mquetur
2450 1290 2534 1345 vel
2573 1299 2877 1356 superetur.
2910 1287 2967 1344 Si
2999 1288 3191 1344 iterum
3218 1288 3552 1360 temporalis

1962 1358 2235 1416 commodi
2263 1375 2357 1429 spe
2390 1362 2636 1416 inductus
2667 1361 2886 1427 doceat,
2924 1375 3028 1414 non
3081 1359 3290 1414 curabit
3320 1358 3447 1424 quid
3477 1359 3554 1412 di-

1961 1439 2077 1499 cat,
2109 1432 2235 1486 dum
2288 1432 2509 1486 nimium
2556 1441 2891 1500 extorqueat.
2936 1430 3093 1499 Stepe
3141 1433 3284 1486 enim
3337 1429 3556 1500 placent

1964 1517 2117 1570 nugre
2151 1506 2318 1572 magis
2349 1519 2506 1570 quam
2553 1499 2863 1557 utilia.’Sed
2905 1501 2950 1556 si
2994 1516 3182 1572 amore
3214 1499 3454 1572 scientiae
3486 1499 3554 1572 ad

1962 1571 2260 1627 docendum
2292 1574 2604 1638 accesserit,
2639 1588 2737 1629 nec
2783 1582 3002 1641 propter
3046 1571 3307 1626 invidiam
3351 1571 3554 1626 doctri-

1963 1659 2087 1698 nam
2117 1645 2396 1698 subtrahet
2424 1661 2439 1698 :
2470 1657 2567 1698 nec
2597 1654 2652 1698 ut
2675 1643 2879 1712 aliquid
2903 1650 3240 1712 extorqueat,
3267 1644 3551 1696 veritatem

1966 1716 2235 1781 cognitam
2270 1713 2464 1783 fugiet;
2502 1729 2598 1768 nec
2625 1717 2667 1768 si
2699 1715 2912 1768 deliciat
2939 1713 3228 1768 multitudo
3254 1714 3549 1777 sociorum,

1964 1785 2196 1850 deﬁciet,
2222 1788 2315 1840 sed
2345 1786 2410 1839 ad
2440 1787 2841 1840 instruetionem
2872 1784 2953 1840 sui
2986 1795 3042 1840 et
3077 1786 3314 1838 aliorum
3344 1783 3469 1853 vigil
3498 1790 3554 1838 et

295 1853 1033 1944 eninéiiii'i'cdtiaitis,‘érin
1055 1853 1420 1944 quoidi'ﬁ‘erat;
1447 1853 1705 1944 memoria
1733 1853 1861 1944 vero
1894 1881 1942 1944 Β
1968 1855 2199 1944 ἀηὶῧβηεν
2227 1856 2335 1944 “cf:
2456 1853 3549 1944 tl_oceatul"e_l‘gfl{lallﬁ_di!igfl[qll§_esfg

295 1955 379 1999 est
407 1946 508 2008 vis,
537 1958 640 2012 qua
671 1945 823 1996 ﬁrme
868 1942 1064 1998 retinet
1109 1943 1270 1995 homo
1317 1949 1444 1996 ante
1491 1943 1723 2010 cognita.
1755 1940 1863 1996 Sed

295 2016 576 2084 quaeritur,
604 2030 725 2069 cum
770 2013 884 2068 ista:
909 2015 1018 2068 sint
1048 2017 1399 2084 proprietates
1443 2012 1668 2075 animae,
1701 2026 1869 2081 quare

296 2083 490 2152 infans,
519 2086 571 2140 in
602 2102 707 2156 quo
736 2094 818 2140 est
843 2084 1019 2138 anima
1041 2125 1060 2156 ,
1086 2099 1192 2156 non
1216 2083 1514 2156 discernit,
1532 2093 1636 2156 etc.
1663 2083 1742 2137 Ad
1769 2084 1870 2138 hoc

295 2157 523 2212 dicimus
546 2154 685 2226 qnnd
716 2156 893 2210 anima
919 2154 1151 2209 hominis
1172 2169 1202 2207 a
1223 2154 1481 2208 Creatore
1503 2154 1704 2209 habens
1726 2157 1874 2224 prin-

299 2229 494 2296 cipiunt
524 2271 537 2293 ,
569 2243 635 2283 ex
664 2241 768 2296 quo
798 2237 880 2282 est
927 2226 1161 2295 perfecta
1209 2226 1263 2278 in
1307 2240 1405 2296 suo
1435 2241 1632 2294 genere
1656 2268 1670 2289 ,
1709 2227 1874 2280 sciret

296 2295 414 2366 qute
443 2299 512 2354 ab
543 2295 756 2352 homine
800 2297 926 2351 sciri
964 2304 1230 2366 possunt,
1278 2295 1378 2350 nisi
1421 2298 1658 2364 gravitas
1696 2301 1874 2350 carnis

293 2379 460 2436 esset,
490 2371 629 2439 quod
664 2384 758 2438 per
801 2367 1031 2436 primum
1064 2368 1338 2439 hominem
1381 2366 1471 2435 qui
1516 2377 1640 2421 ante
1683 2382 1875 2422 corru-

296 2437 530 2510 ptionem
564 2439 932 2504 humanitatis,
964 2453 1030 2493 cx
1060 2453 1166 2510 quo
1207 2437 1334 2502 fuit,
1367 2439 1670 2510 perfectam;
1693 2439 1904 2502 habuit,

294 2507 572 2564 scientiam
602 2511 910 2572 humanam,
944 2507 1161 2577 probari
1193 2516 1391 2575 potest.
1415 2508 1520 2562 Sed
1551 2507 1712 2562 modo
1754 2524 1878 2562 cor-

295 2589 451 2650 rupta
504 2579 868 2645 humanitate,
914 2593 981 2632 ex
1037 2593 1142 2647 quo
1191 2577 1534 2648 conjungitur
1580 2588 1875 2645 corrupto,

296 2652 657 2719 corrumpitur
684 2669 696 2703 :
730 2664 829 2704 nec
860 2651 1214 2718 proprietates
1240 2662 1368 2719 suas
1394 2657 1568 2715 potest
1595 2663 1877 2714 exercere,

294 2722 466 2776 donec
487 2718 610 2774 usus
627 2721 981 2789 experientia,
1003 2720 1087 2773 vel
1108 2718 1331 2788 alicujus
1353 2719 1594 2789 doctrina
1620 2719 1876 2784 excitata,

294 2792 487 2861 incipit
515 2787 864 2857 discernere,
912 2790 1058 2845 velut
1114 2787 1255 2844 cum
1285 2787 1476 2855 aliquis
1524 2790 1709 2844 subtili
1764 2792 1879 2846 acie

294 2865 593 2930 oculorum,
629 2864 918 2918 tenebroso
936 2861 1139 2916 carceri
1158 2862 1467 2929 deputatur,
1489 2862 1672 2916 videre
1697 2871 1878 2917 tamen

294 2948 402 2987 non
436 2942 612 3002 poteSt
641 2933 744 2988 nisi
773 2941 1048 2987 assuescat
1070 2931 1333 2994 tenebris,
1361 2933 1443 2986 vel
1475 2933 1654 2988 lumen
1683 2947 1880 2989 accen-

295 3004 472 3059 datur.
507 3004 658 3062 Unde
689 3003 938 3074 Virgilius
964 3021 978 3058 :

412 3103 729 3176 ’...Quautum
751 3129 840 3167 nos
858 3117 1008 3167 noxia
1031 3097 1236 3180 corpora
1261 3117 1467 3168 tardant.

293 3198 353 3255 In
385 3200 554 3269 prima
585 3214 717 3256 vero
746 3211 903 3256 actate
928 3215 1027 3256 nec
1060 3201 1334 3271 praecessit
1355 3216 1483 3257 usus
1507 3204 1869 3272 experientia,

294 3285 397 3326 nec
424 3279 508 3327 est
535 3283 742 3340 tempus
769 3273 1027 3327 doctrina:
1053 3273 1401 3328 conveniens.
1435 3273 1568 3328 Cum
1603 3277 1746 3330 enim
1783 3277 1874 3330 illa

295 3350 428 3396 mtas
449 3343 618 3397 calida
650 3344 719 3396 sit
744 3353 799 3398 et
827 3343 1043 3398 ltumida
1078 3353 1318 3410 tantum,
1348 3343 1530 3398 statim
1569 3344 1747 3401 cibum
1791 3348 1874 3403 di-

293 3415 513 3487 geritet
535 3416 740 3487 appetit
765 3431 789 3487 :_
815 3414 956 3470 unde
1007 3414 1272 3487 frequenti
1326 3418 1618 3471 inﬁuxione
1671 3417 1874 3487 indiget

295 3481 353 3556 et
373 3481 688 3548 efﬂuxione,
712 3485 1024 3555 spissusque
1046 3481 1221 3542 [uinus
1241 3497 1546 3556 generatur,
1571 3490 1656 3555 qui
1681 3481 1871 3544 ascen-

291 3553 430 3626 dens
459 3553 762 3618 cerebrum,
791 3555 844 3609 itt
873 3553 977 3626 quo
998 3565 1082 3611 est
1110 3559 1190 3613 vis
1211 3553 1551 3612 discernendi
1580 3553 1634 3612 et
1665 3559 1868 3616 intelli-

288 3625 474 3693 gendi,
495 3625 1117 3699 turbat._Hanciaetatem
1160 3629 1402 3698 sequitur
1424 3627 1678 3696 juventus
1703 3670 1719 3696 ,
1751 3647 1872 3699 qua:

290 3703 380 3751 est
403 3698 574 3752 calida
602 3709 657 3752 et
681 3696 841 3752 sicca.
876 3697 1183 3754 Desiccatus
1207 3696 1290 3754 est
1309 3700 1452 3754 enim
1485 3700 1578 3755 ille
1608 3696 1870 3758 naturalis

289 3765 506 3836 humor,
530 3783 692 3839 quem
714 3769 984 3825 contrahit
1012 3769 1175 3825 homo
1203 3785 1273 3826 ex
1304 3771 1492 3825 matris
1514 3782 1690 3827 utero.
1721 3773 1872 3830 Unde

287 3852 399 3892 neu
431 3841 503 3893 ita
533 3843 739 3907 spissus
761 3842 936 3896 lumus
960 3851 1269 3909 generatur,
1299 3856 1471 3911 neque
1493 3843 1773 3898 cerebrum
1798 3846 1870 3900 ita

288 3910 557 3978 turbatur,
585 3921 774 3983 estque
803 3919 934 3967 aetas
962 3915 1290 3967 conveniens
1335 3910 1401 3966 ad
1433 3911 1782 3983 discendum,
1816 3925 1872 3972 et

285 3983 551 4053 maxime,
583 3983 627 4036 si
660 3980 863 4050 lampas
909 3983 1179 4053 diligentis
1222 3984 1482 4039 doctrinae
1521 3980 1867 4043 accendatur.

285 4051 542 4122 Sequitur
559 4064 809 4107 senectus
831 4051 1082 4122 trigida'et
1105 4055 1265 4109 sicca.
1281 4054 1596 4109 Exstinctos
1617 4067 1700 4111 est
1721 4060 1868 4113 enim

283 4121 378 4175 ille
411 4124 668 4179 naturalis
703 4125 872 4188 calor,
898 4121 1038 4179 unde
1071 4126 1123 4178 in
1158 4127 1258 4179 hac
1285 4136 1445 4180 aetate
1481 4127 1626 4194 viget
1658 4142 1865 4182 memo-

279 4196 388 4260 ria,
421 4195 514 4247 sed
541 4195 682 4249 vires
703 4197 944 4264 corporis
971 4195 1247 4263 deﬁciunt,
1274 4210 1342 4250 ex
1371 4197 1616 4252 siccitate
1643 4200 1784 4252 enim
1813 4207 1870 4256 et

279 4264 609 4331 l’rigiditate,
641 4269 794 4336 cujus
822 4275 905 4320 est
929 4268 1332 4336 constringere,
1358 4277 1442 4322 est
1473 4269 1751 4323 memoria.
1788 4271 1868 4326 Ex

276 4336 487 4408 calore,
519 4337 671 4406 cujus
699 4347 783 4393 est
810 4337 1068 4407 impetum
1096 4337 1304 4407 facere,
1349 4341 1494 4393 vires
1525 4343 1770 4408 corporis
1800 4357 1868 4395 eo

278 4404 568 4482 deﬁciente
586 4404 851 4482 deﬁciunt
875 4404 1056 4473 {hanc
1075 4404 1320 4482 sequitur
1350 4410 1583 4476 senium,
1611 4404 1866 4482 frigidum

280 4487 345 4532 et
373 4477 670 4534 humidum.
697 4481 978 4535 Exstincto
1000 4481 1142 4536 enim
1156 4477 1399 4536 naturali
1439 4484 1641 4547 calore,
1667 4477 1868 4539 crescit

277 4548 534 4624 [rigidum
566 4551 848 4624 phlegtna;
883 4555 1024 4607 unde
1055 4553 1108 4607 in
1142 4554 1232 4608 illa
1259 4564 1421 4608 aetate
1444 4554 1626 4608 deﬁcit
1655 4569 1861 4610 memo-

277 4619 384 4695 ria,
401 4619 638 4692 ﬁuntque
661 4619 906 4678 homines
930 4625 1164 4693 pueriles
1191 4640 1207 4679 :
1239 4633 1322 4680 est
1341 4625 1486 4680 enim
1509 4639 1540 4678 a
1557 4626 1865 4695 phlegmate

278 4693 364 4746 vis
411 4696 706 4761 expulsiva.
786 4697 937 4752 Hanc
993 4698 1236 4766 sequitur
1280 4697 1474 4752 anima:
1522 4693 1579 4752 et
1621 4693 1864 4768 corporis

1901 3227 1948 3308 (Ζ

1974 1928 2063 1996 qui
2106 1943 2208 1981 tton
2261 1926 2333 1981 sit
2381 1928 2638 1981 doctrina:
2680 1935 2961 1995 strepens,
3007 1941 3106 1981 nec
3151 1927 3442 1996 superbus,
3490 1938 3558 1979 ne

1976 1999 2221 2051 videatur
2247 1999 2444 2065 aliquid
2489 2013 2642 2063 esse,
2676 2013 2796 2052 cum
2830 1997 2958 2051 nihil
2989 1997 3095 2064 sit;
3120 1997 3211 2067 qui
3243 1997 3557 2065 magistrum

1974 2077 2033 2122 ut
2065 2080 2266 2135 patrem
2299 2069 2507 2138 diligat,
2539 2069 2622 2122 vel
2658 2072 2819 2123 etiam
2851 2068 2970 2136 plus
3000 2079 3172 2133 patre.
3201 2069 3245 2122 A
3277 2084 3382 2137 quo
3411 2067 3555 2138 enim

1975 2139 2175 2208 majora
2203 2148 2258 2194 et
2286 2137 2526 2210 digniora
2571 2138 2895 2208 accipimus,
2927 2139 3098 2207 magis
3137 2139 3362 2208 diligere
3393 2137 3559 2210 debe-

1976 2225 2118 2264 mus.
2150 2211 2187 2264 Α
2219 2209 2368 2278 patre
2397 2210 2540 2265 enim
2579 2211 2737 2264 rudes
2766 2224 2888 2264 esse
2918 2211 3216 2278 capimus,
3240 2225 3268 2262 a
3297 2209 3558 2280 magistro

1978 2295 2105 2335 vero
2129 2295 2248 2334 esse
2277 2283 2568 2348 sapientes,
2597 2281 2739 2349 quod
2767 2280 2939 2349 majus
2965 2291 3051 2335 est
3079 2290 3135 2336 et
3162 2279 3411 2351 dignius;
3431 2279 3558 2333 Plus

1977 2365 2106 2419 ergo
2145 2352 2403 2421 diligendi
2435 2362 2558 2405 sunt
2608 2351 2731 2406 boni
2778 2351 3027 2406 doctores
3074 2365 3237 2419 quam
3283 2359 3555 2418 parentes,

1985 2436 2088 2476 nec
2119 2432 2298 2476 tamen
2331 2433 2412 2476 est
2432 2421 2638 2492 justum
2669 2421 2809 2491 quod
2839 2422 3030 2492 magis,
3051 2421 3342 2492 diligantur
3369 2421 3559 2474 docto-

1977 2506 2089 2555 res,
2114 2493 2207 2547 sed
2236 2494 2365 2548 utile
2400 2491 2460 2547 ut
2489 2493 2729 2548 scientia:
2757 2492 2902 2546 illius
2924 2491 3088 2547 verba
3112 2492 3266 2547 nobis
3290 2491 3557 2559 placeant,

1980 2562 2104 2632 quia
2155 2564 2208 2632 in
2259 2578 2324 2615 eo
2372 2578 2528 2632 quem
2578 2579 2682 2617 non
2715 2564 2988 2630 diligimus
3019 2578 3163 2631 smpe
3194 2561 3356 2618 etiam
3407 2563 3565 2616 nobis

1984 2631 2124 2685 bona
2157 2631 2444 2700 displicent
2467 2674 2480 2697 ,
2514 2632 2707 2702 illaque
2739 2634 2966 2702 fugimus
2995 2633 3119 2686 dum
3149 2633 3426 2687 studemus
3456 2647 3564 2687 non

1983 2701 2182 2774 imitari
2212 2705 2332 2757 illos
2360 2718 2494 2774 quos
2526 2701 2952 2774 nonrdiligi’mus.
2977 2704 3239 2774 Quamvis
3271 2703 3412 2758 enim
3438 2717 3565 2774 san-

1983 2773 2174 2843 guinea
2219 2773 2520 2843 complexio
2570 2773 2766 2828 habilis
2793 2773 2862 2828 sit
2906 2775 2970 2828 ad
3013 2773 3333 2837 doctrinam,
3366 2773 3566 2844 quippe

1983 2844 2037 2897 in
2066 2845 2313 2898 omnibus
2343 2853 2655 2914 temperata,
2688 2854 2862 2899 tamen
2894 2844 2947 2898 itt
2977 2845 3122 2898 omni
3151 2844 3348 2914 aliquis
3382 2846 3568 2913 perfe-

1983 2923 2101 2968 ctus
2145 2929 2265 2970 esse
2296 2925 2491 2984 potest,
2526 2919 2624 2970 etsi
2664 2931 2784 2970 cum
2833 2916 3054 2982 labore;
3087 2918 3236 2984 quia,
3281 2923 3341 2970 ut
3383 2924 3568 2970 narrat

1987 2984 2339 3055 Pamphilus:
2375 2987 2550 3040 Labor
2600 2987 2875 3056 improbus
2926 2989 3105 3041 omnia
3135 2986 3319 3041 vincit.
3362 2985 3569 3040 Princi-

1988 3056 2133 3126 pium
2165 3073 2292 3112 vero
2318 3058 2579 3112 doctrina:
2605 3060 2672 3112 ab
2700 3056 3062 3112 adolescentia
3095 3069 3177 3112 est
3205 3057 3559 3126 conveniens,

1985 3128 2128 3198 quia,
2161 3137 2220 3182 ut
2246 3132 2319 3182 ait
2351 3131 2498 3183 Plato
2528 3148 2540 3184 :
2574 3128 2728 3183 Aitas
2768 3129 3001 3184 hominis
3031 3129 3223 3183 similis
3266 3137 3350 3183 est
3391 3142 3569 3194 certe,

1987 3214 2107 3268 quae
2147 3201 2193 3255 si
2236 3200 2394 3255 nimis
2439 3199 2614 3254 mollis
2661 3201 2770 3265 sit,
2805 3214 2903 3254 nec
2950 3200 3174 3268 ﬁguram
3215 3199 3438 3268 recipit;
3473 3213 3570 3255 nec

1978 3271 2174 3326 retinet
2204 3271 2470 3338 similiter,
2501 3273 2546 3326 si
2575 3273 2645 3325 sit
2669 3271 2800 3324 dura
2827 3288 2840 3324 :
2867 3285 2996 3342 ergo
3025 3285 3123 3325 nec
3151 3271 3315 3342 nimis
3351 3279 3569 3337 tenera,

1981 3356 2079 3395 nec
2111 3342 2272 3396 nimis
2300 3343 2450 3407 dura,
2489 3341 2820 3397 conveniens
2845 3351 2927 3396 est
2945 3341 3238 3396 doctrinae.
3277 3341 3569 3395 Terminus

1976 3412 2235 3467 doctrina:
2265 3423 2346 3467 est
2376 3424 2545 3468 mors.
2573 3412 2724 3468 Unde
2753 3413 2967 3481 quidam
2992 3413 3228 3481 sapiens,
3262 3426 3383 3466 cum
3410 3410 3479 3463 ab
3500 3425 3569 3466 eo

1975 3485 2054 3538 sic
2084 3493 2451 3552 quaereretur:
2487 3484 2585 3540 Ubi
2617 3493 2701 3539 est
2732 3484 2998 3538 terminus
3027 3482 3314 3537 discendi?
3343 3496 3572 3550 respon-

1976 3554 2066 3608 det
2095 3571 2109 3606 :
2148 3554 2247 3610 Ubi
2274 3562 2330 3610 et
2363 3557 2502 3610 vitae.
2531 3555 2760 3623 Quidam
2801 3555 3154 3624 philosophus
3181 3568 3302 3608 cum
3323 3566 3573 3624 nonage-

1975 3624 2156 3679 naritts
2186 3635 2507 3691 moreretur,
2548 3634 2602 3680 et
2645 3623 2902 3695 quaesitus
2941 3641 2972 3680 a
3017 3625 3252 3694 quodam
3303 3623 3570 3692 discipulo

1973 3710 2073 3750 suo
2100 3696 2145 3751 si
2167 3697 2237 3751 de
2267 3707 2439 3751 morte
2466 3698 2672 3753 doleret
2695 3696 2719 3748 ἲ
2739 3696 2817 3750 sic
2840 3697 3197 3764 interroganti
3227 3696 3523 3764 respondet
3547 3710 3564 3764 ς

1973 3767 2108 3834 Quia
2159 3781 2300 3822 nunc
2340 3769 2630 3838 incipiebat
2671 3768 2902 3822 discere.
2950 3762 3098 3822 Ordo
3142 3780 3275 3838 vero
3313 3762 3564 3838 discendi

1976 3840 2100 3894 talis
2124 3847 2228 3904 est,
2256 3848 2312 3892 ut
2338 3835 2464 3909 quia
2489 3856 2586 3911 per
2611 3837 2980 3911 eloquentiam
3009 3836 3186 3911 omnis
3210 3838 3268 3890 lit
3293 3835 3566 3899 doctrina,

1976 3911 2126 3979 prius
2177 3907 2510 3966 instruantur
2566 3912 2620 3965 in
2673 3907 3004 3979 eloquentia.
3055 3907 3224 3977 Cujus
3274 3915 3385 3962 tres
3421 3913 3572 3979 sunt

1973 3977 2154 4051 partes
2186 3999 2197 4032 :
2237 3993 2384 4036 recte
2411 3983 2652 4037 scribere
2678 3990 2732 4034 et
2761 3977 2908 4035 recte
2947 3977 3531 4051 scriptapronuntiare
3550 4015 3571 4044 ,

1973 4048 2206 4120 probare
2235 4051 2290 4105 id
2320 4053 2461 4120 quod
2491 4063 2575 4108 est
2607 4051 2948 4121 probandum
2977 4092 2992 4117 ,
3033 4048 3176 4119 quod
3214 4048 3376 4121 docet
3399 4048 3571 4121 diale-

1970 4118 2135 4188 ctica;
2169 4118 2365 4176 ornare
2388 4124 2549 4178 verba
2575 4118 2630 4178 et
2659 4123 2982 4187 sententias,
3014 4118 3156 4191 quod
3189 4120 3353 4175 tradit
3382 4118 3568 4191 rheto-

1971 4193 2101 4265 rica.
2136 4191 2384 4247 lnitiattdi
2414 4209 2546 4265 ergo
2565 4206 2763 4265 sumus
2795 4193 2847 4246 itt
2877 4190 3250 4265 grammatica,
3283 4191 3480 4265 deinde
3512 4190 3566 4244 in

1971 4263 2253 4319 dialectica
2275 4304 2290 4326 ,
2325 4262 2511 4332 postea
2561 4263 2614 4319 in
2668 4265 2960 4319 rhetorica.
2999 4263 3205 4330 Quibus
3234 4262 3479 4316 instructi
3513 4267 3573 4315 ut

1971 4337 2157 4402 armis,
2193 4334 2259 4389 ad
2290 4337 2526 4390 studium
2563 4335 2924 4405 philosophia:
2969 4335 3230 4389 debemus
3280 4332 3568 4405 accedere.

1969 4401 2254 4475 Uttjus’hic
2282 4414 2366 4460 est
2394 4401 2639 4473 ordo,'ut
2667 4401 2813 4474 prius
2844 4407 2898 4459 in
2931 4406 3228 4475 quadruvio
3265 4414 3322 4457 et
3367 4401 3430 4475 in
3453 4403 3570 4471 ipso

1945 4483 1948 4486 ’
1971 4473 2119 4547 prius
2147 4479 2198 4532 in
2229 4479 2566 4533 arithmetica
2593 4520 2609 4547 ,
2651 4473 2891 4532 Secundo
2919 4473 2992 4547 in
3037 4476 3241 4530 musica
3265 4473 3496 4547 ,tertio
3517 4475 3570 4528 in

1973 4543 2291 4619 geometria,
2325 4559 2516 4617 quarto
2548 4543 2604 4604 in
2632 4546 2996 4613 astronomia,
3048 4547 3244 4602 deinde
3291 4546 3348 4601 in
3392 4543 3573 4619 divina

1973 4615 2184 4690 pagina,
2214 4615 2413 4689 quippe
2445 4629 2503 4675 ut
2529 4637 2622 4691 per
2644 4621 3008 4690 cognitionem
3037 4627 3303 4677 creatura:
3325 4655 3344 4684 ,
3377 4615 3448 4672 ad
3473 4629 3566 4673 co-

1971 4693 2265 4763 gnitionem
2288 4693 2560 4750 Creatoris
2590 4692 2968 4764 perveniamus
