4060 6368
262 264 422 333 ~‘ttst

1068 264 1580 326 SIBYLLINOBUI
1621 266 2004 331 VERBORUI
2042 268 2642 331 INTERPRETATIO.

3378 268 3536 330 ³11⁸2

267 399 372 454 aut
390 389 617 465 legendo
641 403 706 447 ex
738 400 1064 465 praeceptore
1091 392 1358 460 accipere.
1387 392 1521 449 Cum
1534 402 1843 449 autemom-
1872 399 1919 457 Α
1949 408 2235 463 antequam
2273 403 2412 451 esset
2438 394 2734 465 linguarum
2759 390 3051 465 divisian
3073 390 3301 465 diversis
3323 390 3527 465 quippe

266 467 427 529 pium
452 462 745 532 linguarum
774 463 999 519 scientia
1022 464 1258 519 dil‘licilis
1287 465 1355 531 sit
1384 466 1653 532 cuiquam.
1683 478 1842 520 nemo

264 532 716 605 _tam_desidiosns
741 544 825 589 est
852 546 906 589 ut
934 536 985 589 in
1009 550 1103 589 sua
1132 544 1290 605 gente
1321 538 1523 601 positus
1560 550 1671 591 suae
1718 551 1845 605 gen-

283 606 365 661 tis.
385 603 612 668 linguam
643 606 863 659 nesciat.
894 608 1027 661 Nam
1054 603 1182 674 quid
1212 606 1355 660 aliud
1401 607 1692 674 putandum
1726 603 1844 670 est,

269 674 393 746 nisi
412 675 718 729 animalium
750 678 1022 732 brutorum
1044 676 1313 733 deterior?
1340 677 1427 731 llla
1454 679 1594 733 enim
1619 676 1847 746 promite

283 745 430 816 vocis
454 746 740 800 clamorem
764 747 1091 815 exprimunt,
1121 749 1220 803 iste
1245 748 1479 803 deterior
1504 748 1596 816 qui
1620 745 1849 816 proprie

260 814 472 885 'lingum
497 827 643 888 claret
666 814 889 888 notitiae.
927 817 1234 888 Cuiusmodi
1274 832 1454 875 autem
1487 814 1661 886 lingua
1703 819 1849 888 locu-

270 894 368 947 tus
410 894 493 940 est
515 886 655 943 Dens
682 886 736 942 in
764 886 1024 955 principio
1052 890 1260 954 mundi,
1288 888 1415 944 dum
1461 889 1684 952 diceret,
1726 886 1847 942 Fiat

202 1002 211 1005 -
279 956 393 1020 lux,
425 956 666 1012 invenire
690 958 906 1014 dilﬁeile
935 970 1021 1015 est
1048 978 1062 1013 :
1094 960 1324 1014 nondum
1373 960 1516 1016 enim
1568 968 1725 1013 erant
1753 958 1855 1012 lin-

268 1041 419 1098 gnte.
450 1029 579 1083 item
608 1044 709 1097 qua
733 1029 907 1098 lingua
933 1029 1169 1085 insonuit
1185 1040 1363 1097 postea
1383 1029 1736 1085 exterioribus
1757 1029 1855 1082 ho-

279 1098 484 1153 minum
512 1100 727 1171 auribus
746 1140 761 1164 ,
788 1102 1075 1157 maximum
1097 1101 1162 1157 ad
1204 1100 1433 1170 primum
1480 1099 1748 1171 hominem
1775 1100 1855 1171 ln-

268 1182 471 1239 Quens,
500 1169 580 1223 vel
607 1170 673 1225 ad
698 1172 1010 1238 pt'Opltetas,
1030 1172 1124 1240 vel
1151 1166 1276 1227 dum
1302 1166 1654 1240 corporaliter
1672 1166 1854 1240 sonuit

279 1252 380 1292 Vox
408 1240 635 1295 dicentis
664 1240 757 1295 Dei
783 1259 796 1295 :
821 1240 903 1296 Tu
930 1258 985 1297 es
1013 1239 1061 1294 F
1067 1243 1185 1299 ilius
1214 1259 1355 1297 meus
1394 1239 1635 1296 dilectus.
1678 1239 1779 1295 Ubi
1818 1252 1852 1294 a

270 1309 597 1378 quibusdam
623 1312 861 1369 creditur
885 1313 977 1369 illa
1006 1314 1184 1384 lingua
1214 1328 1315 1370 una
1342 1322 1399 1370 et
1427 1312 1565 1379 sola,
1593 1324 1715 1382 qua:
1754 1310 1855 1365 fuit

1943 462 2194 534 gentibus
2220 466 2455 521 creditur
2493 462 2634 533 quod
2662 467 2849 522 eadem
2889 464 3068 531 lingua
3107 464 3214 534 illis
3247 462 3388 518 Deus
3434 464 3517 517 lo-

1944 533 2162 607 irnatnr,
2190 553 2292 607 qua
2321 540 2420 605 ipsi
2455 538 2697 592 homines
2723 544 2942 591 utuntur
2966 536 3036 590 ab
3059 533 3516 607 eisintelligatur.

1944 606 2406 675 Loquiturantem
2439 607 2576 663 Deus
2624 607 2928 664 hominibus
2986 622 3091 660 non
3135 620 3234 675 per
3281 606 3529 675 substan-

1946 674 2077 734 tiam
2126 679 2475 742 invisibilem,
2508 678 2602 733 sed
2662 694 2756 746 per
2817 688 3115 733 creaturam
3144 674 3529 746 corporalem,

2024 764 2049 803 r
2069 765 2226 818 quam
2254 751 2484 804 etiamet
2511 743 3090 817 hominibusapparere
3110 746 3296 818 voluit,
3319 743 3538 818 quando

1970 815 2157 898 ocutus
2186 830 2289 875 εει.
2319 819 2454 875 Dicit
2481 820 2626 898 enim
2657 815 2946 898 Apostolus
2980 836 2995 872 :
3030 818 3091 898 Si
3118 817 3308 889 linguis
3344 815 3531 898 λιοαὶ-

1952 905 2077 949 ιιιιηι
2124 889 2305 960 loquar
2356 900 2405 945 et
2452 886 2787 960 angelorum;
2819 891 2904 945 ttbi
2926 886 3315 960 qumritur'nua
3342 886 3525 960 lingua

1957 908 2077 945 nunt
2124 908 2305 960 toquar
2356 908 2405 945 et
2452 908 2516 944 an
2554 908 2787 956 ciorum,-
2819 908 2904 945 unt
2926 908 3184 958 quaeritur
3212 908 3315 955 qua
3342 908 3525 955 tinguat

1957 961 2128 1029 angeli
2160 961 2462 1038 loquantur.
2491 908 2608 1016 Nam
2638 962 2796 1030 quod
2840 961 3151 1038 angelorum
3179 958 3371 1027 aliqua:
3422 958 3525 1038 litt-

1954 1046 2076 1101 gute
2098 1040 2244 1098 sunt,
2269 1032 2361 1087 sed
2392 1032 2493 1087 hoc
2522 1046 2615 1100 per
2635 1033 3101 1102 exaggerationem
3125 1038 3199 1102 et,
3228 1032 3527 1102 acervatio-

1956 1097 2322 1177 ftetn_dicitur.
2365 1102 2492 1157 Item
2520 1097 2906 1177 qumritur'qua
2961 1103 3139 1177 lingua
3191 1101 3244 1154 in
3294 1097 3527 1177 futurum

1946 1171 2200 1228 homines
2228 1166 2843 1244 loquantur-{Nunquam
2894 1166 3161 1244 reperitur
3185 1188 3203 1238 ;
3231 1184 3356 1225 nam
3399 1166 3535 1223 dicit

1952 1244 2264 1314 Apostolus,
2296 1243 2416 1300 Siue
2436 1245 2625 1316 lingua:
2653 1244 2941 1300 cessabunt.

736 1562 1474 1697 SIBYIMNOBUM
1544 1560 2101 1691 VERBORUM
2180 1558 3074 1695 INTEBPBETATIG.

262 1769 438 1832 (Hanc
453 1766 791 1832 sibyllinorum
809 1767 1074 1818 verborum
1114 1766 1571 1829 interpretationem
1593 1762 1743 1815 Beate
1766 1761 1913 1815 etiam
1933 1772 1962 1812 a
1977 1773 2225 1813 nonnullis
2259 1765 2536 1829 ascriptam,
2561 1778 2625 1820 ne
2651 1765 3045 1833 desideraretur,
3089 1765 3169 1820 hic
3190 1766 3540 1833 apposulmus.l

347 1938 573 2011 Sibyllae
601 1935 924 2018 generaliter
949 1950 1137 2018 omnes
1163 1933 1377 2018 femina;
1424 1934 1676 2018 dicuntur
1729 1936 1855 2018 pro;
1887 1931 1938 1995 B
1966 1951 2086 2009 mur
2117 1945 2177 1990 ut
2202 1936 2470 2018 somnium
2496 1935 2634 2005 quod
2659 1949 2845 1993 omnes
2864 1951 2964 2018 nos
2988 1936 3040 1993 in
3072 1951 3175 2018 una
3200 1947 3360 2018 nocie
3403 1939 3541 1996 vidi-

316 2006 588 2077 hetantes,
611 2006 744 2076 'qua:
769 2007 839 2062 ob
868 2006 1101 2061 divin‘am
1134 2007 1481 2077 voluntatem,
1510 2006 1753 2062 omnibus
1777 2007 1857 2060 iu-

333 2081 654 2146 rpretari,et
680 2086 902 2132 ventura
927 2077 1272 2146 pronuntiare
1302 2076 1569 2133 solebant.
1617 2077 1856 2133 Tradunt

274 2165 463 2208 autem
506 2148 798 2219 doctissimi
848 2157 1096 2219 auctores
1150 2146 1529 2219 decentrfuisse
1581 2148 1853 2219 Sibyllas:

275 2238 503 2292 quarum
547 2220 717 2288 prima
756 2218 959 2292 Persis,
989 2218 1222 2292 secunda
1257 2216 1491 2292 Libyca,
1533 2216 1691 2292 tertia
1738 2218 1859 2274 Del-

270 2288 434 2364 phica
466 2301 568 2364 est,
598 2306 716 2357 quae
746 2299 875 2364 ante
909 2288 1137 2364 Troiana
1162 2288 1356 2364 _hella_
1386 2288 1713 2364 vaticinata“
1731 2298 1814 2364 est
1838 2305 1854 2350 ;
1880 2330 1891 2339 .

317 2377 471 2417 uaria
496 2362 730 2427 Cttmea,
779 2362 828 2414 in
860 2360 1045 2423 Italia;
1086 2361 1268 2428 quinta
1319 2358 1550 2425 Erictea,
1596 2362 1649 2414 in
1681 2359 1853 2428 Baby-

317 2378 471 2417 uaria
496 2378 692 2416 murtea
712 2401 730 2427 ,
779 2378 828 2414 Ill
860 2378 1045 2423 Ililllil;
1086 2378 1268 2428 quinta
1321 2378 1550 2425 brtcwa,
1596 2378 1649 2414 ιιι
1681 2378 1853 2428 many-

268 2378 422 2501 i'Onia
450 2441 590 2498 orta,
620 2430 757 2483 dicta
784 2428 1052 2501 Eritltrea,
1081 2431 1149 2483 ab
1175 2428 1349 2501 insula
1378 2429 1432 2483 in
1452 2444 1555 2501 qua
1576 2429 1695 2496 eius
1718 2431 1857 2486 dicta

276 2498 412 2559 Sunt
436 2502 703 2564 carmina;
736 2508 888 2554 sexta
933 2499 1207 2563 Samiana,
1238 2513 1267 2551 a
1292 2500 1456 2553 Samo
1486 2498 1708 2555 ﬂumine
1752 2500 1858 2555 Be-

276 2582 587 2631 neventano
614 2582 836 2635 vocata;
887 2571 1114 2638 septima
1144 2569 1415 2634 Almileia,
1468 2571 1565 2624 vel-
1584 2570 1855 2635 Cumana;

275 2652 470 2711 octava
520 2640 946 2711 llellespontica;
997 2654 1140 2694 nona
1195 2639 1457 2711 Phrygia;
1504 2640 1721 2697 decima
1767 2641 1859 2695 Ti-

274 2706 495 2771 burtina
527 2706 731 2777 Crtece,
761 2711 1002 2767 Albunea
1042 2706 1487 2771 Latine,.vocatur
1535 2729 1546 2763 :
1588 2726 1654 2767 ex
1706 2711 1860 2780 cujus

268 2783 607 2844 carminibus
637 2782 803 2837 multa
842 2782 911 2837 de
942 2781 1052 2837 Deo
1078 2789 1134 2837 et
1180 2780 1395 2837 Christo
1441 2781 1639 2850 scripta
1688 2784 1859 2837 conti—

273 2865 497 2913 nentur.
528 2852 648 2908 Fuit
666 2852 829 2924 igitur
852 2855 965 2909 haec
984 2852 1210 2924 Sibylla,
1259 2852 1539 2924 Priamidis
1561 2854 1707 2922 regis
1729 2851 1854 2918 lilia,

273 2936 330 2994 et
358 2940 431 2983 ex
456 2933 629 2980 matre
660 2923 873 2981 Hecuba
904 2923 1202 2993 procreata.
1235 2923 1439 2979 V'ocata
1466 2935 1549 2978 est
1573 2933 1752 2994 autem
1801 2925 1857 2979 in

273 2993 469 3054 Grzeco
494 2994 793 3060 Tiburtina,
825 2994 1013 3051 latine
1040 3010 1168 3051 vero
1212 2993 1455 3053 Albunea
1500 2993 1743 3057 nomine,
1773 2994 1857 3050 vel

270 3066 612 3132 Cassandra;
640 3075 694 3121 et
722 3066 812 3120 illa
839 3067 1111 3123 circuiens
1154 3065 1398 3122 diversas
1439 3065 1745 3134 provincias
1793 3079 1859 3120 ac

271 3140 460 3209 partes
489 3137 657 3209 orbis,
690 3137 1001 3209 praedicavit
1049 3138 1252 3209 Asiam,
1286 3136 1673 3209 ﬂacedoniam,
1731 3134 1859 3190 Ero-

268 3205 565 3337 étachiam,
613 3206 1004 3277 Amusdeam,
1061 3207 1326 3289 Ciliciam,
1366 3205 1761 3289 Pamphyliam,
1802 3215 1858 3262 et

324 3281 565 3336 alattam.
608 3278 854 3337 Cumque
897 3278 1081 3333 mundt
1111 3288 1289 3337 partes
1318 3288 1587 3333 vaticiniis
1630 3290 1742 3331 suis
1770 3291 1855 3332 re-

280 3340 496 3428 plesset,
519 3348 644 3428 inde
664 3340 808 3428 verti}
829 3340 1139 3428 «Egyptum',
1165 3347 1853 3428 Aitliiopiatn,_i3raga_dam,

308 3366 496 3413 tesset,
519 3366 644 3405 mue
664 3366 808 3404 venit
829 3366 1139 3421 mgyptum,
1165 3366 1514 3416 astutopiam,
1533 3366 1853 3416 magauam,

270 3366 652 3491 Babyloniam.
684 3420 941 3491 Africam,
975 3421 1219 3490 Libyam,
1264 3419 1625 3491 Pentapolim,
1661 3418 1859 3474 Mauri-

273 3488 505 3558 taniam,
534 3502 589 3554 et
611 3490 934 3546 Palarinum.
961 3491 1015 3545 lu
1043 3488 1232 3546 omnes
1263 3489 1361 3544 bas
1388 3488 1695 3558 provincias
1724 3503 1857 3556 prae-

269 3561 502 3625 dicavit,
547 3571 602 3615 et
647 3561 837 3630 spiritu
888 3561 1183 3630 prophetia:
1231 3560 1457 3630 repleta,
1511 3559 1855 3628 prophetavit

267 3633 432 3703 bonis
458 3635 621 3711 bona,
674 3631 828 3711 rnalis
884 3631 1306 3711 maia._Scimus
1358 3644 1589 3711 namque
1633 3644 1752 3711 quae
1803 3630 1859 3711 in

269 3702 564 3777 praeconiis
613 3701 725 3757 suis
767 3702 1131 3777 annuntiavit,
1167 3710 1239 3777 Aet
1283 3717 1403 3772 quae
1429 3701 1506 3777 in
1556 3701 1859 3777 novissimis

267 3770 431 3833 erant
485 3781 704 3828 ventura
751 3774 1013 3842 praedixit.
1064 3770 1361 3827 Audientes
1427 3771 1588 3841 igitur
1660 3770 1857 3826 famam

267 3846 389 3917 ejus
416 3843 669 3917 Romani,
711 3846 893 3898 statim
936 3843 1313 3900 nuntiaverunt
1350 3843 1405 3917 in
1433 3854 1724 3917 cnnspeclu
1771 3855 1859 3898 se-

268 3913 554 3985 natorum.
584 3913 856 3971 Mittentes
884 3929 1013 3985 ergo
1037 3923 1315 3970 senatores
1360 3915 1566 3985 legatos
1606 3913 1684 3985 ad
1712 3926 1855 3982 eam,

266 3984 526 4043 fecerunt
551 3985 724 4052 ipsam
749 4001 870 4039 cum
902 3983 1092 4055 magno
1120 3985 1329 4040 honore
1365 3984 1555 4039 deduci
1605 3983 1852 4055 Romam.

267 4056 509 4115 Centum
542 4056 702 4123 igitur
733 4057 833 4109 viri
865 4071 932 4115 ex
985 4054 1172 4110 senatu
1205 4056 1448 4109 Romano
1478 4057 1747 4110 somnium
1800 4054 1856 4109 in

269 4143 378 4184 una
428 4136 596 4185 nocte
638 4125 883 4182 viderunt
910 4125 1124 4198 singuli.
1178 4125 1453 4198 \iidebant
1484 4125 1679 4198 singuli
1705 4124 1858 4198 quasi

270 4213 479 4254 novem
528 4198 674 4253 soles
712 4212 831 4252 esse
860 4197 914 4251 in
935 4194 1095 4263 edito,
1126 4196 1215 4266 qui
1244 4196 1514 4265 sigillatim
1544 4194 1725 4262 divisi,
1766 4194 1854 4250 di-

268 4270 420 4324 visas
450 4269 506 4324 in
533 4282 594 4337 se
630 4268 825 4337 ﬁguras
872 4267 1156 4323 habebant.
1189 4266 1403 4321 Primus
1426 4267 1508 4321 sol
1533 4277 1647 4322 erat
1674 4267 1857 4337 splen-7

269 4339 437 4396 didus
465 4349 519 4393 et
550 4336 758 4408 fulgens
781 4354 943 4407 super
964 4354 1178 4395 omnem
1208 4346 1430 4392 terram.
1463 4337 1744 4393 Secundus
1773 4336 1856 4393 sol

263 4408 607 4481 splendidior
632 4419 689 4465 et
711 4424 956 4481 magnus,
986 4411 1274 4465 attineream
1307 4411 1512 4481 habens
1532 4410 1852 4466 claritatem.

316 4485 495 4536 ertius
523 4480 602 4536 sol
650 4480 941 4551 sanguineo
966 4481 1147 4538 colore
1192 4480 1513 4550 ﬂammiger,
1566 4481 1755 4549 igneus
1800 4489 1858 4535 et

267 4551 556 4616 terribilis,
612 4565 677 4605 ac
724 4553 940 4607 demum
969 4552 1278 4621 splendidus
1296 4554 1448 4607 satis.
1479 4554 1710 4619 Quartus
1752 4553 1855 4615 sol,

263 4635 459 4696 quarta
508 4624 782 4691 generatio
826 4632 908 4678 est
959 4633 1199 4696 tempore
1239 4625 1461 4681 Christi.
1515 4623 1741 4688 Quintus
1769 4624 1853 4696 sol

263 4692 388 4752 ﬁat
420 4696 759 4756 tenebrosus,
792 4693 1112 4762 sanguineus
1138 4703 1194 4749 et
1221 4697 1445 4762 lampas,
1464 4696 1606 4751 sicut
1635 4696 1685 4748 in
1711 4692 1851 4749 toni-

267 4775 394 4822 truo
412 4763 727 4820 tenebroso.
750 4763 945 4820 Sextus
972 4766 1054 4819 sol
1080 4770 1395 4822 tenebrosus
1415 4769 1594 4830 nimis,
1622 4765 1851 4820 habebat

262 4839 521 4893 aculeum
572 4835 845 4888 stimulum
899 4837 1219 4904 scorpionis.
1276 4838 1548 4904 Septimus
1591 4851 1722 4892 vero
1768 4838 1849 4891 sol

264 4906 532 4964 terribilis
550 4913 770 4975 erat,_et
796 4906 1144 4975 sanguineum
1174 4906 1367 4962 iterum
1390 4908 1595 4969 habens
1639 4906 1693 4961 in
1738 4921 1853 4962 me-

263 4976 359 5034 dio
385 4978 645 5048 gladium.
677 4973 918 5031 Octavus
948 4989 1127 5033 autem
1148 4979 1232 5033 sol
1262 4989 1380 5036 erat
1410 4978 1607 5034 eﬂusus
1632 4980 1850 5048 sangui-

263 5045 433 5109 neum
466 5045 670 5103 habens
704 5050 936 5103 colorem
968 5050 1020 5104 in
1054 5051 1252 5106 medio.
1305 5050 1488 5106 Nouus
1540 5059 1719 5105 autem
1740 5045 1848 5106 'sol

262 5128 391 5178 erat
417 5119 577 5173 nimis
608 5120 942 5183 tenebrosus,
970 5137 1130 5176 unum
1173 5133 1351 5178 tamen
1381 5122 1587 5177 habens
1640 5123 1850 5178 radium

262 5193 590 5261 fulgentem.
617 5188 856 5265 Cumque
885 5192 1388 5265 liontamingressa
1435 5202 1581 5249 esset
1619 5194 1846 5265 Sibylla,

262 5259 523 5321 videntes
550 5274 668 5314 eam
708 5259 853 5316 cives
905 5262 1153 5329 Romani,
1206 5259 1607 5320 admirabantur
1629 5259 1849 5322 nimiam

262 5332 722 5405 pulchritudinem
758 5333 916 5400 ejus:
973 5344 1089 5390 erat
1135 5336 1278 5391 enim
1327 5347 1553 5391 venusto
1603 5347 1846 5405 aspectu,

265 5398 473 5463 decora
504 5405 671 5464 vultu,
696 5398 950 5472 claudens
974 5406 1035 5459 in
1060 5406 1271 5471 verbis;
1302 5416 1464 5476 atque
1495 5407 1585 5463 Dei
1617 5398 1850 5476 pulchri;

267 5476 466 5532 tudine
495 5476 622 5526 satis
650 5476 785 5529 bene
809 5481 1142 5542 composita,
1167 5481 1280 5531 suis
1307 5479 1641 5533 auditoribus
1692 5478 1852 5534 dulce

264 5546 552 5620 praebebat
576 5545 867 5620 eloquium.
907 5546 1193 5620 Venientes
1216 5559 1394 5604 autem
1427 5550 1528 5604 viri
1557 5552 1650 5619 qui
1703 5565 1853 5605 sont-

265 5615 378 5675 inia
410 5615 674 5689 viderant,
703 5616 886 5689 dicunt
913 5619 979 5672 ad
1010 5634 1135 5674 eam
1166 5637 1180 5674 :
1208 5621 1457 5689 Magistra
1511 5615 1591 5675 et'
1611 5621 1848 5688 domina,

267 5703 435 5764 quam
460 5684 529 5740 ad
555 5701 824 5764 magnum
847 5688 1094 5764 decorem
1139 5700 1221 5747 est
1268 5684 1473 5764 corpus
1501 5700 1669 5756 tuum,
1720 5684 1852 5760 «μιιὲ

262 5758 388 5829 {aut
422 5772 698 5831 nunquam
720 5774 776 5817 tn
806 5758 1045 5832 lenitus,
1070 5774 1264 5834 praeter
1289 5772 1344 5821 te
1367 5758 1619 5830 vidimus.
1649 5758 1847 5824 [διέθει

1882 4731 1934 4792 D

1962 2006 2101 2083 mus,
2130 2007 2538 2083 gnid__l‘ulnr_um
2576 2017 2963 2083 praemonstret
3012 2010 3240 2077 aperias.
3297 2009 3542 2083 Respon-

1960 2079 2097 2149 deas
2125 2077 2324 2149 Sibylla
2346 2077 2479 2133 dixit
2523 2079 2590 2131 ad
2618 2093 2713 2132 eos
2743 2094 2759 2133 :
2808 2078 2923 2133 Non
2954 2089 3040 2133 est
3080 2094 3290 2146 militum
3330 2079 3385 2134 in
3411 2077 3539 2139 'hoc

1957 2146 2077 2203 loco
2102 2146 2431 2205 stercoribus
2462 2149 2637 2216 pleno,
2693 2155 2748 2203 et
2800 2148 3026 2206 diversis
3072 2151 3542 2209 contaminationi-

1957 2216 2062 2293 bus
2088 2220 2312 2293 polluto,
2343 2219 2935 2293 sacramentum‘hujus
2991 2221 3215 2293 visionis
3261 2222 3535 2293 detegere.

1956 2286 2064 2360 Sed
2099 2287 2271 2345 venite
2296 2290 2670 2353 ascendimus,
2699 2289 2767 2343 ad
2799 2286 3143 2359 Apenninttttt
3186 2286 3448 2360 montem,
3478 2303 3535 2351 et

1959 2358 2032 2412 ibi
2060 2360 2319 2430 anutmtio
2343 2361 2491 2414 vobis
2518 2376 2636 2430 quae
2666 2368 2885 2417 ventura
2930 2372 3058 2415 sunt
3092 2362 3300 2423 civibus
3328 2358 3536 2418 Roma-

1958 2430 2061 2503 nis.
2103 2432 2168 2485 Et
2211 2429 2452 2485 fecerunt
2482 2429 2718 2503 ιιιίιιίκίι.
2759 2430 2904 2499 Quos
2934 2433 3284 2503 interrogavit
3325 2448 3342 2488 :
3388 2433 3539 2490 etilli

1958 2501 2220 2569 visionem
2264 2515 2424 2569 quam
2476 2501 2737 2568 viderant,
2790 2501 3164 2558 narraverant‘
3194 2504 3267 2559 ei.
3325 2503 3394 2559 At
3449 2505 3541 2560 illa

1954 2568 2099 2637 dixit
2128 2571 2193 2625 ad
2222 2568 2316 2625 eos
2351 2588 2365 2623 :
2397 2570 2599 2626 Novem
2626 2572 2766 2627 soles
2794 2587 2930 2641 quos
2970 2574 3202 2640 vidistis,
3233 2588 3428 2629 sumes
3456 2573 3544 2629 fu-

1961 2650 2109 2696 turas
2174 2641 2547 2711 generationes
2622 2642 2961 2711 prazsiguant.
3028 2643 3181 2709 Quod
3237 2658 3367 2700 vero
3434 2644 3546 2701 dis-

1959 2707 2318 2766 similes'eos
2366 2707 2636 2778 vidistis,_
2666 2710 2939 2766 dissimilis
2992 2707 3099 2768 erit
3149 2714 3257 2769 vita
3314 2714 3365 2770 in
3420 2714 3542 2769 [iliis

1958 2777 2258 2837 hominum.
2326 2780 2537 2854 Primus
2605 2792 2785 2854 autem
2835 2783 2953 2849 sol,
3020 2785 3189 2853 prima
3258 2786 3539 2854 generatio

1959 2863 2042 2906 est
2073 2869 2107 2923 :7
2142 2860 2299 2908 erunt
2340 2851 2590 2907 homines
2632 2853 2905 2923 simplices
2974 2851 3036 2909 et
3108 2851 3288 2921 clari;
3354 2870 3543 2911 aman-

1961 2932 2042 2978 tes
2097 2922 2422 2996 libertatem,
2471 2922 2745 2996 veraces,
2778 2925 3079 2992 mansueti,
3138 2924 3538 2996 benignissimi,

1958 3003 2202 3059 amantes
2231 2994 2629 3049 conSolationes
2654 3008 2971 3063 pauperum,
3002 3006 3060 3049 et
3085 2996 3217 3051 satis
3244 2994 3542 3064 sapientes.

1960 3064 2241 3120 Secundus
2271 3074 2449 3120 autem
2476 3066 2581 3135 sol,
2625 3066 2857 3121 secunda
2886 3065 3163 3135 generatio
3205 3075 3327 3123 est:
3386 3075 3545 3123 erunt

1959 3134 2207 3199 homines
2278 3134 2562 3205 splendide
2606 3134 3228 3201 viventcsfcrescentes
3288 3138 3544 3204 multum,

1964 3207 2130 3263 Deum
2161 3205 2422 3273 colentes,
2452 3207 2569 3260 sine
2600 3206 2802 3263 malitia
2843 3217 3231 3263 conversantes
3276 3207 3330 3262 in
3378 3218 3542 3265 terra.

324 3273 565 3356 alatiam.
596 3273 1081 3356 -Ctim'quo_mundi
1110 3273 1587 3356 partesvaticinii‘s
1630 3275 1742 3356 suis
1770 3291 1855 3332 re-
1881 3293 1926 3356 ρ
1958 3273 2171 3335 Tertius
2200 3292 2326 3332 vero
2352 3279 2455 3345 sol,
2483 3275 2638 3332 tertia
2677 3277 2952 3346 generatio
2983 3285 3068 3333 est
3089 3286 3389 3356 {exsurget
3411 3293 3543 3349 gens

1958 3357 2145 3418 contra
2172 3360 2407 3418 gentem,
2463 3358 2518 3402 et
2562 3355 2723 3402 erunt
2766 3362 2958 3416 pugnae
3006 3350 3190 3404 multa:
3243 3349 3296 3404 in
3352 3349 3542 3405 Roma.

1959 3416 2196 3484 Quartus
2226 3431 2402 3473 autem
2429 3418 2532 3479 sol.
2558 3428 2746 3487 quarta
2773 3418 3050 3486 generatio
3079 3426 3165 3474 est
3192 3435 3206 3472 :
3239 3429 3401 3477 erunt
3447 3421 3547 3475 ho—

1957 3503 2129 3547 mines
2154 3488 2299 3559 quod
2334 3504 2516 3543 verum
2546 3498 2628 3543 est
2654 3489 3014 3559 abnegantes,
3053 3498 3109 3545 et
3136 3489 3190 3545 itt
3217 3488 3411 3545 diebus
3436 3491 3546 3547 illis

1958 3558 2209 3630 exsurget
2237 3559 2428 3615 mulier
2451 3559 2518 3614 de
2540 3561 2703 3629 stirpe
2730 3558 3079 3630 Hebraeorum
3107 3561 3327 3615 nomine
3351 3561 3538 3629 Maria,

1959 3627 2159 3685 habens
2185 3644 2453 3700 sponsum
2480 3627 2693 3685 nomine
2720 3628 2942 3698 Joseph,
2995 3639 3050 3686 et
3094 3633 3455 3700 procreabunt
3482 3627 3549 3688 ex

1956 3713 2018 3753 ea
2043 3702 2161 3756 sine
2182 3699 2564 3757 commixtione
2594 3700 2714 3766 viri,
2743 3702 2809 3755 de
2837 3700 3042 3767 Spiritu
3070 3699 3279 3768 sancto,
3327 3702 3548 3758 nomine

1957 3768 2116 3826 Jesus
2148 3789 2161 3824 :
2194 3782 2249 3826 et
2270 3773 2383 3839 ipsa
2408 3772 2511 3828 erit
2542 3771 2689 3841 virgo
2730 3782 2854 3828 ante
2886 3782 3116 3840 partum,
3145 3782 3201 3829 et
3228 3775 3378 3841 virgo
3430 3781 3551 3842 post

1956 3852 2166 3914 partum
2201 3860 2215 3897 :
2247 3842 2336 3913 qui
2375 3857 2503 3910 ergo
2528 3856 2595 3899 ex
2625 3857 2688 3898 ea
2718 3853 2968 3914 nascetur
2993 3843 3100 3897 erit
3147 3858 3308 3914 verus
3359 3843 3545 3914 homo,

1957 3913 2096 3985 sicut
2122 3929 2309 3985 omnes
2333 3915 2602 3980 prophetae
2624 3913 3051 3985 praedicaverunt
3091 3931 3103 3965 :
3130 3913 3550 3985 adimplebitque

1955 3982 2128 4053 legem
2160 3982 2534 4049 Hebraeormn,
2571 3993 2623 4037 et
2649 3983 2902 4052 adiunget
2924 3998 3027 4037 sua
3050 3987 3265 4053 propria
3282 3982 3545 4053 insimul,

1957 4064 2010 4113 et
2045 4054 2376 4120 permanebit
2402 4068 2622 4121 regnum
2647 4055 2770 4121 ejus
2819 4057 2871 4108 in
2924 4054 3119 4110 saecula
3176 4057 3495 4112 steculorum
3531 4075 3545 4111 :

1957 4132 2211 4179 nascente
2238 4135 2415 4178 autem
2435 4137 2505 4178 ex
2530 4138 2615 4195 eo,
2646 4125 2914 4195 exercitus
2937 4126 3253 4195 angelorum
3276 4143 3306 4182 a
3339 4129 3549 4183 dextris

1956 4203 2057 4248 eta
2084 4194 2317 4249 siniStris
2344 4204 2521 4258 erunt,
2551 4194 2812 4260 dicentes,
2846 4194 3027 4251 Gloria
3075 4196 3131 4251 in
3174 4200 3387 4253 excelsis
3414 4197 3543 4264 Deo,

1956 4273 2003 4319 et
2039 4265 2094 4318 in
2139 4275 2275 4319 terra
2323 4280 2426 4335 pan:
2470 4264 2762 4320 hominibus
2807 4271 2951 4321 bona:
3003 4266 3305 4322 voluntatis;
3359 4268 3550 4324 Veniet

1957 4351 2189 4403 namque
2218 4352 2317 4391 vux
2344 4350 2505 4404 super
2533 4352 2656 4391 eum
2682 4336 2890 4404 dicens,
2925 4336 3026 4392 llic
3063 4349 3137 4394 est
3192 4337 3361 4395 Filius
3402 4355 3543 4396 meus

1956 4407 2189 4470 dilectus,
2218 4407 2388 4476 ipsum
2414 4406 2606 4461 audite.
2642 4408 2809 4463 Erant
2842 4411 2910 4462 ibi
2935 4423 3000 4464 ex
3029 4410 3404 4465 sacerdotibus
3444 4409 3551 4465 He-

1958 4478 2348 4548 brtetirutn,qtti
2366 4478 2646 4534 audientes
2672 4481 2788 4534 hinc
2812 4482 2992 4545 verba,
3017 4481 3273 4550 indignati
3295 4482 3550 4538 dixerunt

1957 4550 2022 4603 ad
2052 4564 2169 4603 eam
2199 4566 2211 4601 :
2243 4549 2345 4604 Ista
2375 4550 2533 4603 verba
2565 4552 2820 4605 terribilia
2853 4561 2979 4605 sunt
3014 4567 3027 4605 ;
3088 4549 3246 4607 sileat
3302 4555 3417 4608 haec
3467 4568 3551 4608 re-

1956 4620 2098 4691 gina.
2131 4618 2482 4691 Respondeas
2535 4620 2733 4690 Sibylla
2762 4622 2898 4677 dixit
2923 4621 3051 4677 eis:
3110 4622 3154 4676 Ο
3199 4621 3391 4690 Judaei,
3451 4638 3550 4679 ne-

1958 4706 2109 4747 cesse
2136 4702 2217 4746 est
2259 4690 2360 4745 ista
2412 4691 2547 4757 ﬁeri,
2588 4692 2685 4747 sed
2746 4708 2840 4747 vos
2881 4707 2987 4748 non
3019 4693 3257 4750 credetis
3292 4694 3348 4749 in
3402 4708 3549 4750 eum.

1961 4762 2362 4828 Dixeruntque:
2395 4762 2509 4832 Nos
2559 4776 2661 4816 non
2692 4764 2996 4830 credemus,
3042 4766 3169 4832 quia
3219 4766 3441 4822 verbum
3496 4777 3552 4821 et

1959 4842 2334 4888 testamentum
2392 4831 2539 4887 dedit
2584 4833 2723 4889 Dens
2767 4837 3009 4902 patribus
3057 4831 3276 4902 nostris,
3331 4848 3387 4892 et
3438 4851 3544 4892 non

1959 4906 2167 4976 auteret
2193 4918 2407 4976 manum
2437 4918 2639 4958 suama
2670 4905 2842 4961 nobis.
2880 4906 3178 4976 Respondit
3193 4909 3275 4963 eis
3304 4908 3499 4962 iterum
3529 4926 3543 4961 :

1965 4975 2103 5030 Dens
2125 4976 2248 5032 cmli
2274 4975 2376 5030 sibi
2405 4984 2755 5045 generaturus
2783 4987 2865 5033 est
2910 4975 3130 5044 Filium,
3182 4988 3238 5033 ut
3289 4978 3550 5045 scriptum

1957 5056 2077 5103 est:
2110 5052 2197 5116 qui
2246 5045 2434 5099 similis
2460 5047 2563 5100 erit
2605 5046 2747 5118 Patri
2778 5061 2898 5115 suo,
2944 5059 2999 5105 et
3040 5058 3227 5118 postea
3277 5056 3340 5102 ut
3376 5046 3550 5104 infans

1962 5133 2059 5189 per
2080 5127 2268 5174 uitales
2296 5123 2535 5190 crescet,
2550 5125 2605 5172 et
2634 5117 2913 5190 insurgent
2933 5117 3086 5190 reges
3114 5120 3168 5175 in
3188 5135 3311 5175 eum
3330 5130 3383 5175 et
3404 5119 3551 5189 prin-

1959 5187 2106 5259 cipes
2139 5202 2316 5244 terrae.
2347 5187 2403 5242 lu
2432 5187 2625 5259 diebus
2656 5188 2762 5243 illis
2794 5187 2906 5246 'erit
2929 5187 3127 5247 Caisari
3187 5187 3431 5259 Augusto
3453 5206 3543 5247 ce-

1954 5258 2099 5319 lebre
2124 5275 2339 5327 nomen,
2363 5267 2419 5313 et
2448 5258 2692 5331 regnabit
2709 5261 2761 5315 in
2795 5259 2989 5327 Roma,
3015 5270 3073 5318 et
3127 5258 3381 5331 subiiciet
3424 5276 3542 5317 om-

1955 5350 2080 5393 nem
2113 5343 2308 5389 terram
2353 5330 2476 5387 sibi.
2526 5329 2639 5384 Non
2681 5333 2855 5399 multi,
2897 5334 2978 5388 vel
3028 5346 3137 5388 non
3195 5329 3383 5400 pauci;
3436 5347 3545 5390 non

1960 5419 2089 5473 tres,
2124 5419 2297 5472 neque
2343 5403 2448 5456 duo
2477 5411 2601 5457 sunt
2625 5402 2720 5469 dii,
2748 5405 2858 5459 sed
2888 5418 3028 5459 unus
3081 5405 3242 5470 Deus,
3300 5404 3449 5461 solus
3496 5414 3552 5460 et

1958 5481 2277 5538 immensus,
2316 5474 2403 5542 qui
2432 5473 2556 5528 iecit
2580 5476 2797 5539 omium,
2820 5477 3011 5540 solem,
3040 5473 3230 5529 stellas
3256 5484 3311 5529 et
3334 5475 3541 5544 lunam,

1963 5549 2386 5617 frugiferamqne
2414 5553 2612 5617 terram
2642 5556 2697 5599 et
2717 5559 2884 5600 mare.
2918 5545 3021 5617 Qui
3047 5555 3229 5602 autem
3260 5544 3409 5601 illum
3443 5545 3547 5600 lto-

1960 5616 2178 5686 norant,
2230 5630 2487 5671 aeternam
2540 5616 2701 5669 vitam
2753 5616 3167 5685 hazredttabunt,
3220 5626 3543 5686 perpetuum

1955 5693 2113 5761 cujus
2175 5692 2271 5757 ipsi
2335 5687 2727 5761 litet'editabttttt
2797 5690 3127 5761 paradisum.
3201 5689 3546 5745 Mortuorum

1957 5757 2087 5824 vero
2115 5764 2271 5821 simul
2303 5757 2629 5819 resurrectio
2648 5758 2773 5830 erit,
2803 5767 2861 5818 et
2882 5759 3204 5834 claudentia
3224 5773 3421 5820 cursus
3448 5774 3545 5824 v.0-
