4060 6368
530 254 671 313 1183

999 254 1203 313 nam
1243 250 1697 314 VENERABILIS
1732 252 1881 312 opp.
1924 248 2102 308 PARS
2141 248 2203 307 ll.
2234 247 2425 307 secr.
2462 228 2651 306 1L“:
2675 227 3003 307 nomen
3042 232 3313 307 spuma:

3636 222 3784 317 uel

526 374 828 431 locissimus
854 375 985 442 erit;
1020 376 1163 431 surdi
1190 375 1425 441 audient,
1446 384 1501 431 et
1523 377 1650 431 caici
1678 374 1961 441 videbunt;
1986 386 2091 428 non
2120 378 2170 436 Α
2198 381 2358 442 manu
2390 366 2479 424 Dei
2510 367 2687 422 anima
2717 366 2829 437 ejus
2854 356 3165 442 erit._Tunc
3191 376 3441 442 exsurget
3470 384 3567 427 rex
3599 386 3697 441 per
3727 377 3774 433 V

530 447 841 514 loquentes,
874 447 1189 515 loquentur;
1219 463 1282 500 ex
1314 448 1545 516 quinque
1595 448 1816 513 panibus
1861 448 2094 515 quinque

526 517 690 573 millia
741 518 1012 572 hominum
1062 518 1339 582 saturabit,
1391 527 1445 571 et
1496 517 1810 588 colligentur
1858 520 2096 586 reliquias

527 588 845 656 fragminum
873 588 1151 642 duodecim
1180 588 1415 656 copbini,
1466 588 1656 643 exinde
1711 588 1991 656 replebunt
2042 589 2094 642 in

526 658 706 727 specie
736 659 1069 726 pepulerum.
1108 659 1302 713 Ventos
1326 672 1672 727 compescens
1724 658 1906 723 verbo,
1948 673 2095 714 mare

527 729 759 791 calcans,
789 729 1065 782 ambulans
1086 744 1246 794 super
1275 731 1445 784 undas
1465 774 1479 795 ,
1534 728 1868 783 inﬁrmitates
1920 730 2096 783 omni-

530 798 632 853 bus
662 800 867 864 solvet;
899 814 1119 869 surgere
1147 799 1302 853 faciet
1325 809 1584 864 mortuos,
1608 800 1871 863 repellens
1899 802 2096 855 multos

530 869 781 923 dolores:
816 878 871 923 et
913 868 1172 935 de’pane
1226 885 1331 924 uno
1377 872 1634 925 saturatio
1678 871 1781 924 erit
1830 868 2093 926 vivorum.

532 938 634 991 Sed
662 954 782 993 cum
806 942 981 994 omnia
1012 941 1210 995 fuerint
1237 940 1468 1007 perfecta
1486 940 1747 1007 qumdixi.
1775 941 1825 993 iu
1850 942 1965 1009 ipso
1980 957 2096 996 om-

529 1011 610 1061 nis
627 1010 919 1063 resolvetur
946 1012 1049 1076 lex,
1081 1020 1136 1065 et
1159 1012 1346 1078 impias
1371 1025 1556 1064 manus
1582 1010 1873 1065 inﬁdelium
1910 1020 2092 1077 postea

526 1078 780 1134 inveniet.
830 1080 957 1134 Post
1006 1085 1117 1135 haec
1164 1085 1486 1137 convenient
1513 1082 1818 1135 sacerdotes
1849 1082 2098 1138 Hebraeo-

527 1160 854 1222 rumrcontra
883 1150 1087 1217 Jesum,
1120 1154 1238 1219 quia
1271 1152 1437 1207 multa
1466 1151 1615 1222 signa
1646 1150 1822 1215 faciet,
1846 1167 2092 1221 compre-

525 1218 864 1288 bendentque
905 1239 1050 1284 eum,
1082 1218 1282 1277 dabunt
1314 1223 1420 1277 Deo
1446 1218 1625 1288 ala'pas
1654 1222 1895 1277 manibus
1943 1218 2093 1279 ince-

524 1290 640 1355 stis,
663 1292 798 1364 etin
826 1293 973 1345 vultu
1003 1307 1157 1347 sacro
1184 1302 1422 1364 expuent
1448 1300 1914 1364 venenatasputa.
1943 1293 2096 1351 Dabit

526 1374 653 1431 vero
683 1362 745 1415 ad
768 1364 987 1416 verbera
1018 1362 1271 1417 sanctum'
1305 1366 1520 1417 dorsum
1551 1363 1888 1431 simpliciter,
1920 1372 1974 1419 et
2007 1379 2098 1421 co-

527 1428 714 1502 laphos
740 1433 999 1499 accipiet;
1034 1435 1249 1499 tacebit,
1275 1450 1341 1489 ne
1366 1435 1485 1502 quis
1508 1428 1763 1501 agnoscat
1805 1428 1943 1489 unde
1971 1451 2097 1490 ver-

524 1500 651 1555 bum
680 1502 864 1574 ve_nit:
896 1518 1093 1559 corona
1146 1507 1327 1574 spinea
1362 1500 1704 1559 coronabitur
1734 1522 1749 1560 :
1804 1506 1869 1560 ad
1919 1506 2095 1562 cibum

526 1582 702 1627 autem
736 1571 827 1645 fel,
853 1584 906 1629 et
934 1576 997 1629 ad
1029 1571 1401 1630 sitimacetum
1430 1574 1626 1629 dabunt
1671 1585 1726 1631 et
1769 1577 2099 1645 suspendeat

524 1656 646 1696 eum
678 1645 727 1697 iu
763 1644 928 1713 ligno,
967 1655 1021 1700 et
1069 1646 1333 1699 occident.
1358 1646 1561 1713 Templi
1597 1660 1723 1699 vero
1754 1644 1927 1701 velum
1953 1650 2096 1702 scin-

524 1713 678 1768 detur
706 1715 757 1768 in
800 1717 1050 1782 medium,
1093 1728 1145 1771 et
1175 1718 1289 1791 dies
1316 1717 1437 1791 erit
1460 1716 1772 1791 tenebrosus
1816 1732 1909 1785 per
1938 1718 2098 1775 horas
2130 1730 2177 1791 Β

531 1794 717 1847 sex,et
738 1796 935 1841 sortem
964 1790 1153 1842 mortis
1180 1789 1323 1842 ﬁniet
1354 1788 1522 1841 tribus
1545 1786 1729 1841 diebus
1760 1804 1949 1843 somno
1978 1805 2097 1844 sus-

526 1867 702 1929 cepto,
730 1867 782 1909 et
814 1869 937 1912 tunc
967 1861 1033 1913 ab
1064 1860 1246 1915 inferis
1279 1872 1552 1929 regressus
1582 1857 1647 1911 ad
1688 1860 1859 1913 lucem
1900 1862 2097 1916 veniet.

525 1924 591 2000 Et
621 1928 971 2000 nihilvalebit
1001 1930 1100 1997 eis,
1125 1934 1245 2000 quia
1270 1924 1362 1984 die
1384 1931 1540 2000 tertia
1564 1939 1821 1999 resurget,
1850 1939 1901 1985 et
1923 1942 2101 1986 osten-

523 1995 613 2050 det
652 2012 711 2053 se
738 1998 1013 2067 discipulis
1042 1995 1175 2065 suis,
1207 2012 1258 2055 et
1282 2001 1409 2067 ipsis
1458 1995 1761 2055 videntibus
1804 2003 1857 2054 in
1906 2004 2097 2059 ctelum

525 2072 805 2142 ascendet,
837 2082 890 2124 et
920 2072 1067 2142 regni
1096 2074 1212 2141 ejus
1251 2087 1354 2126 non
1379 2071 1483 2125 erit
1506 2071 1643 2124 linis.
1672 2069 1861 2126 Dicunt
1892 2089 1977 2127 me
2001 2074 2098 2129 Ju—

526 2138 630 2210 daei
679 2140 918 2195 insanam
952 2138 1007 2199 et
1062 2138 1369 2199 mendacem
1430 2142 1726 2210 Sibyllam;
1759 2158 1878 2196 cum
1921 2156 2097 2200 autem

523 2207 660 2263 facta
694 2212 887 2265 fuerint
914 2214 1113 2279 omnia,
1150 2224 1272 2267 tunc
1300 2207 1949 2269 demnm'remiuiscentur
1970 2217 2097 2281 mei,

527 2282 787 2354 etnullus
819 2294 997 2348 postea
1030 2299 1115 2338 me
1142 2285 1283 2337 dicet
1311 2286 1573 2346 insanam,
1602 2285 1696 2335 sed
1730 2284 1821 2337 Dei
1854 2302 2096 2354 magnam

530 2349 812 2421 Sibyllam.
838 2354 1083 2423 Dixitque
1099 2355 1424 2423 principibus
1452 2354 1811 2407 Romanorum
1836 2374 1847 2407 :
1872 2349 2097 2422 Quintus

524 2430 701 2491 autem
732 2424 811 2476 sol
860 2425 1041 2491 quinta

1125 2426 1361 2478 eneratio
1410 2431 1534 2477 est:
1594 2424 1751 2492 eliget
1795 2426 1894 2480 sibi
1944 2427 2098 2484 Jesus

525 2490 659 2560 duos
688 2490 975 2560 piscatores
1002 2496 1068 2549 de

1141 2495 1329 2561 :ililma,
1353 2507 1405 2548 et
1435 2494 1579 2563 leges
1602 2508 1725 2547 suas
1746 2496 1956 2551 docebit
1981 2512 2095 2566 eos,

524 2559 708 2616 dicens
743 2582 755 2616 :
790 2564 882 2629 lie,
917 2574 969 2619 et
995 2566 1289 2619 doctrinam
1313 2559 1471 2634 quam
1491 2559 1829 2632 accepistisa
1864 2583 1969 2635 me,
1995 2559 2093 2623 do;

523 2640 845 2709 cete-omnes
877 2646 1082 2707 gentes,
1107 2646 1160 2688 et
1192 2652 1283 2703 per
1307 2635 1637 2706 septuaginta
1662 2644 1714 2688 et
1735 2635 1866 2691 duas
1891 2638 2095 2709 linguas

523 2702 1089 2771 subjicientur'omnes
1112 2702 1383 2761 nationes.
1406 2702 1602 2762 Sextus
1631 2716 1808 2760 autem
1840 2711 1918 2762 sol
1945 2702 2094 2767 ἔειπε

520 2777 793 2839 generatio
819 2788 921 2841 est,
954 2790 1006 2831 et
1034 2780 1413 2847 expugnabunt
1439 2780 1595 2833 istam
1626 2778 1893 2832 civitatem
1926 2795 2093 2837 annos

523 2850 631 2919 tres
653 2855 706 2898 et
736 2862 945 2903 menses
971 2863 1086 2902 sex.
1112 2848 1379 2915 Septimus
1404 2864 1528 2903 vero
1559 2850 1658 2913 sol,
1682 2849 1903 2914 septima
1934 2866 2093 2919 gene-

525 2916 659 2968 ratio
684 2927 795 2982 est;
843 2929 895 2972 et
939 2932 1225 2988 exsurgent
1258 2920 1363 2971 duo
1387 2934 1557 2988 reges,
1593 2927 1649 2972 et
1673 2920 1864 2973 multas
1896 2916 2093 2978 facient

512 2991 923 3051 persecutiones
960 2990 1013 3042 in
1044 2998 1182 3042 terra
1216 2990 1581 3055 Hebraeorum,
1633 2998 1851 3058 promer
1906 2990 2090 3046 Domi-

522 3070 665 3127 num.
697 3060 923 3111 Uctavus
956 3068 1131 3114 autem
1164 3061 1243 3113 sol
1292 3071 1477 3114 octava
1530 3061 1633 3113 erit
1674 3063 1969 3127 generatio,
2037 3071 2089 3118 et

522 3125 971 3199 ingdesertatione
1016 3133 1116 3183 erit
1163 3128 1351 3196 Roma,
1408 3140 1460 3185 et
1502 3125 1909 3199 praapugnantes
1956 3125 2089 3189 ulu-

526 3194 707 3250 labunt
779 3200 829 3252 in
906 3194 1345 3254 tribulationibus
1383 3210 1437 3255 et
1489 3194 1764 3255 doloribus
1806 3203 2083 3259 dicentes:

524 3264 756 3343 Putasne
782 3270 1097 3336 pcriemus?
1130 3270 1307 3323 Nonus
1350 3280 1532 3343 autem
1585 3273 1697 3337 sol,
1740 3288 1875 3325 nona
1923 3289 2087 3343 gene-

532 3338 666 3414 ratio
713 3350 839 3393 est:
881 3349 935 3414 _et
963 3352 1251 3414 exsurgent
1282 3342 1548 3409 principes
1595 3343 1818 3397 Romani
1864 3338 1949 3397 in'
1972 3360 2092 3414 per-

522 3406 723 3483 ditione
783 3412 1097 3483 multorum.
1147 3406 1297 3464 Tunc
1344 3406 1630 3482 exsurgunt
1686 3414 1791 3467 duo
1823 3406 1984 3483 reges'
2026 3416 2092 3473 de

521 3476 697 3546 Syria,
728 3490 783 3535 et
809 3482 1076 3535 exercitus
1120 3496 1304 3535 eorum
1335 3476 1737 3538 innumerabilis
1766 3476 1910 3538 sicut
1928 3501 2090 3541 arena

524 3546 707 3612 maris,
750 3561 803 3604 et
832 3551 1148 3625 obtinebunt
1174 3554 1415 3625 civitates
1440 3562 1493 3608 et
1540 3557 1784 3625 regiones
1812 3555 2089 3612 Romano-

524 3632 643 3672 rum
678 3634 843 3689 usque
891 3622 955 3675 ad
1005 3623 1435 3677 Clialcedoniam.
1482 3625 1550 3678 Et
1596 3622 1720 3679 tunc
1776 3628 1938 3681 multa
1988 3630 2093 3683 erit

526 3691 799 3766 sanguinis
849 3691 1058 3745 elfusio.
1104 3693 1289 3745 Omnia
1338 3708 1619 3766 quaecum
1650 3698 2087 3766 reminiscuntur,

522 3760 715 3835 civitas
753 3771 808 3817 et
835 3776 979 3835 Agens
1006 3760 1427 3835 contremiscunt
1477 3765 1527 3818 in
1558 3768 1656 3830 eis,
1704 3779 1755 3819 et
1782 3760 2093 3835 disperdent

525 3830 788 3886 Urientes.
833 3830 897 3886 Et
945 3842 1069 3911 post
1115 3834 1229 3887 htec
1256 3844 1474 3904 surgent
1501 3836 1605 3890 duo
1649 3851 1805 3911 reges
1830 3830 1895 3911 de
1926 3839 2092 3911 Egy-

531 3910 645 3969 pto,
678 3913 731 3956 et
760 3904 1136 3977 expugnabunt
1164 3916 1390 3975 quatuor
1419 3921 1592 3975 reges,
1626 3917 1680 3961 et
1698 3908 1940 3963 occident
1969 3904 2087 3977 eos,

520 3983 575 4026 et
615 3988 828 4029 omnem
881 3976 1172 4030 exercitum
1223 3992 1430 4041 eorum,
1480 3988 1534 4032 et
1583 3979 1878 4048 regnabunt
1921 3976 2092 4037 annos

522 4050 630 4098 tres
658 4055 711 4099 et
742 4060 956 4101 menses
984 4061 1101 4101 sex.
1146 4048 1208 4100 Et
1236 4058 1353 4118 post
1384 4064 1477 4103 eos
1507 4050 1641 4104 alius
1671 4066 1762 4102 rex
1796 4066 1889 4118 per
1932 4052 1972 4105 Ο
2002 4053 2089 4107 lito

524 4124 693 4189 teram
737 4118 974 4180 nomine,
1023 4129 1209 4184 potens
1240 4121 1290 4171 in
1321 4122 1524 4188 prwlio,
1557 4120 1647 4189 qui
1673 4122 1914 4189 regnabit
1938 4126 2091 4178 annis

522 4186 755 4253 triginta,
788 4198 842 4260 et
871 4189 1175 4260 Atediﬁcabit
1203 4186 1457 4256 templum
1492 4186 1621 4253 Deo,
1654 4203 1708 4244 et
1737 4186 1975 4260 implebit
2015 4196 2092 4248 le-

521 4270 662 4322 gem,
698 4268 751 4311 et
781 4256 941 4313 faciet
968 4259 1221 4327 judicium
1268 4273 1485 4330 pr0pter
1530 4262 1693 4315 Deum
1745 4256 1969 4317 interea.
2026 4264 2093 4319 Et

528 4340 641 4393 post
672 4344 792 4383 eum
820 4340 1003 4399 surget
1029 4331 1163 4383 alius
1196 4344 1310 4395 rex,
1343 4332 1432 4399 qui
1460 4333 1705 4400 regnabit
1742 4335 1924 4400 paucis
1950 4345 2088 4389 tem-

526 4400 764 4462 poribus,
806 4410 861 4453 et
886 4402 1268 4469 expugnabunt
1291 4412 1346 4456 et
1371 4402 1615 4457 occident
1638 4417 1781 4458 eum.
1813 4404 1940 4458 Post
1974 4408 2089 4459 haec

2197 439 2441 514 nomine,
2464 450 2515 493 et
2544 454 2609 514 ex
2636 453 2758 514 una
2782 446 2929 514 parte
2970 437 3181 495 Salicus
3226 449 3280 495 et
3320 437 3427 497 alia
3461 437 3780 514 Langobar-

2199 509 2318 575 dus,
2348 520 2403 563 et
2431 512 2543 578 ipse
2573 508 2787 563 habebit
2816 508 2867 562 in
2901 519 3046 587 terra
3074 520 3392 587 potestatem
3440 508 3633 587 contra
3681 533 3787 587 pa.

2197 588 2442 648 gnantes,
2473 589 2527 634 et
2550 590 2733 634 contra
2762 594 2950 634 omnes
2977 580 3243 636 inimicos.
3276 584 3341 638 Et
3361 586 3413 638 in
3441 586 3635 641 diebus
3665 580 3775 643 illis

2201 652 2454 723 procedet
2476 665 2572 723 rex
2604 664 2697 718 per
2721 650 2764 704 0
2807 652 3043 723 nomine,
3073 662 3127 706 et
3153 655 3256 707 erit
3289 657 3699 723 patentissimus
3729 666 3787 714 et

2200 722 2663 795 fortis_et_bonus,
2715 720 2975 795 et‘faciet
3014 720 3677 795 justitiam‘pauperibus,
3730 737 3789 785 et

2200 800 2346 865 recte
2367 790 2651 861 judicabit,
2682 791 2831 865 etde
2855 792 2969 860 ipso
2999 790 3249 861 procedet
3272 790 3407 851 alius
3431 790 3476 852 ἰ)
3515 790 3785 865 potentis-

2199 863 2384 928 simus,
2416 872 2470 917 et
2497 871 2655 915 erunt
2682 863 2782 917 sub
2804 877 2869 917 eo
2900 878 3087 933 pugna:
3117 865 3257 919 inter
3286 863 3527 934 paganos
3543 880 3597 922 et
3618 869 3783 925 Chri-

2200 934 2426 1005 stianos,
2457 940 2513 1005 et
2537 933 3093 1005 sanguis_Gra:corum
3136 950 3321 989 eorum
3359 933 3693 1005 effundetur,
3728 948 3786 995 et

2201 1014 2294 1077 cor
2320 1002 2435 1077 ejus
2465 1003 2517 1056 in
2562 1018 2724 1077 manu
2756 1003 2874 1066 Dei,
2922 1014 2976 1058 et
3007 1006 3250 1073 regnabit
3273 1009 3425 1062 annis
3454 1002 3693 1077 septem,
3729 1020 3784 1065 et

2198 1071 2271 1144 de
2326 1074 2441 1141 ipsa
2474 1074 2696 1128 muliere
2738 1083 2986 1129 nascetur
3032 1071 3125 1129 rex
3172 1091 3266 1144 per
3313 1078 3358 1129 0
3388 1071 3645 1135 nomine:
3679 1071 3788 1137 'hic

2198 1142 2296 1195 erit
2322 1144 2692 1210 sanguinarius
2728 1155 2784 1199 et
2809 1142 3383 1212 facinorosus,‘etsine
3411 1150 3516 1205 tide
3546 1161 3603 1205 et
3632 1152 3784 1206 veri-

2203 1219 2332 1285 tate,
2378 1223 2432 1266 et
2480 1229 2573 1285 per
2620 1215 2793 1285 ipsum
2840 1216 3000 1270 multa
3050 1218 3152 1271 erit
3203 1218 3399 1274 malitia
3438 1218 3698 1285 interra,
3731 1231 3787 1276 et

2198 1282 2367 1353 multa
2387 1283 2659 1350 sanguinis
2687 1284 2898 1353 etl‘usio,
2925 1296 2979 1342 et
3004 1287 3291 1342 destructa:
3315 1302 3472 1345 erunt
3514 1282 3783 1347 Ecclesia

2200 1350 2254 1430 in
2276 1353 2448 1430 ipsius
2482 1362 2763 1423 potestate.
2807 1358 2861 1430 In
2885 1350 3009 1410 aliis
3054 1373 3300 1430 namque
3332 1362 3651 1430 regionibus
3683 1365 3784 1417 tri-

2200 1421 2497 1478 bulationes
2541 1436 2699 1502 erunt
2730 1427 2992 1502 multaeet
3014 1421 3225 1502 praelia.
3259 1421 3623 1502 Tunc'surget
3650 1448 3785 1502 gens

2198 1505 2379 1572 contra
2408 1498 2701 1572 gett_tem_in
2728 1497 3138 1566 Cappadociam,
3182 1497 3787 1572 etPamphyli'am'ca-

2198 1564 2475 1642 ptivabunt
2502 1564 2553 1619 in
2585 1567 2676 1642 illo
2706 1564 2968 1642 tempore,
3003 1583 3067 1623 eo
3112 1564 3255 1637 quod
3293 1564 3657 1642 nou-intravit
3688 1590 3789 1642 per

2201 1634 2401 1687 ostium
2431 1637 2653 1711 in_ovile
2682 1656 2693 1690 :
2725 1634 3063 1709 hic—namque
3088 1634 3182 1695 rex
3210 1641 3453 1709 regnabit
3480 1658 3577 1711 per
3609 1634 3790 1702 annos

2204 1714 2452 1781 quatuor.
2498 1707 2563 1781 Et
2602 1719 2721 1777 post
2749 1724 2869 1763 eum
2898 1707 3077 1777 surget
3124 1725 3217 1765 rex
3251 1707 3346 1781 per
3373 1712 3417 1766 ll
3455 1707 3702 1781 nomine,
3735 1728 3790 1772 et

2203 1778 2255 1856 in
2284 1775 2615 1856 diebtisfjus
2636 1794 2823 1856 pugna:
2852 1775 3471 1856 multaterunt,"Syriam
3497 1775 3791 1856 expugna-

2201 1842 2351 1911 bunt,
2382 1855 2437 1900 et
2467 1842 2796 1922 Pentapolim
2820 1853 3186 1922 captivabunt.
3226 1842 3356 1922 ipse
3380 1856 3526 1908 enim
3553 1842 3792 1915 r'exverit

2201 1928 2488 1995 exgenere
2517 1919 3013 1995 Langobardorum.
3044 1922 3194 1977 Tunc
3236 1919 3487 1995 exsurget
3516 1928 3661 1981 alius
3689 1945 3789 1984 rex

2200 1984 2406 2040 Salicus
2435 2004 2525 2055 per
2562 1991 2609 2066 (ξ
2634 1984 2884 2058 nomine,
2920 2002 2974 2047 et
3004 1997 3329 2066 expugnabit
3358 1984 3779 2066 Longobardos,

2198 2066 2253 2132 et
2281 2069 2435 2132 erunt
2467 2061 2644 2126 praelia
2692 2070 2746 2116 et
2778 2077 2986 2132 pugnaa.
3033 2061 3170 2131 lpse_
3199 2074 3375 2119 autem
3422 2061 3640 2123 Salicus
3686 2061 3792 2124 erit

2198 2123 2354 2207 fortis
2370 2138 2439 2210 _et
2469 2123 2696 2197 ’potens,
2728 2123 2790 2185 et'
2810 2123 2992 2210 paucis
3041 2123 3368 2210 temporibus
3399 2141 3502 2191 erit
3548 2123 3788 2210 regnum

2199 2196 2335 2280 ejus.
2370 2196 2519 2280 Tunc
2548 2196 3114 2280 exsurgen‘tiAgareui,
3157 2196 3209 2261 et
3249 2210 3487 2280 tyranni,
3518 2218 3576 2263 et
3606 2196 3791 2280 Eaptio

2198 2269 2397 2322 vabunt
2444 2269 2731 2325 Tarentum
2763 2284 2815 2327 et
2847 2269 3031 2338 Barro,
3055 2284 3109 2329 et
3156 2269 3338 2332 multa:
3386 2269 3636 2334 civitates
3679 2269 3786 2335 ’ἀε-

2199 2340 2601 2416 praedabuutur.
2632 2342 2700 2416 Et
2741 2345 2899 2416 etiam
2939 2346 3176 2400 volentes
3221 2349 3402 2403 venire
3441 2347 3701 2416 Romam,
3732 2361 3790 2409 et

2198 2422 2304 2462 non
2335 2419 2418 2484 est
2446 2414 2534 2479 qui
2563 2412 2777 2484 resistat
2806 2415 2905 2481 eis,
2930 2417 3027 2469 nisi
3065 2418 3202 2473 Deus
3235 2418 3477 2484 deorum,
3506 2431 3561 2475 et
3602 2412 3790 2477 Domi-

2198 2492 2299 2549 nus
2338 2480 2699 2538 dominorum.
2729 2480 3181 2542 Tunc'venientes
3231 2480 3473 2543 Armeni'
3502 2490 3789 2549 Persidem

2197 2548 2523 2631 disperdent,
2556 2554 2626 2607 ita
2677 2563 2731 2609 ut
2769 2570 2875 2609 non
2907 2568 3285 2631 recuperentur
3328 2560 3593 2627 civitates,
3649 2548 3788 2631 quas

2196 2618 2597 2703 d‘eprardabunt,
2630 2634 2684 2680 et
2705 2618 3172 2703 accur_rentes_ipsi
3198 2638 3395 2697 ponent
3426 2618 3594 2703 fossas
3622 2618 3785 2703 juxta

2196 2689 2491 2758 Orientem,
2524 2703 2577 2748 et
2615 2698 2989 2765 expugnabunt
3039 2689 3328 2765 Romanos,
3377 2715 3431 2756 et
3460 2689 3787 2763 obtinébunt

2196 2773 2379 2841 paceni
2408 2765 2909 2841 aliquantisper.AEt
2938 2770 3154 2841 intrabit
3189 2785 3285 2825 rex
3329 2771 3669 2841 Grecorum,
3699 2779 3788 2833 vir

2195 2831 2538 2916 belligerator
2568 2836 2619 2889 iu
2654 2831 2927 2916 Ailpolim,
2956 2840 3199 2895 destruet
3229 2845 3421 2912 templa
3464 2831 3783 2916 idolorum;

2195 2910 2249 2953 et
2270 2905 2446 2976 veniet
2474 2905 2673 2959 locusta
2704 2905 2755 2961 et
2781 2910 3031 2976 bruchus,
3057 2921 3110 2965 et
3137 2905 3416 2968 comedent
3438 2929 3633 2971 omnes
3667 2905 3785 2973 [ταί

2195 2980 2311 3057 ctus
2337 2973 2699 3057 Cttppadociat.
2731 2988 2785 3032 et
2810 2973 3130 3057 Cili_ci:e,_ac
3176 2982 3316 3038 fame
3367 2988 3783 3057 cruciabuntur,

2196 3051 2257 3123 et.
2281 3054 2594 3123 posteaunon
2614 3048 2724 3123 _erit
2746 3052 3004 3123 amplius.
3036 3052 3100 3106 Et
3128 3065 3411 3123 consurget
3439 3071 3535 3111 rex
3567 3048 3786 3117 Salicus

2192 3115 2348 3200 alius,
2376 3116 2581 3200 scilicet
2611 3120 2675 3181 Η,
2708 3120 2789 3173 vir
2816 3115 2969 3200 fortis
2989 3131 3043 3200 et
3062 3115 3425 3200 belligeratum,
3450 3136 3503 3182 et
3528 3115 3781 3200 indigna;

2190 3183 2392 3265 buntur
2414 3198 2601 3265 contra
2628 3204 2748 3265 eum
2790 3192 2944 3265 multi
2974 3193 3132 3247 vicini
3179 3183 3234 3249 Et
3263 3183 3542 3265 parentes.
3576 3183 3781 3257 lnudie-

2189 3253 2290 3310 bus
2320 3259 2424 3311 illis
2455 3260 2626 3313 tradet
2669 3260 2833 3315 frater
2879 3262 3117 3330 fratrem,
3164 3276 3216 3321 et
3245 3253 3367 3320 cum
3396 3282 3594 3324 sorore
3624 3253 3782 3327 coni-

2191 3329 2519 3398 miscebitur,
2550 3339 2603 3384 et
2629 3331 2791 3384 multa
2830 3333 3055 3388 nefanda
3085 3329 3355 3391 hominum
3380 3350 3547 3393 erunt
3580 3342 3634 3396 in
3668 3352 3783 3398 ter-

2191 3410 2295 3473 ra._
2322 3400 2491 3453 Senes
2519 3416 2639 3473 cum
2670 3404 2967 3473 virginibus
3010 3405 3300 3473 cubabunt,
3358 3421 3412 3463 et
3462 3412 3787 3470 sacerdotes

2195 3470 2317 3522 mali
2362 3486 2482 3525 cum
2532 3470 2770 3541 deceptis
2803 3474 3013 3546 puellis.
3067 3470 3315 3546 Episcopi
3364 3482 3785 3541 malefactorum

2190 3548 2485 3616 sectatores
2508 3552 2685 3609 erunt,
2713 3553 2768 3597 et
2797 3545 2888 3599 ﬁet
2913 3544 3407 3616 eﬁ'usio’sanguinis
3436 3551 3490 3605 in
3520 3560 3695 3615 terra.
3721 3564 3780 3611 et

2190 3613 2390 3691 templa
2421 3624 2727 3691 sanctorum
2758 3617 3015 3691 polluerit.
3048 3613 3297 3691 Etgerunt
3328 3622 3379 3674 in
3409 3626 3617 3691 populo
3664 3613 3786 3681 for-

2192 3683 2510 3764 nicationes,
2552 3685 2918 3764 immunditiis,
2960 3698 3015 3743 et
3042 3683 3423 3764 sodomiticum
3467 3683 3675 3764 scelus,
3710 3697 3784 3751 ita

2192 3758 2251 3803 ut
2282 3757 2414 3832 visio
2465 3757 2699 3832 ipsorum
2748 3760 2799 3812 in
2847 3760 3166 3814 contumelia
3222 3760 3337 3830 ejus
3380 3757 3672 3832 appareat.
3716 3769 3785 3822 Et

2190 3833 2346 3904 erant
2371 3825 2614 3881 homines
2642 3837 2902 3904 raptores,
2925 3825 3314 3904 contumeliiOSi,
3342 3825 3593 3904 _odiéntes
3619 3836 3783 3904 justi-

2192 3894 2315 3948 tiam
2343 3906 2399 3949 et
2426 3908 2673 3971 amantes
2691 3894 2993 3971 falsitatem,
3027 3909 3082 3956 et
3106 3894 3311 3971 judices
3339 3902 3524 3959 Roma:
3576 3894 3781 3962 immu-

2191 3971 2464 4043 tabuntur.
2490 3968 2545 4021 Si
2574 3968 2731 4023 hodie
2769 3973 2835 4023 ad
2858 3968 3207 4039 judicand'um
3251 3974 3636 4043 admittuntur,
3674 3981 3781 4034 alio

2190 4036 2278 4091 die
2303 4040 2667 4115 mutabuntur,
2702 4036 2916 4109 propter
2968 4044 3243 4111 pecuniam
3286 4036 3689 4115 accipiendam.
3721 4058 3778 4105 et

2191 4121 2296 4161 non
2322 4110 2637 4178 judicabunt
2664 4122 2892 4176 rectum,
2920 4116 3015 4168 sed
3042 4115 3254 4169 falsum.
3295 4114 3363 4170 Et
3390 4110 3547 4172 erunt
3579 4120 3634 4173 iu
3664 4121 3775 4177 illis

2190 4178 2378 4256 diebus
2407 4182 2647 4256 homines
2679 4196 2919 4256 rapaces,
2950 4186 3127 4254 cupidi
3156 4196 3211 4241 et
3249 4189 3469 4256 perjuri,
3496 4198 3553 4243 et
3575 4204 3773 4246 aman-

2192 4259 2273 4304 tes
2323 4253 2625 4318 l'alsitatem,
2677 4263 2731 4308 et
2760 4253 3063 4309 destruetur
3110 4258 3192 4311 lex
3232 4253 3286 4312 et
3332 4253 3550 4322 veritas,
3595 4270 3653 4315 et
3681 4264 3775 4318 fiet

2193 4331 2349 4375 terra:
2374 4337 2548 4397 motus
2570 4340 2664 4392 per
2687 4325 2801 4379 loca
2824 4325 3036 4380 diversa
3062 4335 3117 4381 et
3143 4329 3401 4383 insulares
3421 4331 3699 4397 civitates,
3722 4343 3779 4388 et

2192 4397 2440 4468 regiones
2476 4395 2859 4465 dimergentur.
2888 4398 2952 4468 Et
2978 4408 3135 4451 erunt
3164 4413 3259 4467 per
3288 4400 3402 4453 loca
3446 4395 3777 4468 pestilentia:

523 4450 775 4522 tergeri.
805 4450 1945 4543 is;seri;samiae,'éfa‘sis'atscsaa
1974 4450 2089 4531 ’ἶέὶ
2118 4450 2172 4510 υ
2196 4450 2493 4543 ιιόὶιιίημψ,
2524 4477 2577 4520 ει
2612 4450 2753 4543 ιέτςα
2781 4468 2866 4543 _ab
2898 4450 3131 4543 inimicis
3164 4450 3526 4543 ᾏὲεόιεδίιιὶτ.
3558 4483 3615 4526 ει
3664 4489 3781 4530 non

526 4539 829 4613 Aodon,_et
845 4543 910 4595 de
938 4543 1125 4595 Audon
1155 4544 1459 4611 egredietur
1481 4546 1546 4610 A,
1578 4552 1633 4598 et
1658 4539 1724 4599 de
1753 4547 1798 4598 A
1822 4549 2089 4613 praecedet

525 4613 595 4681 A,
624 4616 679 4681 et
720 4610 788 4662 de
822 4612 921 4665 hoc
949 4610 1288 4679 geiierabi’tur
1318 4618 1357 4668 Λ
1386 4631 1399 4679 ;
1430 4614 1507 4667 ἐι
1554 4617 1671 4681 ipse
1719 4610 1988 4670 secundus
2043 4618 2090 4671 A

522 4679 623 4731 erit
667 4679 951 4751 bellicosus
982 4682 1138 4753 nimis
1164 4693 1220 4738 et
1261 4686 1551 4753 praeliator.
1581 4679 1651 4738 Et
1679 4686 1745 4739 de
1771 4687 1887 4752 ipso
1919 4690 1959 4739 Α
1992 4701 2087 4740 na-

525 4756 706 4802 scetur
734 4764 827 4803 rex
859 4765 953 4818 per
983 4752 1027 4806 lt
1072 4754 1307 4822 nomine,
1339 4767 1394 4812 et
1420 4756 1488 4810 de
1532 4756 1599 4819 Β,
1633 4766 1877 4811 nascetur
1922 4757 1983 4822 L,
2034 4768 2091 4813 et

526 4828 845 4899 potestatem
878 4822 1094 4877 habebit
1122 4840 1281 4899 super
1306 4826 1493 4881 decem
1522 4836 1577 4899 et
1599 4841 1785 4881 novem
1814 4843 1989 4899 reges.
2022 4829 2090 4883 Et

524 4898 643 4967 post
688 4890 804 4967 hate
847 4903 1027 4967 surget
1056 4908 1145 4947 rex
1187 4890 1396 4952 Salicus
1426 4900 1493 4952 de
1522 4896 1764 4963 Francia,
1799 4890 1902 4967 per
1919 4897 1965 4952 Κ
1992 4914 2090 4953 no-

529 4960 675 5037 mine
701 4979 713 5014 :
743 4962 860 5031 ipse
890 4960 992 5037 erit
1024 4978 1243 5037 magnus
1272 4980 1325 5023 et
1354 4969 1644 5037 piissimus,
1678 4960 1867 5037 potens
1895 4980 1953 5024 et
1992 4972 2091 5025 mi-

529 5032 785 5109 sericors,
821 5044 900 5109 _et
954 5034 1172 5109 faciens
1204 5032 1464 5107 justitiam
1522 5032 1861 5109 pauperibus.
1918 5038 2089 5095 Tanta

524 5103 666 5180 enim
694 5104 794 5180 erit
819 5104 873 5157 in
899 5118 964 5159 eo
994 5103 1220 5161 virtutis
1233 5110 1423 5177 gratia,
1456 5103 1641 5176 ut’per
1666 5109 1804 5163 viam
1833 5110 2085 5180 gradien-

529 5178 659 5238 tem,
710 5176 961 5229 arborum
1011 5183 1198 5231 contra
1254 5195 1373 5234 eum
1421 5181 1739 5235 inclinentur
1788 5176 2084 5236 cacumina.

529 5242 849 5319 Aquaenim
873 5258 1181 5319 occurrens,
1212 5250 1429 5305 minime
1450 5266 1664 5306 cursum
1693 5250 1809 5319 ejus
1836 5252 2084 5307 tardabit.

526 5312 729 5385 §itnilis
782 5328 957 5370 autem
1000 5316 1226 5385 imperio
1278 5319 1639 5378 Romanorum
1686 5312 1780 5376 rex
1809 5331 1932 5376 ante
1979 5338 2085 5378 non

530 5380 649 5448 fuit,
682 5398 779 5439 nec
801 5396 929 5461 _post
971 5380 1092 5461 cuni
1139 5389 1346 5445 futurus
1392 5400 1495 5445 est.
1549 5395 1615 5447 Et
1639 5392 1814 5447 veniet
1844 5408 1937 5447 rex
1967 5402 2089 5461 post

526 5466 661 5531 eum
680 5468 773 5531 per
798 5454 840 5509 L
862 5460 1097 5531 nomine,
1126 5470 1181 5513 et
1206 5470 1322 5531 post
1364 5462 1462 5515 hoc
1491 5466 1733 5531 regnabit
1774 5462 1836 5527 L,
1864 5473 1919 5517 et
1967 5454 2089 5529 post

525 5522 832 5601 b'triginta,
858 5536 912 5581 et
933 5528 1000 5601 de
1020 5528 1062 5601 L
1086 5522 1387 5598 egredietur
1417 5536 1482 5599 Α,
1507 5522 1699 5601 εινίρεε
1732 5535 1768 5587 Α
1799 5522 1900 5587 erit
1928 5522 2087 5586 nimis

530 5593 819 5673 bellicosus
849 5606 904 5651 et
932 5600 1081 5653 fortis
1106 5593 1155 5653 ιῖι
1182 5604 1391 5673 praelii),
1411 5593 1480 5657 et'
1503 5593 1701 5658 inultus
1726 5604 1828 5657 erit
1849 5618 1943 5673 per
1975 5614 2087 5658 ter-

526 5679 642 5737 ram
672 5668 785 5722 sive
815 5682 908 5735 per
929 5684 1111 5737 aquas,
1154 5668 1206 5726 et
1232 5686 1336 5727 non
1364 5672 1575 5729 dabitur
1615 5676 1666 5728 iu
1700 5668 1943 5728 inanibus
1975 5674 2085 5729 iiii-

529 5735 815 5806 tnicorum,
843 5747 899 5796 et
941 5735 1197 5798 uiorietar
1221 5745 1374 5803 exsul
1418 5754 1568 5802 extra
1622 5758 1867 5812 regnum,
1919 5752 1975 5801 et
2027 5745 2082 5803 in

2196 4536 2503 4603 praevalebit
2533 4536 2797 4592 consolari
2827 4553 2920 4592 eos
2946 4540 3153 4593 vanitas
3175 4540 3420 4594 deorum.
3455 4541 3652 4597 Postea
3681 4559 3780 4599 ex-

2192 4617 2375 4675 surget
2403 4622 2496 4661 rex
2524 4622 2619 4676 per
2645 4608 2685 4661 ι,
2717 4608 2950 4665 nomine.
2982 4610 3045 4663 Et
3072 4618 3230 4665 erunt
3270 4611 3370 4666 sub
3413 4611 3510 4665 illo
3539 4613 3691 4668 bella
3722 4623 3780 4668 et

2193 4692 2266 4730 xu
2296 4680 2446 4733 annis
2476 4678 2735 4753 regnabit.
2783 4678 2857 4753 Et
2896 4690 3014 4753 post
3034 4681 3185 4753 hunc
3209 4692 3395 4753 surget
3435 4696 3533 4737 rex
3588 4698 3687 4753 per
3736 4684 3781 4739 ε’

2194 4753 2428 4819 nomine,
2462 4759 2517 4804 et
2546 4748 2761 4805 veniens
2806 4748 3088 4822 obtinebit,
3136 4758 3193 4806 et
3220 4748 3466 4819 regnabit
3494 4748 3777 4822 aliquanto

2194 4829 2454 4890 tempore,
2499 4831 2552 4876 et
2581 4823 2756 4876 veniet
2802 4821 3048 4886 Romam,
3095 4830 3152 4876 et
3198 4823 3493 4891 captivabit
3519 4821 3665 4889 eam,
3722 4834 3776 4881 et

2193 4905 2299 4944 non
2330 4893 2737 4946 mortiﬁcabitur
2765 4895 2939 4946 anima
2968 4892 3085 4961 ejus
3123 4894 3175 4946 in
3215 4906 3375 4947 manu
3421 4892 3772 4951 inimicorum

2195 4963 2319 5034 ullis
2348 4963 2535 5034 diebus
2560 4964 2681 5016 vita:
2720 4977 2851 5016 suas.
2880 4962 2987 5017 Sed
3014 4963 3119 5017 erit
3147 4963 3320 5018 bonus
3347 4973 3401 5019 et
3430 4979 3683 5034 magnus,
3718 4978 3774 5021 et

2194 5032 2351 5087 faciet
2376 5032 2632 5101 justitiam
2661 5034 3005 5101 pauperibus,
3046 5044 3100 5087 et
3128 5034 3243 5103 ipse
3266 5037 3405 5089 vivet
3426 5032 3599 5090 multo
3635 5045 3775 5090 tem-

2196 5117 2348 5172 pore.
2382 5105 2509 5174 Post
2540 5104 2653 5157 haec
2680 5118 2805 5159 vero
2832 5112 3016 5174 surget
3058 5104 3199 5158 alius
3225 5118 3317 5159 rex
3353 5120 3447 5174 per
3490 5107 3557 5172 H,
3596 5109 3774 5161 nomi-

2194 5187 2295 5239 ne;
2325 5172 2469 5228 etde
2496 5176 2610 5242 ipso
2640 5174 2681 5227 ll
2729 5172 3036 5243 praecedent
3088 5172 3369 5230 duodecim
3410 5176 3453 5230 il
3485 5187 3540 5232 et
3569 5178 3677 5231 erit
3705 5178 3773 5233 de

2192 5258 2391 5313 genere
2437 5243 2907 5312 Langobardorum
2926 5255 2988 5319 et
3016 5245 3453 5313 Teutonicorum,
3484 5259 3540 5303 et
3571 5263 3769 5319 regna-

2192 5320 2324 5388 biunt
2355 5331 2448 5385 per
2470 5329 2637 5388 annos
2660 5316 3075 5388 centumaTunc
3105 5326 3227 5385 post
3246 5331 3367 5372 eum
3391 5316 3662 5388 exsurget
3675 5335 3771 5376 rex

2196 5387 2238 5440 H
2271 5388 2504 5451 nomine,
2535 5386 2740 5442 Salicus
2783 5388 2850 5442 de
2880 5386 3125 5442 Francia.
3157 5389 3311 5443 Tunc
3346 5386 3581 5444 initium‘
3614 5391 3769 5445 dolo-

2193 5472 2310 5511 rum
2341 5461 2461 5522 erit,
2501 5456 2673 5525 qualis
2700 5471 2804 5511 non
2853 5457 2953 5513 fuit
2978 5460 3046 5513 ab
3076 5458 3227 5513 initio
3256 5459 3458 5515 saeculi.
3512 5460 3579 5515 Et
3609 5470 3770 5516 erunt

2195 5530 2246 5581 in
2278 5530 2465 5583 diebus
2494 5530 2659 5597 ipsius
2699 5528 2878 5584 multat
2910 5542 3097 5599 pugna:
3126 5536 3181 5585 et
3222 5531 3595 5586 tribulationes
3626 5536 3769 5587 inul-

2196 5609 2367 5652 torum
2396 5609 2449 5653 et
2479 5599 2753 5668 sanguinis
2782 5601 2993 5667 ellusio,
3022 5611 3080 5655 et
3106 5612 3265 5656 terrae
3287 5613 3460 5657 motus
3505 5618 3603 5671 per
3633 5607 3768 5660 civi-

2197 5679 2331 5724 tates
2371 5677 2426 5724 et
2452 5674 2719 5741 regiones,
2752 5683 2804 5724 et
2834 5681 2990 5727 terra:
3031 5672 3211 5728 multa:
3240 5673 3678 5741 captivabuotur,
3711 5685 3769 5733 et

2196 5755 2302 5798 non
2328 5742 2431 5798 erit
2456 5746 2547 5810 qui
2575 5740 2805 5799 inimicis
2841 5744 3078 5815 resistat,
3120 5746 3244 5820 quia
3284 5743 3547 5803 Dominus
3592 5746 3770 5810 iratus
