4060 6368
262 360 412 429 I585
1552 356 1918 425 HISPERICA
1956 364 2243 425 FAMINA.
3416 373 3547 436 “.8!

270 479 385 557 ετίιν
413 478 466 557 in
495 486 660 537 tem,
688 478 861 557 Itonia
890 478 1344 557 inipersecutione
1371 485 1429 536 et
1462 480 1640 557 gladio
1667 497 1837 557 expu-
1869 488 1920 547 Α
1948 482 2205 557 rusalem.
2239 480 2517 557 Regnante
2544 491 2723 557 autent
2768 497 2853 548 eo.
2884 484 3230 557 egrediantur
3272 487 3381 547 duo
3430 493 3536 553 cla-

275 552 624 626 gnabitur,_et
650 553 752 626 erit
788 553 1125 620 deprehensa
1173 553 1431 626 inmanu
1480 554 1835 626 ipsiusregis.
1946 554 2148 626 rissimi
2204 552 2339 621 viri,’
2392 555 2537 610 Elias
2582 566 2636 612 et
2682 552 2943 623 Henoch,"
2985 558 3051 613 ad
3114 552 3545 626 annuntiandum

275 622 519 684 Eterunt
548 622 1060 704 hominescrapaces,
1102 624 1300 693 cupidi,
1335 625 1566 704 tyranni,
1596 622 1842 704 odietjtes
1946 625 2232 704 adventum
2265 626 2508 704 Domini;
2552 636 2606 704 et
2662 622 3023 704 Anticlirlstus
3074 629 3291 704 occide_t
3335 648 3452 704 eos,
3485 622 3542 695 οἷ

312 709 555 765 auperes,
578 695 940 766 opprimentes
970 695 1232 762 insontes,
1261 706 1313 751 et
1336 695 1603 751 salvantes
1630 697 1838 752 noxios.
1946 706 2072 766 post
2100 696 2214 753 dies
2243 705 2350 753 tres
2379 712 2409 752 a
2453 697 2683 753 Domino
2713 700 3201 756 resuscitabuntur.
3246 702 3399 761 Tunc
3432 695 3541 766 erit

312 713 555 765 auperes,
578 713 940 765 opprtmentes
970 713 1232 762 insontes,
1261 713 1313 751 et
1336 713 1603 751 salvantes
1630 713 1838 752 noxtos.
1946 713 2072 766 pOSt
2100 713 2214 753 ales
2243 713 2350 753 tres
2379 713 2409 752 a
2453 713 2683 753 uomtno
2713 713 3201 756 resuscuabutttur.
3246 713 3399 761 'l‘unc
3432 713 3540 766 erit

273 713 549 844 Eruntque
575 765 760 844 iniusti
786 775 840 821 et
877 766 1211 837 nequissimi,
1260 774 1314 822 et
1349 767 1713 844 dominatores
1742 783 1840 825 ex-
1946 769 2252 844 persecutio
2281 784 2495 844 magna,
2525 770 2699 844 qualis
2729 786 2835 826 non
2869 770 2969 827 fuit
2996 782 3178 838 antea,
3214 790 3313 830 nec
3347 787 3540 844 postea

273 838 504 919 terminii
536 839 981 919 captivabuntur;
1008 846 1063 893 et
1101 853 1207 893 non
1237 848 1321 894 est
1350 840 1426 919 in”
1448 848 1592 919 terra
1623 840 1716 910 qui
1740 855 1843 910 pro
1946 838 2321 919 subsequetur.
2350 838 2929 919 Ahbreviabitautem
2950 844 3211 919 Dominus
3240 838 3361 919 dies
3392 848 3537 919 illos,

272 912 349 967 eis
379 910 597 965 resistat
628 919 863 981 eteruat
891 922 1004 975 eos,
1054 920 1273 978 pr0pter
1302 910 1534 965 malitias
1563 925 1750 965 eorum
1783 919 1840 967 et
1947 922 2166 981 prapter
2212 911 2436 979 electos,
2484 922 2539 967 et
2568 912 2843 968 occidetur
2881 915 3078 970 virtute
3121 918 3334 972 Domini
3384 910 3542 977 Anti;

271 981 633 1054 cupiditates._
662 980 734 1054 Et
760 992 887 1054 tunc
926 990 1179 1051 exsurget
1206 996 1299 1036 rex
1328 982 1546 1054 nomine
1572 981 1618 1054 ῌ
1663 983 1844 1037 animo
1946 980 2179 1054 christus
2206 998 2235 1037 a
2292 982 2551 1054 Michaele
2604 985 2929 1054 arcliangelo
2978 987 3031 1040 in
3066 987 3265 1042 'monte
3314 989 3533 1049 Oliveti.

268 1063 542 1128 constans.
594 1052 636 1107 ll
673 1052 772 1128 _i|_le
817 1051 955 1108 idem
1003 1050 1254 1128 constans
1300 1052 1405 1108 erit
1432 1067 1528 1108 rex
1575 1052 1734 1128 Rom.
1790 1063 1845 1110 et
1947 1050 2190 1128 Cumque
2222 1054 2335 1108 haec
2365 1053 2567 1128 Sibylla
2598 1064 2653 1111 et
2681 1056 2785 1110 alia
2811 1050 3001 1128 'multa
3046 1057 3305 1113 Romanis
3336 1062 3541 1128 prtedi-

272 1122 760 1199 Grtecorum;__h_ic
792 1130 996 1178 statura
1042 1122 1282 1199 grandis,
1314 1134 1536 1199 aspectu
1590 1124 1842 1199 decorus,
1947 1122 2337 1199 ceret'lutura,
2392 1122 2588 1195 quibus
2642 1128 2805 1199 etiam
2854 1127 3021 1197 signis
3068 1131 3135 1183 ad
3188 1122 3546 1199 judicandum

267 1196 417 1249 vultu
475 1194 807 1263 splendidus,
857 1205 1017 1265 atque
1070 1210 1165 1264 per
1220 1194 1427 1264 singula
1477 1195 1844 1251 membrorum
1948 1195 2203 1251 Dominus
2230 1194 2488 1253 venturus
2516 1206 2618 1261 est.
2647 1194 3018 1255 vaticinando.
3051 1194 3242 1257 versus
3275 1202 3524 1263 intonuit.

265 1267 593 1323 lineamenta
623 1266 878 1321 decenter
924 1266 1277 1335 compositus,
1308 1276 1362 1320 et
1399 1265 1569 1333 ipsius
1619 1281 1842 1335 regnum
1947 1266 2135 1323 dicens
2171 1286 2185 1323 :
3506 1274 3509 1277 ⁷

265 1336 1029 1435 ἓξὲξῐέἒηῗξέηξῗΞηἚ²¹ἶῖ⁸Ρ2
1073 1334 1847 1435 ἷ¹ὲξὲξιὶἒῖἕ9λίῖξξΡ¹ἔὲἂἯ¹ἐξ
2320 1362 2513 1418 νέηαι
2550 1364 2783 1435 εεὺυιιίηε
2837 1366 2902 1419 de
2961 1363 3171 1421 Christo

263 1409 470 1465 divitia:
512 1422 738 1477 magnae,
787 1420 842 1464 et
886 1419 1028 1463 terra
1073 1404 1410 1463 abundantér
1438 1407 1584 1463 dabit
1614 1408 1844 1464 fructum
2031 1450 2216 1477 tum”
2248 1404 2904 1477 _,~;:'L"_'33:2":
2932 1404 3195 1477 μυςςξξςςς

264 1495 449 1544 suum,
481 1479 551 1551 ita
584 1487 642 1533 ut
691 1479 848 1551 tritici
880 1478 1117 1551 modium
1166 1479 1389 1551 denario
1433 1495 1537 1551 uno
1560 1480 1843 1551 venunde-

263 1560 368 1616 tur,
399 1550 643 1605 modium
670 1550 781 1605 vini
807 1549 1031 1606 denario
1063 1565 1187 1615 uno,
1221 1550 1459 1605 modium
1486 1550 1589 1605 olei
1619 1552 1843 1607 denario

260 1638 389 1677 uno.
426 1622 495 1676 Et
543 1622 657 1690 ipse
697 1635 789 1676 rex
818 1621 1149 1691 Scripturam
1198 1620 1419 1676 habebit
1463 1630 1588 1678 ante
1631 1623 1838 1691 oculos,

260 1693 580 1749 dicentem:
630 1692 743 1749 Rex
777 1694 935 1749 Rom.
970 1707 1129 1747 omne
1177 1692 1281 1746 sibi
1332 1692 1570 1747 vindicat
1618 1707 1841 1757 regnum

259 1764 714 1833 Christianorum.
757 1766 956 1819 Omnes
987 1778 1113 1833 ergo
1143 1762 1345 1833 insulas
1379 1774 1433 1817 et
1460 1761 1706 1819 civitates
1752 1779 1845 1833 pa-

258 1832 526 1925 ganOrum
572 1836 893 1900 devastabit,
942 1845 994 1891 et
1040 1835 1285 1925 universa
1336 1832 1599 1915 idolorum
1645 1832 1843 1900 templa
1872 1865 1921 1925 Β

261 1908 531 1972 destruet,
565 1916 620 1961 et
648 1920 836 1962 omnes
862 1920 1095 1975 paganos
1132 1906 1199 1960 ad
1230 1905 1551 1973 baptismum
1582 1920 1845 1961 convoca-

258 1977 362 2045 bit,
393 1986 453 2033 et
483 1992 579 2044 per
605 1978 783 2031 omnia
813 1980 1021 2045 templa,
1040 1991 1177 2031 crux
1203 1976 1401 2031 Christi
1428 1976 1555 2032 Jesu
1587 1976 1839 2046 erigetur.

260 2047 415 2103 Tunc
444 2063 673 2118 namque
698 2049 987 2117 praeveniet
1010 2046 1623 2118 Egyptusgﬁthiopiam
1653 2062 1845 2118 munus

257 2120 394 2174 dare
424 2119 556 2175 Deo.
589 2117 689 2186 Qui
714 2134 840 2174 vero
870 2133 1081 2175 crucem
1113 2117 1239 2174 Jesu
1268 2117 1468 2172 Christi
1510 2134 1616 2172 non
1645 2117 1842 2172 adora-

256 2189 460 2256 verint,
504 2190 681 2259 gladio
729 2190 1032 2256 punientur.
1090 2191 1155 2245 Et
1186 2203 1308 2244 cum
1338 2189 1594 2256 completi
1624 2188 1841 2244 {uerunt

257 2276 405 2317 cxxtt
434 2262 582 2325 anni,
605 2260 775 2315 Judaei
803 2269 1180 2315 convertentur
1208 2260 1274 2313 ad
1325 2260 1630 2323 Dominum,
1661 2268 1717 2315 et
1743 2260 1845 2314 erit

256 2332 328 2387 ab
351 2332 604 2387 omnibus
633 2331 935 2400 sepulcrum
956 2332 1073 2400 ejus
1101 2331 1413 2401 gloriosum.
1443 2331 1499 2384 In
1526 2331 1716 2401 diebus
1740 2330 1846 2385 illis

255 2403 561 2458 salvabitur
580 2402 761 2468 Israel,
779 2412 832 2457 et
857 2400 1121 2456 habitabit
1141 2402 1491 2457 conlidenter.
1519 2400 1575 2454 In
1600 2402 1693 2465 illo
1717 2412 1846 2456 tem-

258 2487 400 2543 pore
422 2482 606 2541 surget
629 2473 875 2540 princeps
902 2472 1196 2543 iniquitatis
1212 2472 1285 2543 de
1310 2472 1609 2543 tribuDan,
1634 2472 1725 2539 qui
1747 2486 1844 2526 vo-

256 2541 474 2598 cabitur
493 2543 875 2599 Antichristus.
903 2542 999 2597 llic
1024 2544 1126 2597 erit
1148 2542 1288 2595 illius
1314 2541 1648 2607 perditionis,
1678 2550 1843 2609 caput

254 2615 554 2681 superbire,
592 2613 847 2681 magister
879 2614 1101 2679 erroris,
1144 2612 1421 2677 plenitudo
1460 2612 1711 2674 malitiae,
1753 2613 1844 2679 qui
1890 2624 1915 2633 "

254 2686 543 2740 subvertet
583 2685 789 2749 orbem,
823 2692 877 2738 et
923 2683 1078 2738 faciet
1121 2682 1357 2752 prodigia
1388 2690 1444 2736 et
1470 2683 1619 2750 signa
1650 2696 1844 2752 magna

254 2768 358 2825 per
388 2755 553 2809 falsas
578 2754 984 2819 simulationes;
1040 2755 1255 2808 deludet
1302 2764 1481 2825 autem
1530 2767 1640 2825 per»
1671 2762 1845 2825 artem

256 2823 529 2895 magicam
555 2826 772 2891 multos,
803 2825 874 2880 ita
902 2836 959 2880 ut
990 2825 1128 2895 ignis
1157 2824 1224 2879 de
1245 2824 1384 2879 ccelo
1410 2823 1739 2879 descendere
1766 2824 1847 2877 vi-

253 2895 481 2951 deatur.
515 2896 579 2951 Et
612 2896 921 2951 minuentur
947 2895 1071 2950 anni
1100 2895 1238 2950 sicut
1270 2909 1512 2959 nienses,
1545 2904 1600 2948 et
1633 2908 1845 2949 menses

254 2967 404 3022 sicut
433 2970 751 3035 septimana,
776 2976 833 3022 et
852 2968 1151 3035 septimana
1178 2964 1538 3030 sicutdies,et
1562 2965 1678 3019 dies
1706 2966 1847 3020 sicut

252 3037 417 3093 liora.
453 3037 521 3092 Et
544 3046 840 3109 exsurgant
881 3039 949 3092 ab
990 3037 1253 3107 Aquilone
1292 3036 1658 3109 spurcissima}
1708 3050 1839 3105 gen-

253 3115 366 3177 tes,
402 3124 537 3176 quas
580 3104 882 3177 Alexander
912 3124 1008 3164 rex
1039 3104 1277 3175 inclusit,
1311 3108 1448 3177 Gog,
1488 3104 1761 3175 videlicet,
1789 3114 1847 3161 et

252 3166 475 3249 Hagog.
510 3180 637 3235 Haec
678 3174 962 3237 duodecim
993 3194 1180 3249 regna,
1211 3166 1447 3249 quorum
1476 3166 1845 3249 numerns'est
1870 3220 1919 3249 ,η
2020 3166 2445 3249 ξῗτξὲξῗξξξηθξξῗ

247 3220 403 3305 εἰοῖἷι
422 3220 591 3306 arena
615 3252 799 3305 maris.
833 3250 964 3306 Cum
993 3220 1180 3306 amem,
1200 3220 1449 3305 ἒυάἱθιυιν
1464 3264 1559 3305 rex
1584 3248 1841 3315 Romam,

1870 3220 1921 3285 C
2023 3224 2092 3315 Et
2119 3238 2301 3315 (ξφ-ξω
2331 3222 2447 3315 hoc.
2462 3222 2689 3306 Domino
2710 3237 2864 3294 reges
2892 3226 3154 3315 sistentur
3182 3225 3248 3281 ad
3274 3243 3465 3309 unum,

248 3294 1847 3391 zaa'aztia'gtzsit.me;natau'52a'5aaz“sane:
2025 3294 2249 3391 accidet
2272 3308 2307 3391 ε
2327 3294 2755 3391 cetisjsniaue
2778 3304 2834 3350 ει
2860 3295 3133 3365 sulphuris
3153 3299 3351 3391 amnis-

248 3400 352 3464 μοι
384 3408 557 3464 usque
585 3393 649 3446 ad
684 3386 1125 3448 internecionem.
1160 3392 1225 3447 Et
1274 3386 1461 3464 postea
1486 3386 1620 3464 'rex'
1668 3393 1849 3447 veniet
2024 3388 2174 3444 Tunc
2193 3386 2457 3464 iudicabit
2487 3386 2744 3464 Dominus
2787 3390 3085 3464 secundum
3116 3390 3537 3464 uniuscujusque

246 3458 562 3534 Jerusalem
585 3505 599 3527 ,
661 3472 717 3516 ct
769 3463 842 3518 ibi
895 3464 1142 3529 deposito
1185 3458 1376 3531 capitis
1424 3462 1762 3534 diademate._
1795 3472 1848 3518 et
1952 3475 2109 3530 Opus,
2140 3469 2193 3534 et
2217 3459 2369 3513 ibunt
2392 3458 2540 3527 impii
2569 3460 2623 3513 in
2648 3458 2948 3534 gehennam
2980 3461 3115 3534 ignis
3139 3458 3364 3527 aeterni;
3410 3458 3541 3534 justi

248 3533 409 3587 omni
445 3532 627 3586 habitu
655 3534 841 3603 regali,
888 3548 1108 3599 regnum
1135 3534 1564 3588 Christianorum
1596 3532 1707 3588 Deo
1738 3532 1841 3587 Pa-
1952 3547 2078 3588 vero
2132 3532 2255 3585 vitae
2302 3540 2519 3585 aeterna
2567 3531 2845 3599 praemium
2886 3532 3180 3599 recipient;
3243 3542 3299 3588 et
3342 3531 3539 3591 editum

252 3604 324 3659 tti
357 3604 651 3673 relinquet,
681 3615 733 3657 et
757 3603 893 3658 Filio
921 3603 1038 3673 ejus
1061 3603 1187 3659 Jesu
1210 3604 1448 3659 Christo.
1488 3605 1700 3658 Etcum
1728 3619 1848 3659 ces-
1952 3617 2171 3668 novum,
2202 3610 2257 3657 et
2287 3609 2485 3673 terram
2516 3615 2743 3665 novam;
2798 3612 2849 3656 et
2883 3617 3033 3673 mare
3076 3603 3190 3672 jam
3241 3620 3351 3659 non
3407 3608 3535 3662 erit.

245 3675 465 3728 saverit
494 3671 775 3742 imperium
803 3671 1127 3741 Romanum,
1159 3684 1287 3729 tunc
1316 3675 1641 3730 revelabitur
1665 3676 1845 3729 maui-
1955 3674 2022 3729 Et
2052 3673 2295 3741 regnabit
2322 3671 2581 3728 Dominus
2606 3687 2727 3728 cum
2772 3672 2974 3729 sanctis
3006 3675 3059 3729 in
3082 3671 3285 3732 Saecula
3313 3677 3543 3732 saeculo-

246 3744 393 3801 feste
425 3745 809 3809 Antichristus,
838 3755 893 3800 et
918 3743 1126 3801 sedebit
1152 3747 1207 3801 in
1236 3745 1398 3801 domo
1430 3745 1642 3801 Domini
1665 3750 1720 3801 in
1749 3746 1843 3803 Je-
1955 3761 2096 3802 rum.
2137 3743 2334 3799 Amen.

2024 1450 2218 1508 Judicii
2247 1452 2493 1521 signum:
2528 1454 2687 1508 tellus
2710 1454 2907 1509 sudore
2932 1454 3229 1523 madescet,

2024 1523 2067 1577 E
2099 1526 2237 1579 caelo
2261 1540 2355 1579 rex
2386 1524 2637 1578 adveniet
2669 1539 2762 1592 per
2784 1526 2930 1581 secla
2965 1527 3197 1591 futurus,

2025 1595 2246 1649 Scilicet
2276 1596 2327 1649 in
2359 1609 2521 1649 carne
2550 1610 2811 1664 prmsens,
2844 1605 2900 1650 ut
2934 1596 3142 1665 judicet
3171 1597 3359 1652 orbem
3389 1618 3401 1653 :

2019 1665 2177 1721 Unde
2206 1668 2372 1721 Deum
2403 1676 2631 1721 cernent
2669 1666 2978 1722 incredulus
3010 1679 3172 1737 atque
3200 1670 3397 1736 ﬁdelis,

2022 1737 2237 1811 ()elsum
2270 1753 2392 1791 cum
2423 1739 2623 1791 sanctis
2646 1737 2756 1805 jam
2786 1739 3049 1811 terminus
3078 1748 3257 1811 exstat
3300 1741 3353 1795 in
3399 1741 3540 1811 ipso,

2025 1808 2116 1884 §ic
2147 1810 2494 1884 animaecum
2531 1824 2695 1884 carne
2734 1808 2984 1884 aderunt,
3016 1825 3150 1884 quas
3173 1810 3380 1884 judicat
3406 1808 3545 1884 ipse,

2021 1879 2156 1933 Cum
2184 1879 2331 1949 jacet
2356 1880 2588 1933 incultus
2616 1880 2797 1933 densis
2831 1882 2880 1934 in
2908 1879 3160 1949 vepribus
3190 1882 3358 1947 orbis,

2027 1950 2294 2024 Rejicicnt
2324 1950 2612 2024 simulacra
2641 1950 2740 2005 viri
2774 1959 3025 2006 cunctam
3058 1967 3273 2021 quoque
3303 1968 3512 2024 gazam,

2019 2020 2222 2075 Exuret
2252 2032 2420 2076 terras
2452 2020 2587 2089 ignis
2628 2031 2960 2091 pontumque
2996 2020 3325 2092 polquueE

2022 2093 2307 2160 lnquirens
2348 2093 2468 2145 tetri
2504 2101 2683 2160 portas
2725 2092 2968 2162 elIringet
3008 2094 3230 2159 Averni,

2026 2163 2469 2235 §anctoruinsed
2502 2165 2645 2217 enim
2676 2174 2882 2218 cuncta:
2906 2166 2998 2220 lux
3027 2165 3197 2220 libera
3225 2166 3398 2228 carni,

2021 2232 2324 2305 Tradentur
2354 2232 2549 2298 fontes,
2585 2242 2892 2305 aeternaque
2933 2237 3148 2291 ﬂamma
3180 2236 3466 2291 cremabit.

2020 2302 2272 2378 Occultos
2302 2312 2454 2359 actus
2467 2302 2833 2378 ‘manil'estan's
2863 2308 3094 2378 quisque
3125 2308 3396 2378 loquetur,

2021 2375 2240 2431 Secreta
2272 2383 2431 2444 atque
2466 2374 2605 2428 Deus
2638 2374 2903 2430 reserabit
2929 2389 3145 2445 pectora
3182 2374 3316 2433 lucis
3344 2395 3359 2443 ;

2022 2445 2172 2501 Tunc
2201 2447 2303 2501 erit
2342 2454 2396 2499 et
2426 2446 2619 2510 luctus,
2650 2446 2956 2501 stridebant
2976 2448 3227 2503 dentibus
3257 2464 3472 2506 omnes.

2025 2517 2265 2587 Eripitur
2293 2516 2421 2587 solis
2443 2515 2626 2587 jubar,
2660 2526 2715 2571 et
2736 2517 2937 2572 chorus
2965 2519 3153 2574 interit
3181 2519 3366 2587 astris,

2024 2585 2286 2656 Yolvetur
2324 2586 2542 2649 coelum,
2578 2585 2782 2656 lunaris
2812 2589 3069 2652 Splendor
3095 2590 3292 2656 obibit,

2023 2655 2254 2725 Dejiciet
2277 2656 2469 2721 colles,
2494 2654 2662 2710 valles
2686 2658 2911 2712 extollet
2937 2661 3005 2713 ab
3033 2660 3142 2713 imo
3171 2678 3184 2713 :

2018 2726 2135 2799 ljlon
2168 2728 2269 2779 erit
2298 2727 2350 2781 in
2382 2728 2541 2780 rebus
2583 2726 2858 2799 hominum
2890 2728 3121 2784 sublime
3144 2732 3224 2785 vel
3263 2730 3453 2799 altum,

2016 2796 2133 2870 {am
2159 2806 2435 2870 aequantur
2462 2798 2665 2870 campis
2690 2808 2899 2853 montes
2928 2807 2983 2854 et
3014 2801 3214 2856 caerula
3248 2803 3424 2870 ponti,

2015 2867 2208 2924 Omnia
2240 2868 2547 2934 cessabunt,
2582 2868 2737 2924 tellus
2761 2870 3033 2925 confracta
3065 2873 3291 2938 peribit;

2016 2939 2323 3012 Sicipariter
2354 2939 2539 3012 fontes
2556 2949 2825 2995 torrentur
2848 2940 3183 3012 ﬂuminaque
3219 2944 3352 3011 igni.

2018 3011 2127 3067 Sed
2158 3010 2280 3064 tuba
2312 3024 2404 3079 per
2425 3010 2660 3065 sonitum
2694 3014 2902 3067 tristem
2932 3010 3171 3069 dimittet
3195 3010 3264 3069 ab
3295 3015 3428 3080 alto,

2020 3081 2164 3138 Orbe
2193 3096 2362 3151 genus
2385 3080 2597 3154 (acinus
2625 3081 2883 3136 miserum
2906 3088 3196 3154 variosque
3225 3084 3467 3150 labores,

2020 3154 2445 3220 Tartareumque
2478 3152 2645 3207 chaos
2676 3153 3000 3209 monstrabit
3046 3152 3189 3209 terra
3225 3155 3539 3213 dehiscens.

244 3876 3551 3923 ψ

1548 3994 2210 4141 ﬂuitantia:

1548 4042 2210 4178 apponam

393 4264 661 4377 an
738 4248 2004 4372 VENEBABILIS
2078 4254 2606 4369 annm
2688 4182 3437 4373 Spuma.

1668 4424 2151 4437 p————-—u—-—

873 4530 1958 4684 HISPERICA
2059 4531 2829 4681 FAMINA
2868 4639 2911 4700 .,

1851 4750 1971 4793 ειη

495 4880 1175 4969 LATINITATIS
1238 4873 1828 4959 INUSITATZE
1879 4876 2080 4954 VEL
2144 4875 2561 4953 ARCANIE
2621 4873 3300 4979 OPUSCULUM,

1496 5039 1870 5104 AUCTORE
1913 5038 2285 5101 INCERTO.

647 5194 736 5251 AB
772 5195 1065 5249 Ληαεω
1100 5194 1295 5248 nam
1318 5228 1333 5257 ,
1374 5186 1599 5245 JUXTA
1640 5182 1997 5252 ANTIQUUH
2033 5180 2332 5239 CODICEM
2373 5174 2773 5238 VATICANUM
2799 5218 2815 5247 ,
2858 5178 3139 5236 EDITUM.

1467 5316 1806 5375 (Classicorum
1824 5321 2077 5370 auctorum
2097 5322 2211 5367 tom.
2235 5314 2321 5379 ν.)

1472 5548 1697 5628 ΜΛΙΙ
1760 5550 2285 5632 MONITUM.

312 5707 375 5762 I.
433 5701 546 5757 lloc
598 5696 848 5755 inaudita:
901 5691 1207 5751 Latinitatis
1259 5689 1575 5762 opusculum
1605 5689 1833 5762 jamdiu
1945 5689 2147 5762 Petavii
2194 5705 2207 5762 ξ
2262 5687 2609 5757 expectabam
2666 5697 2842 5745 autem
2893 5688 3140 5762 idoneam
3189 5692 3527 5762 occasionem

227 5760 379 5838 mihi
416 5775 758 5829 observatum
791 5768 963 5823 fuerat
993 5768 1044 5819 in
1075 5762 1481 5838 τβεῑηεεβυθοω
1506 5760 1839 5838 θθδῖθθηνὲἶ
1941 5761 2130 5838 ﬁdem}
2162 5760 2296 5829 eius"
2326 5763 3063 5838 qpam-"u-"c-gm-mma-mus
3084 5760 3336 5833 Virgilius
3364 5765 3529 5821 om"-

228 5828 437 5911 i'i'eano
463 5828 640 5902 saeculi
670 5859 724 5911 ι,
756 5840 837 5899 vel
868 5854 943 5909 xi,
975 5838 1064 5909 qui
1095 5828 1191 5893 fuit
1238 5834 1363 5890 olim
1406 5832 1674 5890 senatoris
1702 5832 1839 5889 Galli
1945 5832 2024 5907 lit,
2056 5831 2121 5889 ad
2149 5828 2305 5913 quem
2336 5828 2620 5902 Singularis
2664 5828 2960 5890 Latinitatis
3003 5828 3388 5913 praceptorem
3420 5854 3526 5898 non
