4098 6208
574 380 576 382 ·
609 364 723 422 879

983 363 1380 424 BEDA‘IWEN.
1412 365 1615 424 OPER.
1649 365 1830 424 PARS
1861 367 1906 425 l.
1946 363 2143 425 SECT.
2172 366 2240 422 Il.
2269 396 2337 412 --
2372 362 2831 421 DlDASCALICA
2864 361 3071 419 DUBlA
3106 361 3194 418 ET
3231 359 3499 419 SPURIA.

3743 353 3844 415 880

705 497 760 551 Si
793 497 872 551 vis
899 508 1055 568 quota
1085 499 1155 552 sit
1183 498 1400 552 indictio
1428 497 1588 563 scire,
1621 513 1774 553 sume
1821 512 1990 552 annos
2018 497 2085 550 ab
2119 495 2198 549 ln-
2229 496 2273 554 Α
2306 496 2475 562 quies,
2513 497 2648 552 ﬁunt
2691 498 2778 553 75.
2815 501 2964 555 Adde
3004 501 3069 555 ad
3116 502 3233 556 dies
3284 501 3412 558 200.
3442 502 3685 568 Januarii,
3725 504 3843 558 ﬁunt

632 587 944 644 carnatione
965 587 1196 652 Domini,
1229 588 1277 642 id
1303 597 1406 653 est,
1435 587 1562 644 775.
1593 587 1687 642 liis
1713 602 1926 656 semper
1947 585 2120 656 adjice
2143 583 2198 650 5,

635 679 769 734 ﬁunt
793 678 916 735 778.
965 679 1075 736 Hos
1107 681 1305 750 partire
1337 695 1432 750 per
1461 681 1552 745 15,
1587 689 1869 736 remanent
1901 681 1989 735 15.
2020 680 2199 733 Tertia

631 768 838 825 decima
886 780 970 826 est
1008 771 1232 828 indictio
1272 772 1402 826 anni
1428 771 1712 842 prmsemis
1736 788 1750 837 ;
1774 770 1822 826 si
1856 770 1985 825 nihil
2016 784 2203 828 rema-

614 867 742 924 net,
777 856 843 914 15
871 870 970 915 est.

704 951 762 1008 Si
790 967 950 1012 nosse
981 955 1061 1008 vis
1084 961 1275 1023 quotus
1304 958 1372 1008 sit
1402 951 1635 1008 circulus
1657 953 1822 1020 lunae,
1852 967 2002 1007 sume
2031 967 2202 1009 annos

634 1039 867 1104 Domini,
903 1050 958 1096 ut
999 1051 1125 1110 puta
1153 1040 1294 1108 774;
1328 1051 1383 1097 et
1428 1043 1684 1098 subtrahe
1731 1057 1944 1112 semper
1989 1046 2117 1109 duo,
2149 1056 2197 1097 et

628 1143 908 1190 remanent
937 1133 1064 1188 762.
1106 1134 1213 1199 Hos
1263 1136 1462 1204 partire
1509 1151 1603 1205 per
1633 1136 1698 1189 10
1742 1147 1796 1191 et
1823 1135 1881 1202 9,
1925 1145 2203 1192 remanent

629 1227 754 1291 duo,
797 1227 1064 1282 secundus
1095 1226 1330 1282 circulus
1359 1227 1499 1281 lunai
1542 1229 2050 1284 decemnovennalis
2075 1238 2197 1291 est;

622 1317 840 1387 nunties
869 1317 999 1371 nihil
1036 1328 1302 1382 remanet.
1344 1316 1409 1373 19.
1432 1327 1534 1375 est.

701 1410 760 1465 Si
789 1413 868 1464 vis
900 1412 1043 1465 scire
1071 1421 1248 1479 qtha:
1289 1411 1399 1465 sint
1429 1424 1652 1479 epac=a-,
1681 1422 1930 1481 computa
1973 1426 2004 1464 a
2029 1411 2200 1479 primo

634 1515 779 1563 anno
802 1502 1299 1566 deccmnovennali,
1327 1517 1494 1570 usque
1519 1505 1569 1556 in
1598 1504 1742 1556 diem
1761 1518 1918 1579 quem
1940 1504 2198 1568 volueris,

633 1602 698 1659 ut;
723 1605 848 1663 puta
899 1594 950 1648 in
984 1595 1226 1662 quintum
1271 1611 1494 1650 annum.
1531 1595 1747 1649 Dimitte
1785 1612 1994 1665 semper
2028 1597 2076 1663 l,
2113 1613 2197 1652 re-

632 1694 856 1741 manent
894 1684 950 1738 ὁ.
982 1687 1270 1757 Multiplica
1322 1703 1414 1757 per
1444 1687 1474 1739 4
1508 1702 1675 1742 annos
1708 1690 1796 1756 il,
1829 1704 2030 1742 annuas
2073 1705 2200 1757 epa-

633 1789 766 1845 etas,
802 1789 858 1835 et
887 1778 1050 1834 facies
1080 1791 1268 1849 qualer
1293 1781 1566 1847 undecim,
1602 1779 1689 1834 14.
1720 1779 1784 1834 14
1814 1792 1893 1836 est
1926 1793 2109 1850 epacta
2145 1783 2193 1836 in

2308 589 2433 642 115.
2465 587 2540 642 De
2568 589 2636 642 60
2685 590 2765 645 bis
2798 591 2918 646 190.
2955 592 3252 648 Remanent
3292 594 3349 649 6.
3403 593 3504 660 ipsi
3529 603 3646 648 sunt
3685 597 3842 665 [uncti

2306 678 2442 732 lunae
2474 680 2639 748 ipsius
2668 682 2809 750 quod
2860 683 3075 752 luxerit,
3120 684 3174 740 id
3213 694 3317 751 est,
3375 684 3506 743 hora
3535 695 3586 740 et
3638 694 3844 756 ponetus

2305 768 2448 821 bone
2472 771 2738 825 secunda}.

2373 860 2427 914 Si
2465 861 2632 929 ipsam
2665 863 2843 918 lunam
2869 867 2947 924 vis
2993 862 3258 933 invenire,
3297 872 3566 927 memento
3603 864 3731 932 quod
3765 865 3845 918 ha-

2308 951 2489 1010 bueris
2537 953 2590 1009 in
2638 971 2870 1021 summa,
2923 966 3212 1027 antequam
3262 974 3358 1027 per
3407 958 3477 1012 10
3523 958 3772 1027 parueris,
3801 968 3850 1014 et

2304 1041 2514 1109 ςυσιιὶθε
2545 1043 2814 1108 deﬁnisti
2839 1045 2937 1120 40,
2977 1056 3052 1107 tat
3081 1061 3234 1103 asses
3260 1048 3478 1117 adiicias
3507 1049 3576 1103 ad
3612 1063 3847 1103 summam

2309 1132 2576 1196 eamdem.
2622 1146 2677 1196 et
2703 1137 2895 1197 iterum
2927 1138 3222 1210 multiplica
3266 1148 3415 1196 tuum
3441 1141 3687 1195 circulum
3729 1143 3849 1192 luna:

2307 1224 2508 1288 sexies,
2550 1224 2744 1296 junges
2780 1229 2847 1285 ad
2895 1242 3182 1296 summam,
3233 1231 3427 1293 deinde
3459 1247 3554 1302 per
3595 1231 3680 1297 '50,
3710 1239 3758 1285 et
3783 1232 3850 1284 lu-

2305 1328 2426 1368 nam
2450 1318 2687 1385 ejusdem
2717 1318 2821 1374 diei
2855 1320 3116 1379 invenies.

2372 1407 2429 1464 Si
2457 1409 2536 1461 vis
2577 1410 2717 1464 scire.
2748 1411 2955 1472 initium
2985 1413 3413 1482 quadragesima:
3459 1413 3667 1482 quando
3703 1427 3851 1466 annus

2302 1497 2609 1552 communis
2641 1509 2744 1565 est,
2778 1502 3000 1572 require
3027 1520 3056 1555 ει
3087 1504 3282 1569 pascha
3306 1518 3474 1571 usque
3505 1503 3561 1564 in.
3581 1502 3693 1557 ldus
3721 1502 3850 1569 Apri-

2304 1587 2402 1651 les,
2455 1602 2584 1656 quot
2615 1591 2731 1643 ιΙίεε
2782 1593 2980 1649 ibidem
3030 1594 3320 1658 inveneris,
3367 1596 3594 1655 totidem.
3631 1603 3850 1662 compula

2302 1679 2417 1733 dies
2467 1695 2497 1734 a
2526 1680 2754 1741 Kalend.
2790 1682 2946 1737 Mart.
3000 1694 3174 1756 retro,
3226 1685 3328 1744 hoc
3355 1687 3461 1748 erit
3508 1685 3852 1754 initiquua-

2303 1772 2644 1840 dragesiinaa.
2678 1775 2901 1840 Quando
2925 1792 3052 1831 vero
3086 1779 3469 1834 enibnlismalis
3501 1794 3668 1838 annus
3697 1780 3850 1847 fuerit,

619 1868 874 1925 zsecundo
903 1869 1104 1924 circulo
1131 1869 1658 1925 decemnovennalis.
1690 1869 1765 1926 Ita
1793 1888 1886 1940 per
1916 1887 2101 1927 omnes
2135 1875 2198 1929 l0
2230 1855 2274 1913 Β
2303 1879 2552 1933 computa
2585 1884 2611 1917 a
2646 1868 2816 1935 pridie
2865 1868 3049 1922 iduum
3080 1872 3249 1940 April.
3282 1887 3450 1940 usque
3480 1871 3533 1927 in
3565 1871 3772 1938 Pascha,
3804 1883 3851 1927 et

620 1970 684 2014 εει
706 1959 739 2014 9
772 1973 942 2014 annos
969 1960 1069 2014 sub
1097 1961 1195 2016 hac
1235 1960 1571 2017 breviatione
1601 1963 1952 2034 computabis.

699 2070 758 2126 Si
785 2085 944 2126 nosse
976 2072 1054 2125 vis
1103 2071 1453 2142 adiectiones,
1483 2073 1534 2128 id
1563 2083 1664 2138 est,
1699 2085 2080 2131 concurrentes
2109 2090 2198 2132 sc-

637 2163 882 2228 ptimanae
911 2163 1048 2227 dies,
1084 2179 1235 2220 sume
1285 2181 1453 2221 annos
1492 2166 1559 2221 ab
1589 2166 1961 2222 lncarnatione
1989 2167 2197 2223 Domini

630 2261 762 2322 quot
811 2254 1024 2322 iuerint,
1076 2267 1130 2309 ut
1179 2264 1300 2326 puta
1331 2255 1435 2311 761
1483 2273 1574 2327 per
1623 2257 1967 2313 indictionem
2013 2272 2195 2314 secun-

628 2346 774 2412 dam,
815 2357 870 2401 et
897 2361 1155 2402 annorum
1179 2349 1268 2422 qui
1302 2348 1500 2403 iuerint
1542 2357 1786 2418 quartam
1821 2357 2025 2419 partem
2056 2362 2197 2409 sem-

623 2449 724 2502 per
746 2436 877 2504 ipsis
923 2436 1082 2503 adde,
1119 2437 1169 2492 id
1201 2447 1301 2501 est,
1343 2453 1484 2493 nunc
1517 2438 1620 2492 190
1671 2447 1724 2492 ει
1751 2437 1800 2490 1.
1857 2437 2011 2492 Fiunt
2041 2439 2201 2496 simul

631 2525 758 2584 955.
789 2527 881 2583 His
909 2528 1044 2584 adde
1072 2529 1344 2601 regulares
1371 2529 1426 2599 4,
1457 2537 1512 2585 ει
1541 2530 1670 2584 nunt
1702 2528 1826 2585 959.
1863 2531 1970 2585 llos
1998 2534 2197 2600 partire

629 2633 723 2685 per
751 2618 809 2687 7,
839 2632 1114 2674 remanent
1165 2622 1220 2678 Ἰ.
1271 2621 1485 2690 Septem
1539 2632 1663 2676 sunt
1697 2629 1896 2694 epactze
1946 2625 2096 2686 solis,
2145 2624 2196 2678 id

625 2718 734 2776 est,
780 2721 1158 2767 concurrentes
1202 2714 1510 2784 septimanae
1569 2713 1708 2779 dies,
1760 2729 1854 2782 per
1901 2714 2195 2783 superscri-

629 2811 748 2871 ptas
775 2802 1089 2859 indictiones
1114 2802 1168 2858 2.

703 2917 756 2971 Si
789 2918 869 2972 vis
893 2918 1029 2972 scire
1054 2928 1245 2988 quotus
1303 2921 1372 2972 sit
1404 2934 1573 2973 annus
1616 2920 1746 2992 cycli
1793 2921 1857 2980 10
1883 2931 1938 2975 et
1971 2921 2000 2974 9
2031 2937 2195 2974 anno-

625 3022 766 3074 rum,
798 3023 953 3064 sume
987 3024 1156 3064 annos
1186 3011 1397 3065 [lumini
1431 3023 1561 3082 quot
1593 3013 1803 3079 fuerint,
1835 3026 1888 3066 ut
1919 3025 2038 3082 puta
2066 3015 2191 3079 70-5,

618 3110 676 3152 el
727 3115 886 3154 unum
932 3114 1146 3170 Semper
1194 3102 1388 3171 adiice,
1421 3113 1479 3156 et
1524 3103 1655 3157 ﬁunt
1684 3103 1808 3158 765.
1866 3105 1972 3158 llos
2003 3108 2198 3174 partire

631 3203 725 3254 per
761 3188 825 3242 10
870 3198 924 3243 ει
951 3189 1005 3254 9,
1043 3201 1319 3244 remanent
1365 3193 1419 3246 5.
1454 3192 1678 3258 Quintus
1728 3203 1810 3245 cst
1841 3209 2010 3248 annus
2058 3193 2190 3263 cycli
2222 3207 2270 3272 ο

628 3280 1166 3345 deccmnovcunalis;
1199 3281 1338 3351 quod
1367 3283 1409 3336 si
1461 3282 1588 3337 nihil
1628 3283 1962 3349 reman-‘en't,
1999 3283 2065 3338 i9
2089 3293 2191 3340 est.

700 3374 758 3429 Si
791 3389 951 3429 nosse
981 3375 1064 3430 vis
1094 3389 1250 3445 quma
1283 3375 1346 3430 sit
1379 3376 1620 3443 indictio,
1651 3391 1802 3431 sume
1847 3392 2048 3432 annum
2094 3376 2195 3431 Do—

631 3462 785 3531 mini,
817 3473 870 3519 et
914 3464 1086 3536 adjice
1113 3465 1166 3520 5.
1200 3466 1406 3522 Partire
1435 3483 1528 3537 per
1558 3468 1646 3534 15,
1673 3479 1728 3523 ει
1763 3471 1900 3538 quod
1933 3478 2189 3534 remanrt,

627 3559 740 3627 ipsa
771 3565 855 3613 est
881 3557 1100 3613 indictio
1128 3559 1253 3614 anni
1282 3559 1576 3626 praesentis.

703 3649 757 3704 Si
797 3650 876 3705 vis
920 3651 1059 3706 scire
1106 3661 1281 3722 quoue
1325 3652 1431 3705 sint
1470 3662 1670 3720 epactm
1700 3651 1948 3719 lunares,
1998 3657 2195 3721 partire

632 3755 802 3796 annos
845 3741 1050 3796 Domini
1100 3757 1194 3812 per
1224 3741 1291 3795 10
1339 3742 1474 3805 ct9,
1521 3751 1576 3797 et
1609 3744 1749 3812 quod
1790 3753 2030 3798 remanet
2058 3745 2195 3799 mul-

626 3834 803 3904 tiplica
851 3849 946 3906 per
994 3836 1080 3890 11.
1129 3836 1255 3889 Item
1299 3835 1494 3898 partire
1536 3850 1628 3905 per
1671 3834 1773 3903 50,
1816 3846 1873 3890 ει
1919 3847 2194 3892 remanent

624 3933 845 3996 epactat.

700 4016 757 4071 Si
784 4031 945 4069 nosse
979 4029 1058 4069 vis
1100 4024 1482 4072 concurrentes
1526 4019 1836 4083 septimana:
1866 4018 2002 4082 dies,
2041 4033 2191 4074 sume

621 4120 819 4161 annum
877 4105 1107 4171 Domini,
1139 4115 1194 4160 et
1222 4107 1533 4161 earumdem
1566 4123 1825 4163 annorum
1861 4110 1950 4175 qui
2001 4109 2194 4164 fuerint

625 4204 875 4263 quartum
921 4209 1134 4260 semper
1179 4196 1352 4264 adiice
1397 4213 1558 4264 super
1601 4213 1797 4252 annum
1838 4200 2066 4254 Domini.
2103 4202 2192 4256 llis

625 4297 843 4352 quoque
871 4284 903 4336 4
929 4285 1087 4352 adde,
1134 4285 1257 4355 quia
1288 4285 1525 4356 quinque
1573 4299 1951 4344 concurrentes
1978 4289 2194 4347 fuerunt

625 4378 932 4434 Nativitatis
981 4379 1189 4434 Domini
1217 4397 1231 4432 :
1256 4380 1351 4435 bos
1381 4381 1580 4448 partire
1611 4396 1707 4451 per
1743 4382 1799 4449 7,
1836 4396 1888 4439 et
1919 4396 2194 4443 remanent

625 4480 822 4540 cpactm
859 4470 1008 4526 solis.

2301 1969 2432 2023 quot
2467 1959 2582 2012 dies
2635 1961 2828 2015 ibidem
2867 1962 3140 2026 habueris,
3176 1963 3396 2018 l0lidt'ln
3427 1964 3545 2020 dies
3593 1968 3790 2035 require
3823 1981 3850 2020 ι

2300 2048 2527 2105 Kalend.
2568 2053 2718 2107 Mart.
2752 2063 2895 2116 ante,
2923 2065 2975 2108 et
3006 2058 3106 2109 hoc
3135 2056 3236 2110 erit
3278 2057 3488 2111 initium
3521 2057 3848 2128 Quadragesi-

2299 2157 2420 2196 mre.
2457 2144 2521 2197 Et
2551 2145 2648 2198 hoc
2677 2146 2802 2199 nolo
2835 2157 2885 2202 te
2928 2147 3136 2212 fallere,
3166 2150 3287 2217 quia
3325 2151 3696 2204 communibus
3721 2152 3849 2203 annis

2302 2233 2502 2290 Pascha
2535 2250 2746 2305 semper
2787 2249 2912 2294 ante
2963 2241 3135 2308 pridie
3183 2242 3304 2296 ldus
3360 2242 3563 2310 Aprilis
3625 2242 3846 2298 habetur.

2301 2325 2656 2380 Embolismus
2679 2342 2890 2396 semper
2914 2339 3067 2385 antea
3115 2332 3444 2386 extenditur.

2369 2418 2524 2476 Sivis
2552 2422 2692 2475 scire
2740 2404 2898 2499 quinta
2963 2421 3029 2476 sit
3073 2432 3264 2492 epacta,
3309 2437 3451 2483 anno
3482 2423 3848 2494 quqvulueris,

2297 2522 2544 2578 computa
2575 2521 2738 2580 quota
2767 2513 2839 2566 sit
2862 2513 2983 2567 luna
3015 2515 3066 2569 in
3101 2529 3149 2568 tl
3181 2514 3414 2570 Kalend.
3443 2517 3666 2584 Aprilis,
3686 2526 3732 2570 et
3753 2517 3847 2586 ipsa

2300 2601 2422 2655 luna
2450 2605 2551 2657 erit
2603 2612 2812 2672 epacta.
2866 2603 3024 2659 Verbi
3070 2607 3280 2676 gratia:
3311 2609 3353 2666 si
3404 2607 3530 2662 luna
3553 2607 3708 2666 fuerit
3730 2608 3777 2672 9,
3807 2608 3850 2660 in

2297 2707 2350 2747 ιι
2376 2691 2601 2750 Kalend.
2634 2695 2806 2765 Δρτᾲι,
2843 2696 2953 2765 ipsa
3002 2698 3108 2750 erit
3161 2709 3370 2768 epacta,
3402 2700 3495 2757 vel;
3518 2712 3623 2769 quo
3653 2713 3849 2752 nurnero

2298 2783 2474 2838 lunam
2499 2785 2790 2853 inveneris,
2823 2789 2993 2855 ipsum
3023 2803 3299 2851 numerum
3329 2801 3518 2860 epacta
3553 2790 3775 2850 habebit.
3800 2787 3846 2840 In

2300 2879 2454 2946 quali
2500 2890 2678 2936 autem
2721 2882 2946 2940 articulo
2993 2883 3346 2953 veljzmctura
3398 2887 3448 2938 in
3499 2885 3689 2941 eodem
3727 2900 3848 2940 anno

2297 2982 2539 3043 epactam
2585 2972 2856 3038 habueris,
2890 2975 2942 3028 in
2991 2975 3108 3044 ipso
3153 2978 3436 3034 terminum
3477 2979 3772 3049 paschalem
3797 2988 3846 3032 et

2297 3064 2506 3135 cyclum
2539 3064 2676 3119 lunze
2707 3066 2902 3126 ibidem
2935 3066 3164 3124 tenebis.

2367 3157 2423 3212 Si
2465 3159 2543 3213 vis
2569 3161 2707 3215 scire
2731 3169 2890 3228 quota
2916 3161 2987 3213 sit
3014 3161 3133 3215 luna
3159 3164 3211 3218 in
3236 3163 3387 3219 initio
3415 3163 3850 3235 Quadragesimzr,

2297 3264 2546 3324 computa
2578 3253 2631 3312 in
2663 3270 2769 3325 quo
2797 3256 3029 3311 volneris
3059 3272 3221 3324 anno,
3255 3258 3306 3312 in
3328 3269 3491 3328 quota
3526 3258 3651 3314 feria
3678 3273 3855 3314 evene-

2302 3352 2373 3405 rit
2414 3351 2671 3407 terminus
2703 3351 3001 3421 paschalis,
3051 3361 3105 3406 et
3149 3353 3202 3407 in
3256 3355 3369 3423 ipsa
3411 3354 3544 3408 feria
3577 3354 3763 3421 incipe,
3807 3361 3853 3404 ct

2303 3454 2548 3511 computa
2579 3457 2607 3496 a
2640 3443 2869 3498 secunda
2900 3442 3024 3498 luna
3045 3459 3139 3513 per
3155 3446 3385 3514 singulas
3417 3446 3599 3511 ferias,
3629 3443 3850 3514 usqueiu

2302 3537 2656 3604 Dominicam,
2687 3549 2740 3593 et
2770 3537 3162 3608 quodammodo
3185 3539 3253 3592 ibi
3278 3539 3454 3592 lunam
3477 3538 3762 3601 inveneris,
3782 3537 3868 3589 sie

2303 3631 2406 3684 erit
2436 3630 2586 3684 initio
2617 3629 3065 3700 Quadragesimaa.
3090 3631 3351 3686 Similiter
3378 3644 3431 3685 et
3462 3631 3516 3684 in
3551 3629 3852 3700 Rogationes

2297 3720 2476 3774 lunam
2498 3729 2775 3786 computa,
2807 3719 2860 3774 in
2892 3720 3006 3789 ipsa
3037 3720 3166 3775 leria
3192 3735 3221 3774 a
3248 3720 3313 3774 2|
3349 3735 3518 3790 usque
3550 3721 3603 3775 in
3640 3719 3849 3774 secunda

2295 3809 2427 3862 feria
2458 3819 2579 3877 post
2611 3809 2968 3878 Dominicam,
2997 3820 3050 3865 et
3078 3811 3345 3880 quomodo
3368 3810 3440 3864 ibi
3483 3809 3766 3871 inveneris,
3789 3807 3850 3860 ita

2293 3902 2401 3956 erit
2436 3901 2557 3954 luna
2590 3901 2924 3971 llogationis.
2960 3901 3015 3957 Si
3069 3903 3122 3955 in
3153 3917 3203 3955 ιι
3233 3901 3455 3957 Kalend.
3499 3904 3668 3974 April.
3711 3899 3850 3955 fuerit

2299 3994 2422 4047 luna
2456 3991 2543 4056 15,
2577 4008 2671 4048 seu
2727 3996 2814 4062 11,
2857 4004 2947 4048 aut
2990 3992 3078 4056 l3,
3125 3995 3207 4048 vel
3243 3995 3439 4059 minus,
3471 3993 3526 4048 in
3569 3995 3680 4064 ipsi
3721 3994 3849 4072 luna-

2297 4083 2442 4138 tione
2473 4086 2673 4153 poteris
2703 4084 2902 4139 Pascha
2934 4085 3230 4139 ci-lebrare.
3266 4084 3359 4139 Sin
3384 4097 3561 4138 autem
3595 4086 3648 4139 in
3680 4099 3728 4138 xl
3751 4080 3846 4139 Ka-

2297 4176 2440 4232 lend.
2475 4177 2639 4245 April.
2671 4176 2830 4230 fuerit
2851 4192 2879 4230 a
2914 4177 3001 4243 16,
3036 4188 3126 4230 aut
3163 4177 3250 4244 17,
3281 4177 3364 4231 vel
3397 4178 3647 4246 amplius,
3675 4177 3724 4229 in
3752 4175 3849 4242 ipsa

2300 4269 2591 4330 lunatiOne,
2619 4268 2766 4320 nullo
2790 4267 2946 4322 modo
2975 4267 3175 4334 poteris
3210 4273 3401 4334 pascha
3427 4269 3718 4335 celebrare,
3760 4264 3850 4320 nisi

2306 4363 2518 4422 peracta
2565 4354 2678 4423 ipsa
2720 4353 3011 4420 lunationc,
3044 4362 3099 4408 et
3140 4354 3243 4410 alia
3273 4356 3635 4425 subsequente
3672 4354 3843 4423 pascha

2305 4444 2358 4499 in
2389 4445 2474 4498 illa
2510 4447 2781 4499 lunatione
2810 4446 2926 4501 sine
2969 4445 3070 4500 ulla
3111 4447 3457 4518 ambiguitate
3501 4447 3699 4516 poteris
3724 4445 3848 4500 cele-

678 4561 751 4617 .Si
781 4561 861 4621 vis
890 4563 1033 4618 scire
1054 4570 1250 4632 quotus
1279 4565 1343 4618 εἰ,
1377 4578 1548 4619 annus
1585 4566 1770 4622 circuli
1801 4567 2189 4625 decemnoven-
2217 4570 2274 4633 Β
2300 4538 2483 4593 brnre.
2516 4538 2571 4594 Si
2622 4555 2751 4633 vero
2783 4540 2834 4633 in
2866 4555 2961 4594 vm
3000 4538 3122 4595 ldus
3169 4541 3338 4596 Martii
3371 4542 3528 4596 fuerit
3572 4550 3691 4596 nata
3720 4541 3845 4601 luna,

632 4655 791 4722 nalis,
841 4669 992 4710 sume
1038 4671 1234 4710 annum
1273 4656 1504 4726 Domini,
1545 4669 1598 4714 et
1626 4675 1788 4714 unum
1818 4663 2042 4731 addens,
2071 4667 2195 4737 quia

626 4746 868 4802 secundo
894 4747 1135 4816 ejusdem
1179 4761 1321 4801 anno
1367 4756 1522 4802 natus
1566 4758 1670 4815 est,
1702 4752 1899 4819 partire
1924 4767 2019 4822 per
2051 4750 2118 4808 10
2144 4765 2199 4810 ει

627 4839 683 4904 9,
717 4851 770 4894 ει
804 4838 949 4909 quod
993 4839 1332 4906 remanserit,
1383 4840 1497 4911 ipse
1551 4851 1634 4898 est
1661 4856 1832 4900 annus
1879 4846 2064 4902 circuli
2095 4847 2194 4905 de—

626 4931 1085 4988 cemnovenualis.

704 5021 759 5078 Si
787 5035 944 5075 nosse
969 5021 1052 5075 vis
1080 5032 1276 5092 quotus
1302 5022 1482 5092 cyclus
1506 5024 1714 5080 lunaris
1759 5036 1871 5102 est,
1915 5043 2066 5082 sume
2105 5047 2200 5083 an-

626 5130 727 5172 nos
754 5114 962 5171 Domini
995 5124 1051 5182 et
1078 5132 1263 5181 unum,
1311 5117 1487 5174 divide
1515 5132 1612 5188 per
1637 5120 1690 5188 9,
1717 5128 1771 5175 et
1800 5123 1940 5192 quod
1982 5138 2196 5177 reman-

627 5208 779 5270 serit,
810 5207 923 5278 ipse
943 5217 1028 5263 est
1049 5223 1216 5265 annus
1243 5211 1425 5267 circuli
1458 5214 1681 5270 lunaris.

706 5298 762 5353 Si
814 5301 892 5353 vis
937 5301 1074 5363 scire
1117 5302 1439 5359 bissextilem
1479 5319 1696 5370 annum,
1749 5311 1952 5377 partire
1995 5321 2192 5363 annum

631 5389 843 5444 Domini
888 5404 979 5458 per
1008 5389 1064 5454 ι,
1094 5402 1349 5462 quantum
1382 5400 1721 5466 remanserit,
1753 5408 1829 5454 tot
1860 5401 1984 5455 anni
2011 5412 2135 5456 sunt
2163 5417 2193 5456 a

629 5481 883 5537 bissexti).

707 5573 764 5627 Si
805 5587 959 5628 nosse
984 5575 1062 5630 vis
1089 5585 1218 5645 quot
1254 5590 1480 5648 punctos
1505 5596 1832 5653 unaquaeque
1873 5589 1995 5657 luna
2027 5588 2080 5642 in
2105 5588 2193 5643 die

630 5665 803 5719 luceat
823 5665 1112 5720 secundum
1143 5666 1436 5735 Romanos,
1462 5687 1613 5730 sume
1633 5674 1750 5731 dies
1771 5691 1798 5728 a
1829 5676 2102 5747 Januario,
2133 5691 2192 5735 ut

633 5766 756 5827 puta
785 5756 837 5812 in
865 5759 998 5813 Non.
1031 5757 1200 5815 Martii
1232 5759 1322 5816 66.
1348 5761 1480 5819 Vide
1507 5776 1700 5834 quotus
1727 5769 1796 5823 sit
1825 5770 2008 5840 cyelus
2030 5771 2192 5840 luna,

633 5865 686 5907 ut
733 5862 851 5920 puta
900 5851 956 5906 6.
1012 5853 1299 5922 Multiplica
1343 5856 1514 5921 ipsum
1553 5860 1812 5914 circulum
1862 5863 1999 5919 lunae
2038 5853 2194 5934 quin?

2297 4639 2386 4683 aut
2416 4639 2618 4697 postvu
2653 4631 2772 4684 ldus
2795 4631 2945 4685 Mart.
2972 4648 3140 4702 usque
3167 4633 3218 4687 in
3247 4634 3428 4688 Nonas
3445 4633 3642 4705 April.,
3673 4634 3721 4688 in
3746 4633 3847 4701 ipsa

2297 4722 2572 4778 lui-ratione
2605 4725 2803 4792 pascha
2836 4725 2981 4778 nullo
3010 4725 3172 4779 modo
3201 4725 3519 4780 celebrabis.

2368 4835 2426 4891 Si
2453 4835 2534 4888 vis
2579 4836 2718 4889 scire
2764 4846 2923 4901 quota
2971 4839 3040 4890 sit
3073 4837 3193 4891 luna
3225 4836 3376 4892 initio
3417 4837 3846 4908 Quadragesimz.

2297 4941 2451 4981 sume
2497 4927 2673 4980 lunam
2721 4927 2935 4981 Pascha:
2981 4929 3105 4980 anni
3152 4929 3305 4998 cuius
3335 4931 3590 4997 volueris,
3635 4939 3689 4985 et
3735 4928 3848 4982 tolle

2297 5017 2423 5071 imle
2473 5032 2685 5085 semper
2735 5019 2819 5081 μὶ,
2854 5027 2908 5071 et
2951 5029 3082 5087 quot
3109 5031 3405 5088 remanent,
3453 5031 3562 5073 tota
3595 5022 3715 5074 luna
3758 5018 3851 5073 erit

2303 5107 2456 5163 initio
2482 5109 2933 5180 Quadragesimm,
2970 5108 3132 5163 Verbi
3179 5111 3347 5184 gratia
3375 5129 3388 5165 :
3421 5110 3477 5168 Si
3505 5109 3575 5164 15
3617 5112 3714 5166 erit
3739 5109 3848 5164 luna

2302 5197 2542 5264 Paschae,
2577 5199 2699 5252 tolle
2728 5197 2851 5256 inde
2879 5197 2977 5263 £2,
3009 5210 3288 5256 remanent
3313 5199 3366 5256 5.
3406 5199 3584 5257 Tertia
3615 5201 3719 5256 erit
3739 5198 3848 5266 luna

2300 5291 2351 5344 in
2385 5289 2536 5343 initio
2565 5291 2991 5360 Quadragesimte

2370 5402 2425 5460 Si
2455 5404 2534 5460 vis
2580 5404 2718 5458 scire
2770 5403 2979 5473 quando
3015 5406 3284 5461 bissextus
3335 5405 3428 5471 sit,
3475 5419 3626 5465 sume
3665 5417 3850 5460 annum

2299 5493 2531 5559 Domini,
2565 5505 2623 5548 ut
2647 5503 2732 5549 est
2769 5508 2942 5550 annus
2970 5510 3205 5564 przeseus
3247 5495 3376 5555 688.
3417 5497 3528 5554 llos
3551 5495 3852 5568 partireper

2296 5587 2352 5641 4.
2380 5586 2437 5643 Si
2476 5585 2608 5644 nihil
2653 5587 2991 5654 remanserit,
3041 5587 3310 5645 bissextus
3337 5598 3441 5646 est.
3501 5590 3558 5649 Si
3599 5597 3774 5646 autem
3803 5586 3853 5648 1.

2301 5686 2393 5731 aut
2419 5673 2478 5742 3,
2508 5686 2601 5737 aut
2625 5675 2661 5730 2
2702 5677 3078 5745 remanserint,
3114 5675 3377 5735 bissextus
3404 5693 3514 5739 non
3555 5688 3654 5736 est.
3687 5678 3751 5734 Et
3791 5689 3851 5732 nc

2303 5769 2398 5824 tibi
2427 5769 2646 5825 forsitan
2694 5768 2869 5837 aliqua
2913 5769 3082 5838 caligo
3103 5769 3303 5825 erroris
3349 5779 3598 5826 occurrat
3624 5784 3719 5840 per
3742 5783 3848 5820 om-

2300 5877 2420 5918 nem
2467 5871 2770 5932 computum
2823 5876 2983 5929 quem
3032 5861 3205 5931 ducis,
3261 5861 3307 5917 si
3349 5861 3482 5917 nihil
3521 5860 3846 5931 superfuerit,
