4098 6208
1577 380 1795 438 ΜΟΝΟΙ
1835 377 2307 435 (ἓΟΝδἨΤΒἸἾΟ.

3448 372 3557 430 88Ξ

301 496 445 553 scias
469 491 719 552 eumdem
754 502 1064 565 computum
1093 507 1236 560 esse,
1285 508 1380 563 per
1407 507 1565 564 quem
1616 493 1789 558 ducis,
1822 500 1879 547 ut
1911 502 1955 557 Α
2054 490 2246 561 Cyclus
2292 488 2498 554 Graece,
2550 484 2782 541 circulus
2828 482 3038 551 Latine,
3087 480 3288 555 ogdoas
3328 480 3361 536 8
3404 485 3552 550 anni,

306 599 433 661 puta
461 590 508 646 si
535 605 628 659 per
658 588 725 645 10
752 596 808 644 et
830 588 865 645 9
890 588 1063 652 ducis,
1087 596 1143 643 et
1186 587 1319 644 nihil
1365 588 1714 657 superfuerit,
1745 587 1885 641 scias

302 681 374 741 ω
400 690 457 739 et
482 682 519 740 9
546 696 699 747 esse;
730 681 776 737 si
809 697 901 750 per
931 681 1023 747 15,
1053 680 1119 735 15
1143 698 1160 748 ;
1188 680 1236 736 si
1274 696 1367 751 per
1394 682 1450 747 7,
1472 680 1525 733 7.

374 772 673 841 Quarenda
704 781 787 827 est
827 772 1081 826 nativitas
1123 771 1263 827 luna:
1291 772 1406 827 ita
1441 785 1533 825 vut
1557 768 1680 825 ldus
1724 769 1879 824 Mart.

302 880 476 934 usque
504 866 557 919 in
593 864 772 920 Nonas
799 863 1001 935 April,
1041 877 1162 933 que
1197 862 1361 932 primi
1395 863 1594 917 mensis
1620 874 1880 915 novorum

302 955 515 1012 initium
542 955 800 1022 ostendit,
849 969 879 1010 a
909 970 985 1011 xu
1031 952 1259 1010 Kalend.
1285 953 1456 1023 April.
1490 967 1659 1021 usque
1699 953 1763 1005 ad
1795 965 1881 1005 MV

275 1046 531 1113 Kalend.
564 1045 708 1112 Maii,
736 1047 792 1101 in
821 1059 1139 1117 quacunque
1183 1044 1273 1101 die
1314 1044 1437 1099 luna
1468 1042 1535 1098 tt
1563 1042 1876 1109 occurrerit,

302 1138 417 1208 ipsa
451 1145 507 1192 te
550 1135 616 1191 ad
659 1136 1080 1192 celebrationem
1132 1134 1302 1190 sancti
1333 1132 1555 1189 Pascha
1598 1131 1876 1201 perducet.

298 1228 359 1286 Si
382 1242 512 1284 vero
540 1226 609 1281 11
635 1227 759 1283 luna
782 1236 906 1283 ante
936 1243 1012 1282 au
1040 1225 1263 1283 Kalend.
1291 1224 1462 1297 April.
1489 1223 1739 1288 occurrit,
1775 1220 1879 1276 hoc

298 1329 405 1387 est,
444 1331 533 1376 aut
565 1336 659 1377 sui
712 1320 940 1376 Kalend.
995 1321 1190 1390 April.,
1242 1327 1334 1373 aut
1379 1332 1484 1383 xiv,
1516 1325 1608 1372 aut
1638 1330 1728 1385 xv,
1770 1314 1877 1370 Ka-

299 1411 450 1469 lend.
482 1412 681 1483 April.,
707 1412 844 1468 scito
872 1412 1127 1483 quoniam
1159 1407 1425 1480 paschalis
1460 1409 1582 1464 luna
1613 1424 1717 1462 non
1748 1417 1835 1461 est
1861 1424 1875 1460 :

298 1504 395 1561 sed
416 1508 547 1560 ‘cu
571 1504 816 1559 eamdem
845 1503 1024 1557 lunam
1054 1500 1127 1555 30
1150 1500 1488 1569 produxeris,
1518 1498 1617 1553 alia
1646 1497 1731 1551 die
1757 1507 1878 1551 nata

297 1588 479 1657 fuerit,
513 1591 566 1648 in
596 1593 710 1662 ipsa
735 1598 890 1645 caute
926 1598 1171 1644 sanetum
1202 1587 1407 1644 Pascha
1434 1586 1753 1642 celebrabis.
1790 1586 1875 1639 Si-

302 1682 506 1738 militer
546 1694 738 1738 cautus
796 1694 934 1751 esto,
980 1690 1039 1738 ut
1064 1697 1153 1737 xtv
1200 1681 1423 1738 Kalend.
1476 1680 1595 1737 Maii
1648 1682 1767 1735 luna
1812 1682 1879 1735 M

295 1788 405 1830 non
456 1773 829 1843 transcendat,
871 1784 961 1831 aut
1007 1773 1074 1828 ad
1108 1789 1197 1829 aut
1242 1774 1466 1829 Kalend.
1499 1774 1641 1843 Maii,
1682 1781 1776 1828 aut
1812 1773 1879 1828 ad

1990 576 2333 634 hendecasli
2382 582 2528 632 sunt.
2575 573 2691 629 llen
2732 571 2938 639 Graece,
2971 574 2997 628 1
3028 570 3239 638 Latine,
3282 569 3442 627 decas
3467 570 3561 629 ιο.

1987 669 2280 739 Computus
2308 673 2394 723 est
2435 681 2466 721 a
2507 663 2680 721 Natali
2709 663 2919 720 Domini
2959 678 3131 734 usque
3173 661 3242 719 ad
3284 660 3557 729 Natalem,

1990 760 2039 813 id
2064 767 2164 824 est,
2190 758 2328 813 laure
2361 756 2571 829 cyclus.
2612 756 2742 812 item
2783 756 2921 811 alius
2948 765 3229 825 computus
3264 762 3349 811 est
3387 769 3420 811 a
3450 755 3561 811 i‘a-

1984 851 2111 906 scha
2138 862 2309 920 usque
2352 849 2420 904 ad
2451 847 2676 913 Pascha,
2726 847 2815 903 ubi
2847 847 3019 918 prima
3069 849 3198 903 luna
3243 850 3347 904 erit
3384 847 3438 904 in
3464 848 3575 905 Ja-r

1985 938 2175 994 nuario
2194 955 2338 995 anno
2366 939 2638 1009 praesenti.
2672 938 2746 994 lbi
2783 938 2976 995 iterum
3005 938 3060 994 in
3088 938 3348 1005 secundo,
3373 940 3426 995 in
3456 955 3567 997 eo-

1984 1033 2105 1086 dem
2133 1030 2252 1087 Ioco
2275 1028 2378 1086 erit
2405 1030 2529 1085 luna
2556 1030 2644 1088 il.
2672 1028 2985 1088 Communis
3014 1044 3184 1086 annus
3210 1031 3300 1102 qui
3331 1030 3400 1085 12
3419 1031 3545 1087 luna

1985 1123 2158 1178 tiones
2204 1122 2391 1179 habet.
2430 1120 2794 1179 Embolismus
2822 1121 2911 1193 qui
2944 1121 3006 1177 l3
3031 1122 3331 1179 lunationes
3370 1124 3557 1181 habet.

1985 1216 2517 1286 Decemnovennalis,
2566 1232 2632 1272 ex
2670 1217 2935 1289 corruptis
2976 1218 3305 1289 compositus
3333 1230 3436 1286 est,
3481 1236 3551 1276 ex

1984 1310 2052 1366 10
2079 1319 2132 1365 et
2156 1310 2212 1377 9,
2240 1318 2295 1366 et
2324 1309 2556 1365 annalis.
2591 1310 2865 1366 Bisaextus
2895 1311 2945 1364 in
2988 1323 3092 1365 uno
3112 1324 3299 1367 mense
3341 1309 3413 1366 20
3442 1327 3563 1368 mo-

1982 1415 2197 1469 menta;
2248 1407 2299 1457 in
2331 1404 2540 1458 duobus
2593 1403 2819 1469 horam;
2868 1405 2918 1457 in
2963 1418 3103 1458 anno
3143 1419 3235 1458 sex
3270 1404 3463 1471 horas;
3504 1414 3561 1461 et

1982 1496 2101 1551 ideo
2147 1495 2414 1549 bissextus
2458 1496 2673 1564 dicitur,
2706 1495 2828 1567 quia
2869 1496 2950 1552 bis
2995 1495 3220 1552 Kalend.
3270 1497 3425 1552 Mart.
3456 1497 3552 1552 bn-

1980 1587 2093 1643 bet.
2120 1587 2298 1643 Saltus
2323 1587 2523 1644 lunaris
2550 1591 2744 1644 crescit
2775 1574 3001 1665 singulis
3020 1590 3175 1645 annis
3198 1590 3383 1646 horam
3414 1601 3468 1647 et
3494 1592 3559 1647 10

1982 1689 2273 1745 momenta,
2329 1690 2381 1734 et
2411 1680 2690 1737 dimidium
2734 1680 3012 1747 momenti,
3059 1690 3114 1737 et
3140 1681 3208 1737 19
3234 1692 3439 1753 partem
3478 1683 3565 1738 di-

1984 1771 2130 1826 midii
2177 1772 2462 1828 momenti.
2507 1772 2589 1828 Ad
2620 1772 2992 1843 complendum
3026 1788 3153 1831 vero
3182 1774 3322 1831 luna:
3364 1776 3561 1831 saltum

298 1886 367 1927 xv
390 1869 622 1927 Kalend.
650 1870 801 1928 Maii.
851 1870 983 1925 Nam
1025 1870 1250 1941 incipies
1299 1872 1349 1924 in
1392 1883 1646 1938 magnum
1684 1869 1872 1924 deduci
1902 1869 1949 1926 ll
1980 1866 2254 1918 annuatim
2286 1865 2370 1933 (ut
2410 1863 2664 1934 diximus)
2718 1864 2849 1920 hora
2877 1875 2932 1921 et
2961 1874 3209 1935 punctus,
3254 1875 3309 1922 et
3351 1866 3560 1923 decima

294 1977 561 2020 errorem.
598 1960 1025 2019 Christianorum
1057 1977 1188 2018 vero
1219 1963 1415 2031 pascha
1455 1962 1523 2016 ab
1553 1978 1604 2016 ιιι
1647 1959 1872 2016 Kalend.

292 2052 464 2121 April.
496 2067 664 2123 usque
690 2044 742 2108 in
768 2067 845 2109 vtt
871 2050 1099 2111 Kalend.
1131 2051 1273 2119 Maii,
1299 2066 1615 2122 quocunque
1641 2051 1726 2106 die
1762 2050 1873 2105 Do-

298 2146 501 2225 minico
526 2147 998 2213 lunaoccatrrerit,
1035 2155 1277 2205 sanctum
1328 2148 1530 2204 Pascha
1572 2148 1747 2205 modis
1769 2162 1879 2202 om-

295 2240 453 2295 nibus
473 2238 795 2297 celebrabis.
828 2239 981 2309 Quod
1015 2248 1141 2298 ante
1166 2256 1219 2296 at
1241 2240 1464 2298 Kalend.
1501 2242 1671 2312 April.
1712 2243 1877 2298 etiam

294 2328 343 2385 si
374 2330 497 2384 luna
518 2330 839 2397 occurrerit,
871 2330 958 2387 vel
988 2340 1112 2402 post
1133 2346 1204 2389 vn
1236 2328 1459 2387 Kalend.
1500 2330 1647 2399 Maii,
1676 2330 1879 2387 Pascha

294 2421 602 2477 nullatenus
626 2421 949 2478 eelebrabis.

368 2513 565 2569 Tribus
605 2528 737 2587 ergo
778 2514 911 2571 locis
943 2514 1214 2571 bissextus
1265 2514 1655 2572 intereallatur.
1699 2515 1879 2572 Primo

293 2622 347 2661 vt
377 2604 499 2662 ldus
544 2606 835 2674 Februan;
860 2608 1107 2666 secundo
1126 2607 1219 2663 ubi
1249 2606 1684 2679 frequentissime
1722 2610 1877 2679 poni-

292 2705 385 2755 tur
413 2714 478 2755 vt-
497 2697 723 2757 Kalend.
755 2702 948 2769 llam;
979 2702 1137 2759 tertio
1165 2700 1344 2759 Nonas
1372 2699 1530 2758 Hart.

1020 2994 1571 3111 BEDE'

1981 1972 2119 2010 nona
2168 1971 2290 2025 pars
2310 1955 2481 2012 unius
2515 1957 2694 2026 puncti
2724 1958 3006 2013 accrescit.
3037 1956 3153 2013 Non
3184 1973 3313 2028 ergo
3358 1959 3557 2014 eisdem

1979 2046 2219 2105 articulis
2248 2059 2546 2119 temporum
2574 2048 2657 2106 vel
2680 2049 2803 2105 cceli
2833 2050 3137 2106 climatlbus
3162 2050 3303 2106 lunae
3324 2052 3564 2108 celebra-

1989 2154 2077 2198 tur
2132 2145 2403 2212 aceensio,
2464 2146 2559 2201 sed
2608 2161 2828 2216 semper
2862 2145 3138 2218 aliquanto
3192 2147 3370 2206 citius.
3404 2163 3563 2218 quam

1985 2238 2327 2306 praecedente
2364 2253 2571 2307 mense,
2622 2248 2680 2295 ut
2720 2241 2793 2297 sit
2824 2240 3069 2297 undenns
3115 2256 3259 2296 anno
3290 2241 3379 2308 19,
3409 2242 3561 2296 deci-

1989 2346 2107 2386 mus
2132 2331 2532 2389 transiliebatur
2575 2333 2713 2390 dies.
2755 2348 2849 2388 vut
2877 2333 3103 2389 Kalend.
3135 2332 3282 2402 Julii,
3315 2334 3573 2406 longissi—-

1989 2437 2107 2479 nius
2126 2416 2251 2479 dies
2280 2433 2333 2479 et
2378 2423 2690 2481 brevissima
2745 2441 2849 2481 nox
2882 2425 3045 2481 totius
3088 2427 3235 2491 anni,
3272 2427 3558 2482 solstitium

1986 2514 2222 2571 aestivale
2274 2516 2492 2573 iaciunt.
2544 2533 2634 2574 vut
2689 2517 2908 2577 Kalend.
2955 2520 3202 2587 Januar.,
3256 2520 3567 2591 longissima

1988 2626 2090 2664 nos
2131 2621 2183 2664 et
2215 2610 2563 2667 brevissimus
2610 2612 2723 2669 dies
2752 2612 2913 2669 totius
2941 2614 3094 2681 anni,
3127 2612 3415 2669 solstitium
3450 2612 3565 2670 hie-

1986 2700 2122 2756 male
2146 2701 2373 2757 faciatntr

1582 2867 3573 2894 MM

1619 2995 2791 3118 PRESBYTER!

814 3187 902 3244 BE
944 3188 1161 3246 MUNDI
1201 3180 1578 3246 C(ELESTIS
1618 3188 2200 3261 TERRESTRISQUE
2240 3193 2786 3255 CONSTITUTIONE
2822 3196 3045 3260 LIBER.

360 3343 585 3402 Euodus
612 3342 715 3401 iste
736 3342 1013 3399 sensibilis
1039 3351 1250 3399 constat
1277 3357 1340 3398 es
1368 3350 1609 3411 quatuor
1634 3342 1873 3400 elemen-
1905 3345 1952 3410 ο
1981 3341 2327 3401 εηΙςηίοιιοιη
2357 3347 2526 3418 magis
2565 3346 3055 3420 deprehenduntur.
3088 3353 3226 3414 Nihil
3266 3373 3397 3417 vero
3419 3361 3580 3419 dixi-
3660 3378 3663 3379 ν

286 3438 387 3507 eis,
417 3448 469 3493 et
509 3436 589 3493 eis
630 3436 777 3502 tntis,
820 3435 894 3490 ita
928 3435 1072 3504 quod
1118 3433 1262 3488 nulla
1309 3449 1432 3504 pars
1471 3434 1682 3489 illorum
1728 3442 1911 3491 estra

287 3529 554 3589 mundum
586 3528 952 3597 relinquatur;
997 3526 1223 3596 ideoque
1263 3525 1463 3580 mundo
1488 3524 1627 3580 nihil
1663 3526 1881 3580 aliunde

278 3620 534 3690 ﬁndit,
559 3620 698 3676 nihil
728 3618 796 3675 ab
822 3633 889 3674 eo
924 3616 1058 3673 alias
1087 3617 1310 3673 recedit.
1352 3616 1480 3671 Dico
1509 3626 1687 3671 autem
1717 3632 1876 3671 mun-

285 3712 417 3768 dum
444 3712 507 3768 ex
539 3712 618 3766 eis
658 3709 784 3765 totis
811 3717 1080 3774 constare,
1119 3708 1188 3763 ad
1218 3707 1573 3763 diﬂ'erentiam
1613 3710 1879 3763 humann-
1912 3738 1913 3741 η

289 3819 451 3868 rum,
491 3817 591 3859 seu
628 3801 853 3857 aliorum
907 3815 1220 3870 corporum,
1264 3816 1382 3871 quae
1436 3801 1561 3871 quia
1608 3815 1711 3857 non
1756 3800 1880 3857 totis

288 3902 546 3952 eonstant
582 3892 887 3963 elementis,
925 3890 1126 3963 aliquid
1165 3892 1275 3949 illis
1312 3893 1520 3947 accedit
1555 3901 1612 3949 et
1651 3894 1874 3948 recedit.

283 3985 551 4043 Similiter
592 3982 899 4051 arboribus,
943 3980 1122 4038 herbis
1166 3995 1355 4037 succus
1400 3980 1618 4053 quidam
1658 3996 1688 4035 α
1737 3990 1878 4037 terra

286 4074 557 4131 radicibus
600 4074 835 4143 additur,
883 4074 974 4145 qui
1014 4089 1113 4144 per
1158 4089 1344 4131 omnes
1393 4082 1571 4144 partes
1613 4072 1878 4145 dimisus,

286 4177 351 4223 et
390 4170 613 4223 naturali
644 4167 871 4237 quodam
912 4167 1092 4223 calore
1133 4166 1432 4232 induratus,
1478 4167 1668 4223 transit
1708 4172 1763 4222 in
1794 4182 1883 4222 τοι

1990 3448 2109 3485 inus
2140 3435 2396 3489 mundum
2443 3436 2843 3495 accidentaliter
2887 3434 3101 3514 propter
3126 3447 3413 3515 perfectam
3442 3451 3561 3524 ejus

1983 3526 2455 3593 compositionem,
2488 3528 2580 3584 sed
2610 3532 2839 3599 partium
2870 3532 2986 3603 ejus
3016 3542 3369 3608 recontestio,
3398 3545 3570 3600 totius

1985 3626 2039 3671 et
2069 3617 2468 3689 redintegratio,
2510 3622 2806 3678 secundum
2848 3626 3091 3683 diversos
3129 3639 3396 3688 auctores.
3428 3635 3559 3690 Nam

1982 3708 2118 3776 ignis
2162 3711 2424 3779 spissatus
2473 3714 2670 3768 transit
2716 3713 2769 3770 in
2811 3732 3013 3786 aerem,
3058 3734 3154 3776 aer
3206 3723 3468 3793 spissatus
3512 3726 3570 3782 in

1982 3814 2198 3870 aquam,
2232 3815 2370 3872 aqua
2401 3802 2658 3860 densatur
2684 3806 2737 3862 in
2771 3814 2990 3864 terram.
3022 3810 3224 3868 Rursus
3255 3830 3349 3886 per
3372 3832 3562 3874 recon-

1984 3892 2295 3947 tractionein
2326 3901 2468 3949 terra
2492 3895 2711 3952 diluitur
2740 3899 2794 3954 in
2816 3913 3040 3970 aquam,
3070 3918 3205 3974 aqua
3237 3916 3485 3967 tenuatur
3509 3913 3567 3967 in

1983 3993 2163 4071 aerem
2182 4021 2197 4047 ,
2230 3996 2323 4036 aer
2353 3984 2544 4039 transit
2573 3984 2625 4040 in
2656 3986 2856 4058 ignem.
2890 3990 3163 4049 Eletnenta
3194 4004 3404 4066 autem,
3435 4002 3565 4071 qui-

1986 4069 2085 4125 lius
2114 4072 2344 4129 mundus
2369 4083 2620 4145 constat,
2652 4077 2881 4149 quilibet
2903 4080 3007 4137 sibi
3047 4081 3226 4141 locum
3253 4089 3428 4157 capit,
3455 4069 3563 4147 vse-

1982 4164 2213 4219 cundum
2245 4166 2326 4220 sui
2357 4174 2601 4224 naturam
2622 4210 2637 4236 ,
2667 4171 2805 4241 ignis
2843 4171 2929 4228 sui
2970 4172 3187 4231 levitate
3213 4193 3522 4249 supremum
3542 4228 3569 4253 ,

287 4264 413 4316 bur.
454 4262 582 4314 Cum
630 4270 808 4316 autem
834 4258 1044 4314 accedit
1082 4258 1283 4330 aliquid
1310 4259 1391 4313 vel
1422 4273 1508 4323 re,
1556 4257 1626 4312 ab
1666 4257 1882 4312 homine
1987 4262 2129 4311 terra
2158 4256 2422 4327 gravitate
2450 4259 2692 4316 intimum
2715 4302 2731 4329 ,
2770 4261 2897 4320 huic
2935 4278 3071 4336 aqua
3096 4266 3565 4344 circumfunditur,

285 4354 342 4408 si
383 4354 484 4407 hoc
512 4352 700 4406 ordine
734 4351 1114 4421 proportiOnali
1146 4349 1270 4417 liat,
1314 4349 1518 4419 integer
1559 4348 1721 4405 homo
1760 4362 1910 4405 nia--
1985 4347 2068 4402 his
2105 4347 2314 4405 duobus
2342 4365 2455 4406 aer.
2496 4351 2669 4422 Supra
2709 4352 3101 4413 ﬁrmamentum
3144 4369 3322 4417 autem
3369 4379 3570 4423 secun-

288 4451 421 4509 aaet;
452 4444 535 4497 sin
560 4441 737 4509 aliter,
769 4439 1148 4519 corrumpitur.

1988 4438 2113 4493 dum
2145 4440 2353 4496 divinos
2390 4451 2515 4498 sunt
2554 4446 2964 4514 supercmlestes
3000 4464 3188 4520 aqum,
3242 4465 3403 4525 supra
3434 4474 3572 4525 quas

951 4530 1231 4587 "umores.
1914 4524 2111 4587 Dsunt
2158 4533 2463 4602 spirituales
2505 4536 2650 4601 cmli,
2702 4537 2754 4591 in
2799 4524 3568 4614 quibusvangelicteivirtutes

365 4619 500 4677 Sunt
538 4622 678 4678 enim
720 4631 949 4692 quatuor
990 4622 1241 4677 humores
1273 4621 1324 4677 in
1356 4622 1602 4687 homine,
1633 4621 1721 4693 qui
1751 4620 1874 4676 imi-
1979 4624 2340 4680 continentur.
2374 4624 2538 4680 Terra
2569 4642 2698 4682 vero
2730 4645 2833 4683 una
2865 4630 2936 4686 ita
2965 4647 3026 4688 se
3062 4634 3299 4691 mediam
3331 4637 3572 4709 locavit,

288 4726 471 4773 tantur
490 4716 700 4772 diversa
728 4709 1012 4784 elementa,
1043 4726 1294 4771 crescunt
1314 4716 1373 4770 in
1395 4714 1620 4771 diversis
1664 4717 1876 4783 tempo-

288 4811 465 4873 ribus,
497 4816 722 4878 reguant
750 4807 799 4861 in
829 4807 1056 4861 diversis
1083 4807 1348 4861 aetatibus.
1390 4804 1614 4875 Sanguis
1644 4805 1874 4860 imitatur

288 4909 507 4964 aerem,
550 4896 745 4953 crescit
784 4898 835 4953 in
866 4910 1014 4961 vere,
1051 4899 1238 4967 regnat
1275 4894 1329 4951 in
1372 4896 1619 4965 pueritia.
1649 4893 1876 4950 Cholere

291 4988 535 5053 imitatur
570 4990 789 5060 ignem,
818 4989 1013 5046 crescit
1050 4990 1101 5045 in
1142 4999 1356 5055 aestate,
1390 4999 1571 5059 regnat
1611 4990 1662 5044 in
1692 4991 1876 5046 adole-

288 5086 523 5145 scentis.
552 5075 900 5143 Melanchth
935 5087 1170 5142 imitatur
1201 5096 1397 5139 terram
1418 5126 1431 5149 ,
1477 5084 1665 5139 crescit
1695 5084 1746 5139 in
1777 5101 1874 5139 au-

291 5190 530 5245 tumno,
593 5186 783 5249 regnat
832 5172 899 5234 in=
941 5178 1267 5234 maturitate.
1339 5176 1589 5245 l‘hlegma
1644 5177 1879 5255 imitatur

291 5289 521 5344 aquam,
558 5274 752 5330 crescit
795 5273 849 5328 iu
899 5272 1097 5341 hieme,
1140 5281 1328 5342 regnat
1369 5270 1422 5326 in
1470 5278 1761 5325 senectute.
1808 5267 1877 5324 Hi

290 5378 574 5422 cum'nec
625 5367 742 5434 plus
798 5378 897 5421 nec
944 5364 1121 5420 minus
1168 5369 1312 5432 justo
1361 5362 1685 5428 exuberant,
1740 5365 1879 5433 viget

292 5460 485 5515 horno.
524 5456 677 5525 Quod
706 5467 883 5512 autem
919 5457 1116 5523 aliquid
1150 5455 1351 5512 homini
1388 5455 1596 5511 accedit
1634 5463 1688 5509 et
1727 5471 1877 5509 rece-

292 5548 400 5617 dit,
427 5543 545 5607 haec
573 5551 840 5608 naturalia
865 5550 1149 5620 perhibent
1175 5550 1525 5606 instrumenta
1554 5547 1878 5609 ittﬂuxioniS,

294 5644 528 5710 scilicet,
559 5658 623 5700 es
646 5653 703 5701 et
730 5643 1007 5701 inferiora.
1040 5642 1177 5699 Sunt
1204 5652 1460 5713 praeterea
1490 5630 1699 5696 subtilia
1731 5654 1879 5708 qua:—

293 5737 425 5793 darn
450 5730 739 5803 foramina,
772 5749 893 5808 quas
920 5748 1082 5805 peros
1113 5748 1393 5801 vocamus,
1425 5746 1519 5803 per
1545 5745 1664 5802 quin
1692 5740 1882 5785 ventus

292 5830 615 5888 strbintrans
650 5816 937 5909 turgidam.
958 5827 1133 5885 reddit
1172 5823 1359 5885 faciem
1383 5870 1409 5897 τ
1429 5826 1517 5898 qui
1542 5840 1642 5896 per
1668 5823 1881 5881 sudoris

1981 4725 2037 4769 ut
2078 4716 2356 4783 aequaliter
2402 4718 2636 4787 undique
2679 4735 2708 4774 a
2760 4721 3095 4779 ﬁrmamento
3133 4726 3322 4795 distet,
3367 4741 3564 4801 printer

1977 4808 2278 4861 exsttntias
2310 4812 2569 4865 tnoinium
2600 4818 2655 4867 et
2682 4814 3040 4871 subsidentias
3062 4820 3275 4875 vallium
3295 4863 3310 4889 ,
3342 4825 3565 4880 transit-

1979 4915 2081 4969 que
2120 4917 2216 4971 per
2246 4904 2597 4959 tueditullium
2640 4905 2757 4976 ejus
2794 4908 3170 4967 intellectualis
3199 4913 3337 4970 linea
3368 4915 3436 4971 de
3471 4932 3562 4971 ar~

1978 4994 2114 5049 ctico
2140 4996 2260 5064 polo
2282 4995 2347 5050 ad
2375 4999 2744 5066 antarcticum,
2771 5016 2886 5072 quae
2912 5014 2968 5057 et
2989 5006 3129 5060 aeris
3152 5006 3568 5066 circumlusione

1978 5084 2055 5142 ita
2085 5086 2296 5157 ligatur,
2327 5096 2383 5143 ut
2413 5105 2667 5162 nusquam
2699 5091 3028 5149 dellrctatur.

2574 5180 2769 5239 Forma
2796 5192 2965 5242 terra.

2052 5268 2206 5326 Nunc
2232 5269 2298 5327 de
2326 5272 2681 5330 lormaxterra:
2710 5274 3059 5345 disseramus,
3088 5295 3248 5348 quam
3277 5283 3570 5356 Anaxago-

1983 5376 2070 5417 ras
2100 5363 2385 5418 rotundam
2428 5376 2482 5421 et
2506 5366 2723 5437 planam
2767 5369 2819 5421 in
2860 5370 3075 5426 modum
3111 5374 3297 5429 ancilis
3328 5376 3557 5434 volebat.

1982 5456 2089 5511 Alii
2121 5459 2414 5513 exstantia-5
2442 5469 2810 5515 eatremarum
2840 5461 3157 5530 partium,et
3183 5468 3438 5534 gremium
3468 5484 3569 5525 ca-

1984 5562 2269 5602 vernosutn
2298 5548 2349 5602 in
2383 5548 2600 5605 modum
2631 5550 2889 5614 scutellaa,
2924 5552 3009 5607 ubi
3040 5554 3293 5625 quidquid
3318 5557 3560 5625 caderet,

1987 5640 2055 5694 ibi
2086 5655 2215 5695 vero
2258 5641 2422 5712 recipi
2463 5640 2729 5697 volebant.
2768 5640 2873 5697 Sed
2916 5644 3205 5699 secundum
3252 5648 3348 5701 hos
3390 5651 3560 5704 multa

1985 5744 2335 5803 sequerentur
2363 5732 2786 5788 inconvenientia
2806 5773 2824 5801 ,
2856 5750 2985 5790 nam.
3008 5736 3400 5795 vicissitudines
3426 5741 3565 5797 solis

1987 5836 2040 5880 et
2068 5824 2205 5881 luere
2238 5833 2364 5883 tuac
2389 5824 2636 5883 omnibus
2665 5826 2939 5898 (equaliter
2964 5834 3311 5894 apparerent.
3336 5838 3392 5888 et
3419 5845 3565 5887 sent-
