4098 6208
567 377 673 431 885

1035 375 1233 431 RBDA-3
1279 375 1729 431 VENBRABIUS
1769 371 1918 430 OPP.
1963 371 2139 428 PARS
2173 372 2210 426 Ι.
2245 372 2438 430 SECT.
2480 373 2540 428 ll.
2581 401 2650 412 —
2679 370 2880 430 DUBIA
2923 371 3010 428 ΕΤ
3049 362 3298 430 SPUHIA

3714 373 3812 432 ΒΜ

567 507 664 560 per
694 489 950 546 haberent
978 491 1377 557 a'qiiinoctium,
1401 489 1522 560 quia
1554 502 1743 544 omnes
1772 486 2154 541 dimidietatem
2186 490 2234 546 Α
2266 484 2322 540 In
2365 482 2696 539 Rhodiorum
2727 484 2943 539 climate
2978 484 3206 554 singulis
3233 482 3303 539 de
3340 497 3434 538 sex
3470 483 3664 554 integra
3699 487 3815 544 bon

571 582 812 638 oxrniiorn
848 582 1223 652 parallelorum
1257 582 1538 648 viderent,
1581 581 1765 649 sicque
1806 593 1904 632 nec
1943 587 2148 644 noctes,

567 691 668 732 nec
721 676 836 730 dies
891 675 1359 741 ahbreviaremur,
1412 675 1766 744 omnibusque
1813 682 1955 727 esset
2013 670 2153 725 idem

566 764 780 828 Oriens,
833 764 972 817 idem
1018 761 1281 817 Occidens
1323 770 1379 815 et
1425 759 1692 815 Meridies.
1746 759 1930 814 liestat
1973 765 2153 812 autem

571 866 772 908 terram
808 852 1099 908 rotundam
1146 853 1274 919 dici,
1323 859 1378 908 et
1420 852 1491 906 ob
1530 841 1788 907 declivem
1839 852 2156 921 positionem

569 943 847 999 hOminnm
880 943 1105 1000 diversis
1152 944 1326 997 modis
1364 943 1488 998 cmli
1529 953 1710 1013 partes
1759 941 1984 1007 intueri;
2035 954 2155 994 nam

570 1037 765 1092 declivi
797 1052 920 1093 vere
947 1036 1306 1092 abscondunt.
1342 1036 1596 1090 lliemalis
1631 1036 1819 1104 trepici
1853 1051 2010 1090 unam
2045 1049 2160 1103 par-

569 1140 679 1183 tem
711 1128 980 1195 videmus,
1013 1138 1066 1184 et
1099 1138 1208 1184 tres
1238 1129 1424 1196 latent,
1457 1130 1726 1184 mstivales
1759 1138 1866 1184 tres
1891 1129 2153 1194 videmus,

569 1231 624 1277 et
653 1236 755 1276 una
788 1223 949 1288 latet;
995 1231 1049 1276 et
1087 1221 1300 1291 quando
1331 1223 1410 1276 sol
1445 1225 1496 1276 in
1531 1221 1634 1277 illis
1666 1231 1780 1288 est,
1828 1236 1922 1292 per
1953 1232 2156 1276 tantum

565 1316 802 1385 spatium
850 1330 972 1369 eum
1021 1313 1264 1369 videmus
1306 1324 1560 1383 quantum
1603 1317 1837 1384 ipsorum
1887 1314 2157 1385 cyclorum

575 1409 730 1463 nobis
771 1417 1014 1479 apparet.
1065 1408 1337 1464 liabemns
1363 1423 1578 1478 quoque
1607 1411 1851 1464 diversos
1890 1423 2064 1475 ortus,
2107 1418 2162 1463 ct

569 1515 796 1556 occasus
836 1511 890 1555 et
932 1501 1185 1556 meridies
1229 1501 1522 1555 secundum
1568 1501 1889 1555 ﬁrmamenti
1935 1502 2160 1555 velutio-

573 1607 696 1648 nem
720 1635 735 1658 ,
771 1603 825 1648 et
852 1605 1008 1648 teme
1039 1593 1432 1663 globositatem.
1471 1594 1602 1649 Nam
1633 1611 1755 1648 cmn
1795 1605 1878 1650 est
1911 1595 2162 1649 meridies

579 1684 967 1752 Orientalibus,
999 1695 1150 1740 ortus
1179 1695 1262 1740 εει
1301 1684 1771 1750 Meridionalihus;
1816 1695 1870 1741 et
1908 1701 2029 1741 cum
2069 1701 2160 1740 oc-

572 1793 731 1834 casus
759 1777 1138 1846 Orientalibus,
1169 1787 1320 1835 ortus
1346 1790 1429 1835 est
1457 1781 1904 1837 Occidentalibus.

1278 1869 1458 1927 Ζοηιε.

653 1965 817 2020 Terra
849 1979 1061 2036 quoque
1091 1980 1187 2036 per
1213 1981 1376 2021 zonas
1405 1975 1489 2022 est
1517 1966 1708 2033 divisa,
1737 1979 1960 2036 quarum
1987 1963 2163 2022 media

580 2069 794 2127 perusta
833 2069 915 2114 est
941 2059 1071 2114 solis
1097 2060 1427 2130 frequentia,
1456 2070 1507 2115 et
1538 2060 1763 2115 aliorum
1797 2060 2160 2130 planetarum,

575 2153 872 2207 secundum
923 2151 1023 2208 hos
1065 2151 1157 2223 qui
1203 2153 1365 2208 etiam
1408 2152 1514 2208 illis
1561 2154 1794 2208 calorem
1844 2151 2162 2219 attribuunt,

577 2243 700 2298 dnze
727 2251 989 2298 extrema;
1020 2244 1136 2298 sine
1165 2243 1362 2299 caloris
1389 2243 1684 2309 beneficio,
1715 2245 1834 2299 alia:
1863 2245 2010 2312 duae,
2040 2245 2165 2300 hinc

576 2338 792 2401 calore,
823 2337 947 2391 hinc
973 2336 1171 2407 frigore
1200 2346 1584 2414 temperantur.
1628 2336 1687 2391 Si
1719 2335 2016 2392 latitudinis
2044 2352 2162 2391 ma-

575 2429 908 2500 gnitudinem
953 2428 1285 2503 perpendere
1324 2428 1583 2497 volueris,
1619 2428 1854 2498 intellige
1879 2444 1908 2482 a
1937 2430 2165 2498 Septen-

582 2521 759 2574 trione
786 2518 1047 2574 circulum
1073 2519 1316 2587 protendi
1344 2517 1394 2572 in
1421 2519 1675 2573 Austrum
1707 2529 1811 2573 tam
1841 2510 1894 2574 in
1923 2518 2162 2574 inferiori

575 2613 959 2684 hemiSphazrio
1015 2626 1174 2682 quam
1223 2612 1274 2666 in
1318 2613 1600 2680 superiori.
1650 2611 1801 2668 llunc
1846 2621 2026 2667 autem
2071 2626 2166 2680 per

578 2721 881 2777 scxagenas
928 2704 1107 2760 divide
1156 2713 1212 2761 et
1259 2704 1496 2760 attribue
1545 2704 1729 2761 vicina:
1777 2705 1983 2776 frigidm
2031 2720 2161 2770 sex,

579 2807 893 2868 temperata:
935 2798 1194 2869 quinque.
1226 2808 1462 2869 perusta:
1491 2811 1634 2863 octo.
1681 2809 1990 2869 temperata;
2029 2799 2164 2853 ulte-

577 2889 709 2948 riori
737 2892 1007 2962 quinque,
1039 2889 1246 2961 frigidm
1273 2904 1389 2944 sex.
1426 2888 1565 2944 Ecce
1593 2904 1653 2944 ea
1687 2889 2029 2957 proportione
2058 2904 2161 2957 qua

579 3001 642 3040 se
669 2985 876 3039 numeri
918 2982 1005 3038 isti
1049 2982 1247 3037 habent
1275 2982 1601 3048 adinvicem,
1634 2981 1819 3037 eadem
1863 2996 2074 3052 quoque
2103 2996 2164 3038 se

577 3076 779 3134 habent
807 3088 1062 3130 zonarum
1094 3073 1477 3129 dimensiones.
1772 3067 1775 3069 ’

1256 3163 1497 3220 Climala.

2263 579 2558 645 accrescit,
2605 585 2662 633 et
2706 577 2758 631 in
2807 577 3030 647 singulis
3066 578 3188 634 aliis
3224 577 3428 648 integra
3465 578 3730 636 decrescit.
3766 582 3820 637 le

2259 663 2611 723 Bo’restenico
2633 666 2860 737 singulis
2883 667 2954 723 de
2981 680 3076 722 sex
3102 667 3226 722 dna:
3253 666 3430 733 hora,
3459 676 3513 722 et
3537 668 3588 723 in
3613 667 3724 724 aliis
3746 681 3825 723 to-

2265 760 2426 814 tidem
2455 759 2739 815 decrescit.
2782 761 2909 816 llatc
2944 771 3126 814 autem
3155 757 3348 815 divisio
3383 760 3650 816 climatum
3688 762 3819 817 facta

2259 860 2344 905 est
2384 852 2685 906 secundum
2715 852 3091 921 computistas,
3129 851 3222 907 sed
3262 852 3419 906 aliter
3453 851 3610 907 etiam
3645 868 3825 908 secun-

2258 943 2392 996 dum
2434 941 2808 1013 philosophos,
2849 942 2940 1011 qui
2979 951 3225 998 naturam
3265 943 3434 1013 ipsam
3473 943 3824 1013 perpendam,

2261 1045 2317 1088 ut
2364 1036 2416 1089 in
2463 1035 2679 1092 climate
2726 1035 3059 1092 Rhodiorum
3080 1025 3422 1108 compertum
3467 1048 3573 1092 est.
3621 1037 3744 1093 Nam
3779 1040 3831 1094 in

2261 1128 2435 1198 primo
2463 1143 2558 1184 sex
2591 1131 2858 1185 mensium
2888 1128 3206 1186 duodecima
3237 1144 3362 1198 pars
3390 1129 3628 1198 accedit,
3655 1128 3704 1185 id
3733 1140 3826 1197 est,

2259 1222 2481 1278 dimidia
2534 1223 2701 1289 hora;
2767 1223 2819 1278 in
2872 1225 3146 1290 secundo,
3191 1222 3516 1289 undecima;
3569 1223 3621 1278 in
3667 1224 3828 1291 tertio,

2261 1326 2452 1386 quarta
2507 1327 2564 1372 et
2613 1317 2869 1383 dimidia;
2919 1319 2974 1373 in
3022 1325 3233 1388 quarto,
3279 1325 3503 1388 quarta;
3547 1315 3600 1372 in
3644 1315 3831 1388 quinto,

2261 1420 2408 1465 sexta
2433 1425 2450 1476 ;
2481 1409 2535 1464 in
2564 1418 2738 1477 sexto,
2771 1409 3113 1465 duodecima.

2905 1500 3260 1558 Terrwmotus.

2334 1593 2501 1650 Terra
2545 1609 2762 1666 quoque
2805 1603 3072 1663 movetur,
3116 1595 3255 1663 quod
3297 1602 3660 1650 terrzemotum
3688 1609 3832 1650 voca-

2263 1702 2412 1752 mus;
2445 1689 2589 1743 unde
2615 1688 2810 1742 dantur
2837 1685 3182 1758 conjecturae.
3210 1687 3376 1743 Terra
3403 1687 3470 1742 ad
3502 1687 3836 1742 imitationem

2270 1780 2589 1834 arteriarum
2642 1795 2738 1849 per
2765 1795 2899 1850 quas
2944 1781 3165 1851 spiritus
3211 1779 3468 1836 discurrit
3513 1782 3567 1835 in
3617 1780 3836 1848 heroine,

2195 1859 2240 1918 Β
2271 1867 2435 1925 habet
2457 1884 2737 1938 cavernas,
2769 1871 3030 1926 foramina
3059 1880 3114 1927 et
3142 1881 3411 1939 traconcs,
3442 1885 3540 1943 per
3566 1886 3684 1944 qua:
3710 1871 3841 1928 venti

2265 1971 2319 2015 et
2367 1960 2589 2018 (lumina
2631 1962 2960 2018 discurrunt.
3009 1961 3143 2020 Nam
3190 1963 3414 2019 ﬂumina
3458 1978 3612 2019 mare
3660 1963 3841 2019 intrant

2267 2055 2471 2120 omnia,
2502 2068 2602 2108 nec
2631 2063 2810 2109 tamen
2839 2053 3128 2123 redundat,
3155 2055 3278 2126 quia
3301 2054 3369 2110 ad
3398 2069 3530 2110 suos
3557 2054 3734 2110 alveos
3759 2067 3846 2124 per

2271 2149 2518 2198 tracones
2570 2143 2819 2200 redeunt.
2871 2143 2928 2199 In
2975 2159 3238 2200 cavernas
3287 2153 3343 2201 et
3384 2145 3651 2202 foramina
3696 2147 3842 2200 etiam

2266 2234 2488 2304 quidam
2526 2235 2670 2290 venti
2707 2234 2946 2302 intrant,
2987 2235 3129 2293 unde
3164 2237 3294 2292 dum
3329 2248 3645 2308 quaeruntur
3681 2253 3843 2294 erum-

2268 2340 2430 2397 pere,
2464 2333 2614 2382 tanto
2641 2335 2805 2383 ruunt
2832 2326 3067 2398 impetu,
3110 2339 3171 2385 ut
3199 2340 3360 2386 terra
3397 2342 3582 2402 partes
3609 2331 3712 2388 illis
3739 2332 3844 2386 fini.

2269 2421 2412 2476 limae
2444 2421 2568 2478 inde
2595 2431 3051 2478 commoveantur.
3097 2423 3201 2480 Alii
3241 2424 3427 2481 dicunt
3454 2425 3600 2496 quod
3626 2435 3758 2483 terra
3784 2424 3843 2482 sit

2266 2525 2498 2570 concava
2530 2515 2583 2569 in
2615 2515 2831 2571 modum
2860 2514 3129 2585 fornacis,
3160 2517 3243 2573 vel
3273 2517 3502 2574 duorum
3538 2519 3843 2586 hemispha-

2266 2608 2490 2673 riorum,
2514 2622 2634 2676 quae
2654 2623 2775 2664 cum
2799 2608 3087 2680 aliquando
3108 2611 3277 2668 moles
3299 2613 3564 2668 montium
3585 2619 3840 2676 corruant,

2269 2697 2392 2753 inde
2433 2708 2730 2754 moveatur.
2773 2700 2876 2754 Alii
2917 2698 3098 2756 dicunt
3136 2716 3297 2772 supra
3338 2702 3594 2775 abyssum
3636 2703 3845 2759 locatam

2267 2798 2502 2856 terram;
2534 2798 2589 2844 et
2616 2798 2759 2845 mota
2786 2790 3042 2862 ahyssus,
3073 2803 3371 2850 moveatur.
3414 2794 3520 2850 Alii
3551 2795 3730 2852 dicunt
3754 2795 3845 2851 Le-

2268 2885 2482 2940 viathan
2522 2885 2723 2942 animal
2765 2896 2965 2943 terram
2993 2887 3310 2959 complecti,
3352 2899 3609 2963 tenetque
3636 2889 3842 2948 caudam

2268 2990 2418 3031 more
2446 2990 2565 3044 suo,
2596 2977 2688 3047 qui
2727 2977 3013 3049 aliquando
3050 2980 3165 3035 sole
3193 2991 3442 3050 exustus,
3484 2983 3673 3039 nititur
3707 2983 3844 3039 illum

2267 3069 2744 3139 comprehendcre,
2774 3074 2959 3141 sicque
3000 3073 3383 3144 indignationis
3427 3076 3551 3148 ejus
3576 3087 3718 3134 motu
3750 3090 3846 3136 εει-ι

2270 3173 2383 3212 ram
2425 3174 2637 3228 quoque
2675 3162 2904 3217 moveri.
2948 3162 3134 3220 llaurit
3173 3181 3386 3237 quoque
3427 3169 3714 3238 aliquando
3756 3170 3847 3224 im-

649 3260 937 3313 Scrcnuum
967 3255 1106 3327 quod
1138 3255 1226 3325 qui
1258 3256 1312 3310 in
1346 3255 1521 3311 medio
1550 3264 1778 3324 perustze
1804 3263 1970 3323 esset,
2001 3255 2159 3311 talem
2188 3235 2236 3299 α
2268 3250 2576 3306 mensitates
2607 3250 2862 3307 ﬂuctuum
2883 3297 2898 3322 ,
2933 3263 2989 3309 ut
3026 3235 3396 3313 etiamomnia
3427 3235 3599 3316 maria
3630 3264 3848 3319 sentiant

579 3351 808 3407 haberet
840 3347 1243 3421 dispositionem
1265 3389 1282 3416 ,
1313 3348 1453 3418 quod
1484 3362 1698 3417 semper
1741 3349 1960 3403 haberet
1986 3348 2164 3418 :cqui-

583 3446 854 3510 noctium;
899 3456 1092 3499 omnes
1119 3443 1263 3498 enim
1310 3441 1593 3511 parallelos
1638 3441 1848 3496 videres
1887 3439 2162 3506 dimidios,

577 3546 640 3592 et
666 3537 718 3591 in
751 3537 855 3591 line
884 3536 968 3590 sui
998 3533 1291 3589 liorizontis
1317 3541 1571 3604 utrosque
1602 3533 1771 3603 polos.
1814 3533 1921 3590 Sed
1963 3543 2165 3604 quanto

578 3627 752 3698 magis
781 3625 1142 3696 Septentrioni
1173 3623 1477 3690 accederet,
1509 3632 1660 3679 tanto
1688 3625 1856 3694 magis
1884 3625 1956 3680 illi
1988 3635 2165 3696 partes

577 3718 698 3789 ejus
734 3720 1097 3784 elcvarentur,
1141 3725 1194 3773 et
1237 3715 1419 3770 Austri
1465 3716 1916 3785 deprimerentur,
1962 3726 2019 3771 et
2062 3717 2164 3772 hoc

579 3808 876 3863 secundum
925 3809 1135 3862 diversa
1184 3806 1434 3872 climata,
1493 3806 1545 3860 id
1599 3816 1715 3874 est,
1768 3807 2162 3864 inclinationes.

581 3903 716 3957 Sunt
759 3903 903 3956 enim
948 3912 1092 3967 octo,
1138 3899 1428 3955 secundum
1475 3900 1606 3955 alios
1646 3909 1885 3969 septem;
1936 3901 2028 3956 sed
2073 3902 2164 3971 qui

580 4008 702 4052 octo
732 3997 1019 4059 volebant,
1060 3991 1304 4063 quaedam
1335 4001 1441 4046 tam
1477 3989 1706 4063 perustae
1747 4009 1904 4063 quam
1946 3991 2162 4062 frigida-

584 4106 704 4146 rum
733 4088 1068 4144 asserebant.
1100 4085 1455 4157 Frequentior
1486 4097 1663 4142 autem
1704 4101 1831 4142 usus
1868 4098 1993 4143 octo
2023 4086 2171 4142 vole-

583 4185 712 4248 bat,
742 4181 843 4234 tria
873 4192 1000 4233 vero
1026 4185 1155 4232 sunt
1184 4177 1341 4248 hujus
1371 4179 1706 4233 habitabiles.
1757 4177 1991 4232 Primum
2021 4178 2164 4247 quod

579 4283 667 4329 est
693 4273 835 4329 inter
860 4270 1076 4327 Meroen
1100 4280 1158 4327 et
1184 4270 1440 4343 Syenem,
1470 4273 1522 4326 in
1553 4286 1659 4341 quo
1682 4272 1798 4328 dies
1825 4271 2164 4342 longissimus

584 4375 674 4422 est
724 4365 979 4420 tredecim
1026 4365 1307 4428 horarum,
1359 4359 1704 4421 brevissimus
1748 4365 2026 4432 undecim,
2081 4364 2166 4418 ubi

583 4460 705 4514 duce
737 4461 881 4512 horas
911 4457 1108 4512 faciunt
1146 4456 1522 4512 dilferentiam.
1556 4457 1682 4515 inde
1708 4459 1869 4514 etiam
1898 4458 2051 4514 clima
2083 4474 2169 4513 ra-

584 4553 820 4618 diorum,
847 4551 938 4608 ubi
967 4551 1083 4607 dies
1108 4551 1418 4622 longissima
1448 4561 1532 4607 est
1556 4553 1860 4623 quindecim
1890 4553 2162 4617 horarum,

589 4645 906 4702 brevissima
951 4655 1116 4712 octo;
1162 4645 1233 4701 ibi
1264 4645 1618 4704 diii‘erentiam
1649 4662 1741 4702 ses
1771 4648 1917 4702 horae
1945 4647 2166 4705 faciunt.

589 4738 842 4794 Ultimum
886 4738 1043 4793 clima
1090 4746 1290 4792 nostra
1319 4736 1662 4792 habitationis
1700 4737 1894 4792 dicitur
1919 4737 2169 4795 Boresto-

585 4833 788 4896 nicum,
816 4844 845 4883 a
878 4829 1166 4884 Borestene
1207 4828 1346 4894 lacu,
1378 4839 1586 4896 monte,
1613 4829 1829 4886 civitate
1877 4832 2165 4900 Armeniae,

587 4928 718 4992 ubi,
755 4923 1048 4980 secundum
1103 4922 1298 4977 Bcdam
1343 4923 1410 4978 de
1455 4922 1825 4996 Temporibus,
1875 4927 2167 4997 longissimi

584 5019 704 5074 dies
729 5022 856 5072 sunt
883 5014 1178 5072 octodecim
1211 5013 1487 5081 horarum,
1517 5017 1605 5070 uhi
1637 5032 1766 5081 ses;
1814 5019 1884 5074 ibi
1915 5018 2170 5075 differen-

585 5111 717 5166 tiam
746 5115 952 5179 septem
983 5105 1129 5161 hora:
1160 5105 1376 5162 faciunt.
1409 5108 1465 5162 Si
1503 5109 1659 5164 aliter
1683 5109 1752 5163 ab
1779 5111 2062 5181 astrologis
2091 5111 2172 5167 di-

589 5203 764 5266 citur,
812 5198 992 5256 forsan
1042 5199 1197 5256 aliter
1241 5214 1452 5269 quoque
1499 5201 1708 5255 climata
1757 5201 2064 5271 disponunt.
2109 5203 2168 5259 Si

594 5304 723 5345 vero
767 5288 961 5360 aliquis
1005 5298 1210 5343 tantum
1258 5290 1603 5359 prmederet,
1645 5291 1733 5360 qui
1788 5293 1967 5361 polum
2010 5307 2170 5360 supra

587 5379 844 5436 verticem
887 5378 1144 5444 haberet,
1194 5379 1282 5434 ille
1326 5379 1604 5435 dimidium
1647 5387 1850 5435 tantum
1895 5381 2168 5438 zodiacum

591 5473 820 5538 videret,
851 5480 905 5525 et
934 5479 1105 5524 totum
1137 5471 1509 5540 :equinoctiale
1541 5472 1869 5538 parallelnm,
1905 5474 2047 5528 unde
2079 5475 2173 5529 lia-

594 5572 681 5621 lzet
712 5578 761 5622 et
795 5580 886 5637 per
917 5560 1197 5618 dimidium
1229 5579 1427 5619 annum
1459 5565 1597 5620 diem
1629 5567 1964 5633 continuum,
1997 5580 2045 5624 et
2077 5585 2173 5638 pcr

591 5656 871 5712 (liniidium
928 5662 1137 5709 noctem
1197 5654 1527 5711 continuam.
1581 5653 1880 5712 Videndum
1939 5661 2172 5731 quidgin

595 5747 765 5822 primo
804 5746 1017 5802 climate
1055 5745 1278 5816 singulis
1321 5747 1595 5804 mensibus
1626 5748 1695 5805 de
1743 5764 1836 5804 sex
1880 5752 2042 5808 triens
2083 5769 2173 5812 ac-

592 5841 823 5902 crescit.
864 5851 916 5895 et
956 5839 1007 5896 in
1038 5837 1154 5894 aliis
1191 5852 1284 5896 sex
1329 5839 1602 5896 mensibus
1642 5850 1843 5898 tantum
1886 5844 2170 5905 dccresc’ti

2271 3343 2326 3397 in
2357 3341 2634 3399 reddendo
2664 3343 3086 3412 inundationem,
3109 3358 3161 3403 et
3189 3349 3312 3405 inde
3338 3361 3494 3406 terra:
3521 3364 3845 3408 moveamur.

2342 3435 2469 3491 Post
2494 3437 2796 3508 singulares
2825 3446 2980 3494 terra
3011 3442 3364 3509 proprietates
3391 3443 3458 3499 de
3480 3446 3849 3501 communibus

2267 3535 2424 3583 terra:
2453 3538 2509 3584 et
2546 3541 2702 3598 aqua:
2729 3529 3079 3599 disseramus,
3121 3543 3246 3588 sum
3273 3535 3418 3590 enim
3463 3538 3581 3593 hac
3621 3537 3725 3593 duo
3751 3539 3854 3591 ein-

2269 3629 2452 3675 menta
2502 3618 2732 3676 invicem
2779 3620 2879 3677 sibi
2927 3622 3104 3687 mista,
3156 3636 3212 3678 ut
3259 3625 3402 3682 enim
3446 3626 3650 3699 liquido
3689 3636 3850 3700 potat

2268 3709 2396 3781 quid
2444 3725 2630 3766 eorum
2683 3711 2788 3766 alio
2841 3713 2911 3766 sit
2955 3715 3223 3784 superius.
3290 3715 3422 3772 Nam
3473 3718 3526 3774 in
3582 3719 3852 3790 superficie

2270 3812 2428 3857 terra:
2448 3816 2622 3873 aquas
2649 3802 2912 3870 videmus,
2940 3814 2997 3860 et
3027 3806 3078 3860 in
3111 3808 3260 3864 venis
3286 3807 3404 3879 ejus
3432 3808 3690 3868 fodiendo
3715 3815 3852 3867 iuvr-

2269 3895 2469 3952 nimus.
2495 3895 2693 3952 Verum
2722 3909 2899 3954 autem
2928 3900 3195 3957 Oceanum
3227 3905 3277 3958 in
3305 3904 3482 3960 medio
3508 3919 3738 3975 perusta:
3766 3923 3848 3976 pec

2268 3993 2431 4048 situm
2464 3994 2583 4049 ideo
2612 3995 2819 4067 physici
2848 3995 3120 4064 referunt,
3153 4007 3210 4053 ut
3254 3999 3418 4069 ignis,
3453 4001 3615 4069 solis,
3655 4013 3706 4058 et
3731 4001 3848 4056 alua~

2268 4101 2386 4141 rum
2439 4087 2773 4156 planetarum
2817 4091 2968 4160 aquis
3015 4103 3468 4162 contemperetur.
3511 4093 3676 4152 Calor
3720 4087 3849 4153 enirn

2271 4178 2552 4234 humorem
2583 4182 2836 4247 attrahit,
2865 4193 2918 4237 et
2946 4183 3072 4239 inde
3106 4188 3360 4254 pascitur.

2891 4275 3240 4335 lletrusiones.

2337 4362 2585 4420 Oceanus
2617 4367 2706 4421 ille
2735 4380 2896 4422 verus
2922 4376 2977 4424 et
3005 4369 3433 4427 mediterraneos
3460 4374 3596 4430 duas
3625 4375 3745 4432 facit
3771 4393 3846 4431 re.

2270 4455 2527 4526 fusiones,
2557 4459 2784 4515 alteram
2812 4460 2881 4514 ab
2907 4460 3127 4519 Oriente
3155 4465 3207 4520 in
3239 4467 3524 4537 Austrum,
3558 4472 3772 4526 alteram
3799 4471 3846 4525 in

2269 4549 2737 4620 Septentrionem,
2777 4555 2998 4609 alteram
3029 4556 3097 4612 ab
3123 4557 3441 4627 Occidente;
3489 4563 3618 4618 item
3659 4564 3710 4618 in
3745 4565 3845 4618 Au-

2272 4651 2443 4696 strum
2490 4653 2545 4698 et
2593 4642 3043 4714 Septentrionem.
3085 4647 3193 4705 Sed
3245 4650 3327 4706 his
3373 4655 3582 4712 duabus
3627 4673 3744 4728 qua
3785 4656 3844 4710 ad

2271 4735 2526 4790 Austrum
2570 4747 2882 4807 verguntur,
2928 4741 3223 4796 secundum
3266 4748 3547 4815 quosdam,
3597 4750 3735 4804 nulla
3773 4757 3845 4803 est

2270 4829 2525 4900 cognitio.
2573 4829 2703 4897 Qua:
2749 4845 2877 4886 vero
2925 4833 2977 4886 in
3026 4831 3461 4905 Septentrionem
3510 4843 3843 4910 conveniunt,

2273 4933 2422 4980 tanto
2467 4927 2665 4996 impetu
2711 4936 3060 4995 concurrunt,
3111 4938 3170 4984 ut
3216 4933 3536 5002 impulsione
3573 4951 3667 4994 sua
3711 4937 3844 4992 illam

2273 5013 2537 5071 famosam
2588 5016 2951 5074 accessionem
2996 5031 3050 5076 et
3089 5025 3448 5082 recessionem
3492 5028 3704 5096 faciant,
3743 5039 3842 5084 ter-

2271 5124 2490 5180 ramque
2518 5108 2685 5164 modo
2714 5111 2963 5177 obruant,
3002 5113 3165 5168 modo
3187 5122 3450 5185 relegant.
3482 5118 3552 5174 Ut
3594 5120 3674 5174 sol
3703 5118 3843 5174 llam-

2270 5198 2372 5254 mis
2401 5198 2516 5256 suis
2543 5200 2684 5257 solet
2709 5217 2875 5271 aquas
2903 5204 3176 5261 attrahere
3202 5206 3422 5273 Oceani,
3454 5225 3574 5280 qua
3599 5210 3722 5267 dum
3750 5225 3844 5268 nea

2273 5290 2455 5345 valent
2502 5291 2556 5346 in
2602 5307 2728 5348 aere
2774 5295 2864 5347 diu
2910 5296 3188 5362 sustineri,
3231 5299 3471 5368 pondere
3513 5303 3841 5368 relabuntur;

2272 5381 2432 5450 unde,
2466 5384 2813 5442 inundatione
2844 5385 3003 5454 facta,
3024 5388 3315 5459 aliquando
3348 5401 3507 5448 terra:
3535 5395 3840 5450 obruuntur.

2272 5476 2376 5531 Alii
2407 5476 2590 5531 dicunt
2615 5479 2738 5550 quia
2771 5481 2912 5534 venti
2953 5497 3120 5552 aquas
3163 5485 3472 5556 impellant,
3501 5501 3554 5545 et
3581 5493 3658 5547 sic
3688 5503 3846 5546 terras

2271 5569 2534 5634 obruant;
2563 5585 2793 5642 cumque
2833 5570 2949 5628 illas
2980 5577 3315 5649 remiserint,
3357 5582 3423 5636 ad
3454 5583 3659 5640 alveum
3698 5596 3843 5639 suum

2274 5672 2629 5718 revertantur.
2677 5664 2786 5721 Alii
2815 5666 3001 5722 dicunt
3029 5669 3389 5731 habitationes
3417 5690 3625 5734 nostras
3656 5679 3843 5734 vicinas

2272 5772 2393 5813 esse
2421 5758 2500 5813 ori
2530 5756 2841 5826 Leviathan,
2876 5763 2966 5830 qui
2994 5762 3120 5818 dum
3148 5765 3325 5824 haurit
3353 5769 3566 5846 ﬂuctus,
3594 5782 3730 5830 terra
3755 5786 3841 5846 ap-

2272 5861 2460 5926 paret;
2492 5863 2544 5911 et
2574 5853 2697 5910 dum
2727 5856 2972 5926 remittit,
3000 5859 3263 5920 obruitur.
