4098 6208
306 411 418 470 885

946 526 1276 587 Exuationes.

376 631 524 685 Sunt
555 636 814 699 praterea
847 631 1192 686 :estuationes
1220 631 1491 702 minores,
1521 630 1756 698 scilicet,
1791 646 1903 686 ma-

309 720 436 777 tinc
483 730 540 779 et
577 721 818 778 ledones.
866 720 1146 788 Ledones,
1194 737 1223 777 a
1253 721 1433 791 quinta
1466 722 1591 779 luna
1613 765 1628 790 ,
1658 722 1908 779 similiter

306 824 363 869 et
390 828 421 868 a
453 815 711 886 vigesima
743 814 1036 884 incipiunt;
1079 825 1134 872 et
1157 827 1284 886 quot
1314 816 1462 874 horis
1494 817 1756 873 accedunt
1779 858 1794 880 ,
1829 825 1908 874 tot

310 908 596 964 recedunt.
642 908 1004 964 Malinte-sunt
1030 907 1287 980 majores,
1310 924 1432 981 qua:
1463 923 1494 964 a
1520 911 1676 965 tertia
1699 908 1907 966 decima

309 1009 360 1053 et
401 1000 660 1070 vigesima
692 1001 918 1068 septima
952 1000 1072 1055 luna
1105 999 1403 1072 incipiunt,
1432 1011 1486 1057 et
1514 1015 1609 1058 sex
1639 1001 1828 1058 diebus
1848 1005 1909 1058 et

315 1092 620 1163 quindecim
665 1091 813 1146 horis
859 1093 1088 1160 durant,
1134 1102 1189 1149 ct
1227 1102 1352 1149 sunt
1394 1093 1612 1150 citiores
1654 1093 1708 1150 in
1757 1107 1928 1149 acce-'

315 1187 518 1255 dendo,
575 1187 839 1242 tardiores
886 1187 940 1241 in
991 1186 1317 1244 recedendo.
1375 1188 1647 1244 Exastuat
1695 1202 1909 1260 quoque

316 1293 468 1336 mare
495 1283 636 1335 inter
662 1278 803 1334 diem
832 1287 888 1334 et
915 1289 1130 1336 noctem
1159 1287 1274 1346 ter;
1304 1279 1386 1337 bis
1419 1281 1472 1336 in
1502 1281 1688 1336 εδιὶνο
1717 1279 1822 1346 die,
1856 1289 1911 1337 et

317 1370 487 1427 semel
521 1372 574 1426 in
603 1379 796 1438 noete;
825 1370 908 1427 bis
929 1371 982 1426 in
1009 1369 1224 1429 hiemali
1250 1382 1426 1439 nocte,
1456 1373 1623 1429 semei
1649 1373 1704 1428 in
1725 1374 1832 1442 die,
1854 1383 1912 1429 et

316 1466 638 1522 dodrantem
696 1476 751 1524 et
807 1464 1140 1522 semunciam
1200 1467 1346 1524 liora:
1399 1467 1593 1535 durat;
1649 1468 1744 1524 sed
1797 1469 1910 1524 sive

314 1567 647 1622 eamstnent,
686 1556 802 1614 sive
831 1567 994 1614 vento
1034 1558 1395 1628 impellantur,
1427 1559 1552 1614 dein
1579 1567 1633 1616 et
1660 1561 1783 1614 dein
1813 1561 1908 1614 llu-

314 1661 437 1706 ctus
465 1650 807 1717 ordinantur,
836 1665 1064 1722 quorum
1093 1651 1334 1706 decimus
1362 1660 1444 1708 est
1483 1652 1768 1707 maximus.
1803 1655 1912 1707 Au-

314 1753 471 1813 getur
497 1757 711 1813 quoque
742 1756 892 1798 mare
921 1743 1216 1797 secundum
1249 1743 1390 1797 luna
1432 1742 1825 1798 incrementum
1856 1754 1908 1798 et

314 1836 722 1890 detrimentum.
769 1835 907 1892 Nam
951 1835 1242 1907 incipiente
1288 1837 1379 1892 illa
1420 1852 1683 1901 crescere.
1714 1839 1909 1892 cre~cit

1585 410 1803 473 HUNDI
1842 409 2321 470 CONSTITUTIO.

1937 533 1984 592 Α
2015 544 2132 585 nem
2165 530 2404 584 civitates
2434 529 2687 596 famosas,
2721 531 3048 588 Adrimetum
3076 539 3199 587 octo
3225 531 3384 585 millia
3408 574 3422 597 ,
3460 532 3598 603 llip.

3487 413 3614 472 886·

2013 637 2172 692 poue.
2219 623 2426 693 Europa
2481 622 2640 682 habet
2689 626 2741 681 in
2789 627 3130 683 Occidentem
3186 626 3490 697 Hispaniam
3542 642 3596 684 et

2009 719 2208 788 Calpen
2229 762 2243 783 ,
2277 719 2326 773 in
2356 720 2785 790 Septentrionem
2818 724 3116 779 Mmotidem
3150 725 3395 795 paludem
3417 768 3432 790 ,
3462 741 3609 782 ver-

2010 826 2101 866 sus
2130 814 2380 867 Austrum
2413 812 2692 869 Greciam.

2686 905 2740 960 Ν
2743 907 2924 962 ebnfm.

2085 995 2209 1053 flrec
2237 997 2342 1053 duo
2370 997 2630 1055 elementa
2669 999 2901 1056 invicem
2928 999 3030 1057 sibi
3060 1001 3213 1057 mista
3251 1009 3398 1060 sunt.
3428 1001 3611 1058 Terra.

2011 1091 2156 1144 enim
2185 1099 2564 1157 evanesceret,
2598 1091 2699 1146 nisi
2728 1107 2986 1162 aquarum
3017 1093 3335 1150 humoribus
3373 1096 3596 1164 conglu-

2012 1182 2273 1238 tinaretur
2320 1201 2334 1238 :
2382 1200 2500 1252 quae
2543 1183 2669 1238 dum
2715 1180 3001 1252 aliquando
3051 1187 3302 1242 humores
3351 1187 3590 1248 exhalat.

2011 1277 2363 1332 ascendentes
2397 1277 2603 1332 nebula:
2631 1276 2904 1344 dicuntur,
2934 1277 3059 1332 dum
3088 1280 3207 1334 cteli
3250 1279 3434 1335 faciem
3468 1297 3594 1350 apeo

2013 1370 2156 1425 riunt
2181 1370 2378 1434 nubes,
2411 1372 2536 1426 dum
2568 1371 2618 1426 vi
2647 1381 2925 1426 ventorum
2955 1371 3312 1442 stringuntur,
3346 1368 3436 1428 aut
3464 1376 3598 1428 solis

2011 1463 2192 1519 calore
2219 1463 2520 1533 depluunt,
2562 1473 2616 1519 et
2644 1465 2895 1520 dicuntur
2927 1463 3139 1534 pluviae.
3190 1465 3387 1520 Pluvia:
3418 1476 3594 1520 autem

2010 1565 2167 1623 sunt,
2198 1571 2317 1612 cum
2344 1557 2499 1628 juges
2541 1568 2666 1612 sunt
2704 1567 2761 1614 et
2807 1558 2999 1624 lentae;
3051 1559 3248 1615 imbres
3278 1558 3439 1625 ﬁunt,
3472 1576 3592 1615 cum

2010 1652 2271 1706 salutares
2303 1653 2552 1718 veniunt,
2599 1661 2659 1706 ut
2697 1651 2749 1706 in
2793 1667 2919 1708 vere
2960 1667 3078 1707 cum
3113 1653 3350 1723 gramina
3399 1657 3598 1723 produ-

2010 1752 2170 1809 cunt;
2203 1742 2366 1798 nimbi
2398 1753 2556 1810 sunt,
2587 1759 2710 1799 cum
2753 1745 2932 1799 subito
2959 1754 3014 1800 et
3049 1747 3306 1800 damnose
3353 1747 3596 1800 veniunt.

2717 1835 2770 1891 Ν
2775 1839 2896 1892 ires.

315 1942 467 1984 mare
498 1943 592 1996 per
616 1928 734 1984 dies
761 1938 972 1999 septem
993 1968 1010 1996 ,
1054 1938 1108 1986 et
1137 1944 1232 1999 per
1261 1928 1481 1985 totidem
1513 1930 1786 2000 proximos
1811 1930 1904 1984 de-
1940 1919 1988 1979 Β
2084 1927 2218 1984 Cum
2265 1931 2518 1985 humore;
2561 1929 2875 1985 nebularum
2920 1930 3251 1996 ascendunt,
3293 1931 3335 1983 si
3385 1941 3604 1986 terreno

312 2021 532 2077 crescit.
592 2021 800 2078 Rursus
855 2037 955 2094 per
1004 2032 1294 2092 sequentes
1346 2034 1554 2094 septem
1608 2026 1903 2094 recrescit,

315 2126 486 2181 usque
513 2112 581 2168 ad
606 2113 927 2186 _.vigesimum
960 2114 1191 2183 primum
1217 2114 1383 2182 diem,
1411 2125 1465 2172 et
1493 2116 1619 2172 inde
1649 2126 1787 2172 terra
1816 2116 1909 2172 de-

312 2205 513 2262 crescit
556 2220 723 2276 usque
763 2205 829 2260 ad
862 2207 1175 2278 vigesimum
1215 2219 1462 2265 octavum
1502 2210 1666 2265 diem.
1710 2210 1908 2266 Notan-

311 2297 440 2353 dum
470 2313 597 2355 vcro
637 2300 764 2355 licet
805 2299 908 2356 hoc
949 2303 1109 2355 modo
1148 2313 1426 2371 augeatur,
1470 2319 1575 2359 non
1623 2315 1797 2362 tamen
1839 2307 1905 2360 ad

313 2393 586 2467 proprium
619 2403 817 2450 statum
836 2437 854 2462 ,
885 2395 987 2452 nisi
1017 2405 1137 2466 post
1163 2408 1286 2452 octo
1311 2413 1482 2454 annos
1519 2400 1720 2456 redeat.
1759 2400 1906 2457 Luna

310 2501 526 2559 quoque
574 2504 682 2559 quo
729 2488 852 2561 plus
900 2489 1362 2562 Septentrionales
1408 2504 1589 2566 partes
1635 2495 1904 2566 attigerit,

313 2587 466 2635 tanto
496 2581 614 2651 plus
644 2598 792 2640 mare
819 2583 1050 2652 crescit;
1081 2586 1258 2642 minus
1291 2600 1443 2656 vero,
1471 2601 1579 2658 quo
1617 2588 1706 2644 illa
1737 2589 1906 2660 magis

309 2675 568 2728 Austrum
628 2675 892 2745 possidet.
955 2675 1150 2733 Dicunt
1203 2677 1410 2748 physici
1469 2677 1657 2736 lunare
1711 2694 1907 2748 cot'pus

309 2765 573 2836 quasdam
618 2767 943 2825 inﬁusiones
987 2777 1043 2826 et
1081 2770 1402 2827 emuxiones
1448 2771 1662 2838 habere,
1707 2782 1762 2828 et
1806 2771 1906 2828 hoc

310 2859 482 2930 magis
521 2875 586 2916 ex
635 2861 878 2919 dulcibus
923 2864 1076 2935 aquis
1125 2865 1392 2935 provenit,
1439 2866 1628 2922 solaris
1669 2883 1798 2922 vero
1839 2869 1905 2924 de

309 2953 489 3008 salsis.
541 2954 744 3011 Praeter
775 2955 872 3010 has
899 2955 1200 3014 refusiones
1242 2969 1366 3013 sunt
1408 2959 1527 3015 alia:
1572 2962 1900 3018 refusionum

311 3043 631 3110 refusiunes,
674 3061 794 3117 qua:
838 3046 996 3102 factae
1035 3047 1286 3102 dicuntur
1328 3064 1424 3120 per
1467 3050 1770 3118 Herculem,
1814 3057 1902 3125 qui

311 3150 434 3191 cum
463 3135 850 3196 habitationem
895 3149 1134 3195 nostram
1163 3141 1350 3197 dulces
1391 3153 1566 3198 tamen
1609 3159 1773 3215 aquas
1805 3146 1900 3201 haé

315 3228 446 3285 bere
495 3229 733 3299 videret,
786 3231 1034 3304 perfregit
1084 3233 1296 3288 radices
1341 3233 1567 3290 duorum
1616 3239 1897 3304 montium,

312 3320 553 3387 scilicet,
581 3323 913 3389 Adamantis,
947 3334 999 3378 et
1025 3322 1236 3394 Calpes,
1271 3340 1494 3394 quorum
1526 3326 1680 3394 alter,
1716 3328 1767 3382 id
1798 3338 1901 3399 est,

316 3412 486 3480 Atlas,
514 3415 771 3470 remansit
803 3415 856 3471 in
885 3414 1221 3480 Mauritania,
1247 3417 1440 3487 Calpes
1470 3419 1520 3474 in
1554 3420 1830 3490 llispania.

883 3505 1337 3564 Mediterraneum.

387 3596 529 3652 Inter
559 3597 657 3654 hos
684 3609 929 3667 montes,
965 3599 1014 3652 id
1048 3609 1130 3654 est
1152 3642 1167 3666 ,
1199 3598 1397 3669 Calpen
1428 3613 1481 3656 et
1518 3603 1865 3660 Ailamantem
1888 3649 1904 3675 ,

313 3687 510 3743 fretum
539 3691 839 3746 immissum
885 3691 1220 3748 latitudinem
1254 3693 1412 3750 habet
1443 3697 1674 3766 quinque
1717 3702 1904 3755 millia-

312 3788 430 3854 ria,
459 3787 754 3859 dividitqne
781 3789 1013 3844 Africam
1044 3791 1114 3846 ab
1159 3793 1389 3862 linropa.
1435 3793 1589 3848 Facit
1617 3806 1795 3851 autem
1828 3797 1906 3850 fa-

311 3895 494 3938 mosos
539 3881 728 3948 sinus,
774 3877 1033 3938 Galicialm
1084 3883 1138 3938 it
1187 3883 1521 3940 Narbonensi
1572 3885 1792 3956 regione
1838 3891 1902 3943 ad

315 3984 552 4028 montem
586 3973 938 4029 Pessulanum
961 4018 977 4042 ,
1006 3974 1128 4029 iacit
1158 3975 1432 4033 Corsicam
1460 3976 1689 4034 insulam
1709 4021 1726 4044 ,
1759 3979 1905 4034 dici-

311 4074 510 4136 turque
539 4065 875 4138 Tyrrhenum
909 4068 962 4123 in
994 4068 1188 4123 ﬁnibus
1234 4068 1394 4126 Italia:
1434 4090 1447 4124 :
1495 4073 1586 4143 qui
1618 4073 1902 4144 Carthagi-

315 4176 436 4216 nem
466 4161 681 4231 respicit
702 4203 719 4228 ,
747 4163 977 4230 scilicet,
1012 4163 1152 4220 inter
1191 4164 1397 4222 Italiam
1429 4176 1482 4223 et
1511 4169 1747 4226 Siciliam
1769 4216 1784 4239 ,
1815 4173 1898 4226 di-

308 4256 452 4308 citur
505 4252 736 4320 Ionium,
785 4255 931 4311 circa
987 4257 1229 4316 Siciliam
1285 4261 1644 4328 Adriaticum,
1702 4265 1792 4334 qui
1851 4269 1900 4321 in

308 4345 534 4401 Oriente
581 4345 782 4402 italiam
835 4348 1023 4415 alluit;
1078 4349 1314 4420 facitque
1365 4354 1630 4409 maritima
1680 4354 1902 4413 Grarciaz

309 4436 430 4492 ioca
471 4453 658 4494 versus
702 4443 954 4496 Austrum
1007 4442 1258 4512 plurima,
1308 4444 1575 4517 Cyprum,
1627 4449 1898 4516 lihodum,

310 4529 661 4601 Carpathum,
690 4541 746 4588 et
769 4534 855 4588 ubi
882 4535 1075 4590 desinit
1107 4535 1240 4593 dare
1271 4538 1559 4594 terminum
1587 4540 1726 4597 inter
1756 4543 1900 4598 Afri-

2013 2023 2214 2094 frigore
2254 2025 2667 2094 prteveniuntur,
2717 2024 2768 2078 in
2818 2023 2965 2079 nives
3005 2034 3429 2080 convertuntur:
3475 2041 3596 2091 qua:

2012 2117 2182 2190 magis
2210 2118 2263 2173 in
2295 2127 2503 2173 montes
2541 2119 2736 2174 cadere
2763 2117 2973 2185 solent,
3000 2133 3158 2186 quam
3203 2119 3253 2172 in
3299 2117 3414 2171 loca
3445 2133 3590 2171 cam-

2013 2212 2244 2282 pestria,
2278 2211 2358 2267 vel
2387 2213 2509 2283 quia
2554 2211 2656 2265 illis
2698 2214 2866 2282 magis
2900 2211 3160 2266 celsitudo
3203 2213 3462 2264 montium
3495 2209 3592 2264 ob-

2011 2311 2151 2370 stet,
2186 2302 2268 2358 vel
2297 2302 2421 2372 quia
2453 2302 2522 2356 ibi
2557 2302 2725 2373 magis
2755 2303 3012 2372 spiracula
3047 2302 3256 2372 frigoris
3286 2301 3587 2355 abundant.

2013 2394 2150 2451 Sunt
2175 2402 2356 2449 autem
2384 2393 2654 2464 duplices,
2687 2410 2803 2465 qua:
2834 2395 2886 2449 in
2920 2393 3176 2448 mulcebri
3208 2409 3336 2449 aere
3361 2393 3560 2448 cadunt
3581 2434 3598 2455 ,

2011 2501 2068 2545 ut
2096 2504 2321 2562 grossae,
2348 2505 2469 2559 quae
2510 2488 2690 2544 statim
2733 2490 3067 2558 liquescunt;
3109 2496 3160 2542 et
3192 2487 3308 2541 alia:
3352 2488 3593 2553 minuta},

2010 2601 2131 2654 quae
2178 2585 2229 2640 in
2260 2582 2480 2638 uredine
2510 2581 2721 2652 frigoris
2748 2581 3002 2636 caden'es
3033 2583 3158 2636 tecti
3201 2579 3456 2633 foramina
3501 2594 3596 2648 pe-

2012 2687 2249 2732 netrant.
2281 2675 2443 2731 Nives
2473 2677 2632 2731 etiam
2681 2676 2736 2728 in
2779 2674 2888 2729 aito
2932 2675 3063 2728 mari
3096 2689 3201 2729 non
3233 2674 3463 2739 cadunt,
3494 2673 3590 2727 sed

2009 2783 2167 2824 secus
2195 2765 2362 2824 littus.
2393 2765 2525 2822 Nam
2552 2765 2719 2820 calidzi
2745 2776 2827 2820 est
2853 2780 2985 2835 aqua
3019 2765 3161 2818 Salsa
3184 2809 3198 2832 ,
3229 2776 3281 2818 et
3314 2775 3596 2819 terrenum

2009 2862 2176 2931 frigus
2225 2859 2444 2931 impedit
2503 2875 2570 2915 ne
2616 2873 2794 2914 aerem
2856 2874 3015 2928 super
3057 2874 3118 2914 se
3161 2860 3401 2928 attingat.
3455 2859 3597 2913 llinc

2008 2970 2220 3025 quoque
2250 2952 2513 3010 sententia
2558 2953 2646 3006 illa
2687 2951 2961 3018 astruitur,
2997 2953 3119 3022 quia
3161 2951 3241 3005 sol
3285 2952 3353 3006 de
3395 2950 3586 3005 calidis

2008 3050 2162 3119 aquis
2187 3049 2352 3103 maris
2380 3055 2650 3116 pascatur.
2683 3045 2826 3100 Luna
2858 3060 2985 3099 vero
3013 3045 3079 3099 de
3108 3045 3352 3098 dulcibus
3385 3054 3593 3097 tantum

2008 3154 2060 3197 et
2091 3141 2320 3213 frigidis,
2361 3156 2480 3210 qua:
2517 3149 2571 3195 et
2615 3138 2830 3209 proprio
2868 3139 3046 3194 Calure
3085 3147 3233 3193 caret
3273 3148 3326 3192 et
3367 3137 3589 3193 lumine.

2013 3234 2113 3288 Alii
2135 3233 2319 3288 dicunt
2338 3231 2514 3288 omnia
2539 3233 2779 3288 cm’estia
2803 3246 3027 3300 corpora
3051 3231 3116 3285 de
3138 3230 3383 3284 dulcibus
3414 3233 3591 3300 pasci;

2010 3341 2132 3380 nam
2171 3324 2357 3380 dulces
2399 3339 2550 3395 aqua:
2593 3339 2738 3378 mare
2776 3323 3037 3376 intrantes
3103 3321 3347 3376 feruntur
3387 3323 3437 3375 in
3479 3322 3598 3392 ejus

2009 3417 2316 3487 superﬁcie,
2349 3417 2490 3471 unde
2539 3431 2683 3470 mare
2731 3413 2830 3469 sibi
2881 3413 3150 3469 attrahere
3192 3415 3443 3469 dicuntur
3484 3416 3599 3483 pla-

2010 3522 2168 3566 netze.
2205 3510 2288 3564 Fit
2317 3509 2566 3580 quaestio,
2613 3524 2732 3562 eum
2761 3506 2930 3561 calida
2979 3510 3048 3560 sit
3081 3521 3240 3575 aqua,
3273 3522 3439 3577 quare
3470 3516 3596 3559 tunc

2010 3604 2171 3659 homo
2204 3613 2450 3658 contactu
2479 3603 2620 3657 illius
2648 3581 2897 3673 frigescat
2927 3601 3094 3671 magis
3125 3616 3281 3670 quam
3313 3611 3489 3654 teme.
3530 3603 3598 3654 Et

2007 3697 2271 3753 solvitur:
2306 3697 2427 3766 quia
2470 3700 2570 3752 hoc
2601 3697 2668 3751 de
2708 3695 2951 3750 dulcibus
2993 3705 3197 3749 tantum
3237 3693 3437 3761 evenit,
3481 3710 3585 3748 non

2008 3793 2075 3846 de
2115 3790 2291 3845 salsis.
2336 3789 2427 3844 Vel
2470 3798 2643 3858 potest
2685 3789 2784 3842 hoc
2822 3789 2980 3841 etiam
3023 3802 3141 3840 esse
3185 3797 3288 3840 tam
3332 3787 3397 3840 de
3434 3786 3592 3840 salsis

2009 3899 2166 3953 quam
2197 3885 2263 3936 de
2292 3881 2554 3948 dulcibus,
2597 3890 2651 3936 et
2681 3880 2921 3949 frigescit
2954 3894 3020 3933 ex
3061 3877 3162 3932 hoc
3201 3879 3367 3946 magis
3408 3880 3590 3940 homo,

2006 3977 2128 4046 quia
2161 3976 2574 4046 conglutinatior
2611 3990 2746 4044 aqua
2778 3984 2882 4038 est,
2915 3985 2970 4028 et
3009 3977 3176 4043 magis
3216 3972 3454 4026 adhaeret
3494 3972 3590 4025 ho-

2009 4071 2138 4124 mini
2169 4085 2328 4140 quam
2359 4078 2520 4132 terra,
2563 4068 2606 4122 si
2647 4069 2722 4123 illi
2765 4069 3092 4138 imponatur,
3125 4067 3351 4137 ideoque
3379 4065 3589 4120 subtili-

2009 4166 2100 4216 tati
2132 4146 2282 4232 aqua:
2321 4163 2422 4217 hoc
2451 4162 2731 4228 attribuas,
2764 4178 2881 4231 qua:
2922 4161 3088 4230 magis
3119 4175 3278 4230 puros
3316 4169 3584 4230 penetrat,

2007 4270 2096 4313 aut
2127 4260 2229 4313 illis
2257 4273 2318 4313 se
2341 4255 2594 4326 applicat.
2629 4256 2712 4312 Fit
2739 4271 2949 4326 quoque
2973 4255 3218 4325 quaestio,
3247 4270 3364 4310 eum
3390 4254 3458 4310 de
3483 4256 3592 4310 sal-

2007 4350 2081 4403 sis
2121 4349 2273 4418 aquis
2311 4349 2518 4402 nebulae
2559 4347 2894 4417 proveniant,
2926 4363 3046 4401 cum
3081 4347 3274 4415 pluvia:
3304 4346 3483 4402 dulces
3515 4348 3596 4402 ad

2008 4458 2107 4498 nos
2131 4444 2478 4508 descendant,
2502 4443 2622 4512 quia
2655 4443 2852 4511 poteris
2879 4441 3143 4510 imputare
3169 4443 3282 4498 sive
3313 4442 3592 4498 immensis

2008 4535 2265 4590 tractibus
2290 4537 2452 4600 aeris,
2479 4536 2593 4590 sive
2617 4535 2784 4590 calori
2815 4535 2964 4589 solis.
2997 4535 3146 4603 Quod
3175 4543 3351 4589 autem
3385 4543 3588 4590 tantum

309 4641 430 4681 eam
455 4636 509 4684 et
537 4629 737 4700 Asiam,
768 4631 954 4702 incipit
982 4633 1130 4688 Nilus
1158 4649 1344 4690 versus
1371 4636 1823 4708 Septentrionem,
1848 4652 1896 4696 ei
1943 4673 1987 4730 Β
2016 4641 2328 4701 potestatem
2368 4630 2530 4685 habet
2566 4629 2738 4700 ignis,
2772 4629 3018 4685 videmus
3057 4631 3108 4684 in
3152 4630 3347 4683 amaris
3390 4628 3604 4694 herbis,

309 4718 508 4775 dicitur
539 4720 934 4792 Hellespontus,
969 4725 1107 4780 inter
1133 4726 1328 4782 Seston
1358 4739 1413 4782 et
1439 4729 1688 4800 Abydon,
1722 4731 1775 4787 in
1810 4733 1899 4786 ul-

313 4813 498 4870 teriori
527 4813 748 4876 Pontus,
783 4817 906 4871 inde
933 4816 1245 4884 Propontis.
1277 4818 1401 4875 inde
1433 4819 1764 4890 Bosphorus,
1796 4823 1898 4878 ilii-

309 4920 418 4976 que
443 4905 636 4960 desinit
656 4907 784 4962 dare
815 4909 1124 4964 terminum.
1160 4909 1305 4966 Inter
1335 4911 1602 4981 EurOpam
1633 4923 1686 4969 et
1716 4915 1898 4970 Asiam

309 5007 421 5053 stat
467 4998 681 5066 Tanais,
733 5001 824 5070 qui
871 5001 942 5058 de
989 5002 1222 5072 Ripbais
1279 5005 1551 5061 montibus
1597 5008 1791 5076 oritur,
1846 5018 1902 5064 et

308 5099 619 5160 stagnantes
666 5092 939 5150 Maeotides
985 5094 1204 5162 paludes
1250 5093 1395 5151 iacit.
1443 5094 1702 5152 Similiter
1747 5106 1803 5153 et
1843 5100 1899 5154 in

307 5182 533 5241 Oriente
551 5183 802 5256 Caspium
829 5189 1064 5256 erumpit
1094 5189 1436 5258 Erythreum,
1457 5192 1547 5259 qui
1575 5203 1629 5246 et
1659 5191 1898 5250 Rubeum

309 5275 536 5346 dicitur,
567 5293 690 5335 nam
731 5278 885 5333 alluit
913 5278 1062 5336 littus
1094 5280 1367 5347 Rubrum;
1412 5280 1554 5336 unde
1593 5298 1745 5353 aqua:
1789 5301 1900 5338 ma-

309 5374 445 5428 rium
469 5372 803 5438 colorantur,
835 5372 1041 5444 fertque
1087 5372 1160 5428 ibi
1205 5373 1406 5445 lapides
1444 5376 1726 5444 pretiosos.
1773 5376 1900 5433 Asia

311 5463 734 5537 magnitudinem
767 5463 996 5534 Europa:
1025 5472 1084 5521 et
1111 5465 1304 5520 Africae
1334 5465 1598 5536 possidet.
1630 5474 1685 5524 et
1715 5467 1900 5538 incipit

311 5556 383 5612 ab
432 5557 602 5612 hortis
653 5555 826 5625 Edon,
884 5555 938 5610 id
993 5567 1095 5619 est.
1148 5571 1182 5612 a
1221 5557 1528 5614 deliciarum
1583 5558 1788 5626 hortis;
1844 5562 1898 5616 in

310 5650 536 5707 Oriente
575 5661 630 5706 et
677 5650 729 5706 in
778 5653 975 5706 Austro
1018 5649 1139 5705 Nilo
1180 5650 1518 5718 terminatur,
1567 5652 1621 5706 in
1665 5653 1897 5724 Septen-

316 5746 490 5801 trione
520 5743 707 5800 Tanai.
746 5745 923 5800 Africa
965 5744 1018 5800 in
1057 5743 1268 5813 angulis
1308 5743 1421 5799 suis
1461 5744 1623 5800 habet
1649 5745 1896 5818 Cyrenen

312 5838 620 5905 civitatem,
667 5846 719 5894 et
760 5836 1174 5894 Catabatbmum
1202 5851 1386 5892 versus
1413 5835 1670 5892 Austrum
1711 5838 1765 5893 in
1795 5838 1898 5896 0c-

315 5933 609 5990 eidentem.
651 5933 1019 5992 Mauritaniam
1051 5944 1108 5992 et
1134 5933 1437 6005 Atlantem,
1478 5931 1530 5990 in
1563 5932 1896 6006 Septentrio-

2009 4739 2143 4794 quas
2196 4725 2263 4779 ad
2318 4724 2626 4796 patientiam
2658 4733 2845 4795 gustus
2896 4724 3167 4790 excoquit,
3221 4724 3302 4777 vel
3359 4724 3409 4776 in
3463 4739 3596 4778 aere

2004 4817 2146 4873 dulci
2198 4817 2602 4872 amaritudinem
2657 4818 2849 4871 amittit
2905 4817 3097 4870 humor
3153 4830 3391 4878 amarus,
3449 4817 3590 4869 sicut.

2003 4912 2186 4967 dulces
2209 4927 2360 4981 aqua!
2391 4912 2442 4965 in
2474 4926 2622 4966 mare
2649 4911 2869 4975 eadunt,
2896 4918 2949 4962 et
2978 4925 3184 4962 rursum
3216 4923 3310 4976 per
3336 4917 3605 4963 tractines—

2003 5003 2260 5075 quosdam
2291 5003 2357 5057 ad
2394 5005 2605 5056 alveum
2651 5018 2805 5056 suum
2856 5011 3192 5056 revertuntur
3222 5000 3422 5053 dulces.
3477 4997 3591 5052 Hoc

2001 5105 2181 5152 antem
2209 5095 2445 5164 experiri
2503 5098 2722 5166 poteris.
2777 5094 2911 5150 Nam
2964 5094 3007 5148 si
3038 5094 3224 5150 dulces
3271 5107 3440 5166 aquas
3494 5107 3590 5164 per

2004 5193 2177 5265 algam
2209 5193 2371 5248 maris
2400 5191 2681 5259 colareris,
2713 5201 3074 5247 amarescent.

2688 5282 2919 5338 Grande.

2072 5377 2272 5442 Nubes,
2300 5383 2361 5432 ut
2383 5375 2637 5442 diximus,
2668 5376 3045 5440 viventorum,
3095 5376 3177 5432 vel
3225 5379 3358 5434 solis
3411 5378 3592 5435 calore

2003 5470 2390 5533 dissolvuntur,
2416 5478 2472 5525 et
2502 5470 2561 5524 fit
2589 5469 2764 5539 pluvia
2789 5485 2804 5534 ;
2836 5485 2955 5540 quze
2973 5471 3016 5524 si
3051 5481 3263 5527 terreno
3303 5471 3500 5544 frigore
3528 5475 3581 5528 in

2001 5562 2239 5620 cadendo
2271 5562 2690 5632 praeveniantur,
2725 5562 2778 5616 in
2831 5561 3142 5633 grandinem
3175 5576 3582 5620 commutantur

2000 5665 2053 5710 et
2079 5653 2427 5710 dealbantur:
2457 5669 2680 5724 quarum
2711 5653 2903 5723 duplex
2948 5667 3027 5710 est
3058 5657 3247 5724 genus.
3300 5657 3432 5714 Nam
3479 5662 3578 5713 mi-

2001 5761 2128 5806 nuta
2156 5751 2261 5804 nivi
2288 5748 2512 5805 admista
2540 5749 2684 5804 venit
2707 5750 2760 5804 in
2793 5749 3006 5817 frigore.
3041 5751 3158 5808 Alia
3191 5754 3241 5806 in
3293 5752 3473 5808 vernis
3520 5765 3578 5806 et

1999 5845 2199 5900 :estivis
2227 5843 2415 5900 diebus
2440 5853 2494 5900 et
2517 5843 2682 5912 magis
2709 5859 2864 5910 quam
2889 5843 2941 5899 in
2974 5855 3158 5903 nocte.
3211 5844 3570 5900 N’ubcsetiaru

2003 5949 2204 6010 quanto
2226 5939 2382 5998 altius
2405 5940 2702 6009 elevantur,
2733 5940 2995 6012 incipiunt
3023 5942 3286 5999 attenuari
3307 5985 3324 6009 ,
3369 5950 3426 5998 et
3481 5952 3588 6007 una
