4098 6208
505 361 611 417 887

985 357 1186 416 ΒΕΒΑΞ
1225 356 1674 416 VENEI‘MBIUS
1713 357 1864 414 OPP.
1905 354 2080 414 PARS
2114 352 2160 411 ι.
2198 352 2392 412 SBCT.
2430 353 2498 410 ll.
2539 381 2612 396 —-
2651 350 2858 410 DUBIA
2898 347 2988 406 ET
3027 345 3295 406 SPURIA.

3649 342 3754 400 ass
3803 296 3809 302 ’

506 492 689 536 aerem
717 477 988 548 dispergi;
1018 487 1072 533 et
1097 476 1308 544 quando
1334 477 1417 532 sol
1446 490 1552 530 non
1584 483 1758 544 potest
1801 487 1965 542 aquas
2003 480 2084 528 at-
2111 474 2160 533 Α
2187 469 2414 540 sepibus
2440 478 2499 527 et
2536 468 2702 525 ramis
2728 469 2978 524 arborum
3009 465 3254 521 inliteret.
3286 461 3442 516 Aliud
3470 475 3679 531 quoque
3703 459 3762 515 in

513 579 684 626 tactas
730 569 832 625 sibi
888 568 1251 638 incorporare,
1300 575 1355 623 et
1393 566 1781 623 immensitates
1819 579 2083 636 aquarum

512 658 1068 731 permittitdecidere,
1103 659 1441 728 frequentius
1467 658 1663 714 eadunt
1693 660 1745 712 in
1796 670 1981 722 mare;
2031 661 2086 710 et

511 753 593 809 sic
620 752 764 809 Dens
790 753 957 822 parcit
981 759 1157 805 terrm.
1190 751 1321 817 Quia
1350 750 1627 806 manubias
1670 747 1899 803 dicimus
1942 762 2088 803 cum-

514 841 743 910 positum
774 855 806 895 a
844 855 1022 906 manu,
1059 838 1198 908 quod
1225 851 1312 895 est
1338 839 1558 906 bonum,
1607 847 1661 892 et
1709 836 1940 892 nubibus
1990 849 2088 904 per

512 931 826 1000 antithesin,
851 931 1004 1002 quasi
1034 931 1256 986 minime
1282 931 1478 985 bonum
1519 928 1760 984 nubium.

1240 1024 1363 1078 Aer.

591 1116 880 1188 Postquam
911 1116 981 1173 de
1012 1126 1151 1171 terra
1188 1126 1244 1170 et
1269 1130 1404 1186 aqua
1433 1115 1687 1181 diximus,
1718 1113 1787 1168 de
1813 1127 1939 1168 aere
1972 1125 2095 1177 pro-

512 1211 661 1264 xime
684 1209 776 1264 illo
799 1209 1152 1274 disseramus,
1181 1210 1335 1278 citius
1377 1217 1553 1263 motus
1581 1221 1743 1263 causa
1774 1192 2089 1277 perhibetur

515 1318 654 1371 aqua
684 1317 700 1356 :
729 1318 847 1370 qua:
873 1310 1043 1367 mota,
1073 1300 1388 1356 naturaliter
1407 1310 1583 1355 movet
1607 1315 1808 1354 aerem.
1839 1298 1944 1356 Sed
1967 1313 2092 1355 cum

519 1406 796 1452 moveatur
818 1397 885 1451 ab
914 1396 1153 1462 Oriente,
1190 1395 1362 1450 Eurus
1387 1394 1617 1459 dcitur;
1650 1404 1704 1449 et
1750 1409 1871 1448 curn
1901 1393 1970 1448 ab
1993 1393 2096 1448 Oc-

519 1486 755 1552 cidente,
800 1485 1111 1559 Zephyrus;
1135 1501 1260 1540 cum
1303 1499 1333 1539 a
1361 1484 1606 1552 meridie,
1647 1485 2033 1551 Auster;cum
2062 1499 2096 1539 a

517 1577 921 1646 Septentrione,
952 1576 1163 1646 Aquilo.
1191 1574 1247 1632 Si
1274 1577 1535 1646 quaeritur
1556 1590 1652 1631 cur
1682 1575 1858 1644 potius
1880 1585 2102 1630 natura-

518 1669 643 1724 liter
665 1683 858 1739 aquam
888 1684 1049 1739 quam
1095 1679 1290 1724 terram
1321 1667 1523 1723 moveri
1553 1665 1814 1732 dicamus.
1871 1679 2100 1735 respono

519 1758 625 1814 deo
653 1777 665 1811 :
693 1759 815 1829 quia
842 1770 1098 1828 perpetuo
1121 1773 1286 1826 aquas
1309 1760 1516 1813 moveri
1541 1757 1801 1824 videmus,
1829 1772 1936 1812 non
1960 1772 2104 1812 scm—

2190 563 2496 618 auvumnaii
2525 562 2710 618 volitat
2737 571 3001 630 tempore,
3025 557 3170 629 quod
3210 554 3358 626 pueri
3386 561 3578 608 vocant
3599 559 3757 606 aesta-

2190 662 2296 709 tem
2317 670 2332 722 ;
2355 655 2500 710 unde
2522 669 2732 709 aranea:
2759 653 2891 708 telas
2908 650 3128 714 faciunt,
3152 648 3240 718 qui
3266 654 3351 701 est
3379 643 3463 699 fex
3486 644 3631 698 aeris
3651 644 3762 698 sole

2189 744 2464 802 desiccati.
2526 745 2791 801 Praterea
2849 743 3024 799 tentis
3068 736 3491 803 imminentibus,
3544 731 3762 788 inferior

2192 835 2294 894 iste
2316 852 2414 894 aer
2451 837 2722 907 superiori
2763 835 3071 900 colliditur;
3121 831 3265 887 unde
3311 827 3560 885 scintillat
3596 825 3766 897 presio

2193 932 2351 998 limit,
2381 948 2501 1004 quae
2551 933 2832 988 stellarum
2881 943 3063 984 casum
3094 927 3408 989 imitantur;
3437 936 3628 978 revera
3672 934 3767 975 au-

2197 1032 2303 1078 tem
2333 1038 2604 1093 nunquam
2645 1023 2819 1094 aliqua
2849 1022 3128 1077 stellarum
3156 1018 3288 1084 fisa,
3319 1029 3414 1070 seu
3447 1027 3600 1083 vaga,
3628 1011 3773 1066 deci-

2194 1113 2295 1180 dit,
2324 1113 2432 1168 imo
2458 1113 2705 1170 scintilla.-
2727 1112 2947 1168 bumido
2965 1110 3078 1166 aeri
3106 1110 3324 1179 allapsc
3345 1105 3776 1173 exstinguuntur,

2196 1216 2253 1263 et
2282 1207 2333 1262 in
2379 1208 2524 1280 agris
2565 1207 2792 1262 inventa:
2819 1202 3136 1276 pblegmatis
3157 1197 3566 1258 similitudinem
3591 1195 3776 1265 expri-

2208 1306 2381 1353 munt.
2413 1297 2550 1354 Sunt
2577 1307 2754 1352 autem
2786 1311 2873 1351 res
2904 1307 3207 1350 venenosa.

2854 1384 2933 1439 De
2967 1384 3116 1438 iride.

2276 1479 2364 1535 Fit
2394 1489 2650 1549 prmterca
2679 1493 2838 1534 arcus
2884 1477 2944 1532 in
2987 1491 3137 1541 aere,
3187 1473 3276 1544 qui
3327 1471 3635 1542 oppositam
3665 1468 3781 1542 pla-

2204 1590 2326 1649 μω
2368 1584 2563 1632 teneta
2592 1576 2741 1642 sole;
2770 1583 2848 1640 et,
2876 1584 2936 1628 ut
2962 1571 3144 1628 dicunt
3177 1569 3403 1644 physici,
3425 1569 3508 1625 sol
3530 1568 3702 1624 nubes
3726 1583 3784 1621 a-

2215 1679 2412 1736 quosas
2437 1673 2493 1721 et
2517 1679 2790 1721 concavas
2826 1663 3153 1728 reverberat,
3185 1676 3289 1716 non
3318 1663 3552 1716 multum
3573 1659 3783 1714 confer-

2215 1766 2318 1826 tas,
2363 1756 2508 1815 unde
2535 1757 2862 1814 diversitatis
2908 1756 3188 1812 mundana:
3215 1755 3426 1810 colores
3467 1754 3579 1809 illis
3607 1753 3789 1807 iunaso

520 1862 620 1920 per
642 1864 843 1904 aerem.
870 1848 926 1904 Si
957 1849 1251 1919 perstiterit
1278 1849 1490 1918 aliquis,
1517 1848 1701 1904 dicens
1737 1866 1752 1904 :
1782 1847 1884 1903 Ubi
1914 1859 1998 1902 est
2017 1846 2101 1901 ef-
2132 1837 2181 1898 Β
2205 1860 2420 1919 cuntur,
2450 1851 2539 1920 qui
2571 1861 2776 1904 tantum
2805 1864 2871 1904 es
2895 1848 3115 1905 minima
3148 1847 3400 1902 distantia
3430 1844 3634 1916 liquide
3670 1844 3784 1899 dis-

531 1941 717 1996 tieiens
743 1956 900 1996 causa
949 1940 1174 2011 alicujus
1219 1940 1321 2009 rei,
1366 1941 1527 1997 debet
1549 1956 1670 1997 esse
1697 1941 1986 2008 electum;
2017 1956 2103 1996 re-

529 2033 790 2098 spondeo,
813 2032 1042 2088 vicinum
1076 2035 1227 2088 illunt
1256 2049 1411 2103 aqua:
1438 2045 1665 2100 motum,
1695 2036 1776 2090 vel
1817 2034 1968 2090 dicas
1995 2049 2100 2089 non

527 2123 725 2193 ubique
749 2125 980 2190 moveri,
1001 2126 1095 2181 sed
1125 2125 1182 2181 in
1210 2127 1410 2196 aliquo.
1463 2127 1567 2182 Alii
1589 2127 1710 2198 quia
1744 2127 1874 2181 levis
1897 2126 2104 2196 crispa-

521 2217 598 2269 tio
625 2217 868 2287 quantum
901 2218 1063 2284 aeris,
1118 2234 1278 2288 quam
1309 2235 1496 2274 auram
1544 2235 1798 2276 vocamus
1823 2219 1878 2275 in
1921 2221 2101 2286 terris,

523 2305 764 2360 aitanum
790 2320 922 2362 vero
968 2307 1023 2362 in
1051 2309 1207 2375 mari,
1239 2309 1544 2365 offendatur
1573 2310 1625 2364 in
1671 2309 1960 2374 montibus,
2004 2309 2104 2365 ibi-

521 2411 629 2466 que
657 2398 1044 2452 tumultuantur
1082 2407 1138 2454 et
1167 2410 1451 2470 augentur.
1504 2401 1606 2456 Alii
1657 2401 1843 2456 dicunt
1871 2401 2105 2456 rationa-

521 2485 620 2542 bili
647 2499 791 2543 motu
825 2491 1025 2544 moveri
1059 2489 1484 2559 firmamentum,
1517 2503 1570 2548 et
1597 2490 1872 2563 subjectos
1916 2494 2102 2562 plane-

524 2589 606 2633 tes
635 2579 723 2648 qui
753 2595 933 2637 acrem
985 2580 1299 2637 inferiorem
1347 2594 1709 2651 commovent,
1751 2595 1808 2640 et
1855 2585 2104 2641 omnibus

525 2673 762 2731 motibus
782 2674 1084 2745 impellunt,
1111 2674 1163 2731 id
1192 2686 1296 2742 est,
1354 2692 1594 2742 sursum,
1642 2675 1921 2742 deorsum,
1973 2677 2106 2732 dex-

526 2775 782 2835 trorsum,
807 2767 1193 2835 sinistrorsum,
1215 2777 1340 2824 ante
1386 2779 1439 2824 et
1483 2777 1745 2835 retro;et
1787 2783 1879 2837 per
1932 2767 2109 2822 circu-

530 2857 665 2924 lum,
696 2860 787 2930 qui
809 2859 955 2915 solus
978 2860 1310 2915 rationabilis
1327 2869 1429 2922 est.
1452 2860 1547 2916 sed
1575 2860 1627 2915 in
1655 2875 1722 2915 eo
1740 2875 1849 2914 non
1873 2853 2109 2929 diu'per-

530 2948 692 3016 sistit,
717 2953 859 3018 quod
890 2953 1052 3017 etiam
1079 2951 1368 3022 aliquando
1392 2952 1844 3020 deprehendimus
1889 2951 1945 3006 in
1995 2960 2110 3006 ture

530 3043 674 3099 hinc.
710 3041 821 3100 Nec
854 3045 1032 3099 turbat
1057 3045 1199 3115 quod
1233 3044 1473 3114 planetas
1504 3042 1948 3099 irrationabiliter
1987 3042 2110 3100 illos

532 3139 733 3194 moveri
762 3139 892 3204 dixi,
924 3140 1024 3196 hoc
1055 3139 1134 3214 ,ῆι
1181 3137 1585 3207 cornparatione
1617 3138 1958 3204 firmamenti,
2013 3134 2103 3206 qui

2207 1941 2374 2012 tingui
2403 1955 2511 1996 non
2557 1947 2801 2008 possunt.
2849 1939 2992 1995 Beda
3020 1948 3196 1994 autem
3225 1937 3355 1993 dicit
3398 1946 3635 2006 quatuor
3676 1947 3795 1988 esse

2205 2031 2414 2086 colores
2436 2029 2697 2095 diversos,
2721 2030 2987 2086 imitantes
3011 2040 3239 2097 quatuor
3272 2028 3540 2084 elementa
3567 2042 3585 2081 :
3614 2024 3799 2080 viridis

2199 2121 2431 2178 viridem
2477 2132 2637 2178 terra:
2657 2121 2994 2192 superﬁciem
3020 2121 3280 2188 imitatur,
3323 2120 3550 2193 glaucus
3580 2135 3794 2190 aquam,

2207 2213 2523 2287 hiacyntbus
2543 2228 2742 2281 acrem,
2767 2215 2965 2271 rubens
2995 2215 3170 2284 ignem
3191 2215 3514 2271 ethereum.
3541 2212 3685 2269 Sunt
3702 2209 3798 2268 ali-

2206 2308 2419 2380 quando
2440 2309 2600 2365 etiam
2622 2310 2728 2365 duo
2749 2324 2930 2376 arcus,
2953 2308 3076 2378 quia
3099 2309 3223 2364 luna
3243 2306 3492 2363 similiter
3513 2321 3702 2362 arcum
3723 2303 3801 2361 fa-

2207 2403 2303 2467 cit,
2333 2402 2547 2474 plenum
2573 2410 2773 2469 tamen,
2790 2404 2913 2472 quia
2936 2416 3041 2456 non
3060 2412 3140 2455 cst
3160 2400 3273 2470 ipsa
3300 2398 3416 2465 iris,
3441 2407 3499 2455 et
3519 2398 3664 2454 solet
3681 2410 3797 2452 esse

2216 2497 2616 2553 imminentibus
2644 2496 2814 2551 ventis
2840 2505 2931 2550 aut
2955 2493 3167 2566 pluviis.
3200 2493 3349 2549 illum
3379 2506 3597 2562 quoque
3628 2502 3800 2546 nautas

2214 2594 2522 2648 observant.
2570 2587 2703 2645 Nam
2727 2605 2796 2644 ex
2828 2603 2894 2644 ea
2913 2598 3065 2658 parte
3084 2601 3186 2659 qua
3211 2584 3438 2657 primum
3464 2583 3800 2649 dissolvitur,

2215 2692 2408 2738 ventos
2452 2690 2544 2736 aut
2572 2679 2774 2751 pluvias
2795 2687 3045 2734 venturas
3067 2692 3187 2734 esse
3215 2688 3581 2747 prrenoscunt.

2846 2771 2925 2827 De
2961 2770 3169 2827 (ethera.

2286 2862 2419 2921 Huic
2449 2864 2561 2919 aeri
2593 2861 2841 2934 proximo
2887 2864 3006 2918 loco
3035 2861 3206 2917 mlier
3245 2861 3522 2926 imminet,
3569 2860 3626 2916 in
3672 2873 3800 2931 qum

2216 2975 2338 3016 rum
2370 2957 2606 3015 conﬁnio
2649 2959 2774 3013 luna
2809 2955 3053 3028 proxima
3083 2958 3206 3014 loco
3234 2966 3341 3022 est,
3389 2973 3553 3026 quam
3587 2952 3800 3028 physici

2220 3059 2422 3110 terram
2445 3052 2736 3107 :etbeream
2767 3061 3090 3106 vocaverunt
3124 3067 3140 3105 :
3176 3051 3355 3106 forsan
3386 3049 3531 3117 ideo,
3553 3050 3680 3122 quia
3700 3051 3800 3106 sic-

2224 3154 2283 3197 ut
2329 3151 2474 3198 terra
2502 3155 2532 3194 a
2560 3141 2774 3195 terendo
2804 3139 3020 3205 dicitur,
3049 3140 3122 3196 ita
3148 3140 3240 3210 qui
3268 3155 3299 3195 a
3328 3141 3634 3196 caelestium
3684 3154 3803 3196 cura

533 3229 601 3284 ab
625 3229 810 3286 eodem
835 3201 995 3285 cursu
1018 3204 1291 3301 «iniquam
1310 3201 1562 3286 desistit.
1597 3230 1832 3285 Pisuetae
1871 3201 1999 3285 vero
2027 3201 2114 3285 dio
2137 3201 2407 3304 Capetum
2450 3233 2769 3302 purgatione
2796 3201 3017 3297 teritur,
3035 3233 3087 3287 in
3111 3201 3292 3286 limam
3315 3231 3596 3301 recipitur.
3622 3231 3689 3287 Et
3707 3231 3808 3287 hoc

538 3326 710 3379 versis
733 3323 988 3379 tractibus
1017 3324 1295 3381 labuntur.

1136 3417 1214 3473 De
1243 3417 1478 3491 fulmine.

612 3508 849 3578 Denique
869 3508 1168 3565 cardinales
1190 3510 1332 3565 venti
1355 3521 1461 3565 tres
1490 3512 1835 3577 conveniunt,
1858 3522 1913 3566 et
1942 3511 2114 3566 nubes

540 3600 867 3670 compellunt
900 3611 1044 3657 tanta
1074 3603 1148 3670 vi,
1174 3612 1230 3658 ut
1255 3619 1316 3658 es
1340 3604 1619 3660 collisione
1643 3604 1728 3659 illa
1754 3615 2001 3660 nascatur
2025 3619 2117 3658 so-

538 3692 704 3758 nitus,
737 3701 792 3748 et
821 3692 1041 3748 claritas
1093 3694 1357 3763 quaedam.
1408 3695 1561 3763 Quod
1606 3695 1846 3749 auditum
1874 3693 2117 3761 offendit,

541 3781 826 3837 tonitruum
847 3795 927 3839 est
955 3786 1130 3855 :quod
1162 3786 1356 3855 visum,
1377 3781 1550 3854 fulgur
1573 3785 1658 3842 vel
1679 3786 1992 3856 fulguratio;
2031 3785 2121 3855 qui

544 3875 688 3941 ferit,
708 3876 901 3931 fulmen
919 3877 1134 3964 dicitur.
1156 3874 1398 3932 Nascitur
1425 3878 1495 3932 ibi
1516 3888 1769 3948 praeterea
1800 3879 2013 3949 quidam
2038 3878 2122 3932 la-

543 3968 650 4037 pis,
672 3970 762 4039 qui
789 3971 868 4024 vel
892 3969 1066 4024 nimia:
1088 3971 1495 4040 compressioni,
1520 3970 1602 4026 vel
1623 3971 1789 4025 nimio
1825 3970 2011 4035 calori,
2039 3970 2123 4025 vel

545 4061 712 4116 nimio
731 4062 937 4132 frigori,
961 4073 1138 4133 potest
1155 4062 1392 4129 attribui,
1410 4065 1531 4132 quia
1546 4052 1823 4134 expressio
1841 4063 2008 4134 possit
2023 4062 2124 4118 hoc

548 4154 789 4209 efficere.
826 4152 1048 4210 Videtur
1075 4153 1204 4209 satis
1231 4154 1318 4209 ubi
1345 4155 1552 4212 lacteus
1571 4154 1767 4210 humor
1784 4153 2120 4224 coagulatur,

549 4244 641 4311 qui
665 4259 791 4300 vero
816 4244 965 4300 calor
991 4245 1220 4302 diversis
1246 4247 1420 4302 modis
1447 4261 1535 4304 res
1557 4248 1788 4304 mulceat
1813 4256 1907 4302 aut
1929 4261 2127 4302 conso-

552 4335 699 4400 lidet,
731 4344 955 4404 apparet
982 4336 1034 4390 in
1065 4338 1219 4393 limo.
1249 4338 1400 4406 Quod
1444 4348 1624 4395 autem
1662 4339 1829 4410 frigus
1871 4338 2125 4394 duritiem

550 4427 729 4494 faciat,
761 4427 972 4483 videtur
997 4426 1052 4482 in
1080 4429 1306 4484 metallis
1333 4429 1648 4500 liquefactis,
1677 4439 1738 4485 ut
1761 4430 1922 4486 etiam
1939 4431 1993 4485 in
2021 4429 2130 4486 fer-

555 4535 617 4573 ro
643 4535 660 4585 ;
685 4517 888 4586 lapides
915 4517 1145 4575 dissilire
1175 4519 1322 4589 facit,
1354 4521 1554 4592 lignum
1576 4521 1749 4587 findit,
1776 4535 1972 4593 aquam
1997 4534 2128 4576 con-

551 4609 792 4680 stringit,
844 4608 1040 4664 Dicunt
1071 4609 1184 4676 alii,
1237 4611 1379 4682 quod
1410 4613 1627 4683 quidam
1671 4627 1888 4668 crassus
1934 4622 2128 4667 ventus

553 4703 892 4759 contineatur
915 4703 967 4758 in
998 4704 1248 4772 nubibus,
1280 4706 1369 4774 qni
1415 4706 1539 4760 dum
1591 4702 1845 4775 erumpit,
1893 4707 2128 4761 sonitum

559 4793 710 4863 facit,
741 4796 894 4866 cujus
923 4796 1003 4852 rei
1027 4795 1397 4865 probationem
1437 4797 1532 4851 dat
1557 4806 1747 4852 ventus
1775 4795 1954 4852 vesica
1991 4810 2127 4850 con-

552 4897 761 4957 ceptus,
784 4903 904 4955 qua:
931 4888 1165 4958 displosa
1196 4885 1464 4942 violenter
1510 4883 1738 4944 intonat.
1797 4886 1902 4943 Alii
1950 4887 2136 4943 dicunt

563 4989 772 5036 atomos
801 4980 1041 5036 humoris
1087 4981 1412 5050 vaporaliter
1462 4984 1777 5050 ascendere,
1827 4991 1886 5040 et
1931 4981 2132 5054 ignium

559 5073 877 5128 caunialiter
904 5073 1253 5138 descendere,
1277 5074 1334 5128 in
1356 5088 1580 5142 quorum
1608 5083 1876 5131 conventu
1900 5075 2136 5132 nascitur

569 5149 662 5219 ille
686 5166 914 5228 sonitus.
941 5165 1204 5235 daturque
1250 5167 1542 5223 similitudo
1586 5169 1829 5238 quadarn
1876 5163 1945 5227 de
1983 5169 2138 5229 fabro

556 5253 759 5311 ferrum
777 5257 1002 5312 calidum
1032 5257 1265 5327 tingente
1295 5258 1346 5313 in
1372 5274 1528 5328 aqua.

1227 5345 1303 5403 De
1336 5365 1470 5405 rore.

635 5438 878 5497 Desudat
904 5427 1114 5510 quoque
1143 5440 1196 5497 in
1237 5457 1363 5499 aere
1385 5459 1494 5509 ros,
1525 5436 1614 5515 qni
1638 5447 1779 5501 lunze
1807 5449 2135 5517 attribuitur,

562 5544 630 5584 eo
657 5530 799 5602 quod
826 5532 914 5586 illa
943 5533 1012 5586 sit
1052 5536 1284 5589 cribrum
1314 5537 1630 5593 cuilestiutn.
1687 5540 1790 5596 Alii
1843 5545 2138 5600 attribuunt

565 5619 783 5690 Veneri,
805 5617 1101 5694 eademque
1131 5635 1186 5681 et
1215 5641 1438 5697 vespere
1460 5637 1515 5684 et
1536 5645 1724 5695 mane;
1747 5631 1837 5700 qui
1870 5632 1916 5687 si
1941 5632 2138 5704 frigore

566 5714 908 5783 praevenitur,
961 5717 1150 5785 pruina
1177 5715 1429 5792 efficitur.
1484 5717 1684 5775 Cautus
1728 5738 1959 5794 quoque.
1987 5740 2136 5795 gros-

564 5817 684 5862 sum
716 5805 793 5875 lit,
826 5807 968 5864 cadit
994 5809 1179 5879 pruina
1213 5811 1266 5866 in
1289 5795 1500 5881 frigoris
1524 5815 1750 5870 maxima
1774 5818 2016 5888 uredine,
2045 5819 2139 5890 qui

2220 3341 2251 3381 a
2272 3326 2388 3380 sole
2417 3334 2495 3387 ut.
2527 3325 2579 3379 in
2608 3324 2812 3394 speculi
2852 3322 3227 3388 similitudine,
3259 3323 3665 3390 reverberetur,
3707 3337 3803 3393 op.

2219 3419 2454 3490 ponitur.
2498 3418 2740 3473 Lunares
2783 3428 2963 3473 autem
2996 3416 3206 3488 plurimi
3234 3425 3363 3472 sunt
3387 3416 3590 3473 anima:
3619 3431 3808 3473 ascen.

2218 3513 2428 3578 dentes,
2451 3511 2532 3567 vel
2554 3511 2958 3577 descendentes,
2981 3525 3099 3581 qua:
3115 3511 3169 3564 in
3192 3509 3416 3580 singulis
3436 3509 3667 3579 διήιεὼ
3680 3506 3806 3578 quid
3837 3577 3851 3590 .

2224 3614 2545 3670 acceperant
2565 3601 2924 3657 obvolutionis
2946 3600 3253 3670 relinquunt
3274 3601 3370 3666 ibi,
3392 3601 3474 3656 vel
3496 3608 3806 3664 assumunt,

2225 3696 2338 3751 sive
2375 3691 2802 3750 cacodazniones.
2835 3693 2985 3761 Quod
3013 3700 3192 3748 autem
3241 3690 3378 3747 furvi
3400 3691 3604 3748 habere
3629 3692 3804 3747 viden-

2225 3797 2310 3844 tur
2334 3789 2388 3842 in
2415 3787 2614 3855 medio,
2638 3785 2745 3843 hoc
2769 3787 3039 3856 prxtlictae
3059 3800 3235 3843 causa
3261 3785 3456 3856 poterit
3482 3785 3706 3842 ascribi.

2800 3877 2877 3934 De
2902 3881 3050 3950 {unto
3080 3879 3235 3934 furta.

2313 3974 2461 4031 Luna
2487 3989 2558 4030 ex
2579 3984 2809 4046 quatuor
2848 3981 3060 4027 constat
3103 3969 3411 4034 elementis,
3463 3967 3560 4024 sed
3595 3968 3694 4023 tria
3723 3967 3808 4022 illa

2224 4063 2490 4121 elementa
2518 4062 2657 4118 bene
2699 4061 2800 4117 sibi
2831 4060 3113 4116 commista
3145 4068 3270 4114 sunt
3300 4067 3356 4114 et
3379 4059 3634 4128 levigata.
3681 4057 3806 4114 Nam

2226 4165 2284 4212 et
2326 4154 2642 4210 naturaliter
2677 4162 2800 4208 sunt
2850 4151 3161 4223 perspicua,
3204 4163 3258 4208 et
3298 4151 3368 4206 de
3397 4164 3457 4206 se
3482 4152 3660 4206 lucem
3691 4152 3808 4205 red-

2227 4249 2384 4305 dunt.
2404 4245 2575 4303 Terra
2602 4254 2780 4300 autem
2810 4244 2866 4300 in
2895 4243 2990 4298 illo
3018 4243 3137 4298 loco
3168 4258 3273 4298 non
3302 4242 3444 4299 bene
3465 4242 3583 4297 aliis
3611 4241 3804 4296 admis-

2231 4354 2283 4398 ta
2310 4353 2416 4406 est,
2447 4357 2548 4397 nec
2575 4339 2642 4396 de
2669 4355 2730 4395 se
2760 4340 2933 4396 lucem
2965 4340 3216 4403 effundit,
3241 4345 3297 4394 et
3318 4343 3506 4394 scabra
3527 4350 3613 4395 est
3644 4337 3696 4393 in
3719 4336 3806 4391 illo

2231 4431 2368 4489 loco.
2393 4432 2654 4489 Scabrum
2685 4434 2866 4487 autem
2897 4439 3002 4497 est,
3049 4432 3190 4502 quod
3225 4431 3473 4502 rubigine
3520 4431 3808 4488 obductum

2231 4509 2452 4595 est,i'aut
2472 4525 2808 4595 allevigatum
2835 4526 3114 4579 remansit.
3143 4524 3316 4579 liabet
3345 4523 3462 4578 haec
3484 4525 3678 4593 figuras
3697 4536 3808 4591 scp-

2235 4629 2363 4674 tern.
2395 4618 2527 4673 Nam
2561 4616 2836 4673 mouoidns
2863 4618 2931 4671 ab
2958 4617 3161 4672 unitate
3194 4615 3413 4682 dicitur,
3467 4631 3592 4671 eum
3636 4617 3807 4688 prima

2235 4718 2352 4777 est;
2407 4705 2770 4773 diehotomos,
2802 4707 2891 4763 vel
2923 4707 3232 4777 diatomos,
3287 4723 3416 4763 cum
3468 4709 3641 4764 media
3696 4715 3804 4771 est;

2234 4804 2369 4875 dyas
2397 4803 2542 4857 enim
2572 4802 2680 4856 duo
2708 4800 2920 4864 dicitur,
2945 4813 3121 4855 tomos
3184 4800 3376 4864 sectio,
3423 4801 3803 4869 amphicyrtos,

2235 4898 2287 4952 id
2317 4903 2425 4960 est,
2475 4898 2618 4950 circa
2667 4893 3069 4948 rotunditatem.
3124 4893 3220 4948 Est
3268 4893 3609 4962 plenilunium
3641 4891 3691 4945 in
3719 4889 3804 4944 deo

2235 4987 2545 5052 crescendo,
2577 4985 2704 5041 item
2731 4994 2816 5040 est
2841 4984 3243 5056 ampbicyrtos,
3294 4995 3414 5053 post
3450 4983 3802 5053 dichotomos,

2237 5087 2293 5137 et
2323 5080 2449 5136 inde
2477 5078 2779 5134 monoidos.

2671 5163 2748 5226 De
2783 5169 2960 5241 ecfipsi
2995 5169 3120 5225 solis
3152 5179 3202 5225 et
3230 5173 3387 5225 (unc.

2309 5253 2460 5322 Luna
2490 5280 2700 5335 quoque
2729 5262 2815 5320 illa
2844 5280 3055 5333 semper
3085 5265 3224 5334 pleni
3253 5264 3399 5320 orbis
3425 5273 3529 5319 est.
3574 5263 3703 5318 Nam
3743 5275 3802 5314 ex

2237 5374 2302 5416 ea
2327 5370 2477 5432 parte
2503 5374 2606 5430 qua
2636 5360 2805 5414 solem
2852 5359 3094 5426 respicit,
3127 5371 3343 5427 semper
3370 5357 3525 5426 plena
3555 5364 3672 5422 est;
3715 5354 3803 5408 sed

2237 5449 2523 5523 aliquando
2535 5459 2668 5514 tota,
2689 5450 2770 5505 vel
2791 5466 2856 5505 ex
2875 5458 3050 5518 parte,
3068 5450 3398 5512 obscuratur.
3419 5463 3540 5504 eum
3555 5459 3637 5504 est
3655 5461 3807 5518 quar-

2243 5553 2293 5599 ta
2321 5542 2548 5608 decima,
2577 5543 2660 5597 vel
2689 5542 2892 5598 decima
2923 5543 3129 5610 quinta,
3152 5544 3196 5599 si
3219 5542 3286 5598 sit
3313 5542 3364 5598 in
3383 5541 3624 5615 ecliptica
3651 5542 3804 5608 linea,

2241 5642 2294 5689 et
2323 5649 2418 5704 per
2442 5634 2768 5689 diametrum
2797 5633 2896 5689 soli
2932 5634 3200 5703 opposita.
3259 5631 3530 5688 Diameter
3550 5643 3631 5688 est
3670 5632 3802 5686 linea

2241 5743 2360 5799 qua:
2399 5726 2683 5796 aliquando
2720 5727 2947 5796 partitur
3001 5724 3077 5795 in]
3106 5725 3236 5781 duas
3287 5723 3628 5790 medietates;
3679 5723 3804 5792 dyas

2229 5819 2384 5876 enim
2408 5818 2645 5876 biuarius
2673 5826 2779 5884 est,
2801 5828 3034 5889 metron,
3064 5831 3315 5877 mensura
3337 5833 3361 5887 ;-
3379 5833 3504 5875 nam
3531 5827 3649 5874 tunc
3670 5825 3797 5871 terra
