4098 6208
1587 394 1799 453 ειυμιδι
1837 394 2312 458 οοδετιτυτιο,

3459 408 3577 467 890'

317 509 370 561 in
390 503 562 560 medio
589 502 782 571 posita,
807 502 983 559 lumen
1012 502 1138 559 solis
1161 520 1228 560 ne
1258 504 1398 560 luna:
1427 505 1733 562 infundatur
1778 509 1880 562 imc
1909 512 1959 570 Α
1989 510 2097 564 rius
2122 526 2242 567 cum
2269 511 2336 568 ad
2371 514 2435 569 12
2468 522 2668 585 partem
2720 517 2942 583 venerit,
2978 519 3181 575 videtur
3221 523 3356 578 sicut
3377 533 3431 579 et
3460 526 3553 579 lu-

317 597 484 667 pedit,
512 604 566 651 et
594 596 816 652 verbera
845 596 963 665 ejus
995 598 1061 650 ad
1091 598 1269 651 lunam
1298 612 1466 667 usque
1519 598 1881 667 protenditur,

314 701 365 746 et
389 698 480 747 est
499 690 713 759 eclipsis
744 690 904 756 laure,
927 691 1066 759 quod
1088 690 1373 759 deliquium
1397 690 1649 746 dicimus.
1680 691 1764 745 Fit
1783 708 1882 746 au-

313 796 418 841 tem
445 794 556 840 tam
582 786 634 840 in
663 786 900 841 inferiori
927 787 1302 855 hemisphaerio
1324 802 1480 857 quam
1516 789 1568 842 in
1598 788 1881 857 superiori,

311 885 418 931 tam
462 877 517 930 in
542 877 762 931 Oriente
789 892 946 947 quam
989 877 1041 931 in
1065 877 1369 934 Occidente.
1399 880 1512 934 Non
1545 890 1719 958 tamen
1749 896 1888 935 sern-

310 981 405 1037 per
453 967 532 1035 lit,
562 980 683 1023 cum
713 976 797 1024 est
841 967 1048 1023 decima
1077 979 1286 1036 quarta.
1330 970 1409 1023 vel
1440 970 1642 1025 decima
1673 970 1878 1041 quinta,

308 1057 403 1114 sed
434 1068 556 1127 post
576 1073 670 1114 sex
690 1073 902 1114 menses
932 1075 1165 1127 semper.
1196 1059 1325 1115 Cum
1359 1071 1536 1117 autem
1588 1063 1640 1116 in
1688 1063 1880 1117 eodem

305 1149 463 1221 signo
488 1150 546 1204 lit
572 1159 629 1205 et
677 1150 867 1206 eodem
899 1166 1106 1216 mense,
1159 1168 1259 1205 non
1292 1152 1390 1207 nisi
1445 1162 1565 1222 post
1595 1153 1884 1209 novemde-

305 1243 409 1297 eim
439 1256 632 1298 annos.
657 1241 790 1299 Cum
815 1253 991 1298 autem
1021 1243 1072 1298 in
1103 1245 1289 1298 eodem
1316 1246 1491 1314 signo,
1516 1255 1570 1300 et
1597 1261 1801 1314 mense,
1827 1257 1884 1303 et

303 1328 441 1402 signi
466 1341 634 1401 parte,
671 1349 775 1387 non
811 1335 911 1388 nisi
950 1343 1067 1400 post
1096 1345 1158 1388 tv
1189 1349 1356 1389 annos
1381 1335 1580 1390 evenit.
1609 1335 1762 1403 Quod
1789 1351 1882 1392 ve-

305 1437 368 1479 ro
390 1425 446 1478 in
490 1423 680 1480 eodem
708 1427 881 1496 signo,
926 1441 1132 1492 mense,
1162 1438 1332 1496 parte,
1359 1429 1627 1484 revocatis
1675 1429 1882 1483 cunctis

306 1514 539 1584 planetis
565 1514 631 1570 ad
662 1516 836 1571 locum
867 1532 1039 1580 suum,
1095 1533 1200 1571 non
1252 1515 1352 1572 nisi
1404 1526 1524 1587 post
1577 1517 1878 1588 quindecim

301 1620 519 1662 menses
543 1621 804 1662 annorqu
833 1610 913 1663 lit.
952 1601 1183 1677 Eclipsis
1211 1608 1342 1663 solis
1373 1608 1426 1662 in
1459 1610 1725 1680 trigesima
1755 1609 1877 1665 luna

302 1697 386 1764 fit,
413 1697 498 1753 sol
526 1695 788 1766 eclipsim.
841 1697 968 1754 Nam
995 1700 1229 1756 declinat
1261 1700 1345 1757 vel
1374 1702 1439 1756 ad
1485 1701 1761 1767 Austrum,
1795 1703 1878 1759 vel

300 1790 368 1844 ad
414 1790 876 1860 Septentrionem.
928 1791 1061 1847 Cum
1108 1805 1286 1849 autem
1315 1791 1393 1848 sol
1428 1794 1479 1849 in
1509 1796 1698 1850 eodem
1725 1797 1877 1866 signo

1988 615 2076 654 na.
2114 599 2287 658 Venus
2333 619 2461 660 vero
2508 623 2628 661 cum
2681 608 2746 663 ad
2776 609 2806 662 7
2861 621 3062 678 partem
3095 613 3230 683 signi
3261 629 3288 666 a
3321 614 3434 670 sole
3464 632 3555 673 re-

1985 697 2222 760 cesserit,
2262 697 2466 753 vidctur
2493 703 2642 768 quasi
2667 701 2776 771 jam
2807 704 2996 767 major.
3021 703 3407 775 Lunaquoque
3436 709 3557 775 ibi-

1986 789 2106 839 dem
2130 787 2419 856 videretur,
2444 795 2486 847 si
2511 795 2779 864 proprium
2803 797 2980 851 lumen
3011 799 3249 852 haberet.
3279 773 3552 866 Quodcu-

1987 890 2093 935 tem
2123 885 2426 952 superiores
2457 895 2511 940 et
2539 888 2819 946 inferiores
2847 892 2961 947 sole
2983 890 3248 962 feruntur,
3279 895 3555 965 tripliciter

1986 987 2080 1042 per
2111 974 2444 1044 conjecturas
2475 979 2795 1048 ostenditur,
2840 983 2955 1039 sive
2995 999 3090 1051 per
3119 986 3552 1045 intersectionem

1984 1063 2325 1134 circulorum,
2358 1068 2474 1124 sive
2513 1071 2652 1140 quod
2702 1074 2808 1127 sint
2855 1077 3100 1147 eplcycli,
3131 1077 3182 1132 id
3233 1087 3335 1145 est,
3365 1096 3553 1149 supcr-

1984 1153 2273 1214 circulares
2298 1168 2493 1214 terram
2525 1178 2630 1216 non
2662 1163 2907 1219 habendo
2932 1175 3196 1235 centrum,
3222 1171 3390 1226 solem
3417 1188 3548 1242 qua-

1983 1247 2029 1302 si
2059 1260 2299 1306 centrum
2325 1268 2512 1308 cursus
2543 1256 2625 1309 sui
2646 1256 2903 1323 efficiunt,
2948 1262 3061 1317 sive
3090 1263 3423 1322 altitudinem
3469 1259 3561 1322 sui?

1984 1339 2050 1395 lis
2078 1342 2260 1396 circuli
2292 1347 2618 1401 emetiuntur
2643 1350 2845 1405 obtusis
2873 1352 2985 1408 sive
3013 1356 3184 1410 acutis
3201 1351 3550 1427 anfractibus,

1984 1433 2423 1500 quemadmodum
2457 1439 2786 1496 latitudinem
2819 1445 3019 1499 zodiaci
3053 1447 3276 1515 planetu:
3298 1451 3553 1514 evadunt,

1981 1539 2098 1592 qua
2125 1526 2362 1594 subjecta
2392 1530 2562 1585 oculis
2608 1533 2812 1600 pictura
2854 1535 3203 1593 demonstrat.
3259 1540 3364 1594 Sed
3411 1557 3545 1608 quo-

1982 1614 2121 1668 niam
2172 1617 2498 1675 cntionem
2552 1626 2818 1690 quomodo
2865 1627 3140 1683 zodiacum
3186 1631 3553 1700 perambulent

1982 1706 2223 1779 fecimus,
2247 1711 2454 1781 plenius
2481 1714 2603 1771 inde
2624 1718 2882 1775 dicamus.

2510 1807 2589 1863 De
2632 1809 2779 1865 lineis
2806 1813 3024 1866 zodiaci.

302 1884 508 1952 pariter
542 1894 595 1939 et
626 1899 811 1940 mense
840 1884 918 1950 fit,
949 1894 1068 1956 post
1097 1900 1166 1940 ιν
1214 1900 1418 1952 annos;
1450 1883 1543 1942 sed
1572 1887 1657 1956 qui
1685 1887 1872 1943 eodem
1909 1856 1955 1918 Β
2052 1890 2231 1948 Venus
2255 1903 2311 1949 et
2365 1894 2486 1950 luna
2531 1900 2599 1952 ad
2649 1902 3011 1957 extremitates
3058 1905 3256 1961 zodiaci
3303 1909 3550 1978 perlatas,

297 1976 474 2043 signo,
500 1991 685 2032 mense
727 1987 783 2033 et
833 1987 984 2046 parte
1009 1977 1086 2047 fit,
1119 1979 1384 2033 revocatis
1412 1979 1661 2033 omnibus
1708 1980 1876 2034 stellis
1917 1979 1920 1982 “

296 2069 361 2125 ad
390 2069 630 2140 priorem
656 2069 851 2133 locum,
885 2071 983 2125 hoc
1005 2080 1108 2138 est,
1138 2081 1257 2140 post
1282 2087 1352 2126 xv
1397 2072 1558 2127 millia
1586 2087 1878 2129 annorum.

762 2164 838 2218 De
865 2163 1044 2218 ordine
1070 2166 1412 2236 planetarum.

363 2254 518 2310 Nunc
539 2255 608 2311 de
629 2255 911 2311 ordinibus
936 2255 1288 2312 disseramus.
1321 2257 1494 2323 Plato,
1522 2272 1749 2327 sequens
1780 2257 1877 2314 Ε-

297 2349 535 2420 gyptios,
565 2347 656 2418 qui
682 2351 785 2405 hoc
806 2361 1211 2418 persuaserunt,
1261 2351 1314 2404 in
1365 2352 1605 2419 proxima
1654 2354 1874 2420 regione

290 2453 410 2512 post
429 2441 614 2498 lunam
641 2442 812 2498 solem
841 2443 1072 2497 asseruit
1103 2442 1204 2497 hac
1234 2442 1460 2497 ratione.
1489 2443 1632 2498 Luna
1658 2445 1872 2514 proprio

294 2539 492 2597 lumine
522 2538 836 2608 caret,quia
865 2549 1138 2594 mutuatur
1159 2554 1187 2591 a
1211 2538 1348 2594 sole.
1381 2537 1511 2594 Nam
1543 2540 1586 2593 si
1615 2539 1792 2594 Venus
1814 2549 1872 2595 et

288 2627 587 2685 Mercurius
634 2627 711 2684 illi
757 2639 812 2685 et
861 2629 999 2684 lunae
1055 2627 1539 2695 interponerentur,
1588 2628 1874 2697 aliquando

285 2721 411 2777 solis
449 2719 633 2775 lumen
663 2719 1029 2790 prariperent.
1083 2720 1237 2774 Ratio
1283 2719 1496 2785 quidem
1542 2734 1707 2788 parva
1757 2728 1863 2785 est,

287 2825 406 2869 nam
429 2813 610 2870 omnis
645 2814 832 2869 umbra
860 2815 1082 2870 mineris
1106 2814 1370 2884 corporis,
1395 2829 1424 2868 a
1455 2812 1642 2882 majori
1667 2814 1869 2870 lumine

288 2912 448 2973 tecta,
480 2914 828 2970 extenuatur,
847 2920 944 2960 nec
979 2905 1135 2976 longe
1181 2904 1545 2974 protenditur;
1576 2907 1762 2973 sicque
1787 2905 1868 2959 hae

283 2998 398 3052 duae
422 2998 562 3053 nihil
594 2999 734 3053 luna
762 2997 1104 3067 impedirent.
1136 2996 1340 3052 Tullius
1369 2997 1652 3052 Chaldzcos
1682 2996 1861 3066 sequi-

287 3097 384 3154 tur,
417 3089 604 3146 dicens
625 3090 795 3144 solem
821 3090 1054 3146 medium
1085 3089 1418 3159 planetarum
1446 3103 1568 3143 esse
1608 3103 1855 3156 numero,

283 3193 382 3235 non
406 3181 605 3251 spatio,
635 3197 754 3237 nam
785 3183 906 3252 plus
936 3197 965 3237 a
995 3183 1333 3240 firmamento
1356 3197 1513 3252 quam
1533 3198 1563 3236 a
1592 3192 1730 3237 terra
1763 3197 1849 3237 re—

279 3269 456 3328 c'essit.
509 3274 627 3329 Non
655 3281 836 3329 amen
880 3288 1136 3345 negamus
1165 3273 1424 3329 Venerem
1455 3281 1509 3328 et
1537 3273 1854 3329 Mercurium

279 3363 567 3434 aliquando
593 3366 923 3434 superiores,
953 3365 1092 3436 quod
1124 3367 1290 3420 etiam
1315 3365 1551 3419 liistorire
1603 3367 1852 3434 probant.

280 3461 510 3519 lla'betur
540 3464 764 3534 enimin
790 3463 1010 3519 historia
1049 3463 1227 3518 Caroli
1255 3463 1396 3533 quod
1445 3462 1739 3517 Mercurius
1762 3479 1857 3532 per

279 3568 462 3610 novem
485 3555 606 3609 dies
627 3555 678 3610 in
702 3556 816 3610 sole
841 3563 1090 3624 tanquam
1114 3553 1320 3608 macula
1343 3563 1646 3623 appareret.
1674 3552 1854 3620 Quan-

275 3649 342 3703 do
372 3665 501 3705 vero
541 3650 824 3706 intraverit
863 3652 950 3704 vel
989 3650 1239 3712 exiverit,
1289 3649 1458 3711 nubes
1505 3649 1855 3717 pcrliibebant

276 3740 478 3797 videre.
511 3740 570 3794 In
606 3740 846 3799 Romana
874 3754 1090 3810 quoque
1123 3739 1340 3794 historia
1372 3739 1588 3808 dicitur,
1613 3741 1854 3810 Augusto

278 3829 483 3885 Caesare
525 3830 672 3886 Julio
699 3830 950 3900 adoptivo
997 3830 1131 3899 patri
1177 3829 1426 3884 funebres
1456 3831 1740 3899 exsequias
1770 3830 1851 3883 la-

279 3921 468 3990 ciente,
503 3920 765 3977 Venerem
799 3920 1031 3987 fulsisse,
1061 3936 1216 3990 quam
1241 3921 1356 3990 ejus
1382 3920 1589 3976 stellam
1620 3922 1846 3977 censuit.

281 4011 341 4067 Ili
367 4013 470 4069 duo
501 4029 622 4068 cum
653 4013 787 4069 infra
811 4013 979 4068 solem
1009 4020 1154 4078 sunt,
1197 4013 1342 4067 clare
1370 4011 1615 4066 videntur
1645 4009 1698 4065 in
1729 4026 1846 4066 me-

278 4103 429 4161 ridie.
456 4104 630 4160 Causa
660 4121 788 4161 vero
833 4115 937 4175 est,
960 4105 1081 4174 quia
1112 4114 1239 4161 sunt
1276 4106 1559 4161 viciniores
1588 4115 1763 4173 terrae,
1796 4113 1850 4161 et

278 4197 504 4267 majores
529 4207 806 4267 apparent,
840 4213 940 4254 nec
966 4198 1049 4254 sol
1078 4198 1197 4253 illas
1225 4197 1498 4254 obscurat.
1529 4195 1661 4252 Cum
1715 4212 1845 4251 vero

274 4299 430 4354 supra
450 4288 625 4343 solem
647 4296 793 4354 sunt,
815 4289 1031 4344 claritas
1058 4288 1178 4358 ejus
1199 4302 1305 4343 non
1337 4287 1592 4356 permittit
1620 4288 1740 4342 illas’
1767 4286 1847 4342 νίς

269 4377 402 4444 deri,
435 4390 684 4450 tanquam
725 4379 836 4452 jam
876 4381 984 4437 sint
1011 4380 1284 4449 minores;
1311 4394 1433 4436 cum
1462 4379 1668 4436 directe
1712 4396 1844 4450 quo-

270 4482 370 4536 que
393 4471 476 4526 sol
504 4471 628 4527 illas
657 4471 980 4538 reverberat,
1007 4481 1065 4527 ut
1092 4480 1216 4528 ante
1243 4472 1327 4528 vel
1346 4478 1494 4528 retro
1522 4477 1742 4542 positas,
1765 4475 1839 4527 si-

267 4560 456 4618 militer
474 4573 571 4618 aut
598 4563 886 4629 modicum,
920 4574 1012 4618 aut
1042 4563 1262 4620 minime
1285 4562 1549 4618 videntur.

646 4653 724 4710 De
745 4657 926 4712 medice
952 4656 1090 4711 tunc
1117 4657 1443 4712 obscuritate.

333 4740 408 4798 De
455 4743 582 4800 luna
629 4759 843 4817 quoque
889 4744 1011 4801 talis
1054 4745 1283 4802 habetur
1334 4748 1662 4817 conjectura,
1696 4748 1834 4818 quod

263 4831 332 4887 sit
355 4834 601 4904 quaedam
636 4837 901 4892 nubecula
920 4836 1058 4893 inter
1086 4851 1185 4892 nos
1212 4848 1266 4894 et
1294 4839 1471 4894 lunam
1499 4840 1697 4910 posita,
1729 4841 1833 4894 im-

263 4922 476 4991 pediens
502 4926 659 4981 nobis
689 4928 880 4995 partim
910 4928 1206 4985 claritatem
1236 4929 1406 4996 lunia;
1437 4945 1560 4986 nam
1590 4930 1706 5002 ipsa
1728 4933 1830 4988 ad-

262 5015 606 5072 ministrari:
632 5024 718 5073 est
736 5018 1086 5087 corpulentia
1115 5029 1221 5074 tam
1261 5020 1630 5088 superioribus
1670 5039 1830 5094 quam

263 5102 619 5177 inferioribus,
665 5117 725 5164 et
760 5110 1064 5164 cribrantur
1112 5111 1185 5166 ibi
1212 5111 1428 5180 quidam
1459 5114 1646 5182 atomi,
1679 5116 1832 5184 cujus

265 5191 567 5262 liquidiores
585 5208 768 5266 partes
797 5213 1010 5256 sursum
1038 5200 1166 5256 dant
1192 5202 1604 5270 corpulentiam.
1633 5205 1830 5260 Sordi-

263 5286 434 5343 diores
457 5300 636 5346 autem
663 5290 748 5345 his
763 5291 1107 5346 inferioribus
1128 5301 1180 5345 et
1208 5291 1424 5347 caducis
1448 5291 1829 5365 infunduntur,

264 5386 316 5433 et
339 5378 410 5435 ibi
424 5393 735 5451 evaporant.
765 5383 968 5438 Lunam
983 5385 1256 5452 quoquein
1270 5399 1332 5440 ea
1357 5394 1505 5454 parte
1525 5388 1828 5456 aspectibus

263 5474 448 5528 nostris
467 5475 749 5542 subtrahit,
773 5477 1217 5546 quemadmodum
1242 5479 1459 5542 nebula,
1492 5495 1612 5549 qua:
1641 5480 1728 5535 ubi
1757 5479 1828 5538 de

260 5564 520 5620 motibus
537 5566 771 5633 exhalat,
806 5567 980 5622 oculis
1022 5568 1169 5621 illum
1211 5568 1407 5624 nostris
1429 5568 1500 5624 ibi
1523 5571 1824 5631 abscondit.

637 5657 718 5713 De
756 5658 995 5730 epicgclis
1040 5668 1089 5714 et
1135 5661 1434 5716 intersectis.

321 5742 537 5812 Quando
566 5743 745 5806 Venus
767 5757 827 5806 et
866 5751 1159 5808 Mercurius
1209 5752 1342 5807 solis
1382 5753 1678 5822 vicinitate,
1736 5754 1822 5813 vel

260 5839 561 5932 testatione,
618 5841 922 5913 videantur.
968 5845 1052 5904 vel
1079 5860 1186 5904 son
1238 5847 1547 5906 videantur.
1604 5850 1816 5908 Mercu-

1978 1981 2253 2037 dnodecini
2285 1984 2452 2042 lineas
2498 1988 2651 2043 divisi
2685 1993 3017 2060 perveniunt.
3066 1995 3244 2052 Venus
3285 2007 3463 2054 tamen
3496 2003 3548 2055 in

1977 2072 2184 2128 duobus
2239 2079 2527 2132 momentis
2579 2083 2815 2146 excedit,
2862 2083 3155 2144 Mercurius
3213 2099 3337 2143 octo
3386 2091 3552 2147 lineas

1977 2163 2094 2232 ejus
2125 2168 2474 2233 perambulat.
2504 2170 2593 2224 Sol
2641 2171 2772 2226 duas
2820 2175 3021 2229 medias
3047 2186 3250 2239 servat.
3283 2195 3382 2235 nec.
3436 2181 3550 2235 illas

1976 2256 2078 2310 nisi
2107 2259 2157 2311 in
2189 2258 2345 2314 Libra
2386 2262 2613 2329 excedit,
2659 2265 2802 2319 unde
2845 2265 3063 2323 Ovidio:
3111 2287 3123 2322 :
3177 2267 3550 2341 Experiamur

1974 2348 2108 2418 equi.
2137 2349 2275 2403 Mars
2296 2363 2522 2419 quatuor
2547 2357 2895 2426 perambulat,
2919 2357 3123 2427 Jupiter
3144 2363 3378 2432 quinque
3402 2381 3416 2428 ;
3447 2363 3543 2418 sed

1974 2438 2104 2491 etlii
2147 2441 2472 2509 frequentius
2500 2445 2726 2500 auomali
2760 2447 2908 2502 fiunt.
2961 2449 3224 2506 Saturnus
3270 2463 3377 2508 tres
3426 2465 3539 2507 tan-

1977 2535 2107 2585 tum.
2131 2529 2263 2585 Cum
2292 2532 2361 2586 sit
2383 2532 2641 2589 dubitatio
2668 2535 2734 2590 de
2763 2538 2951 2592 ordine
2971 2540 3121 2607 solis,
3146 2541 3410 2607 Mercurii,
3444 2542 3548 2598 Vc-

1973 2620 2134 2688 neris,
2182 2623 2325 2676 nulla
2378 2633 2555 2680 tamen
2603 2635 2686 2681 est
2737 2627 2803 2684 de
2851 2630 3091 2696 cmteris;
3124 2648 3244 2685 nam
3275 2641 3478 2688 tantum
3510 2650 3540 2686 a

1970 2712 2104 2778 sole,
2136 2723 2189 2768 et
2214 2729 2245 2768 a
2274 2729 2333 2771 se
2364 2715 2588 2771 invicem
2622 2730 2977 2785 recesserunt,
3003 2732 3057 2777 ut
3087 2723 3224 2791 quod
3259 2724 3340 2778 sol
3371 2725 3423 2778 in
3445 2738 3536 2778 an-

1970 2820 2041 2860 no
2071 2807 2292 2875 perficit,
2328 2808 2428 2863 hoc
2467 2811 2605 2866 Mars
2650 2811 2701 2866 in
2725 2811 2954 2882 duobus,
2985 2812 3188 2885 Jupiter
3216 2817 3268 2870 in
3317 2831 3411 2877 xu,
3438 2815 3543 2872 Sa-

1972 2908 2160 2954 turnus
2191 2901 2243 2955 in
2277 2901 2513 2971 triginta.

2532 2993 2609 3050 De
2630 2996 2959 3049 transitoriis.

2039 3081 2275 3150 ipsorum
2305 3099 2514 3155 quoque
2564 3089 2895 3156 planetarqu
2926 3086 3015 3141 alii
3056 3097 3177 3142 sunt
3221 3086 3540 3159 liippolitici,

1965 3173 2055 3227 alii
2084 3174 2405 3243 stationarii,
2439 3178 2529 3232 alii
2579 3180 2894 3249 retrogradi,
2927 3181 3012 3234 alii
3059 3183 3307 3237 anomali.
3345 3184 3540 3253 llippo-

1966 3265 2117 3334 litici,
2148 3267 2202 3322 id
2232 3275 2334 3334 est,
2368 3270 2684 3339 transitorii,
2719 3272 2959 3342 sunt'qui
2983 3273 3047 3327 de
3066 3273 3226 3342 priori
3259 3274 3411 3345 signo
3433 3286 3540 3329 teu-

1960 3357 2089 3412 dunt
2117 3358 2168 3412 in
2194 3359 2476 3427 posterius.
2531 3358 2771 3431 Cumque
2803 3366 2903 3417 lioc
2935 3379 3122 3420 omnes
3153 3367 3271 3419 aliae
3319 3365 3538 3432 faciant,

1959 3454 2226 3522 praecipue
2251 3453 2331 3507 sol
2361 3463 2412 3508 et
2435 3453 2579 3520 luna,
2612 3456 2680 3509 ita
2710 3457 2848 3512 enim
2896 3458 2949 3512 lii
2971 3471 3015 3512 tt
3071 3458 3137 3514 de
3178 3460 3539 3514 anterioribus

1957 3546 2122 3616 signis
2150 3547 2218 3602 ad
2250 3549 2543 3617 posteriora
2576 3552 2817 3616 tendunt,
2870 3550 3009 3620 quod
3054 3567 3322 3619 nunquam
3369 3563 3537 3616 stent,

1957 3655 2224 3709 nunquam
2252 3643 2724 3711 retrogradiantur.
2778 3640 2833 3698 Si
2857 3643 3047 3712 aliquis
3079 3653 3313 3712 uppouat
3360 3644 3532 3698 solem

1955 3731 2266 3799 subsistere,
2299 3734 2419 3799 quia
2466 3734 2583 3801 plus
2630 3734 2680 3788 in
2727 3735 2957 3804 geminis
3001 3745 3242 3790 moretur
3269 3751 3426 3802 quam
3476 3735 3536 3790 in

1954 3821 2255 3891 Sagittario,
2285 3823 2447 3879 dicite
2463 3824 2600 3894 quod
2627 3823 2728 3880 hoc
2751 3825 2944 3879 morari
2975 3841 3076 3880 non
3105 3835 3184 3881 est
3207 3828 3526 3894 subsiStere,

1953 3912 2046 3966 sed
2075 3911 2215 3980 quod
2246 3912 2418 3984 majus
2463 3914 2693 3982 spatium
2726 3915 2796 3968 ibi
2818 3915 3014 3969 habeat
3043 3914 3332 3986 complere,
3366 3931 3528 3986 quam

1952 4015 2007 4059 et
2030 4005 2149 4058 aliis
2178 4006 2366 4075 signis,
2395 4006 2488 4060 ubi
2509 4005 2624 4060 axis
2654 4005 2771 4076 ejus
2822 4018 2925 4061 tam
2950 4007 3055 4062 alta
3097 3987 3201 4062 non
3243 4016 3345 4073 est,
3382 4008 3532 4078 quod

1952 4107 2097 4168 patet
2151 4097 2204 4152 in
2256 4101 2630 4154 excentritate.
2666 4099 2978 4156 Stationarii
3016 4109 3141 4155 sunt
3187 4101 3275 4171 qui
3323 4101 3531 4156 diutina

1951 4204 2116 4260 prope
2137 4190 2366 4260 aliquam
2390 4193 2550 4245 lixam
2573 4190 2782 4245 stellam
2805 4191 3071 4256 videntur,
3093 4204 3248 4262 quam
3278 4193 3519 4248 soleant:

1949 4297 2056 4339 non
2081 4283 2294 4354 quidem
2321 4293 2483 4350 alant,
2514 4283 2608 4338 sed
2635 4282 2929 4338 secundum
2969 4299 3161 4340 cursus
3188 4287 3266 4340 sui
3297 4285 3518 4356 ligurum

1947 4377 2028 4432 vel
2060 4374 2372 4441 ascendunt,
2397 4375 2480 4430 vel
2510 4375 2866 4442 descendunt,
2890 4384 2944 4431 et
2969 4391 3072 4431 non
3096 4377 3318 4433 multum
3341 4380 3394 4434 in
3419 4394 3518 4434 na-

1947 4466 2104 4522 turali
2129 4481 2285 4521 cursu
2323 4466 2637 4534 procedunt.
2667 4465 2804 4522 Suut
2833 4474 3008 4522 autem
3038 4468 3255 4538 legitimi
3281 4470 3517 4538 termini,

1863 4577 1918 4637 Β
1948 4557 2000 4612 in
2027 4557 2220 4628 quibus
2263 4557 2508 4611 videntur
2538 4543 2861 4624 stationarii,
2892 4559 2941 4612 id
2971 4567 3072 4625 est,
3106 4574 3226 4614 cum
3257 4560 3458 4615 distant
3484 4577 3513 4613 a

1943 4649 2060 4704 sole
2089 4663 2182 4718 per
2227 4649 2325 4703 tria
2384 4648 2557 4718 signa,
2594 4648 2679 4704 vel
2728 4664 2823 4718 per
2868 4658 3115 4719 quatuor,
3148 4650 3288 4719 quod
3316 4652 3373 4705 fit
3421 4666 3519 4722 per

1942 4738 2286 4810 triangulum,
2320 4737 2403 4794 vel
2455 4738 2898 4809 quadrangulum,
2942 4738 2997 4794 id
3038 4749 3143 4805 est,
3173 4742 3224 4795 in
3280 4742 3515 4812 trigono,

1937 4833 2024 4889 vel
2050 4842 2355 4903 tetragono,
2383 4833 2484 4888 lioc
2508 4840 2611 4900 est,
2640 4833 2692 4888 in
2725 4833 2938 4899 triceto,
2975 4833 3057 4889 vel
3089 4835 3139 4887 in
3171 4835 3511 4904 quadriceto.

1934 4925 2104 4982 Causa
2124 4934 2302 4981 autem
2333 4925 2489 4996 hujus
2516 4926 2761 4980 stationis
2792 4925 3101 4993 perhibetur
3126 4925 3208 4980 sol
3235 4940 3376 4980 esse.
3414 4927 3509 4981 Est

1933 5028 2110 5074 autem
2140 5018 2298 5073 statio
2319 5018 2418 5071 alia
2453 5016 2733 5084 matutina,
2767 5018 2869 5071 alia
2900 5019 3222 5086 vespertina.
3248 5017 3502 5073 Matutina

1932 5118 2035 5176 est,
2067 5124 2188 5164 cum
2217 5119 2342 5163 ante
2371 5117 2546 5164 ortum
2573 5109 2705 5163 solis
2736 5119 2816 5163 est
2845 5110 2895 5163 in
2923 5109 3175 5163 statione.
3213 5109 3280 5165 Et
3309 5120 3497 5165 notan-

1931 5201 2058 5255 dum
2089 5201 2229 5268 quod
2268 5202 2318 5255 in
2372 5203 2674 5269 vespertina
2718 5201 2946 5256 statione
2987 5211 3187 5255 tantum
3235 5202 3366 5256 fiunt
3415 5218 3500 5259 ro-

1932 5296 2198 5363 trograde.
2238 5294 2390 5348 Verbi
2424 5295 2613 5363 gratia,
2642 5294 2684 5348 si
2708 5293 2916 5364 Jupiter
2937 5294 3003 5348 de
3031 5294 3266 5349 Geminis
3318 5310 3504 5364 proce-

1928 5387 2020 5441 dat
2047 5388 2098 5441 in
2125 5386 2413 5450 Cancrum,
2441 5394 2500 5439 et
2543 5386 2667 5438 item
2715 5388 2898 5440 redeat
2946 5385 2997 5439 in
3031 5385 3308 5455 Geminos,
3354 5389 3497 5457 quod

1926 5494 2046 5532 cum
2084 5480 2299 5548 quidam
2327 5477 2378 5532 in
2406 5477 2718 5547 quibusdam
2770 5477 2933 5546 signis
2969 5479 3136 5534 semel
3179 5487 3379 5534 tantum
3427 5478 3504 5533 fa-

1925 5573 2089 5634 ciant,
2121 5570 2380 5626 Saturnus
2423 5577 2598 5624 tamen
2628 5582 2838 5637 semper
2864 5568 2946 5622 bis
2995 5569 3060 5622 ad
3087 5569 3368 5638 quodlibet
3416 5571 3504 5625 si-

1924 5676 2088 5732 gnum
2139 5661 2453 5729 rqreditur,
2502 5669 2560 5715 et
2605 5659 2889 5730 aliquando
2939 5662 3100 5715 tertio
3141 5662 3382 5729 pervenit
3430 5662 3496 5715 ad

1925 5754 2089 5818 idem,
2123 5749 2262 5823 quod
2285 5767 2487 5808 moram
2527 5752 2609 5808 sui
2662 5767 2853 5809 cursus
2896 5755 3188 5809 secundum
3243 5756 3496 5822 quosdam

1923 5846 2107 5905 efﬁcit.
2127 5845 2257 5902 Nam
2281 5843 2572 5901 secundum
2592 5843 2726 5900 alios
2748 5844 3051 5916 magnitudo
3066 5847 3271 5904 circuli.
3304 5845 3504 5918 Pytha-
