4098 6208
1024 417 1228 476 ΒΕιδιΕ
1263 414 1712 476 Vl-lNERABlLIS
1747 413 1903 473 OPP.
1939 411 2119 472 PARS

2234 408 2429 468 SEC‘I'.
2466 408 2534 467 11.
2568 435 2641 453 --
2681 406 2885 465 DUBIA
2925 407 3012 465 ET
3049 406 3295 464 SPURIA

547 540 707 610 geras
733 545 908 591 autem
937 548 1106 604 neque
1125 530 1500 603 retrogradari‘,
1541 545 1710 601 neque
1748 537 1913 592 stare,
1943 537 2115 597 neque
2143 524 2193 585 Α
2217 521 2385 578 solem
2410 520 2594 590 incipit
2623 519 2918 582 obscurari,
2951 528 3006 574 et
3036 518 3334 574 recedendo
3379 516 3429 572 in
3467 515 3758 576 duodecima

548 627 851 683 anomalam
879 627 1106 694 aliquam
1133 639 1254 679 esse
1278 624 1506 689 dicebat,
1534 624 1630 678 sed
1653 635 1841 677 omnes
1868 619 2118 690 inmquali

547 720 721 787 spatio
746 717 998 788 temporis
1020 716 1292 785 mquali‘er
1312 716 1581 785 complere
1601 716 1827 785 spatium
1852 715 2116 769 locorum.

551 809 833 878 Quomodo
861 808 1172 879 retrograde
1194 808 1495 875 videantur,
1529 807 1609 861 vel
1639 806 1968 874 stationarie,
1997 821 2118 861 eum

547 910 728 962 tamen
757 919 863 958 non
892 901 1018 969 sint,
1051 901 1216 972 iigura
1233 900 1584 955 demonstrat.
1615 899 1909 964 Anomalar,
1937 899 1987 952 id
2012 907 2114 964 est,

547 999 868 1069 irregulares
911 1003 1056 1060 sunt,
1084 1009 1205 1049 cum
1253 994 1338 1049 vel
1365 993 1582 1058 diutius,
1612 992 1693 1048 vel
1738 991 1920 1058 citius,
1959 991 2120 1047 solito

550 1100 847 1150 morantur,
874 1085 956 1141 vel
983 1085 1245 1150 oriuntur,
1271 1092 1363 1140 aut
1381 1084 1496 1139 initi
1519 1085 1679 1139 solito
1701 1083 1819 1139 loco
1839 1090 2118 1152 apparent,

548 1177 689 1248 quod
718 1194 838 1234 cum
860 1178 977 1232 aliis
1004 1179 1167 1234 etiam
1191 1179 1422 1245 eveniat,
1455 1176 1685 1231 maxime
1731 1185 1908 1230 tamen
1943 1174 2116 1240 Marti,

547 1273 636 1343 qui
668 1271 720 1329 in
767 1269 1151 1342 posterioribus
1195 1272 1405 1326 duobus
1429 1268 1601 1324 annis
1629 1283 1896 1339 nunquam
1938 1277 2120 1323 servat

549 1361 723 1433 legem
759 1362 1013 1431 priorum.
1051 1361 1226 1416 Venus
1273 1372 1452 1416 autem
1481 1370 1537 1416 et
1581 1359 1798 1416 Martius
1846 1373 2116 1428 nunquam

549 1451 603 1507 in
634 1453 822 1508 triceto
851 1454 933 1508 vel
956 1455 1008 1508 iu
1032 1452 1344 1522 quadriceto
1365 1453 1680 1523 regulariter
1705 1451 1904 1506 distant
1925 1467 1951 1502 a
1979 1451 2116 1512 sole,

547 1558 650 1600 nec
677 1559 707 1598 a
732 1544 986 1598 ebr’onieo
1014 1553 1135 1599 ortu
1154 1542 1419 1608 oriuntur,
1445 1553 1536 1598 aut
1563 1543 1834 1609 occidunt,
1857 1542 1979 1612 quia
2012 1557 2118 1595 non

547 1634 666 1701 plus
686 1651 715 1688 a
743 1635 856 1689 sole
884 1634 1085 1690 distant
1109 1650 1269 1704 quam
1303 1633 1479 1689 Venus
1519 1649 1613 1704 per
1635 1633 1841 1703 signum
1872 1642 1925 1687 et
1963 1631 2122 1687 dimi-

548 1723 716 1789 dium,
748 1726 968 1782 Martius
1015 1741 1109 1795 per
1136 1726 1344 1798 signum
1374 1734 1430 1782 et
1453 1726 1585 1781 duas
1609 1736 1787 1795 partes
1815 1724 1989 1788 unius,
2017 1725 2120 1780 ibi-

552 1832 657 1888 que
674 1833 823 1874 suam
840 1818 1282 1874 stationaritatem
1295 1824 1350 1873 et
1366 1817 1880 1889 retrogradationem
1905 1817 2120 1885 patiun-

2222 626 2371 688 parte
2389 613 2693 681 illuminari,
2726 623 2777 669 et
2806 613 3010 669 duobus
3025 614 3212 668 diebus
3235 613 3592 670 tantummodo
3621 612 3760 669 latet.

2828 727 2904 782 De
2915 727 3190 783 obsidibus.

2294 819 2350 875 In
2374 820 2838 877 intersectionibus
2864 837 3074 891 quoque
3104 819 3314 875 absides
3330 818 3765 891 autsunt‘quidam

2223 914 2474 970 tramites.
2506 913 2596 983 qui
2646 914 2895 968 dicuntur
2941 923 3030 967 aut
3069 911 3326 983 lragendo
3352 927 3446 982 per
3471 912 3659 980 spiras,
3683 924 3770 983 per

2221 1019 2353 1074 quas
2378 1004 2614 1058 stellaria
2644 1018 2870 1072 corpora
2902 1003 3176 1068 incedunt,
3225 1002 3394 1058 iniixe
3440 1002 3649 1074 triginta
3689 1017 3773 1059 oc-

2219 1097 2488 1150 cultantur
2511 1103 2606 1149 aut
2634 1093 2832 1164 plures,
2867 1094 2960 1151 sed
2994 1098 3230 1149 minores
3259 1093 3471 1150 diutius.
3519 1094 3644 1150 Nam
3671 1107 3774 1149 ma-

2218 1187 2360 1256 jores
2387 1188 2542 1242 citius
2567 1188 2835 1244 videntur.
2863 1187 3124 1256 incipiunt
3141 1197 3317 1243 autem
3339 1187 3634 1251 obscurari,
3661 1201 3773 1244 cum

2220 1281 2300 1334 eoi
2320 1279 2388 1335 ab
2406 1278 2580 1348 aliqua
2599 1279 2805 1335 illarum
2822 1281 2958 1335 ultra
2977 1280 3274 1352 quindecim
3293 1289 3472 1351 partes
3491 1278 3779 1337 destituitur

2221 1378 2384 1434 terra,
2411 1369 2552 1439 quod
2583 1369 2682 1426 iter
2704 1367 3004 1439 quindecim
3033 1371 3220 1427 diebus
3251 1371 3484 1441 perficit,
3507 1369 3779 1429 recedens-

2222 1477 2327 1524 oue
2352 1464 2419 1520 ab
2442 1479 2503 1521 ea
2529 1461 2833 1534 quindecim
2861 1462 3048 1520 diebus
3076 1465 3350 1522 obscurat.

2648 1554 2722 1611 De
2749 1571 2991 1612 consensu
3033 1557 3373 1625 planetarum.

2295 1645 2361 1702 Ut
2407 1647 2639 1705 diximus
2680 1663 2840 1718 Supra
2868 1649 2920 1704 in
2952 1650 3142 1706 triceto
3188 1649 3269 1706 vel
3317 1647 3633 1722 quadriceto
3680 1651 3784 1706 sole

2222 1738 2552 1808 respiciendo
2581 1740 2822 1810 planetas
2852 1740 2984 1795 fiunt
3009 1742 3358 1796 stationarios
3387 1740 3708 1813 retrogradi,
3732 1752 3785 1798 et

2224 1841 2410 1886 contra
2425 1845 2498 1887 'se
2523 1847 2734 1904 quoque
2765 1831 3102 1902 respiciendo
3150 1847 3396 1903 magnum
3425 1832 3530 1890 sibi
3563 1834 3786 1904 praebent

553 1902 673 1978 tur;
704 1909 921 1982 propius
957 1923 1134 1968 autem
1176 1911 1344 1967 videri
1385 1921 1606 1981 possunt
1647 1910 1930 1981 aliquando
1959 1923 2117 1978 supra

2227 1937 2568 1979 consensum.
2601 1924 2733 1980 Nam
2764 1940 2883 1980 cum
2913 1923 3144 1981 salubris
3171 1924 3439 1982 salubrem
3482 1928 3788 1995 respexerit,

545 2001 706 2057 simul
731 2011 786 2058 et
813 2000 970 2069 infra,
997 2001 1155 2058 simul
1185 2012 1351 2068 retro,
1383 2010 1476 2057 aut
1507 2013 1666 2066 ante;
1718 2002 1858 2057 unde
1883 2013 1938 2057 et
1984 2002 2122 2058 duos

551 2091 825 2151 Luciferos
845 2095 1086 2150 videmur
1113 2093 1310 2150 habere
1335 2135 1353 2162 ,
1387 2095 1634 2150 similiter
1669 2095 1804 2148 duos
1832 2095 2117 2163 Hesperos,

546 2200 673 2239 cum
699 2199 827 2239 vero
857 2185 1152 2241 Mercurius
1196 2193 1324 2241 ante
1360 2195 1464 2254 est,
1499 2185 1734 2240 vindicat
1774 2185 1876 2240 sibi
1926 2200 2120 2239 nomen

546 2277 797 2335 Luciferi.
830 2278 1007 2334 Venus
1029 2287 1204 2333 autem
1232 2287 1315 2334 est
1338 2293 1532 2336 nomen
1562 2288 1788 2346 naturas,
1817 2278 1869 2332 id
1894 2286 1994 2346 est,
2027 2293 2123 2331 na-

551 2374 812 2444 turaliter,
837 2374 1136 2447 ubicunque
1157 2376 1272 2431 bare
1293 2377 1446 2432 stella
1471 2384 1579 2442 est,
1603 2374 1781 2432 Venus
1804 2374 2120 2446 appellatur.

547 2465 681 2521 Cum
713 2481 840 2522 vero
869 2467 1042 2523 solem
1071 2467 1325 2537 prccedit
1351 2467 1404 2523 in
1431 2478 1574 2533 ortu,
1626 2467 1840 2526 Lucifer
1886 2467 2124 2534 dicitur:

547 2571 667 2612 cum
690 2558 801 2614 sole
822 2560 1100 2615 occidente
1122 2565 1449 2628 apparuerit,
1475 2560 1762 2630 ilesperus,
1787 2559 1870 2616 vel
1897 2559 2119 2627 Vesper,

543 2659 704 2706 etest
732 2667 926 2708 nomen
947 2651 1129 2706 ofiicii.
1154 2651 1348 2708 Dicunt
1371 2667 1584 2724 quoque
1606 2652 1832 2709 Aristot.
1879 2664 1934 2709 et
1981 2652 2125 2709 Peri-

551 2739 764 2814 patetici
790 2746 1014 2802 naturali
1037 2760 1199 2803 cursu
1241 2747 1376 2801 volvi
1403 2748 1640 2817 planetas
1667 2762 1790 2803 eum
1815 2749 2122 2803 firmamen-

546 2850 627 2906 to,
655 2837 749 2896 sed
788 2855 976 2896 omnes
1010 2842 1282 2897 celeritate
1314 2841 1480 2913 ipsius
1525 2841 1811 2912 pra-teriri.
1857 2843 2116 2897 Saturnus

555 2929 608 2986 in
636 2934 842 2985 tantum
871 2946 991 2986 cum
1017 2930 1137 3001 ejus
1157 2932 1432 2987 celeritate
1454 2935 1746 2994 contendit,
1793 2935 1932 3002 quod
1985 2934 2123 2987 infra

549 3022 684 3077 duos
709 3037 877 3078 annos
916 3031 973 3080 et
1000 3023 1278 3079 dimidium
1313 3022 1463 3080 illum
1501 3025 1768 3094 praecedat
1819 3025 2124 3081 firmamen-

553 3123 662 3170 tum
691 3113 848 3170 unius
872 3122 1073 3170 tantum
1102 3115 1241 3187 signi
1270 3117 1617 3185 longitudine.

1225 3208 1299 3265 De
1318 3220 1395 3265 ori
1402 3227 1454 3264 rt.

624 3301 926 3359 Notandum
956 3319 1165 3374 quoque
1189 3304 1331 3376 quod
1371 3315 1519 3361 ortus
1541 3307 1677 3360 alius
1724 3301 2034 3370 matutinus,
2060 3319 2122 3359 a-

555 3393 658 3451 lius
679 3397 1032 3466 vespertinus.
1067 3398 1382 3466 Matutinus,
1402 3400 1490 3456 ubi
1513 3399 1686 3470 aliqua
1708 3398 1861 3456 stella
1883 3400 2013 3454 solis
2036 3413 2126 3456 or-

551 3496 662 3541 tum
717 3489 970 3557 prmcedit
1014 3499 1132 3558 post
1185 3491 1412 3548 mediam
1463 3501 1714 3562 noctem;
1767 3493 2124 3563 vespertinus,

555 3581 642 3632 ulti
675 3591 794 3650 post
818 3595 1066 3638 occasum
1107 3582 1236 3638 solis
1261 3583 1436 3653 aliqua
1464 3584 1620 3640 stella
1644 3584 1971 3656 apparuerit.
2033 3585 2128 3641 Est

557 3683 815 3743 praeterea
843 3681 993 3729 ortus
1033 3674 1165 3729 alius
1197 3674 1520 3743 mundanus,
1545 3676 1683 3732 alius
1709 3675 1966 3743 beliacus,
1990 3676 2127 3731 alius

555 3765 896 3822 acbronicus.
929 3765 1224 3822 [fundanos
1268 3776 1373 3834 est,
1399 3782 1522 3822 cum
1568 3767 1636 3823 de
1678 3766 1917 3824 inferiori
1965 3768 2130 3823 hemi-

555 3857 787 3924 splmrio
814 3860 868 3912 in
892 3857 1135 3927 superius
1156 3857 1334 3928 aliqua
1361 3859 1516 3914 stella
1545 3861 1847 3918 emerserit.
1880 3859 2128 3917 Heliacus

556 3959 660 4014 est,
688 3965 809 4003 cum
835 3949 911 4004 sol
945 3949 1201 4004 recedens
1229 3951 1297 4005 ab
1329 3950 1505 4021 aliqua
1536 3952 1689 4006 stella
1722 3953 1983 4022 permittit
2008 3966 2125 4007 eam

556 4040 742 4097 videri.
771 4042 1057 4110 Aerouius,
1085 4058 1206 4098 cum
1232 4043 1410 4113 aliqua
1439 4044 1616 4112 stella,
1646 4048 1730 4100 vel
1773 4045 1940 4113 sidus,
1985 4045 2129 4101 occi-

556 4134 656 4202 dit,
687 4145 736 4188 et
768 4137 1068 4205 oppositum
1095 4135 1236 4191 illius
1265 4151 1358 4206 per
1385 4135 1705 4194 diametrum
1729 4139 1924 4194 oritur.
1955 4138 2129 4194 Clit-0.

559 4241 656 4282 nos
683 4239 860 4284 autem
891 4238 1099 4300 tempus
1127 4230 1526 4299 interpretatur.

1188 4319 1265 4375 De
1294 4337 1499 4376 occasu.

627 4415 860 4471 Occasus
885 4429 1098 4485 quoque
1140 4417 1278 4472 alius
1328 4417 1647 4484 mundanus,
1696 4416 1830 4472 alius
1857 4417 2124 4483 ireiiacus,

557 4506 697 4562 alius
717 4506 1048 4562 aeitrouicus.
1101 4507 1397 4563 Munda-nus
1423 4518 1526 4574 est,
1553 4522 1677 4563 cum
1725 4508 1987 4576 superiori
2031 4509 2126 4562 lte-

2224 2024 2444 2085 augetur
2497 2016 2818 2083 salubritas;
2851 2016 2895 2072 si
2927 2017 3150 2072 adversa
3207 2016 3530 2082 adversam.
3585 2026 3791 2090 augetur

2223 2107 2516 2163 adversitas
2540 2127 2554 2175 ;
2577 2107 2620 2163 si
2639 2107 2866 2165 salubris
2881 2108 3178 2174 adversam,
3211 2109 3295 2164 vel
3317 2125 3348 2164 e
3378 2124 3666 2176 converso,
3693 2110 3784 2164 mi-

2224 2199 2406 2254 nuitur
2452 2207 2800 2270 utrarumque
2829 2199 3074 2258 effectus.
3130 2201 3425 2257 llercurius
3452 2210 3652 2268 autem,
3679 2202 3792 2270 quia

2221 2301 2306 2347 est
2334 2291 2661 2360 indifferens,
2695 2295 2814 2362 plus
2846 2303 3024 2349 tamen
3057 2292 3226 2348 bonus
3255 2308 3414 2362 quam
3444 2292 3794 2359 malu=,sem-

2224 2398 2320 2454 per
2341 2382 2459 2440 talis
2485 2382 2734 2450 efficitur,
2763 2384 2938 2456 qualis
2972 2383 3062 2440 illa
3103 2399 3264 2455 quam
3307 2387 3552 2454 respicit,
3583 2397 3634 2440 et
3654 2383 3796 2455 ejus-

2222 2475 2346 2532 dem
2374 2477 2592 2533 coloris.
2639 2476 2773 2532 Nam
2801 2478 2847 2534 si
2873 2477 3154 2534 adversam
3183 2479 3509 2548 respexerit,
3559 2491 3713 2546 auget
3745 2485 3795 2534 et

2223 2568 2486 2624 accelerat
2535 2568 2679 2624 illius
2735 2569 3158 2638 proceritatem;
3197 2568 3246 2624 si
3285 2583 3413 2624 vero
3464 2582 3794 2640 prosperam,

2223 2671 2379 2730 auget
2406 2670 2461 2715 et
2481 2660 2746 2718 accelerat
2771 2660 2888 2732 ejus
2916 2660 3333 2728 adversitatem;
3367 2660 3490 2731 plus
3523 2671 3695 2716 tamen
3719 2668 3795 2715 est

2222 2754 2566 2810 accommoda
2594 2755 2953 2826 prosperitati.

2817 2845 2891 2902 De
2922 2846 3220 2904 domiciliis.

2295 2939 2354 2998 Si
2381 2939 2435 2996 in
2466 2941 2690 3012 singulis
2717 2941 2999 2996 domiciliis
3049 2939 3242 3011 singuli
3293 2939 3523 3008 planeta:
3564 2952 3796 2995 accesse-

2225 3035 2355 3099 rint,
2382 3031 2664 3104 plurimum
2697 3031 2795 3086 sibi
2827 3030 3220 3100 obsequuntur.
3255 3029 3384 3085 Illud
3411 3039 3593 3086 autem
3639 3028 3799 3083 domi-

2225 3125 2404 3181 cilium
2452 3123 2736 3194 cujuslibet
2788 3123 2908 3178 dico
2959 3123 3284 3194 principale,
3330 3124 3381 3176 in
3422 3137 3534 3193 quo
3588 3122 3799 3192 quilibet

2235 3216 2444 3285 planeta
2471 3215 2523 3269 in
2552 3213 2756 3282 origine
2785 3211 2965 3268 mundi
3007 3221 3252 3282 repertus
3279 3223 3382 3268 est.
3415 3211 3569 3267 Luna
3595 3212 3798 3282 quidem

2180 3294 2200 3315 ¹
2230 3315 2286 3364 et
2305 3307 2384 3362 sol
2407 3304 2612 3377 singula
2645 3305 2844 3359 habent
2869 3303 3160 3372 domicilia,
3191 3306 3284 3360 sed
3313 3304 3540 3373 quilibet
3565 3304 3632 3359 de
3652 3307 3802 3360 certis

2227 3397 2484 3467 quinque,
2511 3396 2709 3451 habent
2728 3394 2836 3451 duo
2857 3411 3020 3451 unum
3046 3395 3440 3452 secundarium.
3471 3396 3528 3450 in
3553 3396 3802 3467 principio

2228 3491 2410 3561 itaque
2436 3489 2618 3546 mundi
2649 3489 2778 3546 luna
2815 3485 2912 3545 fuit
2945 3489 2998 3543 in
3032 3487 3259 3556 Cancro,
3285 3505 3403 3560 qum
3429 3504 3554 3544 cum
3583 3484 3806 3544 constel-

2229 3585 2428 3642 latione
2453 3599 2547 3640 sua
2591 3598 2803 3654 semper
2833 3581 2970 3638 bona
3002 3584 3304 3653 portendat.
3339 3583 3610 3653 praecipue
3640 3594 3803 3638 tamen

2227 3677 2455 3734 Cancro.
2486 3675 2540 3731 Si
2570 3676 2740 3732 solem
2789 3690 2972 3730 secum
3017 3675 3289 3740 habuerit,
3329 3678 3719 3732 incrementum
3755 3682 3807 3729 et

2227 3769 2612 3836 corpulentiam
2640 3767 2803 3823 rebus
2836 3765 3070 3823 maxime
3093 3765 3344 3834 infundit,
3375 3766 3519 3837 quod
3546 3768 3600 3822 in
3627 3765 3801 3821 ﬂorida

2228 3871 2414 3918 testate
2441 3871 2602 3931 patet.
2633 3859 2724 3918 Sol
2757 3876 2885 3917 vero
2912 3869 3156 3929 repertus
3188 3859 3284 3915 fuit
3312 3858 3364 3913 iu
3391 3857 3596 3920 Leone,
3626 3859 3678 3912 in
3706 3872 3804 3926 quo

2231 3953 2495 4023 praecipue
2543 3961 2836 4022 potestates
2879 3965 3004 4005 suas
3049 3952 3293 4021 designat
3341 3952 3669 4007 siccitateet
3695 3950 3794 4005 fer-

2230 4061 2380 4110 vore,
2406 4046 2546 4100 unde
2575 4058 2629 4101 et
2650 4045 2981 4101 canicuiares
3009 4044 3128 4099 dies
3153 4051 3281 4099 sunt
3305 4043 3423 4098 aliis
3462 4042 3793 4106 fervidiores.

2231 4151 2288 4196 ut
2312 4141 2425 4196 sole
2449 4141 2714 4196 existente
2735 4141 2786 4194 in
2807 4155 2905 4195 suo
2931 4137 3226 4195 domicilio.
3255 4138 3606 4194 Caniculares
3631 4144 3800 4192 autem

2231 4233 2345 4289 dies
2368 4233 2664 4288 dicuntura
2693 4232 2960 4297 canicula,
2990 4246 3148 4300 quam
3191 4241 3317 4285 tunc
3359 4229 3656 4300 ingreditur
3706 4228 3798 4280 sol.

2230 4325 2542 4392 Mercurius,
2567 4326 2709 4382 sicut
2735 4324 2978 4380 infirmus
3005 4325 3268 4389 omnium,
3317 4325 3544 4394 primam
3587 4322 3804 4378 obtinuit

2231 4416 2569 4488 electionem,
2599 4417 2859 4489 elegitque
2878 4419 2946 4471 ab
2971 4416 3410 4472 antecedentibus
3449 4415 3674 4480 Canem,
3704 4411 3802 4469 Ge-

2239 4512 2442 4577 minos;
2478 4510 3002 4579 aconsequentibus,
3057 4507 3315 4576 Leonem,
3367 4505 3660 4577 Virginem,
3710 4505 3802 4558 bac

562 4597 872 4664 niispltmrio
904 4599 954 4652 in
983 4597 1202 4653 inferius
1231 4599 1478 4668 quaelibet
1507 4601 1661 4656 stella
1685 4600 1977 4657 descendit.
2024 4600 2132 4656 lle-
2165 4615 2217 4677 υ
2243 4605 2470 4670 ratione,
2504 4614 2559 4659 ut
2588 4605 2658 4658 ibi
2687 4602 2827 4672 quod
2859 4604 3017 4658 vellet
3065 4603 3369 4671 designaret
3421 4599 3802 4671 principaliter.

558 4692 741 4758 fiacus,
766 4708 885 4748 eum
916 4692 1016 4761 sol,
1047 4691 1113 4746 ad
1157 4693 1391 4763 aliquam
1417 4694 1626 4750 stellam
1657 4695 1943 4764 accedens,
1976 4694 2124 4751 illam

558 4787 724 4842 videri
757 4800 861 4841 non
893 4785 1165 4855 permittit.
1195 4785 1484 4840 Acronicus
1510 4794 1616 4852 est,
1647 4802 1767 4843 cum
1791 4786 1968 4857 aliqua
1991 4786 2128 4841 stel-

559 4879 609 4933 ia
632 4879 712 4934 vel
753 4877 961 4948 signum
1008 4877 1224 4940 occidit,
1254 4887 1313 4932 et
1355 4879 1657 4948 oppositum
1685 4875 1763 4934 illi
1791 4892 1889 4951 per
1915 4878 2133 4936 diame—

559 4982 699 5026 trum
729 4971 924 5026 oritur.

977 5060 1059 5116 De
1080 5060 1414 5117 multatione
1430 5059 1714 5115 stellarum.

628 5152 760 5211 Cum
805 5155 1141 5212 occulteutur
1167 5155 1361 5220 stellae,
1390 5154 1502 5209 sive
1530 5168 1560 5207 a
1589 5153 1726 5219 sole,
1757 5154 1871 5209 sive
1897 5154 1967 5208 ab
1991 5153 2135 5209 absi-

556 5238 712 5304 dibus
735 5248 869 5312 suis,
892 5262 996 5303 nou
1022 5257 1200 5302 tamen
1227 5261 1418 5304 omnes
1443 5247 1554 5317 pari
1583 5245 1758 5315 spatio
1778 5247 2132 5301 occultantur.

559 5338 691 5392 Nam
737 5340 996 5394 Saturnus
1024 5354 1166 5394 cux
1197 5338 1386 5394 diebus
1411 5338 1479 5392 ad
1520 5338 1690 5407 majus
1717 5337 2033 5404 occultatur,
2069 5335 2134 5390 ad

560 5433 736 5486 minus
777 5445 905 5487 vero
943 5446 974 5485 x
1014 5439 1242 5486 tantum.
1283 5431 1493 5501 Jupiter
1536 5446 1700 5488 xxxvi
1729 5430 1795 5487 ad
1827 5431 2023 5500 majus,
2068 5430 2134 5484 ad

560 5521 740 5578 minus
765 5537 821 5589 x,
853 5521 1116 5577 similiter.
1149 5521 1288 5577 Iars
1316 5533 1496 5578 autem
1541 5523 1820 5578 suomalus
1848 5532 1952 5578 est.
1987 5521 2139 5579 Unde

561 5617 616 5672 in
645 5614 822 5671 Gestis
847 5614 1022 5671 Caroli
1053 5629 1149 5685 per
1176 5615 1439 5688 integrum
1464 5630 1663 5672 annum
1692 5615 1859 5673 latere
1887 5618 2138 5686 perhibe-

563 5718 669 5765 tur.
715 5708 893 5764 Venus
931 5718 1108 5764 autem
1153 5723 1282 5765 LVIII
1329 5696 1520 5766 diebus
1545 5708 1615 5766 ad
1642 5707 1834 5780 majus,
1865 5708 1932 5765 ad
1962 5709 2142 5764 minus

561 5810 739 5858 autem
754 5817 846 5859 ιιι.
866 5801 1153 5858 Mercurius
1164 5800 1230 5856 ad
1246 5799 1418 5871 majus
1433 5816 1518 5855 svi
1533 5801 1744 5868 diebus,
1759 5801 1828 5856 ad
1850 5800 2026 5856 minus
2041 5814 2140 5854 xtt.

563 5893 715 5951 Luna
743 5896 1041 5954 accedeudo
1061 5897 1114 5951 in
1131 5894 1441 5951 duodecima
1458 5904 1609 5964 parte
1627 5893 1767 5964 signi
1782 5894 1942 5952 cuius
1956 5904 2142 5952 contra

2229 4696 2433 4754 Tamen
2453 4698 2497 4751 si
2521 4694 2902 4766 hospitalitatis
2920 4707 3080 4748 causa
3100 4692 3241 4748 alius
3259 4693 3471 4762 planeta
3496 4691 3608 4746 illic
3632 4689 3805 4743 fuisset

2231 4793 2525 4861 ingressus.
2554 4789 2692 4845 dixit
2715 4803 2776 4844 se
2796 4787 2932 4843 velle
2961 4786 3035 4842 illi
3061 4787 3284 4853 obsequi
3305 4785 3487 4840 colore
3514 4792 3571 4838 et
3595 4781 3801 4838 elicetu.

2234 4884 2434 4952 Venus,
2468 4884 2545 4938 uti
2572 4882 2820 4953 proxima
2843 4880 2985 4944 loco,
3010 4876 3310 4949 proximam
3331 4875 3454 4933 fecit
3472 4875 3808 4936 electionem,

2230 4975 2378 5034 etab
2403 4972 2842 5031 antecedentibus
2884 4971 3046 5039 elegit
3085 4967 3356 5033 Taurum,
3395 4982 3425 5022 a
3454 4977 3807 5034 consequen-

2233 5072 2374 5128 tibus
2421 5068 2658 5134 Libram,
2707 5065 2894 5123 eadem
2944 5062 3173 5130 ratione,
3208 5068 3268 5116 ut
3293 5075 3422 5116 suos
3469 5059 3696 5116 eﬂectus
3741 5052 3816 5110 ibi

2232 5165 2642 5218 demonstraret.
2671 5157 2728 5213 Si
2757 5171 2887 5212 vero
2910 5155 3082 5210 malus
3139 5156 3358 5222 planeta
3402 5151 3531 5210 illuc
3570 5151 3808 5212 intraret,

2237 5256 2398 5312 vellet
2441 5253 2515 5308 illi
2551 5251 2843 5316 adversari,
2871 5259 2926 5303 et
2954 5264 3049 5303 sua
3079 5248 3438 5318 prosperitate
3485 5245 3629 5300 vires
3676 5241 3812 5297 illius

2237 5349 2498 5414 minuere,
2541 5341 2807 5412 praecipue
2846 5344 3051 5398 bibens
3094 5341 3440 5405 Mercurium,
3481 5338 3643 5393 vellet
3665 5349 3815 5392 acce-

2237 5442 2412 5498 lerare
2439 5449 2713 5507 prospera.
2741 5435 2874 5492 Cum
2897 5449 3027 5490 vero
3059 5434 3254 5488 bonum
3284 5448 3380 5488 sua
3407 5431 3812 5488 constellatione

2241 5534 2524 5605 plurimum
2553 5529 2817 5600 designet,
2844 5526 3108 5596 praecipue
3137 5535 3318 5580 tamen
3339 5524 3409 5581 de
3436 5524 3580 5580 felici
3609 5536 3810 5579 cornuue

2241 5628 2331 5684 bio
2351 5624 2797 5697 iucundissimum
2830 5625 3024 5693 pignus
3050 5618 3228 5675 aﬂ'ert.
3259 5617 3331 5672 Ea
3365 5632 3576 5687 quoque
3599 5614 3817 5694 ratione

2241 5718 2384 5777 Ilars
2427 5715 2665 5774 Arietem
2703 5721 2758 5770 et
2794 5712 3142 5782 Scorpionem
3195 5708 3382 5781 elegit,
3428 5716 3486 5764 ut
3534 5705 3809 5762 maximam

2242 5802 2522 5884 portendat
2546 5807 2950 5875 adversitatem,
2978 5812 3036 5861 et
3063 5801 3332 5874 praecipue
3357 5798 3690 5870 flagrantiam
3732 5795 3814 5850 io-

2243 5909 2405 5967 dieat.
2452 5906 2660 5978 Jupiter
2709 5902 2887 5974 pisces
2910 5911 2964 5960 et
2988 5899 3322 5972 sagittarium
3364 5897 3540 5970 elegit,
3573 5892 3659 5963 qui
3686 5899 3816 5947 tem-
