4098 6208
341 382 442 441 893

1605 391 1822 453 ΙΙΙῙΝΟΙ
1860 391 2344 451 CONSTITUTIU.

3485 406 3590 464 ΒΜ

339 512 542 570 pcratur
563 506 630 558 de
651 502 909 574 adversis,
931 519 1155 579 augetur
1178 527 1205 564 a
1230 511 1522 581 prosperis.
1556 512 1688 568 Cum
1718 511 1907 566 Martio
1935 513 1986 573 Α
2014 507 2137 563 inde
2161 523 2333 566 anuus
2360 508 2684 581 bissextilis;
2716 513 2870 583 quod.
2898 529 3027 571 vero
3071 518 3356 588 liquescat,
3384 521 3455 576 ita
3479 524 3581 578 dis-

332 593 587 648 acrelerat
623 596 689 649 ad
721 595 975 654 bonitatis
1019 616 1131 657 sua:
1185 602 1402 670 indicia,
1430 603 1501 661 de
1530 604 1674 660 felici
1713 618 1909 675 regno.

334 698 447 738 rum
475 697 666 741 eventu
687 687 945 758 disponit.
972 690 1237 749 Saturnus
1258 698 1366 752 duo
1385 696 1636 753 continua
1652 697 1906 766 obtinuit,

330 775 550 840 scilicet,
573 779 864 848 Aquarium
883 794 935 838 et
954 785 1362 853 Capricornum,
1385 802 1509 843 cum
1535 788 1688 844 bonis
1705 788 1906 855 mitior,

329 882 446 921 cum
473 869 626 941 malis
652 884 868 942 saevior,
895 888 1018 930 cum
1050 877 1315 935 Mercurio
1340 881 1392 934 in
1421 878 1740 936 crudelitate
1764 881 1913 938 cele-

329 959 458 1024 rior,
503 961 749 1032 interque
797 967 969 1022 malas
1011 968 1412 1041 designationes
1438 971 1635 1044 frigore
1659 981 1716 1029 et
1742 972 1907 1029 nimia

326 1051 611 1120 asperitate
651 1055 904 1114 abundat.
1012 1130 1014 1132 ν

824 1136 904 1205 De
937 1151 1130 1225 frigore
1166 1155 1407 1213 Saturni.

391 1232 487 1291 Est
502 1247 683 1294 autem
704 1240 844 1297 inter
862 1259 1052 1301 omnes
1071 1246 1315 1318 planetas
1337 1249 1602 1308 Saturnus
1628 1250 1908 1320 frigidissi-

328 1337 467 1398 mus,
499 1333 651 1404 cujus
681 1335 861 1406 plures
891 1353 1071 1394 causa:
1100 1338 1393 1396 redduntur
1422 1341 1742 1412 fabularum,
1783 1344 1906 1413 quia

319 1434 485 1479 senex
535 1424 637 1480 fuit
680 1430 897 1498 quidem
949 1433 1056 1488 vir.
1105 1433 1276 1490 Senes
1322 1446 1500 1490 autem
1538 1446 1662 1492 sunt
1699 1436 1905 1507 frigidae

316 1522 544 1584 natura,
597 1520 738 1576 unde
759 1531 813 1576 et
834 1521 1029 1592 ilegma
1059 1524 1111 1581 in
1131 1524 1211 1579 eis
1236 1525 1496 1594 abundat,
1538 1529 1678 1598 quod
1726 1529 1907 1585 hieme

317 1607 533 1664 crescit.
564 1608 656 1666 Vel
689 1611 810 1668 ideo
840 1612 1064 1684 frigidus
1090 1615 1420 1686 perhibetur,
1477 1619 1601 1688 quia
1655 1619 1906 1674 remotis-

316 1697 489 1756 simus
535 1704 656 1759 sita
684 1707 828 1777 sole,
867 1708 954 1764 vel
998 1712 1123 1781 quia
1151 1712 1233 1765 sol
1261 1711 1314 1765 in
1344 1711 1567 1768 Saturni
1615 1713 1904 1770 domiciliis

315 1794 544 1862 positus,
578 1799 1080 1859 remotissimusest
1105 1818 1136 1859 a
1164 1805 1340 1874 nobis,
1385 1813 1512 1862 tunc
1535 1807 1658 1877 quia
1706 1807 1904 1879 frigore

2010 615 2292 674 ponamus.
2335 602 2428 659 Sol
2457 603 2512 660 in
2534 603 2799 676 principio
2820 608 3003 664 arietis
3022 625 3144 667 esse
3167 621 3410 682 ponatur,
3447 615 3590 672 idem

2010 701 2131 762 post
2156 707 2360 750 cccsxv
2407 696 2521 752 dies
2549 695 2688 752 adeo
2720 697 2930 754 vicinus
2956 700 3061 756 erit
3087 701 3263 758 eidem
3293 705 3426 774 parti
3451 707 3591 762 arie-

2013 784 2102 850 tis,
2132 787 2274 860 quod
2303 788 2348 841 si
2379 787 2552 842 adhuc
2581 803 2678 843 sex
2713 787 2859 844 hunc
2887 799 3173 859 restarent,
3198 794 3440 850 eamdem
3467 810 3592 867 par-

2011 885 2121 932 tem
2163 878 2471 946 attingeret.
2504 877 2581 934 De
2608 880 2815 949 reliquo
2867 881 3153 955 diligenter
3202 886 3589 946 animadverte.

2011 965 2068 1022 In
2093 979 2205 1022 toto
2223 983 2323 1024 suo
2336 971 2538 1024 ambitu
2561 971 2642 1040 (ut
2664 969 2924 1044 diximus)
2945 981 3148 1031 tantum
3165 980 3393 1046 spatium
3417 979 3590 1049 ponit.

2015 1055 2304 1114 Videamus
2327 1060 2487 1130 igitur
2516 1062 2768 1130 primum,
2796 1064 3091 1120 secundum
3139 1070 3399 1137 aqualem
3442 1084 3596 1125 com-

2009 1153 2365 1220 putationem,
2407 1163 2666 1224 quantum
2707 1153 2760 1209 in
2790 1156 3014 1225 singulis
3053 1159 3218 1229 signis
3247 1170 3430 1230 ponat.
3459 1160 3593 1218 Nam

2008 1243 2300 1298 secundum
2343 1247 2692 1316 compotistas
2726 1246 2779 1301 in
2805 1247 3045 1317 quolibet
3087 1252 3244 1322 signo
3288 1254 3435 1320 ponit
3481 1267 3594 1311 xxx

2007 1335 2125 1392 dies
2153 1345 2261 1392 etx
2287 1335 2452 1392 horas
2479 1349 2530 1394 et
2561 1338 2864 1405 dimidiam,
2904 1349 2962 1397 et
2996 1357 3063 1396 ex
3106 1341 3190 1398 bis
3231 1341 3299 1398 ad
3348 1344 3592 1401 eamdem

2007 1441 2279 1484 summam
2312 1430 2536 1486 redibis.
2571 1429 2702 1486 Nam
2751 1430 3036 1489 duodecies
3085 1449 3192 1491 xxx
3239 1447 3364 1491 sunt
3403 1449 3592 1504 cccsx.

2008 1519 2302 1576 duodecies
2331 1537 2362 1577 x
2394 1526 2540 1579 borze
2561 1523 2766 1578 faciunt
2791 1527 3029 1595 quinque
3058 1527 3196 1592 dies,
3218 1535 3275 1582 et
3302 1528 3594 1586 duodecies

2007 1608 2228 1664 dimidia
2255 1608 2381 1667 facit
2411 1610 2762 1681 quadrantem
2795 1631 2809 1667 :
2841 1629 2969 1669 eice
2996 1617 3185 1670 cadent
3214 1632 3443 1674 summa.
3476 1619 3593 1674 Phi

2015 1703 2224 1772 losopbi
2272 1721 2418 1771 vero,
2464 1707 2540 1761 rei
2582 1707 2861 1764 veritatem
2908 1711 3356 1780 contemplantes,
3406 1712 3597 1784 depre-

2009 1796 2310 1852 henderunt
2338 1797 2508 1853 solem
2538 1798 2657 1866 plus
2689 1803 2741 1854 in
2773 1817 2880 1855 uno
2909 1802 3086 1871 signo,
3117 1815 3173 1856 et
3201 1803 3375 1858 minus
3406 1803 3458 1858 in
3488 1805 3596 1861 alio

316 1887 627 1954 premimur.
679 1891 815 1947 Cum
860 1909 989 1951 vero
1025 1897 1078 1951 in
1126 1898 1239 1953 suis
1289 1899 1579 1956 domiciliis
1643 1900 1903 1958 Saturnus

2011 1885 2320 1954 immorari;
2355 1889 2497 1944 unde
2521 1890 2575 1944 in
2603 1890 2846 1946 Geminis
2875 1892 3012 1947 duos
3043 1894 3158 1949 dies
3195 1908 3357 1965 super
3395 1911 3497 1951 xxx
3540 1907 3597 1954 et

322 1992 441 2032 cunt
493 1981 612 2036 sole
655 1983 861 2054 positus
898 1987 1077 2055 fuerit,
1124 1989 1492 2060 gravissimam
1533 1991 1658 2048 iacit
1699 1993 1912 2064 frigoris

321 2068 618 2138 nrcdinem,
667 2091 783 2132 nec.
806 2077 964 2134 aliter
1002 2087 1086 2135 est
1115 2079 1361 2150 frigidus,
1391 2081 1496 2137 nisi
1525 2097 1616 2152 per
1638 2082 1908 2139 etfecturu.

318 2157 450 2216 alata
474 2166 620 2220 eiiim
647 2168 1055 2227 constellatione
1074 2186 1170 2227 sua
1193 2181 1385 2228 enecat
1409 2174 1673 2241 homines,
1704 2175 1913 2233 caecati

325 2267 450 2310 vero
513 2268 642 2312 sunt
693 2259 885 2332 frigidi,
917 2263 1005 2320 vel
1046 2264 1222 2332 aliter,
1262 2268 1384 2336 quia
1435 2270 1912 2341 superctelestibus

315 2345 464 2415 aquis
506 2347 866 2409 vicinissimus
889 2364 1004 2423 est;
1027 2364 1082 2411 et
1109 2357 1229 2413 ideo
1250 2359 1306 2414 tit
1327 2359 1568 2432 frigidus.
1600 2361 1679 2418 De
1715 2367 1912 2435 quibus

312 2435 491 2506 plures
518 2439 715 2500 dantur
731 2447 1078 2518 conjecturae,
1101 2453 1372 2520 quomodo
1401 2454 1568 2510 fertur
1600 2458 1909 2525 rotundum,

309 2539 364 2585 et
415 2545 681 2606 perpetuo
733 2539 971 2596 volubile
989 2545 1285 2600 consistere
1331 2550 1522 2616 possit.

740 2630 822 2684 De
858 2632 1293 2700 sapmmlestibsts
1319 2641 1487 2708 squis.

381 2712 567 2805 i’rima
599 2721 908 2789 conjectura
934 2731 1039 2790 est,
1066 2725 1207 2792 quod
1222 2727 1329 2782 sint
1356 2729 1410 2782 in
1433 2738 1687 2787 exteriori
1715 2748 1910 2805 super-

319 2798 439 2862 ﬁcie
466 2807 595 2864 cali
627 2812 892 2867 exstantia
931 2821 991 2870 et
1025 2817 1354 2873 subsidentia
1381 2819 1521 2888 loca,
1561 2833 1617 2879 ut
1645 2798 1806 2881 etiam
1853 2830 1907 2885 in

319 2900 610 2968 superﬁcie
646 2909 821 2973 terrm,
855 2905 912 2960 in
936 2907 1133 2978 quibus
1177 2924 1344 2980 aquas
1390 2915 1652 2981 contineri
1682 2917 1903 2988 dicunt;

323 3002 443 3045 cum
467 3000 618 3048 tanta
652 3009 779 3051 vero
801 2997 1074 3057 celeritate
1101 3002 1407 3071 volvuntur,
1434 3016 1490 3061 ut
1509 3023 1611 3063 non
1637 3010 1903 3083 labantur,

326 3079 468 3176 Quod
495 3084 570 3141 de
597 3086 755 3156 pleno
776 3103 900 3146 vase
923 3092 1164 3164 quolibet
1189 3098 1400 3165 probari
1425 3110 1616 3168 potest.
1644 3102 1776 3156 Nam
1799 3079 1906 3176 quo

321 3173 510 3244 majori
542 3177 744 3247 impetu
773 3196 932 3239 manu
951 3184 1416 3261 circumvolvitur,
1445 3207 1705 3258 summus
1724 3173 1900 3253 efl’un-

2013 1990 2047 2030 x
2080 1976 2239 2032 horas
2260 1988 2316 2032 et
2343 1977 2620 2033 dimidiam
2652 1990 2913 2035 moratur.
2944 1982 2988 2036 Ε
3015 1992 3199 2036 contra
3232 1984 3285 2038 in
3314 1984 3598 2056 Sagittario

2011 2069 2149 2124 duos
2171 2070 2288 2125 dies
2312 2070 2489 2126 minus
2515 2085 2678 2140 quam
2708 2087 2819 2128 xxx
2839 2074 3023 2142 ponit;
3047 2083 3102 2128 et
3124 2077 3224 2132 hoc
3249 2075 3371 2131 inde
3390 2077 3594 2146 evenit,

2011 2162 2154 2233 quod
2199 2164 2318 2218 axis
2365 2179 2461 2219 sua
2510 2165 2782 2222 excentris
2827 2175 2931 2236 est,
2963 2178 3017 2224 et
3047 2169 3409 2225 vicinissimus
3429 2181 3513 2225 est
3541 2171 3595 2226 in

2015 2254 2261 2312 Geminis
2290 2256 2650 2324 firmamento,
2680 2268 2735 2315 et
2764 2260 3158 2315 remo:issimus
3197 2278 3228 2316 a
3268 2271 3427 2329 terra,
3474 2271 3528 2317 ct
3563 2276 3598 2317 ο

2010 2362 2274 2404 converso
2297 2350 2350 2402 in
2376 2349 2688 2419 Sagittario.
2731 2351 2788 2407 Si
2826 2353 2907 2408 vis
2943 2351 3012 2408 ad
3037 2351 3286 2410 eumdem
3329 2369 3593 2412 summam

2011 2438 2210 2506 redire,
2245 2440 2349 2495 hoc
2378 2441 2538 2496 modo
2563 2441 2764 2510 poteris
2792 2441 3220 2514 deprehendere.
3254 2444 3310 2500 lu
3350 2443 3594 2504 Geminis

2011 2531 2152 2587 duos
2180 2533 2296 2590 dies
2313 2546 2477 2604 supra
2501 2549 2607 2589 xxx
2629 2545 2889 2602 moratur,
2917 2536 3058 2594 unde
3078 2536 3132 2593 in
3162 2540 3413 2609 proximo
3436 2540 3595 2612 signo

2011 2640 2043 2679 x
2075 2624 2236 2680 horas
2267 2625 2478 2691 minuit,
2509 2635 2564 2681 et
2586 2625 2658 2681 ita
2689 2642 2858 2699 usque
2877 2627 2946 2684 ad
2973 2628 3318 2701 Sagittarinm
3350 2633 3593 2688 minuen-

2007 2715 2097 2782 do,
2126 2715 2265 2774 duos
2291 2717 2429 2774 infra
2452 2734 2559 2774 xxx
2583 2719 2870 2791 relinquit;
2898 2723 3024 2780 inde
3054 2723 3245 2780 iterum
3263 2727 3587 2796 ascendens,

2009 2805 2063 2862 in
2092 2807 2334 2878 quolibet
2369 2810 2637 2880 signa,va
2684 2812 2849 2868 sumit
2893 2827 3064 2884 usque
3087 2814 3155 2870 ad
3194 2813 3472 2872 Geminos.
3513 2817 3592 2874 lta

2005 2900 2224 2970 quidem
2277 2903 2747 2974 deprehenderunt
2771 2919 2913 2973 esse,
2967 2907 3081 2962 sive
3131 2907 3246 2964 hac
3277 2908 3345 2965 sit
3398 2925 3589 2980 causa,

2007 2996 2148 3066 quod
2167 2996 2305 3054 inter
2328 2999 2509 3054 radios
2531 2999 2622 3070 qui
2648 3000 2913 3066 serviunt,
2957 3002 3040 3058 vel
3071 2999 3284 3068 finiunt,
3332 2999 3595 3060 Geminos

2005 3089 2208 3144 absidis
2235 3091 2352 3160 plus
2380 3088 2877 3156 contineatur,'sive
2898 3093 2980 3147 sol
3002 3091 3075 3147 ibi
3090 3093 3250 3148 altius
3271 3095 3594 3163 ascendens,

2007 3182 2216 3252 longius
2240 3183 2472 3252 spatium
2500 3181 2662 3238 habet
2688 3182 2768 3239 ire
2795 3184 2849 3239 in
2888 3183 2980 3239 illo
3004 3173 3160 3256 signo
3188 3200 3348 3255 quam
3377 3187 3427 3241 in
3448 3187 3597 3256 alio;

311 3262 474 3323 ditur.
503 3267 756 3327 Secunda
785 3285 887 3339 est,
911 3277 1055 3347 quod
1082 3279 1156 3335 ibi
1193 3247 1517 3352 vapor-alite.-
1544 3247 1898 3355 quam};
1928 3247 1975 3310 δ
2005 3247 2123 3331 nee
2137 3275 2258 3331 ideo
2273 3247 2558 3347 longiores
2587 3277 2706 3332 dies
2730 3276 2875 3344 facit,
2908 3278 3032 3347 quia
3054 3247 3272 3347 'quan-to
3300 3288 3385 3334 est
3410 3247 3590 3347 altior,

313 3358 435 3416 du
469 3362 564 3418 bic
593 3365 762 3421 nubes
811 3369 1065 3439 pendent,
1112 3375 1508 3434 contineantur.
1558 3380 1737 3435 Tertia
1790 3395 1896 3451 est,

311 3451 451 3523 quod
504 3467 727 3529 propter
775 3463 910 3518 solis
957 3467 1333 3538 remotionem,
1380 3485 1411 3527 a
1455 3487 1562 3543 quo
1601 3476 1901 3546 pracipuos

312 3547 788 3618 calor'exliibctur,
819 3553 1067 3614 indurato
1095 3559 1396 3630 glacialiier
1430 3563 1570 3620 uelo
1604 3566 1897 3625 cohaereat.

314 3633 463 3698 Unde
494 3641 687 3699 dicunt
738 3644 1028 3705 Saturnum
1082 3649 1490 3723 frigidissimum
1543 3655 1898 3727 planetarum,

310 3731 434 3802 quia
466 3735 576 3792 illis
602 3737 754 3808 aquis
782 3738 1191 3798 vicinissimum.
1226 3743 1320 3799 Est
1345 3747 1508 3802 etiam
1551 3756 1762 3816 quarta,
1807 3746 1902 3806 lir-

309 3841 644 3889 mamentum
675 3844 732 3889 ut
760 3835 923 3891 fixum
948 3853 1054 3893 non
1081 3839 1252 3909 volvi,
1285 3841 1382 3896 sed
1410 3840 1592 3897 stellas
1618 3843 1694 3899 illi
1731 3859 1901 3917 appo-

310 3922 460 3992 sitas,
519 3942 620 3983 nec
670 3929 824 3995 lixas,
873 3933 1210 3999 moveri;et
1239 3932 1293 3987 hi
1319 3948 1389 3988 an
1437 3933 1778 4004 quadratum,
1829 3954 1899 3995 an

310 4017 600 4072 rotundum
657 4020 730 4075 sit
775 4020 1042 4077 dubitant.
1107 4021 1411 4080 Novissime
1451 4026 1682 4094 quaestio
1721 4026 1899 4085 divina

308 4105 506 4164 virtute
553 4109 798 4177 solvitur,
849 4113 974 4182 quia
1019 4113 1091 4168 ibi
1138 4121 1422 4170 teneantur
1477 4119 1769 4173 secundum
1803 4118 1899 4176 Dei

308 4199 664 4268 voluntatem,
697 4202 822 4258 licet
846 4202 934 4261 hic
963 4205 1152 4261 modus
1177 4206 1422 4262 homines
1452 4206 1638 4277 lateat,
1662 4225 1796 4278 quas
1825 4212 1900 4267 ibi

310 4288 364 4346 in
393 4307 553 4349 usum
582 4294 889 4351 divinorum
919 4296 1154 4353 servavit
1178 4297 1339 4365 Deus,
1372 4299 1456 4355 vel
1484 4309 1542 4356 ut
1566 4301 1744 4370 ignem
1770 4304 1895 4360 cmli

311 4392 614 4454 temperent
646 4403 660 4440 :
690 4400 855 4458 super
891 4386 992 4442 has
1028 4388 1331 4459 spirituales
1357 4390 1480 4446 ouili
1516 4399 1666 4460 sunt,
1695 4389 1748 4447 in
1780 4395 1899 4461 qui-

310 4473 408 4530 bus
439 4477 703 4545 angelicm
735 4476 964 4534 virtutes
1000 4480 1365 4537 continentur.
1408 4481 1713 4539 Secundum
1764 4484 1898 4541 alios

307 4567 464 4636 uibil,
494 4569 599 4624 nisi
628 4571 805 4627 inane.

525 4659 642 4726 Quo
663 4673 891 4734 tempore
913 4681 1097 4721 cursus
1147 4667 1411 4736 perﬁciant
1435 4668 1681 4736 plaustra.

383 4751 652 4808 Saturnus
681 4770 781 4825 pro
805 4757 988 4811 circuli
1018 4758 1390 4825 amplitudine,
1431 4774 1528 4830 pro
1555 4763 1893 4830 retrograda-

313 4848 480 4914 tione,
505 4865 606 4921 pro
627 4852 1040 4920 stationaritate,
1066 4854 1426 4909 declinatione
1441 4857 1518 4910 vel
1533 4857 1596 4910 ad
1616 4861 1892 4920 Austrum,

312 4943 394 4999 vel
418 4945 1022 5014 Aquilonem,sensum,
1050 4946 1135 5001 vel
1164 4947 1360 5014 visum,
1387 4961 1588 5003 annum
1606 4962 1764 5003 suum
1789 4963 1898 5004 non

315 5035 421 5092 nisi
452 5036 673 5108 triginta
709 5039 866 5093 annis
898 5037 1126 5108 perﬁcit,
1154 5047 1209 5094 et
1237 5037 1446 5096 duobus
1472 5039 1627 5094 annis
1654 5049 1708 5095 et
1735 5038 1903 5096 dimi-

314 5124 405 5183 dio
430 5143 598 5186 unum
627 5130 842 5202 signum
887 5131 1098 5186 transit.
1145 5128 1355 5200 Jupiter
1398 5131 1678 5187 duodecim
1721 5131 1898 5200 annis,

317 5222 460 5281 unde
483 5225 708 5296 singulis
735 5225 892 5281 annis
919 5225 1180 5281 solaribus
1205 5226 1418 5297 signum
1447 5241 1610 5281 unum
1633 5235 1898 5295 peragrat.

316 5319 459 5375 slars
481 5319 534 5374 in
554 5318 762 5374 duobus
789 5319 964 5386 annis,
995 5319 1138 5374 unde
1166 5334 1272 5372 uno
1302 5334 1442 5373 anno
1461 5329 1668 5373 sextum
1690 5319 1900 5389 signum

319 5419 589 5482 peragrat,
609 5409 713 5466 nisi
741 5409 1006 5467 efﬁciatur
1029 5411 1326 5466 anomalus.
1385 5409 1588 5466 llabcnt
1618 5410 1761 5464 enim
1794 5408 1902 5465 Ge-

319 5514 402 5558 sta
430 5489 612 5561 Caroli
637 5504 780 5576 quod
809 5505 864 5561 in
899 5505 1108 5577 integro
1154 5518 1300 5561 anno
1346 5519 1451 5560 non
1490 5505 1560 5560 sit
1599 5505 1765 5561 visus.
1809 5505 1902 5562 Sol

321 5595 454 5651 intra
480 5611 682 5652 cccuv
710 5595 899 5652 diebus
926 5599 977 5652 et
1004 5596 1299 5667 quadrante
1327 5596 1454 5664 diei,
1484 5612 1601 5667 qua:
1624 5597 1678 5651 in
1706 5597 1900 5669 primo,

322 5686 560 5744 secundo
584 5698 639 5746 et
667 5689 846 5757 tertio,
893 5703 1038 5745 anno
1075 5705 1183 5746 non
1227 5699 1598 5761 computatur;
1631 5691 1682 5745 in
1713 5702 1904 5758 quarto

326 5793 458 5837 vero
479 5779 596 5838 dies
621 5780 960 5840 intercalaris
983 5783 1340 5854 componitur,
1374 5781 1462 5853 qui
1483 5782 1750 5839 bissextus
1771 5782 1904 5838 dici-

330 5879 437 5944 tur,
465 5890 534 5933 eo
561 5877 700 5949 quod
750 5876 832 5936 bis
871 5880 922 5935 in
950 5887 1097 5936 sexta
1145 5878 1266 5934 ldus
1315 5877 1484 5936 Martii
1534 5885 1900 5950 computetur;

2005 3376 2152 3424 tanto
2181 3367 2350 3439 magis
2377 3384 2406 3422 a
2438 3376 2592 3438 raptu
2621 3367 2946 3424 ﬁrmamenti
2976 3369 3269 3438 impellitur
3298 3369 3366 3426 ab
3388 3382 3510 3426 ortu
3537 3375 3591 3427 in

2000 3473 2270 3514 occasum.
2300 3457 2378 3514 De
2405 3459 2526 3514 aliis
2557 3475 2769 3530 quoque
2796 3460 3027 3530 planetis
3057 3461 3196 3517 idem
3226 3462 3427 3519 evenit.
3457 3462 3589 3519 Nam

2003 3553 2272 3609 Saturnus
2303 3551 2357 3606 in
2385 3551 2681 3622 Scorpione
2734 3554 3094 3610 vicinissimus
3122 3561 3208 3609 est
3234 3555 3606 3629 ﬁrmamento,»

2000 3646 2129 3699 luna
2166 3645 2220 3700 in
2266 3644 2464 3712 Tauro,
2497 3643 2707 3715 Jupiter
2735 3648 2791 3701 in
2815 3646 3049 3714 Virgine.
3073 3645 3208 3701 Cum
3240 3647 3335 3703 illo
3358 3649 3403 3702 si
3431 3646 3596 3705 fuerit

2003 3737 2204 3799 Venus.
2235 3738 2505 3811 significat
2554 3739 2754 3796 bonum
2805 3740 3110 3812 coniugium
3135 3743 3294 3798 alicui
3323 3743 3589 3813 futurum;

2003 3832 2145 3886 unde
2170 3830 2351 3886 Venus
2381 3831 2434 3887 in
2465 3831 2648 3902 specie
2677 3832 2910 3902 Virginis
2960 3835 3245 3890 venatricis
3293 3836 3594 3895 occurrisse

2001 3922 2196 3979 dicitur
2218 3922 2434 3991 Edere,
2466 3940 2586 3996 qua:
2613 3924 2691 3980 illi
2712 3925 2909 3980 bonum
2938 3923 3054 3981 fieri
3102 3926 3411 3997 coniugium
3457 3943 3596 3997 por-

2003 4015 2276 4071 tendebat.
2329 4016 2469 4071 Mars
2516 4017 2568 4071 in
2619 4015 2838 4083 Leone;
2893 4032 3015 4073 cum
3073 4031 3179 4088 quo
3225 4020 3270 4074 si
3300 4021 3381 4074 sol
3414 4021 3590 4090 fuerit,

2003 4107 2311 4163 incendium
2359 4107 2660 4162 animorum
2687 4117 2745 4162 et
2770 4109 2912 4165 aeris
2951 4109 3216 4180 designat.
3249 4110 3340 4168 Sol
3371 4112 3392 4186 (
3420 4122 3478 4168 ut
3499 4112 3596 4169 di-

2005 4211 2150 4254 ctum
2177 4198 2281 4274 est)
2314 4198 2367 4253 in
2409 4199 2652 4255 Geminis
2680 4200 2888 4255 vicinus
2920 4201 3287 4269 firmamento,
3323 4202 3498 4259 Venus
3537 4205 3592 4262 in

2001 4291 2305 4360 sagittario,
2361 4291 2507 4347 Mars
2538 4292 2592 4345 in
2621 4293 2967 4362 Capricorno.
3008 4293 3067 4348 in
3106 4296 3366 4364 oppositis
3412 4305 3591 4354 autem

1999 4385 2166 4456 signis
2183 4393 2307 4441 sunt
2330 4395 2486 4442 terra:
2517 4387 2848 4442 vicinissimi.
2869 4385 3045 4441 Venus
3071 4387 3126 4442 in
3150 4403 3378 4443 cccxux
3401 4391 3594 4447 diebus

1998 4493 2214 4534 cursum
2235 4480 2489 4550 complet.
2519 4480 2703 4544 Maris,
2726 4481 2850 4550 quia
2879 4479 3027 4534 ocior
3048 4490 3153 4548 est,
3182 4497 3373 4537 novem
3403 4483 3593 4539 diebus

1931 4612 1980 4674 Β
2003 4569 2220 4637 minus;
2263 4569 2362 4626 sed
2392 4586 2511 4625 cum
2543 4571 2739 4641 sapius
2763 4571 3072 4626 efﬁciuntur
3109 4575 3426 4642 retrogradi,
3463 4576 3582 4643 plus

2004 4671 2248 4735 possunt.
2280 4662 2451 4727 Luna,
2475 4664 2769 4719 secundum
2815 4662 3162 4730 Macrobium,
3209 4665 3378 4719 ambit
3408 4665 3587 4720 zodia-

1999 4769 2122 4811 cum
2173 4753 2227 4810 in
2287 4771 2451 4810 xxvm
2516 4756 2763 4822 diebus;
2818 4755 2912 4813 sed
2977 4755 3078 4812 hoc
3135 4757 3262 4813 dicit
3315 4758 3380 4813 ad
3435 4773 3585 4815 cou-

1997 4847 2400 4903 demnationem
2447 4849 2765 4918 septenarii,
2796 4849 2908 4920 qui,
2939 4857 3128 4919 quater
3171 4848 3584 4920 multiplicatus,

1999 4939 2132 4998 facit
2153 4953 2344 4996 xxvnt.
2378 4941 2485 5010 Sed
2509 4957 2698 4999 revera
2730 4943 2866 4998 infra
2903 4958 3047 4999 xxvn
3076 4944 3212 5012 dies,
3235 4955 3290 5000 et
3314 4955 3434 4999 octo
3480 4945 3594 5002 fere

2002 5031 2184 5098 horas,
2217 5040 2385 5088 totum
2416 5033 2696 5089 zodiacum
2727 5035 3082 5104 perambulat,
3113 5037 3206 5091 sed
3240 5051 3342 5090 non
3373 5033 3582 5094 illumi-

2003 5135 2160 5181 natur
2179 5142 2247 5183 eo
2265 5136 2525 5196 tempore.
2576 5127 2730 5184 Verbi
2757 5130 2950 5197 gratia,
2980 5129 3026 5184 si
3055 5130 3134 5185 sol
3162 5141 3216 5184 et
3237 5131 3360 5186 luna
3388 5133 3587 5201 pariter

2004 5217 2168 5273 fuerit
2214 5217 2266 5273 in
2299 5219 2560 5288 principio
2590 5219 2809 5285 Arietis,
2858 5221 2982 5275 luna
3033 5220 3325 5290 procedens
3355 5224 3407 5277 in
3441 5239 3592 5281 xxvrt

2002 5313 2195 5369 diebus
2224 5322 2277 5367 et
2300 5323 2421 5368 octo
2451 5313 2564 5369 fere
2593 5315 2737 5368 boris
2770 5316 3012 5384 pervenit
3034 5316 3100 5370 ad
3131 5316 3269 5371 idem
3296 5328 3548 5386 punctum
3574 5336 3590 5387 ;

2004 5407 2097 5462 sed
2128 5404 2305 5460 solem
2341 5405 2413 5458 ibi
2443 5419 2546 5459 non
2578 5405 2801 5469 invenit,
2833 5405 2954 5475 quia
2979 5405 3093 5476 jam
3119 5415 3174 5462 et
3202 5407 3316 5476 ipse
3339 5421 3435 5462 sua
3475 5407 3594 5480 lege

2005 5507 2342 5568 processerat
2370 5511 2536 5566 usque
2564 5495 2704 5550 circa
2737 5495 2895 5552 tinem
2942 5497 3160 5565 Arietis,
3192 5498 3258 5552 ad
3287 5513 3445 5569 quem
3471 5515 3594 5556 con-

2005 5590 2338 5658 sequendum
2383 5595 2570 5657 postea
2617 5585 2740 5641 luna
2782 5587 2929 5656 ponit
2965 5587 3103 5645 duos
3146 5590 3266 5646 dies
3285 5598 3342 5645 et
3363 5603 3594 5662 quatuor

2006 5682 2201 5749 horas;
2253 5692 2308 5738 et
2355 5693 2480 5737 tunc
2529 5682 2980 5740 reilluminabitur
3026 5682 3096 5739 ab
3142 5683 3258 5755 illo,
3302 5699 3479 5757 neque
3524 5685 3593 5742 ds

2007 5775 2322 5833 acccnsione
2366 5775 2433 5830 ad
2483 5779 2858 5832 accensionem
2917 5777 3177 5834 intersont
3233 5793 3357 5833 xxix
3397 5778 3511 5834 dies
3538 5788 3592 5833 et

2005 5884 2082 5927 xit
2128 5867 2297 5942 horae,
2345 5886 2464 5943 quae
2494 5885 2600 5928 non
2655 5882 3030 5944 cornputantur
3060 5873 3115 5931 in
3156 5876 3327 5945 primo
3382 5887 3586 5930 mense.
