4098 6208
537 408 647 469 sas
1030 400 1232 458 θείω
1278 392 1725 455 VENERABILIS
1762 392 1913 450 ore.
1955 390 2129 447 PARS
2167 388 2205 445 ι.
2245 386 2438 445 sum:
2472 387 2535 443 il.
2577 417 2647 430 —
2686 386 2896 445 unum
2936 384 3024 442 er
3065 380 3356 443 sponte.
3685 378 3803 440 mw

540 526 695 582 Unde
727 534 930 579 tantum
983 520 1145 575 liabet
1191 531 1313 571 nts
1366 515 1503 581 dies,
1534 512 1587 567 in
1617 510 1851 567 secundo
1897 525 2124 579 cempu-
2152 510 2200 567 Α
2229 506 2547 577 imperfecti.
2595 515 2851 575 quantum
2890 503 2958 559 ad
2998 513 3237 560 nostrum
3283 502 3476 568 visunt,
3515 504 3636 569 quia
3687 516 3799 566 nop-

539 626 741 687 tantur,
771 625 827 672 et
850 626 972 671 tunc
994 615 1115 669 aliis
1145 610 1361 673 additze,
1395 606 1856 662 faciuntmensem
1878 618 1982 657 xu
2004 602 2122 657 dies
2225 597 2468 654 videmus
2511 596 2651 667 eos),
2698 598 2833 653 alter
2881 594 3185 653 solstitialis
3438 602 3616 687 totos.
3653 591 3797 648 Sunt

541 683 755 775 habere,
790 708 891 764 nisi
918 706 971 762 in
1000 699 1473 760 decemuovennali
1532 711 1696 762 anno,
1754 694 1972 767 quando
2005 693 2122 750 dies
2224 698 2367 755 tunc,
2396 699 2453 744 nt
2473 704 2615 754 reor,
2646 688 2857 758 integri,
2887 698 2942 743 et
2971 688 3170 743 habent
3215 683 3608 743 distinctionem
3662 695 3811 738 suov-

537 799 869 855 subtraltitur
900 809 1057 849 unus.
2225 795 2343 837 rutn
2381 782 2646 837 siderum.
2674 781 2731 838 Si
2763 781 2855 852 qui
2886 781 2959 835 ibi
2981 789 3130 848 sunt,
3160 778 3228 833 de
3256 778 3340 834 bis
3359 776 3575 832 dubium
3613 783 3692 830 est
3726 788 3793 830 an

1106 883 1183 939 De
1219 881 1355 938 saltu
1394 881 1546 935 (unc.
2223 872 2293 929 de
2322 876 2520 929 Austro
2563 874 2830 928 ducantur
2858 871 2913 928 in
2940 871 3402 944 Septentrionem,
3446 870 3527 925 vel
3572 875 3715 929 citra
3762 881 3807 920 a:

611 981 721 1035 llac
753 987 928 1033 autem
954 977 1160 1031 ratione
1188 976 1305 1044 plus
1325 972 1517 1027 damus
1547 974 1687 1027 lunre
1715 968 1937 1039 singulis
1964 981 2121 1022 men-
2230 962 2384 1035 signo
2423 966 2487 1019 ad
2535 965 2769 1036 signum.
2820 964 2926 1022 Sed
2951 965 3020 1021 de
3050 964 3132 1019 bis
3170 962 3480 1025 dicendum,
3529 962 3648 1032 quia
3693 970 3793 1016 tarn

537 1070 686 1126 sibus
715 1084 873 1139 quam
904 1068 1016 1137 ipsa
1039 1073 1341 1122 consumat.
1367 1063 1500 1118 lllud
1528 1073 1706 1118 autem
1733 1062 1869 1117 adeo
1898 1074 2123 1131 parvum
2232 1070 2399 1112 zonas
2428 1072 2588 1127 quam
2619 1056 2901 1128 parallelos
2933 1054 3173 1111 dividunt
3200 1054 3255 1110 in
3285 1066 3570 1125 quaternas
3608 1062 3823 1123 partes...

538 1170 645 1227 est,
678 1160 819 1229 quod
849 1158 1071 1229 singulis
1098 1156 1374 1212 mensibus
1401 1166 1718 1224 computare
1763 1152 1982 1208 difﬁcile
2009 1159 2122 1215 est;
2758 1146 2837 1202 De
2864 1144 3031 1203 lacteo
3058 1144 3277 1201 rit-cale.

538 1254 636 1311 sed
668 1253 720 1308 in
746 1260 863 1308 toto
891 1266 1034 1307 anno
1065 1251 1430 1305 tantummodo
1467 1248 1825 1318 supercrescit
1851 1261 1868 1299 ι
1896 1246 2031 1299 liora
2072 1250 2127 1298 et
2300 1238 2394 1295 Est
2415 1248 2676 1308 prmtcrea
2704 1240 2778 1296 ibi
2802 1240 3004 1296 lacteus
3026 1238 3282 1306 circulus,
3306 1236 3398 1310 qui
3430 1238 3485 1293 in
3522 1237 3800 1293 serenitate

539 1359 562 1403 ι
591 1354 864 1417 punctum,
892 1354 951 1399 et
976 1343 1187 1399 decima
1217 1358 1352 1397 nona
1386 1357 1509 1413 pars
1538 1342 1739 1412 puncti,
1771 1339 1859 1411 qui
1896 1337 2126 1409 singulis
2228 1329 2485 1397 Videtur;
2514 1330 2585 1388 tio
2609 1345 2677 1388 eo
2703 1331 2964 1387 fabulam
2983 1339 3047 1387 et
3070 1330 3314 1403 physica
3337 1344 3515 1386 causa
3538 1329 3823 1385 dimotan

541 1439 699 1495 anuis
725 1438 1004 1494 collectum
1035 1434 1249 1491 decimo
1274 1450 1417 1489 nono
1438 1449 1582 1488 anno
1630 1435 1755 1488 iacit
1798 1432 1940 1488 diem
1991 1434 2130 1485 inte-
2226 1422 2366 1481 Juno
2417 1424 2666 1480 liartium
2712 1425 3019 1496 privignum
3074 1438 3232 1481 suum
3276 1424 3349 1481 de
3385 1423 3524 1479 Iaia
3575 1424 3823 1494 geniture

538 1548 711 1604 grum.
747 1531 1006 1601 illumque
1042 1529 1183 1584 diem
1234 1526 1585 1582 transiliendo
1625 1525 1937 1590 auferimus,
1980 1537 2129 1577 como
2229 1517 2466 1583 iactavit,
2493 1517 2560 1572 ad
2580 1519 2735 1587 cujus
2764 1515 2888 1572 lacti
2912 1517 3122 1588 insigne
3141 1516 3340 1573 celum
3365 1514 3435 1572 de
3463 1515 3604 1604 lacte
3624 1515 3811 1570 eodem

539 1600 787 1694 putantes
811 1632 918 1677 tres
948 1621 1248 1675 lunationes
1298 1634 1418 1673 xxxx
1459 1619 1667 1673 dierum
1712 1625 1936 1671 tantum.
1984 1614 2128 1667 Pun-
2229 1608 2503 1678 respersit.
2525 1606 3371 1664 Aliizﬂerculcsaurneatsisetis
3390 1600 3821 1676 superﬂuitatettr

538 1724 683 1769 ctum
729 1722 903 1767 autem
950 1720 1032 1766 est
1078 1719 1265 1781 quarta
1315 1724 1437 1777 pars
1486 1707 1686 1763 lunaris
1738 1706 1910 1771 iturae,
1939 1704 2127 1774 quinta
2229 1714 2258 1754 a
2287 1700 2527 1769 pluribus
2556 1699 2877 1768 nutricibus,
2910 1700 2985 1757 ibi
3017 1700 3232 1756 tandem
3250 1700 3515 1755 evomuit.
3786 1714 3800 1752 :

543 1819 671 1861 vero
700 1802 910 1857 solaris.
948 1800 1056 1855 lloc
1086 1798 1226 1869 quod
1260 1798 1492 1853 diximus
1535 1807 1621 1852 est
1669 1797 1962 1853 secundum
2008 1794 2130 1849 illos
2164 1866 2191 1869 ι
2232 1792 2344 1851 Duo
2376 1790 2753 1863 bernisphmria
2782 1791 2910 1848 fecit
2932 1792 3095 1856 Deos,
3126 1791 3180 1846 in
3202 1802 3435 1861 quorum
3481 1790 3807 1860 conglutina-

539 1894 631 1965 qui
678 1894 856 1949 dicunt
911 1866 1304 1946 ﬁrmamentum
1361 1887 1664 1944 rationabili
1705 1896 1851 1943 motu
1892 1886 2034 1940 volvi
2060 1886 2129 1939 ab
2161 1866 2204 1926 Β
2232 1883 2377 1938 tione
2422 1881 2594 1952 major
2638 1880 2858 1939 claritas
2909 1881 3148 1938 inlulait.
3200 1881 3313 1937 Alii
3348 1899 3369 1937 .;
3399 1881 3543 1952 quod
3589 1882 3699 1937 sint
3739 1881 3803 1937 ibi

542 1982 761 2042 Oriente
791 1999 885 2053 per
915 1983 1280 2045 Occidentem,
1325 1981 1522 2036 iterum
1570 1982 1621 2035 in
1658 1980 1956 2035 Orientem.
2006 1977 2128 2032 Pla-
2234 1978 2421 2030 breves
2464 1972 2657 2042 stellae,
2704 1981 2759 2030 et
2809 1982 3096 2039 consertze,
3139 1973 3214 2030 de
3258 1988 3483 2044 quorum
3543 1974 3832 2030 vicinitate‘

544 2086 696 2134 uetas
745 2092 871 2132 vero
918 2075 988 2130 ab
1030 2074 1326 2130 Occidente
1372 2088 1470 2146 per
1521 2073 1796 2130 Orientem
1846 2072 2037 2128 iterum
2076 2073 2129 2126 in
2233 2065 2489 2135 atdendor
2514 2065 2606 2122 ille
2632 2064 2921 2131 efﬁciatur,
2948 2074 3004 2121 et
3034 2064 3269 2137 ipsarum
3298 2064 3439 2120 inter
3459 2079 3520 2121 se
3547 2064 3837 2121 distinctio-

542 2170 919 2236 Oeridentem,
976 2166 1122 2234 quod
1168 2173 1421 2221 asserunt
1474 2163 1753 2220 Platonici.
1814 2161 2133 2217 Aristoteles
2234 2159 2570 2216 obscuretur.
2644 2158 2751 2217 Alii
2784 2159 2971 2229 :qued
3020 2159 3188 2215 stella
3217 2158 3423 2215 zodiaci
3461 2158 3537 2214 ibi
3582 2156 3811 2228 resplen-

546 2275 674 2317 vero
699 2270 748 2316 et
775 2255 1113 2329 Peripatetici
1140 2256 1327 2312 dicunt
1352 2256 1594 2327 planetas
1641 2252 1944 2309 rationabili
1987 2263 2133 2308 motu
2235 2253 2421 2320 deant,
2447 2260 2510 2310 et
2534 2252 2683 2326 juxta
2718 2252 2919 2322 tropica
2946 2252 3030 2307 sol
3056 2254 3151 2307 sui-
3168 2250 3381 2308 luminis
3407 2261 3465 2309 et
3492 2251 3634 2324 ignis
3663 2252 3812 2307 bene-

548 2351 745 2421 pariter
788 2364 911 2407 cum
964 2349 1302 2404 ﬁrmamento
1350 2346 1514 2415 volvi,
1551 2346 1647 2401 sed
1695 2344 1821 2402 illas
1862 2344 2138 2401 celeritate

548 2443 867 2501 ﬁrmamenti
895 2441 1157 2513 praeteriri
1182 2457 1257 2509 vt,
1281 2440 1562 2497 vidcantur
1582 2439 1735 2510 quasi
1762 2439 2134 2505 retrocedere;

547 2536 845 2594 secundum
894 2550 1053 2606 quam
1102 2538 1425 2593 sententiam
1475 2542 1675 2606 quanto
1714 2542 1843 2589 sunt
1886 2533 2135 2598 altiores,

548 2641 697 2686 tanto
722 2638 846 2686 sunt
871 2629 1185 2696 celeriores,
1215 2639 1271 2684 ut
1298 2628 1562 2685 Saturnus
1590 2625 1969 2683 velocissimus
2009 2635 2139 2680 con-

551 2722 731 2777 tendat
773 2736 897 2778 curn
948 2721 1285 2777 ﬁrmamento
1336 2730 1487 2775 tanta
1516 2733 1613 2775 sua
1637 2718 1937 2785 celeritate,
1990 2716 2137 2788 quod

552 2815 688 2869 inita
712 2814 847 2870 duos
874 2828 1046 2872 annos
1072 2823 1129 2871 et
1151 2810 1436 2870 dimidium
1476 2826 1583 2869 non
1622 2811 1728 2868 nisi
1777 2821 1886 2867 uno
1928 2818 2139 2866 tantum

552 2907 704 2978 signa
747 2917 1029 2976 prtetcreat
1079 2906 1207 2962 illud
1257 2908 1679 2961 ﬁrmamentum.
1716 2904 1870 2961 Luna
1901 2913 2048 2971 vero,
2082 2911 2141 2958 ut

557 2998 800 3054 omnium
848 2998 1065 3063 intima,
1092 3007 1177 3053 est
1224 2996 1547 3052 tardissima.
1596 2995 1727 3051 Nata
1757 2997 1800 3049 si
1831 2994 1990 3049 hodie
2019 2993 2139 3049 visa

553 3091 625 3145 sit
651 3091 705 3145 in
738 3090 1002 3161 principio
1030 3090 1250 3155 Arietis,
1281 3101 1401 3144 cras
1430 3088 1638 3142 oriente
1668 3087 1871 3151 Ariete,
1906 3101 2012 3139 non
2066 3082 2138 3138 ibi

553 3182 733 3254 iuriam
761 3180 1028 3245 invenies,
1077 3182 1172 3237 sed
1203 3190 1322 3250 post
1352 3182 1405 3235 in
1432 3179 1749 3235 duodecima
1798 3190 1952 3247 parte
1995 3178 2139 3233 illius

551 3272 742 3327 oritur.
792 3271 886 3328 Sol
923 3285 1135 3342 quoque
1158 3270 1205 3327 si
1237 3269 1288 3325 in
1318 3271 1488 3341 prima
1527 3280 1684 3340 parte
1730 3268 1929 3325 Arietis
1976 3268 2137 3326 hodie

555 3364 734 3434 fuerit,
763 3378 885 3419 cras
915 3362 1114 3419 ibidem
1142 3377 1246 3417 non
1276 3362 1576 3433 apparebit,
1607 3361 1701 3417 sed
1744 3371 1863 3430 post
1908 3375 1977 3416 sv
2012 3376 2137 3432 par-

556 3464 662 3511 tem
714 3456 871 3509 uttius
912 3453 1063 3509 [torte
1107 3451 1365 3509 naturalis
1391 3452 1636 3520 sequenti
1666 3451 1753 3507 die
1778 3453 1947 3506 oritur
1968 3450 2021 3506 in
2048 3464 2138 3507 se-

553 3547 727 3617 cunda
750 3555 902 3617 parte
930 3544 1171 3614 ejusdem
1200 3545 1336 3616 signi
1367 3562 1382 3612 ;
1411 3555 1465 3601 et
1495 3545 1546 3600 bi
1577 3546 1759 3600 dicunt
1790 3555 1988 3601 terram
2038 3545 2139 3600 im-

556 3607 830 3707 mobile-tn,
860 3642 915 3694 ct
938 3636 1115 3693 omnia
1160 3607 1439 3708 aqualiter
1473 3635 1612 3693 circa
1668 3637 1812 3692 illam
1857 3636 2021 3691 volvi.
2059 3636 2138 3693 Ad

558 3747 719 3803 quam
760 3731 1080 3786 sententiam
1110 3731 1317 3785 accedit
1360 3728 1589 3796 Tullius,
1620 3730 1709 3799 qui
1737 3728 1864 3783 dicit
1896 3727 2139 3783 acutissi-

563 3838 710 3880 rttttttt
760 3836 1005 3878 somnum
1057 3820 1221 3876 nimia
1273 3820 1554 3876 celeritate
1609 3818 1927 3874 ﬁrmamenti
1989 3819 2138 3885 ﬁeri,

560 3914 938 3988 gravissimum
964 3928 1092 3968 vero
1113 3912 1166 3967 in
1191 3913 1313 3967 luna
1348 3918 1562 3981 propter
1589 3910 1807 3965 nimiam
1837 3909 2137 3963 tarditatem

558 4007 676 4077 ejus
700 4001 1219 4060 circumvoiutiouis.
1256 4001 1672 4057 Firmamentum
1694 4000 1942 4055 omnibus
1964 4011 2143 4068 arqua-

559 4097 684 4152 liter
734 4107 897 4165 supra
941 4093 1173 4148 volvitur
1211 4096 1447 4163 quinque
1507 4091 1679 4154 zonis,
1729 4104 1861 4161 quas
1908 4090 2138 4145 invicem

560 4184 802 4258 paralleli
855 4183 1133 4253 dividunt,
1192 4184 1283 4253 qui
1322 4183 1390 4238 ab
1434 4180 1653 4237 Oriente
1698 4181 1753 4236 iu
1797 4181 2140 4237 Occidentem

560 4279 843 4332 dueuntur.
871 4274 1036 4332 Sonat
1059 4284 1236 4329 autem
1262 4274 1539 4345 requaliter
1564 4274 1804 4339 distans;
1847 4290 1953 4329 non
1995 4273 2141 4343 quod

559 4380 750 4422 omnes
770 4366 962 4436 aquati
1008 4365 1181 4437 spatio
1201 4364 1421 4431 distent,
1442 4366 1537 4421 sed
1557 4366 1663 4420 duo
1674 4376 1731 4422 et
1745 4366 1851 4419 duo
1868 4364 2143 4436 aequaliter

561 4455 672 4514 sibi
734 4455 984 4523 invicem,
1035 4455 1107 4511 ita
1166 4457 1310 4527 quod
1357 4472 1579 4527 usquam
1626 4454 1726 4512 sibi
1778 4458 2020 4527 prop'us,
2060 4454 2141 4511 vel

564 4549 843 4615 remotius,
901 4546 1100 4603 distent
1134 4565 1147 4602 :
1180 4561 1407 4619 quorum
1464 4550 1571 4604 duo
1626 4548 1925 4604 brevissimi
1977 4557 2139 4614 sunt,

563 4639 788 4707 scilicet,
811 4639 1076 4706 extremi;
1107 4639 1317 4696 medius
1332 4654 1485 4707 vero,
1511 4641 1601 4711 qui
1621 4650 1703 4696 est
1725 4639 2141 4710 aequinoctialis;

563 4732 851 4798 maximus,
885 4730 975 4802 qui
1007 4732 1074 4787 ab
1104 4730 1354 4787 omnibus
1383 4730 1590 4785 videtur
1612 4730 1889 4798 dimidius,
1925 4731 2022 4785 nisi
2062 4730 2145 4787 his

566 4822 657 4893 qui
698 4832 824 4878 sunt
871 4824 970 4879 sub
998 4824 1157 4893 polo;
1191 4837 1314 4879 nam
1346 4822 1399 4877 hi
1430 4832 1597 4877 totum
1645 4822 1824 4880 videre
1870 4832 2142 4895 poterunt,

564 4913 658 4983 qui
685 4913 896 4968 illorum
928 4914 1261 4969 horizontem
1291 4914 1563 4968 terminat.
1591 4913 1803 4982 Tropici
1846 4929 1973 4968 vero
2021 4923 2148 4969 sunt

570 5000 904 5059 medioximi.
930 5002 1173 5059 Arcticus
1200 5003 1415 5069 dicitur,
1442 5004 1531 5074 qui
1559 5020 1708 5059 ursas
1736 5014 1987 5074 utrasque
2015 5006 2065 5057 in
2086 5019 2149 5060 se

567 5095 967 5167 complectitur,
991 5095 1074 5149 cui
1105 5092 1380 5163 oppositus
1405 5105 1488 5149 est
1515 5096 1858 5149 antarcticus.
1890 5094 2146 5165 Tropicus

570 5187 788 5244 estivus
824 5188 937 5243 sive
968 5187 1244 5253 terminus,
1275 5185 1365 5255 qui
1393 5187 1685 5242 secundum
1712 5190 1994 5257 quamdam
2036 5190 2146 5243 disd

573 5279 897 5349 positionem
938 5279 1202 5334 Cancrum
1230 5290 1377 5333 secat
1413 5279 1467 5333 in
1490 5281 1686 5349 medio,
1719 5282 1825 5347 vel,
1856 5282 2146 5336 secundum

572 5374 881 5446 llygiuiutn,
936 5376 988 5429 in
1035 5386 1222 5430 octava
1265 5384 1437 5445 parte,
1484 5375 1548 5429 ad
1598 5390 1755 5444 quam
1805 5377 1886 5430 sol
1933 5377 2149 5433 veniens

572 5466 887 5529 revertitur;
918 5465 1271 5535 quitestivum
1302 5466 1588 5522 solstitium
1618 5467 1830 5538 dicitur,
1857 5470 2149 5525 secundum

572 5558 707 5614 alios
727 5557 980 5613 terminat
1015 5554 1277 5613 Cancrum
1304 5568 1359 5614 et
1382 5559 1679 5615 zodiacum.
1720 5560 1874 5616 Alter
1912 5563 2150 5630 tropicus

576 5648 820 5705 biernalis
867 5657 971 5711 est,
999 5648 1143 5705 unde
1170 5650 1237 5704 ad
1266 5665 1364 5705 nos
1392 5652 1474 5707 sol
1502 5650 1850 5719 convertitur,
1874 5652 1965 5722 qui
1993 5654 2061 5708 sit
2098 5654 2150 5709 in

576 5752 765 5798 octava
796 5750 946 5811 parte
983 5738 1311 5810 Capricorni.
1358 5742 1496 5798 Sunt
1537 5758 1749 5813 quoque
1795 5743 1902 5798 duo
1956 5745 2150 5813 colori,

578 5849 802 5891 auorum
852 5848 991 5889 unus
1045 5833 1435 5903 mquiuoctialia
1492 5833 1679 5891 dividit
1731 5835 1845 5906 (qui
1903 5834 2153 5893 dicuntur

2239 2342 2355 2399 licia
2381 2356 2567 2401 versus
2595 2351 2880 2415 utrumque
2908 2344 3089 2410 polum
3119 2344 3394 2400 extendat.

2860 2430 2936 2487 De
2963 2433 3198 2487 zodiaca.
3595 2500 3600 2504 ἡ

2312 2525 2573 2582 Zodiacus
2598 2541 2810 2598 quoque
2837 2526 3328 2583 duabus-extremis
3365 2526 3523 2583 lineis
3563 2527 3819 2583 terminat

2242 2626 2349 2687 tur,
2377 2627 2432 2674 et
2464 2619 2659 2686 media,
2684 2632 2803 2690 qua:
2831 2621 3072 2688 ecliptica
3101 2608 3319 2684 dicitur,
3346 2621 3721 2685 intersecatur,
3761 2621 3810 2676 in

2240 2724 2344 2780 qua
2370 2708 2591 2779 eclipsis
2618 2712 2758 2767 solet
2781 2709 2920 2768 ﬁeri.
2954 2711 3213 2767 Preti-rea
3239 2713 3491 2770 zodiacus
3540 2714 3821 2769 distinctus

2239 2810 2324 2856 est
2363 2814 2458 2869 per
2499 2814 2573 2855 xu
2609 2801 2781 2872 signa,
2820 2810 3046 2872 quorum
3084 2804 3499 2875 unumquodque
3527 2804 3582 2860 in
3612 2805 3838 2876 triginta-

2242 2899 2421 2960 partes
2475 2889 2707 2947 divisum
2746 2903 2848 2962 est,
2879 2906 2933 2951 et
2965 2908 3399 2968 unamquamque
3454 2898 3688 2965 partium
3741 2897 3817 2954 soi

2242 2999 2349 3040 uno
2374 2985 2465 3042 die
2494 2986 2706 3055 transit,
2734 2996 2791 3044 et
2818 2987 2888 3043 ita
2913 2988 3124 3059 signum
3146 2999 3353 3045 tantum
3381 2988 3435 3045 in
3467 3006 3579 3047 uno
3616 3004 3817 3062 mense,

2242 3081 2345 3135 nisi
2373 3082 2517 3151 quod
2549 3092 2754 3139 tantum
2805 3085 2931 3141 inde
2961 3087 3233 3143 auferatur
3259 3088 3500 3158 quolibet
3531 3102 3734 3158 mense,
3763 3098 3819 3145 lt

2242 3181 2422 3229 tamen
2443 3174 2499 3233 in
2530 3175 2790 3231 bissextili
2818 3192 2961 3233 anno
2988 3179 3106 3235 dies
3135 3179 3398 3237 natura“:
3443 3188 3815 3251 componatur.

2166 3224 2212 3287 Ο
2241 3264 2351 3321 Sub
2379 3266 2634 3335 parallelo
2664 3268 2779 3334 illo,
2799 3284 2960 3339 quem
2991 3266 3129 3339 dixi,
3182 3224 3397 3328 secare“
3418 3224 3690 3339 pernegat
3711 3224 3827 3343 (ιηέ-

2238 3374 2451 3430 cunque
2500 3371 2767 3429 maneret,
2815 3374 3029 3432 semper
3073 3364 3295 3420 biberet
3338 3367 3717 3434 tequ'noclirrm
3770 3380 3818 3419 tv

2238 3450 2486 3507 solstitia.
2520 3452 2821 3507 Solstitium
2850 3468 2985 3511 voco
3011 3454 3392 3511 vieinissimam
3455 3458 3825 3513 accessionem

2240 3549 2294 3595 et
2337 3542 2631 3597 maximam
2678 3544 3053 3600 remorionem.
3085 3546 3201 3602 Dea
3228 3547 3443 3617 quidem
3486 3547 3714 3604 haberet
3759 3562 3819 3603 ex

2239 3633 2533 3701 vicinitate,
2559 3643 2615 3688 ut
2639 3636 2692 3689 in
2722 3636 2903 3692 Ariete
2925 3648 2975 3693 ct
2998 3637 3182 3702 Libra,
3216 3649 3270 3694 et
3294 3639 3398 3694 duo
3419 3655 3482 3695 ex
3506 3641 3820 3704 remotione.

2242 3731 2297 3776 ut
2324 3722 2376 3776 in
2421 3722 2627 3779 Cancro
2653 3736 2706 3780 et
2734 3725 3083 3793 Capricorno.
3129 3724 3283 3795 Quod
3330 3741 3507 3784 autem
3560 3729 3616 3785 in
3654 3730 3829 3785 medio

2241 3828 2473 3887 perustae
2498 3819 2705 3888 positus
2728 3830 2943 3891 semper
2989 3821 3212 3878 liabet-et
3260 3824 3671 3893 aequinoctium,
3716 3825 3821 3880 lucc

2241 3917 2532 3975 estcausa,
2564 3910 2705 3980 quod
2756 3920 3009 3983 utrosque
3053 3914 3203 3983 polos
3236 3924 3290 3970 et
3311 3930 3498 3970 omnes
3550 3916 3825 3985 parallelos

2241 3998 2451 4054 videret
2473 3998 2751 4069 dimidios,
2780 4010 2838 4057 et
2859 4017 3075 4058 omnem
3105 4006 3243 4060 viam
3266 4006 3399 4061 solis
3421 4018 3587 4076 quam
3616 4005 3740 4062 facit
3758 4004 3826 4061 ab

2241 4098 2360 4143 ortu
2385 4104 2552 4159 usque
2580 4090 2631 4145 in
2660 4105 2934 4148 occasum.
2959 4094 3037 4150 Ad
3059 4095 3461 4154 similitudinem
3482 4098 3820 4165 ﬁrmamenti,

2241 4178 2372 4235 solis
2421 4179 2637 4250 sphera
2684 4180 2878 4237 alicubi
2906 4194 2987 4240 est
3018 4182 3282 4252 dil'fuaior,
3310 4196 3365 4243 et
3391 4187 3591 4244 alicubi
3618 4200 3826 4246 centra-

2243 4272 2400 4337 etinr,
2427 4282 2485 4326 ut
2514 4273 2616 4327 sub
2644 4275 3001 4345 aequinoctiali
3044 4277 3250 4333 circulo
3292 4288 3374 4335 est
3419 4278 3685 4348 rimosior,
3729 4279 3827 4336 sub

2246 4364 2463 4433 trapicis
2515 4364 2875 4431 contractior;
2933 4368 3172 4438 alioquin
3224 4381 3502 4439 oporteret
3563 4373 3815 4427 cit-colunt

2244 4453 2373 4511 solis
2400 4454 2453 4509 iu
2486 4455 2702 4524 tropicis
2750 4456 3060 4512 viciniorem
3106 4472 3230 4514 esse
3285 4458 3624 4517 ﬁrmamento
3664 4473 3823 4532 quam

2250 4544 2301 4599 in
2326 4545 2687 4616 :rquiuoctiali
2717 4548 2941 4617 circulo,
2973 4550 3017 4603 si
3046 4564 3151 4604 non
3190 4549 3257 4606 ad
3283 4551 3687 4611 similitudinem
3731 4551 3827 4606 llr-

2246 4639 2504 4693 momenti
2552 4640 2606 4695 in
2654 4652 2950 4696 convexum
3004 4639 3415 4708 dilfunderetur,
3445 4647 3581 4700 etin
3610 4643 3821 4715 tropicis

2246 4726 2671 4784 contraheretur.
2717 4727 3014 4799 Oppositio.
3045 4729 3102 4788 Si
3136 4731 3188 4786 in
3239 4732 3458 4803 tropicis
3507 4735 3824 4790 contractior

2246 4830 2326 4873 est
2355 4820 2586 4873 circulus
2610 4819 2762 4887 solis,
2793 4820 2920 4875 facit
2947 4822 3017 4877 ibi
3049 4821 3320 4877 breviores
3340 4823 3479 4892 dies,
3505 4825 3592 4879 ubi
3618 4826 3825 4881 brevius

2250 4913 2411 4969 liabet
2440 4914 2571 4979 iter;
2597 4912 2649 4967 in
2681 4914 3065 4983 requinoctiali,
3098 4916 3189 4971 ubi
3215 4916 3473 4972 laxiorem
3519 4919 3679 4973 habet
3729 4917 3823 4971 cir-

2249 5006 2461 5071 culum,
2493 5014 2547 5061 et
2579 5008 2680 5061 iter
2708 5007 2938 5076 longius;
2983 5009 3108 5064 facit
3144 5008 3263 5063 dies
3314 5011 3609 5082 longiores;
3652 5011 3824 5079 sicque

2250 5113 2470 5155 necesse
2515 5109 2601 5153 est
2651 5114 2755 5154 non
2802 5112 3017 5169 semper
3065 5098 3138 5155 ibi
3185 5102 3386 5157 habere
3426 5102 3815 5172 c‘quinoctiult.

2250 5191 2477 5247 Salutio.
2504 5190 2769 5260 Quidquid
2796 5193 3037 5246 recedita
3052 5193 3231 5248 medio
3255 5202 3461 5249 tumore
3490 5191 3820 5259 ﬁrmaumnti,

2250 5285 2429 5339 minus
2472 5283 2763 5350 impellitur
2808 5282 2951 5338 illius
3001 5285 3199 5354 impetu
3234 5304 3248 5338 :
3278 5288 3352 5340 ita
3396 5286 3484 5340 soi
3532 5285 3731 5354 pesitus
3770 5283 3818 5338 in

2254 5376 2475 5444 tropicis
2527 5377 2703 5430 minus
2756 5376 3047 5445 impellitur
3099 5392 3261 5447 quam
3315 5378 3416 5432 sub
3475 5375 3819 5448 mqutnoctiaii

2252 5468 2475 5533 circulo,
2500 5478 2555 5523 et
2585 5477 2783 5524 tantam
2835 5470 3022 5526 circuli
3076 5471 3411 5527 latitudinem
3462 5477 3821 5541 recompmsat

2253 5560 2481 5632 impetus
2502 5562 2764 5630 rapacitas
2794 5562 2986 5634 majori
3011 5564 3305 5621 celeritate.
3336 5563 3489 5632 Quod
3509 5572 3681 5619 auten
3699 5560 3823 5617 dicit

2252 5652 2578 5721 Macrobius,
2626 5669 2747 5710 esse
2798 5655 3131 5725 planetarum
3172 5656 3506 5717 celeritatem
3549 5654 3821 5728 aqualem:

2254 5747 2359 5805 hoc
2409 5747 2527 5804 ideo
2569 5749 2724 5815 dixit,
2774 5751 2904 5821 quia
2952 5749 3232 5822 equaliter
3282 5749 3547 5817 nituntur,
3589 5746 3684 5804 sd
3716 5758 3819 5801 non

2255 5838 2530 5909 requalitcr
2579 5850 2982 5911 ministrentur,
3028 5851 3086 5899 ut
3122 5848 3367 5900 natantes
3411 5839 3576 5913 tenuia
3627 5837 3819 5897 viribus
