  <div class='ocr_page' id='page_1' title='image "/cluster/home/n/w/nwhite01/storage/ocr_20150623/90/hvd.32044054758933/476.png"; bbox 0 0 4098 6208; ppageno 0'>
   <div class='ocr_carea' id='block_1_1' title="bbox 334 385 450 445">
    <p class='ocr_par' dir='ltr' id='par_1_1' title="bbox 334 385 450 445">
     <span class='ocr_line' id='line_1_1' title="bbox 334 385 450 445; baseline 0.017 -2"><span class='ocrx_word' id='word_1_1' title='bbox 334 385 450 445; x_wconf 70' lang='grc'><strong>’897</strong></span> 
     </span>
    </p>
   </div>
   <div class='ocr_carea' id='block_1_2' title="bbox 1608 367 2377 437">
    <p class='ocr_par' dir='ltr' id='par_1_2' title="bbox 1608 367 2377 437">
     <span class='ocr_line' id='line_1_2' title="bbox 1608 367 2377 437; baseline -0.018 1"><span class='ocrx_word' id='word_1_2' title='bbox 1608 374 1828 437; x_wconf 67' lang='grc' dir='ltr'><strong>ΠυΝΒΙ</strong></span> <span class='ocrx_word' id='word_1_3' title='bbox 1866 367 2377 435; x_wconf 54' lang='grc' dir='ltr'><strong>εοαετιτυτιορ</strong></span> 
     </span>
    </p>
   </div>
   <div class='ocr_carea' id='block_1_3' title="bbox 355 482 3607 569">
    <p class='ocr_par' dir='ltr' id='par_1_3' title="bbox 355 482 3607 569">
     <span class='ocr_line' id='line_1_3' title="bbox 355 482 3607 569; baseline -0.008 -6"><span class='ocrx_word' id='word_1_4' title='bbox 355 513 537 562; x_wconf 77' lang='lat' dir='ltr'><strong>contra</strong></span> <span class='ocrx_word' id='word_1_5' title='bbox 557 510 870 566; x_wconf 71' lang='lat' dir='ltr'><strong>tenentem.</strong></span> <span class='ocrx_word' id='word_1_6' title='bbox 894 513 1001 557; x_wconf 75' lang='lat' dir='ltr'><strong>non</strong></span> <span class='ocrx_word' id='word_1_7' title='bbox 1017 506 1196 557; x_wconf 79' lang='lat' dir='ltr'><strong>tamen</strong></span> <span class='ocrx_word' id='word_1_8' title='bbox 1218 497 1493 569; x_wconf 63' lang='lat' dir='ltr'><strong>aqualiter</strong></span> <span class='ocrx_word' id='word_1_9' title='bbox 1514 503 1916 568; x_wconf 82' lang='lat' dir='ltr'><strong>promoventur,</strong></span> <span class='ocrx_word' id='word_1_10' title='bbox 1948 494 1998 554; x_wconf 74' lang='grc' dir='ltr'>Α</span> <span class='ocrx_word' id='word_1_11' title='bbox 2023 485 2441 544; x_wconf 82' lang='lat' dir='ltr'><strong>stationalitates</strong></span> <span class='ocrx_word' id='word_1_12' title='bbox 2462 493 2518 541; x_wconf 91' lang='lat' dir='ltr'><strong>et</strong></span> <span class='ocrx_word' id='word_1_13' title='bbox 2559 482 3071 556; x_wconf 67' lang='lat' dir='ltr'><strong>retrogradationcs.</strong></span> <span class='ocrx_word' id='word_1_14' title='bbox 3092 482 3378 552; x_wconf 84' lang='lat' dir='ltr'><strong>Saturnus,</strong></span> <span class='ocrx_word' id='word_1_15' title='bbox 3402 494 3460 539; x_wconf 89' lang='lat' dir='ltr'><strong>ut</strong></span> <span class='ocrx_word' id='word_1_16' title='bbox 3490 486 3607 543; x_wconf 83' lang='lat' dir='ltr'><strong>vult</strong></span> 
     </span>
    </p>
   </div>
   <div class='ocr_carea' id='block_1_4' title="bbox 330 587 1920 665">
    <p class='ocr_par' dir='ltr' id='par_1_4' title="bbox 330 587 1920 665">
     <span class='ocr_line' id='line_1_4' title="bbox 330 587 1920 665; baseline -0.006 -12"><span class='ocrx_word' id='word_1_17' title='bbox 330 596 593 653; x_wconf 67' lang='lat' dir='ltr'><strong>torrentis</strong></span> <span class='ocrx_word' id='word_1_18' title='bbox 611 595 812 665; x_wconf 83' lang='lat' dir='ltr'><strong>impetu</strong></span> <span class='ocrx_word' id='word_1_19' title='bbox 835 592 1055 650; x_wconf 85' lang='lat' dir='ltr'><strong>diverse</strong></span> <span class='ocrx_word' id='word_1_20' title='bbox 1073 592 1194 649; x_wconf 82' lang='lat' dir='ltr'><strong>illos</strong></span> <span class='ocrx_word' id='word_1_21' title='bbox 1222 590 1566 661; x_wconf 78' lang='lat' dir='ltr'><strong>impediente.</strong></span> <span class='ocrx_word' id='word_1_22' title='bbox 1593 587 1668 644; x_wconf 84' lang='lat' dir='ltr'><strong>Ita</strong></span> <span class='ocrx_word' id='word_1_23' title='bbox 1692 587 1920 659; x_wconf 62' lang='lat' dir='ltr'><strong>planetas</strong></span> 
     </span>
    </p>
   </div>
   <div class='ocr_carea' id='block_1_5' title="bbox 334 677 1920 754">
    <p class='ocr_par' dir='ltr' id='par_1_5' title="bbox 334 677 1920 754">
     <span class='ocr_line' id='line_1_5' title="bbox 334 677 1920 754; baseline -0.007 -8"><span class='ocrx_word' id='word_1_24' title='bbox 334 688 503 746; x_wconf 83' lang='lat' dir='ltr'><strong>modo</strong></span> <span class='ocrx_word' id='word_1_25' title='bbox 531 687 880 753; x_wconf 67' lang='lat' dir='ltr'><strong>stationaria,</strong></span> <span class='ocrx_word' id='word_1_26' title='bbox 903 684 1066 741; x_wconf 84' lang='lat' dir='ltr'><strong>modo</strong></span> <span class='ocrx_word' id='word_1_27' title='bbox 1084 682 1430 754; x_wconf 69' lang='lat' dir='ltr'><strong>retrograda,</strong></span> <span class='ocrx_word' id='word_1_28' title='bbox 1452 682 1613 737; x_wconf 87' lang='lat' dir='ltr'><strong>modo</strong></span> <span class='ocrx_word' id='word_1_29' title='bbox 1634 677 1920 735; x_wconf 69' lang='lat' dir='ltr'><strong>altitudine</strong></span> 
     </span>
    </p>
   </div>
   <div class='ocr_carea' id='block_1_6' title="bbox 340 768 1925 850">
    <p class='ocr_par' dir='ltr' id='par_1_6' title="bbox 340 768 1925 850">
     <span class='ocr_line' id='line_1_6' title="bbox 340 768 1925 850; baseline -0.009 -12"><span class='ocrx_word' id='word_1_30' title='bbox 340 780 534 838; x_wconf 81' lang='lat' dir='ltr'><strong>circuli</strong></span> <span class='ocrx_word' id='word_1_31' title='bbox 564 780 888 850; x_wconf 83' lang='lat' dir='ltr'><strong>impediente</strong></span> <span class='ocrx_word' id='word_1_32' title='bbox 911 778 978 833; x_wconf 88' lang='lat' dir='ltr'><strong>ab</strong></span> <span class='ocrx_word' id='word_1_33' title='bbox 1007 777 1198 846; x_wconf 71' lang='lat' dir='ltr'><strong>aequali</strong></span> <span class='ocrx_word' id='word_1_34' title='bbox 1227 774 1581 846; x_wconf 64' lang='lat' dir='ltr'><strong>promotion.</strong></span> <span class='ocrx_word' id='word_1_35' title='bbox 1607 773 1789 841; x_wconf 73' lang='lat' dir='ltr'><strong>Itaque</strong></span> <span class='ocrx_word' id='word_1_36' title='bbox 1830 768 1925 839; x_wconf 84' lang='lat' dir='ltr'><strong>qui</strong></span> 
     </span>
    </p>
   </div>
   <div class='ocr_carea' id='block_1_7' title="bbox 344 862 1923 942">
    <p class='ocr_par' dir='ltr' id='par_1_7' title="bbox 344 862 1923 942">
     <span class='ocr_line' id='line_1_7' title="bbox 344 862 1923 942; baseline -0.009 -12"><span class='ocrx_word' id='word_1_37' title='bbox 344 880 489 929; x_wconf 85' lang='lat' dir='ltr'><strong>esset</strong></span> <span class='ocrx_word' id='word_1_38' title='bbox 512 871 613 928; x_wconf 83' lang='lat' dir='ltr'><strong>sub</strong></span> <span class='ocrx_word' id='word_1_39' title='bbox 648 879 877 942; x_wconf 69' lang='lat' dir='ltr'><strong>perustis</strong></span> <span class='ocrx_word' id='word_1_40' title='bbox 905 868 1105 934; x_wconf 85' lang='lat' dir='ltr'><strong>medio.</strong></span> <span class='ocrx_word' id='word_1_41' title='bbox 1153 881 1369 936; x_wconf 82' lang='lat' dir='ltr'><strong>semper</strong></span> <span class='ocrx_word' id='word_1_42' title='bbox 1410 865 1637 921; x_wconf 79' lang='lat' dir='ltr'><strong>haberet</strong></span> <span class='ocrx_word' id='word_1_43' title='bbox 1678 862 1923 932; x_wconf 69' lang='lat' dir='ltr'><strong>inquiun-</strong></span> 
     </span>
    </p>
   </div>
   <div class='ocr_carea' id='block_1_8' title="bbox 347 953 1925 1033">
    <p class='ocr_par' dir='ltr' id='par_1_8' title="bbox 347 953 1925 1033">
     <span class='ocr_line' id='line_1_8' title="bbox 347 953 1925 1033; baseline -0.008 -14"><span class='ocrx_word' id='word_1_44' title='bbox 347 966 530 1032; x_wconf 87' lang='lat' dir='ltr'><strong>ctium,</strong></span> <span class='ocrx_word' id='word_1_45' title='bbox 552 972 606 1021; x_wconf 88' lang='lat' dir='ltr'><strong>et</strong></span> <span class='ocrx_word' id='word_1_46' title='bbox 630 975 862 1033; x_wconf 86' lang='lat' dir='ltr'><strong>quatuor</strong></span> <span class='ocrx_word' id='word_1_47' title='bbox 900 960 1147 1016; x_wconf 86' lang='lat' dir='ltr'><strong>solstitia.</strong></span> <span class='ocrx_word' id='word_1_48' title='bbox 1199 958 1464 1027; x_wconf 79' lang='lat' dir='ltr'><strong>Quantum</strong></span> <span class='ocrx_word' id='word_1_49' title='bbox 1504 966 1685 1011; x_wconf 78' lang='lat' dir='ltr'><strong>autem</strong></span> <span class='ocrx_word' id='word_1_50' title='bbox 1730 953 1925 1025; x_wconf 82' lang='lat' dir='ltr'><strong>aliquis</strong></span> 
     </span>
    </p>
   </div>
   <div class='ocr_carea' id='block_1_9' title="bbox 344 1046 1922 1124">
    <p class='ocr_par' dir='ltr' id='par_1_9' title="bbox 344 1046 1922 1124">
     <span class='ocr_line' id='line_1_9' title="bbox 344 1046 1922 1124; baseline -0.01 -9"><span class='ocrx_word' id='word_1_51' title='bbox 344 1072 376 1115; x_wconf 72' lang='grc' dir='ltr'>ι</span> <span class='ocrx_word' id='word_1_52' title='bbox 400 1054 577 1116; x_wconf 81' lang='lat' dir='ltr'><strong>medio</strong></span> <span class='ocrx_word' id='word_1_53' title='bbox 596 1063 829 1124; x_wconf 65' lang='lat' dir='ltr'><strong>perusta:</strong></span> <span class='ocrx_word' id='word_1_54' title='bbox 845 1052 912 1113; x_wconf 85' lang='lat' dir='ltr'><strong>ad</strong></span> <span class='ocrx_word' id='word_1_55' title='bbox 941 1051 1409 1121; x_wconf 65' lang='lat' dir='ltr'><strong>septentrionalem</strong></span> <span class='ocrx_word' id='word_1_56' title='bbox 1431 1049 1641 1119; x_wconf 73' lang='lat' dir='ltr'><strong>plagam</strong></span> <span class='ocrx_word' id='word_1_57' title='bbox 1658 1046 1922 1112; x_wconf 85' lang='lat' dir='ltr'><strong>tenderet,</strong></span> 
     </span>
    </p>
   </div>
   <div class='ocr_carea' id='block_1_10' title="bbox 348 1139 1927 1220">
    <p class='ocr_par' dir='ltr' id='par_1_10' title="bbox 348 1139 1927 1220">
     <span class='ocr_line' id='line_1_10' title="bbox 348 1139 1927 1220; baseline -0.009 -15"><span class='ocrx_word' id='word_1_58' title='bbox 348 1158 494 1205; x_wconf 78' lang='lat' dir='ltr'><strong>tanto</strong></span> <span class='ocrx_word' id='word_1_59' title='bbox 524 1148 599 1208; x_wconf 76' lang='lat' dir='ltr'><strong>illi</strong></span> <span class='ocrx_word' id='word_1_60' title='bbox 632 1148 783 1218; x_wconf 62' lang='lat' dir='ltr'><strong>plaga</strong></span> <span class='ocrx_word' id='word_1_61' title='bbox 816 1146 903 1220; x_wconf 69' lang='lat' dir='ltr'><strong>illa</strong></span> <span class='ocrx_word' id='word_1_62' title='bbox 929 1146 1251 1213; x_wconf 75' lang='lat' dir='ltr'><strong>elevaretur,</strong></span> <span class='ocrx_word' id='word_1_63' title='bbox 1280 1152 1335 1197; x_wconf 90' lang='lat' dir='ltr'><strong>et</strong></span> <span class='ocrx_word' id='word_1_64' title='bbox 1366 1140 1631 1197; x_wconf 81' lang='lat' dir='ltr'><strong>Anstralis</strong></span> <span class='ocrx_word' id='word_1_65' title='bbox 1653 1139 1927 1208; x_wconf 86' lang='lat' dir='ltr'><strong>deprime-</strong></span> 
     </span>
    </p>
   </div>
   <div class='ocr_carea' id='block_1_11' title="bbox 348 1234 1926 1308">
    <p class='ocr_par' dir='ltr' id='par_1_11' title="bbox 348 1234 1926 1308">
     <span class='ocr_line' id='line_1_11' title="bbox 348 1234 1926 1308; baseline -0.006 -13"><span class='ocrx_word' id='word_1_66' title='bbox 348 1250 529 1307; x_wconf 86' lang='lat' dir='ltr'><strong>retttr;</strong></span> <span class='ocrx_word' id='word_1_67' title='bbox 564 1251 615 1296; x_wconf 89' lang='lat' dir='ltr'><strong>et</strong></span> <span class='ocrx_word' id='word_1_68' title='bbox 646 1250 777 1308; x_wconf 85' lang='lat' dir='ltr'><strong>quot</strong></span> <span class='ocrx_word' id='word_1_69' title='bbox 827 1252 1128 1308; x_wconf 67' lang='lat' dir='ltr'><strong>sexagenas</strong></span> <span class='ocrx_word' id='word_1_70' title='bbox 1144 1234 1591 1305; x_wconf 78' lang='lat' dir='ltr'><strong>Septentrionalis</strong></span> <span class='ocrx_word' id='word_1_71' title='bbox 1606 1240 1926 1295; x_wconf 81' lang='lat' dir='ltr'><strong>assumeret,</strong></span> 
     </span>
    </p>
   </div>
   <div class='ocr_carea' id='block_1_12' title="bbox 338 1326 1929 1400">
    <p class='ocr_par' dir='ltr' id='par_1_12' title="bbox 338 1326 1929 1400">
     <span class='ocr_line' id='line_1_12' title="bbox 338 1326 1929 1400; baseline -0.006 -12"><span class='ocrx_word' id='word_1_72' title='bbox 338 1339 427 1387; x_wconf 70' lang='lat' dir='ltr'><strong>tot</strong></span> <span class='ocrx_word' id='word_1_73' title='bbox 446 1331 710 1388; x_wconf 76' lang='lat' dir='ltr'><strong>Australis</strong></span> <span class='ocrx_word' id='word_1_74' title='bbox 727 1330 1015 1396; x_wconf 82' lang='lat' dir='ltr'><strong>amitteret,</strong></span> <span class='ocrx_word' id='word_1_75' title='bbox 1032 1329 1297 1400; x_wconf 85' lang='lat' dir='ltr'><strong>recipiens</strong></span> <span class='ocrx_word' id='word_1_76' title='bbox 1315 1327 1494 1383; x_wconf 78' lang='lat' dir='ltr'><strong>statim</strong></span> <span class='ocrx_word' id='word_1_77' title='bbox 1518 1326 1929 1395; x_wconf 65' lang='lat' dir='ltr'><strong>inmqualitatcm</strong></span> 
     </span>
    </p>
   </div>
   <div class='ocr_carea' id='block_1_13' title="bbox 351 1416 1926 1490">
    <p class='ocr_par' dir='ltr' id='par_1_13' title="bbox 351 1416 1926 1490">
     <span class='ocr_line' id='line_1_13' title="bbox 351 1416 1926 1490; baseline -0.006 -12"><span class='ocrx_word' id='word_1_78' title='bbox 351 1424 563 1479; x_wconf 80' lang='lat' dir='ltr'><strong>dierum</strong></span> <span class='ocrx_word' id='word_1_79' title='bbox 586 1433 642 1481; x_wconf 87' lang='lat' dir='ltr'><strong>et</strong></span> <span class='ocrx_word' id='word_1_80' title='bbox 662 1423 921 1487; x_wconf 87' lang='lat' dir='ltr'><strong>noctium,</strong></span> <span class='ocrx_word' id='word_1_81' title='bbox 955 1420 1127 1479; x_wconf 76' lang='lat' dir='ltr'><strong>donec</strong></span> <span class='ocrx_word' id='word_1_82' title='bbox 1150 1420 1382 1487; x_wconf 81' lang='lat' dir='ltr'><strong>tandem,</strong></span> <span class='ocrx_word' id='word_1_83' title='bbox 1417 1432 1517 1473; x_wconf 85' lang='lat' dir='ltr'><strong>suo</strong></span> <span class='ocrx_word' id='word_1_84' title='bbox 1549 1419 1673 1490; x_wconf 83' lang='lat' dir='ltr'><strong>polo</strong></span> <span class='ocrx_word' id='word_1_85' title='bbox 1703 1416 1926 1487; x_wconf 82' lang='lat' dir='ltr'><strong>positus,</strong></span> 
     </span>
    </p>
   </div>
   <div class='ocr_carea' id='block_1_14' title="bbox 355 1509 1934 1585">
    <p class='ocr_par' dir='ltr' id='par_1_14' title="bbox 355 1509 1934 1585">
     <span class='ocr_line' id='line_1_14' title="bbox 355 1509 1934 1585; baseline -0.003 -18"><span class='ocrx_word' id='word_1_86' title='bbox 355 1521 524 1571; x_wconf 73' lang='lat' dir='ltr'><strong>totum</strong></span> <span class='ocrx_word' id='word_1_87' title='bbox 552 1512 1208 1585; x_wconf 61' lang='lat' dir='ltr'><strong>videretaquinoctialem</strong></span> <span class='ocrx_word' id='word_1_88' title='bbox 1250 1513 1533 1577; x_wconf 86' lang='lat' dir='ltr'><strong>circulum,</strong></span> <span class='ocrx_word' id='word_1_89' title='bbox 1565 1520 1620 1566; x_wconf 89' lang='lat' dir='ltr'><strong>et</strong></span> <span class='ocrx_word' id='word_1_90' title='bbox 1647 1510 1701 1564; x_wconf 88' lang='lat' dir='ltr'><strong>in</strong></span> <span class='ocrx_word' id='word_1_91' title='bbox 1730 1509 1934 1565; x_wconf 55' lang='lat' dir='ltr'><strong>aestivis</strong></span> 
     </span>
    </p>
   </div>
   <div class='ocr_carea' id='block_1_15' title="bbox 352 1601 1932 1690">
    <p class='ocr_par' dir='ltr' id='par_1_15' title="bbox 352 1601 1932 1690">
     <span class='ocr_line' id='line_1_15' title="bbox 352 1601 1932 1690; baseline -0.004 -30"><span class='ocrx_word' id='word_1_92' title='bbox 352 1606 519 1676; x_wconf 68' lang='lat' dir='ltr'><strong>signis</strong></span> <span class='ocrx_word' id='word_1_93' title='bbox 544 1605 822 1661; x_wconf 89' lang='lat' dir='ltr'><strong>dimidium</strong></span> <span class='ocrx_word' id='word_1_94' title='bbox 841 1621 1036 1661; x_wconf 84' lang='lat' dir='ltr'><strong>annum</strong></span> <span class='ocrx_word' id='word_1_95' title='bbox 1060 1604 1277 1660; x_wconf 74' lang='lat' dir='ltr'><strong>haberet</strong></span> <span class='ocrx_word' id='word_1_96' title='bbox 1296 1604 1607 1659; x_wconf 85' lang='lat' dir='ltr'><strong>continuum</strong></span> <span class='ocrx_word' id='word_1_97' title='bbox 1630 1601 1865 1690; x_wconf 56' lang='lat' dir='ltr'><strong>dicm,et</strong></span> <span class='ocrx_word' id='word_1_98' title='bbox 1882 1601 1932 1654; x_wconf 89' lang='lat' dir='ltr'><strong>in</strong></span> 
     </span>
    </p>
   </div>
   <div class='ocr_carea' id='block_1_16' title="bbox 345 1692 1937 1765">
    <p class='ocr_par' dir='ltr' id='par_1_16' title="bbox 345 1692 1937 1765">
     <span class='ocr_line' id='line_1_16' title="bbox 345 1692 1937 1765; baseline -0.008 -10"><span class='ocrx_word' id='word_1_99' title='bbox 345 1699 665 1756; x_wconf 75' lang='lat' dir='ltr'><strong>hiemalibus</strong></span> <span class='ocrx_word' id='word_1_100' title='bbox 693 1692 863 1765; x_wconf 72' lang='lat' dir='ltr'><strong>signis</strong></span> <span class='ocrx_word' id='word_1_101' title='bbox 890 1698 1169 1753; x_wconf 90' lang='lat' dir='ltr'><strong>dimidium</strong></span> <span class='ocrx_word' id='word_1_102' title='bbox 1199 1710 1397 1752; x_wconf 78' lang='lat' dir='ltr'><strong>annum</strong></span> <span class='ocrx_word' id='word_1_103' title='bbox 1431 1706 1666 1758; x_wconf 88' lang='lat' dir='ltr'><strong>noctem,</strong></span> <span class='ocrx_word' id='word_1_104' title='bbox 1701 1694 1937 1747; x_wconf 81' lang='lat' dir='ltr'><strong>videret-</strong></span> 
     </span>
    </p>
   </div>
   <div class='ocr_carea' id='block_1_17' title="bbox 348 1787 1929 1864">
    <p class='ocr_par' dir='ltr' id='par_1_17' title="bbox 348 1787 1929 1864">
     <span class='ocr_line' id='line_1_17' title="bbox 348 1787 1929 1864; baseline -0.006 -14"><span class='ocrx_word' id='word_1_105' title='bbox 348 1810 451 1863; x_wconf 84' lang='lat' dir='ltr'><strong>que</strong></span> <span class='ocrx_word' id='word_1_106' title='bbox 480 1794 759 1849; x_wconf 85' lang='lat' dir='ltr'><strong>dimidium</strong></span> <span class='ocrx_word' id='word_1_107' title='bbox 793 1793 1040 1864; x_wconf 84' lang='lat' dir='ltr'><strong>superius</strong></span> <span class='ocrx_word' id='word_1_108' title='bbox 1072 1790 1531 1863; x_wconf 69' lang='lat' dir='ltr'><strong>hemisphaerium,</strong></span> <span class='ocrx_word' id='word_1_109' title='bbox 1563 1798 1617 1845; x_wconf 82' lang='lat' dir='ltr'><strong>et</strong></span> <span class='ocrx_word' id='word_1_110' title='bbox 1650 1787 1929 1843; x_wconf 88' lang='lat' dir='ltr'><strong>dimidium</strong></span> 
     </span>
    </p>
   </div>
   <div class='ocr_carea' id='block_1_18' title="bbox 334 1886 590 1942">
    <p class='ocr_par' dir='ltr' id='par_1_18' title="bbox 334 1886 590 1942">
     <span class='ocr_line' id='line_1_18' title="bbox 334 1886 590 1942; baseline 0 -1"><span class='ocrx_word' id='word_1_111' title='bbox 334 1886 590 1942; x_wconf 74' lang='lat' dir='ltr'><strong>inferius.</strong></span> 
     </span>
    </p>
   </div>
   <div class='ocr_carea' id='block_1_19' title="bbox 814 1976 1471 2034">
    <p class='ocr_par' dir='ltr' id='par_1_19' title="bbox 814 1976 1471 2034">
     <span class='ocr_line' id='line_1_19' title="bbox 814 1976 1471 2034; baseline 0.003 -4"><span class='ocrx_word' id='word_1_112' title='bbox 814 1976 891 2030; x_wconf 83' lang='lat' dir='ltr'><strong>De</strong></span> <span class='ocrx_word' id='word_1_113' title='bbox 932 1978 1215 2034; x_wconf 76' lang='lat' dir='ltr'><strong>meridiano</strong></span> <span class='ocrx_word' id='word_1_114' title='bbox 1254 1977 1471 2032; x_wconf 76' lang='lat' dir='ltr'><strong>circulo.</strong></span> 
     </span>
    </p>
   </div>
   <div class='ocr_carea' id='block_1_20' title="bbox 412 2068 1924 2141">
    <p class='ocr_par' dir='ltr' id='par_1_20' title="bbox 412 2068 1924 2141">
     <span class='ocr_line' id='line_1_20' title="bbox 412 2068 1924 2141; baseline -0.004 -14"><span class='ocrx_word' id='word_1_115' title='bbox 412 2072 552 2127; x_wconf 86' lang='lat' dir='ltr'><strong>Sunt</strong></span> <span class='ocrx_word' id='word_1_116' title='bbox 582 2081 840 2141; x_wconf 68' lang='lat' dir='ltr'><strong>prmterea</strong></span> <span class='ocrx_word' id='word_1_117' title='bbox 877 2071 985 2127; x_wconf 89' lang='lat' dir='ltr'><strong>duo</strong></span> <span class='ocrx_word' id='word_1_118' title='bbox 1010 2070 1221 2137; x_wconf 83' lang='lat' dir='ltr'><strong>circuli,</strong></span> <span class='ocrx_word' id='word_1_119' title='bbox 1253 2071 1579 2126; x_wconf 82' lang='lat' dir='ltr'><strong>meridianus</strong></span> <span class='ocrx_word' id='word_1_120' title='bbox 1601 2078 1658 2125; x_wconf 89' lang='lat' dir='ltr'><strong>et</strong></span> <span class='ocrx_word' id='word_1_121' title='bbox 1685 2068 1924 2123; x_wconf 76' lang='lat' dir='ltr'><strong>horizon.</strong></span> 
     </span>
    </p>
   </div>
   <div class='ocr_carea' id='block_1_21' title="bbox 345 2161 1931 2235">
    <p class='ocr_par' dir='ltr' id='par_1_21' title="bbox 345 2161 1931 2235">
     <span class='ocr_line' id='line_1_21' title="bbox 345 2161 1931 2235; baseline -0.004 -15"><span class='ocrx_word' id='word_1_122' title='bbox 345 2163 742 2220; x_wconf 73' lang='lat' dir='ltr'><strong>Meridionalem</strong></span> <span class='ocrx_word' id='word_1_123' title='bbox 772 2179 925 2218; x_wconf 87' lang='lat' dir='ltr'><strong>suum</strong></span> <span class='ocrx_word' id='word_1_124' title='bbox 954 2179 1181 2235; x_wconf 69' lang='lat' dir='ltr'><strong>quaeque</strong></span> <span class='ocrx_word' id='word_1_125' title='bbox 1211 2163 1310 2219; x_wconf 83' lang='lat' dir='ltr'><strong>sibi</strong></span> <span class='ocrx_word' id='word_1_126' title='bbox 1339 2176 1473 2233; x_wconf 74' lang='lat' dir='ltr'><strong>gens</strong></span> <span class='ocrx_word' id='word_1_127' title='bbox 1492 2161 1678 2229; x_wconf 76' lang='lat' dir='ltr'><strong>efﬁcit,</strong></span> <span class='ocrx_word' id='word_1_128' title='bbox 1706 2161 1797 2230; x_wconf 87' lang='lat' dir='ltr'><strong>qui</strong></span> <span class='ocrx_word' id='word_1_129' title='bbox 1831 2161 1931 2213; x_wconf 84' lang='lat' dir='ltr'><strong>du-</strong></span> 
     </span>
    </p>
   </div>
   <div class='ocr_carea' id='block_1_22' title="bbox 339 2254 1927 2328">
    <p class='ocr_par' dir='ltr' id='par_1_22' title="bbox 339 2254 1927 2328">
     <span class='ocr_line' id='line_1_22' title="bbox 339 2254 1927 2328; baseline -0.004 -15"><span class='ocrx_word' id='word_1_130' title='bbox 339 2259 484 2313; x_wconf 85' lang='lat' dir='ltr'><strong>citur</strong></span> <span class='ocrx_word' id='word_1_131' title='bbox 513 2270 676 2328; x_wconf 87' lang='lat' dir='ltr'><strong>super</strong></span> <span class='ocrx_word' id='word_1_132' title='bbox 698 2265 859 2328; x_wconf 85' lang='lat' dir='ltr'><strong>caput</strong></span> <span class='ocrx_word' id='word_1_133' title='bbox 886 2271 1073 2312; x_wconf 91' lang='lat' dir='ltr'><strong>eorum</strong></span> <span class='ocrx_word' id='word_1_134' title='bbox 1101 2271 1131 2311; x_wconf 84' lang='lat' dir='ltr'><strong>a</strong></span> <span class='ocrx_word' id='word_1_135' title='bbox 1155 2255 1540 2326; x_wconf 71' lang='lat' dir='ltr'><strong>‘Septcntrione</strong></span> <span class='ocrx_word' id='word_1_136' title='bbox 1567 2254 1619 2308; x_wconf 89' lang='lat' dir='ltr'><strong>in</strong></span> <span class='ocrx_word' id='word_1_137' title='bbox 1648 2255 1927 2317; x_wconf 85' lang='lat' dir='ltr'><strong>Austrum,</strong></span> 
     </span>
    </p>
   </div>
   <div class='ocr_carea' id='block_1_23' title="bbox 337 2346 1927 2421">
    <p class='ocr_par' dir='ltr' id='par_1_23' title="bbox 337 2346 1927 2421">
     <span class='ocr_line' id='line_1_23' title="bbox 337 2346 1927 2421; baseline -0.004 -14"><span class='ocrx_word' id='word_1_138' title='bbox 337 2361 397 2407; x_wconf 80' lang='lat' dir='ltr'><strong>et</strong></span> <span class='ocrx_word' id='word_1_139' title='bbox 424 2360 666 2407; x_wconf 87' lang='lat' dir='ltr'><strong>mutatur</strong></span> <span class='ocrx_word' id='word_1_140' title='bbox 695 2350 748 2407; x_wconf 90' lang='lat' dir='ltr'><strong>in</strong></span> <span class='ocrx_word' id='word_1_141' title='bbox 780 2349 1019 2419; x_wconf 88' lang='lat' dir='ltr'><strong>quolibet</strong></span> <span class='ocrx_word' id='word_1_142' title='bbox 1046 2363 1227 2421; x_wconf 86' lang='lat' dir='ltr'><strong>passu,</strong></span> <span class='ocrx_word' id='word_1_143' title='bbox 1273 2359 1329 2404; x_wconf 83' lang='lat' dir='ltr'><strong>et</strong></span> <span class='ocrx_word' id='word_1_144' title='bbox 1356 2346 1483 2404; x_wconf 88' lang='lat' dir='ltr'><strong>inde</strong></span> <span class='ocrx_word' id='word_1_145' title='bbox 1528 2356 1608 2403; x_wconf 91' lang='lat' dir='ltr'><strong>est</strong></span> <span class='ocrx_word' id='word_1_146' title='bbox 1636 2347 1777 2416; x_wconf 88' lang='lat' dir='ltr'><strong>quod</strong></span> <span class='ocrx_word' id='word_1_147' title='bbox 1807 2360 1927 2400; x_wconf 91' lang='lat' dir='ltr'><strong>cum</strong></span> 
     </span>
    </p>
   </div>
   <div class='ocr_carea' id='block_1_24' title="bbox 337 2436 1932 2508">
    <p class='ocr_par' dir='ltr' id='par_1_24' title="bbox 337 2436 1932 2508">
     <span class='ocr_line' id='line_1_24' title="bbox 337 2436 1932 2508; baseline -0.003 -9"><span class='ocrx_word' id='word_1_148' title='bbox 337 2443 501 2499; x_wconf 82' lang='lat' dir='ltr'><strong>nobis</strong></span> <span class='ocrx_word' id='word_1_149' title='bbox 530 2452 613 2500; x_wconf 85' lang='lat' dir='ltr'><strong>est</strong></span> <span class='ocrx_word' id='word_1_150' title='bbox 636 2442 907 2508; x_wconf 78' lang='lat' dir='ltr'><strong>meridies,</strong></span> <span class='ocrx_word' id='word_1_151' title='bbox 940 2442 1371 2499; x_wconf 77' lang='lat' dir='ltr'><strong>Occidentalibus</strong></span> <span class='ocrx_word' id='word_1_152' title='bbox 1397 2440 1468 2496; x_wconf 87' lang='lat' dir='ltr'><strong>sit</strong></span> <span class='ocrx_word' id='word_1_153' title='bbox 1493 2436 1705 2502; x_wconf 85' lang='lat' dir='ltr'><strong>Oriens.</strong></span> <span class='ocrx_word' id='word_1_154' title='bbox 1734 2449 1788 2494; x_wconf 88' lang='lat' dir='ltr'><strong>et</strong></span> <span class='ocrx_word' id='word_1_155' title='bbox 1818 2454 1932 2495; x_wconf 62' lang='lat' dir='ltr'><strong>meo</strong></span> 
     </span>
    </p>
   </div>
   <div class='ocr_carea' id='block_1_25' title="bbox 342 2531 1927 2607">
    <p class='ocr_par' dir='ltr' id='par_1_25' title="bbox 342 2531 1927 2607">
     <span class='ocr_line' id='line_1_25' title="bbox 342 2531 1927 2607; baseline -0.003 -16"><span class='ocrx_word' id='word_1_156' title='bbox 342 2538 426 2591; x_wconf 85' lang='lat' dir='ltr'><strong>dia</strong></span> <span class='ocrx_word' id='word_1_157' title='bbox 454 2552 563 2592; x_wconf 65' lang='lat' dir='ltr'><strong>nos</strong></span> <span class='ocrx_word' id='word_1_158' title='bbox 584 2536 668 2591; x_wconf 85' lang='lat' dir='ltr'><strong>his</strong></span> <span class='ocrx_word' id='word_1_159' title='bbox 689 2537 779 2607; x_wconf 87' lang='lat' dir='ltr'><strong>qui</strong></span> <span class='ocrx_word' id='word_1_160' title='bbox 808 2546 933 2591; x_wconf 88' lang='lat' dir='ltr'><strong>sunt</strong></span> <span class='ocrx_word' id='word_1_161' title='bbox 958 2536 1010 2591; x_wconf 86' lang='lat' dir='ltr'><strong>in</strong></span> <span class='ocrx_word' id='word_1_162' title='bbox 1033 2534 1213 2591; x_wconf 80' lang='lat' dir='ltr'><strong>medio</strong></span> <span class='ocrx_word' id='word_1_163' title='bbox 1241 2533 1513 2591; x_wconf 83' lang='lat' dir='ltr'><strong>inferioris</strong></span> <span class='ocrx_word' id='word_1_164' title='bbox 1540 2531 1927 2602; x_wconf 64' lang='lat' dir='ltr'><strong>ltetniSpltmrii.</strong></span> 
     </span>
    </p>
   </div>
   <div class='ocr_carea' id='block_1_26' title="bbox 345 2628 1125 2702">
    <p class='ocr_par' dir='ltr' id='par_1_26' title="bbox 345 2628 1125 2702">
     <span class='ocr_line' id='line_1_26' title="bbox 345 2628 1125 2702; baseline -0.004 -15"><span class='ocrx_word' id='word_1_165' title='bbox 345 2629 411 2687; x_wconf 73' lang='lat' dir='ltr'><strong>Et</strong></span> <span class='ocrx_word' id='word_1_166' title='bbox 435 2630 519 2687; x_wconf 90' lang='lat' dir='ltr'><strong>sic</strong></span> <span class='ocrx_word' id='word_1_167' title='bbox 548 2628 604 2685; x_wconf 85' lang='lat' dir='ltr'><strong>in</strong></span> <span class='ocrx_word' id='word_1_168' title='bbox 632 2630 822 2687; x_wconf 86' lang='lat' dir='ltr'><strong>ordine</strong></span> <span class='ocrx_word' id='word_1_169' title='bbox 842 2638 1125 2702; x_wconf 84' lang='lat' dir='ltr'><strong>computa.</strong></span> 
     </span>
    </p>
   </div>
   <div class='ocr_carea' id='block_1_27' title="bbox 939 2720 1336 2777">
    <p class='ocr_par' dir='ltr' id='par_1_27' title="bbox 939 2720 1336 2777">
     <span class='ocr_line' id='line_1_27' title="bbox 939 2720 1336 2777; baseline -0.003 0"><span class='ocrx_word' id='word_1_170' title='bbox 939 2720 1020 2777; x_wconf 79' lang='lat' dir='ltr'><strong>De</strong></span> <span class='ocrx_word' id='word_1_171' title='bbox 1054 2722 1336 2776; x_wconf 76' lang='lat' dir='ltr'><strong>horizontc.</strong></span> 
     </span>
    </p>
   </div>
   <div class='ocr_carea' id='block_1_28' title="bbox 407 2805 1931 2883">
    <p class='ocr_par' dir='ltr' id='par_1_28' title="bbox 407 2805 1931 2883">
     <span class='ocr_line' id='line_1_28' title="bbox 407 2805 1931 2883; baseline -0.005 -15"><span class='ocrx_word' id='word_1_172' title='bbox 407 2811 651 2869; x_wconf 78' lang='lat' dir='ltr'><strong>&#39;ﬂorizoa</strong></span> <span class='ocrx_word' id='word_1_173' title='bbox 681 2823 783 2879; x_wconf 87' lang='lat' dir='ltr'><strong>est,</strong></span> <span class='ocrx_word' id='word_1_174' title='bbox 815 2812 928 2883; x_wconf 79' lang='lat' dir='ltr'><strong>qui,</strong></span> <span class='ocrx_word' id='word_1_175' title='bbox 970 2811 1346 2867; x_wconf 80' lang='lat' dir='ltr'><strong>consideratus</strong></span> <span class='ocrx_word' id='word_1_176' title='bbox 1393 2808 1446 2864; x_wconf 91' lang='lat' dir='ltr'><strong>in</strong></span> <span class='ocrx_word' id='word_1_177' title='bbox 1494 2820 1647 2879; x_wconf 74' lang='lat' dir='ltr'><strong>aqua:</strong></span> <span class='ocrx_word' id='word_1_178' title='bbox 1686 2805 1931 2877; x_wconf 85' lang='lat' dir='ltr'><strong>planitie,</strong></span> 
     </span>
    </p>
   </div>
   <div class='ocr_carea' id='block_1_29' title="bbox 341 2901 1931 2968">
    <p class='ocr_par' dir='ltr' id='par_1_29' title="bbox 341 2901 1931 2968">
     <span class='ocr_line' id='line_1_29' title="bbox 341 2901 1931 2968; baseline -0.001 -13"><span class='ocrx_word' id='word_1_179' title='bbox 341 2903 431 2957; x_wconf 64' lang='lat' dir='ltr'><strong>vel</strong></span> <span class='ocrx_word' id='word_1_180' title='bbox 460 2911 645 2968; x_wconf 68' lang='lat' dir='ltr'><strong>terrm,</strong></span> <span class='ocrx_word' id='word_1_181' title='bbox 675 2904 1051 2961; x_wconf 74' lang='lat' dir='ltr'><strong>terminabitnr</strong></span> <span class='ocrx_word' id='word_1_182' title='bbox 1080 2904 1145 2959; x_wconf 76' lang='grc' dir='ltr'><strong>εἰη</strong></span> <span class='ocrx_word' id='word_1_183' title='bbox 1174 2902 1532 2959; x_wconf 75' lang='lat' dir='ltr'><strong>amarioribus</strong></span> <span class='ocrx_word' id='word_1_184' title='bbox 1576 2918 1679 2957; x_wconf 78' lang='lat' dir='ltr'><strong>cxx</strong></span> <span class='ocrx_word' id='word_1_185' title='bbox 1722 2901 1931 2965; x_wconf 81' lang='lat' dir='ltr'><strong>stadiis,</strong></span> 
     </span>
    </p>
   </div>
   <div class='ocr_carea' id='block_1_30' title="bbox 344 2987 1932 3059">
    <p class='ocr_par' dir='ltr' id='par_1_30' title="bbox 344 2987 1932 3059">
     <span class='ocr_line' id='line_1_30' title="bbox 344 2987 1932 3059; baseline -0.001 -16"><span class='ocrx_word' id='word_1_186' title='bbox 344 2994 401 3043; x_wconf 81' lang='lat' dir='ltr'><strong>et</strong></span> <span class='ocrx_word' id='word_1_187' title='bbox 445 2998 596 3044; x_wconf 87' lang='lat' dir='ltr'><strong>retro</strong></span> <span class='ocrx_word' id='word_1_188' title='bbox 640 2989 889 3056; x_wconf 66' lang='lat' dir='ltr'><strong>totidem,</strong></span> <span class='ocrx_word' id='word_1_189' title='bbox 924 2992 969 3042; x_wconf 89' lang='lat' dir='ltr'><strong>si</strong></span> <span class='ocrx_word' id='word_1_190' title='bbox 1002 2989 1259 3047; x_wconf 79' lang='lat' dir='ltr'><strong>ambitum</strong></span> <span class='ocrx_word' id='word_1_191' title='bbox 1308 2988 1428 3059; x_wconf 67' lang='lat' dir='ltr'><strong>eius</strong></span> <span class='ocrx_word' id='word_1_192' title='bbox 1472 2987 1932 3056; x_wconf 76' lang='lat' dir='ltr'><strong>comprehendere</strong></span> 
     </span>
    </p>
   </div>
   <div class='ocr_carea' id='block_1_31' title="bbox 345 3078 1933 3150">
    <p class='ocr_par' dir='ltr' id='par_1_31' title="bbox 345 3078 1933 3150">
     <span class='ocr_line' id='line_1_31' title="bbox 345 3078 1933 3150; baseline -0.001 -15"><span class='ocrx_word' id='word_1_193' title='bbox 345 3081 614 3145; x_wconf 83' lang='lat' dir='ltr'><strong>volueris;</strong></span> <span class='ocrx_word' id='word_1_194' title='bbox 668 3082 872 3150; x_wconf 76' lang='lat' dir='ltr'><strong>triplica</strong></span> <span class='ocrx_word' id='word_1_195' title='bbox 912 3086 1031 3148; x_wconf 71' lang='lat' dir='ltr'><strong>ejus</strong></span> <span class='ocrx_word' id='word_1_196' title='bbox 1080 3081 1403 3139; x_wconf 77' lang='lat' dir='ltr'><strong>diametrum</strong></span> <span class='ocrx_word' id='word_1_197' title='bbox 1455 3094 1578 3135; x_wconf 87' lang='lat' dir='ltr'><strong>cum</strong></span> <span class='ocrx_word' id='word_1_198' title='bbox 1629 3078 1933 3148; x_wconf 69' lang='lat' dir='ltr'><strong>adiectione</strong></span> 
     </span>
    </p>
   </div>
   <div class='ocr_carea' id='block_1_32' title="bbox 345 3168 2009 3268">
    <p class='ocr_par' dir='ltr' id='par_1_32' title="bbox 345 3168 2009 3268">
     <span class='ocr_line' id='line_1_32' title="bbox 345 3168 2009 3268; baseline -0.002 -42"><span class='ocrx_word' id='word_1_199' title='bbox 345 3179 586 3241; x_wconf 80' lang='lat' dir='ltr'><strong>septemc</strong></span> <span class='ocrx_word' id='word_1_200' title='bbox 635 3170 800 3240; x_wconf 80' lang='lat' dir='ltr'><strong>partis</strong></span> <span class='ocrx_word' id='word_1_201' title='bbox 858 3171 1129 3237; x_wconf 80' lang='lat' dir='ltr'><strong>diametri,</strong></span> <span class='ocrx_word' id='word_1_202' title='bbox 1177 3182 1229 3227; x_wconf 84' lang='lat' dir='ltr'><strong>et</strong></span> <span class='ocrx_word' id='word_1_203' title='bbox 1276 3168 1501 3228; x_wconf 79' lang='lat' dir='ltr'><strong>habebis</strong></span> <span class='ocrx_word' id='word_1_204' title='bbox 1550 3169 1932 3241; x_wconf 78' lang='lat' dir='ltr'><strong>longitudinem</strong></span> <span class='ocrx_word' id='word_1_205' title='bbox 1963 3205 2009 3268; x_wconf 61' lang='grc' dir='ltr'><strong>ρ</strong></span> 
     </span>
    </p>
   </div>
   <div class='ocr_carea' id='block_1_33' title="bbox 343 3260 1933 3333">
    <p class='ocr_par' dir='ltr' id='par_1_33' title="bbox 343 3260 1933 3333">
     <span class='ocr_line' id='line_1_33' title="bbox 343 3260 1933 3333; baseline -0.003 -17"><span class='ocrx_word' id='word_1_206' title='bbox 343 3262 462 3333; x_wconf 82' lang='lat' dir='ltr'><strong>ejus</strong></span> <span class='ocrx_word' id='word_1_207' title='bbox 508 3262 762 3319; x_wconf 81' lang='lat' dir='ltr'><strong>ambitus.</strong></span> <span class='ocrx_word' id='word_1_208' title='bbox 794 3262 1030 3318; x_wconf 80' lang='lat' dir='ltr'><strong>Horizon</strong></span> <span class='ocrx_word' id='word_1_209' title='bbox 1073 3270 1250 3319; x_wconf 79' lang='lat' dir='ltr'><strong>autem</strong></span> <span class='ocrx_word' id='word_1_210' title='bbox 1280 3260 1475 3319; x_wconf 87' lang='lat' dir='ltr'><strong>dicitur</strong></span> <span class='ocrx_word' id='word_1_211' title='bbox 1505 3261 1723 3331; x_wconf 80' lang='lat' dir='ltr'><strong>preprie</strong></span> <span class='ocrx_word' id='word_1_212' title='bbox 1756 3260 1933 3317; x_wconf 81' lang='lat' dir='ltr'><strong>termi-</strong></span> 
     </span>
    </p>
   </div>
   <div class='ocr_carea' id='block_1_34' title="bbox 346 3357 759 3413">
    <p class='ocr_par' dir='ltr' id='par_1_34' title="bbox 346 3357 759 3413">
     <span class='ocr_line' id='line_1_34' title="bbox 346 3357 759 3413; baseline 0.002 -2"><span class='ocrx_word' id='word_1_213' title='bbox 346 3357 483 3413; x_wconf 82' lang='lat' dir='ltr'><strong>nalis</strong></span> <span class='ocrx_word' id='word_1_214' title='bbox 507 3358 759 3413; x_wconf 85' lang='lat' dir='ltr'><strong>circulus.</strong></span> 
     </span>
    </p>
   </div>
   <div class='ocr_carea' id='block_1_35' title="bbox 842 3447 1451 3506">
    <p class='ocr_par' dir='ltr' id='par_1_35' title="bbox 842 3447 1451 3506">
     <span class='ocr_line' id='line_1_35' title="bbox 842 3447 1451 3506; baseline 0.003 -4"><span class='ocrx_word' id='word_1_215' title='bbox 842 3448 919 3503; x_wconf 81' lang='lat' dir='ltr'><strong>De</strong></span> <span class='ocrx_word' id='word_1_216' title='bbox 954 3447 1451 3506; x_wconf 71' lang='lat' dir='ltr'><strong>constellationibus.</strong></span> 
     </span>
    </p>
   </div>
   <div class='ocr_carea' id='block_1_36' title="bbox 418 3539 1939 3614">
    <p class='ocr_par' dir='ltr' id='par_1_36' title="bbox 418 3539 1939 3614">
     <span class='ocr_line' id='line_1_36' title="bbox 418 3539 1939 3614; baseline -0.006 -14"><span class='ocrx_word' id='word_1_217' title='bbox 418 3543 561 3600; x_wconf 84' lang='lat' dir='ltr'><strong>Sunt</strong></span> <span class='ocrx_word' id='word_1_218' title='bbox 606 3552 867 3614; x_wconf 72' lang='lat' dir='ltr'><strong>praiterea</strong></span> <span class='ocrx_word' id='word_1_219' title='bbox 916 3541 1162 3613; x_wconf 64' lang='lat' dir='ltr'><strong>quaedam</strong></span> <span class='ocrx_word' id='word_1_220' title='bbox 1212 3540 1386 3598; x_wconf 71' lang='lat' dir='ltr'><strong>stella:</strong></span> <span class='ocrx_word' id='word_1_221' title='bbox 1414 3555 1532 3612; x_wconf 65' lang='lat' dir='ltr'><strong>qua</strong></span> <span class='ocrx_word' id='word_1_222' title='bbox 1565 3539 1726 3611; x_wconf 77' lang='lat' dir='ltr'><strong>longo</strong></span> <span class='ocrx_word' id='word_1_223' title='bbox 1774 3541 1939 3595; x_wconf 74' lang='lat' dir='ltr'><strong>inter-</strong></span> 
     </span>
    </p>
   </div>
   <div class='ocr_carea' id='block_1_37' title="bbox 348 3631 1940 3707">
    <p class='ocr_par' dir='ltr' id='par_1_37' title="bbox 348 3631 1940 3707">
     <span class='ocr_line' id='line_1_37' title="bbox 348 3631 1940 3707; baseline -0.004 -14"><span class='ocrx_word' id='word_1_224' title='bbox 348 3636 491 3693; x_wconf 74' lang='lat' dir='ltr'><strong>vallo</strong></span> <span class='ocrx_word' id='word_1_225' title='bbox 534 3636 789 3706; x_wconf 88' lang='lat' dir='ltr'><strong>temporis</strong></span> <span class='ocrx_word' id='word_1_226' title='bbox 831 3634 1147 3707; x_wconf 80' lang='lat' dir='ltr'><strong>interposito</strong></span> <span class='ocrx_word' id='word_1_227' title='bbox 1183 3635 1523 3698; x_wconf 81' lang='lat' dir='ltr'><strong>exoriuntur,</strong></span> <span class='ocrx_word' id='word_1_228' title='bbox 1552 3642 1613 3695; x_wconf 78' lang='lat' dir='ltr'><strong>et</strong></span> <span class='ocrx_word' id='word_1_229' title='bbox 1654 3631 1940 3700; x_wconf 46' lang='lat' dir='ltr'><strong>designent</strong></span> 
     </span>
    </p>
   </div>
   <div class='ocr_carea' id='block_1_38' title="bbox 349 3725 1939 3802">
    <p class='ocr_par' dir='ltr' id='par_1_38' title="bbox 349 3725 1939 3802">
     <span class='ocr_line' id='line_1_38' title="bbox 349 3725 1939 3802; baseline -0.008 -13"><span class='ocrx_word' id='word_1_230' title='bbox 349 3732 596 3798; x_wconf 77' lang='lat' dir='ltr'><strong>morbos,</strong></span> <span class='ocrx_word' id='word_1_231' title='bbox 627 3740 689 3788; x_wconf 82' lang='lat' dir='ltr'><strong>ut</strong></span> <span class='ocrx_word' id='word_1_232' title='bbox 715 3731 992 3801; x_wconf 79' lang='lat' dir='ltr'><strong>Canicula,</strong></span> <span class='ocrx_word' id='word_1_233' title='bbox 1019 3746 1138 3802; x_wconf 65' lang='lat' dir='ltr'><strong>quae</strong></span> <span class='ocrx_word' id='word_1_234' title='bbox 1159 3738 1280 3799; x_wconf 84' lang='lat' dir='ltr'><strong>post</strong></span> <span class='ocrx_word' id='word_1_235' title='bbox 1305 3725 1718 3801; x_wconf 78' lang='lat' dir='ltr'><strong>quadriennium</strong></span> <span class='ocrx_word' id='word_1_236' title='bbox 1746 3727 1939 3787; x_wconf 83' lang='lat' dir='ltr'><strong>oritur,</strong></span> 
     </span>
    </p>
   </div>
   <div class='ocr_carea' id='block_1_39' title="bbox 354 3814 1944 3895">
    <p class='ocr_par' dir='ltr' id='par_1_39' title="bbox 354 3814 1944 3895">
     <span class='ocr_line' id='line_1_39' title="bbox 354 3814 1944 3895; baseline -0.008 -15"><span class='ocrx_word' id='word_1_237' title='bbox 354 3839 530 3895; x_wconf 85' lang='lat' dir='ltr'><strong>neque</strong></span> <span class='ocrx_word' id='word_1_238' title='bbox 558 3822 613 3880; x_wconf 84' lang='lat' dir='ltr'><strong>in</strong></span> <span class='ocrx_word' id='word_1_239' title='bbox 642 3822 835 3879; x_wconf 83' lang='lat' dir='ltr'><strong>iisdem</strong></span> <span class='ocrx_word' id='word_1_240' title='bbox 877 3822 1030 3889; x_wconf 82' lang='lat' dir='ltr'><strong>locis,</strong></span> <span class='ocrx_word' id='word_1_241' title='bbox 1062 3823 1190 3893; x_wconf 85' lang='lat' dir='ltr'><strong>quia</strong></span> <span class='ocrx_word' id='word_1_242' title='bbox 1228 3821 1448 3876; x_wconf 76' lang='lat' dir='ltr'><strong>interim</strong></span> <span class='ocrx_word' id='word_1_243' title='bbox 1484 3816 1684 3888; x_wconf 86' lang='lat' dir='ltr'><strong>aliquid</strong></span> <span class='ocrx_word' id='word_1_244' title='bbox 1711 3814 1793 3869; x_wconf 90' lang='lat' dir='ltr'><strong>sui</strong></span> <span class='ocrx_word' id='word_1_245' title='bbox 1820 3829 1944 3870; x_wconf 87' lang='lat' dir='ltr'><strong>cur-</strong></span> 
     </span>
    </p>
   </div>
   <div class='ocr_carea' id='block_1_40' title="bbox 352 3907 1940 3985">
    <p class='ocr_par' dir='ltr' id='par_1_40' title="bbox 352 3907 1940 3985">
     <span class='ocr_line' id='line_1_40' title="bbox 352 3907 1940 3985; baseline -0.009 -14"><span class='ocrx_word' id='word_1_246' title='bbox 352 3930 444 3971; x_wconf 86' lang='lat' dir='ltr'><strong>sus</strong></span> <span class='ocrx_word' id='word_1_247' title='bbox 472 3915 763 3985; x_wconf 81' lang='lat' dir='ltr'><strong>expletur;</strong></span> <span class='ocrx_word' id='word_1_248' title='bbox 792 3921 967 3985; x_wconf 89' lang='lat' dir='ltr'><strong>neque</strong></span> <span class='ocrx_word' id='word_1_249' title='bbox 996 3914 1252 3969; x_wconf 89' lang='lat' dir='ltr'><strong>continuo</strong></span> <span class='ocrx_word' id='word_1_250' title='bbox 1294 3908 1494 3965; x_wconf 88' lang='lat' dir='ltr'><strong>malum</strong></span> <span class='ocrx_word' id='word_1_251' title='bbox 1523 3907 1788 3977; x_wconf 76' lang='lat' dir='ltr'><strong>designat,</strong></span> <span class='ocrx_word' id='word_1_252' title='bbox 1820 3921 1940 3959; x_wconf 82' lang='lat' dir='ltr'><strong>nam</strong></span> 
     </span>
    </p>
   </div>
   <div class='ocr_carea' id='block_1_41' title="bbox 352 3997 1942 4079">
    <p class='ocr_par' dir='ltr' id='par_1_41' title="bbox 352 3997 1942 4079">
     <span class='ocr_line' id='line_1_41' title="bbox 352 3997 1942 4079; baseline -0.008 -16"><span class='ocrx_word' id='word_1_253' title='bbox 352 4015 690 4079; x_wconf 83' lang='lat' dir='ltr'><strong>temperatur</strong></span> <span class='ocrx_word' id='word_1_254' title='bbox 718 4006 785 4063; x_wconf 87' lang='lat' dir='ltr'><strong>de</strong></span> <span class='ocrx_word' id='word_1_255' title='bbox 830 4004 1202 4076; x_wconf 77' lang='lat' dir='ltr'><strong>adjacentibus</strong></span> <span class='ocrx_word' id='word_1_256' title='bbox 1234 4001 1394 4058; x_wconf 89' lang='lat' dir='ltr'><strong>bonis</strong></span> <span class='ocrx_word' id='word_1_257' title='bbox 1423 3998 1612 4071; x_wconf 66' lang='lat' dir='ltr'><strong>signis,</strong></span> <span class='ocrx_word' id='word_1_258' title='bbox 1644 4000 1726 4053; x_wconf 85' lang='lat' dir='ltr'><strong>vel</strong></span> <span class='ocrx_word' id='word_1_259' title='bbox 1762 3997 1942 4066; x_wconf 87' lang='lat' dir='ltr'><strong>plane-</strong></span> 
     </span>
    </p>
   </div>
   <div class='ocr_carea' id='block_1_42' title="bbox 354 4086 1945 4170">
    <p class='ocr_par' dir='ltr' id='par_1_42' title="bbox 354 4086 1945 4170">
     <span class='ocr_line' id='line_1_42' title="bbox 354 4086 1945 4170; baseline -0.011 -16"><span class='ocrx_word' id='word_1_260' title='bbox 354 4101 447 4168; x_wconf 85' lang='lat' dir='ltr'><strong>tis,</strong></span> <span class='ocrx_word' id='word_1_261' title='bbox 474 4099 533 4155; x_wconf 84' lang='lat' dir='ltr'><strong>in</strong></span> <span class='ocrx_word' id='word_1_262' title='bbox 564 4112 793 4170; x_wconf 86' lang='lat' dir='ltr'><strong>quorum</strong></span> <span class='ocrx_word' id='word_1_263' title='bbox 840 4096 1129 4153; x_wconf 85' lang='lat' dir='ltr'><strong>domiciliis</strong></span> <span class='ocrx_word' id='word_1_264' title='bbox 1160 4102 1251 4149; x_wconf 87' lang='lat' dir='ltr'><strong>aut</strong></span> <span class='ocrx_word' id='word_1_265' title='bbox 1293 4102 1398 4156; x_wconf 88' lang='lat' dir='ltr'><strong>est,</strong></span> <span class='ocrx_word' id='word_1_266' title='bbox 1428 4099 1521 4145; x_wconf 87' lang='lat' dir='ltr'><strong>aut</strong></span> <span class='ocrx_word' id='word_1_267' title='bbox 1566 4088 1810 4159; x_wconf 75' lang='lat' dir='ltr'><strong>respicit.</strong></span> <span class='ocrx_word' id='word_1_268' title='bbox 1840 4086 1945 4140; x_wconf 85' lang='lat' dir='ltr'><strong>Do-</strong></span> 
     </span>
    </p>
   </div>
   <div class='ocr_carea' id='block_1_43' title="bbox 355 4178 1947 4259">
    <p class='ocr_par' dir='ltr' id='par_1_43' title="bbox 355 4178 1947 4259">
     <span class='ocr_line' id='line_1_43' title="bbox 355 4178 1947 4259; baseline -0.009 -13"><span class='ocrx_word' id='word_1_269' title='bbox 355 4191 625 4247; x_wconf 81' lang='lat' dir='ltr'><strong>micilium</strong></span> <span class='ocrx_word' id='word_1_270' title='bbox 667 4188 813 4246; x_wconf 83' lang='lat' dir='ltr'><strong>illius</strong></span> <span class='ocrx_word' id='word_1_271' title='bbox 842 4187 1153 4259; x_wconf 82' lang='lat' dir='ltr'><strong>perhibetur</strong></span> <span class='ocrx_word' id='word_1_272' title='bbox 1180 4199 1300 4241; x_wconf 86' lang='lat' dir='ltr'><strong>esse</strong></span> <span class='ocrx_word' id='word_1_273' title='bbox 1341 4183 1397 4239; x_wconf 90' lang='lat' dir='ltr'><strong>in</strong></span> <span class='ocrx_word' id='word_1_274' title='bbox 1445 4196 1542 4239; x_wconf 83' lang='lat' dir='ltr'><strong>ore</strong></span> <span class='ocrx_word' id='word_1_275' title='bbox 1572 4178 1789 4244; x_wconf 78' lang='lat' dir='ltr'><strong>Leonis,</strong></span> <span class='ocrx_word' id='word_1_276' title='bbox 1840 4190 1947 4247; x_wconf 86' lang='lat' dir='ltr'><strong>quo</strong></span> 
     </span>
    </p>
   </div>
   <div class='ocr_carea' id='block_1_44' title="bbox 355 4270 1947 4349">
    <p class='ocr_par' dir='ltr' id='par_1_44' title="bbox 355 4270 1947 4349">
     <span class='ocr_line' id='line_1_44' title="bbox 355 4270 1947 4349; baseline -0.009 -9"><span class='ocrx_word' id='word_1_277' title='bbox 355 4283 487 4340; x_wconf 88' lang='lat' dir='ltr'><strong>dum</strong></span> <span class='ocrx_word' id='word_1_278' title='bbox 538 4283 620 4340; x_wconf 87' lang='lat' dir='ltr'><strong>sol</strong></span> <span class='ocrx_word' id='word_1_279' title='bbox 658 4284 828 4349; x_wconf 85' lang='lat' dir='ltr'><strong>venit,</strong></span> <span class='ocrx_word' id='word_1_280' title='bbox 873 4280 1207 4339; x_wconf 85' lang='lat' dir='ltr'><strong>caniculares</strong></span> <span class='ocrx_word' id='word_1_281' title='bbox 1246 4279 1364 4334; x_wconf 87' lang='lat' dir='ltr'><strong>dies</strong></span> <span class='ocrx_word' id='word_1_282' title='bbox 1407 4291 1529 4334; x_wconf 83' lang='lat' dir='ltr'><strong>esse</strong></span> <span class='ocrx_word' id='word_1_283' title='bbox 1564 4276 1838 4330; x_wconf 89' lang='lat' dir='ltr'><strong>dicuntur.</strong></span> <span class='ocrx_word' id='word_1_284' title='bbox 1872 4270 1947 4327; x_wconf 83' lang='lat' dir='ltr'><strong>De</strong></span> 
     </span>
    </p>
   </div>
   <div class='ocr_carea' id='block_1_45' title="bbox 360 4363 1946 4452">
    <p class='ocr_par' dir='ltr' id='par_1_45' title="bbox 360 4363 1946 4452">
     <span class='ocr_line' id='line_1_45' title="bbox 360 4363 1946 4452; baseline -0.009 -16"><span class='ocrx_word' id='word_1_285' title='bbox 360 4380 626 4452; x_wconf 88' lang='lat' dir='ltr'><strong>principio</strong></span> <span class='ocrx_word' id='word_1_286' title='bbox 658 4378 852 4436; x_wconf 77' lang='lat' dir='ltr'><strong>Leonis</strong></span> <span class='ocrx_word' id='word_1_287' title='bbox 902 4393 1069 4447; x_wconf 79' lang='lat' dir='ltr'><strong>usque</strong></span> <span class='ocrx_word' id='word_1_288' title='bbox 1096 4375 1165 4435; x_wconf 89' lang='lat' dir='ltr'><strong>ad</strong></span> <span class='ocrx_word' id='word_1_289' title='bbox 1211 4372 1554 4428; x_wconf 86' lang='lat' dir='ltr'><strong>medietatem</strong></span> <span class='ocrx_word' id='word_1_290' title='bbox 1587 4383 1681 4440; x_wconf 88' lang='lat' dir='ltr'><strong>per</strong></span> <span class='ocrx_word' id='word_1_291' title='bbox 1712 4381 1779 4421; x_wconf 77' lang='lat' dir='ltr'><strong>xv</strong></span> <span class='ocrx_word' id='word_1_292' title='bbox 1805 4363 1946 4422; x_wconf 84' lang='lat' dir='ltr'><strong>dies.</strong></span> 
     </span>
    </p>
   </div>
   <div class='ocr_carea' id='block_1_46' title="bbox 358 4457 1946 4529">
    <p class='ocr_par' dir='ltr' id='par_1_46' title="bbox 358 4457 1946 4529">
     <span class='ocr_line' id='line_1_46' title="bbox 358 4457 1946 4529; baseline -0.009 -2"><span class='ocrx_word' id='word_1_293' title='bbox 358 4472 413 4527; x_wconf 82' lang='lat' dir='ltr'><strong>Si</strong></span> <span class='ocrx_word' id='word_1_294' title='bbox 446 4487 576 4527; x_wconf 85' lang='lat' dir='ltr'><strong>vero</strong></span> <span class='ocrx_word' id='word_1_295' title='bbox 603 4469 859 4527; x_wconf 84' lang='lat' dir='ltr'><strong>Canicula</strong></span> <span class='ocrx_word' id='word_1_296' title='bbox 887 4484 1007 4524; x_wconf 88' lang='lat' dir='ltr'><strong>cum</strong></span> <span class='ocrx_word' id='word_1_297' title='bbox 1037 4466 1153 4523; x_wconf 87' lang='lat' dir='ltr'><strong>sole</strong></span> <span class='ocrx_word' id='word_1_298' title='bbox 1182 4464 1362 4529; x_wconf 87' lang='lat' dir='ltr'><strong>fuerit,</strong></span> <span class='ocrx_word' id='word_1_299' title='bbox 1395 4461 1643 4517; x_wconf 87' lang='lat' dir='ltr'><strong>ardorem</strong></span> <span class='ocrx_word' id='word_1_300' title='bbox 1671 4457 1946 4527; x_wconf 73' lang='lat' dir='ltr'><strong>designat.</strong></span> 
     </span>
    </p>
   </div>
   <div class='ocr_carea' id='block_1_47' title="bbox 362 4555 2028 4630">
    <p class='ocr_par' dir='ltr' id='par_1_47' title="bbox 362 4555 2028 4630">
     <span class='ocr_line' id='line_1_47' title="bbox 362 4555 2028 4630; baseline -0.008 -12"><span class='ocrx_word' id='word_1_301' title='bbox 362 4563 538 4620; x_wconf 77' lang='lat' dir='ltr'><strong>Sirius</strong></span> <span class='ocrx_word' id='word_1_302' title='bbox 565 4564 649 4619; x_wconf 72' lang='lat' dir='ltr'><strong>illa</strong></span> <span class='ocrx_word' id='word_1_303' title='bbox 680 4563 879 4618; x_wconf 88' lang='lat' dir='ltr'><strong>dicitur</strong></span> <span class='ocrx_word' id='word_1_304' title='bbox 910 4564 962 4616; x_wconf 90' lang='lat' dir='ltr'><strong>in</strong></span> <span class='ocrx_word' id='word_1_305' title='bbox 991 4561 1202 4624; x_wconf 62' lang='lat' dir='ltr'><strong>Graeco,</strong></span> <span class='ocrx_word' id='word_1_306' title='bbox 1236 4567 1292 4614; x_wconf 85' lang='lat' dir='ltr'><strong>et</strong></span> <span class='ocrx_word' id='word_1_307' title='bbox 1322 4566 1405 4613; x_wconf 88' lang='lat' dir='ltr'><strong>est</strong></span> <span class='ocrx_word' id='word_1_308' title='bbox 1442 4555 1665 4627; x_wconf 77' lang='lat' dir='ltr'><strong>cynicus</strong></span> <span class='ocrx_word' id='word_1_309' title='bbox 1691 4565 1883 4616; x_wconf 87' lang='lat' dir='ltr'><strong>annus,</strong></span> <span class='ocrx_word' id='word_1_310' title='bbox 1915 4565 1945 4605; x_wconf 89' lang='lat' dir='ltr'><strong>a</strong></span> <span class='ocrx_word' id='word_1_311' title='bbox 1975 4565 2028 4630; x_wconf 76' lang='grc' dir='ltr'><strong>υ</strong></span> 
     </span>
    </p>
   </div>
   <div class='ocr_carea' id='block_1_48' title="bbox 362 4642 1947 4726">
    <p class='ocr_par' dir='ltr' id='par_1_48' title="bbox 362 4642 1947 4726">
     <span class='ocr_line' id='line_1_48' title="bbox 362 4642 1947 4726; baseline -0.008 -18"><span class='ocrx_word' id='word_1_312' title='bbox 362 4669 557 4726; x_wconf 80' lang='lat' dir='ltr'><strong>cynos,</strong></span> <span class='ocrx_word' id='word_1_313' title='bbox 589 4654 685 4726; x_wconf 82' lang='lat' dir='ltr'><strong>qui</strong></span> <span class='ocrx_word' id='word_1_314' title='bbox 730 4660 814 4710; x_wconf 82' lang='lat' dir='ltr'><strong>est</strong></span> <span class='ocrx_word' id='word_1_315' title='bbox 857 4650 1019 4710; x_wconf 76' lang='lat' dir='ltr'><strong>Canis</strong></span> <span class='ocrx_word' id='word_1_316' title='bbox 1056 4648 1194 4704; x_wconf 74' lang='lat' dir='ltr'><strong>lilii)</strong></span> <span class='ocrx_word' id='word_1_317' title='bbox 1219 4646 1367 4703; x_wconf 89' lang='lat' dir='ltr'><strong>anui.</strong></span> <span class='ocrx_word' id='word_1_318' title='bbox 1400 4642 1639 4716; x_wconf 64' lang='grc' dir='ltr'><strong>Ευριῆ</strong></span> <span class='ocrx_word' id='word_1_319' title='bbox 1690 4653 1947 4712; x_wconf 64' lang='grc' dir='ltr'><strong>μηνίεται</strong></span> 
     </span>
    </p>
   </div>
   <div class='ocr_carea' id='block_1_49' title="bbox 364 4735 1950 4815">
    <p class='ocr_par' dir='ltr' id='par_1_49' title="bbox 364 4735 1950 4815">
     <span class='ocr_line' id='line_1_49' title="bbox 364 4735 1950 4815; baseline -0.008 -15"><span class='ocrx_word' id='word_1_320' title='bbox 364 4746 506 4800; x_wconf 74' lang='lat' dir='ltr'><strong>Alius</strong></span> <span class='ocrx_word' id='word_1_321' title='bbox 541 4755 742 4800; x_wconf 69' lang='lat' dir='ltr'><strong>secant</strong></span> <span class='ocrx_word' id='word_1_322' title='bbox 764 4744 1049 4815; x_wconf 75' lang='lat' dir='ltr'><strong>quamdam</strong></span> <span class='ocrx_word' id='word_1_323' title='bbox 1095 4741 1332 4805; x_wconf 86' lang='lat' dir='ltr'><strong>stellam,</strong></span> <span class='ocrx_word' id='word_1_324' title='bbox 1358 4755 1480 4810; x_wconf 70' lang='lat' dir='ltr'><strong>quae</strong></span> <span class='ocrx_word' id='word_1_325' title='bbox 1527 4737 1730 4793; x_wconf 83' lang='lat' dir='ltr'><strong>eisdem</strong></span> <span class='ocrx_word' id='word_1_326' title='bbox 1780 4735 1950 4789; x_wconf 87' lang='lat' dir='ltr'><strong>inter-</strong></span> 
     </span>
    </p>
   </div>
   <div class='ocr_carea' id='block_1_50' title="bbox 366 4824 1952 4907">
    <p class='ocr_par' dir='ltr' id='par_1_50' title="bbox 366 4824 1952 4907">
     <span class='ocr_line' id='line_1_50' title="bbox 366 4824 1952 4907; baseline -0.008 -15"><span class='ocrx_word' id='word_1_327' title='bbox 366 4837 511 4893; x_wconf 86' lang='lat' dir='ltr'><strong>vallo</strong></span> <span class='ocrx_word' id='word_1_328' title='bbox 540 4838 797 4907; x_wconf 86' lang='lat' dir='ltr'><strong>temporis</strong></span> <span class='ocrx_word' id='word_1_329' title='bbox 821 4838 1015 4902; x_wconf 88' lang='lat' dir='ltr'><strong>oritur,</strong></span> <span class='ocrx_word' id='word_1_330' title='bbox 1037 4834 1190 4905; x_wconf 80' lang='lat' dir='ltr'><strong>cujus</strong></span> <span class='ocrx_word' id='word_1_331' title='bbox 1215 4832 1403 4889; x_wconf 85' lang='lat' dir='ltr'><strong>timent</strong></span> <span class='ocrx_word' id='word_1_332' title='bbox 1430 4828 1831 4884; x_wconf 80' lang='lat' dir='ltr'><strong>adversitatem.</strong></span> <span class='ocrx_word' id='word_1_333' title='bbox 1863 4824 1952 4879; x_wconf 78' lang='lat' dir='ltr'><strong>Vi-</strong></span> 
     </span>
    </p>
   </div>
   <div class='ocr_carea' id='block_1_51' title="bbox 367 4919 1952 4998">
    <p class='ocr_par' dir='ltr' id='par_1_51' title="bbox 367 4919 1952 4998">
     <span class='ocr_line' id='line_1_51' title="bbox 367 4919 1952 4998; baseline -0.01 -11"><span class='ocrx_word' id='word_1_334' title='bbox 367 4930 500 4987; x_wconf 85' lang='lat' dir='ltr'><strong>dent</strong></span> <span class='ocrx_word' id='word_1_335' title='bbox 526 4931 671 4987; x_wconf 88' lang='lat' dir='ltr'><strong>enim</strong></span> <span class='ocrx_word' id='word_1_336' title='bbox 720 4928 777 4988; x_wconf 87' lang='lat' dir='ltr'><strong>hi</strong></span> <span class='ocrx_word' id='word_1_337' title='bbox 822 4930 1027 4998; x_wconf 84' lang='lat' dir='ltr'><strong>aliquas</strong></span> <span class='ocrx_word' id='word_1_338' title='bbox 1056 4926 1241 4983; x_wconf 77' lang='lat' dir='ltr'><strong>stellas</strong></span> <span class='ocrx_word' id='word_1_339' title='bbox 1283 4938 1403 4994; x_wconf 67' lang='lat' dir='ltr'><strong>quas</strong></span> <span class='ocrx_word' id='word_1_340' title='bbox 1452 4936 1482 4975; x_wconf 89' lang='lat' dir='ltr'><strong>a</strong></span> <span class='ocrx_word' id='word_1_341' title='bbox 1535 4919 1711 4983; x_wconf 83' lang='lat' dir='ltr'><strong>nobis,</strong></span> <span class='ocrx_word' id='word_1_342' title='bbox 1744 4926 1952 4972; x_wconf 87' lang='lat' dir='ltr'><strong>tumore</strong></span> 
     </span>
    </p>
   </div>
   <div class='ocr_carea' id='block_1_52' title="bbox 370 5012 1952 5087">
    <p class='ocr_par' dir='ltr' id='par_1_52' title="bbox 370 5012 1952 5087">
     <span class='ocr_line' id='line_1_52' title="bbox 370 5012 1952 5087; baseline -0.009 -7"><span class='ocrx_word' id='word_1_343' title='bbox 370 5033 531 5080; x_wconf 69' lang='lat' dir='ltr'><strong>terrae</strong></span> <span class='ocrx_word' id='word_1_344' title='bbox 576 5024 991 5087; x_wconf 74' lang='lat' dir='ltr'><strong>interveniente,</strong></span> <span class='ocrx_word' id='word_1_345' title='bbox 1028 5036 1137 5078; x_wconf 84' lang='lat' dir='ltr'><strong>non</strong></span> <span class='ocrx_word' id='word_1_346' title='bbox 1190 5019 1456 5083; x_wconf 82' lang='lat' dir='ltr'><strong>videatur,</strong></span> <span class='ocrx_word' id='word_1_347' title='bbox 1491 5024 1551 5071; x_wconf 89' lang='lat' dir='ltr'><strong>ut</strong></span> <span class='ocrx_word' id='word_1_348' title='bbox 1594 5015 1847 5084; x_wconf 81' lang='lat' dir='ltr'><strong>Canopon</strong></span> <span class='ocrx_word' id='word_1_349' title='bbox 1899 5012 1952 5066; x_wconf 91' lang='lat' dir='ltr'><strong>in</strong></span> 
     </span>
    </p>
   </div>
   <div class='ocr_carea' id='block_1_53' title="bbox 372 5109 1954 5188">
    <p class='ocr_par' dir='ltr' id='par_1_53' title="bbox 372 5109 1954 5188">
     <span class='ocr_line' id='line_1_53' title="bbox 372 5109 1954 5188; baseline -0.006 -16"><span class='ocrx_word' id='word_1_350' title='bbox 372 5118 641 5187; x_wconf 83' lang='lat' dir='ltr'><strong>principio</strong></span> <span class='ocrx_word' id='word_1_351' title='bbox 672 5115 906 5188; x_wconf 65' lang='lat' dir='ltr'><strong>Egypti.</strong></span> <span class='ocrx_word' id='word_1_352' title='bbox 940 5116 1038 5172; x_wconf 82' lang='lat' dir='ltr'><strong>Est</strong></span> <span class='ocrx_word' id='word_1_353' title='bbox 1066 5124 1122 5177; x_wconf 80' lang='lat' dir='ltr'><strong>et</strong></span> <span class='ocrx_word' id='word_1_354' title='bbox 1148 5114 1274 5179; x_wconf 82' lang='lat' dir='ltr'><strong>alia.</strong></span> <span class='ocrx_word' id='word_1_355' title='bbox 1312 5127 1431 5184; x_wconf 74' lang='lat' dir='ltr'><strong>qua:</strong></span> <span class='ocrx_word' id='word_1_356' title='bbox 1470 5109 1640 5166; x_wconf 84' lang='lat' dir='ltr'><strong>semel</strong></span> <span class='ocrx_word' id='word_1_357' title='bbox 1682 5109 1763 5178; x_wconf 88' lang='lat' dir='ltr'><strong>(ut</strong></span> <span class='ocrx_word' id='word_1_358' title='bbox 1812 5109 1954 5177; x_wconf 89' lang='lat' dir='ltr'><strong>reor)</strong></span> 
     </span>
    </p>
   </div>
   <div class='ocr_carea' id='block_1_54' title="bbox 371 5200 1955 5279">
    <p class='ocr_par' dir='ltr' id='par_1_54' title="bbox 371 5200 1955 5279">
     <span class='ocr_line' id='line_1_54' title="bbox 371 5200 1955 5279; baseline -0.006 -17"><span class='ocrx_word' id='word_1_359' title='bbox 371 5211 644 5279; x_wconf 81' lang='lat' dir='ltr'><strong>apparuit,</strong></span> <span class='ocrx_word' id='word_1_360' title='bbox 675 5222 779 5267; x_wconf 78' lang='lat' dir='ltr'><strong>nec</strong></span> <span class='ocrx_word' id='word_1_361' title='bbox 820 5209 962 5271; x_wconf 65' lang='lat' dir='ltr'><strong>ultas</strong></span> <span class='ocrx_word' id='word_1_362' title='bbox 1008 5205 1191 5265; x_wconf 76' lang='lat' dir='ltr'><strong>forsan</strong></span> <span class='ocrx_word' id='word_1_363' title='bbox 1240 5203 1545 5276; x_wconf 78' lang='lat' dir='ltr'><strong>apparebit,</strong></span> <span class='ocrx_word' id='word_1_364' title='bbox 1574 5200 1803 5266; x_wconf 89' lang='lat' dir='ltr'><strong>scilicet,</strong></span> <span class='ocrx_word' id='word_1_365' title='bbox 1835 5214 1955 5272; x_wconf 81' lang='lat' dir='ltr'><strong>quae</strong></span> 
     </span>
    </p>
   </div>
   <div class='ocr_carea' id='block_1_55' title="bbox 374 5293 1508 5366">
    <p class='ocr_par' dir='ltr' id='par_1_55' title="bbox 374 5293 1508 5366">
     <span class='ocr_line' id='line_1_55' title="bbox 374 5293 1508 5366; baseline -0.006 -12"><span class='ocrx_word' id='word_1_366' title='bbox 374 5298 805 5361; x_wconf 81' lang='lat' dir='ltr'><strong>lncarnatioaem</strong></span> <span class='ocrx_word' id='word_1_367' title='bbox 834 5297 1011 5357; x_wconf 79' lang='lat' dir='ltr'><strong>tribus</strong></span> <span class='ocrx_word' id='word_1_368' title='bbox 1034 5296 1202 5366; x_wconf 73' lang='lat' dir='ltr'><strong>magis</strong></span> <span class='ocrx_word' id='word_1_369' title='bbox 1232 5293 1508 5350; x_wconf 69' lang='lat' dir='ltr'><strong>indicavit.</strong></span> 
     </span>
    </p>
   </div>
   <div class='ocr_carea' id='block_1_56' title="bbox 586 5382 1754 5459">
    <p class='ocr_par' dir='ltr' id='par_1_56' title="bbox 586 5382 1754 5459">
     <span class='ocr_line' id='line_1_56' title="bbox 586 5382 1754 5459; baseline -0.014 -9"><span class='ocrx_word' id='word_1_370' title='bbox 586 5393 665 5449; x_wconf 79' lang='lat' dir='ltr'><strong>De</strong></span> <span class='ocrx_word' id='word_1_371' title='bbox 703 5394 1035 5459; x_wconf 68' lang='lat' dir='ltr'><strong>planetarum</strong></span> <span class='ocrx_word' id='word_1_372' title='bbox 1074 5388 1257 5444; x_wconf 74' lang='lat' dir='ltr'><strong>ordine</strong></span> <span class='ocrx_word' id='word_1_373' title='bbox 1293 5394 1343 5439; x_wconf 79' lang='lat' dir='ltr'><strong>et</strong></span> <span class='ocrx_word' id='word_1_374' title='bbox 1378 5382 1754 5453; x_wconf 68' lang='lat' dir='ltr'><strong>designatione.</strong></span> 
     </span>
    </p>
   </div>
   <div class='ocr_carea' id='block_1_57' title="bbox 445 5474 1959 5554">
    <p class='ocr_par' dir='ltr' id='par_1_57' title="bbox 445 5474 1959 5554">
     <span class='ocr_line' id='line_1_57' title="bbox 445 5474 1959 5554; baseline -0.012 -14"><span class='ocrx_word' id='word_1_375' title='bbox 445 5485 599 5545; x_wconf 80' lang='lat' dir='ltr'><strong>Solet</strong></span> <span class='ocrx_word' id='word_1_376' title='bbox 623 5480 945 5554; x_wconf 70' lang='lat' dir='ltr'><strong>magnitudo.</strong></span> <span class='ocrx_word' id='word_1_377' title='bbox 961 5480 1045 5539; x_wconf 82' lang='lat' dir='ltr'><strong>vel</strong></span> <span class='ocrx_word' id='word_1_378' title='bbox 1077 5477 1312 5550; x_wconf 79' lang='lat' dir='ltr'><strong>qualitas</strong></span> <span class='ocrx_word' id='word_1_379' title='bbox 1339 5474 1664 5531; x_wconf 84' lang='lat' dir='ltr'><strong>circulorum</strong></span> <span class='ocrx_word' id='word_1_380' title='bbox 1692 5487 1755 5527; x_wconf 77' lang='lat' dir='ltr'><strong>ex</strong></span> <span class='ocrx_word' id='word_1_381' title='bbox 1786 5482 1959 5538; x_wconf 60' lang='lat' dir='ltr'><strong>quan-</strong></span> 
     </span>
    </p>
   </div>
   <div class='ocr_carea' id='block_1_58' title="bbox 375 5561 1959 5647">
    <p class='ocr_par' dir='ltr' id='par_1_58' title="bbox 375 5561 1959 5647">
     <span class='ocr_line' id='line_1_58' title="bbox 375 5561 1959 5647; baseline -0.01 -16"><span class='ocrx_word' id='word_1_382' title='bbox 375 5581 534 5637; x_wconf 78' lang='lat' dir='ltr'><strong>titatc</strong></span> <span class='ocrx_word' id='word_1_383' title='bbox 577 5575 1041 5647; x_wconf 67' lang='lat' dir='ltr'><strong>ilhplanctarum</strong></span> <span class='ocrx_word' id='word_1_384' title='bbox 1091 5566 1445 5642; x_wconf 75' lang='lat' dir='ltr'><strong>deprehendi,</strong></span> <span class='ocrx_word' id='word_1_385' title='bbox 1495 5573 1553 5619; x_wconf 91' lang='lat' dir='ltr'><strong>nt</strong></span> <span class='ocrx_word' id='word_1_386' title='bbox 1595 5570 1798 5633; x_wconf 87' lang='lat' dir='ltr'><strong>quanto</strong></span> <span class='ocrx_word' id='word_1_387' title='bbox 1842 5561 1959 5630; x_wconf 89' lang='lat' dir='ltr'><strong>plus</strong></span> 
     </span>
    </p>
   </div>
   <div class='ocr_carea' id='block_1_59' title="bbox 382 5654 1957 5741">
    <p class='ocr_par' dir='ltr' id='par_1_59' title="bbox 382 5654 1957 5741">
     <span class='ocr_line' id='line_1_59' title="bbox 382 5654 1957 5741; baseline -0.014 -12"><span class='ocrx_word' id='word_1_388' title='bbox 382 5672 638 5741; x_wconf 67' lang='lat' dir='ltr'><strong>temporis</strong></span> <span class='ocrx_word' id='word_1_389' title='bbox 683 5670 739 5729; x_wconf 85' lang='lat' dir='ltr'><strong>in</strong></span> <span class='ocrx_word' id='word_1_390' title='bbox 784 5666 1104 5725; x_wconf 69' lang='lat' dir='ltr'><strong>circuitione</strong></span> <span class='ocrx_word' id='word_1_391' title='bbox 1144 5670 1445 5729; x_wconf 63' lang='lat' dir='ltr'><strong>consumat,</strong></span> <span class='ocrx_word' id='word_1_392' title='bbox 1501 5656 1592 5716; x_wconf 85' lang='lat' dir='ltr'><strong>illa</strong></span> <span class='ocrx_word' id='word_1_393' title='bbox 1640 5654 1957 5725; x_wconf 84' lang='lat' dir='ltr'><strong>ampliorem</strong></span> 
     </span>
    </p>
   </div>
   <div class='ocr_carea' id='block_1_60' title="bbox 376 5744 1956 5827">
    <p class='ocr_par' dir='ltr' id='par_1_60' title="bbox 376 5744 1956 5827">
     <span class='ocr_line' id='line_1_60' title="bbox 376 5744 1956 5827; baseline -0.02 1"><span class='ocrx_word' id='word_1_394' title='bbox 376 5764 640 5825; x_wconf 68' lang='grc' dir='ltr'><strong>ιὶτωιωιι</strong></span> <span class='ocrx_word' id='word_1_395' title='bbox 680 5762 899 5827; x_wconf 62' lang='lat' dir='ltr'><strong>habent,</strong></span> <span class='ocrx_word' id='word_1_396' title='bbox 932 5755 1182 5817; x_wconf 83' lang='lat' dir='ltr'><strong>licetboc</strong></span> <span class='ocrx_word' id='word_1_397' title='bbox 1204 5750 1523 5827; x_wconf 82' lang='lat' dir='ltr'><strong>quibusdam</strong></span> <span class='ocrx_word' id='word_1_398' title='bbox 1554 5763 1660 5805; x_wconf 87' lang='lat' dir='ltr'><strong>non</strong></span> <span class='ocrx_word' id='word_1_399' title='bbox 1687 5744 1956 5807; x_wconf 82' lang='lat' dir='ltr'><strong>videatur,</strong></span> 
     </span>
    </p>
   </div>
   <div class='ocr_carea' id='block_1_61' title="bbox 378 5838 1959 5927">
    <p class='ocr_par' dir='ltr' id='par_1_61' title="bbox 378 5838 1959 5927">
     <span class='ocr_line' id='line_1_61' title="bbox 378 5838 1959 5927; baseline -0.015 -13"><span class='ocrx_word' id='word_1_400' title='bbox 378 5872 506 5914; x_wconf 83' lang='lat' dir='ltr'><strong>cum</strong></span> <span class='ocrx_word' id='word_1_401' title='bbox 530 5854 839 5927; x_wconf 65' lang='lat' dir='ltr'><strong>magnitudo</strong></span> <span class='ocrx_word' id='word_1_402' title='bbox 870 5850 1058 5910; x_wconf 80' lang='lat' dir='ltr'><strong>circuli</strong></span> <span class='ocrx_word' id='word_1_403' title='bbox 1085 5864 1193 5908; x_wconf 92' lang='lat' dir='ltr'><strong>non</strong></span> <span class='ocrx_word' id='word_1_404' title='bbox 1222 5848 1293 5905; x_wconf 88' lang='lat' dir='ltr'><strong>sit</strong></span> <span class='ocrx_word' id='word_1_405' title='bbox 1322 5846 1435 5903; x_wconf 85' lang='lat' dir='ltr'><strong>sola</strong></span> <span class='ocrx_word' id='word_1_406' title='bbox 1464 5856 1647 5908; x_wconf 83' lang='lat' dir='ltr'><strong>causa,</strong></span> <span class='ocrx_word' id='word_1_407' title='bbox 1679 5838 1772 5897; x_wconf 83' lang='lat' dir='ltr'><strong>sed</strong></span> <span class='ocrx_word' id='word_1_408' title='bbox 1802 5838 1959 5893; x_wconf 84' lang='lat' dir='ltr'><strong>etiam</strong></span> 
     </span>
    </p>
   </div>
   <div class='ocr_carea' id='block_1_62' title="bbox 2021 574 3602 647">
    <p class='ocr_par' dir='ltr' id='par_1_62' title="bbox 2021 574 3602 647">
     <span class='ocr_line' id='line_1_62' title="bbox 2021 574 3602 647; baseline -0.004 -15"><span class='ocrx_word' id='word_1_409' title='bbox 2021 574 2345 643; x_wconf 70' lang='lat' dir='ltr'><strong>Macrobius,</strong></span> <span class='ocrx_word' id='word_1_410' title='bbox 2377 589 2444 633; x_wconf 78' lang='lat' dir='ltr'><strong>es</strong></span> <span class='ocrx_word' id='word_1_411' title='bbox 2477 574 2848 647; x_wconf 67' lang='lat' dir='ltr'><strong>magnitudine</strong></span> <span class='ocrx_word' id='word_1_412' title='bbox 2894 574 3102 641; x_wconf 85' lang='lat' dir='ltr'><strong>circuli,</strong></span> <span class='ocrx_word' id='word_1_413' title='bbox 3152 588 3265 631; x_wconf 79' lang='lat' dir='ltr'><strong>xu</strong></span> <span class='ocrx_word' id='word_1_414' title='bbox 3294 590 3466 632; x_wconf 84' lang='lat' dir='ltr'><strong>annos</strong></span> <span class='ocrx_word' id='word_1_415' title='bbox 3503 590 3602 645; x_wconf 76' lang='lat' dir='ltr'><strong>pu-</strong></span> 
     </span>
    </p>
   </div>
   <div class='ocr_carea' id='block_1_63' title="bbox 2020 666 3606 736">
    <p class='ocr_par' dir='ltr' id='par_1_63' title="bbox 2020 666 3606 736">
     <span class='ocr_line' id='line_1_63' title="bbox 2020 666 3606 736; baseline -0.001 -13"><span class='ocrx_word' id='word_1_416' title='bbox 2020 669 2120 723; x_wconf 89' lang='lat' dir='ltr'><strong>nit.</strong></span> <span class='ocrx_word' id='word_1_417' title='bbox 2152 667 2298 723; x_wconf 84' lang='lat' dir='ltr'><strong>Luna</strong></span> <span class='ocrx_word' id='word_1_418' title='bbox 2347 682 2502 736; x_wconf 85' lang='lat' dir='ltr'><strong>vero,</strong></span> <span class='ocrx_word' id='word_1_419' title='bbox 2530 682 2596 721; x_wconf 78' lang='lat' dir='ltr'><strong>ex</strong></span> <span class='ocrx_word' id='word_1_420' title='bbox 2640 666 2841 722; x_wconf 88' lang='lat' dir='ltr'><strong>circuli</strong></span> <span class='ocrx_word' id='word_1_421' title='bbox 2884 667 3166 733; x_wconf 65' lang='lat' dir='ltr'><strong>brevitate,</strong></span> <span class='ocrx_word' id='word_1_422' title='bbox 3196 682 3436 722; x_wconf 80' lang='lat' dir='ltr'><strong>mensem</strong></span> <span class='ocrx_word' id='word_1_423' title='bbox 3489 678 3606 724; x_wconf 83' lang='lat' dir='ltr'><strong>tan-</strong></span> 
     </span>
    </p>
   </div>
   <div class='ocr_carea' id='block_1_64' title="bbox 2023 758 3611 829">
    <p class='ocr_par' dir='ltr' id='par_1_64' title="bbox 2023 758 3611 829">
     <span class='ocr_line' id='line_1_64' title="bbox 2023 758 3611 829; baseline -0.001 -14"><span class='ocrx_word' id='word_1_424' title='bbox 2023 767 2138 815; x_wconf 87' lang='lat' dir='ltr'><strong>tum</strong></span> <span class='ocrx_word' id='word_1_425' title='bbox 2171 761 2338 829; x_wconf 84' lang='lat' dir='ltr'><strong>ponit.</strong></span> <span class='ocrx_word' id='word_1_426' title='bbox 2391 760 2709 828; x_wconf 83' lang='lat' dir='ltr'><strong>Quicunque</strong></span> <span class='ocrx_word' id='word_1_427' title='bbox 2738 773 2868 814; x_wconf 81' lang='lat' dir='ltr'><strong>vero</strong></span> <span class='ocrx_word' id='word_1_428' title='bbox 2921 759 3254 827; x_wconf 84' lang='lat' dir='ltr'><strong>planetarum</strong></span> <span class='ocrx_word' id='word_1_429' title='bbox 3299 769 3504 816; x_wconf 85' lang='lat' dir='ltr'><strong>teneret</strong></span> <span class='ocrx_word' id='word_1_430' title='bbox 3532 758 3611 814; x_wconf 87' lang='lat' dir='ltr'><strong>di-</strong></span> 
     </span>
    </p>
   </div>
   <div class='ocr_carea' id='block_1_65' title="bbox 2024 848 3606 921">
    <p class='ocr_par' dir='ltr' id='par_1_65' title="bbox 2024 848 3606 921">
     <span class='ocr_line' id='line_1_65' title="bbox 2024 848 3606 921; baseline 0.001 -17"><span class='ocrx_word' id='word_1_431' title='bbox 2024 849 2359 905; x_wconf 84' lang='lat' dir='ltr'><strong>midictatem</strong></span> <span class='ocrx_word' id='word_1_432' title='bbox 2390 848 2600 905; x_wconf 82' lang='lat' dir='ltr'><strong>itineris</strong></span> <span class='ocrx_word' id='word_1_433' title='bbox 2621 849 2859 912; x_wconf 83' lang='lat' dir='ltr'><strong>Saturni,</strong></span> <span class='ocrx_word' id='word_1_434' title='bbox 2885 851 2973 906; x_wconf 78' lang='lat' dir='ltr'><strong>ille</strong></span> <span class='ocrx_word' id='word_1_435' title='bbox 3001 850 3209 907; x_wconf 87' lang='lat' dir='ltr'><strong>medius</strong></span> <span class='ocrx_word' id='word_1_436' title='bbox 3237 860 3382 907; x_wconf 85' lang='lat' dir='ltr'><strong>esset</strong></span> <span class='ocrx_word' id='word_1_437' title='bbox 3411 850 3606 921; x_wconf 83' lang='lat' dir='ltr'><strong>spatio,</strong></span> 
     </span>
    </p>
   </div>
   <div class='ocr_carea' id='block_1_66' title="bbox 2026 941 3609 1013">
    <p class='ocr_par' dir='ltr' id='par_1_66' title="bbox 2026 941 3609 1013">
     <span class='ocr_line' id='line_1_66' title="bbox 2026 941 3609 1013; baseline 0.001 -17"><span class='ocrx_word' id='word_1_438' title='bbox 2026 942 2153 1011; x_wconf 85' lang='lat' dir='ltr'><strong>quia</strong></span> <span class='ocrx_word' id='word_1_439' title='bbox 2184 943 2408 998; x_wconf 83' lang='lat' dir='ltr'><strong>vicinius</strong></span> <span class='ocrx_word' id='word_1_440' title='bbox 2434 942 2553 997; x_wconf 86' lang='lat' dir='ltr'><strong>aliis</strong></span> <span class='ocrx_word' id='word_1_441' title='bbox 2598 941 2726 998; x_wconf 81' lang='lat' dir='ltr'><strong>facit</strong></span> <span class='ocrx_word' id='word_1_442' title='bbox 2761 941 2997 1011; x_wconf 67' lang='lat' dir='ltr'><strong>Jupiter;</strong></span> <span class='ocrx_word' id='word_1_443' title='bbox 3031 944 3173 999; x_wconf 87' lang='lat' dir='ltr'><strong>unde</strong></span> <span class='ocrx_word' id='word_1_444' title='bbox 3206 956 3373 1013; x_wconf 90' lang='lat' dir='ltr'><strong>prope</strong></span> <span class='ocrx_word' id='word_1_445' title='bbox 3399 942 3609 1000; x_wconf 83' lang='lat' dir='ltr'><strong>medius</strong></span> 
     </span>
    </p>
   </div>
   <div class='ocr_carea' id='block_1_67' title="bbox 2025 1036 3606 1104">
    <p class='ocr_par' dir='ltr' id='par_1_67' title="bbox 2025 1036 3606 1104">
     <span class='ocr_line' id='line_1_67' title="bbox 2025 1036 3606 1104; baseline 0 -14"><span class='ocrx_word' id='word_1_446' title='bbox 2025 1046 2109 1090; x_wconf 90' lang='lat' dir='ltr'><strong>est</strong></span> <span class='ocrx_word' id='word_1_447' title='bbox 2138 1038 2336 1104; x_wconf 90' lang='lat' dir='ltr'><strong>spatio,</strong></span> <span class='ocrx_word' id='word_1_448' title='bbox 2388 1050 2494 1089; x_wconf 88' lang='lat' dir='ltr'><strong>non</strong></span> <span class='ocrx_word' id='word_1_449' title='bbox 2544 1051 2793 1090; x_wconf 88' lang='lat' dir='ltr'><strong>numero.</strong></span> <span class='ocrx_word' id='word_1_450' title='bbox 2839 1036 2932 1091; x_wconf 86' lang='lat' dir='ltr'><strong>Sol</strong></span> <span class='ocrx_word' id='word_1_451' title='bbox 2978 1044 3158 1092; x_wconf 84' lang='lat' dir='ltr'><strong>autem</strong></span> <span class='ocrx_word' id='word_1_452' title='bbox 3208 1051 3453 1104; x_wconf 87' lang='lat' dir='ltr'><strong>numero,</strong></span> <span class='ocrx_word' id='word_1_453' title='bbox 3501 1051 3606 1092; x_wconf 91' lang='lat' dir='ltr'><strong>non</strong></span> 
     </span>
    </p>
   </div>
   <div class='ocr_carea' id='block_1_68' title="bbox 2026 1123 3612 1195">
    <p class='ocr_par' dir='ltr' id='par_1_68' title="bbox 2026 1123 3612 1195">
     <span class='ocr_line' id='line_1_68' title="bbox 2026 1123 3612 1195; baseline 0.002 -16"><span class='ocrx_word' id='word_1_454' title='bbox 2026 1123 2222 1194; x_wconf 79' lang='lat' dir='ltr'><strong>spatio,</strong></span> <span class='ocrx_word' id='word_1_455' title='bbox 2254 1123 2551 1178; x_wconf 84' lang='lat' dir='ltr'><strong>secundum</strong></span> <span class='ocrx_word' id='word_1_456' title='bbox 2584 1123 2840 1189; x_wconf 78' lang='lat' dir='ltr'><strong>Tullium,</strong></span> <span class='ocrx_word' id='word_1_457' title='bbox 2872 1134 2929 1180; x_wconf 89' lang='lat' dir='ltr'><strong>et</strong></span> <span class='ocrx_word' id='word_1_458' title='bbox 2969 1124 3286 1195; x_wconf 63' lang='lat' dir='ltr'><strong>Chaldaeos,</strong></span> <span class='ocrx_word' id='word_1_459' title='bbox 3331 1125 3472 1182; x_wconf 89' lang='lat' dir='ltr'><strong>inter</strong></span> <span class='ocrx_word' id='word_1_460' title='bbox 3500 1136 3612 1184; x_wconf 85' lang='lat' dir='ltr'><strong>ter-</strong></span> 
     </span>
    </p>
   </div>
   <div class='ocr_carea' id='block_1_69' title="bbox 2028 1214 2903 1280">
    <p class='ocr_par' dir='ltr' id='par_1_69' title="bbox 2028 1214 2903 1280">
     <span class='ocr_line' id='line_1_69' title="bbox 2028 1214 2903 1280; baseline 0.002 -12"><span class='ocrx_word' id='word_1_461' title='bbox 2028 1229 2129 1269; x_wconf 86' lang='lat' dir='ltr'><strong>nos</strong></span> <span class='ocrx_word' id='word_1_462' title='bbox 2157 1228 2419 1280; x_wconf 86' lang='lat' dir='ltr'><strong>summus,</strong></span> <span class='ocrx_word' id='word_1_463' title='bbox 2450 1224 2505 1269; x_wconf 80' lang='lat' dir='ltr'><strong>ut</strong></span> <span class='ocrx_word' id='word_1_464' title='bbox 2535 1223 2716 1271; x_wconf 83' lang='lat' dir='ltr'><strong>ternos</strong></span> <span class='ocrx_word' id='word_1_465' title='bbox 2747 1214 2903 1270; x_wconf 86' lang='lat' dir='ltr'><strong>imos.</strong></span> 
     </span>
    </p>
   </div>
   <div class='ocr_carea' id='block_1_70' title="bbox 2103 1304 3611 1374">
    <p class='ocr_par' dir='ltr' id='par_1_70' title="bbox 2103 1304 3611 1374">
     <span class='ocr_line' id='line_1_70' title="bbox 2103 1304 3611 1374; baseline 0.006 -16"><span class='ocrx_word' id='word_1_466' title='bbox 2103 1305 2240 1360; x_wconf 79' lang='lat' dir='ltr'><strong>Mars</strong></span> <span class='ocrx_word' id='word_1_467' title='bbox 2281 1306 2489 1374; x_wconf 77' lang='lat' dir='ltr'><strong>positus</strong></span> <span class='ocrx_word' id='word_1_468' title='bbox 2536 1305 2589 1359; x_wconf 85' lang='lat' dir='ltr'><strong>in</strong></span> <span class='ocrx_word' id='word_1_469' title='bbox 2635 1314 2820 1360; x_wconf 86' lang='lat' dir='ltr'><strong>centro</strong></span> <span class='ocrx_word' id='word_1_470' title='bbox 2865 1304 3074 1373; x_wconf 83' lang='lat' dir='ltr'><strong>mundi,</strong></span> <span class='ocrx_word' id='word_1_471' title='bbox 3114 1306 3160 1362; x_wconf 87' lang='lat' dir='ltr'><strong>si</strong></span> <span class='ocrx_word' id='word_1_472' title='bbox 3205 1307 3493 1364; x_wconf 83' lang='lat' dir='ltr'><strong>Saturnum</strong></span> <span class='ocrx_word' id='word_1_473' title='bbox 3545 1327 3611 1367; x_wconf 78' lang='lat' dir='ltr'><strong>ex</strong></span> 
     </span>
    </p>
   </div>
   <div class='ocr_carea' id='block_1_71' title="bbox 2034 1396 3612 1468">
    <p class='ocr_par' dir='ltr' id='par_1_71' title="bbox 2034 1396 3612 1468">
     <span class='ocr_line' id='line_1_71' title="bbox 2034 1396 3612 1468; baseline 0.005 -20"><span class='ocrx_word' id='word_1_474' title='bbox 2034 1406 2311 1467; x_wconf 71' lang='lat' dir='ltr'><strong>tetragono</strong></span> <span class='ocrx_word' id='word_1_475' title='bbox 2344 1396 2667 1466; x_wconf 65' lang='lat' dir='ltr'><strong>respexerit,</strong></span> <span class='ocrx_word' id='word_1_476' title='bbox 2687 1396 2731 1452; x_wconf 88' lang='lat' dir='ltr'><strong>si</strong></span> <span class='ocrx_word' id='word_1_477' title='bbox 2760 1398 3012 1466; x_wconf 75' lang='lat' dir='ltr'><strong>proximo</strong></span> <span class='ocrx_word' id='word_1_478' title='bbox 3040 1398 3156 1455; x_wconf 87' lang='lat' dir='ltr'><strong>loco</strong></span> <span class='ocrx_word' id='word_1_479' title='bbox 3182 1410 3300 1468; x_wconf 82' lang='lat' dir='ltr'><strong>post</strong></span> <span class='ocrx_word' id='word_1_480' title='bbox 3328 1417 3450 1457; x_wconf 87' lang='lat' dir='ltr'><strong>eum</strong></span> <span class='ocrx_word' id='word_1_481' title='bbox 3480 1403 3612 1458; x_wconf 78' lang='lat' dir='ltr'><strong>Mer-</strong></span> 
     </span>
    </p>
   </div>
   <div class='ocr_carea' id='block_1_72' title="bbox 2030 1488 3609 1563">
    <p class='ocr_par' dir='ltr' id='par_1_72' title="bbox 2030 1488 3609 1563">
     <span class='ocr_line' id='line_1_72' title="bbox 2030 1488 3609 1563; baseline 0.003 -19"><span class='ocrx_word' id='word_1_482' title='bbox 2030 1489 2211 1544; x_wconf 87' lang='lat' dir='ltr'><strong>curius</strong></span> <span class='ocrx_word' id='word_1_483' title='bbox 2256 1504 2383 1544; x_wconf 85' lang='lat' dir='ltr'><strong>cum</strong></span> <span class='ocrx_word' id='word_1_484' title='bbox 2426 1490 2581 1556; x_wconf 87' lang='lat' dir='ltr'><strong>plena</strong></span> <span class='ocrx_word' id='word_1_485' title='bbox 2615 1490 2741 1544; x_wconf 87' lang='lat' dir='ltr'><strong>luna</strong></span> <span class='ocrx_word' id='word_1_486' title='bbox 2771 1488 2914 1544; x_wconf 80' lang='lat' dir='ltr'><strong>idem</strong></span> <span class='ocrx_word' id='word_1_487' title='bbox 2947 1491 3183 1561; x_wconf 76' lang='lat' dir='ltr'><strong>tetigerit</strong></span> <span class='ocrx_word' id='word_1_488' title='bbox 3227 1500 3492 1561; x_wconf 86' lang='lat' dir='ltr'><strong>centrum,</strong></span> <span class='ocrx_word' id='word_1_489' title='bbox 3519 1497 3609 1563; x_wconf 88' lang='lat' dir='ltr'><strong>qui</strong></span> 
     </span>
    </p>
   </div>
   <div class='ocr_carea' id='block_1_73' title="bbox 2032 1579 3610 1650">
    <p class='ocr_par' dir='ltr' id='par_1_73' title="bbox 2032 1579 3610 1650">
     <span class='ocr_line' id='line_1_73' title="bbox 2032 1579 3610 1650; baseline 0.002 -13"><span class='ocrx_word' id='word_1_490' title='bbox 2032 1591 2325 1637; x_wconf 83' lang='lat' dir='ltr'><strong>nascuntur</strong></span> <span class='ocrx_word' id='word_1_491' title='bbox 2352 1580 2405 1635; x_wconf 90' lang='lat' dir='ltr'><strong>in</strong></span> <span class='ocrx_word' id='word_1_492' title='bbox 2456 1580 2549 1637; x_wconf 77' lang='lat' dir='ltr'><strong>illa</strong></span> <span class='ocrx_word' id='word_1_493' title='bbox 2587 1580 2776 1635; x_wconf 84' lang='lat' dir='ltr'><strong>diurna</strong></span> <span class='ocrx_word' id='word_1_494' title='bbox 2807 1579 3013 1650; x_wconf 71' lang='lat' dir='ltr'><strong>genesi,</strong></span> <span class='ocrx_word' id='word_1_495' title='bbox 3046 1582 3355 1638; x_wconf 71' lang='lat' dir='ltr'><strong>efﬁciuntur</strong></span> <span class='ocrx_word' id='word_1_496' title='bbox 3384 1583 3610 1640; x_wconf 87' lang='lat' dir='ltr'><strong>homici-</strong></span> 
     </span>
    </p>
   </div>
   <div class='ocr_carea' id='block_1_74' title="bbox 2034 1669 3611 1746">
    <p class='ocr_par' dir='ltr' id='par_1_74' title="bbox 2034 1669 3611 1746">
     <span class='ocr_line' id='line_1_74' title="bbox 2034 1669 3611 1746; baseline 0.002 -22"><span class='ocrx_word' id='word_1_497' title='bbox 2034 1671 2142 1734; x_wconf 67' lang='lat' dir='ltr'><strong>da,</strong></span> <span class='ocrx_word' id='word_1_498' title='bbox 2186 1669 2364 1740; x_wconf 71' lang='lat' dir='ltr'><strong>gladio</strong></span> <span class='ocrx_word' id='word_1_499' title='bbox 2406 1671 2605 1741; x_wconf 86' lang='lat' dir='ltr'><strong>casuri,</strong></span> <span class='ocrx_word' id='word_1_500' title='bbox 2659 1673 2989 1743; x_wconf 73' lang='lat' dir='ltr'><strong>sanguinarii</strong></span> <span class='ocrx_word' id='word_1_501' title='bbox 3040 1675 3283 1743; x_wconf 68' lang='lat' dir='ltr'><strong>consilio,</strong></span> <span class='ocrx_word' id='word_1_502' title='bbox 3323 1678 3405 1732; x_wconf 83' lang='lat' dir='ltr'><strong>vel</strong></span> <span class='ocrx_word' id='word_1_503' title='bbox 3450 1677 3611 1746; x_wconf 78' lang='lat' dir='ltr'><strong>factu,</strong></span> 
     </span>
    </p>
   </div>
   <div class='ocr_carea' id='block_1_75' title="bbox 2036 1760 3615 1831">
    <p class='ocr_par' dir='ltr' id='par_1_75' title="bbox 2036 1760 3615 1831">
     <span class='ocr_line' id='line_1_75' title="bbox 2036 1760 3615 1831; baseline 0.007 -17"><span class='ocrx_word' id='word_1_504' title='bbox 2036 1760 2331 1831; x_wconf 86' lang='lat' dir='ltr'><strong>libidinosi,</strong></span> <span class='ocrx_word' id='word_1_505' title='bbox 2362 1764 2584 1830; x_wconf 86' lang='lat' dir='ltr'><strong>ebriosi,</strong></span> <span class='ocrx_word' id='word_1_506' title='bbox 2634 1764 2973 1831; x_wconf 69' lang='lat' dir='ltr'><strong>da-mnniosi,</strong></span> <span class='ocrx_word' id='word_1_507' title='bbox 3002 1775 3332 1824; x_wconf 60' lang='lat' dir='ltr'><strong>scrutatores</strong></span> <span class='ocrx_word' id='word_1_508' title='bbox 3377 1781 3615 1827; x_wconf 80' lang='lat' dir='ltr'><strong>secreto-</strong></span> 
     </span>
    </p>
   </div>
   <div class='ocr_carea' id='block_1_76' title="bbox 1961 1846 3613 1934">
    <p class='ocr_par' dir='ltr' id='par_1_76' title="bbox 1961 1846 3613 1934">
     <span class='ocr_line' id='line_1_76' title="bbox 1961 1846 3613 1934; baseline 0.01 -29"><span class='ocrx_word' id='word_1_509' title='bbox 1961 1846 2007 1905; x_wconf 88' lang='lat' dir='ltr'><strong>B</strong></span> <span class='ocrx_word' id='word_1_510' title='bbox 2041 1870 2181 1924; x_wconf 88' lang='lat' dir='ltr'><strong>rum,</strong></span> <span class='ocrx_word' id='word_1_511' title='bbox 2212 1857 2624 1924; x_wconf 89' lang='lat' dir='ltr'><strong>necromantici,</strong></span> <span class='ocrx_word' id='word_1_512' title='bbox 2655 1858 2907 1923; x_wconf 85' lang='lat' dir='ltr'><strong>malefici,</strong></span> <span class='ocrx_word' id='word_1_513' title='bbox 2955 1861 3222 1934; x_wconf 66' lang='lat' dir='ltr'><strong>sacrilrgi,</strong></span> <span class='ocrx_word' id='word_1_514' title='bbox 3254 1866 3521 1934; x_wconf 64' lang='lat' dir='ltr'><strong>prmcipue</strong></span> <span class='ocrx_word' id='word_1_515' title='bbox 3566 1866 3613 1921; x_wconf 84' lang='lat' dir='ltr'><strong>si</strong></span> 
     </span>
    </p>
   </div>
   <div class='ocr_carea' id='block_1_77' title="bbox 2036 1949 3612 2020">
    <p class='ocr_par' dir='ltr' id='par_1_77' title="bbox 2036 1949 3612 2020">
     <span class='ocr_line' id='line_1_77' title="bbox 2036 1949 3612 2020; baseline 0.008 -18"><span class='ocrx_word' id='word_1_516' title='bbox 2036 1949 2178 2003; x_wconf 86' lang='lat' dir='ltr'><strong>nulla</strong></span> <span class='ocrx_word' id='word_1_517' title='bbox 2199 1963 2450 2019; x_wconf 84' lang='lat' dir='ltr'><strong>prospera</strong></span> <span class='ocrx_word' id='word_1_518' title='bbox 2475 1950 2833 2020; x_wconf 85' lang='lat' dir='ltr'><strong>impediverit.</strong></span> <span class='ocrx_word' id='word_1_519' title='bbox 2859 1951 3038 2007; x_wconf 75' lang='lat' dir='ltr'><strong>Martis</strong></span> <span class='ocrx_word' id='word_1_520' title='bbox 3062 1953 3285 2010; x_wconf 77' lang='lat' dir='ltr'><strong>effectus</strong></span> <span class='ocrx_word' id='word_1_521' title='bbox 3318 1964 3403 2011; x_wconf 88' lang='lat' dir='ltr'><strong>est</strong></span> <span class='ocrx_word' id='word_1_522' title='bbox 3429 1957 3532 2013; x_wconf 87' lang='lat' dir='ltr'><strong>iste</strong></span> <span class='ocrx_word' id='word_1_523' title='bbox 3558 1958 3612 2013; x_wconf 85' lang='lat' dir='ltr'><strong>iu</strong></span> 
     </span>
    </p>
   </div>
   <div class='ocr_carea' id='block_1_78' title="bbox 2036 2041 3616 2114">
    <p class='ocr_par' dir='ltr' id='par_1_78' title="bbox 2036 2041 3616 2114">
     <span class='ocr_line' id='line_1_78' title="bbox 2036 2041 3616 2114; baseline 0.009 -21"><span class='ocrx_word' id='word_1_524' title='bbox 2036 2041 2279 2111; x_wconf 85' lang='lat' dir='ltr'><strong>quolibet</strong></span> <span class='ocrx_word' id='word_1_525' title='bbox 2299 2042 2473 2112; x_wconf 78' lang='lat' dir='ltr'><strong>signo,</strong></span> <span class='ocrx_word' id='word_1_526' title='bbox 2502 2042 2799 2114; x_wconf 52' lang='lat' dir='ltr'><strong>praecipuus</strong></span> <span class='ocrx_word' id='word_1_527' title='bbox 2824 2044 2875 2099; x_wconf 92' lang='lat' dir='ltr'><strong>in</strong></span> <span class='ocrx_word' id='word_1_528' title='bbox 2902 2044 3015 2099; x_wconf 88' lang='lat' dir='ltr'><strong>suis</strong></span> <span class='ocrx_word' id='word_1_529' title='bbox 3036 2046 3357 2103; x_wconf 88' lang='lat' dir='ltr'><strong>domiciliis:</strong></span> <span class='ocrx_word' id='word_1_530' title='bbox 3383 2050 3616 2107; x_wconf 80' lang='lat' dir='ltr'><strong>maxime</strong></span> 
     </span>
    </p>
   </div>
   <div class='ocr_carea' id='block_1_79' title="bbox 2034 2133 3612 2205">
    <p class='ocr_par' dir='ltr' id='par_1_79' title="bbox 2034 2133 3612 2205">
     <span class='ocr_line' id='line_1_79' title="bbox 2034 2133 3612 2205; baseline 0.006 -19"><span class='ocrx_word' id='word_1_531' title='bbox 2034 2133 2078 2186; x_wconf 90' lang='lat' dir='ltr'><strong>si</strong></span> <span class='ocrx_word' id='word_1_532' title='bbox 2111 2133 2164 2187; x_wconf 88' lang='lat' dir='ltr'><strong>in</strong></span> <span class='ocrx_word' id='word_1_533' title='bbox 2210 2134 2388 2189; x_wconf 83' lang='lat' dir='ltr'><strong>medio</strong></span> <span class='ocrx_word' id='word_1_534' title='bbox 2417 2133 2812 2189; x_wconf 88' lang='lat' dir='ltr'><strong>domiciliorum</strong></span> <span class='ocrx_word' id='word_1_535' title='bbox 2856 2151 3077 2191; x_wconf 85' lang='lat' dir='ltr'><strong>suorum</strong></span> <span class='ocrx_word' id='word_1_536' title='bbox 3122 2136 3332 2205; x_wconf 86' lang='lat' dir='ltr'><strong>positus</strong></span> <span class='ocrx_word' id='word_1_537' title='bbox 3368 2150 3612 2196; x_wconf 89' lang='lat' dir='ltr'><strong>centrum</strong></span> 
     </span>
    </p>
   </div>
   <div class='ocr_carea' id='block_1_80' title="bbox 2041 2224 3613 2295">
    <p class='ocr_par' dir='ltr' id='par_1_80' title="bbox 2041 2224 3613 2295">
     <span class='ocr_line' id='line_1_80' title="bbox 2041 2224 3613 2295; baseline 0.008 -17"><span class='ocrx_word' id='word_1_538' title='bbox 2041 2224 2295 2292; x_wconf 56' lang='lat' dir='ltr'><strong>tetigerit.</strong></span> <span class='ocrx_word' id='word_1_539' title='bbox 2343 2225 2604 2281; x_wconf 82' lang='lat' dir='ltr'><strong>Centrum</strong></span> <span class='ocrx_word' id='word_1_540' title='bbox 2647 2237 2823 2282; x_wconf 83' lang='lat' dir='ltr'><strong>autem</strong></span> <span class='ocrx_word' id='word_1_541' title='bbox 2858 2242 2992 2283; x_wconf 82' lang='lat' dir='ltr'><strong>voco</strong></span> <span class='ocrx_word' id='word_1_542' title='bbox 3024 2229 3184 2284; x_wconf 90' lang='lat' dir='ltr'><strong>modo</strong></span> <span class='ocrx_word' id='word_1_543' title='bbox 3213 2229 3613 2295; x_wconf 74' lang='lat' dir='ltr'><strong>Meridionalem</strong></span> 
     </span>
    </p>
   </div>
   <div class='ocr_carea' id='block_1_81' title="bbox 2033 2316 3612 2388">
    <p class='ocr_par' dir='ltr' id='par_1_81' title="bbox 2033 2316 3612 2388">
     <span class='ocr_line' id='line_1_81' title="bbox 2033 2316 3612 2388; baseline 0.007 -18"><span class='ocrx_word' id='word_1_544' title='bbox 2033 2317 2314 2383; x_wconf 88' lang='lat' dir='ltr'><strong>circulum,</strong></span> <span class='ocrx_word' id='word_1_545' title='bbox 2345 2316 2398 2373; x_wconf 88' lang='lat' dir='ltr'><strong>in</strong></span> <span class='ocrx_word' id='word_1_546' title='bbox 2428 2332 2535 2388; x_wconf 86' lang='lat' dir='ltr'><strong>quo</strong></span> <span class='ocrx_word' id='word_1_547' title='bbox 2564 2318 2688 2374; x_wconf 88' lang='lat' dir='ltr'><strong>dum</strong></span> <span class='ocrx_word' id='word_1_548' title='bbox 2732 2316 2890 2373; x_wconf 89' lang='lat' dir='ltr'><strong>fuerit</strong></span> <span class='ocrx_word' id='word_1_549' title='bbox 2936 2320 3039 2387; x_wconf 88' lang='lat' dir='ltr'><strong>sol,</strong></span> <span class='ocrx_word' id='word_1_550' title='bbox 3089 2318 3210 2377; x_wconf 90' lang='lat' dir='ltr'><strong>dico</strong></span> <span class='ocrx_word' id='word_1_551' title='bbox 3250 2323 3397 2378; x_wconf 91' lang='lat' dir='ltr'><strong>illum</strong></span> <span class='ocrx_word' id='word_1_552' title='bbox 3447 2322 3612 2381; x_wconf 74' lang='lat' dir='ltr'><strong>fuisse</strong></span> 
     </span>
    </p>
   </div>
   <div class='ocr_carea' id='block_1_82' title="bbox 2036 2408 3610 2481">
    <p class='ocr_par' dir='ltr' id='par_1_82' title="bbox 2036 2408 3610 2481">
     <span class='ocr_line' id='line_1_82' title="bbox 2036 2408 3610 2481; baseline 0.007 -19"><span class='ocrx_word' id='word_1_553' title='bbox 2036 2408 2090 2463; x_wconf 89' lang='lat' dir='ltr'><strong>iu</strong></span> <span class='ocrx_word' id='word_1_554' title='bbox 2120 2419 2345 2476; x_wconf 87' lang='lat' dir='ltr'><strong>centro;</strong></span> <span class='ocrx_word' id='word_1_555' title='bbox 2373 2409 2647 2481; x_wconf 82' lang='lat' dir='ltr'><strong>distatque</strong></span> <span class='ocrx_word' id='word_1_556' title='bbox 2672 2411 2952 2480; x_wconf 65' lang='lat' dir='ltr'><strong>mqualiter</strong></span> <span class='ocrx_word' id='word_1_557' title='bbox 2981 2410 3049 2469; x_wconf 89' lang='lat' dir='ltr'><strong>ab</strong></span> <span class='ocrx_word' id='word_1_558' title='bbox 3092 2412 3311 2470; x_wconf 84' lang='lat' dir='ltr'><strong>Oriente</strong></span> <span class='ocrx_word' id='word_1_559' title='bbox 3339 2416 3484 2472; x_wconf 84' lang='lat' dir='ltr'><strong>etab</strong></span> <span class='ocrx_word' id='word_1_560' title='bbox 3508 2417 3610 2473; x_wconf 84' lang='lat' dir='ltr'><strong>0c-</strong></span> 
     </span>
    </p>
   </div>
   <div class='ocr_carea' id='block_1_83' title="bbox 2035 2499 3613 2575">
    <p class='ocr_par' dir='ltr' id='par_1_83' title="bbox 2035 2499 3613 2575">
     <span class='ocr_line' id='line_1_83' title="bbox 2035 2499 3613 2575; baseline 0.006 -21"><span class='ocrx_word' id='word_1_561' title='bbox 2035 2499 2273 2567; x_wconf 88' lang='lat' dir='ltr'><strong>cidente,</strong></span> <span class='ocrx_word' id='word_1_562' title='bbox 2303 2515 2431 2557; x_wconf 85' lang='lat' dir='ltr'><strong>raro</strong></span> <span class='ocrx_word' id='word_1_563' title='bbox 2459 2511 2637 2557; x_wconf 88' lang='lat' dir='ltr'><strong>autem</strong></span> <span class='ocrx_word' id='word_1_564' title='bbox 2669 2502 2951 2572; x_wconf 66' lang='lat' dir='ltr'><strong>uqualiter</strong></span> <span class='ocrx_word' id='word_1_565' title='bbox 2988 2504 3055 2558; x_wconf 84' lang='lat' dir='ltr'><strong>ab</strong></span> <span class='ocrx_word' id='word_1_566' title='bbox 3083 2506 3279 2561; x_wconf 78' lang='lat' dir='ltr'><strong>Austro</strong></span> <span class='ocrx_word' id='word_1_567' title='bbox 3305 2514 3362 2562; x_wconf 88' lang='lat' dir='ltr'><strong>et</strong></span> <span class='ocrx_word' id='word_1_568' title='bbox 3387 2506 3613 2575; x_wconf 74' lang='lat' dir='ltr'><strong>Septen-</strong></span> 
     </span>
    </p>
   </div>
   <div class='ocr_carea' id='block_1_84' title="bbox 2036 2593 3072 2664">
    <p class='ocr_par' dir='ltr' id='par_1_84' title="bbox 2036 2593 3072 2664">
     <span class='ocr_line' id='line_1_84' title="bbox 2036 2593 3072 2664; baseline 0.003 -17"><span class='ocrx_word' id='word_1_569' title='bbox 2036 2593 2234 2659; x_wconf 67' lang='lat' dir='ltr'><strong>triane,</strong></span> <span class='ocrx_word' id='word_1_570' title='bbox 2266 2593 2368 2653; x_wconf 77' lang='lat' dir='ltr'><strong>nisi</strong></span> <span class='ocrx_word' id='word_1_571' title='bbox 2400 2594 2453 2652; x_wconf 90' lang='lat' dir='ltr'><strong>in</strong></span> <span class='ocrx_word' id='word_1_572' title='bbox 2480 2593 2692 2656; x_wconf 56' lang='lat' dir='ltr'><strong>duabus</strong></span> <span class='ocrx_word' id='word_1_573' title='bbox 2719 2596 3072 2664; x_wconf 63' lang='lat' dir='ltr'><strong>tequinoctiis.</strong></span> 
     </span>
    </p>
   </div>
   <div class='ocr_carea' id='block_1_85' title="bbox 2117 2681 3609 2757">
    <p class='ocr_par' dir='ltr' id='par_1_85' title="bbox 2117 2681 3609 2757">
     <span class='ocr_line' id='line_1_85' title="bbox 2117 2681 3609 2757; baseline 0.007 -20"><span class='ocrx_word' id='word_1_574' title='bbox 2117 2681 2293 2738; x_wconf 82' lang='lat' dir='ltr'><strong>Venus</strong></span> <span class='ocrx_word' id='word_1_575' title='bbox 2322 2693 2376 2739; x_wconf 88' lang='lat' dir='ltr'><strong>et</strong></span> <span class='ocrx_word' id='word_1_576' title='bbox 2403 2685 2528 2738; x_wconf 85' lang='lat' dir='ltr'><strong>luna</strong></span> <span class='ocrx_word' id='word_1_577' title='bbox 2558 2700 2679 2740; x_wconf 82' lang='lat' dir='ltr'><strong>cum</strong></span> <span class='ocrx_word' id='word_1_578' title='bbox 2710 2685 2944 2740; x_wconf 83' lang='lat' dir='ltr'><strong>Saturno</strong></span> <span class='ocrx_word' id='word_1_579' title='bbox 2976 2686 3028 2741; x_wconf 90' lang='lat' dir='ltr'><strong>in</strong></span> <span class='ocrx_word' id='word_1_580' title='bbox 3056 2685 3267 2742; x_wconf 79' lang='lat' dir='ltr'><strong>Saturni</strong></span> <span class='ocrx_word' id='word_1_581' title='bbox 3298 2689 3609 2757; x_wconf 75' lang='lat' dir='ltr'><strong>domiciliis,</strong></span> 
     </span>
    </p>
   </div>
   <div class='ocr_carea' id='block_1_86' title="bbox 2038 2773 3615 2852">
    <p class='ocr_par' dir='ltr' id='par_1_86' title="bbox 2038 2773 3615 2852">
     <span class='ocr_line' id='line_1_86' title="bbox 2038 2773 3615 2852; baseline 0.006 -24"><span class='ocrx_word' id='word_1_582' title='bbox 2038 2773 2090 2828; x_wconf 89' lang='lat' dir='ltr'><strong>id</strong></span> <span class='ocrx_word' id='word_1_583' title='bbox 2136 2781 2240 2842; x_wconf 86' lang='lat' dir='ltr'><strong>est,</strong></span> <span class='ocrx_word' id='word_1_584' title='bbox 2287 2774 2599 2845; x_wconf 81' lang='lat' dir='ltr'><strong>Capricorni</strong></span> <span class='ocrx_word' id='word_1_585' title='bbox 2650 2786 2703 2829; x_wconf 88' lang='lat' dir='ltr'><strong>et</strong></span> <span class='ocrx_word' id='word_1_586' title='bbox 2743 2777 2998 2846; x_wconf 78' lang='lat' dir='ltr'><strong>Aquario,</strong></span> <span class='ocrx_word' id='word_1_587' title='bbox 3039 2780 3410 2847; x_wconf 82' lang='lat' dir='ltr'><strong>existentibus,</strong></span> <span class='ocrx_word' id='word_1_588' title='bbox 3463 2798 3615 2852; x_wconf 72' lang='lat' dir='ltr'><strong>quae-</strong></span> 
     </span>
    </p>
   </div>
   <div class='ocr_carea' id='block_1_87' title="bbox 2037 2866 3614 2944">
    <p class='ocr_par' dir='ltr' id='par_1_87' title="bbox 2037 2866 3614 2944">
     <span class='ocr_line' id='line_1_87' title="bbox 2037 2866 3614 2944; baseline 0.006 -24"><span class='ocrx_word' id='word_1_589' title='bbox 2037 2879 2247 2931; x_wconf 74' lang='lat' dir='ltr'><strong>cunque</strong></span> <span class='ocrx_word' id='word_1_590' title='bbox 2298 2867 2548 2923; x_wconf 72' lang='lat' dir='ltr'><strong>mulieres</strong></span> <span class='ocrx_word' id='word_1_591' title='bbox 2602 2866 2654 2922; x_wconf 89' lang='lat' dir='ltr'><strong>in</strong></span> <span class='ocrx_word' id='word_1_592' title='bbox 2701 2866 2891 2923; x_wconf 81' lang='lat' dir='ltr'><strong>diurna</strong></span> <span class='ocrx_word' id='word_1_593' title='bbox 2943 2868 3032 2920; x_wconf 86' lang='lat' dir='ltr'><strong>illa</strong></span> <span class='ocrx_word' id='word_1_594' title='bbox 3073 2869 3255 2939; x_wconf 76' lang='lat' dir='ltr'><strong>genesi</strong></span> <span class='ocrx_word' id='word_1_595' title='bbox 3302 2884 3614 2944; x_wconf 82' lang='lat' dir='ltr'><strong>nascuntur,</strong></span> 
     </span>
    </p>
   </div>
   <div class='ocr_carea' id='block_1_88' title="bbox 2037 2958 3610 3033">
    <p class='ocr_par' dir='ltr' id='par_1_88' title="bbox 2037 2958 3610 3033">
     <span class='ocr_line' id='line_1_88' title="bbox 2037 2958 3610 3033; baseline 0.007 -23"><span class='ocrx_word' id='word_1_596' title='bbox 2037 2958 2305 3027; x_wconf 72' lang='lat' dir='ltr'><strong>viragincs</strong></span> <span class='ocrx_word' id='word_1_597' title='bbox 2362 2968 2540 3024; x_wconf 87' lang='lat' dir='ltr'><strong>erunt,</strong></span> <span class='ocrx_word' id='word_1_598' title='bbox 2584 2966 2843 3027; x_wconf 75' lang='lat' dir='ltr'><strong>prompte</strong></span> <span class='ocrx_word' id='word_1_599' title='bbox 2902 2959 2967 3013; x_wconf 82' lang='lat' dir='ltr'><strong>ad</strong></span> <span class='ocrx_word' id='word_1_600' title='bbox 3020 2961 3409 3030; x_wconf 58' lang='lat' dir='ltr'><strong>agriculturam,</strong></span> <span class='ocrx_word' id='word_1_601' title='bbox 3450 2965 3610 3033; x_wconf 85' lang='lat' dir='ltr'><strong>bella,</strong></span> 
     </span>
    </p>
   </div>
   <div class='ocr_carea' id='block_1_89' title="bbox 2040 3049 3613 3125">
    <p class='ocr_par' dir='ltr' id='par_1_89' title="bbox 2040 3049 3613 3125">
     <span class='ocr_line' id='line_1_89' title="bbox 2040 3049 3613 3125; baseline 0.006 -22"><span class='ocrx_word' id='word_1_602' title='bbox 2040 3050 2229 3103; x_wconf 68' lang='lat' dir='ltr'><strong>aedium</strong></span> <span class='ocrx_word' id='word_1_603' title='bbox 2255 3059 2582 3113; x_wconf 79' lang='lat' dir='ltr'><strong>structuras;</strong></span> <span class='ocrx_word' id='word_1_604' title='bbox 2608 3064 2726 3116; x_wconf 71' lang='lat' dir='ltr'><strong>quia</strong></span> <span class='ocrx_word' id='word_1_605' title='bbox 2757 3056 2877 3104; x_wconf 88' lang='lat' dir='ltr'><strong>sunt</strong></span> <span class='ocrx_word' id='word_1_606' title='bbox 2914 3049 3233 3106; x_wconf 79' lang='lat' dir='ltr'><strong>feminarum</strong></span> <span class='ocrx_word' id='word_1_607' title='bbox 3264 3054 3613 3125; x_wconf 73' lang='lat' dir='ltr'><strong>negligentes,</strong></span> 
     </span>
    </p>
   </div>
   <div class='ocr_carea' id='block_1_90' title="bbox 2043 3141 3620 3212">
    <p class='ocr_par' dir='ltr' id='par_1_90' title="bbox 2043 3141 3620 3212">
     <span class='ocr_line' id='line_1_90' title="bbox 2043 3141 3620 3212; baseline 0.006 -20"><span class='ocrx_word' id='word_1_608' title='bbox 2043 3151 2332 3211; x_wconf 69' lang='lat' dir='ltr'><strong>unguenta,</strong></span> <span class='ocrx_word' id='word_1_609' title='bbox 2375 3141 2758 3209; x_wconf 82' lang='lat' dir='ltr'><strong>calceameuta,</strong></span> <span class='ocrx_word' id='word_1_610' title='bbox 2790 3153 2967 3196; x_wconf 76' lang='lat' dir='ltr'><strong>vestes</strong></span> <span class='ocrx_word' id='word_1_611' title='bbox 3013 3152 3265 3212; x_wconf 90' lang='lat' dir='ltr'><strong>appetent</strong></span> <span class='ocrx_word' id='word_1_612' title='bbox 3296 3146 3424 3200; x_wconf 85' lang='lat' dir='ltr'><strong>viris</strong></span> <span class='ocrx_word' id='word_1_613' title='bbox 3468 3161 3620 3202; x_wconf 80' lang='lat' dir='ltr'><strong>com-</strong></span> 
     </span>
    </p>
   </div>
   <div class='ocr_carea' id='block_1_91' title="bbox 2043 3232 3616 3306">
    <p class='ocr_par' dir='ltr' id='par_1_91' title="bbox 2043 3232 3616 3306">
     <span class='ocr_line' id='line_1_91' title="bbox 2043 3232 3616 3306; baseline 0.005 -19"><span class='ocrx_word' id='word_1_614' title='bbox 2043 3248 2252 3297; x_wconf 86' lang='lat' dir='ltr'><strong>muues.</strong></span> <span class='ocrx_word' id='word_1_615' title='bbox 2305 3248 2406 3290; x_wconf 88' lang='lat' dir='ltr'><strong>nec</strong></span> <span class='ocrx_word' id='word_1_616' title='bbox 2450 3247 2480 3288; x_wconf 86' lang='lat' dir='ltr'><strong>a</strong></span> <span class='ocrx_word' id='word_1_617' title='bbox 2526 3232 2733 3289; x_wconf 79' lang='lat' dir='ltr'><strong>maritis</strong></span> <span class='ocrx_word' id='word_1_618' title='bbox 2783 3232 3191 3306; x_wconf 80' lang='lat' dir='ltr'><strong>redargueritur.</strong></span> <span class='ocrx_word' id='word_1_619' title='bbox 3227 3234 3616 3297; x_wconf 82' lang='lat' dir='ltr'><strong>Testimonium</strong></span> 
     </span>
    </p>
   </div>
   <div class='ocr_carea' id='block_1_92' title="bbox 2041 3324 3618 3394">
    <p class='ocr_par' dir='ltr' id='par_1_92' title="bbox 2041 3324 3618 3394">
     <span class='ocr_line' id='line_1_92' title="bbox 2041 3324 3618 3394; baseline 0.006 -17"><span class='ocrx_word' id='word_1_620' title='bbox 2041 3341 2170 3379; x_wconf 74' lang='lat' dir='ltr'><strong>vero</strong></span> <span class='ocrx_word' id='word_1_621' title='bbox 2197 3324 2353 3394; x_wconf 79' lang='lat' dir='ltr'><strong>hujus</strong></span> <span class='ocrx_word' id='word_1_622' title='bbox 2386 3325 2632 3391; x_wconf 82' lang='lat' dir='ltr'><strong>prohibet</strong></span> <span class='ocrx_word' id='word_1_623' title='bbox 2658 3325 2819 3391; x_wconf 76' lang='lat' dir='ltr'><strong>Mars,</strong></span> <span class='ocrx_word' id='word_1_624' title='bbox 2848 3330 2962 3380; x_wconf 80' lang='lat' dir='ltr'><strong>sive</strong></span> <span class='ocrx_word' id='word_1_625' title='bbox 2991 3326 3062 3381; x_wconf 90' lang='lat' dir='ltr'><strong>sit</strong></span> <span class='ocrx_word' id='word_1_626' title='bbox 3090 3325 3143 3381; x_wconf 88' lang='lat' dir='ltr'><strong>in</strong></span> <span class='ocrx_word' id='word_1_627' title='bbox 3171 3328 3363 3383; x_wconf 89' lang='lat' dir='ltr'><strong>iisdem</strong></span> <span class='ocrx_word' id='word_1_628' title='bbox 3392 3328 3618 3387; x_wconf 83' lang='lat' dir='ltr'><strong>domici-</strong></span> 
     </span>
    </p>
   </div>
   <div class='ocr_carea' id='block_1_93' title="bbox 2042 3415 3330 3488">
    <p class='ocr_par' dir='ltr' id='par_1_93' title="bbox 2042 3415 3330 3488">
     <span class='ocr_line' id='line_1_93' title="bbox 2042 3415 3330 3488; baseline 0.002 -18"><span class='ocrx_word' id='word_1_629' title='bbox 2042 3416 2150 3481; x_wconf 61' lang='lat' dir='ltr'><strong>liis,</strong></span> <span class='ocrx_word' id='word_1_630' title='bbox 2180 3420 2292 3473; x_wconf 88' lang='lat' dir='ltr'><strong>sive</strong></span> <span class='ocrx_word' id='word_1_631' title='bbox 2321 3417 2371 3473; x_wconf 87' lang='lat' dir='ltr'><strong>in</strong></span> <span class='ocrx_word' id='word_1_632' title='bbox 2399 3415 2586 3474; x_wconf 83' lang='lat' dir='ltr'><strong>tricem</strong></span> <span class='ocrx_word' id='word_1_633' title='bbox 2616 3418 2698 3474; x_wconf 82' lang='lat' dir='ltr'><strong>vel</strong></span> <span class='ocrx_word' id='word_1_634' title='bbox 2723 3418 2983 3488; x_wconf 85' lang='lat' dir='ltr'><strong>quadrato</strong></span> <span class='ocrx_word' id='word_1_635' title='bbox 3012 3421 3330 3487; x_wconf 76' lang='lat' dir='ltr'><strong>respexerit.</strong></span> 
     </span>
    </p>
   </div>
   <div class='ocr_carea' id='block_1_94' title="bbox 2117 3507 3618 3579">
    <p class='ocr_par' dir='ltr' id='par_1_94' title="bbox 2117 3507 3618 3579">
     <span class='ocr_line' id='line_1_94' title="bbox 2117 3507 3618 3579; baseline 0.005 -18"><span class='ocrx_word' id='word_1_636' title='bbox 2117 3507 2292 3567; x_wconf 71' lang='lat' dir='ltr'><strong>Venus</strong></span> <span class='ocrx_word' id='word_1_637' title='bbox 2340 3524 2460 3570; x_wconf 80' lang='lat' dir='ltr'><strong>cum</strong></span> <span class='ocrx_word' id='word_1_638' title='bbox 2509 3509 2697 3576; x_wconf 74' lang='lat' dir='ltr'><strong>Marte,</strong></span> <span class='ocrx_word' id='word_1_639' title='bbox 2746 3509 2799 3564; x_wconf 90' lang='lat' dir='ltr'><strong>in</strong></span> <span class='ocrx_word' id='word_1_640' title='bbox 2850 3507 3034 3565; x_wconf 70' lang='lat' dir='ltr'><strong>Martis</strong></span> <span class='ocrx_word' id='word_1_641' title='bbox 3073 3510 3367 3577; x_wconf 85' lang='lat' dir='ltr'><strong>domicilio,</strong></span> <span class='ocrx_word' id='word_1_642' title='bbox 3421 3513 3473 3568; x_wconf 91' lang='lat' dir='ltr'><strong>id</strong></span> <span class='ocrx_word' id='word_1_643' title='bbox 3514 3525 3618 3579; x_wconf 86' lang='lat' dir='ltr'><strong>est,</strong></span> 
     </span>
    </p>
   </div>
   <div class='ocr_carea' id='block_1_95' title="bbox 2045 3599 3619 3674">
    <p class='ocr_par' dir='ltr' id='par_1_95' title="bbox 2045 3599 3619 3674">
     <span class='ocr_line' id='line_1_95' title="bbox 2045 3599 3619 3674; baseline 0.003 -21"><span class='ocrx_word' id='word_1_644' title='bbox 2045 3602 2249 3665; x_wconf 77' lang='lat' dir='ltr'><strong>Arietc,</strong></span> <span class='ocrx_word' id='word_1_645' title='bbox 2287 3599 2481 3669; x_wconf 74' lang='lat' dir='ltr'><strong>pesita,</strong></span> <span class='ocrx_word' id='word_1_646' title='bbox 2514 3601 2558 3656; x_wconf 89' lang='lat' dir='ltr'><strong>si</strong></span> <span class='ocrx_word' id='word_1_647' title='bbox 2589 3600 2878 3659; x_wconf 67' lang='lat' dir='ltr'><strong>Saturnum</strong></span> <span class='ocrx_word' id='word_1_648' title='bbox 2904 3602 2958 3658; x_wconf 90' lang='lat' dir='ltr'><strong>in</strong></span> <span class='ocrx_word' id='word_1_649' title='bbox 2992 3610 3266 3674; x_wconf 80' lang='lat' dir='ltr'><strong>tetragono</strong></span> <span class='ocrx_word' id='word_1_650' title='bbox 3297 3606 3619 3671; x_wconf 78' lang='lat' dir='ltr'><strong>respexerit,</strong></span> 
     </span>
    </p>
   </div>
   <div class='ocr_carea' id='block_1_96' title="bbox 2042 3692 3626 3762">
    <p class='ocr_par' dir='ltr' id='par_1_96' title="bbox 2042 3692 3626 3762">
     <span class='ocr_line' id='line_1_96' title="bbox 2042 3692 3626 3762; baseline 0.003 -15"><span class='ocrx_word' id='word_1_651' title='bbox 2042 3694 2088 3747; x_wconf 87' lang='lat' dir='ltr'><strong>si</strong></span> <span class='ocrx_word' id='word_1_652' title='bbox 2122 3692 2210 3761; x_wconf 88' lang='lat' dir='ltr'><strong>qui</strong></span> <span class='ocrx_word' id='word_1_653' title='bbox 2241 3692 2337 3746; x_wconf 91' lang='lat' dir='ltr'><strong>viri</strong></span> <span class='ocrx_word' id='word_1_654' title='bbox 2381 3702 2509 3747; x_wconf 88' lang='lat' dir='ltr'><strong>tunc</strong></span> <span class='ocrx_word' id='word_1_655' title='bbox 2556 3700 2871 3760; x_wconf 86' lang='lat' dir='ltr'><strong>nascuntur,</strong></span> <span class='ocrx_word' id='word_1_656' title='bbox 2902 3693 3194 3748; x_wconf 71' lang='lat' dir='ltr'><strong>eﬂ‘eniinati</strong></span> <span class='ocrx_word' id='word_1_657' title='bbox 3241 3705 3420 3762; x_wconf 87' lang='lat' dir='ltr'><strong>erunt,</strong></span> <span class='ocrx_word' id='word_1_658' title='bbox 3449 3696 3626 3751; x_wconf 81' lang='lat' dir='ltr'><strong>virilia</strong></span> 
     </span>
    </p>
   </div>
   <div class='ocr_carea' id='block_1_97' title="bbox 2045 3784 3625 3857">
    <p class='ocr_par' dir='ltr' id='par_1_97' title="bbox 2045 3784 3625 3857">
     <span class='ocr_line' id='line_1_97' title="bbox 2045 3784 3625 3857; baseline 0.002 -15"><span class='ocrx_word' id='word_1_659' title='bbox 2045 3804 2078 3842; x_wconf 81' lang='grc' dir='ltr'><strong>ιι</strong></span> <span class='ocrx_word' id='word_1_660' title='bbox 2114 3786 2398 3857; x_wconf 71' lang='lat' dir='ltr'><strong>gligentes,</strong></span> <span class='ocrx_word' id='word_1_661' title='bbox 2429 3784 2746 3841; x_wconf 84' lang='lat' dir='ltr'><strong>mulieribus</strong></span> <span class='ocrx_word' id='word_1_662' title='bbox 2769 3784 3131 3855; x_wconf 80' lang='lat' dir='ltr'><strong>indulgentes.</strong></span> <span class='ocrx_word' id='word_1_663' title='bbox 3165 3786 3329 3854; x_wconf 81' lang='lat' dir='ltr'><strong>Mars,</strong></span> <span class='ocrx_word' id='word_1_664' title='bbox 3371 3789 3416 3843; x_wconf 85' lang='lat' dir='ltr'><strong>si</strong></span> <span class='ocrx_word' id='word_1_665' title='bbox 3452 3788 3625 3845; x_wconf 84' lang='lat' dir='ltr'><strong>Vene-</strong></span> 
     </span>
    </p>
   </div>
   <div class='ocr_carea' id='block_1_98' title="bbox 2046 3878 3629 3950">
    <p class='ocr_par' dir='ltr' id='par_1_98' title="bbox 2046 3878 3629 3950">
     <span class='ocr_line' id='line_1_98' title="bbox 2046 3878 3629 3950; baseline 0.001 -15"><span class='ocrx_word' id='word_1_666' title='bbox 2046 3895 2161 3935; x_wconf 89' lang='lat' dir='ltr'><strong>rem</strong></span> <span class='ocrx_word' id='word_1_667' title='bbox 2192 3881 2245 3934; x_wconf 93' lang='lat' dir='ltr'><strong>in</strong></span> <span class='ocrx_word' id='word_1_668' title='bbox 2274 3888 2553 3949; x_wconf 69' lang='lat' dir='ltr'><strong>tetragono</strong></span> <span class='ocrx_word' id='word_1_669' title='bbox 2588 3878 2909 3950; x_wconf 74' lang='lat' dir='ltr'><strong>reSpexerit,</strong></span> <span class='ocrx_word' id='word_1_670' title='bbox 2940 3878 2986 3934; x_wconf 90' lang='lat' dir='ltr'><strong>si</strong></span> <span class='ocrx_word' id='word_1_671' title='bbox 3028 3878 3171 3937; x_wconf 84' lang='lat' dir='ltr'><strong>nulla</strong></span> <span class='ocrx_word' id='word_1_672' title='bbox 3203 3878 3497 3935; x_wconf 85' lang='lat' dir='ltr'><strong>salubrium</strong></span> <span class='ocrx_word' id='word_1_673' title='bbox 3524 3880 3629 3936; x_wconf 89' lang='lat' dir='ltr'><strong>im-</strong></span> 
     </span>
    </p>
   </div>
   <div class='ocr_carea' id='block_1_99' title="bbox 2047 3969 3629 4045">
    <p class='ocr_par' dir='ltr' id='par_1_99' title="bbox 2047 3969 3629 4045">
     <span class='ocr_line' id='line_1_99' title="bbox 2047 3969 3629 4045; baseline -0.001 -16"><span class='ocrx_word' id='word_1_674' title='bbox 2047 3970 2332 4045; x_wconf 84' lang='lat' dir='ltr'><strong>pedivcrit,</strong></span> <span class='ocrx_word' id='word_1_675' title='bbox 2380 3971 2432 4028; x_wconf 89' lang='lat' dir='ltr'><strong>si</strong></span> <span class='ocrx_word' id='word_1_676' title='bbox 2478 3970 2569 4043; x_wconf 88' lang='lat' dir='ltr'><strong>qui</strong></span> <span class='ocrx_word' id='word_1_677' title='bbox 2599 3971 2656 4027; x_wconf 91' lang='lat' dir='ltr'><strong>in</strong></span> <span class='ocrx_word' id='word_1_678' title='bbox 2706 3969 2888 4040; x_wconf 70' lang='lat' dir='ltr'><strong>genesi</strong></span> <span class='ocrx_word' id='word_1_679' title='bbox 2921 3969 3010 4024; x_wconf 87' lang='lat' dir='ltr'><strong>illa</strong></span> <span class='ocrx_word' id='word_1_680' title='bbox 3042 3981 3352 4037; x_wconf 85' lang='lat' dir='ltr'><strong>nascuntur,</strong></span> <span class='ocrx_word' id='word_1_681' title='bbox 3397 3971 3629 4027; x_wconf 90' lang='lat' dir='ltr'><strong>adulteri</strong></span> 
     </span>
    </p>
   </div>
   <div class='ocr_carea' id='block_1_100' title="bbox 2040 4062 3631 4139">
    <p class='ocr_par' dir='ltr' id='par_1_100' title="bbox 2040 4062 3631 4139">
     <span class='ocr_line' id='line_1_100' title="bbox 2040 4062 3631 4139; baseline 0 -19"><span class='ocrx_word' id='word_1_682' title='bbox 2040 4073 2227 4139; x_wconf 87' lang='lat' dir='ltr'><strong>erunt,</strong></span> <span class='ocrx_word' id='word_1_683' title='bbox 2264 4062 2535 4135; x_wconf 72' lang='lat' dir='ltr'><strong>pmcipue</strong></span> <span class='ocrx_word' id='word_1_684' title='bbox 2585 4064 2641 4118; x_wconf 90' lang='lat' dir='ltr'><strong>in</strong></span> <span class='ocrx_word' id='word_1_685' title='bbox 2686 4062 3029 4117; x_wconf 87' lang='lat' dir='ltr'><strong>matrimonio</strong></span> <span class='ocrx_word' id='word_1_686' title='bbox 3077 4073 3298 4128; x_wconf 85' lang='lat' dir='ltr'><strong>matres,</strong></span> <span class='ocrx_word' id='word_1_687' title='bbox 3350 4063 3489 4120; x_wconf 82' lang='lat' dir='ltr'><strong>tilias</strong></span> <span class='ocrx_word' id='word_1_688' title='bbox 3534 4074 3631 4120; x_wconf 71' lang='lat' dir='ltr'><strong>alit</strong></span> 
     </span>
    </p>
   </div>
   <div class='ocr_carea' id='block_1_101' title="bbox 2048 4147 3631 4225">
    <p class='ocr_par' dir='ltr' id='par_1_101' title="bbox 2048 4147 3631 4225">
     <span class='ocr_line' id='line_1_101' title="bbox 2048 4147 3631 4225; baseline 0.001 -13"><span class='ocrx_word' id='word_1_689' title='bbox 2048 4171 2289 4225; x_wconf 89' lang='lat' dir='ltr'><strong>sorores,</strong></span> <span class='ocrx_word' id='word_1_690' title='bbox 2320 4158 2657 4225; x_wconf 79' lang='lat' dir='ltr'><strong>copulantes.</strong></span> <span class='ocrx_word' id='word_1_691' title='bbox 2689 4155 2920 4225; x_wconf 86' lang='lat' dir='ltr'><strong>Ideoque</strong></span> <span class='ocrx_word' id='word_1_692' title='bbox 2970 4154 3184 4224; x_wconf 70' lang='lat' dir='ltr'><strong>fingitur</strong></span> <span class='ocrx_word' id='word_1_693' title='bbox 3210 4147 3501 4212; x_wconf 73' lang='lat' dir='ltr'><strong>Mars&#39;cum</strong></span> <span class='ocrx_word' id='word_1_694' title='bbox 3525 4156 3631 4215; x_wconf 80' lang='lat' dir='ltr'><strong>Vc-</strong></span> 
     </span>
    </p>
   </div>
   <div class='ocr_carea' id='block_1_102' title="bbox 2048 4245 3629 4317">
    <p class='ocr_par' dir='ltr' id='par_1_102' title="bbox 2048 4245 3629 4317">
     <span class='ocr_line' id='line_1_102' title="bbox 2048 4245 3629 4317; baseline -0.002 -11"><span class='ocrx_word' id='word_1_695' title='bbox 2048 4264 2180 4306; x_wconf 88' lang='lat' dir='ltr'><strong>nere</strong></span> <span class='ocrx_word' id='word_1_696' title='bbox 2207 4247 2533 4304; x_wconf 86' lang='lat' dir='ltr'><strong>adulterium</strong></span> <span class='ocrx_word' id='word_1_697' title='bbox 2581 4257 2948 4317; x_wconf 85' lang='lat' dir='ltr'><strong>perpetrasse.</strong></span> <span class='ocrx_word' id='word_1_698' title='bbox 2996 4245 3232 4317; x_wconf 63' lang='lat' dir='ltr'><strong>Sphaerus</strong></span> <span class='ocrx_word' id='word_1_699' title='bbox 3281 4257 3478 4304; x_wconf 85' lang='lat' dir='ltr'><strong>terram</strong></span> <span class='ocrx_word' id='word_1_700' title='bbox 3528 4248 3629 4303; x_wconf 82' lang='lat' dir='ltr'><strong>lia-</strong></span> 
     </span>
    </p>
   </div>
   <div class='ocr_carea' id='block_1_103' title="bbox 2049 4338 3631 4407">
    <p class='ocr_par' dir='ltr' id='par_1_103' title="bbox 2049 4338 3631 4407">
     <span class='ocr_line' id='line_1_103' title="bbox 2049 4338 3631 4407; baseline 0.001 -11"><span class='ocrx_word' id='word_1_701' title='bbox 2049 4340 2181 4397; x_wconf 75' lang='lat' dir='ltr'><strong>ber-t</strong></span> <span class='ocrx_word' id='word_1_702' title='bbox 2218 4346 2484 4407; x_wconf 89' lang='lat' dir='ltr'><strong>centrum,</strong></span> <span class='ocrx_word' id='word_1_703' title='bbox 2513 4338 2609 4396; x_wconf 85' lang='lat' dir='ltr'><strong>sed</strong></span> <span class='ocrx_word' id='word_1_704' title='bbox 2653 4338 2868 4393; x_wconf 80' lang='lat' dir='ltr'><strong>absides</strong></span> <span class='ocrx_word' id='word_1_705' title='bbox 2909 4347 3036 4392; x_wconf 85' lang='lat' dir='ltr'><strong>sunt</strong></span> <span class='ocrx_word' id='word_1_706' title='bbox 3066 4348 3371 4400; x_wconf 84' lang='lat' dir='ltr'><strong>excentres.</strong></span> <span class='ocrx_word' id='word_1_707' title='bbox 3400 4340 3631 4398; x_wconf 77' lang='lat' dir='ltr'><strong>Absidea</strong></span> 
     </span>
    </p>
   </div>
   <div class='ocr_carea' id='block_1_104' title="bbox 2049 4430 3620 4503">
    <p class='ocr_par' dir='ltr' id='par_1_104' title="bbox 2049 4430 3620 4503">
     <span class='ocr_line' id='line_1_104' title="bbox 2049 4430 3620 4503; baseline 0.001 -14"><span class='ocrx_word' id='word_1_708' title='bbox 2049 4440 2175 4490; x_wconf 88' lang='lat' dir='ltr'><strong>sunt</strong></span> <span class='ocrx_word' id='word_1_709' title='bbox 2220 4432 2428 4499; x_wconf 91' lang='lat' dir='ltr'><strong>circuli,</strong></span> <span class='ocrx_word' id='word_1_710' title='bbox 2461 4430 2732 4501; x_wconf 84' lang='lat' dir='ltr'><strong>inquibus</strong></span> <span class='ocrx_word' id='word_1_711' title='bbox 2778 4439 2905 4485; x_wconf 89' lang='lat' dir='ltr'><strong>sunt</strong></span> <span class='ocrx_word' id='word_1_712' title='bbox 2935 4433 3200 4503; x_wconf 86' lang='lat' dir='ltr'><strong>spirarum</strong></span> <span class='ocrx_word' id='word_1_713' title='bbox 3250 4435 3501 4502; x_wconf 81' lang='lat' dir='ltr'><strong>divortia,</strong></span> <span class='ocrx_word' id='word_1_714' title='bbox 3530 4435 3620 4490; x_wconf 84' lang='lat' dir='ltr'><strong>ubi</strong></span> 
     </span>
    </p>
   </div>
   <div class='ocr_carea' id='block_1_105' title="bbox 2054 4523 3631 4594">
    <p class='ocr_par' dir='ltr' id='par_1_105' title="bbox 2054 4523 3631 4594">
     <span class='ocr_line' id='line_1_105' title="bbox 2054 4523 3631 4594; baseline 0.001 -12"><span class='ocrx_word' id='word_1_715' title='bbox 2054 4535 2306 4582; x_wconf 83' lang='lat' dir='ltr'><strong>notantur</strong></span> <span class='ocrx_word' id='word_1_716' title='bbox 2349 4526 2608 4582; x_wconf 79' lang='lat' dir='ltr'><strong>stationes</strong></span> <span class='ocrx_word' id='word_1_717' title='bbox 2653 4533 2707 4579; x_wconf 86' lang='lat' dir='ltr'><strong>et</strong></span> <span class='ocrx_word' id='word_1_718' title='bbox 2753 4523 3263 4594; x_wconf 80' lang='lat' dir='ltr'><strong>retrogradationcs.</strong></span> <span class='ocrx_word' id='word_1_719' title='bbox 3305 4524 3536 4580; x_wconf 83' lang='lat' dir='ltr'><strong>Absides</strong></span> <span class='ocrx_word' id='word_1_720' title='bbox 3575 4526 3631 4583; x_wconf 92' lang='lat' dir='ltr'><strong>in</strong></span> 
     </span>
    </p>
   </div>
   <div class='ocr_carea' id='block_1_106' title="bbox 2051 4614 3625 4691">
    <p class='ocr_par' dir='ltr' id='par_1_106' title="bbox 2051 4614 3625 4691">
     <span class='ocr_line' id='line_1_106' title="bbox 2051 4614 3625 4691; baseline -0.001 -17"><span class='ocrx_word' id='word_1_721' title='bbox 2051 4618 2367 4691; x_wconf 85' lang='lat' dir='ltr'><strong>quibusdam</strong></span> <span class='ocrx_word' id='word_1_722' title='bbox 2394 4617 2522 4671; x_wconf 89' lang='lat' dir='ltr'><strong>locis</strong></span> <span class='ocrx_word' id='word_1_723' title='bbox 2552 4624 2674 4670; x_wconf 87' lang='lat' dir='ltr'><strong>sunt</strong></span> <span class='ocrx_word' id='word_1_724' title='bbox 2698 4623 2854 4669; x_wconf 81' lang='lat' dir='ltr'><strong>terra:</strong></span> <span class='ocrx_word' id='word_1_725' title='bbox 2887 4614 3195 4680; x_wconf 73' lang='lat' dir='ltr'><strong>viciniores,</strong></span> <span class='ocrx_word' id='word_1_726' title='bbox 3228 4615 3280 4669; x_wconf 87' lang='lat' dir='ltr'><strong>in</strong></span> <span class='ocrx_word' id='word_1_727' title='bbox 3310 4615 3625 4684; x_wconf 85' lang='lat' dir='ltr'><strong>quibusdam</strong></span> 
     </span>
    </p>
   </div>
   <div class='ocr_carea' id='block_1_107' title="bbox 2054 4705 3633 4776">
    <p class='ocr_par' dir='ltr' id='par_1_107' title="bbox 2054 4705 3633 4776">
     <span class='ocr_line' id='line_1_107' title="bbox 2054 4705 3633 4776; baseline -0.004 -11"><span class='ocrx_word' id='word_1_728' title='bbox 2054 4713 2412 4765; x_wconf 87' lang='lat' dir='ltr'><strong>lirmamento.</strong></span> <span class='ocrx_word' id='word_1_729' title='bbox 2467 4707 2584 4776; x_wconf 83' lang='lat' dir='ltr'><strong>Ipsa</strong></span> <span class='ocrx_word' id='word_1_730' title='bbox 2633 4721 2851 4775; x_wconf 79' lang='lat' dir='ltr'><strong>vespera</strong></span> <span class='ocrx_word' id='word_1_731' title='bbox 2880 4706 3041 4759; x_wconf 87' lang='lat' dir='ltr'><strong>etiam</strong></span> <span class='ocrx_word' id='word_1_732' title='bbox 3093 4705 3358 4775; x_wconf 86' lang='lat' dir='ltr'><strong>quoddam</strong></span> <span class='ocrx_word' id='word_1_733' title='bbox 3407 4706 3633 4776; x_wconf 84' lang='lat' dir='ltr'><strong>spatium</strong></span> 
     </span>
    </p>
   </div>
   <div class='ocr_carea' id='block_1_108' title="bbox 2053 4801 3633 4876">
    <p class='ocr_par' dir='ltr' id='par_1_108' title="bbox 2053 4801 3633 4876">
     <span class='ocr_line' id='line_1_108' title="bbox 2053 4801 3633 4876; baseline -0.003 -12"><span class='ocrx_word' id='word_1_734' title='bbox 2053 4807 2364 4876; x_wconf 77' lang='lat' dir='ltr'><strong>contiguum</strong></span> <span class='ocrx_word' id='word_1_735' title='bbox 2400 4805 2605 4859; x_wconf 86' lang='lat' dir='ltr'><strong>habens</strong></span> <span class='ocrx_word' id='word_1_736' title='bbox 2648 4814 2755 4858; x_wconf 89' lang='lat' dir='ltr'><strong>tres</strong></span> <span class='ocrx_word' id='word_1_737' title='bbox 2781 4803 3171 4869; x_wconf 77' lang='lat' dir='ltr'><strong>dimensiones,</strong></span> <span class='ocrx_word' id='word_1_738' title='bbox 3200 4801 3438 4872; x_wconf 72' lang='lat' dir='ltr'><strong>longum,</strong></span> <span class='ocrx_word' id='word_1_739' title='bbox 3467 4802 3633 4860; x_wconf 87' lang='lat' dir='ltr'><strong>latum</strong></span> 
     </span>
    </p>
   </div>
   <div class='ocr_carea' id='block_1_109' title="bbox 2056 4894 3636 4968">
    <p class='ocr_par' dir='ltr' id='par_1_109' title="bbox 2056 4894 3636 4968">
     <span class='ocr_line' id='line_1_109' title="bbox 2056 4894 3636 4968; baseline -0.003 -9"><span class='ocrx_word' id='word_1_740' title='bbox 2056 4912 2112 4959; x_wconf 85' lang='lat' dir='ltr'><strong>et</strong></span> <span class='ocrx_word' id='word_1_741' title='bbox 2149 4900 2339 4956; x_wconf 88' lang='lat' dir='ltr'><strong>altum.</strong></span> <span class='ocrx_word' id='word_1_742' title='bbox 2392 4900 2525 4954; x_wconf 78' lang='lat' dir='ltr'><strong>Nota</strong></span> <span class='ocrx_word' id='word_1_743' title='bbox 2576 4897 2717 4968; x_wconf 84' lang='lat' dir='ltr'><strong>quod</strong></span> <span class='ocrx_word' id='word_1_744' title='bbox 2757 4896 2896 4951; x_wconf 88' lang='lat' dir='ltr'><strong>sicut</strong></span> <span class='ocrx_word' id='word_1_745' title='bbox 2941 4895 3112 4951; x_wconf 71' lang='lat' dir='ltr'><strong>stella:</strong></span> <span class='ocrx_word' id='word_1_746' title='bbox 3152 4894 3351 4950; x_wconf 89' lang='lat' dir='ltr'><strong>faciunt</strong></span> <span class='ocrx_word' id='word_1_747' title='bbox 3379 4895 3636 4954; x_wconf 73' lang='lat' dir='ltr'><strong>infractus</strong></span> 
     </span>
    </p>
   </div>
   <div class='ocr_carea' id='block_1_110' title="bbox 2057 4986 3594 5057">
    <p class='ocr_par' dir='ltr' id='par_1_110' title="bbox 2057 4986 3594 5057">
     <span class='ocr_line' id='line_1_110' title="bbox 2057 4986 3594 5057; baseline -0.003 -8"><span class='ocrx_word' id='word_1_748' title='bbox 2057 4994 2268 5051; x_wconf 82' lang='lat' dir='ltr'><strong>ratione</strong></span> <span class='ocrx_word' id='word_1_749' title='bbox 2296 4991 2613 5057; x_wconf 78' lang='lat' dir='ltr'><strong>latitudinis,</strong></span> <span class='ocrx_word' id='word_1_750' title='bbox 2639 4992 2709 5045; x_wconf 87' lang='lat' dir='ltr'><strong>ita</strong></span> <span class='ocrx_word' id='word_1_751' title='bbox 2741 4991 2942 5044; x_wconf 87' lang='lat' dir='ltr'><strong>faciunt</strong></span> <span class='ocrx_word' id='word_1_752' title='bbox 2968 4998 3022 5043; x_wconf 87' lang='lat' dir='ltr'><strong>et</strong></span> <span class='ocrx_word' id='word_1_753' title='bbox 3049 4986 3259 5043; x_wconf 87' lang='lat' dir='ltr'><strong>ratione</strong></span> <span class='ocrx_word' id='word_1_754' title='bbox 3284 4987 3594 5047; x_wconf 82' lang='lat' dir='ltr'><strong>altitudinis.</strong></span> 
     </span>
    </p>
   </div>
   <div class='ocr_carea' id='block_1_111' title="bbox 2498 5078 3191 5150">
    <p class='ocr_par' dir='ltr' id='par_1_111' title="bbox 2498 5078 3191 5150">
     <span class='ocr_line' id='line_1_111' title="bbox 2498 5078 3191 5150; baseline -0.003 -11"><span class='ocrx_word' id='word_1_755' title='bbox 2498 5083 2575 5139; x_wconf 76' lang='lat' dir='ltr'><strong>De</strong></span> <span class='ocrx_word' id='word_1_756' title='bbox 2610 5078 2821 5137; x_wconf 76' lang='lat' dir='ltr'><strong>diversis</strong></span> <span class='ocrx_word' id='word_1_757' title='bbox 2857 5081 3191 5150; x_wconf 72' lang='lat' dir='ltr'><strong>wquinoctiis.</strong></span> 
     </span>
    </p>
   </div>
   <div class='ocr_carea' id='block_1_112' title="bbox 2126 5170 3638 5247">
    <p class='ocr_par' dir='ltr' id='par_1_112' title="bbox 2126 5170 3638 5247">
     <span class='ocr_line' id='line_1_112' title="bbox 2126 5170 3638 5247; baseline -0.011 -13"><span class='ocrx_word' id='word_1_758' title='bbox 2126 5176 2184 5234; x_wconf 84' lang='lat' dir='ltr'><strong>Si</strong></span> <span class='ocrx_word' id='word_1_759' title='bbox 2210 5176 2303 5247; x_wconf 90' lang='lat' dir='ltr'><strong>qui</strong></span> <span class='ocrx_word' id='word_1_760' title='bbox 2329 5184 2450 5231; x_wconf 87' lang='lat' dir='ltr'><strong>sunt</strong></span> <span class='ocrx_word' id='word_1_761' title='bbox 2484 5175 2537 5228; x_wconf 92' lang='lat' dir='ltr'><strong>in</strong></span> <span class='ocrx_word' id='word_1_762' title='bbox 2569 5174 2749 5229; x_wconf 84' lang='lat' dir='ltr'><strong>medio</strong></span> <span class='ocrx_word' id='word_1_763' title='bbox 2794 5181 3049 5239; x_wconf 66' lang='lat' dir='ltr'><strong>perustae,</strong></span> <span class='ocrx_word' id='word_1_764' title='bbox 3102 5170 3242 5227; x_wconf 86' lang='lat' dir='ltr'><strong>idem</strong></span> <span class='ocrx_word' id='word_1_765' title='bbox 3290 5184 3505 5242; x_wconf 74' lang='lat' dir='ltr'><strong>scalper</strong></span> <span class='ocrx_word' id='word_1_766' title='bbox 3540 5170 3638 5227; x_wconf 69' lang='lat' dir='ltr'><strong>ha-</strong></span> 
     </span>
    </p>
   </div>
   <div class='ocr_carea' id='block_1_113' title="bbox 2058 5261 3638 5340">
    <p class='ocr_par' dir='ltr' id='par_1_113' title="bbox 2058 5261 3638 5340">
     <span class='ocr_line' id='line_1_113' title="bbox 2058 5261 3638 5340; baseline -0.004 -13"><span class='ocrx_word' id='word_1_767' title='bbox 2058 5271 2187 5327; x_wconf 87' lang='lat' dir='ltr'><strong>bent</strong></span> <span class='ocrx_word' id='word_1_768' title='bbox 2216 5266 2632 5340; x_wconf 70' lang='lat' dir='ltr'><strong>aequinoctium,</strong></span> <span class='ocrx_word' id='word_1_769' title='bbox 2675 5263 2795 5336; x_wconf 80' lang='lat' dir='ltr'><strong>quia</strong></span> <span class='ocrx_word' id='word_1_770' title='bbox 2842 5274 3100 5332; x_wconf 85' lang='lat' dir='ltr'><strong>utrosque</strong></span> <span class='ocrx_word' id='word_1_771' title='bbox 3154 5261 3306 5331; x_wconf 86' lang='lat' dir='ltr'><strong>polos</strong></span> <span class='ocrx_word' id='word_1_772' title='bbox 3353 5272 3409 5319; x_wconf 86' lang='lat' dir='ltr'><strong>et</strong></span> <span class='ocrx_word' id='word_1_773' title='bbox 3450 5278 3638 5321; x_wconf 82' lang='lat' dir='ltr'><strong>omnes</strong></span> 
     </span>
    </p>
   </div>
   <div class='ocr_carea' id='block_1_114' title="bbox 2060 5355 3640 5437">
    <p class='ocr_par' dir='ltr' id='par_1_114' title="bbox 2060 5355 3640 5437">
     <span class='ocr_line' id='line_1_114' title="bbox 2060 5355 3640 5437; baseline -0.005 -16"><span class='ocrx_word' id='word_1_774' title='bbox 2060 5361 2341 5437; x_wconf 82' lang='lat' dir='ltr'><strong>parallelos</strong></span> <span class='ocrx_word' id='word_1_775' title='bbox 2387 5373 2607 5431; x_wconf 84' lang='lat' dir='ltr'><strong>semper</strong></span> <span class='ocrx_word' id='word_1_776' title='bbox 2653 5358 2833 5413; x_wconf 86' lang='lat' dir='ltr'><strong>vident</strong></span> <span class='ocrx_word' id='word_1_777' title='bbox 2866 5355 3148 5422; x_wconf 88' lang='lat' dir='ltr'><strong>dimidios;</strong></span> <span class='ocrx_word' id='word_1_778' title='bbox 3188 5364 3245 5409; x_wconf 88' lang='lat' dir='ltr'><strong>et</strong></span> <span class='ocrx_word' id='word_1_779' title='bbox 3278 5356 3325 5411; x_wconf 85' lang='lat' dir='ltr'><strong>si</strong></span> <span class='ocrx_word' id='word_1_780' title='bbox 3375 5357 3463 5427; x_wconf 87' lang='lat' dir='ltr'><strong>qui</strong></span> <span class='ocrx_word' id='word_1_781' title='bbox 3515 5358 3640 5413; x_wconf 87' lang='lat' dir='ltr'><strong>inde</strong></span> 
     </span>
    </p>
   </div>
   <div class='ocr_carea' id='block_1_115' title="bbox 2061 5446 3638 5522">
    <p class='ocr_par' dir='ltr' id='par_1_115' title="bbox 2061 5446 3638 5522">
     <span class='ocr_line' id='line_1_115' title="bbox 2061 5446 3638 5522; baseline -0.006 -8"><span class='ocrx_word' id='word_1_782' title='bbox 2061 5464 2436 5522; x_wconf 84' lang='lat' dir='ltr'><strong>removentur,</strong></span> <span class='ocrx_word' id='word_1_783' title='bbox 2485 5452 2603 5507; x_wconf 88' lang='lat' dir='ltr'><strong>visu</strong></span> <span class='ocrx_word' id='word_1_784' title='bbox 2631 5450 2755 5505; x_wconf 88' lang='lat' dir='ltr'><strong>illos</strong></span> <span class='ocrx_word' id='word_1_785' title='bbox 2798 5463 2905 5503; x_wconf 88' lang='lat' dir='ltr'><strong>non</strong></span> <span class='ocrx_word' id='word_1_786' title='bbox 2933 5446 3267 5514; x_wconf 87' lang='lat' dir='ltr'><strong>dimidiatur,</strong></span> <span class='ocrx_word' id='word_1_787' title='bbox 3295 5447 3419 5503; x_wconf 85' lang='lat' dir='ltr'><strong>item</strong></span> <span class='ocrx_word' id='word_1_788' title='bbox 3463 5462 3638 5517; x_wconf 80' lang='lat' dir='ltr'><strong>neque</strong></span> 
     </span>
    </p>
   </div>
   <div class='ocr_carea' id='block_1_116' title="bbox 2060 5540 3639 5621">
    <p class='ocr_par' dir='ltr' id='par_1_116' title="bbox 2060 5540 3639 5621">
     <span class='ocr_line' id='line_1_116' title="bbox 2060 5540 3639 5621; baseline -0.015 -14"><span class='ocrx_word' id='word_1_789' title='bbox 2060 5548 2489 5621; x_wconf 70' lang='lat' dir='ltr'><strong>aequinoctialem</strong></span> <span class='ocrx_word' id='word_1_790' title='bbox 2536 5552 2685 5599; x_wconf 90' lang='lat' dir='ltr'><strong>recte</strong></span> <span class='ocrx_word' id='word_1_791' title='bbox 2724 5541 3022 5596; x_wconf 87' lang='lat' dir='ltr'><strong>dimidiaut.</strong></span> <span class='ocrx_word' id='word_1_792' title='bbox 3053 5540 3206 5610; x_wconf 70' lang='lat' dir='ltr'><strong>Quod</strong></span> <span class='ocrx_word' id='word_1_793' title='bbox 3256 5541 3301 5597; x_wconf 89' lang='lat' dir='ltr'><strong>si</strong></span> <span class='ocrx_word' id='word_1_794' title='bbox 3344 5550 3451 5606; x_wconf 77' lang='lat' dir='ltr'><strong>est.</strong></span> <span class='ocrx_word' id='word_1_795' title='bbox 3502 5556 3639 5596; x_wconf 75' lang='lat' dir='ltr'><strong>mm.</strong></span> 
     </span>
    </p>
   </div>
   <div class='ocr_carea' id='block_1_117' title="bbox 2061 5633 3637 5713">
    <p class='ocr_par' dir='ltr' id='par_1_117' title="bbox 2061 5633 3637 5713">
     <span class='ocr_line' id='line_1_117' title="bbox 2061 5633 3637 5713; baseline -0.008 -16"><span class='ocrx_word' id='word_1_796' title='bbox 2061 5659 2222 5713; x_wconf 82' lang='lat' dir='ltr'><strong>quam</strong></span> <span class='ocrx_word' id='word_1_797' title='bbox 2272 5639 2530 5695; x_wconf 83' lang='lat' dir='ltr'><strong>habemus</strong></span> <span class='ocrx_word' id='word_1_798' title='bbox 2570 5635 2968 5705; x_wconf 75' lang='lat' dir='ltr'><strong>mquinoctium.</strong></span> <span class='ocrx_word' id='word_1_799' title='bbox 3020 5633 3246 5691; x_wconf 86' lang='lat' dir='ltr'><strong>Solutio.</strong></span> <span class='ocrx_word' id='word_1_800' title='bbox 3279 5634 3465 5691; x_wconf 66' lang='lat' dir='ltr'><strong>Terrae</strong></span> <span class='ocrx_word' id='word_1_801' title='bbox 3510 5635 3637 5706; x_wconf 72' lang='lat' dir='ltr'><strong>glo—</strong></span> 
     </span>
    </p>
   </div>
   <div class='ocr_carea' id='block_1_118' title="bbox 2066 5724 3642 5797">
    <p class='ocr_par' dir='ltr' id='par_1_118' title="bbox 2066 5724 3642 5797">
     <span class='ocr_line' id='line_1_118' title="bbox 2066 5724 3642 5797; baseline -0.009 -6"><span class='ocrx_word' id='word_1_802' title='bbox 2066 5736 2262 5792; x_wconf 85' lang='lat' dir='ltr'><strong>bositas</strong></span> <span class='ocrx_word' id='word_1_803' title='bbox 2289 5741 2344 5789; x_wconf 89' lang='lat' dir='ltr'><strong>et</strong></span> <span class='ocrx_word' id='word_1_804' title='bbox 2388 5729 2707 5786; x_wconf 84' lang='lat' dir='ltr'><strong>firmamenti</strong></span> <span class='ocrx_word' id='word_1_805' title='bbox 2738 5728 3052 5797; x_wconf 76' lang='lat' dir='ltr'><strong>convexitas</strong></span> <span class='ocrx_word' id='word_1_806' title='bbox 3090 5725 3299 5782; x_wconf 86' lang='lat' dir='ltr'><strong>confert</strong></span> <span class='ocrx_word' id='word_1_807' title='bbox 3335 5724 3642 5781; x_wconf 70' lang='lat' dir='ltr'><strong>dimidiata-</strong></span> 
     </span>
    </p>
   </div>
   <div class='ocr_carea' id='block_1_119' title="bbox 2068 5813 3643 5894">
    <p class='ocr_par' dir='ltr' id='par_1_119' title="bbox 2068 5813 3643 5894">
     <span class='ocr_line' id='line_1_119' title="bbox 2068 5813 3643 5894; baseline -0.011 -11"><span class='ocrx_word' id='word_1_808' title='bbox 2068 5839 2173 5883; x_wconf 89' lang='lat' dir='ltr'><strong>tem</strong></span> <span class='ocrx_word' id='word_1_809' title='bbox 2223 5821 2614 5894; x_wconf 73' lang='lat' dir='ltr'><strong>mquinoctialis</strong></span> <span class='ocrx_word' id='word_1_810' title='bbox 2655 5820 2810 5877; x_wconf 76' lang='lat' dir='ltr'><strong>linem</strong></span> <span class='ocrx_word' id='word_1_811' title='bbox 2864 5833 3081 5890; x_wconf 82' lang='lat' dir='ltr'><strong>semper</strong></span> <span class='ocrx_word' id='word_1_812' title='bbox 3132 5818 3303 5875; x_wconf 81' lang='lat' dir='ltr'><strong>videri</strong></span> <span class='ocrx_word' id='word_1_813' title='bbox 3359 5813 3643 5874; x_wconf 71' lang='lat' dir='ltr'><strong>cuiuslibet</strong></span> 
     </span>
    </p>
   </div>
  </div>
