4098 6208
539 371 648 429 899

980 362 1212 429 ΒΕῙῘΛΞ
1253 365 1704 426 VENERABlLlS
1739 362 1890 423 OPP.
1935 357 2112 420 PARS

2240 357 2434 417 SEC‘I‘.
2473 359 2542 417 li.
2579 389 2649 402 -
2677 359 2887 420 ουΒιΑ
2924 359 3014 420 ΕΤ
3050 361 3324 423 SPUlllA.

3705 366 3810 429 900

547 483 825 557 positionis
854 481 1188 550 hominibus,
1233 483 1335 540 nisi
1384 481 1517 540 solis
1566 481 1652 536 his
1694 478 1785 551 qui
1837 479 1940 535 sub
1985 476 2124 549 polis
2153 475 2200 533 Δ
2230 472 2355 528 luna
2386 474 2523 530 ultra
2554 475 2706 544 illos;
2738 477 2834 534 serl
2867 479 3140 548 falluntur,
3169 495 3346 555 neque
3368 481 3511 540 enim
3545 492 3696 542 recte
3720 499 3812 542 vo-

545 587 696 635 recte
735 575 1009 640 habitant;
1038 572 1114 630 illi
1160 575 1303 632 enim
1350 582 1516 631 totam
1547 572 1733 629 vident
1777 569 2132 643 cquinoctiao

545 671 655 731 lout
691 669 748 728 in
773 685 877 728 atto
901 669 1212 739 horizonte,
1242 668 1550 740 habentque
1598 668 1762 722 etiam
1812 665 1920 722 hoc
1967 662 2132 720 modo

545 760 944 833 aquinoctium,
975 761 1116 832 quod
1145 775 1247 819 sex
1287 762 1463 832 signa,
1495 758 1548 815 id
1582 765 1687 826 est,
1737 755 1990 813 dimidius
2033 768 2136 810 an-

547 869 650 911 nus
680 852 910 929 oonfert,
937 854 1023 910 vel
1053 854 1198 911 diem
1224 853 1565 916 continuum,
1611 859 1665 904 et
1693 864 1787 904 sex
1818 848 1968 917 signa
2001 845 2128 902 reli-

541 959 670 1018 qua,
706 943 759 1004 id
788 949 894 1012 est,
918 943 1176 1002 dimidius
1203 957 1378 1000 anuus
1408 942 1718 998 continuam
1747 946 1988 996 noctem.

1046 1035 1152 1090 Cur
1187 1031 1350 1114 stella;
1386 1035 1644 1090 uidentur.

617 1131 747 1188 Sole
788 1129 1089 1195 occidente,
1121 1144 1243 1186 cum
1291 1127 1502 1185 decima
1545 1127 1729 1198 quinta
1758 1138 1971 1196 quoque
1995 1137 2131 1195 pars

541 1225 686 1298 signi
715 1225 971 1282 occiderit
997 1234 1118 1296 post
1149 1225 1321 1291 illum,
1349 1223 1460 1294 jam
1488 1233 1667 1279 tamen
1715 1221 1797 1278 sol
1825 1219 2130 1287 descendit,

543 1318 639 1386 qui
667 1328 728 1374 ut
750 1317 888 1376 bona
933 1328 1094 1374 terrae
1135 1317 1268 1388 erigi
1316 1318 1528 1388 incipit,
1573 1318 1728 1389 cujus
1755 1315 1925 1388 gratia
1974 1316 2130 1388 signa

544 1408 822 1478 videmus;
848 1409 939 1481 qui
988 1408 1094 1463 nisi
1139 1417 1347 1476 essent,
1379 1423 1654 1479 nunquam
1698 1409 1882 1464 stellas
1920 1407 2135 1463 videre-

543 1518 689 1570 mus,
720 1503 850 1559 solis
894 1503 1095 1558 lumine
1125 1503 1321 1558 diurno
1356 1503 1542 1559 oculos
1587 1502 1936 1571 impediente.
1966 1499 2135 1556 Nocte

546 1608 726 1654 autem
757 1596 889 1651 illud
917 1597 1073 1651 nobis
1103 1597 1394 1666 subtrahit,
1427 1611 1527 1653 nec
1550 1606 1727 1651 tamen
1759 1609 1826 1652 eo
1865 1593 2047 1650 minus
2075 1593 2130 1650 in

548 1692 733 1747 stellas
760 1701 814 1746 ct
841 1690 1120 1760 superiora
1149 1690 1351 1762 dirigit.

2235 573 2362 622 cant
2388 566 2667 624 Orientem
2695 572 2778 626 vel
2802 570 3174 632 Occidentem.

2591 658 2673 716 De
2705 663 2831 718 solis
2867 680 3112 734 equorum
3149 669 3460 727 nominibus.

2302 749 2412 808 ενι
2441 753 2740 810 secundum
2767 764 2955 826 poetas
2984 755 3182 815 dicitur
3210 760 3266 815 in
3296 776 3454 818 curru
3491 762 3614 819 vehi
3659 780 3814 836 quem

2233 847 2454 903 trahunt
2482 848 2630 918 equi,
2660 863 2893 919 quom
2942 851 3060 908 haec
3095 862 3224 908 sunt
3252 857 3493 921 nomina,
3527 859 3816 916 secundum

2235 937 2594 1011 Fulgentium.
2643 941 2873 1012 Primus,
2902 944 3182 1018 Erythras,
3226 946 3284 1003 id
3307 959 3413 1017 est,
3445 949 3668 1019 rubens,
3697 955 3818 1024 quia

2232 1044 2395 1086 tuane
2418 1031 2500 1088 sol
2531 1033 2710 1090 rubet.
2741 1033 3026 1091 Secundus
3051 1038 3279 1107 Acteon,
3296 1039 3352 1096 id
3381 1051 3484 1110 est,
3512 1041 3816 1113 splendens,

2234 1125 2361 1196 quia
2391 1128 2536 1184 circa
2578 1129 2792 1186 tertiam
2841 1130 3040 1188 clarius
3088 1133 3516 1201 lucet.,'l'ertius
3565 1135 3818 1208 Lampon,

2235 1219 2286 1274 id
2313 1230 2418 1287 est,
2451 1222 2686 1290 ardens;
2735 1239 2857 1280 nam
2903 1225 2956 1280 in
3007 1227 3232 1284 meridie
3277 1238 3362 1284 est
3407 1227 3802 1288 fervidissimua

2233 1311 2468 1380 Quartus
2497 1315 2768 1388 Pbiloges,
2801 1317 2852 1373 id
2881 1327 2990 1387 est,
3028 1334 3222 1376 amans
3253 1333 3487 1392 terram;
3521 1340 3647 1381 nam
3675 1327 3821 1385 nobis

2235 1405 2536 1466 occidendo
2577 1410 2787 1467 videtur
2821 1413 3168 1483 appropiare.
3220 1414 3328 1471 Sed
3357 1416 3658 1473 secundum
3704 1419 3821 1476 Ovi-

2233 1497 2380 1584 dium
2410 1500 2576 1559 habet
2608 1500 2713 1559 alia
2743 1501 2863 1560 haec
2905 1505 3122 1561 nomina
3157 1525 3172 1562 :
3205 1490 3368 1576 Eous,
3401 1509 3453 1565 id
3482 1519 3591 1580 est,
3624 1512 3822 1584 oriens,

2233 1576 2599 1675 ,velfsurgens.
2643 1593 2871 1663 Ethen,
2917 1596 2969 1652 id
2997 1606 3103 1663 est.
3147 1599 3342 1657 elatus.
3393 1576 3608 1674 Pyrois,
3637 1605 3688 1661 id
3717 1576 3815 1676 est,

2239 1687 2466 1759 igneus:
2491 1686 2754 1760 Phlegon,
2789 1690 2840 1745 id
2883 1700 2984 1755 est.
3018 1693 3259 1760 acclivis,
3288 1696 3410 1766 quia
3458 1697 3693 1767 primum
3737 1700 3814 1758 sol

534 1811 537 1814 -
619 1782 1068 1854 Philosophorum
1098 1783 1364 1842 sententia
1413 1791 1518 1851 est,
1547 1783 1693 1856 quod
1721 1780 1916 1839 animm
1946 1781 2134 1838 soluts
2171 1856 2191 1858 ξ
2234 1780 2427 1849 surgit.
2452 1778 2649 1836 dehinc
2677 1781 2940 1849 elevatur,
2981 1793 3168 1858 postea
3201 1784 3392 1856 fervet,
3427 1790 3480 1844 in
3514 1791 3622 1848 line
3648 1803 3816 1850 autem

545 1892 576 1929 a
607 1892 838 1949 corpore
879 1880 1066 1946 velint,
1105 1879 1306 1936 debent
1350 1887 1408 1936 et
1453 1881 1662 1949 possint
1713 1877 2128 1949 reincorporari.
2168 1856 2209 1916 θ
2237 1869 2341 1925 αἰεί
2371 1869 2663 1928 inclinatur
2688 1873 2754 1928 ad
2783 1856 3057 1930 occasum.

548 1968 747 2037 \‘elint,
785 1969 930 2039 quia,
963 1980 1148 2040 potato
1184 1970 1428 2038 Lethaeo,
1459 1971 1638 2028 oblita:
1670 1980 1794 2025 sunt
1822 1971 2126 2040 prretcrito-

546 2078 693 2129 rum,
719 2063 1072 2136 videntesqne
1098 2064 1378 2136 praemium
1402 2066 1506 2122 sibi
1538 2067 1895 2138 propositum,
1919 2067 1963 2120 si
1993 2064 2131 2121 bene

542 2156 846 2211 meruerint
886 2155 940 2212 in
973 2171 1220 2227 corpore,
1255 2158 1566 2215 desiderant
1616 2158 1968 2228 incorporari.
2003 2156 2133 2214 Pos-

544 2258 691 2313 sunt,
720 2250 842 2317 quia
870 2257 998 2307 sunt
1043 2250 1403 2312 immortales.
1451 2251 1660 2310 Debent
1689 2267 1788 2324 per
1832 2253 2129 2309 necessita-

545 2351 679 2410 tem,
709 2343 832 2413 quia
863 2359 986 2401 cum
1014 2344 1255 2414 quotidie
1281 2361 1418 2403 nova
1447 2357 1704 2403 creentur
1728 2361 1981 2418 corpora,
2015 2346 2132 2403 aui-

543 2449 650 2488 πω
676 2448 804 2490 vero
831 2435 998 2491 semel
1023 2434 1142 2508 jam
1189 2435 1260 2492 ab
1305 2436 1517 2509 origine
1543 2452 1732 2495 omnes
1758 2447 1955 2496 creatze
1983 2444 2128 2494 sunt.

543 2525 781 2585 Necesse
807 2537 893 2586 est
927 2543 1052 2586 vero
1081 2545 1202 2603 qum
1232 2531 1380 2601 prius
1411 2540 1569 2590 erant
1597 2532 1956 2605 incorporate
1987 2533 2132 2590 rein-

543 2630 920 2693 cnrporentur.
947 2622 1052 2678 Sed
1081 2638 1203 2679 cum
1236 2624 1339 2681 hoc
1363 2623 1559 2683 debeat
1586 2623 1776 2682 Encas
1805 2625 1967 2700 (teste
2005 2623 2132 2683 Vir-

541 2709 696 2782 gilio)
725 2723 875 2782 pater
899 2713 1158 2772 Anchises
1187 2716 1493 2786 ostendere,
1531 2717 1695 2774 altius
1738 2716 1948 2790 incipit,
1980 2716 2129 2774 scili-

541 2813 654 2870 cet,
682 2807 750 2864 ab
777 2806 866 2862 illo
905 2810 1046 2880 quod
1077 2808 1252 2868 Graeci
1287 2809 1500 2884 Topan,
1545 2810 1599 2868 id
1646 2821 1750 2882 est,
1777 2810 1998 2878 Totum,
2027 2829 2127 2868 vo-

543 2907 692 2964 cant,
726 2900 869 2970 quod
898 2901 997 2957 sub
1025 2902 1276 2972 quinario
1304 2901 1616 2962 includitur.
1648 2902 1786 2962 Sunt
1823 2903 1969 2960 enim
1998 2919 2130 2974 qua-

548 2998 672 3043 tuor
719 2990 983 3047 elementa
1010 3033 1027 3059 ,
1074 2992 1245 3065 ignis,
1294 3007 1409 3060 aer,
1461 3008 1620 3065 aqua,
1669 3004 1833 3060 terra,
1862 3000 1918 3048 ct
1964 2993 2125 3051 Deus.

547 3079 780 3138 Mundus
803 3083 945 3138 enim
975 3099 1080 3140 non
1106 3092 1282 3157 potest
1311 3093 1480 3141 totum
1512 3086 1717 3156 vocari,
1757 3085 1860 3142 nisi
1887 3086 2035 3158 prius
2073 3085 2126 3142 ei

544 3173 726 3234 infuso
764 3176 946 3235 divino
991 3175 1206 3250 spiritu,
1254 3195 1415 3250 quem
1460 3180 1695 3236 animam
1744 3194 2019 3237 vocamus.
2045 3179 2123 3235 Es

540 3267 822 3326 clementis
849 3269 994 3326 enim
1043 3279 1098 3328 et
1150 3271 1328 3328 anima
1373 3259 1487 3328 illis
1527 3270 1729 3344 infusa,
1776 3282 2129 3342 procreantur

537 3364 740 3420 omnia.
791 3362 946 3422 Unde
993 3379 1114 3420 cum
1164 3363 1438 3436 duplicem
1492 3373 1737 3422 naturam
1787 3363 2122 3436 habeamus.

540 3453 831 3511 videndum
872 3463 955 3512 cst
997 3455 1139 3529 quod
1181 3455 1252 3512 ab
1275 3455 1547 3514 alimentis
1585 3455 1982 3529 quodammodo
2008 3469 2124 3513 sor.

537 3548 759 3607 tlsmur.
791 3549 1271 3620 Depreltenderunt
1311 3549 1455 3607 enim
1499 3547 1807 3622 philosophi
1835 3550 1976 3621 quod
2014 3550 2126 3623 spi-

538 3642 702 3700 ritum
730 3659 762 3700 a
805 3643 918 3701 Deo
945 3643 1365 3718 accepissemus,
1395 3646 1520 3718 quia
1551 3645 1667 3718 ipse
1695 3657 1778 3702 est
1806 3645 2121 3714 invisibilis;

538 3740 682 3795 unde
724 3750 911 3796 auctor
949 3753 1190 3798 summus
1240 3739 1404 3808 Deus,
1437 3755 1467 3796 a
1513 3756 1619 3812 quo
1650 3739 1800 3797 ducit
1840 3739 2122 3810 originem,

541 3846 736 3900 corpus
763 3840 946 3890 autem
973 3833 1043 3892 ab
1063 3835 1368 3901 elementis,
1399 3835 1522 3906 quia
1553 3833 1692 3890 sicut
1716 3834 1979 3891 elementa
2001 3841 2126 3891 sunt

539 3923 792 3995 visibilis,
816 3927 894 3983 sic
921 3937 975 3984 ct
995 3941 1221 4000 corpora
1253 3937 1462 3995 nostra,
1491 3936 1545 3983 et
1574 3927 1713 3983 sicut
1741 3927 1829 3983 illa
1875 3926 1946 3984 de
1983 3935 2124 3982 statu

543 4018 597 4072 in
625 4026 821 4074 stutum
847 4030 1126 4077 mutantur
1149 4036 1242 4090 per
1264 4020 1662 4076 eontestionem
1689 4028 1743 4075 et
1765 4020 2126 4076 recontestio-

543 4123 668 4164 nem
699 4109 801 4175 sui,
833 4109 913 4163 sic
939 4124 1164 4179 corpora
1214 4120 1399 4165 nostra
1440 4108 1670 4167 diversis
1712 4109 1887 4168 modis
1913 4109 2124 4166 varian-

547 4212 652 4257 tur.
683 4201 838 4272 ltem,
871 4203 1049 4259 anima
1080 4204 1354 4261 rationalis
1391 4214 1496 4272 est,
1529 4215 1586 4262 ut
1616 4207 1757 4264 Deus
1786 4224 1817 4263 a
1848 4222 1955 4277 quo
1982 4207 2128 4264 ducit

540 4294 825 4366 originem.
853 4296 1062 4367 Corpus
1089 4307 1268 4354 autem
1300 4298 1690 4368 irrationabile,
1725 4301 1866 4356 sicut
1912 4309 1967 4357 et
2007 4302 2125 4357 ele-

541 4395 719 4440 menta
743 4386 965 4457 absque,
991 4389 1186 4446 animm
1214 4390 1496 4448 beneficio.
1517 4393 1670 4459 Item,
1690 4391 1866 4446 anima
1896 4392 2126 4461 simplex

543 4485 600 4532 et
622 4479 949 4536 iuvarialtilis
970 4489 1056 4539 est
1076 4482 1129 4538 in
1160 4482 1244 4539 sui
1273 4494 1486 4551 natura,
1509 4493 1568 4540 ut
1597 4495 1785 4542 auctor
1804 4500 1956 4552 suus,
1985 4486 2128 4541 unde

2743 1965 2822 2024 De
2857 1970 3026 2026 animo
3065 1970 3314 2030 humana.

2305 2057 2405 2126 Qui
2430 2068 2609 2116 autem
2641 2071 2889 2117 asserunt
2913 2064 3118 2120 animas
3148 2081 3272 2123 esse
3299 2068 3366 2124 ab
3396 2069 3610 2142 origine
3640 2074 3811 2131 mundi

2235 2160 2468 2218 creatas,
2512 2154 2697 2210 dicunt
2723 2154 2843 2210 illas
2872 2170 2994 2213 esse
3021 2156 3151 2214 sitas
3177 2159 3232 2214 in
3258 2164 3607 2233 comparibus
3635 2167 3814 2230 stellis.

2237 2252 2294 2298 nt
2343 2245 2618 2302 discerent
2672 2247 3047 2305 rationabilem
3103 2261 3308 2309 motum
3367 2256 3718 2325 firmamenti,
3766 2269 3815 2315 ut

2234 2351 2356 2391 cum
2385 2351 2482 2406 spe
2507 2346 2565 2391 et
2591 2337 2863 2394 desiderio
2891 2352 3115 2396 summa:
3143 2341 3490 2402 beatitudinis
3513 2346 3674 2404 etiam
3705 2365 3814 2406 cor-

2236 2441 2572 2498 porareutur,
2603 2433 2895 2488 secundum
2925 2445 3130 2489 motum
3179 2434 3504 2496 firmamenti
3533 2440 3815 2498 rationabi-

2235 2521 2359 2578 liter
2387 2533 2635 2594 regerent
2655 2538 2902 2596 corpora.
2939 2524 3050 2581 Illic
3081 2537 3261 2583 autem
3286 2531 3496 2600 positrc,
3527 2534 3811 2604 plenariam

2236 2614 2434 2673 habent
2470 2617 2830 2688 cognitionem
2876 2620 3245 2698 pra-sentiunt,
3300 2626 3719 2691 prateritorutn,
3764 2635 3814 2684 et

2232 2706 2558 2776 futurorum,
2588 2725 2819 2780 cumque
2851 2710 2954 2766 illis
2989 2711 3242 2768 subvenit
3266 2713 3600 2771 desiderium
3649 2717 3816 2773 incor-

2233 2802 2476 2872 porandi,
2510 2804 2692 2859 statim
2724 2803 2985 2874 incipiunt
3010 2805 3241 2874 gravari,
3275 2816 3329 2862 et
3376 2822 3568 2864 versus
3597 2823 3810 2881 corpora

2233 2895 2442 2952 deduci.
2492 2896 2588 2952 Est
2615 2905 2793 2953 autem
2823 2895 2930 2953 illis
2960 2898 3252 2955 descensus
3280 2915 3308 2954 a
3336 2900 3549 2957 Cancro
3587 2902 3726 2960 sicut
3760 2912 3812 2959 et

2195 2977 2201 2985 ’
2231 3002 2510 3053 ascensus,
2543 3004 2639 3057 per
2664 2988 3043 3059 Capriconum,
3074 3000 3129 3047 et
3154 2989 3562 3050 descendendo
3587 3008 3682 3065 per
3702 3009 3814 3053 crae

2233 3093 2400 3139 teram
2432 3084 2625 3141 Bacchi
2658 3085 2907 3156 primam.
2940 3085 3012 3142 ibi
3043 3095 3229 3157 potant
3254 3087 3588 3145 oblivionem
3624 3086 3812 3160 prioris

2230 3184 2400 3232 status
2445 3176 2550 3246 sui,
2598 3184 2655 3234 et
2703 3176 2829 3233 inde
2876 3176 3179 3235 labentibus
3224 3177 3522 3235 obvcuiunt
3573 3179 3809 3252 quaedam

2230 3267 2483 3325 arthcrcze
2512 3277 2569 3326 et
2595 3269 2755 3325 aeria:
2797 3268 3193 3337 obvolutiones,
3236 3281 3290 3326 et
3333 3271 3590 3327 hauriunt
3617 3271 3805 3344 aliquid

2228 3363 2284 3420 in
2313 3364 2541 3435 singulis
2565 3363 2815 3436 sphaeris,
2845 3372 2900 3418 ut
2939 3363 2993 3420 in
3036 3365 3204 3435 prima
3234 3365 3452 3422 Saturni
3493 3364 3804 3422 eorrelatio-

2226 3471 2371 3522 nem,
2403 3455 2454 3510 id
2499 3464 2604 3523 est,
2654 3455 2912 3512 similium
2959 3456 3353 3523 collectionem.
3408 3467 3465 3513 ut
3507 3473 3611 3530 per
3654 3472 3809 3516 unum

2225 3547 2402 3606 simile
2430 3546 2567 3604 sciat
2593 3547 2740 3605 aliud
2779 3548 3104 3619 approbare,
3139 3558 3195 3605 ttt
3237 3551 3285 3607 si
3317 3551 3474 3608 velim
3502 3553 3686 3609 album
3714 3551 3806 3607 ali.

2224 3639 2354 3713 quid
2403 3640 2714 3708 ostendere,
2749 3642 2930 3700 dicam
2978 3642 3151 3701 albius
3195 3654 3284 3701 est
3328 3644 3472 3701 nive.
3520 3645 3806 3717 Torporem

2225 3735 2386 3790 etiam
2415 3733 2702 3805 quemdam
2730 3733 2803 3791 ibi
2831 3735 3048 3806 accipit,
3083 3735 3136 3790 in
3163 3733 3295 3792 Jove
3323 3737 3611 3793 scientiam
3643 3747 3696 3794 et
3720 3736 3808 3791 de-

2225 3826 2480 3883 siderium
2529 3828 2813 3898 regnandi,
2867 3829 3095 3900 aliisque
3144 3830 3458 3900 imperandi.
3513 3829 3575 3888 In
3625 3831 3800 3896 Marte.

2226 3919 2624 3978 animositatem
2681 3923 2930 3991 ardoris;
2977 3923 3031 3978 in
3084 3925 3225 3993 sole,
3266 3926 3373 3980 vim
3404 3925 3676 3984 sentiendi
3719 3942 3807 4000 per

2227 4015 2460 4086 quinque
2507 4029 2727 4081 sensus;
2777 4014 2828 4070 in
2863 4015 3092 4083 Venere,
3136 4017 3480 4088 cupiditatem
3539 4020 3801 4088 fervoris;

2228 4107 2282 4163 in
2313 4109 2500 4175 Marte,
2534 4108 2641 4162 vim
2672 4108 3009 4175 disserendi;
3060 4111 3112 4163 in
3160 4108 3308 4175 luna,
3346 4111 3452 4166 vim
3482 4112 3712 4184 augendi
3753 4122 3805 4168 et

2228 4202 2524 4257 minuendi.
2551 4200 2754 4257 Horttm
2783 4217 2996 4273 quoque
3021 4203 3262 4259 omnium
3314 4203 3386 4259 ibi
3415 4206 3612 4277 accipit
3638 4204 3807 4262 anima

2229 4295 2336 4349 vim
2390 4303 2446 4350 et
2496 4295 2805 4360 scientiam,
2835 4309 3064 4362 quorum
3115 4306 3292 4350 tamen
3341 4296 3658 4352 exercitium
3705 4311 3801 4350 non

2227 4385 2338 4457 agit
2364 4396 2489 4440 ante
2515 4386 2693 4443 carnis
2718 4386 3157 4453 obrolutionem;
3191 4397 3308 4456 post
3339 4389 3680 4459 planetarum
3715 4389 3804 4443 ob-

2229 4479 2533 4537 volutiones
2563 4481 2616 4538 in
2660 4478 2900 4537 inferiori
2952 4497 3078 4539 aere
3110 4481 3267 4538 variis
3300 4482 3614 4540 tumultibus
3642 4483 3803 4555 pulsa-

543 4573 703 4627 etiam
734 4583 918 4630 servat
962 4577 1341 4646 aeternitatem,
1388 4593 1585 4648 corpus
1635 4588 1812 4635 autem
1857 4580 2125 4650 composiv

2233 4581 2339 4638 tur,
2370 4573 2602 4640 scilicet,
2647 4573 2987 4642 grandinum,
3036 4575 3262 4640 nivium,
3313 4573 3636 4645 pluviarum,
3684 4586 3803 4628 νειμ

543 4671 654 4721 tum
703 4672 759 4721 et
799 4666 1164 4737 corruptibile.
1210 4666 1362 4722 Circa
1397 4667 1511 4724 btec
1542 4668 1685 4724 enim
1726 4677 1972 4724 versatur
2016 4672 2128 4725 An-
2235 4673 2431 4734 torum,
2454 4676 2505 4722 et
2534 4665 2751 4722 tandem
2785 4667 3018 4722 tenebris
3045 4667 3291 4737 corporis
3314 4666 3638 4732 obvolvitur,
3663 4667 3805 4723 nihil.

542 4759 706 4814 chisa:
752 4758 996 4835 intentio,
1031 4769 1084 4813 ut
1114 4758 1411 4816 animarum
1444 4759 1822 4816 immortalitas
1869 4761 2125 4816 ostenda-

542 4862 646 4909 tur.
679 4852 759 4908 Acl
791 4853 931 4920 quod
980 4855 1102 4924 quia
1133 4855 1359 4909 diversa:
1407 4864 1692 4910 occurrunt
1739 4856 2129 4925 Oppositiones,

541 4944 754 5001 videndi
799 4954 923 5000 sunt
969 4944 1165 4999 diversi
1195 4946 1634 5015 philosttphoruut
1665 4959 1900 5010 errores,
1933 4961 2127 5000 omnes

541 5037 705 5104 enim,
747 5037 842 5094 sed
872 5053 978 5091 tton
1005 5037 1195 5094 eodem
1243 5038 1402 5093 modo
1428 5037 1698 5094 errabant.
1729 5038 1955 5107 Quidam
1983 5039 2127 5094 enim

542 5129 791 5185 dicebant
827 5131 1032 5186 animas
1074 5142 1282 5188 creatas
1328 5145 1450 5187 esse
1490 5131 1559 5185 ab
1593 5133 1802 5204 origine
1839 5132 2045 5200 mundi,
2074 5140 2132 5188 et

546 5222 751 5292 positas
778 5222 830 5278 in
853 5237 1137 5294 compares
1181 5224 1365 5280 stellas
1418 5235 1670 5294 tanquam
1699 5225 1750 5278 in
1778 5225 2046 5290 vehicula,
2073 5236 2130 5280 ut

547 5315 814 5374 discerent
842 5319 1214 5376 rationabilem
1247 5328 1447 5374 motum
1471 5318 1814 5374 ﬁrmamenti.
1840 5318 1942 5374 Alii
1970 5334 2128 5374 uuam

552 5415 754 5466 tantum
785 5423 904 5467 esse
946 5411 1270 5468 mundanam
1311 5413 1570 5479 animam,
1602 5427 1722 5482 qua
1753 5413 1929 5466 omnia
1979 5428 2129 5467 cont-

549 5501 676 5571 plet,
723 5503 900 5558 omnia
953 5512 1220 5573 penetrat,
1274 5506 1454 5560 omnia
1485 5504 1737 5561 vivificat.
1782 5506 1888 5562 Alii
1937 5517 2132 5578 praeter

545 5596 869 5651 mundanam
901 5611 1024 5653 esse
1054 5597 1340 5656 humanas.

623 5687 850 5744 Videtur
896 5689 1162 5761 aliquibus
1214 5691 1332 5745 sole
1379 5691 1557 5760 posito
1603 5689 1658 5744 in
1713 5688 1940 5760 Cancro,
1989 5691 2129 5762 quod

552 5779 688 5835 ultra
721 5780 842 5836 illos
870 5781 948 5836 sol
979 5779 1223 5846 occidat;
1253 5781 1334 5837 sic
1363 5789 1419 5838 et
1456 5781 1525 5836 de
1570 5781 1716 5850 luna,
1747 5795 1868 5838 eum
1915 5782 1966 5838 in
1995 5782 2134 5838 Can-

545 5888 642 5931 cro
672 5872 839 5931 fertur
869 5874 921 5930 in
953 5887 1230 5938 occasum,
1269 5874 1408 5942 quod
1453 5890 1518 5929 ex
1557 5875 1655 5929 hac
1703 5882 1854 5946 parte
1899 5874 2037 5931 sicut
2077 5884 2133 5931 et

2230 4774 2333 4829 quc
2363 4759 2616 4813 sciturum
2649 4758 2982 4826 recordatur,
3007 4759 3142 4813 adeo
3174 4759 3372 4829 irrigua
3401 4760 3543 4815 mole
3571 4757 3801 4830 corporis

2229 4861 2502 4923 gravatur,
2538 4852 2677 4923 quod
2709 4861 2853 4920 patet
2882 4852 2933 4907 iu
2977 4853 3198 4907 stultitia
3235 4869 3544 4922 puerorum,
3576 4855 3661 4922 qui
3691 4865 3801 4906 car-

2233 4946 2371 5000 bone
2404 4945 2616 5000 lucente
2646 4944 2758 4998 lmsi
2789 4945 3151 5014 decipiuntur.
3185 4946 3456 5014 Quaeritur
3481 4946 3550 5002 de
3595 4944 3798 5000 nhvoluo

2232 5037 2466 5092 tionibus
2490 5036 2732 5103 aetheris,
2777 5053 2844 5091 an
2893 5037 3001 5092 illis
3043 5039 3459 5110 incorporentnr
3504 5040 3713 5105 animm,
3741 5053 3798 5091 att

2232 5144 2374 5194 non;
2423 5136 2479 5183 et
2525 5127 2713 5184 dicunt
2751 5126 2968 5200 quidam
3019 5128 3162 5198 quod
3213 5130 3322 5184 illis
3383 5131 3800 5199 incorporeutur,

2231 5221 2445 5292 quidam
2493 5221 2634 5289 quod
2683 5236 2812 5276 non.
2864 5220 2966 5288 Qui
3011 5231 3189 5276 autem
3221 5221 3409 5278 dicunt
3437 5237 3528 5277 eas
3557 5221 3661 5278 illis
3705 5232 3800 5274 not

2233 5313 2580 5383 incorporari,
2614 5322 2864 5368 asserunt
2893 5311 3036 5380 quod
3069 5313 3121 5367 in
3154 5312 3264 5368 illis
3309 5322 3515 5367 tantum
3553 5313 3800 5368 obscure-

2235 5419 2318 5463 tur
2342 5423 2523 5462 corum
2555 5407 2798 5473 claritas,
2827 5416 2884 5461 ut
2910 5405 3086 5478 imago
3113 5407 3182 5462 de
3215 5403 3383 5463 fumo.
3415 5406 3640 5476 Quidam
3679 5417 3796 5460 vero

2234 5509 2479 5554 asserunt
2524 5513 2616 5553 eas
2658 5498 2766 5552 illis
2813 5500 2952 5554 uniri
2992 5507 3047 5554 et
3094 5498 3448 5568 incorporari.
3498 5499 3644 5568 quia,
3674 5503 3798 5552 teste

2242 5591 2535 5658 llacrrtbio,
2567 5591 2761 5647 anima:
2808 5591 3097 5647 redeuntes
3141 5606 3174 5647 a
3221 5605 3450 5663 corpore
3477 5590 3688 5648 easdem
3713 5586 3800 5642 ob-

2238 5684 2536 5740 volutiones
2585 5668 2710 5739 illuc
2739 5683 3024 5751 reducunt,
3067 5682 3210 5740 unde
3239 5683 3360 5740 illas
3386 5683 3794 5754 assumpserunt.

2239 5778 2392 5835 Unde
2420 5778 2576 5832 datur
2605 5775 2828 5848 intelligi
2864 5778 3005 5850 quod
3034 5776 3155 5833 illas
3179 5792 3367 5834 secum
3390 5777 3446 5834 in
3471 5790 3687 5848 corpora
3713 5769 3800 5826 de-

2237 5873 2519 5938 duxerant,
2552 5869 2673 5925 ideo
2705 5870 2810 5925 illis
2840 5873 3032 5928 anima:
3061 5871 3415 5943 incorporate
3451 5871 3672 5928 fuerant.
3700 5865 3791 5922 Ob-
