4098 6208
322 341 411 402 σοι

1589 334 1799 398 MUNDI
1837 332 2311 395 CDNS’IITUTlO.

3467 331 3572 398 ωε

317 458 488 531 jicitur
513 471 530 512 :
556 453 698 526 Ergo
739 455 789 514 si
833 455 1200 526 incorporatur
1228 455 1404 511 anima
1446 455 1552 510 illis
1581 455 1880 512 obvolutio-
1913 451 2277 523 Aoriginem.
2314 451 2544 520 Quidam
2582 446 2829 510 dicebant
2874 447 3024 510 illam
3077 465 3199 510 esse
3247 465 3569 528 sanguinem

322 549 486 613 nibus,
512 556 635 602 tunc
662 554 780 603 erat
807 549 1002 604 animal
1029 559 1313 621 antequam
1361 550 1665 618 perveniret
1694 549 1758 603 ad
1787 551 1888 604 hoc

307 639 534 700 .mortale
564 654 782 710 corpus,
812 640 937 711 quia
966 641 1141 696 anima
1181 641 1466 711 conjuncta
1493 658 1618 698 cum
1662 656 1891 710 corpore

321 731 439 788 facit
479 731 695 787 animal.
741 732 850 789 Sed
898 746 1005 788 non
1052 744 1137 789 est
1171 734 1534 790 necessarium
1561 749 1682 789 cum
1711 733 1889 788 anima

323 823 485 889 iuncta
529 832 613 878 est
657 822 850 895 digito,
897 841 1002 880 non
1055 826 1214 881 iaciat
1262 825 1484 894 animal,
1516 827 1639 896 quia
1692 834 1892 894 prater
1941 864 1943 868 ε

320 929 502 986 corpus
529 924 582 970 et
609 915 842 970 animam
862 935 872 945 ο
890 918 1065 973 multa
1091 916 1359 986 pertinent
1387 917 1453 970 ad
1485 917 1729 971 animalis
1755 930 1890 972 con-

317 1012 659 1079 Stitutionem,
692 1021 749 1067 ut
795 1012 1135 1079 sensualitas,
1182 1021 1289 1068 etc.
1324 1012 1533 1069 Anima
1580 1012 1763 1081 itaque
1806 1008 1887 1066 in-

318 1113 608 1174 corporatze
650 1105 846 1159 dantur
882 1105 1003 1160 dua:
1046 1091 1213 1176 vires,
1243 1106 1320 1161 ira
1349 1116 1401 1161 et
1431 1103 1889 1174 concupiscentia,

308 1209 431 1266 quae
460 1209 513 1252 et
542 1196 817 1265 portiones
841 1196 960 1268 ejus
987 1197 1208 1254 abusive
1236 1198 1508 1254 dicuntur.
1555 1198 1635 1254 Ira
1673 1197 1889 1267 quidem

315 1287 483 1358 datur,
515 1298 573 1346 ut
599 1290 860 1346 irascatur
887 1291 1063 1358 malis,
1091 1292 1551 1360 concupiscentia,
1590 1300 1652 1346 ut
1676 1306 1891 1360 semper

316 1384 444 1439 bona
487 1383 687 1455 cupiat.
728 1383 971 1456 Cumque
1015 1383 1100 1440 bis
1139 1386 1346 1441 viribus
1390 1387 1565 1441 anima
1597 1383 1890 1440 rationabi-

305 1475 432 1531 liter
461 1474 646 1540 utitur,
667 1473 812 1546 justa
837 1486 921 1532 est
944 1475 1047 1533 vita
1096 1477 1360 1544 hominis;
1388 1493 1511 1532 cum
1554 1479 1730 1533 anima
1759 1493 1890 1533 con-

315 1567 495 1621 trarias
527 1566 644 1623 vias
684 1566 905 1634 incedit,
955 1568 1111 1624 bonis
1161 1567 1464 1637 irascendo,
1508 1577 1558 1626 et
1610 1572 1749 1626 mala
1793 1585 1888 1627 cu-

320 1658 524 1745 piendo,
561 1667 688 1714 tunc
730 1659 1079 1730 degenerata
1124 1673 1328 1719 natura:
1355 1678 1466 1718 sua:
1511 1663 1735 1733 origine.
1781 1662 1887 1720 Sed

315 1766 497 1810 rursus
532 1751 602 1807 ad
651 1751 1122 1816 reiiluminandam
1167 1754 1428 1810 ratiOnem
1458 1754 1617 1810 datur
1642 1755 1881 1811 doctrina

1992 548 2203 615 cordis,
2246 548 2517 604 imitantes
2554 547 2830 606 Thaletem
2873 548 3172 614 Milesium,
3222 549 3312 620 qui
3354 564 3568 606 assere-

1992 640 2121 696 bant
2163 641 2340 694 omnia
2385 657 2448 696 es
2496 640 2719 698 humore
2761 651 3032 700 constare.
3066 642 3233 702 Stoici
3272 643 3562 713 quemdam

1990 730 2240 798 spi.itum
2271 732 2592 799 naturalem,
2615 731 2756 802 quod
2782 734 3078 805 probabant
3104 736 3192 790 tali
3220 732 3567 803 syllogismo:

1991 826 2146 894 Quod
2179 828 2463 882 recedente
2492 827 2560 883 ab
2590 826 2842 893 homine.
2876 828 3038 884 homo
3064 828 3261 884 desinit
3291 841 3416 884 esse
3451 827 3578 882 ani-

1995 918 2135 985 mal,
2187 922 2362 974 anima
2409 931 2530 988 est;
2581 920 2676 976 sed
2722 922 2914 992 spiritu
2967 924 3196 978 naturali
3249 924 3573 986 recedente.

1997 1008 2161 1065 homo
2195 1009 2391 1065 desinit
2433 1024 2553 1067 esse
2589 1011 2784 1067 animal
2826 1030 2842 1068 :
2873 1028 3002 1083 ergo
3047 1013 3269 1084 spiritus
3304 997 3580 1069 naturalis

1990 1112 2077 1158 est
2103 1103 2306 1158 anima.
2337 1101 2492 1160 Plato
2519 1113 2699 1160 autem
2727 1103 2865 1160 diait
2894 1105 3098 1162 animas
3127 1107 3388 1162 humanas
3416 1121 3565 1162 com-

1990 1194 2194 1264 positas
2223 1210 2346 1252 esse
2373 1194 2440 1251 de
2468 1195 2708 1268 reliquiis
2737 1197 3020 1253 mundana:
3050 1197 3265 1255 animus.
3297 1197 3564 1255 Aristote-

1991 1287 2073 1343 les
2102 1303 2230 1344 vero
2260 1288 2484 1345 vocabat
2511 1305 2630 1346 eam
2662 1290 3031 1347 endclechiam
3057 1332 3073 1357 ,
3103 1291 3155 1347 id
3185 1301 3307 1356 εει,
3340 1293 3570 1348 fortnam

1992 1381 2215 1438 animati
2258 1385 2536 1454 corporis,
2581 1393 2636 1440 et
2680 1399 2772 1454 per
2817 1383 2920 1440 hoc
2962 1386 3210 1441 volebant
3259 1386 3402 1442 illam
3448 1402 3571 1444 esse

1992 1471 2267 1528 accidens.
2301 1473 2407 1535 Sed
2440 1473 2588 1528 Plato
2609 1514 2626 1540 ,
2654 1474 2807 1544 cujus
2837 1476 3124 1532 auctoritas
3155 1478 3565 1547 praeponderat,

1988 1574 2048 1621 et
2084 1580 2243 1636 quem
2281 1568 2511 1622 maxime
2540 1565 2834 1630 Macrobius
2879 1568 3140 1638 imitatur,
3178 1568 3306 1624 dicit
3331 1571 3568 1625 animans

1989 1673 2114 1714 esse
2155 1659 2508 1716 substantiam
2554 1659 2922 1731 incorpoream
2967 1677 3029 1719 se
3068 1673 3404 1718 moventem:
3437 1660 3572 1719 etin

1995 1749 2099 1808 hoc
2134 1754 2256 1809 aliis
2294 1762 2377 1811 εει
2420 1755 2700 1824 oppositus
2741 1754 3015 1811 Aristoteli
3056 1755 3312 1826 quidem,
3355 1757 3448 1826 qui
3489 1755 3572 1813 di-

317 1846 528 1914 animre,
561 1855 619 1902 ut
657 1843 936 1914 discendo,
986 1857 1040 1902 et
1079 1846 1318 1916 neglecta
1347 1847 1660 1917 relegendo,
1702 1848 1888 1903 redeat
1917 1817 1967 1878 Β
1992 1846 2154 1902 cebat
2198 1845 2344 1903 illam
2395 1863 2522 1904 esse
2565 1849 2854 1915 accidens,
2896 1866 3111 1907 causam
3161 1849 3387 1922 primam
3436 1851 3574 1907 sub-

311 1937 373 1993 ad
405 1937 635 2011 priorem
665 1939 1060 2009 cognitionem;
1087 1939 1230 1996 unde
1268 1939 1409 2010 quod
1441 1941 1580 2011 apud
1625 1956 1725 1997 nos
1753 1939 1891 1995 dici-

307 2035 394 2085 tur
437 2029 624 2094 lectio.
649 2029 790 2101 apud
839 2030 1058 2086 Graecos
1090 2041 1314 2088 vocatur
1355 2032 1583 2103 repetita
1632 2032 1890 2103 cognitio.

308 2120 692 2179 Rciliuminata
748 2137 880 2180 vero
928 2122 1158 2194 ratione,
1209 2139 1314 2179 non
1373 2133 1553 2180 tamen
1607 2124 1894 2195 aliquando

309 2226 480 2289 potest
514 2218 692 2278 facere
713 2235 833 2290 qua:
854 2219 956 2276 scit
985 2233 1108 2276 esse
1137 2220 1441 2276 necessaria
1464 2226 1520 2274 et
1541 2219 1693 2274 utilia
1714 2235 1728 2273 :
1750 2217 1892 2289 quod

308 2320 363 2367 ut
391 2310 586 2381 possit,
623 2311 910 2368 adhibetur
946 2310 996 2368 ei
1023 2311 1214 2378 virtus,
1242 2309 1399 2383 cujus
1425 2312 1542 2368 hare
1583 2320 1666 2367 est
1693 2319 1898 2382 etymo-

310 2404 485 2487 logia;
516 2406 689 2461 virtus
729 2404 955 2472 dicitur,
985 2406 1139 2478 quasi
1189 2405 1421 2476 propriis
1467 2405 1672 2460 viribus
1717 2405 1896 2461 nitens

307 2511 486 2556 contra
519 2501 670 2557 vitia.
703 2499 971 2557 Delinitur
995 2510 1174 2557 autem
1206 2501 1322 2558 sic:
1357 2500 1536 2558 Virtus
1565 2510 1650 2557 est
1682 2499 1895 2558 habitus

313 2593 471 2651 animi
523 2594 578 2650 in
627 2595 847 2650 modum
893 2601 1099 2650 natura:
1143 2593 1339 2650 rationi
1380 2603 1808 2660 consentaneus,
1839 2591 1893 2650 id

308 2696 410 2754 est,
448 2687 722 2745 consentit
755 2687 951 2743 anima:
991 2686 1060 2742 ad
1089 2685 1142 2742 id
1171 2685 1315 2758 quod
1344 2695 1467 2743 nata
1496 2696 1601 2755 est,
1635 2686 1688 2742 id
1716 2684 1892 2743 estad

313 2779 533 2848 bonum,
580 2788 639 2837 et
674 2781 732 2837 in
757 2779 862 2837 hoc
890 2778 1091 2837 fautrix
1129 2779 1247 2848 ejus
1291 2788 1392 2835 0.“.
1423 2777 1558 2835 Cum
1591 2787 1769 2836 autem
1815 2779 1898 2835 ha

309 2872 766 2930 animaa'debeant
815 2871 1032 2944 probari
1083 2872 1439 2939 immortales,
1488 2873 1669 2943 plures
1701 2885 1890 2929 occur-

311 2977 431 3023 runt
455 2968 806 3038 quaestiones,
837 2983 1062 3039 quarum
1095 2966 1216 3024 bac
1244 2975 1327 3022 est
1377 2966 1570 3036 prima.
1598 2965 1655 3022 Si
1702 2964 1897 3020 anima:

311 3070 433 3117 sunt
459 3061 822 3128 immortales,
849 3070 900 3118 et
931 3075 1120 3118 omnes
1147 3059 1390 3131 ejusdem
1420 3060 1692 3133 dignitatis
1734 3058 1787 3116 itt
1814 3059 1896 3116 sui

316 3162 526 3221 natura,
562 3169 658 3210 cur
687 3153 804 3224 plus
847 3154 900 3209 in
943 3165 1054 3210 uno
1081 3154 1226 3226 viget
1273 3169 1431 3226 quam
1480 3154 1532 3208 in
1573 3153 1720 3209 alio?
1744 3151 1895 3221 Quod
1923 3192 1972 3257 ο

312 3251 470 3308 solvit
519 3250 780 3322 Virgilius
821 3251 1008 3307 dicens
1060 3251 1371 3317 :Qttantum
1416 3248 1630 3305 innoxia
1676 3265 1896 3315 corpora

302 3343 536 3410 tardant,
567 3343 618 3398 id
646 3349 754 3410 est,
783 3356 880 3413 pro
910 3342 1188 3398 habilitate
1214 3356 1499 3409 corporum
1528 3338 1690 3396 habet
1719 3339 1898 3394 anima

315 3448 533 3492 suztrum
568 3434 758 3490 virium
789 3435 1139 3500 exercitium;
1171 3435 1310 3491 sicut
1356 3434 1443 3489 leo
1485 3433 1702 3489 clausus
1730 3433 1782 3486 in
1812 3446 1903 3485 ca.

311 3540 402 3582 sea
431 3540 629 3582 omnes
656 3525 871 3597 quidem
904 3526 1047 3582 vires
1084 3541 1210 3582 suas
1231 3525 1428 3582 ibidem
1460 3525 1642 3590 habet,
1665 3521 1759 3579 sed
1795 3538 1899 3578 non

315 3630 416 3673 tam
449 3627 700 3689 potenter
727 3629 946 3676 exercet
976 3618 1097 3674 illas
1141 3619 1196 3674 in
1241 3632 1402 3674 cavea
1432 3631 1592 3690 quam
1641 3617 1693 3672 in
1742 3615 1897 3670 silva.

313 3711 437 3767 inde
467 3724 660 3768 rursus
687 3711 980 3782 opponitur
1008 3728 1025 3769 :
1056 3710 1167 3768 Cur
1195 3712 1397 3776 anima,
1430 3727 1547 3782 qua:
1576 3709 1792 3780 dignior
1819 3717 1904 3764 est

307 3801 362 3856 itt
403 3806 484 3861 ειιί
522 3815 748 3873 natura,
789 3804 1032 3877 subjecta
1057 3806 1128 3862 sit
1151 3805 1364 3874 corpori
1396 3802 1717 3874 indigniori?
1746 3803 1902 3859 Soluo

311 3897 404 3954 tio.
437 3899 630 3954 Anima
678 3914 809 3956 vero
836 3899 1052 3970 dignior
1093 3907 1180 3955 est
1223 3898 1279 3953 in
1328 3897 1408 3953 sui
1461 3907 1670 3963 natura,
1721 3899 1814 3952 sed
1847 3898 1900 3952 in

306 3986 410 4046 hoc
441 3991 586 4060 quod
617 3991 923 4048 continetur
953 3991 1220 4064 indignior
1251 3999 1336 4047 est
1362 4004 1589 4062 corpore
1616 3992 1903 4046 continen-

312 4087 385 4152 te,
407 4093 462 4140 et
507 4084 806 4142 secundum
853 4085 990 4141 banc
1019 4083 1334 4157 dignitatem
1383 4084 1626 4155 subjecta
1657 4092 1737 4138 est
1781 4097 1904 4138 cor-

309 4174 454 4243 peri.
480 4174 750 4247 OitjiCillﬂ'
795 4177 920 4232 item
948 4196 962 4232 :
991 4177 1050 4234 Si
1093 4179 1274 4234 anima
1302 4176 1673 4248 comprimitur
1698 4177 1750 4232 in
1776 4192 1903 4232 cor-

313 4280 467 4333 pore,
499 4275 560 4323 ut
589 4283 694 4323 non
741 4268 910 4336 possit
948 4268 1094 4325 vires
1141 4284 1271 4326 snas
1298 4283 1576 4336 exercere,
1616 4278 1742 4324 tunc
1785 4282 1905 4324 cor-

316 4358 602 4425 rumpitur,
632 4364 687 4412 ct
719 4357 824 4412 erit
869 4357 1104 4430 indigna,
1138 4358 1245 4416 nec
1281 4360 1442 4417 bene.
1468 4359 1698 4417 Soiutio.
1730 4358 1786 4416 in
1818 4358 1903 4415 sui

309 4460 505 4505 natura
560 4466 668 4506 non
717 4455 1103 4523 corrumpitur,
1136 4457 1260 4526 quia
1315 4455 1617 4512 naturalem
1649 4455 1905 4511 observat

311 4543 636 4610 claritatem,
679 4544 805 4600 licet
847 4545 1031 4602 clausa
1061 4548 1116 4603 in
1145 4562 1377 4619 corpore
1424 4563 1531 4603 non
1565 4549 1734 4618 possit
1760 4548 1901 4604 adeo
1930 4568 1983 4631 ι)

310 4639 509 4708 nitere,
539 4635 679 4693 sicut
709 4640 932 4696 lucerna
959 4639 1144 4696 modio
1172 4642 1448 4712 supposita
1492 4656 1601 4696 non
1626 4657 1693 4698 eo
1722 4642 1902 4697 minus

311 4728 573 4784 claritatis
599 4730 651 4785 in
674 4745 733 4787 se
757 4730 974 4799 habeat,
1005 4733 1131 4789 licet
1158 4747 1223 4788 eo
1253 4734 1428 4788 minus
1454 4741 1730 4802 appareat.
1761 4731 1901 4786 Rur-

311 4836 405 4874 sus
427 4824 760 4891 apponitur:
793 4822 850 4877 Si
897 4823 1030 4879 nihil
1082 4823 1135 4878 in
1176 4839 1236 4880 se
1281 4823 1558 4879 sordidum
1590 4824 1902 4891 admittunt,

315 4927 412 4964 cur
436 4928 567 4982 ergo
594 4913 650 4968 in
697 4913 913 4970 inferno
958 4917 1292 4986 puniuntur?
1320 4917 1550 4974 Solutio.
1579 4917 1710 4985 Quia
1745 4931 1908 4972 nove-

313 5013 444 5060 runt
494 5013 688 5061 exutas
729 5006 797 5061 de
845 5008 1166 5076 corporibus
1215 5009 1407 5064 sordes
1453 5008 1628 5063 adhuc
1683 5007 1907 5074 habere,

315 5110 435 5165 quae
462 5097 530 5153 de
552 5099 836 5167 corporeis
859 5110 916 5154 et
945 5099 1013 5154 de
1057 5100 1288 5155 terrenis
1325 5100 1488 5157 rebus
1529 5100 1638 5155 illis
1666 5101 1909 5156 adbreseo

318 5196 463 5251 runt,
493 5202 614 5256 quae
644 5201 701 5243 ut
748 5189 1078 5258 auferantur,
1116 5191 1356 5261 indigent
1404 5193 1471 5246 ad
1526 5203 1735 5260 tempus
1780 5207 1904 5261 pur-

317 5279 556 5348 gatione.
589 5279 734 5337 sicut
770 5297 980 5354 gemma
1029 5285 1241 5340 noverit
1271 5284 1339 5339 de
1369 5283 1691 5340 lutalevata
1733 5283 1912 5340 adhuc

323 5370 530 5428 habere
549 5371 742 5429 sordes
766 5375 869 5429 sibi
896 5373 1244 5440 inhaerentes,
1278 5374 1482 5446 indiget
1512 5373 1844 5446 purgatione.

791 5464 868 5519 De
894 5468 1093 5539 origine
1129 5466 1444 5522 animarum.

398 5552 481 5611 De
504 5552 606 5612 bac
628 5554 929 5611 animarum
956 5555 1161 5630 origine
1183 5559 1409 5614 diverse
1434 5556 1767 5615 diversorum
1791 5569 1916 5616 sunt

333 5648 644 5704 sententia.
677 5647 906 5729 Quidam
934 5647 1076 5705 enim
1104 5649 1354 5706 dicebant
1378 5651 1612 5706 animam
1639 5667 1760 5708 esse
1787 5668 1915 5708 con-

327 5735 513 5792 ﬂatam
550 5754 616 5794 ea
656 5740 852 5796 atomis
903 5738 1075 5812 ignis,
1128 5742 1395 5797 imitantes
1443 5747 1814 5810 Anaxagoram
1859 5755 1916 5802 et

331 5827 695 5902 Heraclitum,
722 5835 812 5906 qui
840 5834 1089 5891 volebant
1114 5836 1287 5909 ignem
1316 5836 1552 5894 omnium
1584 5854 1764 5897 rerum
1794 5853 1914 5896 esse

1993 1938 2289 2005 stantiam,
2342 1940 2464 1997 aliis
2517 1955 2730 2012 quoque
2782 1939 2873 2012 qui
2932 1942 3180 1999 dicebant
3241 1944 3385 1998 illam
3451 1960 3576 2002 esse

1997 2045 2316 2100 csrporcam
2341 2073 2356 2099 ,
2395 2048 2613 2088 causam
2662 2033 2886 2103 primam
2927 2033 3319 2105 incorporeatn.
3362 2036 3573 2104 Quzeri-

1999 2134 2088 2181 tur
2133 2136 2337 2182 autem'
2362 2125 2656 2183 secundum
2697 2141 2859 2198 quem
2881 2170 2895 2196 ,
2931 2128 3242 2197 incorporea
3273 2129 3567 2183 substantia

1994 2228 2174 2276 utrunt
2218 2221 2290 2275 sit
2336 2230 2594 2289 generata
2642 2219 2856 2288 anima,
2910 2236 2978 2277 an
3030 2222 3361 2291 ingenerata.
3415 2221 3571 2291 Quod

2007 2321 2293 2382 utrumque
2327 2313 2476 2369 Plato
2505 2315 2698 2372 asserit
2739 2315 2885 2372 illam
2929 2331 3082 2382 esse,
3126 2318 3350 2375 diversis
3391 2328 3571 2374 tamen

1998 2406 2359 2474 reSpeetibus.-
2397 2407 2726 2464 Generatam
2766 2408 2912 2464 enim
2942 2408 3055 2465 vult
3084 2408 3232 2464 illam
3263 2409 3485 2481 intelligi
3513 2409 3571 2468 in

2003 2497 2231 2562 Tintteo,
2265 2499 2354 2555 ubi
2384 2501 2514 2558 dicit
2539 2521 2554 2557 :
2585 2502 3040 2560 Praestantissima
3068 2519 3098 2560 a
3130 2507 3572 2572 praestantissimo

2005 2587 2146 2644 facta
2173 2599 2290 2658 εει,
2319 2591 2403 2648 vel
2433 2593 2485 2648 in
2527 2594 2794 2662 secundo,
2835 2594 3072 2653 universl
3111 2597 3323 2668 generis
3359 2613 3575 2655 semen-

2000 2692 2106 2738 tem
2139 2681 2353 2741 faciam.
2386 2687 2502 2742 Non
2530 2699 2844 2759 generatam
2875 2707 3002 2748 vero
3032 2691 3205 2747 innuit
3231 2691 3284 2747 in
3317 2690 3570 2747 Phaedro-

1997 2789 2088 2841 ne,
2116 2791 2234 2832 cum
2262 2778 2394 2835 dicit
2421 2798 2435 2835 :
2469 2781 2656 2837 Anima
2687 2796 2787 2838 nec
2812 2791 2956 2850 nata,
2990 2792 3048 2840 et
3075 2783 3197 2840 ideo
3225 2792 3450 2839 aeterna.
3489 2781 3568 2839 Ne

1997 2879 2181 2926 autem
2211 2883 2335 2939 post
2361 2873 2414 2929 in
2445 2873 2548 2930 hoc
2571 2875 2821 2933 videatur
2849 2875 2948 2933 sibi
2976 2890 3097 2935 esse
3121 2878 3418 2948 oppositus,
3451 2877 3574 2933 ideo

1997 2963 2129 3019 dicit
2157 2965 2390 3020 animam
2423 2968 2791 3039 ingeneratam
2814 3013 2829 3034 ,
2857 2969 2999 3042 quod
3029 2979 3210 3026 utatur
3251 2971 3370 3042 lege
3409 2978 3572 3041 gene-

1996 3064 2233 3110 ratorum
2255 3098 2269 3120 ,
2299 3058 2542 3124 scilicet,
2571 3069 2626 3113 ut
2651 3042 2977 3116 dissolvatur
3001 3061 3303 3126 actualitcr,
3330 3061 3445 3116 sive
3473 3076 3570 3117 na-

2001 3150 2264 3204 turaliter.
2297 3149 2426 3204 Nam
2455 3151 2634 3207 omnia
2671 3162 2959 3223 generata,
2988 3162 3185 3222 prmter
3227 3153 3481 3208 mundum
3521 3163 3577 3208 et

2002 3239 2181 3295 divina
2201 3281 2218 3306 ,
2249 3240 2616 3298 dissolvuntur
2643 3229 2946 3306 actualiter,
2977 3242 3206 3300 mundus
3244 3258 3377 3300 vero
3417 3254 3577 3299 natu-

2002 3331 2211 3390 raliter.
2243 3331 2378 3388 Nam
2411 3333 2537 3390 licet
2566 3349 2840 3406 nunquam
2882 3335 3228 3402 dissolvatur,
3270 3343 3457 3391 natura
3502 3345 3582 3390 ta-

2003 3440 2160 3492 men,
2206 3423 2254 3481 si
2297 3425 2550 3482 conditor
2595 3427 2793 3498 vellet,
2836 3425 3238 3483 dissolutionem
3284 3423 3572 3495 pateretur.

2002 3518 2133 3575 Nam
2164 3519 2422 3590 quidquid
2453 3520 2521 3576 de
2552 3520 2791 3590 partibus
2821 3528 2906 3578 est
2944 3519 3333 3588 compositum,
3361 3515 3435 3572 illi
3481 3532 3576 3571 na-

2003 3609 2178 3665 turale
2204 3621 2287 3668 εει
2314 3611 2577 3678 dissolvi;
2608 3612 2804 3667 animas
2832 3624 2964 3665 vero
2991 3609 3251 3680 simplici,
3285 3623 3384 3664 nec
3419 3622 3572 3663 com-

2007 3701 2237 3770 positas,
2269 3718 2378 3758 non
2408 3711 2491 3760 est
2530 3703 2776 3760 naturale
2815 3702 3086 3768 dissolvi;
3130 3700 3274 3757 unde
3315 3701 3455 3755 dicta
3497 3705 3583 3754 est

2003 3791 2331 3864 ingenerata.
2389 3792 2711 3850 Generatam
2763 3803 2942 3848 autem
2995 3791 3144 3848 Plato
3198 3791 3317 3847 ideo
3365 3791 3570 3856 innuit,

2002 3885 2146 3959 quod
2171 3885 2468 3943 secundum
2498 3886 2696 3943 multos
2722 3883 3095 3958 prajacentem
3121 3883 3395 3940 materiam
3422 3881 3584 3955 bylen

2014 3975 2303 4045 habuerit,
2332 3977 2476 4049 quod
2506 3978 2635 4035 licet
2663 3991 2924 4045 nusquam
2971 3973 3124 4030 Plato
3163 3983 3409 4040 testetur,
3451 3990 3583 4029 nus-

2007 4085 2171 4142 quam
2207 4077 2388 4125 tamen
2417 4069 2760 4125 contradicit.
2793 4068 2928 4142 ilyle
2957 4066 3170 4139 quidem
3218 4068 3268 4122 in
3311 4082 3444 4137 puro
3485 4079 3586 4123 suo

2005 4173 2150 4218 statu
2197 4163 2572 4232 considerata,
2627 4177 2733 4218 non
2779 4160 2991 4217 dilietat
3032 4176 3062 4214 a
3107 4160 3328 4216 materia
3373 4160 3585 4216 anima.

2006 4255 2062 4313 in
2106 4272 2240 4327 puro
2275 4271 2376 4312 suo
2416 4267 2560 4313 statu
2591 4256 2950 4322 considerata,
2981 4256 3033 4312 id
3064 4265 3169 4322 est,
3198 4256 3318 4311 sine
3345 4256 3585 4318 ratione,

2007 4348 2117 4413 ira,
2167 4359 2222 4405 et
2267 4349 2735 4418 concupiscentia,
2767 4349 2960 4422 quibus
3011 4350 3355 4420 informatur,
3386 4350 3437 4404 id
3479 4359 3587 4417 est,

2006 4454 2133 4513 qum
2155 4444 2211 4497 in
2242 4458 2307 4497 ea
2339 4443 2650 4498 funduntur.

2529 4532 2607 4589 De
2653 4537 2826 4589 animo
2872 4537 3070 4590 mundi.

2087 4629 2273 4684 Dicunt
2304 4629 2465 4686 etiam
2498 4629 2712 4698 quidam
2745 4644 2904 4686 unatu
2936 4640 3140 4685 tantum
3171 4645 3291 4687 esse
3317 4630 3548 4684 animam
3568 4670 3586 4696 ,

2008 4721 2060 4777 id
2095 4725 2417 4776 mundanam
2440 4763 2457 4788 ,
2491 4737 2613 4792 qum
2641 4721 2819 4777 omnia
2852 4722 2905 4777 in
2938 4721 3174 4777 animum
3206 4733 3260 4779 et
3285 4720 3588 4779 eottl‘ortncs

2007 4815 2297 4884 unicuique
2329 4815 2407 4870 rei
2440 4815 2583 4870 vires
2616 4830 2715 4886 pro
2756 4829 2854 4870 sua
2898 4815 3201 4881 habililate,
3242 4816 3377 4869 sicut
3417 4815 3585 4869 stellis

2010 4909 2267 4964 ratiooem
2292 4949 2309 4976 ,
2340 4907 2653 4964 hominibus
2682 4923 2819 4980 quos
2847 4907 2899 4964 in
2930 4908 3145 4964 caducis
3186 4908 3347 4963 rebus
3389 4907 3592 4963 invenit

2011 5002 2213 5059 habere
2241 5001 2566 5071 sphaericum
2597 5012 2758 5075 caput
2778 5045 2795 5072 ,
2825 5013 2877 5060 et
2907 5015 3140 5059 erectam
3173 5003 3391 5071 faciem,
3424 5005 3594 5058 ratio-

2011 5109 2135 5150 nem
2175 5107 2388 5164 quoque
2428 5092 2656 5158 infudit.
2700 5103 2757 5150 et
2795 5093 3198 5150 sensualitatem
3227 5095 3367 5149 sicut
3396 5094 3595 5150 divinis

2010 5187 2361 5252 corporibus,
2401 5187 2527 5243 licet
2557 5203 2667 5257 pra:
2703 5187 2868 5243 nimia
2911 5187 3365 5256 contemplatione
3412 5187 3593 5246 divina

2011 5278 2261 5334 animalia
2292 5279 2696 5335 sensualitatem
2739 5293 2845 5334 non
2887 5289 3197 5335 exerceant.
3227 5278 3453 5336 Creteris
3481 5283 3596 5338 ani-

2013 5373 2288 5427 mantibus
2340 5385 2558 5429 sensum
2616 5382 2674 5430 et
2722 5371 3138 5448 vegetationem.
3197 5370 3492 5429 Arboribus
3545 5380 3601 5428 ct

2016 5467 2197 5523 herbis
2251 5466 2620 5522 tantummodo
2675 5469 3100 5539 vegetationem;
3157 5473 3214 5522 ει
3264 5465 3404 5524 sicut
3457 5480 3597 5522 unus

2014 5562 2194 5616 vultus
2225 5561 2278 5614 in
2311 5559 2549 5628 pluribm
2579 5561 2844 5629 speculis.
2870 5562 3006 5616 etin
3032 5576 3141 5614 uno
3166 5561 3386 5630 specqu
3417 5559 3598 5629 plures

2019 5656 2194 5709 vultus
2217 5661 2499 5722 apparent,
2530 5654 2598 5707 ita
2631 5668 2734 5709 una
2763 5654 2938 5708 anima
2967 5653 3022 5708 in
3055 5653 3292 5722 pluribus
3317 5654 3515 5708 rebus:
3546 5660 3603 5712 et

2018 5747 2215 5818 ubique
2240 5761 2430 5802 omnes
2461 5745 2603 5802 vires
2630 5756 2757 5804 suas
2787 5749 2978 5817 habet,
3008 5749 3131 5803 licet
3161 5747 3213 5802 in
3242 5743 3475 5803 diversis
3508 5745 3602 5798 ha-

2019 5843 2144 5899 beat
2169 5839 2482 5899 caercitium
2514 5857 2610 5912 pro
2637 5841 2914 5900 babilitate
2943 5853 3254 5914 corporum.
3287 5833 3596 5894 Secundum
