4098 6208
606 361 712 419 905

1107 361 1309 418 BEDE
1349 362 1799 419 \‘ENERABILIS
1837 363 1985 420 OPP.
2027 363 2205 420 PARS
2239 364 2284 420 ἰ.
2326 364 2523 423 εειιτ.
2565 367 2628 421 ιι.
2672 396 2738 433 γ·-
2780 365 2982 424 ουΒΙΛ
3029 369 3116 426 E'l'
3154 370 3404 432 SPURIA

3738 377 3837 440 906

607 493 766 545 quam
811 479 1128 532 sententiam
1181 479 1356 533 nullus
1407 479 1570 534 homo
1614 480 1827 535 videtur
1869 493 1990 535 esse
2035 481 2184 550 pejor
2210 481 2263 543 Δ
2287 491 2467 536 sumat
2493 496 2741 551 aereum,
2775 482 2863 536 vel
2887 482 3178 540 rctltereom
3200 528 3215 550 ,
3250 495 3306 542 ut
3334 488 3504 559 angeli
3532 489 3611 544 rel
3647 490 3827 547 dams-

597 572 709 636 alio
730 611 746 635 ,
774 571 895 640 quia
925 586 1028 625 una
1059 571 1357 641 eademque
1388 571 1566 628 anima
1597 572 1734 631 bona
1763 581 1818 628 et
1845 572 2185 628 immaculata

598 669 662 722 -in
711 668 793 722 sui
841 676 1031 721 natura
1063 675 1144 721 est
1171 667 1227 720 in
1255 665 1508 721 omnibus
1538 666 1853 734 corporibus
1881 683 1894 730 ;
1928 665 2021 720 sed
2053 665 2188 722 dici-

608 769 694 814 tur
721 758 889 826 magis
918 757 1247 828 degenerare
1278 758 1332 812 in
1379 772 1492 812 uno
1517 772 1676 824 (tuam
1721 757 1771 810 in
1811 759 1956 822 alio,
1982 765 2187 826 utpote

591 849 1028 904 consensualitas
1054 849 1358 903 dominatur
1389 847 1617 913 rationi,
1651 849 1777 918 quia
1812 849 1864 904 in
1898 850 2190 919 cujuscun-

594 956 709 1009 que
738 954 965 1008 corpore
1007 941 1113 1006 sit,
1159 939 1286 996 illud
1331 955 1526 1008 corpus
1566 949 1648 994 est
1689 937 1930 997 infernus
1974 943 2185 998 animat.

602 1033 910 1088 Secundum
969 1033 1108 1087 lianc
1159 1047 1373 1106 quoque
1423 1035 1743 1088 sententiam
1799 1036 1980 1091 nullus
2026 1036 2188 1091 boum

605 1125 854 1191 moritur,
911 1126 982 1180 ita
1039 1125 1181 1195 quod
1238 1127 1468 1196 patiatur
1517 1131 1909 1196 separationem
1955 1131 2186 1199 anima,

605 1235 912 1291 quanquam
967 1228 1249 1288 separatur
1299 1237 1330 1277 a
1382 1229 1610 1288 quatuor
1663 1221 1977 1283 clementis.
2033 1225 2193 1293 inque

585 1304 794 1369 "omnia
825 1329 1049 1381 corpora
1080 1314 1457 1378 resolvuntur;
1495 1315 1588 1371 sed
1618 1325 1742 1369 tunc
1772 1315 1966 1370 dicitur
2005 1318 2142 1371 mori
2172 1357 2190 1384 ,

612 1424 733 1462 cum
768 1408 818 1461 in
853 1409 958 1462 illis
990 1409 1165 1461 anima
1198 1407 1455 1476 relinquit
1496 1410 1730 1478 priorum
1763 1410 1961 1464 virium
1987 1412 2195 1467 exerci-

612 1503 765 1553 tium.
801 1500 1065 1554 l'ra-terea
1097 1500 1281 1553 dicunt
1309 1500 1527 1570 quidam
1571 1500 1818 1557 eamdem
1864 1503 2190 1558 mundanam

611 1593 845 1648 animam
876 1596 1074 1660 pariter
1101 1608 1222 1647 cum
1255 1593 1486 1647 humana
1513 1595 1691 1648 anima
1720 1609 1843 1650 esse
1869 1595 1922 1650 in
1955 1595 2191 1660 homine,

613 1685 678 1738 tle
707 1699 810 1752 qua
842 1698 1056 1739 vermes
1085 1682 1426 1740 vivificentur
1458 1684 1509 1737 in
1540 1682 1780 1751 homine,
1807 1684 1990 1754 sicque
2022 1687 2197 1742 homi-

617 1788 738 1827 nem
761 1773 902 1826 duas
930 1773 1143 1829 animas
1164 1785 1414 1832 asserunt
1444 1773 1666 1829 habere.

755 1861 900 1918 Idem
917 1905 931 1924 .
961 1863 1025 1916 de
1051 1867 1346 1919 animorum
1370 1865 1566 1938 origine
1593 1868 1874 1923 secundum
1899 1867 2052 1922 alios.

685 1955 790 2010 Sed
830 1954 1112 2023 quaeritur,
1145 1957 1195 2008 si
1231 1956 1405 2010 anima
1443 1957 1681 2012 ‘ltumana
1711 1968 1794 2016 est
1819 1968 2072 2028 generata
2096 2003 2111 2027 ,
2143 1958 2194 2016 id

615 2055 694 2099 cst
714 2085 730 2110 ,
762 2053 974 2107 creata,
1007 2059 1073 2097 an
1109 2055 1297 2099 auctor
1325 2062 1451 2101 suus
1480 2062 1668 2103 omnes
1701 2051 1910 2106 animas
1941 2052 1992 2104 in
2024 2052 2193 2120 prima

608 2137 797 2190 mundi
837 2136 1222 2191 constitutione
1270 2137 1466 2205 pariter
1506 2140 1800 2206 creaverit,
1847 2156 1920 2195 ao
1959 2143 2196 2211 quiitidie

611 2245 779 2286 novas
818 2229 1045 2288 fecerit?
1083 2228 1140 2286 Si
1166 2272 1182 2294 ,
1229 2232 1545 2288 testantibus
1583 2233 1955 2306 philosophis,
2004 2250 2195 2291 omnes

612 2322 812 2395 pariter
841 2323 908 2378 ab
937 2323 1159 2379 exordio
1185 2325 1374 2379 mundi
1405 2324 1558 2380 factae
1585 2335 1747 2393 sunt,
1779 2335 1833 2382 et
1873 2327 1926 2381 in
1969 2343 2192 2398 compa-

613 2432 699 2472 res
726 2415 910 2473 stellas
949 2425 1197 2485 tanquam
1221 2415 1276 2469 in
1301 2416 1548 2472 vehiculo
1579 2419 1787 2484 locatae,
1819 2418 1991 2474 donec
2020 2419 2195 2489 quoti-

613 2509 700 2564 die
731 2507 1106 2578 incorporandi
1139 2507 1410 2568 desiderio
1437 2508 1786 2565 descendant.
1824 2510 1939 2566 llue
1977 2511 2192 2567 accedit

613 2598 874 2652 lleltraira
903 2599 1129 2659 τρι-11ης,
1157 2583 1274 2668 qua:
1303 2597 1431 2652 dicit
1459 2617 1473 2653 ξ
1506 2597 1632 2654 Ecce
1659 2617 1756 2656 cos:
1789 2603 2055 2672 sanguinis
2083 2602 2194 2673 fra-

605 2692 701 2744 tris
734 2691 807 2744 tui
836 2691 1021 2744 clarus:
1053 2689 1121 2743 ad
1150 2706 1228 2746 me
1268 2691 1332 2746 de
1375 2699 1544 2755 terra,
1589 2692 1638 2746 id
1681 2704 1797 2762 est,
1840 2696 2031 2749 anitum
2073 2710 2194 2766 quat

602 2785 1018 2858 incorporandae
1067 2793 1223 2841 erant
1263 2786 1405 2843 natis
1435 2787 1503 2842 dc
1533 2788 1790 2858 sanguine
1841 2789 2012 2856 Abel,
2071 2789 2192 2845 ideo

613 2876 757 2934 enim
789 2877 1126 2944 clamabant,
1173 2877 1293 2948 quia
1336 2879 1586 2935 volebant
1629 2880 1921 2950 perfectam
1962 2881 2192 2936 beatitu-

607 2973 786 3031 dinem
831 2973 1027 3030 mereri
1071 2974 1123 3028 in
1163 2973 1513 3044 corporibus;
1556 2975 1650 3028 sed
1691 2973 2018 3044 superﬂuum
2061 2973 2193 3032 nihil

609 3067 741 3124 facit
770 3066 945 3132 Deus,
979 3065 1121 3120 unde
1153 3064 1342 3119 frivola
1374 3074 1456 3119 est
1487 3065 1601 3121 lucc
1633 3066 1918 3124 sententia.

746 3159 915 3225 Item,
947 3160 1011 3213 de
1037 3159 1328 3213 animarum
1358 3157 1559 3230 origine
1585 3160 1866 3214 serendum
1896 3157 2048 3216 alios.

2292 589 2404 629 nes.
2439 576 2608 640 Alius,
2637 577 2726 647 qui
2754 591 3029 647 nunquam
3048 587 3130 634 est
3157 579 3274 635 sine
3299 595 3545 652 corpore,
3570 590 3626 639 ut
3649 584 3844 656 spiritus

2293 663 2572 720 brutorum
2602 667 2947 736 animalium,
2971 668 3057 736 qui
3087 683 3210 724 cum
3234 670 3367 740 ipsis
3390 681 3444 726 et
3468 674 3631 729 oritur
3651 684 3701 730 et
3727 675 3847 734 inte-

2293 757 2384 811 rit.
2407 757 2646 823 Tertius,
2674 758 2833 814 modio
2863 759 2920 814 in
2947 775 3193 830 corpore,
3220 762 3380 818 modo
3399 773 3544 820 extra
3569 779 3772 835 corpus,
3797 774 3849 824 ut

2293 848 2512 917 Spiritus
2543 849 2634 918 qui
2677 850 2910 905 vivillcat
2943 850 3189 906 homines
3209 893 3224 917 ,
3259 853 3311 907 id
3343 863 3423 909 est
3444 895 3464 922 ,
3493 856 3685 910 anima.
3712 857 3849 924 Quod

2291 951 2471 995 autem
2493 940 2718 995 dicitur:
2742 941 2975 1011 Spiritus
3003 942 3213 997 Domini
3238 945 3496 1016 ferebatur
3514 964 3662 1017 super
3686 965 3848 1018 aqua,

2297 1029 2396 1086 hoc
2424 1045 2642 1101 quoque
2669 1031 2879 1087 dictum
2911 1044 3041 1104 puto
3070 1035 3184 1090 sive
3212 1036 3282 1092 de
3312 1038 3414 1092 hoc
3441 1053 3568 1095 aere
3596 1053 3776 1108 teme,
3804 1052 3853 1099 et

2295 1134 2447 1190 aqua
2499 1122 2956 1190 eiscumfusiene,
3013 1128 3128 1182 sive
3177 1127 3244 1181 de
3295 1130 3590 1196 snbtiliori,
3643 1131 3692 1187 id
3743 1143 3844 1198 est,

2295 1212 2495 1268 mtbere
2515 1254 2530 1278 ,
2574 1216 2662 1271 vel
2706 1214 2776 1271 de
2817 1215 3020 1286 Spiritu
3049 1217 3328 1274 Trinitatis
3349 1261 3366 1288 ,
3401 1221 3468 1276 de
3497 1236 3604 1292 quo
3630 1222 3676 1278 si
3703 1223 3851 1291 dicit.

2296 1307 2472 1364 innuit
2499 1309 2724 1368 salutem
2757 1311 2984 1365 futuram
3018 1327 3112 1380 per
3143 1327 3358 1382 aquam.

2373 1399 2505 1453 Nota
2534 1408 2645 1456 tres
2678 1401 2874 1470 figuras
2909 1400 2962 1455 in
2993 1403 3386 1471 compositione
3411 1406 3605 1461 anima
3633 1408 3854 1479 depictas

2295 1491 2360 1547 ad
2392 1492 2532 1548 idem
2579 1508 2713 1559 peste
2746 1493 2962 1547 tandem
2990 1509 3003 1558 ;
3041 1496 3325 1551 intervallo
3355 1499 3500 1554 enim
3531 1513 3648 1568 qua:
3676 1510 3787 1556 sunt
3813 1502 3857 1558 in

2297 1587 2500 1653 prima,
2532 1599 2653 1639 curn
2701 1586 2900 1641 vellent
2937 1588 3148 1657 impleri
3199 1591 3532 1647 bamonicis
3572 1608 3855 1651 consonan-

2296 1679 2406 1743 tiis,
2439 1692 2537 1734 nec
2565 1680 2941 1749 proportiones
2973 1682 3104 1749 ipsa:
3134 1693 3354 1751 possent
3384 1686 3643 1756 discerni,
3675 1687 3724 1741 in
3754 1696 3849 1743 tam

2301 1769 2477 1836 parvis
2522 1773 2762 1826 numeris
2811 1771 2948 1825 facta
2994 1780 3077 1827 est
3125 1775 3334 1843 figura,
3385 1784 3447 1832 ut
3496 1778 3549 1832 in
3594 1777 3858 1850 majoribus

2232 1846 2275 1904 Β
2305 1862 2538 1916 numeris
2567 1863 2843 1928 doceatur,
2890 1880 3010 1937 quas
3059 1879 3164 1921 non
3211 1875 3420 1936 poterat
3469 1869 3523 1925 in
3570 1846 3858 1929 minoribus.

2303 1952 2523 2008 Ponitur
2549 1967 2677 2022 ergo
2705 1965 2865 2010 sexto
2896 1956 3015 2010 loco
3058 1957 3314 2029 unitatis,
3367 1960 3488 2016 loco
3535 1963 3721 2019 binarii
3769 1978 3858 2031 vn,

2298 2052 2353 2097 et
2383 2043 2462 2098 sic
2493 2053 2617 2100 uota
2651 2045 2702 2098 in
2733 2047 2964 2101 caeteris.
2998 2046 3106 2102 Sed
3136 2051 3263 2118 quia
3291 2050 3472 2106 adhuc
3519 2052 3739 2110 deerant
3779 2070 3860 2110 nu-

2299 2138 2473 2207 meri,
2504 2143 2558 2193 iu
2588 2140 2785 2209 quibus
2816 2141 3107 2197 setnitonia
3154 2142 3624 2214 discernerentur,
3672 2147 3862 2204 inventa

2305 2231 2459 2285 tertia
2495 2231 2686 2300 ﬁgura,
2715 2242 2771 2288 et
2801 2243 2980 2289 tamen
3011 2250 3107 2302 pro
3129 2237 3472 2307 suppletieue
3497 2241 3863 2302 hemitoaonnlt

2298 2332 2561 2389 quantum
2608 2323 2680 2378 ibi
2725 2340 2820 2393 per
2851 2340 2912 2380 se
2943 2343 3048 2382 non
3095 2331 3473 2396 ostenduntur,
3521 2333 3617 2389 sed
3664 2335 3714 2389 in
3755 2351 3866 2390 ωτι·

2295 2413 2591 2480 sonantiis,
2624 2415 2954 2471 diatessaron
3001 2430 3059 2473 et
3100 2419 3388 2489 diapente,
3421 2437 3648 2494 quarum
3688 2441 3861 2482 conso-

2300 2506 2605 2560 nanti-truta
2640 2509 3072 2578 proportionales
3105 2513 3317 2568 numeri
3343 2515 3598 2572 distincte
3625 2518 3694 2572 lbi
3723 2531 3858 2590 repe

2300 2596 2537 2652 riuntur.
2584 2598 2816 2655 Mundus
2847 2601 3063 2668 dicitur,
3097 2617 3184 2658 res
3233 2604 3336 2659 illa
3378 2609 3703 2676 sensibiles,
3731 2609 3862 2678 quasi

2297 2687 2568 2744 mundat-1:
2615 2701 2671 2744 et
2726 2690 2978 2748 discretae
3032 2692 3101 2749 ab
3157 2695 3250 2750 illa
3301 2697 3625 2756 confusione
3672 2700 3723 2755 in
3769 2714 3858 2769 qua

2298 2779 2444 2847 prius
2473 2779 2690 2837 fuerunt
2719 2784 2771 2838 in
2803 2783 2949 2854 byle.
2985 2783 3138 2841 [inde
3168 2788 3330 2860 Auge
3353 2794 3498 2846 tinus
3523 2809 3542 2842 :
3567 2810 3588 2844 s
3616 2791 3862 2848 om

2297 2872 2612 2929 immundo!
2651 2894 2674 2927 s

2368 2962 2658 3020 Sciendum
2688 2969 2828 3037 quod
2860 2969 2918 3024 in
2947 2985 3272 3042 quocunth
3301 2975 3552 3043 epitheto
3577 2977 3860 3033 constitutis

2294 3053 2503 3110 duobus
2549 3058 2838 3126 epogdois,
2871 3061 3131 3132 quidquid
3179 3075 3424 3121 remanet
3463 3067 3649 3122 limms
3676 3077 3786 3134 est,
3819 3066 3867 3123 id

2293 3155 2418 3214 est,
2446 3149 2622 3203 minus
2656 3150 3044 3219 sentitoninm,
3074 3168 3364 3223 superatur
3407 3171 3440 3210 a
3483 3157 3680 3213 minori
3723 3160 3866 3214 seml-

683 3254 783 3310 Aui
817 3253 1003 3310 dicunt
1031 3252 1266 3306 animam
1298 3266 1418 3312 essg
1440 3206 1655 3321 Zaﬂem
1685 3251 1875 3308 divina}
1906 3259 2190 3319 essenug’
2218 3206 2265 3268 Ο
2301 3241 2482 3305 tonio,
2538 3251 2595 3296 ιιι
2648 3245 2825 3313 sagaci
2880 3244 3298 3317 investigatione
3344 3249 3710 3306 calculatoria
3753 3247 3871 3306 artis

612 3361 773 3415 quam
806 3345 1028 3402 traltuut
1051 3344 1120 3400 ab
1149 3345 1244 3398 illo
1269 3343 1388 3400 loco
1411 3359 1428 3398 ε
1463 3341 1534 3397 Et
1561 3345 1768 3414 spiravit
1796 3346 1847 3397 in
1877 3346 2059 3414 facient
2085 3347 2194 3416 ejus

609 3439 922 3511 spiraculum
964 3439 1097 3494 vitta.
1131 3436 1256 3492 llaec
1277 3445 1458 3492 autem
1485 3437 1738 3507 particula
1768 3452 1872 3490 non
1903 3437 2062 3492 rediit
2089 3452 2197 3492 am-

614 3532 788 3601 plius,
826 3531 896 3584 ita
928 3545 1058 3585 vero
1090 3529 1305 3584 uniatur
1331 3542 1456 3584 cum
1500 3528 1647 3595 Deo,
1696 3527 1837 3584 unde
1876 3539 1932 3586 et
1978 3543 2196 3596 peccare

610 3633 808 3695 potest.
846 3622 911 3682 lli
943 3631 1125 3678 autem
1153 3629 1319 3692 agunt
1346 3619 1414 3676 de
1448 3619 1556 3675 Deo
1589 3629 1838 3691 tanquam
1871 3621 1940 3675 sit
1984 3619 2191 3676 localis.

615 3719 880 3772 Asserunt
922 3713 1012 3770 alii
1045 3713 1250 3768 animas
1280 3722 1431 3767 natas
1461 3712 1530 3768 de
1558 3712 1815 3782 angelicis
1859 3712 2192 3768 substantiis.

613 3811 781 3865 Aiunt
810 3809 903 3864 alii
927 3807 1134 3862 animas
1181 3805 1328 3861 nasci
1359 3803 1430 3860 de
1460 3813 1636 3872 terra,
1685 3805 1820 3860 duce
1863 3805 2110 3870 semine;
2143 3815 2197 3860 ct

612 3905 751 3958 sicut
781 3901 1006 3958 scissum
1042 3908 1128 3955 est
1154 3912 1350 3968 corpus
1398 3897 1494 3953 filii
1535 3896 1603 3952 de
1649 3899 1819 3967 pitris
1864 3897 2155 3953 substantia
2181 3942 2195 3963 ,

609 3999 680 4052 ita
729 3994 906 4050 anima
951 3990 1042 4045 lilii
1085 3990 1154 4044 de
1199 3989 1372 4043 anima
1416 3989 1630 4058 patris;
1675 3994 2000 4059 trahuntque
2032 4004 2194 4060 mg“-

610 4100 848 4149 mentum
879 4087 948 4142 de
978 4084 1434 4140 consimilitudine
1465 4098 1698 4138 morum.

1054 4176 1129 4230 De
1160 4187 1295 4230 certa
1325 4176 1513 4230 anima:
1547 4175 1761 4245 origine.

680 4271 780 4326 Est
837 4278 1017 4323 autcm
1080 4267 1393 4322 indubitatae
1454 4266 1608 4331 fidei,
1672 4281 1771 4321 nec
1823 4265 1954 4322 inde:
1989 4268 2198 4323 animus

612 4363 804 4430 nasci,
835 4362 919 4418 vel
951 4360 1159 4426 creari,
1190 4360 1272 4414 vel
1307 4357 1520 4414 aliunde
1548 4358 1740 4412 adduci
1762 4400 1776 4422 ,
1809 4359 1901 4414 sed
1946 4360 2199 4415 similiter

611 4476 732 4515 cum
763 4461 879 4525 ipso
905 4469 1135 4524 corpore
1167 4453 1311 4507 nasci
1339 4468 1354 4517 ς
1387 4462 1441 4506 ct
1466 4461 1548 4506 est
1576 4450 1842 4521 quoddam
1872 4453 2198 4509 determina-

2303 3348 2584 3404 repertum
2609 3347 2732 3404 est,
2767 3341 2922 3394 tertia
2960 3353 3110 3412 parte
3139 3344 3222 3398 sui
3257 3344 3427 3414 ipsius
3465 3347 3741 3403 δοιηίωή
3777 3347 3870 3402 tli-

2297 3433 2446 3485 noris
2465 3470 2481 3494 ,
2511 3440 2566 3484 et
2600 3431 2699 3485 101
2731 3444 2880 3502 parte
2909 3449 3021 3488 sua:
3064 3437 3229 3503 partis
3259 3437 3454 3493 tertia.

2367 3519 2422 3574 Si
2453 3522 2535 3577 vis
2563 3524 2704 3580 scire
2729 3525 3005 3594 quomodo
3029 3527 3098 3582 de
3128 3537 3240 3584 toto
3269 3531 3446 3598 possis
3477 3532 3657 3588 facere
3697 3533 3858 3586 minus

2298 3613 2641 3670 semitonium
2666 3659 2682 3682 ,
2714 3618 2895 3689 accipe
2924 3632 3169 3676 octavam
3201 3633 3406 3690 partem
3427 3667 3441 3691 ,
3471 3636 3582 3692 quo
3613 3622 3864 3693 sesquioe-

2299 3717 2418 3763 tava
2468 3709 2745 3778 proportio
2791 3711 2957 3768 vincit
3003 3713 3574 3786 subsesquioctaram,
3616 3725 3672 3772 et
3706 3714 3868 3771 divide

2299 3815 2417 3854 eam
2467 3802 2518 3855 in
2567 3818 2758 3858 novem
2803 3806 3038 3876 :cquales
3085 3817 3305 3877 partes;
3357 3820 3576 3878 postea,
3624 3807 3863 3865 relictisS

2301 3893 2556 3955 novenis,
2591 3904 2698 3950 tres
2747 3910 2986 3952 novenas
3028 3899 3310 3968 aqualiter
3355 3901 3537 3955 divide
3586 3902 3637 3955 ln
3667 3900 3732 3954 27
3764 3914 3868 3970 par-

2305 3992 2406 4039 tes.
2444 3985 2520 4040 De
2548 3987 2746 4056 quibus
2778 3990 3034 4046 vicesima
3065 3991 3288 4061 septima
3322 4002 3474 4061 parte
3500 3993 3738 4056 sublata,
3767 4004 3870 4063 pro-

2298 4077 2381 4129 cul
2415 4077 2578 4132 dubio
2609 4081 2911 4136 remanebit
2945 4083 3036 4138 tibi
3069 4082 3250 4139 limms
3271 4125 3288 4152 ,
3321 4084 3373 4138 id
3420 4094 3506 4139 est
3527 4125 3544 4150 ,
3579 4083 3752 4139 minus
3788 4098 3867 4138 se-

2299 4169 2419 4224 mis.
2452 4168 2567 4225 Hoc
2612 4181 2791 4228 autem
2842 4190 2947 4231 non
2992 4185 3075 4231 est
3121 4174 3510 4245 igttoraindum,
3560 4192 3668 4248 quo
3711 4177 3868 4230 minus

2298 4263 2464 4321 semis
2505 4265 2822 4323 collocatum
2865 4281 2991 4323 cum
3026 4270 3397 4337 sesquioctava
3443 4269 3782 4338 proportione
3807 4263 3867 4318 il-

2300 4356 2404 4412 lius
2447 4359 2876 4427 sesquioctavas,
2923 4373 2954 4413 a
3000 4359 3154 4428 cuius
3185 4375 3326 4414 nona
3365 4369 3516 4428 parte
3543 4361 3863 4417 diminuitur.

2299 4446 2544 4504 continet
2573 4458 2738 4504 totam
2769 4450 2912 4512 illam
2944 4450 3376 4520 sesquioetavant
3395 4491 3411 4517 ,
3441 4460 3496 4507 et
3526 4452 3744 4519 insuper
3766 4447 3868 4518 Pi"!

617 4564 730 4609 tum
763 4561 971 4617 tempus
1003 4555 1122 4616 post
1155 4545 1561 4611 conceptionem
1591 4544 1849 4610 seminis,
1881 4545 2021 4614 quod
2052 4547 2196 4600 redi-
2228 4572 2275 4632 υ
2302 4538 2372 4594 24
2403 4551 2608 4611 partem
2637 4543 2757 4613 eius
2787 4545 3057 4600 vicesima
3082 4544 3120 4598 ι
3147 4547 3344 4613 partis.
3375 4553 3431 4598 ει
3453 4557 3716 4614 praeterea
3740 4553 3869 4626 om"

613 4648 758 4719 gitur
788 4644 843 4698 in
875 4655 1070 4708 corpus
1103 4639 1394 4691 humanum
1417 4676 1430 4696 ,
1461 4651 1566 4702 quo
1597 4638 1835 4689 nascitur
1863 4637 2038 4691 anima
2069 4651 2189 4692 cum

607 4750 861 4808 corpore.
922 4733 1130 4788 Anima:
1179 4740 1354 4783 autem
1404 4727 1522 4781 dua:
1569 4736 1696 4780 sunt
1737 4729 1904 4794 vires,
1950 4743 2050 4782 una
2095 4743 2190 4783 su-

611 4837 810 4905 perior,
857 4828 1030 4882 altera
1071 4821 1313 4877 inferior.
1362 4818 1617 4888 Superior
1666 4820 1978 4876 cmlestibus
2017 4830 2070 4874 et
2112 4821 2193 4874 in-

609 4917 1051 4992 corruptibilibus
1090 4914 1362 4976 adhaeret,
1407 4919 1462 4965 et
1503 4910 1608 4964 alia
1639 4909 1999 4978 concupiscit,
2031 4925 2193 4964 voca-

617 5025 814 5084 turque
845 5009 1201 5071 rationalitas,
1233 5003 1474 5074 spiritus,
1506 5003 1722 5057 domina
1757 5017 1925 5069 mens,
1957 5003 2191 5058 animus.

615 5106 841 5163 Inferior
885 5110 971 5158 est
1018 5113 1139 5173 qua:
1187 5094 1550 5165 voluptatibus
1597 5091 1838 5163 corporis
1887 5095 2190 5160 consentit,

609 5208 940 5266 vocaturque
983 5188 1339 5251 seusualitas,
1385 5186 1723 5250 animalitas,
1776 5185 1969 5239 famula
2018 5201 2190 5241 mens.

607 5289 974 5360 Superiotque
1000 5284 1162 5340 debet
1186 5295 1371 5350 regere
1400 5278 1707 5338 inferiorem
1733 5293 1752 5344 ;
1782 5279 1874 5334 sed
1907 5278 2192 5349 aliquando

567 5351 1022 5450 lex-superioris
1071 5371 1391 5447 negligentia
1440 5370 1694 5440 [πίω-ιιιιι
1739 5371 1977 5440 inferior,
2007 5381 2061 5426 et
2108 5385 2194 5427 sc-

605 5475 753 5533 ducit
781 5475 1132 5542 superiorem.
1167 5467 1262 5523 Bst
1289 5477 1343 5521 et
1373 5467 1438 5519 in.
1459 5467 1559 5519 hoc
1591 5465 1757 5536 ﬁgura
1793 5463 1922 5519 Adte
1949 5473 2002 5520 ει
2036 5465 2188 5519 Erae.

607 5570 668 5625 Si
699 5566 842 5624 enim
874 5562 1043 5620 Adam
1075 5561 1321 5629 superior
1349 5573 1410 5612 se
1441 5565 1584 5612 recte
1613 5556 1870 5624 rexisset,
1904 5573 2008 5612 non
2041 5556 2190 5612 illum

608 5662 718 5717 Eva
750 5658 976 5714 inferior
1005 5653 1332 5707 seduxisset.
1378 5651 1618 5719 (Suntque
1663 5652 1742 5704 eis
1784 5650 2004 5720 spiritus
2047 5661 2194 5706 esset

611 5754 908 5813 secundum
957 5745 1298 5802 diversitates
1347 5745 1681 5807 animarum,
1729 5759 1866 5798 unus
1913 5745 2003 5815 qui
2057 5761 2190 5799 nun-

604 5869 766 5922 quam
801 5854 983 5906 unitur
1009 5862 1130 5905 cum
1163 5857 1390 5912 corpore
1416 5882 1431 5909 ,
1463 5842 1589 5896 licet
1618 5841 1907 5912 aliquando
1937 5842 2062 5897 illud
2098 5855 2185 5895 as-

2301 4649 2421 4686 Vaut
2455 4645 2664 4701 partem
2715 4634 2833 4702 eius
2879 4644 3084 4704 quantae
3115 4635 3282 4704 partis
3303 4675 3320 4700 ,
3351 4644 3409 4688 et
3438 4633 3640 4704 septies
3667 4632 3726 4688 81
3763 4622 3864 4701 μή

2298 4733 2403 4780 Iern
2435 4725 2552 4796 ejus
2584 4735 2792 4781 octava:
2824 4727 3010 4794 partis.
3043 4725 3206 4781 Verbi
3249 4725 3422 4796 gratia
3445 4763 3461 4790 ,
3506 4735 3866 4794 praponamus

2298 4817 2433 4870 tales
2463 4820 2673 4872 numeri
2708 4820 2762 4886 ὖ,
2793 4821 2845 4873 in
2876 4821 3070 4889 quibus
3101 4820 3359 4889 liquescat
3384 4819 3473 4888 qui
3503 4818 3718 4874 dicitur.
3747 4815 3869 4872 Sunt

2297 4917 2507 4972 numeri
2536 4914 2674 4983 243,
2705 4926 2760 4970 et
2787 4918 2918 4980 9.55,
2946 4928 2998 4971 et
3026 4917 3156 4986 273,
3186 4927 3239 4971 et
3273 4917 3556 4980 trientem,
3586 4923 3641 4969 et
3670 4925 3865 4968 semun-

2295 5010 2436 5063 ciam
2455 5050 2471 5073 ,
2501 5007 2633 5074 245,
2665 5019 2721 5063 et
2747 5010 3258 5078 subsesquioetavus
3288 5008 3354 5063 ad
3384 5006 3514 5076 275,
3545 5017 3600 5064 et
3633 5006 3862 5061 trientem

2295 5099 2648 5155 semunciam.
2685 5099 2822 5155 Nam
2869 5101 2972 5155 iste
3013 5109 3098 5155 est
3138 5102 3540 5170 sesquioctavus
3582 5099 3651 5156 ad
3693 5099 3859 5162 iiluut,

2297 5192 2534 5246 continet
2559 5207 2683 5248 eum
2716 5202 2919 5260 totum,
2951 5202 3006 5248 et
3033 5193 3152 5262 ejus
3193 5189 3440 5250 octavam
3480 5203 3720 5265 partem,
3756 5203 3862 5261 qua

2295 5292 2381 5339 est
2407 5283 2500 5350 39,
2528 5293 2582 5340 et
2612 5285 2780 5341 trieits
2807 5295 2868 5340 et
2890 5286 3192 5353 semuncia,
3217 5295 3273 5341 et
3301 5287 3461 5342 etiam
3492 5296 3648 5342 tonus
3674 5285 3863 5354 integer

2297 5378 2363 5432 ad
2395 5379 2568 5434 illum.
2604 5379 2827 5434 Ducenti
2861 5395 2991 5436 vero
3023 5381 3114 5446 53,
3145 5382 3238 5449 qui
3287 5396 3543 5437 numerus
3583 5391 3670 5436 est
3713 5375 3861 5434 semi-

2297 5471 2446 5526 tonio
2475 5470 2680 5536 minus,
2707 5472 2798 5542 qui
2831 5470 2898 5526 ad
2927 5471 3036 5525 943
3081 5482 3448 5542 comparatur,
3497 5472 3632 5528 bene
3676 5471 3862 5526 dicitur

2298 5563 2551 5620 diinuti
2588 5579 2616 5618 s
2649 5579 2790 5619 nona
2823 5576 2974 5635 parte
3003 5567 3359 5620 ducentarum
3387 5566 3482 5634 78,
3513 5577 3568 5622 et
3594 5563 3794 5622 trientis
3816 5566 3862 5615 et

2296 5657 2608 5712 semuncia.
2635 5656 2873 5724 Quorum
2906 5667 3102 5725 praeter
3131 5668 3301 5713 totum
3329 5659 3494 5715 etiam
3538 5665 3710 5726 potest
3749 5667 3862 5707 eon-

2298 5751 2455 5806 tinet-i
2487 5767 2626 5806 nona
2658 5762 2808 5820 parte
2854 5751 2937 5805 sui
2981 5749 3100 5821 ejus
3141 5760 3387 5808 octavam
3417 5760 3651 5821 partem,
3679 5747 3730 5804 id
3754 5750 3858 5814 est,

2297 5845 2652 5901 ducentorum
2683 5848 3123 5916 suagiutatrium
3147 5888 3162 5909 ,
3188 5845 3272 5901 cui
3301 5861 3482 5903 concet
3499 5855 3602 5911 tas,
3629 5833 3864 5911 qucum?
