4098 6208
323 432 420 490 ωδ

1597 421 1808 480 MUNDI
1849 419 2324 478 CONSTITUTIO.

3483 417 3588 476 Μ
3663 372 3666 374 ,

323 547 535 605 modum
581 544 985 615 sesquioctavus
1029 544 1179 601 facit.
1227 542 1342 599 Non
1389 542 1533 598 enim
1578 548 1796 610 superat
1838 537 1898 592 il-
1929 541 1978 596 Δ
2009 537 2161 592 Unde
2199 538 2483 608 proborum
2517 550 2701 592 mores
2731 549 2946 606 asseqm
2972 550 3080 590 non
3111 533 3328 600 valent,
3359 551 3452 604 qui
3480 549 3594 592 cer.

317 647 430 704 lum
452 689 466 712 ,
498 643 598 699 nisi
631 643 915 705 tredecim,
948 640 1187 694 continet
1221 650 1402 694 tamen
1435 638 1588 691 illum
1615 644 1819 698 totum,
1845 639 1902 688 et

317 741 433 806 ejus
455 737 763 792 vicesimam
787 744 1028 804 quartam
1062 743 1266 802 partem
1291 773 1306 798 ,
1331 746 1449 800 qua:
1475 731 1635 784 etiam
1661 728 1726 782 10
1753 738 1903 780 asses

318 841 376 886 et
415 827 470 896 5,
502 838 554 885 et
582 837 869 896 praeterea,
899 825 1142 880 continet
1189 823 1345 892 hujus
1390 819 1658 875 vicesimae
1707 828 1904 885 quarta:

322 921 524 989 partis,
557 935 677 987 quae
719 920 884 974 etiam
929 916 1036 969 duo
1075 927 1245 970 asses.
1290 912 1508 967 Necnon
1556 910 1732 963 adltth'
1778 923 1905 960 con-

319 1012 456 1066 tinet
506 1011 662 1078 hujus
713 1016 920 1078 quarta:
967 1005 1131 1075 partis
1185 1004 1220 1056 8
1277 1012 1518 1071 partem,
1575 1012 1695 1069 quae
1742 997 1904 1052 etiam

317 1104 588 1176 quadrans
619 1121 681 1169 ι,
711 1103 765 1157 9.
797 1100 882 1173 εξ.
915 1115 966 1154 c.
1000 1100 1056 1156 9.
1090 1101 1154 1153 Et
1199 1097 1444 1153 omnium
1493 1092 1738 1148 continet
1785 1096 1907 1156 post

320 1194 596 1264 superiora
649 1192 805 1263 hujus
853 1200 1055 1245 octava:
1104 1189 1272 1259 partis
1317 1187 1529 1256 species
1573 1182 1904 1252 octogesima

319 1291 549 1361 primam
601 1298 844 1358 partem,
894 1301 1013 1356 qiue
1059 1295 1142 1338 est
1193 1282 1476 1350 scrupulus
1525 1289 1580 1334 et
1628 1277 1902 1339 calculus;

318 1398 454 1455 ergo
499 1383 672 1437 minus
716 1380 1057 1435 semitonium
1104 1384 1469 1444 comparatqu
1518 1388 1638 1428 cum
1685 1372 1903 1426 subses-

322 1474 608 1544 quioctava
641 1470 989 1542 proportione
1020 1469 1160 1523 illius
1205 1467 1587 1533 sesquioctavte
1613 1506 1627 1529 ,
1677 1478 1707 1517 a
1754 1463 1910 1532 cujus

324 1580 472 1622 nona
525 1577 674 1635 parte
719 1561 1056 1627 dintinuitur,
1097 1560 1505 1627 comprehendit
1553 1567 1715 1610 totam
1759 1555 1907 1609 illam

322 1657 852 1723 subsesquioctavam
873 1697 886 1718 ,
919 1662 974 1707 et
1000 1651 1115 1721 ejus
1143 1649 1214 1705 ‘25
1243 1661 1298 1705 et
1327 1660 1530 1720 partem
1551 1689 1567 1714 ,
1601 1656 1656 1703 et
1678 1645 1752 1700 ‘24
1784 1662 1905 1715 par—

321 1751 392 1804 tis
413 1790 428 1812 ,
458 1760 696 1819 quartam
720 1791 736 1815 ,
767 1757 821 1801 et
849 1759 1050 1814 quarta!
1081 1754 1320 1800 octavam
1343 1784 1358 1806 ,
1389 1755 1443 1798 et
1473 1754 1676 1796 octava:
1707 1741 1908 1810 septies

318 1839 388 1894 8|
432 1850 655 1909 partem.
687 1838 742 1893 Si
774 1849 950 1892 autem
981 1839 1084 1891 hoc
1114 1837 1353 1890 invenire
1383 1835 1658 1890 desideras
1689 1835 1742 1888 in
1771 1834 1909 1888 inte-

326 1935 439 2004 gris
469 1935 571 1998 bis,
605 1937 655 1987 in
689 1933 982 1987 minoribus
1012 1948 1114 1986 non
1147 1933 1346 2002 poteris
1376 1931 1615 1983 invenire
1647 1927 1904 1990 numeris,

321 2041 485 2096 quam
518 2028 656 2081 inter
684 2024 776 2088 57,
801 2023 928 2092 208,
959 2031 1014 2078 ct
1043 2021 1133 2087 65,
1162 2021 1286 2075 556.
1320 2020 1388 2076 Ut
1418 2019 1626 2088 plenius
1654 2018 1913 2089 liquescat

323 2119 599 2191 probatio,
636 2127 964 2186 proponatur
992 2113 1240 2183 epitritus
1265 2122 1320 2168 et
1348 2111 1698 2180 subepitritus
1728 2125 1914 2165 nume-

323 2225 445 2275 rus,
467 2209 564 2264 "ubi
599 2220 715 2276 post
742 2208 876 2262 duos
907 2217 1062 2260 tonos
1092 2212 1372 2259 remaneat
1402 2201 1495 2258 tibi
1528 2201 1873 2256 semitonium
1894 2243 1910 2269 ,

324 2301 418 2356 ubi
453 2279 706 2368 probetur
733 2298 1002 2368 quadrans
1030 2311 1148 2350 esse
1179 2309 1365 2349 verum
1390 2334 1406 2360 ,
1439 2303 1493 2348 et
1538 2294 1607 2348 ita
1653 2295 1912 2346 inclinen-

325 2400 417 2446 tur
445 2389 536 2452 40,
564 2389 686 2452 155,
716 2388 833 2458 i-jus
861 2397 1075 2439 octavas
1103 2395 1278 2453 patles
1306 2383 1360 2448 fi,
1392 2384 1512 2446 100,
1541 2382 1629 2447 11,
1657 2382 1712 2445 4,
1741 2382 1830 2446 50,
1859 2381 1912 2446 3,

323 2485 470 2550 9.00,
505 2484 604 2552 10,
648 2484 776 2548 100,
808 2483 875 2544 6,
906 2481 1020 2549 ejus
1049 2491 1234 2534 octava
1269 2493 1391 2548 pars
1421 2480 1484 2543 Ἰ,
1516 2477 1654 2543 700,
1686 2478 1783 2540 76,
1812 2476 1912 2543 05.

324 2573 458 2630 536.
506 2574 611 2629 lste
643 2587 770 2642 ergo
798 2573 1036 2627 continet
1069 2580 1238 2624 totum
1270 2571 1645 2638 superiorem,
1697 2577 1752 2624 et
1798 2567 1916 2637 ejus

326 2665 641 2719 vicesimam
673 2674 915 2734 quartam
948 2675 1185 2732 partem,
1221 2677 1338 2729 qua:
1368 2669 1451 2716 est
1475 2657 1611 2720 018,
1656 2671 1709 2714 et
1758 2659 1916 2727 hujus

325 2767 538 2828 quartae
567 2757 736 2830 partis
766 2769 1010 2811 octavam
1044 2764 1279 2824 partem,
1313 2770 1430 2821 qua?
1457 2765 1532 2808 εει
1567 2753 1659 2816 8.),
1692 2763 1744 2808 et
1775 2755 1916 2806 insu-

328 2861 429 2916 pcr
473 2849 714 2901 continet
760 2847 962 2915 septies
1009 2845 1388 2913 octogesimum
1440 2847 1664 2912 primam
1713 2853 1914 2912 partem

331 2938 495 3006 hujus
537 2948 741 2993 octava:
793 2940 982 3008 partis.
1035 2937 1172 2990 lnter
1203 2938 1237 2991 5
1265 2947 1438 2990 autem
1491 2946 1544 2989 et
1584 2946 1811 3004 quatuor
1837 2937 1918 2988 sic

329 3041 508 3101 potest
538 3028 765 3085 inveniri
799 3030 1142 3085 semitonium
1163 3072 1176 3095 ,
1207 3044 1238 3082 a
1271 3029 1477 3082 duobus
1506 3027 1764 3097 epogdois
1795 3028 1918 3080 reli-

328 3135 476 3180 etum
499 3167 515 3192 ,
547 3125 580 3180 '5
609 3135 796 3178 octava
831 3138 954 3194 pars
987 3133 1070 3177 est
1099 3125 1264 3177 triens
1291 3133 1345 3177 et
1375 3123 1690 3187 semiuncia,
1723 3120 1917 3176 sextuli

328 3220 564 3286 obuius,
597 3217 836 3272 calculus
867 3227 924 3272 et
952 3217 1207 3271 dimidius
1237 3218 1302 3281 5,
1338 3215 1686 3269 hemitonium
1717 3216 1910 3268 minus.
1944 3251 1995 3318 α

330 3311 479 3366 Inter
532 3311 632 3365 hos
681 3310 818 3365 duos
869 3325 1120 3365 numeros
1169 3309 1434 3362 invenitur
1477 3306 1652 3361 minus
1700 3306 1920 3360 semita-

331 3405 483 3461 nium
507 3444 521 3469 ,
549 3405 638 3474 qui
672 3415 796 3458 sunt
824 3404 856 3457 4
879 3442 894 3467 ,
927 3404 1032 3459 800
1053 3443 1067 3467 ,
1096 3402 1164 3454 60
1187 3444 1199 3466 ,
1233 3401 1300 3467 4,
1331 3410 1384 3454 et
1415 3401 1478 3465 4,
1509 3399 1634 3466 500,
1671 3399 1796 3465 100,
1832 3399 1917 3454 17.

331 3497 390 3552 Si
423 3495 587 3567 igitur
629 3497 707 3550 vis
750 3496 890 3550 scire
932 3494 1200 3564 quomodo
1243 3507 1304 3546 se
1350 3492 1508 3546 habet
1553 3492 1606 3546 in
1649 3493 1795 3547 omni
1836 3506 1920 3547 se-
1968 3483 1976 3490 ’

332 3587 563 3640 mltonio
607 3586 800 3640 minori
848 3585 1021 3654 major
1066 3599 1320 3638 numerus
1366 3584 1431 3637 ad
1477 3584 1774 3650 minorem,
1827 3585 1919 3638 sed

337 3678 533 3730 horum
590 3676 817 3728 duorum
869 3689 1215 3728 numerorum
1269 3673 1641 3729 collectionem
1701 3674 1921 3727 firmiter

340 3767 543 3836 ubique
586 3766 804 3820 habeas.
850 3763 1100 3820 Continet
1129 3780 1361 3834 namque
1388 3766 1442 3819 in
1474 3769 1574 3818 hac
1603 3764 1924 3819 collectione

339 3859 518 3929 major
546 3872 803 3912 numerus
825 3899 838 3922 ,
870 3858 958 3924 qui
990 3867 1071 3913 est
1101 3859 1154 3923 4,
1186 3855 1313 3920 800,
1346 3857 1437 3921 60,
1471 3857 1526 3921 4,
1557 3866 1724 3910 totum
1754 3858 1924 3910 niino-

339 3969 491 4017 rem,
523 3953 765 4017 scilicet,
801 3951 832 4002 4
853 3995 866 4015 ,
901 3951 1024 4016 500,
1065 3951 1186 4014 100,
1224 3951 1324 4013 18;
1356 3960 1410 4004 et
1441 3951 1662 4018 insuper
1690 3952 1807 4017 ejus
1835 3965 1925 4002 no-

340 4059 467 4096 uam
497 4041 757 4095 decimam
792 4050 1032 4108 partem,
1066 4054 1185 4108 qua:
1221 4041 1270 4104 1,
1300 4040 1443 4105 200,
1482 4041 1570 4107 10,
1602 4039 1689 4105 50,
1724 4041 1792 4102 5;
1828 4055 1925 4093 nec

347 4148 459 4187 non
492 4132 607 4202 ejus
643 4146 796 4185 nonae
825 4131 1049 4185 decimae
1081 4132 1248 4200 partis
1277 4133 1658 4200 octogesimam
1701 4131 1925 4198 prirnum

350 4233 559 4292 partem
591 4225 643 4287 1,
676 4222 751 4286 5;
784 4229 840 4277 et
869 4233 1126 4291 praeterea
1167 4224 1406 4277 continet
1445 4225 1785 4292 octogeSitttre
1815 4223 1924 4293 pri-

352 4332 458 4368 una:
489 4316 656 4382 partis
679 4356 693 4377 ,
725 4329 844 4383 qua:
873 4323 958 4367 est
987 4315 1186 4368 unitas.
1223 4314 1368 4368 Ilnus
1397 4314 1522 4368 duo.
1558 4313 1680 4368 ideo
1709 4328 1737 4367 a
1773 4315 1927 4368 mini-

349 4420 440 4458 mo
475 4406 562 4458 hic
602 4405 744 4458 liber
784 4404 1002 4472 incipit,
1034 4403 1156 4473 quia
1199 4404 1443 4459 conditor
1485 4408 1730 4458 humanae
1772 4405 1929 4460 molis

351 4513 632 4552 numerum
683 4499 851 4552 voluit
903 4500 1103 4552 habere
1149 4501 1424 4569 exemplar
1471 4500 1523 4555 in
1572 4501 1718 4555 ouini
1767 4517 1930 4569 opere

1938 1900 1986 1960 B

2011 630 2080 682 tis
2109 639 2162 682 et
2213 627 2579 696 probabilibus
2629 634 2851 681 tttuntur
2897 627 3214 680 rationibus.
3267 627 3350 682 Fit
3391 629 3535 684 enim
3565 633 3595 683 ὑ

2010 720 2311 775 intervallo.
2347 719 2486 773 Dicit
2515 718 2618 774 hoc
2646 734 2741 790 per
2773 719 3103 773 involucrum
3127 746 3129 748 -
3150 727 3207 774 et
3249 719 3588 788 integumen-

2011 823 2156 878 tum,
2188 813 2340 882 quasi
2373 824 2505 866 axes
2550 812 2674 868 caeli
2715 811 3005 879 aliquando
3052 811 3174 866 trini
3216 812 3585 877 emolirentur,

2008 913 2064 959 et
2093 904 2335 959 facerent
2364 904 2534 973 ipsam
2562 903 2828 972 sphaeram
2875 904 3128 959 mundani
3173 905 3418 974 corporis
3465 907 3595 960 sub-

2009 996 2212 1060 sidere,
2245 1005 2302 1050 et
2331 993 2402 1049 ita
2433 994 2583 1050 calor
2611 995 2978 1050 dominaretur
3009 997 3250 1062 humori,
3285 1006 3338 1052 et
3368 997 3440 1052 ita
3473 1011 3596 1066 pro-

2011 1087 2221 1142 veniret
2247 1086 2509 1142 diluvium
2543 1101 2638 1157 per
2671 1088 2858 1158 ignem
2883 1130 2897 1154 ,
2928 1095 2985 1142 et
3010 1104 3040 1141 e
3070 1102 3351 1143 converso.
3396 1089 3598 1145 Taliter

2010 1178 2490 1236 circumactionem
2538 1190 2696 1236 vocat
2744 1182 3119 1237 transitionem
3159 1193 3218 1237 et
3258 1185 3597 1240 retransitie-

2013 1287 2134 1326 nem
2188 1271 2623 1335 elementorum,
2678 1273 2821 1341 quod
2878 1289 2984 1328 non
3037 1273 3177 1343 ignis
3227 1274 3491 1344 spissatur
3542 1276 3596 1329 in

2013 1378 2235 1427 aerem,
2272 1378 2366 1419 aer
2396 1362 2450 1418 in
2493 1378 2718 1434 aquam,
2751 1377 2888 1434 aqua
2921 1364 2974 1419 in
3007 1375 3236 1429 terram,
3270 1367 3351 1421 vel
3392 1382 3426 1422 e
3472 1384 3601 1422 cmi-

2013 1471 2204 1522 verso,
2241 1467 2368 1510 tunc
2396 1458 2577 1511 exulat
2618 1458 2786 1523 calor,
2834 1459 2915 1511 vel
2963 1457 3157 1511 humor
3202 1459 3260 1511 fit
3305 1459 3592 1523 diluvium,

2013 1550 2097 1605 vel
2139 1565 2237 1620 per
2284 1549 2497 1619 ignem,
2545 1549 2629 1604 vel
2676 1565 2774 1617 per
2815 1564 3044 1618 aquant,
3095 1551 3320 1603 alteram
3366 1551 3601 1606 circum-

2012 1641 2282 1697 actionem
2315 1641 2446 1696 dicit
2493 1657 2586 1710 per
2611 1641 3048 1696 convolutionem
3074 1641 3104 1692 7
3135 1642 3503 1710 planetarum,
3535 1660 3602 1700 ex

2011 1751 2240 1806 quorum
2286 1745 2475 1790 natura
2507 1737 2592 1790 vel
2626 1736 2823 1790 nimius
2867 1736 3015 1790 calor
3047 1736 3130 1789 vel
3165 1737 3362 1791 humor
3409 1753 3602 1806 prove-

2015 1832 2114 1884 nit.
2148 1829 2243 1884 Est
2269 1829 2447 1885 adhuc
2481 1831 2651 1898 major
2679 1844 2840 1884 causa
2866 1844 2988 1884 cum
3018 1829 3450 1886 ferventissimus
3477 1842 3595 1893 est,

2016 1922 2059 1976 si
2109 1931 2236 1976 tunc
2282 1922 2475 1976 humor
2517 1922 2738 1976 nimium
2782 1932 3021 1976 moratus
3064 1921 3256 1989 fuerit,
3291 1925 3459 1979 stella:
3489 1925 3598 1979 cir-

2015 2013 2272 2070 cumfusae
2293 2016 2392 2070 soli
2417 2016 2719 2070 mittuutex
2747 2030 2806 2069 se
2839 2014 3103 2070 fervorem
3135 2019 3275 2072 circa
3307 2021 3514 2082 solem,
3545 2031 3615 2073 et'

2019 2105 2148 2160 inde
2182 2105 2514 2171 minuuntur,
2547 2108 2779 2160 calorem
2809 2107 2970 2159 mittit
2999 2119 3191 2172 terrai,
3225 2120 3276 2162 et
3309 2121 3434 2163 tunc
3476 2110 3600 2178 igne

2017 2209 2268 2267 pereunt.
2305 2196 2400 2251 Vel
2429 2183 2771 2252 exorbitatio'
2800 2199 3006 2253 referas
3053 2199 3118 2253 ad
3167 2214 3388 2254 currum
3433 2202 3602 2267 solis,

2020 2303 2145 2342 nam
2177 2290 2486 2345 exorbitare
2517 2290 2726 2344 videtur
2772 2293 2822 2344 in
2868 2301 3088 2355 aestate,
3120 2307 3239 2347 cum
3281 2293 3439 2348 altior
3483 2310 3606 2350 sur-

2018 2385 2095 2452 εἰ
2122 2399 2134 2447 ;
2168 2393 2223 2435 et
2254 2393 2379 2438 tunc
2408 2384 2582 2451 magis
2623 2394 2812 2438 cuntra
2846 2399 2943 2438 nos
2973 2399 3164 2438 versus
3207 2395 3327 2451 est,
3358 2403 3518 2456 quam
3549 2388 3605 2443 in

2029 2477 2246 2541 hieme,
2295 2478 2377 2531 vel
2423 2477 2574 2530 dicas
2617 2477 2759 2546 quod
2813 2479 2970 2548 longo
3020 2478 3306 2534 intervallo
3357 2480 3490 2534 dicit
3538 2482 3607 2535 de

2022 2584 2216 2639 magno
2247 2584 2416 2634 anno,
2447 2570 2535 2638 qui
2569 2579 2652 2623 est
2685 2569 2858 2627 15000
2904 2585 3188 2630 annorum.
3225 2573 3394 2627 Aliter
3423 2573 3609 2629 dicunt

2019 2675 2234 2729 quoque
2280 2660 2584 2729 philosophi
2629 2663 2799 2719 solem
2845 2677 2965 2717 esse
3011 2664 3131 2717 talis
3177 2673 3412 2730 naturze,
3463 2669 3607 2734 quod

2020 2755 2260 2808 oumium
2312 2752 2363 2806 in
2412 2770 2472 2809 se
2520 2754 2692 2809 trahat
2747 2755 2924 2825 ignem
2975 2756 3288 2821 stellarum,
3333 2756 3398 2810 ad
3447 2773 3608 2826 quem

2025 2844 2433 2912 temperandum
2465 2845 2687 2899 attrahit
2716 2846 2816 2901 sibi
2851 2845 3130 2902 humorem
3165 2848 3304 2901 illius
3332 2848 3609 2910 elementi,

2021 2935 2229 2990 scilicet
2251 2977 2267 2999 ,
2299 2952 2489 3004 aquae;
2521 2947 2574 2992 et
2606 2946 2734 2992 tunc
2763 2953 2899 3008 aqua
2931 2950 2986 2994 et
3016 2939 3248 2994 maxime
3281 2939 3449 2994 maria
3480 2955 3610 2993 cou-

2024 3027 2326 3092 trahuntur,
2360 3043 2519 3096 quam
2553 3043 2674 3082 cum
2708 3031 2946 3094 remisit,
2977 3032 3289 3085 distrahitur
3319 3045 3487 3096 mare,
3516 3031 3613 3085 sed

2023 3118 2201 3188 aliquo
2232 3128 2475 3188 tempore
2505 3120 2676 3188 magis
2703 3135 2866 3189 quam
2895 3123 3017 3176 alio.
3056 3121 3204 3178 Unde
3235 3123 3477 3177 Lucanus
3502 3141 3514 3175 :

2212 3275 2505 3346 ﬂammiger
2528 3290 2591 3326 an
2614 3277 2757 3346 Titan
2783 3285 2836 3328 ut
2864 3278 3056 3346 alentes
3080 3281 3268 3346 hauriat
3292 3283 3460 3346 undas,

2209 3337 2382 3400 Erigat
2404 3339 2655 3388 Oceanum
2677 3342 2956 3404 ﬂuuiosque
2975 3344 3032 3390 ad
3056 3344 3217 3393 sidera
3245 3346 3399 3395 tollat.

2024 3488 2163 3544 Nota
2205 3489 2348 3559 quod
2381 3490 2510 3544 dicit
2543 3507 2825 3546 numerum
2861 3495 3092 3562 priorem
3125 3497 3427 3563 superficie.
3477 3496 3614 3554 Nul-

2027 3581 2138 3635 lum
2173 3581 2317 3634 enim
2351 3581 2600 3637 accidens
2632 3585 2780 3652 prius
2811 3596 2892 3638 est
2921 3585 3170 3653 sub,ecto
3214 3602 3342 3651 suo,
3390 3595 3444 3641 et
3485 3586 3618 3643 dicit

2025 3673 2369 3740 superficiem
2400 3687 2718 3741 corpoream
2753 3687 2973 3745 pr0pter
3020 3687 3332 3746 perpetuam
3382 3681 3612 3748 conjun-

2024 3765 2260 3818 ctionein
2290 3764 2376 3818 sui
2407 3778 2530 3818 cum
2559 3779 2786 3832 corpore
2808 3807 2822 3832 ,
2855 3767 2998 3836 quod
3047 3783 3321 3838 nunquam
3369 3767 3574 3825 deserit
3595 3811 3611 3834 ,

2028 3856 2349 3924 incorporea
2382 3870 2564 3910 autem
2597 3869 2682 3909 est
2709 3858 2792 3911 sui
2825 3869 3034 3912 natura.
3065 3857 3249 3927 Itaque
3295 3875 3613 3927 corporeum

2029 3958 2084 4002 et
2135 3948 2512 4016 incorporeum
2566 3947 2668 4004 hoc
2716 3962 2960 4017 respectu
3011 3952 3148 4005 liene
3199 3953 3472 4020 patiuntur
3517 3969 3614 4018 se,

2028 4055 2352 4106 corporeum
2389 4051 2445 4094 ut
2473 4041 2753 4108 corporis,
2784 4051 2842 4096 et
2873 4042 3249 4111 incorporeum
3281 4045 3474 4099 anima:
3519 4062 3614 4114 pc—

2029 4132 2178 4186 nitus
2223 4139 2350 4187 sunt
2397 4133 2678 4201 opposita,
2727 4147 2827 4188 nec
2873 4135 3090 4188 omnino
3139 4135 3411 4204 patiuntur
3455 4153 3514 4191 se
3561 4140 3612 4191 iu

2028 4223 2238 4279 eodeuL

2103 4317 2242 4388 llyle
2285 4319 2544 4388 impressa
2594 4320 2728 4376 ideis
2770 4321 2900 4376 dicit
2943 4319 3163 4378 firmare
3189 4336 3425 4393 corpus,
3457 4324 3614 4393 cujus

2037 4413 2484 4479 przcstantissitna
2537 4423 2686 4482 parte
2740 4428 2988 4472 constare
3036 4417 3216 4472 divina
3265 4419 3420 4483 dicit,
3474 4420 3616 4488 quod

2040 4521 2146 4578 npn
2183 4507 2391 4561 videtur
2419 4522 2556 4562 esse.
2594 4508 2727 4578 llyle
2757 4510 2899 4564 enim
2948 4521 3032 4565 est
3076 4527 3163 4565 res
3210 4511 3452 4565 informis
3477 4552 3492 4575 ,
3524 4528 3617 4565 ve—

353 4601 486 4653 suo,
535 4587 622 4642 ubi
668 4591 828 4643 etiam
879 4589 932 4643 in
980 4589 1064 4642 his
1096 4599 1310 4644 notetur
1341 4591 1597 4659 perfectio
1628 4595 1844 4660 operis,
1877 4603 1931 4648 et
1955 4611 2009 4670 Β
2039 4612 2150 4649 rain
2186 4612 2290 4649 non
2325 4597 2483 4651 habet
2514 4608 2719 4667 partem
2751 4599 2803 4654 in
2833 4602 2914 4656 sui
2947 4613 3133 4656 natura
3163 4618 3177 4665 ;
3210 4616 3378 4670 quare
3407 4617 3469 4654 ex
3501 4603 3619 4670 ejus

352 4680 418 4730 ab
465 4693 600 4741 uno,
653 4679 704 4733 id
751 4689 870 4744 est,
919 4693 949 4733 a
999 4680 1143 4744 Deo,
1172 4684 1295 4751 quia
1336 4697 1472 4735 unus
1497 4696 1579 4737 est
1613 4685 1783 4739 factor
1808 4701 1924 4740 om-

352 4773 533 4835 nium,
569 4786 688 4840 qua:
717 4781 842 4826 sunt
866 4813 884 4839 ,
917 4786 946 4824 a
980 4773 1193 4829 duobus
1223 4783 1278 4828 et
1302 4791 1332 4828 a
1364 4776 1562 4842 tribus,
1593 4782 1846 4846 quoniam
1877 4779 1930 4833 hi

357 4870 590 4916 tractant
618 4862 684 4916 de
711 4864 858 4916 omni
891 4862 1190 4929 alteritate,
1233 4880 1353 4933 qua:
1381 4867 1448 4920 ab
1477 4883 1615 4933 uno,
1659 4869 1709 4921 id
1753 4880 1867 4934 est,
1901 4885 1929 4924 a

357 4952 474 5006 Deo
530 4953 845 5018 descendit,
903 4954 1040 5007 sicut
1091 4969 1121 5007 a
1173 4958 1402 5012 monade
1457 4961 1634 5013 omnis
1690 4962 1932 5016 alternas

357 5045 538 5098 mundi
570 5046 808 5099 ducitur.
841 5047 1073 5112 Quartus
1116 5046 1214 5101 hac
1244 5050 1451 5104 ratione
1479 5051 1806 5106 subtrahitur
1836 5069 1935 5106 lm-

355 5150 580 5198 tucrus,
632 5145 688 5189 ut
735 5137 936 5191 senarii
985 5137 1190 5191 numeri
1241 5139 1527 5206 perfectius
1580 5155 1928 5210 remaneant,

355 5225 479 5293 quia
513 5225 564 5276 hi
596 5236 704 5278 tres
737 5223 957 5292 perfecti
989 5233 1242 5281 notantur
1271 5230 1323 5280 in
1353 5229 1577 5285 scientia
1607 5235 1673 5287 de
1705 5235 1933 5289 naturali

351 5313 584 5385 iustitia.
614 5313 746 5371 Nam
774 5315 822 5370 si
853 5333 957 5370 non
987 5318 1409 5383 subtraheret’ur,
1461 5322 1712 5378 denarius
1759 5341 1934 5380 rema-

357 5418 546 5474 neret,
579 5423 740 5476 quem
769 5420 980 5464 constat
1024 5426 1146 5468 esse
1194 5414 1516 5480 perfectum,
1565 5420 1684 5484 quia
1731 5422 1934 5476 divisus

358 5514 462 5554 non
494 5498 814 5566 restituitur,
843 5501 981 5556 sicut
1007 5501 1248 5558 senarius
1277 5503 1620 5573 imperfectus
1647 5515 1935 5566 resolvitur

361 5604 454 5654 per
499 5601 718 5659 partes,
767 5604 890 5659 quae
937 5605 1271 5649 coacervata:
1320 5595 1519 5653 faciunt
1568 5598 1933 5669 imperfectum

361 5697 639 5737 numerum
660 5722 677 5748 ,
713 5683 763 5736 id
796 5691 908 5747 est,
939 5690 1232 5742 senarium.

431 5778 688 5845 Superest
729 5777 908 5846 igitur.
956 5778 1219 5846 Sophiste
1262 5798 1390 5839 vero
1431 5799 1573 5843 nunc
1600 5800 1724 5842 suas
1754 5788 1938 5846 deleo-

365 5867 496 5924 duint
526 5867 780 5932 rationes,
810 5879 863 5923 et
893 5868 1099 5926 alienas
1127 5869 1442 5945 impugnaut
1461 5920 1479 5948 ,
1510 5889 1564 5934 et
1591 5896 1624 5936 ο
1651 5894 1933 5939 converso.

815 5963 1084 6027 Parnm.
1133 5964 1263 6029 XC.

2039 4699 2189 4758 parte
2223 4690 2354 4742 nihil
2385 4703 2634 4756 constat,
2670 4708 2768 4747 nec
2797 4694 2955 4747 etiam
2988 4709 3054 4748 ex
3101 4693 3215 4758 ejus
3245 4697 3473 4747 termino
3515 4693 3618 4747 ali-

2035 4779 2164 4846 quid
2215 4789 2450 4833 constat.
2483 4780 2537 4834 Si
2567 4782 2710 4836 enim
2743 4783 2866 4852 her
2914 4782 2965 4836 in
2995 4783 3210 4852 aliquod
3243 4799 3404 4836 unum
3441 4793 3616 4836 trans-

2040 4869 2142 4923 iret
2175 4878 2366 4936 totutn,
2395 4870 2503 4938 jam
2533 4874 2635 4924 alia
2663 4874 2838 4928 omnia
2869 4888 2934 4928 ex
2964 4874 3083 4943 her
3115 4874 3334 4928 materia
3366 4887 3470 4928 non
3499 4889 3636 4928 con-

2041 4974 2289 5028 starent,
2318 4964 2458 5029 quod
2487 4963 2650 5018 etiam
2681 4974 2765 5020 est
2807 4977 2995 5019 contra
3042 4965 3411 5020 auctoritatem
3435 5006 3449 5024 .
3497 4979 3620 5021 cum

2039 5069 2138 5108 nec
2165 5067 2229 5108 ex
2263 5065 2411 5118 toto,
2445 5068 2544 5110 nec
2573 5070 2640 5109 ex
2671 5066 2819 5125 parte
2850 5055 2973 5127 her
2998 5065 3295 5112 constaret.
3326 5056 3621 5112 Dicendum

2038 5153 2124 5198 est
2155 5145 2322 5215 igitur
2351 5146 2475 5218 hyle
2505 5147 2762 5202 advenire
2791 5149 3014 5202 formam
3037 5193 3052 5215 ,
3097 5165 3150 5204 et
3196 5152 3367 5220 primo
3411 5152 3464 5205 iu
3509 5152 3623 5205 ali-

2039 5253 2198 5304 quam
2231 5250 2437 5304 .partem
2469 5240 2552 5293 sui
2577 5279 2592 5305 ,
2626 5242 2764 5295 unde
2788 5243 2995 5296 dicatur
3022 5243 3136 5296 fieri
3166 5243 3362 5314 aliquid
3384 5285 3400 5309 ,
3428 5244 3625 5300 deinde

2039 5336 2196 5387 aliam
2226 5333 2452 5388 formam
2487 5338 2541 5388 in
2569 5337 2676 5388 alia
2708 5345 2858 5403 parte
2889 5337 2970 5391 sui
2994 5377 3008 5399 ,
3041 5350 3095 5390 et
3124 5338 3204 5391 sic
3250 5353 3344 5405 per
3389 5339 3619 5406 singula.

2041 5425 2280 5479 'l‘radunt
2310 5425 2516 5496 physici
2562 5427 2806 5495 quer-dam
2855 5430 3198 5483 convenienti
3243 5444 3471 5498 corpore
3509 5429 3622 5486 ele-

2041 5528 2346 5572 mentorum
2401 5522 2464 5570 ad
2523 5519 2932 5573 similitudinem
2990 5535 3338 5574 numerorum
3392 5535 3624 5590 corpora

2042 5610 2468 5678 proportionari,
2495 5609 2564 5663 ad
2597 5610 2700 5664 hoc
2733 5621 2789 5663 ut
2817 5611 2924 5665 sint
2951 5621 3070 5678 apta
3103 5610 3358 5666 vivificari
3399 5613 3469 5666 ab
3511 5615 3630 5665 aui-

2041 5715 2127 5752 ma
2148 5739 2165 5764 ,
2197 5715 2317 5766 qure
2344 5698 2666 5768 compositio
2697 5700 3014 5756 universalis
3043 5703 3169 5755 dum
3201 5718 3356 5756 suurn
3387 5711 3626 5754 tenorem

2043 5791 2200 5844 habet
2221 5829 2237 5854 ,
2269 5801 2512 5846 naturam
2542 5792 2792 5846 animalis
2817 5794 3042 5848 solidam
3073 5803 3126 5849 et
3151 5795 3426 5864 quietam,
3455 5804 3628 5858 quan-

2044 5892 2153 5938 tutn
2189 5883 2241 5937 in
2273 5883 2351 5937 sui
2387 5896 2627 5942 naturam
2661 5902 2878 5943 manere
2905 5887 3106 5944 dicunt.
3159 5886 3214 5940 Si
3261 5898 3388 5940 vero
3417 5898 3482 5937 cx
3526 5882 3624 5936 ali-

3186 5976 3263 6037 29
