4098 6208
581 357 691 414 90⁸1

1055 357 1254 414 BED/E
1295 356 1749 448 VENEBABILIS
1786 362 1934 418 OPP.
1977 362 2150 422 PARS
2193 365 2232 421 Ι.
2278 365 2472 426 SECT.
2514 369 2576 424 ll.
2619 398 2686 412 --
2728 369 2932 428 DUBIA
2974 370 3061 427 ΕΤ
3100 368 3367 428 SPURIA.

584 484 687 540 qua
722 480 872 540 parte
901 487 961 525 ex
998 474 1281 539 superflnis
1331 475 1674 541 humoribus,
1724 478 1836 531 sive
1879 479 2154 534 diminutis
2190 484 2234 543 Α
2264 492 2316 536 ιιι
2367 496 2621 554 perpetua
2673 490 2897 543 mansio.
2934 487 3186 545 Modestia
3217 500 3300 544 est
3341 505 3435 558 per
3472 505 3616 559 quam
3659 493 3802 561 pudor

580 565 849 619 discordia
892 568 1300 635 compositionis
1341 572 1617 635 evenerit,
1660 571 2020 627 infirmitatem
2065 589 2155 629 ac-

576 659 800 720 cidere;
834 659 876 710 si
913 673 1040 712 vero
1073 661 1263 727 periit,
1299 661 1579 716 dissolutio
1629 664 1786 717 fuerit
1817 705 1832 731 ,
1877 665 2016 719 mori
2061 665 2158 718 ito-

577 753 822 820 minem;
867 755 1010 809 unde
1055 754 1182 809 dicit
1222 755 1382 821 liber,
1424 756 1550 810 dum
1598 759 1798 812 mundo
1835 769 2156 828 supersunt,

573 859 682 906 etc.
714 848 846 902 Cum
879 863 1009 902 vero
1035 846 1327 914 deficiunt,
1374 866 1497 904 mox
1542 867 1737 906 arcana
1784 854 1864 906 vis
1905 853 2154 914 solvitur.

573 942 696 1012 quia
725 950 981 1012 quantum
1029 941 1081 996 in
1134 950 1322 996 natura
1369 942 1562 998 animae
1607 960 1729 1000 cum
1777 960 1993 1014 semper
2036 955 2156 1015 apta

569 1042 653 1086 est
681 1034 923 1086 animare
945 1072 959 1092 .
991 1032 1090 1086 nisi
1119 1045 1338 1100 corpus
1362 1034 1649 1100 impediat,
1683 1039 1822 1091 unde
1852 1038 2153 1107 subiungit,

566 1126 742 1177 animo
776 1126 888 1192 ipsa
921 1141 1025 1177 non
1060 1125 1239 1180 deficit
1260 1167 1272 1188 ,
1307 1136 1416 1182 etc.
1448 1126 1580 1180 (lum
1613 1129 1788 1181 adhuc
1820 1139 1997 1198 potest
2034 1144 2156 1185 esse

564 1218 821 1274 accessio.
854 1217 985 1271 Nota
1019 1218 1119 1271 hoc
1149 1232 1267 1272 esse
1299 1228 1488 1272 contra
1518 1220 1840 1275 sententiam
1881 1221 2116 1275 Platonis
2136 1261 2153 1285 ,

566 1313 655 1365 ubi
698 1313 892 1365 dicitur
934 1312 1141 1367 meritis
1187 1313 1239 1366 in
1285 1312 1392 1368 fine
1432 1313 1638 1368 locatis.
1685 1314 1817 1369 Nam
1861 1319 2152 1372 secundum

563 1408 780 1460 beatum
831 1406 1189 1477 Augustinum
1239 1408 1414 1461 omnis
1466 1408 1630 1462 homo
1677 1410 1882 1464 tollitur
1930 1425 1960 1464 a
2014 1413 2150 1479 vita,

562 1514 683 1552 cum
717 1497 801 1552 vel
833 1498 1070 1562 optimus
1105 1499 1186 1553 vel
1223 1501 1494 1567 pessimus
1526 1507 1646 1567 est,
1681 1517 1786 1557 non
1824 1503 1946 1556 dico
1985 1519 2152 1568 quarto

561 1602 672 1645 tum
729 1591 794 1643 ad
849 1590 1099 1643 olli-ctum
1152 1591 1371 1658 operis,
1433 1603 1692 1661 pensatur
1741 1611 1804 1648 ex
1857 1597 2152 1663 quantitate

563 1685 797 1748 ,ιιιιοιίες
841 1683 929 1751 qui
974 1691 1156 1737 autem
1210 1693 1335 1737 tunc
1385 1685 1548 1740 homo
1596 1686 1801 1742 tollitur
1839 1703 1900 1742 ex
1942 1688 2148 1758 justitia

562 1777 654 1829 lici
692 1775 746 1826 lit
769 1819 781 1842 ,
816 1792 878 1828 ex
912 1791 1012 1844 qua
1046 1777 1206 1828 homo
1238 1778 1579 1832 incremento
1607 1778 1864 1834 virtutum
1911 1780 2144 1849 perlicit,

2265 577 2522 631 honestus
2543 579 2761 634 charatn
2789 591 2842 636 et
2874 580 3118 636 stabilem
3148 593 3422 650 comparat
3449 582 3802 639 auctoritatem.

2263 667 2510 722 Amicitia
2559 679 2646 724 est
2693 673 2940 726 voluntas
2984 674 3244 728 bonarum
3291 689 3492 738 rerum,
3520 674 3805 744 qvazdiqua

2265 762 2402 814 illius
2435 761 2601 830 ipsius
2623 777 2784 817 causa
2817 780 2975 828 quem
3004 765 3197 834 diligit,
3233 776 3418 820 contra
3452 766 3566 834 ejus
3592 765 3687 834 pati
3726 782 3807 814 Vo-

2262 851 2542 907 luntatem.
2591 854 2929 922 Philosophia
2981 864 3064 910 est
3115 857 3358 912 veritatis
3405 856 3806 926 comprehensio,

2259 958 2379 1010 qua:
2422 943 2668 998 dividitur
2702 946 2753 998 in
2795 961 2913 1010 ira,
2961 947 3203 1012 scilicet,
3251 948 3516 1013 ethicam,
3569 947 3804 1019 lcgicam,

2260 1035 2553 1106 physicam.
2605 1037 2789 1092 Ethica
2820 1051 2995 1093 autent
3027 1049 3114 1094 est
3161 1039 3385 1094 scientia
3435 1040 3664 1107 moralis,
3701 1040 3809 1094 vita

2257 1127 2499 1181 ordinem
2531 1140 2712 1194 aperte
2740 1128 3150 1196 demonstrans;
3183 1131 3268 1184 cui
3300 1141 3667 1198 supponuntur
3694 1129 3806 1194 tria,

2257 1218 2478 1283 scilicet,
2507 1222 2731 1284 animus,
2763 1221 2961 1284 anima,
3009 1224 3189 1277 homo.
3221 1225 3444 1278 Animus
3483 1233 3563 1278 est
3608 1239 3688 1278 res
3730 1222 3803 1278 sui

2257 1323 2440 1364 curam
2470 1326 2681 1381 gerens.
2720 1313 2908 1367 Anima
2949 1322 3032 1367 est
3057 1314 3264 1382 reipub.
3300 1329 3484 1368 curam
3517 1314 3806 1383 suscipiens.

2259 1403 2430 1456 llomo
2479 1413 2563 1459 est
2608 1420 2694 1461 res
2745 1406 3042 1473 familiaris,
3094 1408 3330 1462 officium
3369 1409 3670 1478 disponens,
3713 1409 3808 1472 vel,

2252 1495 2547 1550 secundum
2618 1498 2956 1564 dialec;icos,
3014 1501 3209 1552 anima!
3285 1502 3565 1554 rationaie.
3621 1501 3806 1554 Anima:

2253 1598 2430 1641 autem
2461 1598 2690 1654 quatuor
2719 1600 3113 1659 supponuntur,
3146 1593 3374 1658 scilicet,
3411 1593 3708 1661 prudentia,
3732 1589 3810 1662 juo

2254 1677 2432 1743 stitia,
2478 1678 2753 1746 fortitudo,
2805 1685 3181 1750 temperantia.
3229 1682 3520 1739 Prudentia
3564 1695 3642 1739 est
3687 1696 3811 1738 verte

2255 1771 2429 1823 laudis
2475 1768 2756 1839 perfectio.
2791 1772 3003 1828 iustitia
3033 1785 3116 1829 est
3149 1775 3360 1830 habitus
3391 1776 3578 1831 animi.
3607 1776 3810 1847 Sapien-

552 1881 614 1925 et
644 1871 694 1924 in
726 1871 976 1926 sordibus
1011 1872 1261 1925 vitiorum
1296 1875 1578 1942 putrescit.
1611 1873 1686 1927 De
1715 1883 1852 1930 terra
1895 1885 1947 1929 et
1989 1876 2132 1946 igne,

2255 1858 2342 1922 tia,
2371 1873 2562 1917 cuncta
2599 1864 2960 1934 prospiciens,
3007 1868 3088 1920 νιτι
3121 1865 3333 1922 habitus
3360 1865 3524 1922 animi
3562 1868 3808 1923 communi

549 1964 678 2032 quia
712 1961 948 2018 vivificat
995 1964 1320 2032 Spississima
1373 1974 1425 2018 et
1466 1966 1834 2022 subtilissima.
1885 1967 1961 2023 Ex
2008 1979 2144 2023 terra

549 2065 606 2110 et
637 2069 811 2124 aqua,
844 2055 969 2125 quia
1001 2056 1367 2124 Spississima;
1423 2074 1490 2111 cx
1543 2072 1670 2114 aere
1717 2069 1771 2114 et
1817 2062 1973 2129 igne,
2020 2062 2145 2132 quia

562 2147 906 2201 tennis-sima.
943 2147 1093 2202 lianc
1125 2148 1310 2203 dividit
1344 2148 1594 2204 lini-iano:
1641 2151 1759 2212 Hoc
1797 2166 1902 2207 non
1934 2161 2016 2208 est
2054 2167 2145 2206 ve-

557 2254 695 2292 rum.
732 2238 968 2292 Horizon
1005 2242 1145 2293 enim
1177 2239 1229 2293 in
1265 2239 1596 2310 longitudine
1630 2242 1787 2296 habet
1816 2240 1924 2297 560
1950 2245 2141 2310 stadia,

555 2348 658 2402 qua
710 2347 960 2386 mensura
1008 2341 1205 2387 teriam
1251 2348 1373 2390 esse
1420 2332 1719 2406 longiorem
1760 2347 2005 2404 constat;
2047 2341 2141 2394 sed

550 2424 693 2492 quod
731 2424 820 2478 hic
851 2425 986 2478 liber
1013 2424 1179 2493 dicit,
1213 2425 1625 2497 intelligendum
1655 2436 1739 2483 est
1767 2428 1835 2484 de
1864 2427 2143 2486 horizonte

557 2515 680 2571 (νοειὶ
703 2557 716 2579 ,
769 2516 912 2583 quod
945 2525 1028 2571 est
1061 2516 1542 2585 hemisphaerium,
1570 2519 1673 2574 sub
1699 2534 1809 2590 quo
1837 2521 2143 2578 continetur

547 2606 764 2663 dimidia
794 2624 916 2676 pars
951 2618 1127 2663 teme.
1157 2607 1418 2679 Ultroque
1447 2625 1694 2681 magnam
1727 2618 1957 2682 partem.
1985 2613 2139 2671 Citro

549 2701 671 2768 quia
707 2717 810 2754 non
844 2709 1008 2755 totam
1037 2701 1301 2765 continet,
1333 2703 1416 2758 vel
1461 2703 1605 2758 ultro
1631 2703 1894 2775 citroque,
1919 2703 1972 2760 id
2013 2715 2134 2772 est.

545 2809 610 2848 ex
636 2802 862 2861 utraque
890 2803 1061 2862 parte.
1086 2793 1239 2848 Tunc
1271 2807 1492 2865 propter
1517 2795 1794 2851 eluviones
1819 2810 1872 2852 et
1895 2801 2139 2854 exustio-

551 2903 668 2942 nes.
705 2888 855 2953 Quod
891 2888 1044 2940 Plato
1074 2895 1321 2954 testatur,
1350 2887 1427 2943 sic
1456 2889 1660 2944 dicens.
1691 2891 1776 2946 Fit
1802 2892 1943 2945 enim
1975 2891 2136 2963 longo

548 2978 833 3032 intervallo
879 2977 1060 3031 mundi
1109 2978 1542 3034 circumactionis
1588 2981 1946 3048 erorbitatio,
1974 2999 2133 3052 quam

551 3068 990 3123 inﬂammationis
1046 3069 1309 3123 vastitatis
1360 3085 1584 3126 necesse
1625 3080 1707 3127 est
1749 3085 2129 3141 consequatur.

541 3160 676 3216 Cum
722 3160 853 3215 nihil
892 3162 1033 3214 aliud
1087 3170 1348 3228 tempora,
1380 3163 1482 3218 nisi
1515 3179 1706 3220 cursus
1735 3167 1864 3220 solis
1896 3168 2121 3223 efﬁciat.

541 3252 746 3307 Cursus
777 3253 904 3307 sohs
933 3267 1039 3307 non
1089 3253 1254 3307 efﬁcit
1286 3265 1552 3323 tempora,
1583 3271 1706 3310 cum
1752 3256 1915 3312 etiam
1958 3260 2124 3327 aliqui

546 3343 661 3398 dies
692 3343 859 3398 fuisse
893 3346 1139 3413 legantur
1169 3353 1296 3400 ante
1324 3346 1455 3400 solis
1493 3347 1784 3417 originem;
1814 3349 1909 3405 sed
1937 3351 2017 3407 sol
2046 3352 2128 3406 di-

537 3438 676 3491 citur
697 3434 916 3490 efficere
941 3447 1175 3505 tempus,
1200 3437 1322 3504 quia
1351 3451 1444 3506 per
1465 3453 1588 3492 cum
1615 3437 1958 3496 discernitur.
1989 3423 2149 3498 Nam‘

538 3536 751 3597 tempus
800 3539 882 3581 εει
928 3538 1219 3597 perpetuus
1264 3543 1446 3584 rerum
1495 3528 1779 3599 decursus,
1821 3547 1916 3601 per
1950 3534 2123 3590 solem

542 3631 780 3676 -;.otatus.
819 3622 939 3675 ideo
991 3620 1194 3691 physici
1241 3623 1500 3676 mundum
1550 3638 1801 3694 magnum
1853 3626 2123 3684 hominem

536 3728 748 3768 vocant.
790 3713 1039 3768 alundutn
1072 3716 1287 3769 nomine
1334 3715 1569 3771 hominis
1616 3726 1964 3780 vocaverunt.
1993 3720 2122 3789 quia

531 3809 803 3860 animatus
843 3816 901 3860 ut
947 3805 1133 3873 homo,
1178 3804 1451 3862 hominem
1495 3821 1624 3863 vero
1665 3806 1886 3864 nomine
1930 3809 2114 3864 tmtudi

538 3908 882 3963 vocaverunt,
916 3900 1036 3968 quia
1068 3913 1132 3953 ex
1165 3909 1395 3967 quatuor
1434 3907 1646 3956 constat
1678 3901 1984 3958 clementis.
2015 3905 2123 3959 Aut

535 3991 803 4059 Sphaerico
835 4001 1005 4044 motu.
1029 3990 1182 4056 Quod
1215 3990 1484 4060 sphaerico
1507 4001 1656 4046 motu
1686 4000 1915 4057 rotatur,
1945 3994 2120 4062 ipsum

534 4083 587 4134 in
632 4096 691 4135 se
742 4093 909 4135 lutum
943 4080 1117 4135 loeuttt
1161 4095 1319 4150 quem
1361 4080 1541 4148 habet,
1589 4097 1863 4152 nunquam
1896 4085 2119 4153 deserit,

537 4175 631 4230 sed
663 4175 717 4227 in
748 4173 936 4229 eodem
965 4174 1168 4229 ambitu
1199 4188 1416 4243 semper
1441 4184 1621 4230 manet
1652 4185 1850 4240 totum,
1877 4191 1974 4246 per
2003 4191 2123 4246 par-

537 4277 620 4319 tes
650 4274 828 4318 autem
858 4263 1126 4317 diversum
1160 4263 1336 4319 locum
1365 4266 1595 4320 assumit
1621 4266 2119 4324 circunivolvendo.

533 4357 683 4425 Quod
715 4367 891 4410 autent
926 4371 1020 4424 per
1053 4358 1248 4411 lineam
1279 4365 1550 4424 movetur,
1579 4360 1873 4430 aliquando
1906 4366 2120 4434 penitus

530 4451 766 4519 priorem
816 4449 991 4502 locum
1040 4447 1244 4503 deserit
1291 4451 1608 4509 translatum
1658 4452 1712 4506 in
1763 4454 1963 4525 alium,
2015 4456 2119 4511 ali—

2251 1954 2477 2009 utilitate
2513 1969 2850 2011 conservata.
2885 1957 3172 2012 Fortitudo
3201 1967 3288 2014 est
3323 1961 3596 2030 quedam,
3625 1959 3810 2016 relictis

2251 2047 2414 2112 vitiis,
2447 2048 2512 2102 ad
2556 2050 2781 2104 meliora
2829 2065 3044 2120 semper
3078 2067 3136 2107 se
3181 2052 3417 2122 erigens,
3447 2055 3530 2109 vel
3573 2054 3718 2109 fortis
3745 2063 3812 2108 est

2250 2139 2612 2207 periculorum
2643 2140 2937 2210 susceptio,
2966 2151 3022 2197 et
3054 2141 3315 2199 maiorum
3345 2147 3641 2214 perpessio.
3672 2145 3814 2200 Tem-

2249 2233 2488 2301 perantia
2521 2243 2623 2298 cst,
2654 2236 2792 2304 quod
2841 2235 3041 2290 amoris
3069 2239 3333 2305 gravitate
3363 2254 3595 2310 quaque
3623 2240 3812 2294 consti-

2247 2334 2420 2382 tuens.
2454 2325 2648 2394 Logica
2697 2336 2778 2382 est
2825 2326 3056 2396 diligens
3099 2329 3237 2384 ratio
3263 2330 3588 2398 disserendi,
3621 2340 3674 2388 et
3711 2348 3808 2384 tua-

2244 2417 2408 2488 gistra
2459 2416 2678 2486 judicii;
2725 2419 2803 2472 sic
2852 2418 3070 2482 definita
3121 2420 3306 2475 stricte
3352 2422 3635 2490 accipitur,
3674 2435 3810 2476 coru-

2245 2510 2584 2580 prehendens
2613 2519 2790 2567 tamen
2820 2511 3143 2568 rhetoricam
3173 2513 3470 2570 dialectica.
3502 2514 3674 2585 Largo
3701 2531 3813 2572 vero

2241 2604 2319 2658 sic
2348 2603 2673 2658 describitur
2702 2621 2714 2655 ε
2750 2602 2943 2674 Logica
2977 2616 3058 2660 est
3088 2605 3460 2663 sermocinalis
3488 2608 3734 2674 scientia,
3763 2613 3813 2662 ct

2240 2694 2494 2749 dividitur
2528 2697 2579 2749 in
2609 2697 2730 2761 tria,
2765 2699 2816 2750 in
2851 2697 3212 2765 dialecticam,
3254 2700 3603 2765 rhetoricam,
3643 2714 3811 2769 gram-

2239 2787 2506 2840 maticam.
2543 2787 2827 2842 Dialectica
2857 2797 2942 2844 est
2985 2789 3250 2859 sagacitas
3282 2791 3504 2860 ingenii,
3551 2791 3811 2847 stultitia»

2238 2894 2345 2948 que
2389 2891 2688 2949 sequester.
2722 2879 3107 2948 Supponuntur
3145 2892 3322 2937 autem
3366 2883 3658 2938 dialectica:
3688 2898 3806 2954 qua-

2239 2977 2379 3032 tuor,
2411 2971 2642 3036 scilicet,
2671 2969 2939 3038 probatio,
2968 2975 3284 3042 assumptio,
3312 2973 3670 3039 confirmatio,
3697 2989 3809 3029 con-

2235 3062 2431 3115 clusio.
2480 3059 2788 3125 Rhetorica,
2817 3063 3213 3133 conjuncuonis
3262 3065 3527 3129 honestae,
3561 3076 3616 3120 et
3666 3065 3811 3120 faceti

2238 3154 2458 3223 eloquii,
2490 3153 2702 3208 doctrix
2747 3163 3158 3224 argumentosa;
3189 3157 3271 3212 cui
3299 3167 3672 3226 supponuntur
3700 3159 3810 3220 tria,

2235 3254 2439 3311 natura,
2471 3244 2738 3310 doctrina,
2787 3260 2933 3301 usus.
2980 3245 3364 3314 Grammatica,
3399 3247 3688 3316 eloquendi
3719 3261 3808 3318 pe-

2231 3337 2353 3393 ritia
2435 3337 2694 3410 Physica,
2746 3339 2972 3395 scientia
3026 3342 3284 3396 naturalis
3334 3339 3560 3410 vigoris,
3605 3351 3810 3395 causam

2230 3441 2379 3485 recte
2408 3445 2855 3487 commemorans.
2894 3431 3125 3504 Physica
3174 3440 3351 3488 autem
3382 3434 3486 3488 alia
3538 3432 3808 3488 intellecti-

2231 3518 2374 3586 bilis,
2403 3528 2459 3575 ut
2491 3522 2704 3592 angeli;
2747 3521 2852 3576 alia
2891 3521 3268 3594 intelligibilis,
3297 3533 3356 3578 ut
3385 3523 3560 3590 Deus;
3593 3525 3696 3578 alia
3727 3537 3814 3577 na-

2231 3611 2443 3676 turalis,
2470 3613 2874 3668 utsubstantia.
2899 3614 3172 3670 Naturalis
3194 3617 3324 3670 vero
3345 3614 3602 3670 dividitur
3624 3615 3676 3670 in
3700 3628 3810 3678 sex,

2227 3703 2456 3768 scilicet,
2497 3704 2930 3771 arithmeticam,
2972 3707 3360 3778 geometriam,
3408 3710 3702 3772 musicam.
3735 3723 3812 3762 as-

2229 3804 2584 3863 tronomiam,
2633 3798 3012 3868 astrologiam,
3059 3789 3406 3855 tnediciuam.
3455 3800 3804 3856 Arithtuetica

2225 3901 2312 3946 est
2358 3890 2734 3958 multitudinis,
2767 3907 2884 3962 qua:
2931 3907 3029 3961 per
3069 3905 3132 3948 se
3172 3903 3257 3947 est
3297 3893 3531 3948 sollicita
3585 3891 3809 3948 calcula-

2227 3982 2351 4036 trix.
2385 3982 2747 4037 Arithmetica:
2777 3984 3093 4052 supponitur
3122 3982 3407 4054 perfectio.
3441 3985 3800 4055 imperfectio,

2228 4075 2506 4144 plusquam
2537 4074 2814 4144 perfectio.
2839 4076 3145 4133 Geometria
3173 4085 3261 4133 est
3292 4079 3588 4135 immobilis
3616 4078 3809 4148 magni-

2228 4170 2427 4225 tudinis
2455 4171 2694 4226 doctrina
2735 4171 3104 4241 ponderatrix,
3136 4172 3222 4227 vel
3269 4173 3664 4235 mensuratrix,
3693 4184 3807 4241 qua

2229 4260 2395 4317 habet
2423 4263 2772 4332 lineamenta,
2799 4264 3101 4330 intervalla,
3133 4266 3547 4335 magnitudines,
3589 4268 3802 4337 figuras,

2231 4353 2617 4423 dimensiones,
2658 4372 2933 4412 numeros.
2968 4357 3167 4412 Musica
3195 4365 3279 4414 est
3307 4359 3552 4415 melodia:
3579 4359 3801 4429 ejusque

2225 4443 2705 4502 instrumentorum
2733 4447 2928 4503 artifex
2968 4449 3201 4503 curiosa.
3231 4449 3433 4505 Husica
3461 4459 3667 4517 autem,
3695 4451 3796 4506 alia

523 4542 746 4612 quando
779 4542 1009 4611 priorem
1057 4557 1163 4596 non
1211 4541 1515 4599 deserendo
1555 4545 1842 4616 porrigitur
1879 4549 1932 4602 in
1977 4551 2115 4605 une.
2150 4569 2201 4631 υ
2225 4535 2558 4604 harmonica,
2579 4541 2680 4595 alia
2701 4539 3025 4611 rhythtnica,
3062 4540 3160 4593 alia
3194 4539 3438 4598 metrica.
3465 4541 3803 4596 Astronomia

528 4635 752 4700 riorem,
783 4644 838 4690 ut
880 4632 1042 4689 arbor
1087 4636 1402 4691 crescendo.
1437 4634 1544 4692 Nos
1586 4652 1777 4693 cavere
1825 4641 2113 4712 praistigia.

529 4728 685 4784 Sicut
711 4727 765 4782 in
797 4727 1082 4797 praestigiis
1102 4729 1300 4796 aliquid
1331 4730 1540 4786 videtur
1559 4743 1703 4795 esse,
1725 4747 1846 4786 cum
1869 4733 1999 4788 nihil
2025 4735 2112 4802 sit,

526 4826 599 4880 ita
630 4823 807 4878 verbis
837 4823 981 4877 illius
1030 4823 1120 4891 qtti
1148 4822 1439 4891 sophistice
1466 4823 1597 4894 agit,
1624 4838 1743 4878 cum
1780 4833 1955 4881 tamen
1985 4827 2115 4882 nihil

526 4914 771 4970 veritatis
798 4912 886 4969 sit.
913 4912 1222 4970 Intellectus
1248 4923 1330 4968 est
1357 4927 1456 4984 per
1482 4930 1640 4984 quem
1668 4917 1880 4972 animus
1899 4933 1962 4975 ea
1999 4935 2117 4989 qum

527 5017 657 5063 sunt
698 5007 970 5076 perspicit.
1003 5004 1360 5069 Providentia,
1412 5020 1506 5075 per
1535 5021 1694 5077 quam
1726 5008 1927 5080 aliquid
1975 5010 2118 5065 futu-

530 5117 651 5155 rum
684 5101 914 5166 videtur,
939 5109 1224 5170 antequam
1252 5098 1362 5154 flat.
1388 5098 1801 5172 Magnanimitas
1828 5113 1914 5160 est
1937 5120 2116 5160 rerum

529 5209 840 5266 magnarum
861 5204 915 5250 et
941 5194 1279 5250 excelsarum
1305 5208 1428 5249 cum
1456 5194 1637 5250 anima
1661 5198 1840 5266 ampla
1861 5206 1917 5253 et
1946 5197 2116 5268 splen-

528 5286 651 5340 dida
700 5287 930 5357 quadam
985 5287 1353 5358 propositione
1413 5287 1671 5358 cognitio.
1723 5288 2116 5359 Magnificentia

528 5380 714 5431 eadem
764 5377 817 5433 in
849 5375 1065 5433 effectu.
1098 5376 1317 5435 Fiducia
1344 5388 1428 5435 est
1471 5394 1568 5449 per
1593 5394 1758 5450 quam
1817 5381 2024 5453 magnis
2061 5392 2115 5440 et

528 5466 768 5524 honestis
796 5467 848 5522 in
878 5469 1038 5524 rebus
1066 5471 1292 5527 multum
1327 5472 1443 5541 ipse
1472 5471 1688 5527 animus
1714 5473 1768 5529 in
1799 5486 1861 5529 se
1905 5473 2114 5532 fiducia

529 5573 654 5613 cum
683 5567 829 5614 certa
860 5573 957 5630 spe
997 5559 1337 5617 collocatum.
1365 5560 1678 5618 Tolerantia
1706 5569 1790 5618 est
1820 5561 2117 5620 honestatis

527 5659 623 5706 aut
654 5651 898 5706 utilitatis
929 5665 1087 5706 causa
1118 5667 1210 5708 rex
1242 5654 1531 5709 arduarum
1564 5669 1628 5710 ac
1657 5653 1983 5724 difficilium,
2016 5671 2116 5712 vo-

529 5741 818 5797 luntarium
848 5756 912 5798 ac
935 5741 1124 5797 diurna
1156 5744 1452 5812 perpessio.
1475 5743 1814 5812 Constantia,
1844 5748 1964 5803 sive
1992 5761 2116 5816 per-

531 5841 852 5908 severantia,
886 5846 970 5896 est
1009 5838 1063 5894 in
1109 5839 1316 5894 ratione
1344 5837 1485 5895 bene
1512 5839 1875 5913 considerata,
1909 5841 2117 5900 stabilis

2223 4641 2308 4687 est
2339 4633 2554 4687 mobilis
2599 4634 2986 4703 magnitudinis
3033 4635 3200 4691 ascita
3245 4637 3680 4705 contemplatrix.
3709 4636 3804 4690 As-

2222 4726 2443 4798 trologia
2490 4737 2574 4784 est
2619 4730 2808 4798 peritia
2855 4744 2977 4799 qua:
3017 4728 3172 4784 coriis
3217 4728 3535 4800 vertiginem
3574 4743 3802 4786 conver-

2219 4819 2372 4876 sione
2401 4820 2727 4876 considerat.
2753 4822 2936 4877 Altera
2967 4829 3144 4876 autem
3191 4823 3482 4888 naturalis,
3513 4823 3682 4879 altera
3713 4838 3806 4878 au-

2220 4923 2324 4969 tem
2355 4917 2746 4984 superstitiosa.
2775 4915 3042 4972 Naturalis
3085 4916 3211 4972 dum
3243 4919 3562 4987 exsequitur
3589 4917 3724 4973 solis
3753 4924 3805 4971 et

2219 5008 2359 5063 inure
2389 5024 2626 5077 cursum,
2655 5019 2945 5076 astrorum,
2972 5021 3150 5068 certas
3179 5020 3482 5079 temporum
3511 5013 3796 5068 stationes.

2217 5100 2601 5170 Superstitiosa
2630 5116 2759 5158 vero
2803 5109 2910 5173 εει,
2943 5118 3104 5172 qua
3152 5102 3519 5160 mathematici
3560 5117 3798 5172 sequun-

2219 5200 2325 5259 tur,
2366 5209 2485 5264 qua:
2528 5195 2584 5251 in
2628 5195 2798 5252 stellis
2837 5205 3193 5266 augurantur.
3239 5195 3355 5252 Hoc
3384 5211 3513 5252 vero
3539 5205 3623 5252 est
3664 5196 3804 5251 inter

2216 5287 2605 5342 astronomiam
2633 5297 2690 5344 et
2729 5287 3103 5358 astrologiam,
3133 5286 3257 5359 quia
3308 5287 3636 5343 astronomia
3666 5302 3800 5344 eoa-

2219 5375 2506 5443 versionis,
2533 5387 2704 5445 ortus,
2729 5377 2931 5445 obitus,
2961 5388 3249 5450 motusque
3276 5376 3513 5437 siderum
3537 5377 3801 5440 continet.

2219 5478 2275 5523 et
2302 5482 2398 5523 cur
2428 5469 2508 5524 sic
2547 5479 2829 5526 vocentur.
2857 5469 3160 5542 AstrolOgia
3188 5484 3321 5526 vero
3361 5471 3555 5540 partim
3584 5478 3801 5524 natura-

2218 5559 2305 5626 lis,
2333 5569 2392 5616 et
2414 5562 2785 5631 superstitiosa
2816 5563 3032 5631 partim.
3065 5561 3326 5618 Medicina
3355 5571 3440 5617 est
3467 5574 3557 5618 ars
3580 5575 3704 5630 qua
3723 5559 3802 5616 de

2219 5652 2420 5706 morbis
2461 5660 2518 5708 et
2556 5654 2730 5710 salute
2773 5667 3062 5726 corporum
3105 5661 3321 5711 tractat.
3353 5653 3475 5711 Alia
3508 5664 3638 5710 vero
3681 5666 3801 5708 me-

2217 5745 2454 5813 thodica,
2479 5746 2582 5800 alia
2611 5756 2789 5802 autem
2821 5747 3097 5819 cntpirica,
3127 5749 3232 5805 alia
3259 5749 3455 5821 logica.
3485 5745 3800 5802 Aristoteles

2177 5859 2180 5863 ’
2217 5841 2404 5912 quaerit
2435 5855 2503 5898 an
2555 5839 2694 5899 Deus
2732 5840 2804 5899 sit
2829 5858 2842 5896 :
2871 5855 3032 5916 pana
3069 5841 3262 5915 dignus
3317 5855 3422 5912 est,
3452 5839 3573 5911 quia
3618 5835 3802 5894 colere
