4098 6208
321 351 426 410 909

1623 373 1873 433 EIUSICA
1919 378 2286 438 TlIEORiCA.

3491 399 3598 458 910

319 469 506 542 magis,
535 484 695 542 quam
727 474 999 547 inquirere
1025 481 1281 538 convenit
1308 485 1561 555 sapienti.
1589 487 1899 545 Alexander
1926 503 1978 563 Α
2003 507 2194 551 omnes
2226 499 2417 553 anima:
2445 512 2778 559 recreantur.
2813 506 3203 582 Hermogenes.
3231 513 3286 572 Si
3322 515 3458 572 Dens
3487 529 3593 567 nun

319 558 386 582 -.Ι
430 560 648 582 Πελψ-η
784 568 822 582 η
859 579 867 582 .
973 570 985 582 ο
1582 579 1594 582 -
1643 581 1665 582 ,,

315 558 386 616 ad
427 560 748 636 Didymunt:
783 568 872 624 Est
899 570 1077 627 anima
1122 589 1223 628 una
1256 590 1350 645 per
1391 591 1451 633 se
1497 579 1725 647 Stabilis,
1768 583 1908 639 unde

2015 599 2119 641 est.
2147 587 2286 644 unde
2313 589 2487 645 bona?
2509 593 2552 646 si
2581 604 2686 662 est,
2717 599 2856 653 unde
2883 601 3063 658 mala?

317 710 3592 972 Μ

1616 1029 1869 1088 ΜυδίοΑ
1910 1035 2001 1090 Tll
2013 1036 2280 1097 EORICA.

370 1149 669 1207 Notandum
700 1163 782 1209 est
811 1155 953 1224 quod
981 1156 1155 1215 omnis
1183 1175 1274 1216 ars
1306 1162 1356 1216 in
1389 1174 1596 1219 ratione
1636 1169 1883 1225 contine-

297 1247 403 1296 tur.
430 1241 634 1298 Musica
661 1259 874 1314 quoque
905 1248 956 1301 in
989 1253 1195 1307 ratione
1240 1269 1586 1312 numerorum
1635 1262 1883 1318 consistit

294 1341 456 1404 atque
487 1347 747 1392 versatur.
778 1339 910 1395 lllud
941 1357 1118 1399 autem
1147 1348 1291 1415 quod
1324 1349 1381 1404 tit
1413 1366 1477 1406 ex
1512 1363 1758 1409 tonorum
1804 1359 1882 1412 in-

287 1426 608 1482 strnmentis
654 1432 1002 1488 mutatorium
1050 1448 1149 1491 est.
1181 1439 1430 1512 Quinque
1474 1455 1598 1499 sunt
1645 1461 1875 1506 sensus:

289 1511 530 1584 ipsorum
555 1532 810 1575 sensuum
840 1521 947 1578 duo
978 1539 1102 1581 sunt
1133 1531 1220 1598 qui
1246 1531 1398 1600 juxta
1426 1551 1624 1607 corpus
1652 1555 1876 1597 sumun-

287 1613 398 1673 tur,
426 1607 575 1664 visus
600 1620 657 1666 et
698 1614 947 1682 auditus;
977 1629 1030 1673 et
1059 1621 1165 1675 duo
1206 1634 1330 1680 sunt
1357 1629 1448 1698 qui
1494 1631 1660 1700 intra,
1691 1647 1878 1704 gustus

282 1705 340 1753 et
364 1708 559 1768 tactus,
591 1703 700 1759 imo
726 1721 854 1762 vere
883 1709 1128 1768 olt‘actus.
1159 1715 1384 1774 Dubium
1409 1733 1495 1777 est
1523 1732 1700 1782 utrum
1730 1728 1874 1785 intus

1995 1189 2261 1246 quaquam
2292 1194 2390 1235 nos
2420 1187 2658 1252 potuisse
2701 1194 2923 1258 sentire,
2956 1198 3062 1253 nisi
3107 1202 3158 1257 in
3189 1219 3349 1262 sensu
3392 1219 3582 1269 nostro

1991 1267 2169 1337 aliqua
2214 1274 2509 1332 similitudo
2543 1287 2856 1353 conspectui
2905 1295 3170 1360 corporis.
3203 1297 3385 1369 Neque
3433 1307 3578 1361 enim

1989 1373 2111 1414 enm
2137 1365 2366 1421 annulus
2389 1383 2527 1425 cera:
2551 1372 2900 1444 imprimitur,
2925 1381 3044 1440 ideo
3066 1388 3210 1442 nulla
3244 1391 3419 1464 imago
3442 1396 3583 1455 facta

1986 1462 2088 1518 est,
2121 1453 2245 1522 quia
2278 1470 2383 1512 non
2423 1459 2771 1533 discernitur,
2803 1471 2904 1525 nisi
2947 1487 3068 1529 cum
3109 1475 3268 1535 fuerit
3296 1497 3576 1556 separata;

1981 1541 2075 1594 sed
2093 1546 2343 1613 quoniam
2369 1559 2486 1618 post
2504 1568 2680 1610 ceram
2699 1573 2998 1627 separatam
3023 1541 3572 1644 manctquod'factum'

1986 1644 2088 1696 est,
2126 1643 2182 1692 ut
2212 1639 2377 1695 videri
2427 1647 2614 1712 possit.
2664 1650 2950 1722 Propterea
2994 1658 3150 1718 facile
3198 1639 3576 1739 persuadetur,

1983 1729 2123 1794 quod
2173 1728 2344 1786 inerat
2381 1735 2492 1804 jam
2539 1755 2677 1796 cera:
2719 1745 2887 1801 forma
2937 1752 3195 1821 impressa
3244 1774 3309 1816 ex
3353 1767 3573 1836 annulo,

282 1806 352 1847 an
383 1791 515 1850 foris
535 1799 750 1854 sentiat.
796 1801 891 1856 Est
921 1814 1102 1861 autem
1124 1823 1316 1865 sensus
1337 1814 1605 1872 vinculum
1630 1825 1853 1892 corpori:

282 1892 334 1928 ΩΙ
376 1887 588 1928 animm,
624 1890 877 1928 “ﬂuuiana
923 1905 1043 1928 nunc
1081 1899 1433 1928 :...m......-...t:..
1475 1917 1517 1928 -.
1555 1908 1733 1928 εμμ-νιι
1760 1913 1811 1928 ..ο

2001 1791 2013 1794 ἡ
2381 1791 2399 1804 _
2549 1791 2674 1796 ,μην
2719 1791 2887 1801 -.μη--
2937 1791 3195 1821 "ny-uana
3244 1791 3309 1816 ελ
3354 1791 3573 1836 ἱηηιυιυ,

1983 1826 2036 1870 et
2083 1832 2366 1892 antequam
2413 1830 2482 1882 ab
2522 1833 2610 1887 illa
2655 1849 2956 1904 separetur.
2988 1844 3041 1899 Si
3093 1859 3273 1907 autem
3307 1869 3334 1908 a
3369 1858 3573 1928 liquido

281 1892 334 1937 et
376 1887 592 1941 animm.
624 1890 877 1956 Quaedam
922 1905 1046 1950 sunt
1080 1899 1438 1971 incorporalia
1469 1917 1524 1961 et
1555 1908 1871 1979 invisibilia,

286 1984 345 2030 ut
373 1979 582 2046 anima;
615 1993 667 2035 ct
692 1987 935 2051 qua:dam
962 1993 1262 2058 corporalia
1293 2005 1349 2050 et
1377 1999 1629 2068 visibilia,
1662 2013 1717 2059 ut
1749 2018 1876 2062 sunt

285 2082 542 2139 corpora;
583 2077 827 2144 quadam
863 2079 1143 2140 invisibilia
1170 2099 1222 2141 et
1251 2093 1571 2162 corporalia,
1602 2107 1657 2151 ut
1685 2113 1874 2158 sensus

278 2161 548 2231 corporei.
600 2164 912 2238 Corporalia
969 2188 1125 2243 sunt,
1185 2178 1308 2250 quia
1365 2190 1579 2255 corpori
1636 2191 1872 2247 admini-

279 2260 552 2320 strantur;
585 2268 638 2313 et
671 2261 974 2331 invisibilia,
1003 2271 1126 2338 quia
1158 2271 1281 2326 illud
1311 2285 1365 2330 ut
1397 2278 1648 2337 inanimis
1675 2285 1758 2340 vel
1789 2285 1870 2342 vi-

275 2357 390 2412 sus,
438 2362 544 2403 non
598 2363 776 2419 potest
826 2357 1015 2413 videri.
1053 2361 1204 2419 Unde
1246 2367 1333 2433 lit,
1369 2378 1424 2424 ut
1464 2385 1586 2427 cum
1637 2377 1871 2449 quinque

272 2442 522 2508 corporei
563 2459 756 2501 sensus
787 2450 889 2502 alia
922 2456 1192 2512 exteriora
1222 2461 1481 2533 sentiant,
1511 2468 1720 2535 seipsos
1763 2489 1866 2527 non

270 2533 530 2602 sentiant.
561 2537 717 2596 Visus
747 2543 893 2599 enim
925 2548 1163 2618 seipsum
1205 2569 1309 2610 non
1352 2557 1526 2625 videt,
1556 2575 1747 2632 gustus
1777 2583 1864 2623 se-

270 2623 448 2692 ipsum
474 2646 576 2684 non
606 2643 814 2702 gustat;
845 2640 986 2706 quod
1016 2643 1060 2695 si
1089 2641 1312 2712 faceret,
1343 2665 1615 2721 nunquam
1640 2655 1863 2727 jejunus

268 2727 447 2785 esset;
479 2721 555 2776 sic
578 2722 647 2777 de
670 2729 900 2784 (κριθῆς.
931 2730 1394 2797 Considerandum
1425 2760 1554 2816 ergo
1583 2750 1706 2818 quia
1739 2767 1860 2808 cum

267 2817 464 2864 sensus
496 2816 739 2884 corporis
767 2819 887 2876 sine
921 2823 1103 2880 labore
1132 2830 1484 2891 adhibeamus
1514 2816 1862 2902 sensibilibus

267 2897 433 2954 rebus
465 2917 582 2972 qua:
622 2907 979 2979 percipiendae
1019 2927 1171 2984 sunt:
1196 2926 1264 2977 ab
1294 2924 1399 2979 illis
1431 2943 1536 2983 non
1581 2897 1860 3003 lacilepo:

268 2995 373 3045 test
401 2994 659 3064 explicari
704 3012 756 3055 et
791 3002 1004 3061 definiri
1034 3023 1153 3077 qua:
1199 3025 1386 3071 natura
1433 3018 1672 3088 ipsorum
1705 2994 1858 3097 quin-

268 3096 368 3151 que
395 3101 651 3146 sensuum
699 3095 780 3151 vel
825 3104 1074 3168 corporis
1111 3107 1215 3173 sit,
1256 3113 1338 3167 vel
1388 3130 1508 3184 quae
1552 3124 1856 3189 proprietas

267 3178 600 3236 sensibilium
637 3201 813 3243 rerum
846 3195 1231 3263 percipiuntur.
1268 3203 1464 3260 Natura
1508 3211 1554 3264 si
1594 3213 1723 3282 quid
1768 3231 1855 3271 re~

265 3270 496 3338 quiritur
521 3289 802 3347 sensuum,
834 3292 890 3339 et
929 3286 1186 3346 definitur
1215 3297 1358 3363 quod
1389 3299 1500 3355 sint
1528 3270 1772 3374 corporei
1799 3320 1858 3365 et

267 3357 588 3433 invisibiles,
622 3378 678 3422 ut
715 3379 798 3426 est
840 3374 1056 3433 auditus
1102 3394 1395 3451 corporeus
1441 3398 1496 3444 et
1546 3392 1849 3456 invisibilis.

265 3445 369 3504 Res
413 3467 548 3511 vero
590 3459 881 3530 sensibilis,
912 3467 1034 3534 quia
1083 3445 1378 3542 percipitur
1427 3480 1494 3536 ab
1893 3527 1903 3535 .

261 3552 361 3609 est,
389 3560 496 3601 vos
531 3552 886 3619 proprietates
919 3556 1100 3627 habet,
1129 3571 1187 3616 ut
1214 3580 1307 3621 aer
1336 3584 1457 3625 esse
1503 3578 1848 3634 commodum

261 3645 316 3690 et
341 3651 656 3707 percussum
686 3647 916 3714 quodam
950 3649 1080 3719 ictu,
1111 3671 1231 3725 qua:
1273 3659 1386 3729 ipsa
1416 3679 1630 3736 quoque
1659 3683 1852 3741 corpo-

259 3743 346 3784 rea
375 3743 461 3787 est
487 3742 542 3789 et
569 3735 868 3796 invisibilis.
895 3743 1029 3800 Nam
1060 3751 1389 3818 proximiora
1423 3757 1631 3816 facilius
1673 3764 1846 3819 visum

259 3834 560 3891 penetrant,
593 3844 752 3897 quam
783 3847 846 3887 ea
892 3851 1011 3906 quae
1055 3853 1182 3895 sunt
1227 3847 1539 3902 remotiora.
1569 3851 1626 3906 Si
1675 3869 1849 3926 neque

257 3913 460 3971 clausis
506 3920 677 3974 oculis
723 3923 925 3994 aliquid
977 3932 1316 3998 pervidemus
1365 3953 1702 4007 corporeum.
1736 3913 1849 4002 iiu-

257 4005 521 4073 gustinus,
553 4009 605 4065 in
636 4011 771 4067 libro
794 4031 845 4069 ιι
875 4018 944 4073 de
972 4033 1155 4077 sancta
1187 4005 1473 4096 ‘l'rinitate,
1504 4032 1637 4088 dicit
1664 4053 1676 4087 :
1705 4054 1727 4088 α
1749 4035 1846 4092 Gi-

258 4097 439 4167 gnitur
465 4116 593 4172 ergo
616 4118 683 4159 ex
711 4121 772 4163 re
803 4109 995 4166 visibili
1038 4115 1190 4180 visio,
1225 4118 1319 4174 sed
1349 4135 1458 4176 non
1485 4138 1550 4182 es
1578 4125 1714 4194 sola,
1742 4128 1848 4185 nisi

255 4189 389 4247 adsit
434 4201 490 4248 et
533 4195 795 4254 videatur.
821 4218 840 4253 ι
873 4202 1136 4270 Quocirca
1178 4223 1246 4264 ex
1297 4212 1489 4268 visibili
1532 4225 1586 4271 et
1635 4189 1848 4277 vidente

253 4282 487 4351 gignitur
514 4287 669 4354 visio,
697 4290 768 4344 ita
797 4306 947 4357 sane,
974 4304 1034 4348 ut
1059 4311 1126 4352 ex
1158 4299 1371 4358 vidente
1396 4305 1466 4358 sit
1492 4321 1687 4362 sensus
1712 4325 1846 4366 ocu-

257 4370 452 4442 lorum,
493 4384 549 4430 et
589 4380 901 4446 aspicientis
945 4393 1106 4455 atque
1153 4390 1410 4448 intuentis
1457 4396 1705 4454 intensio.
1753 4401 1842 4456 Illa

255 4469 430 4520 tamen
480 4464 785 4527 informatio
825 4489 1035 4543 sensus,
1065 4495 1184 4548 qua:
1235 4483 1373 4540 visio
1415 4487 1631 4557 dicitur,
1661 4507 1691 4545 a
1724 4494 1842 4549 solo

254 4551 573 4614 informatur
602 4573 831 4631 corpore
861 4569 1002 4636 quod
1037 4571 1265 4640 videtur,
1298 4576 1350 4630 id
1380 4589 1484 4646 εει,
1515 4596 1544 4634 a
1573 4598 1630 4639 re
1659 4586 1836 4656 aliqua

257 4647 482 4716 visibili;
515 4668 616 4720 qua
646 4656 906 4726 detracta,
938 4662 1081 4717 nulla
1114 4679 1357 4723 remanet
1393 4667 1563 4729 forma
1607 4692 1725 4746 quae
1757 4681 1840 4734 in-

251 4751 367 4794 erat
389 4745 592 4812 sensui,
612 4748 736 4800 dum
764 4750 975 4806 adesset
995 4753 1122 4809 illud
1144 4760 1285 4826 quod
1312 4761 1612 4820 videbatur.
1629 4745 1839 4826 iScnsus

254 4839 428 4888 tamen
461 4834 576 4904 ipse
623 4850 886 4909 remanet,
914 4845 1006 4913 qui
1037 4858 1152 4901 erat
1185 4859 1242 4903 et
1285 4854 1592 4924 priusquam
1636 4861 1836 4933 aliquid

249 4928 560 4995 sentiretur,
586 4930 725 4985 velut
755 4931 808 4986 in
839 4948 976 5002 aqua
1007 4940 1291 5010 vestigium
1323 4947 1504 5001 tandiu
1535 4963 1616 5004 est
1663 4951 1837 5009 dotiec

249 5014 422 5086 ipsum
470 5037 668 5091 corpus
715 5042 825 5096 quo
873 5029 1202 5100 imprimitur
1257 5038 1418 5094 inest.
1464 5041 1582 5109 Quo
1631 5045 1832 5114 ablato,

249 5113 447 5169 nullum
469 5117 592 5184 erit,
615 5131 736 5174 cum
761 5134 1037 5180 remaneat
1059 5141 1214 5196 aqua,
1239 5145 1358 5198 qua:
1384 5147 1520 5200 erat,
1544 5150 1832 5210 antequam

248 5205 473 5278 fortnam
527 5216 771 5282 corporis
816 5229 1054 5288 caperet.
1109 5222 1338 5296 Ideoque
1394 5246 1499 5284 non
1551 5247 1832 5302 possumus

246 5302 458 5368 quidem
487 5303 690 5372 dicere,
719 5312 860 5378 quod
888 5327 1107 5369 sensum
1135 5315 1314 5387 gignat
1343 5336 1429 5376 res
1462 5325 1716 5386 visibilis:
1749 5331 1831 5400 gi-

245 5394 352 5459 gnit
388 5403 564 5453 tamen
595 5399 818 5454 formam
852 5405 1044 5460 nedum
1071 5408 1476 5469 similitudinem
1505 5431 1679 5483 suam,
1707 5436 1830 5489 qua:

244 5483 307 5532 sn
342 5483 393 5536 in
425 5498 614 5551 sensu,
640 5503 763 5542 cum
795 5493 991 5562 aliquid
1040 5497 1272 5555 videndo
1314 5504 1597 5562 sentimus.
1625 5508 1684 5565 Si
1716 5483 1826 5565 for-

249 5587 387 5629 mam
410 5582 652 5647 corporis
673 5598 835 5652 quam
869 5587 1134 5657 videmus,
1161 5601 1219 5648 et
1250 5593 1475 5652 formam
1499 5615 1618 5670 qua:
1644 5605 1712 5660 ab
1737 5605 1826 5661 illa

249 5663 299 5718 in
343 5683 499 5727 sensu
534 5673 762 5730 videntis
792 5678 869 5743 fit,
903 5695 996 5749 per
1031 5684 1284 5741 eumdem
1329 5703 1546 5746 sensum
1570 5710 1676 5752 non
1712 5697 1826 5754 dis-

246 5764 502 5834 cernitur,
547 5772 802 5838 quoniam
837 5783 981 5831 tanta
1034 5783 1345 5850 conjunctio
1375 5797 1477 5854 est,
1511 5801 1568 5846 ut
1598 5809 1701 5851 non
1734 5813 1826 5869 pa-

249 5856 357 5938 lcat
398 5855 737 5920 discernendi
788 5863 960 5937 locus,
992 5870 1086 5928 sed
1130 5874 1339 5937 ratione
1383 5880 1684 5955 colligimus

1979 1909 2191 1967 humori
2247 1918 2637 1990 adjungeretur
2705 1935 2968 1998 annulus,
3009 1953 3075 1992 eo
3119 1942 3392 2013 detracto,
3443 1952 3578 2010 nihil

1978 2007 2143 2075 magis
2174 2023 2476 2077 appareret.
2521 2018 2630 2074 Nec
2670 2022 2792 2080 ideo
2844 2033 3023 2086 tamen
3071 2032 3380 2097 discernere
3429 2047 3568 2100 ratio

1977 2112 2081 2150 non
2113 2099 2331 2158 deberet
2363 2106 2527 2169 fuisse
2558 2111 2610 2165 in
2642 2113 2738 2169 illo
2770 2117 3017 2191 humore,
3047 2137 3333 2200 antequam
3379 2135 3563 2192 detra-

1977 2187 2214 2259 heretur,
2246 2198 2424 2252 annuli
2457 2201 2679 2261 formam
2722 2209 2914 2266 laetam
2946 2231 3012 2270 ex
3039 2223 3236 2278 annulo
3257 2265 3273 2290 ,
3305 2241 3426 2297 qua:
3453 2231 3569 2287 dis-

1976 2281 2262 2352 tinguenda
2289 2300 2368 2343 εει
2394 2291 2461 2346 ab
2502 2309 2564 2350 ea
2611 2295 2782 2355 forma
2827 2305 2948 2374 q'urc
2980 2307 3033 2363 in
3061 2314 3258 2370 annulo
3286 2331 3388 2386 est,
3418 2323 3562 2380 unde

1972 2373 2073 2429 ista
2104 2375 2241 2432 facta
2272 2389 2374 2448 est,
2404 2399 2525 2452 quae
2569 2387 2814 2449 detracto
2843 2401 3042 2454 annulo
3072 2418 3180 2459 non
3209 2409 3336 2479 erit,
3371 2427 3559 2482 quam-

1973 2471 2050 2524 vis
2097 2472 2182 2526 illa
2225 2478 2276 2530 in
2318 2483 2517 2538 annulo
2548 2497 2785 2555 maneat,
2819 2492 2960 2547 unde
3004 2497 3106 2551 ista
3151 2499 3292 2559 facta
3333 2516 3438 2562 est.
3468 2508 3559 2567 Sic

1969 2578 2158 2622 sensus
2185 2571 2464 2628 oculorum
2493 2592 2601 2634 non
2629 2580 2888 2641 ideo.non
2920 2587 3084 2648 habet
3116 2594 3403 2670 imaginem
3433 2618 3558 2659 cor-

1969 2662 2135 2729 poris,
2177 2667 2320 2734 quod
2371 2671 2607 2741 videtur,
2634 2680 2871 2747 quandiu
2911 2685 3144 2755 videtur,
3177 2662 3300 2760 quia
3349 2709 3417 2751 eo
3459 2698 3559 2756 de-

1970 2759 2140 2806 tracto
2167 2770 2272 2812 non
2302 2774 2564 2828 remanet,
2597 2781 2661 2822 ac
2693 2784 2787 2838 per
2827 2773 2931 2830 hoc
2971 2759 3295 2841 tardioribus
3324 2787 3553 2859 ingeniis

1965 2843 2280 2904 difficillime
2307 2857 2618 2937 persuaderi
2651 2872 2826 2929 potest
2853 2866 3070 2927 formari
3102 2874 3154 2929 in
3179 2891 3365 2936 nostro
3385 2897 3546 2942 sensu

1964 2935 2249 3008 imaginem
2281 2945 2355 2999 rei
2385 2931 2630 3018 visibilis,
2653 2969 2773 3012 cum
2804 2975 2924 3017 eam
2956 2966 3197 3026 videmus
3223 2983 3272 3028 et
3305 2979 3549 3036 eamdem

1965 3028 2190 3088 formam
2222 3049 2345 3093 esse
2375 3041 2662 3100 visionum.
2691 3047 2748 3105 Si
2782 3053 2871 3122 qui
2903 3054 3041 3114 forte
3069 3062 3554 3131 animadverterint

1961 3123 2102 3190 quod
2131 3135 2588 3203 commemorabo,
2621 3155 2723 3195 non
2767 3144 2838 3198 ita
2869 3147 2919 3200 in
2952 3149 3050 3204 hac
3083 3153 3432 3226 inquisitione
3460 3164 3543 3220 la-

1885 3221 1934 3284 c
1968 3213 2269 3286 borabunt,
2317 3223 2632 3299 plerumque
2686 3247 2809 3290 cum
2864 3238 3108 3302 diuscule
3156 3213 3548 3318 attenderimus

1961 3324 2185 3378 quaque
2230 3313 2535 3387 luminaria,
2583 3334 2636 3378 et
2679 3324 2880 3385 deinde
2933 3335 3286 3399 clauserimus
3336 3353 3547 3422 oculos,

3383 3402 3547 3422 κέν-ι

1960 3402 2110 3467 quasi
2145 3417 2426 3464 versantur
2457 3411 2508 3464 in
2540 3428 2835 3487 conspectu
2881 3429 3096 3494 quidam
3146 3434 3306 3494 lucidi
3336 3444 3549 3502 colores

1957 3491 2106 3546 varie
2136 3506 2256 3550 sese
2285 3503 2764 3576 communicantes,
2800 3522 2854 3568 et
2895 3519 3074 3576 minus
3119 3526 3402 3601 minusque
3441 3537 3545 3592 ful-

1956 3594 2167 3650 gentes,
2196 3584 2369 3646 donec
2399 3597 2621 3653 omnino
2646 3603 2935 3678 desistant,
2963 3618 3111 3683 quasi
3139 3584 3544 3696 intelligendum

1955 3682 2041 3727 est
2080 3677 2314 3747 reliquas
2352 3697 2473 3739 esse
2515 3687 2706 3749 forma:
2753 3696 2915 3766 illius,
2961 3720 3082 3774 qua:
3137 3711 3270 3768 facta
3309 3677 3443 3774 (crat
3491 3723 3546 3781 in

1954 3777 2118 3834 δθηευ
2156 3784 2280 3827 Cum
2329 3788 2523 3847 corpus
2570 3782 2805 3844 lucidum
2851 3794 3145 3867 videretur,
3181 3808 3545 3882 paulatimque

1956 3861 2319 3882 -...-.-..-_-t--
2383 3869 2396 3882 .
2578 3873 2591 3882 .
2655 3876 2666 3882 -
2773 3879 2787 3882 _

1955 3865 2010 3911 et
2037 3861 2435 3928 quodammodo
2461 3873 2725 3939 gradatim
2756 3879 3054 3943 deficiendo
3076 3861 3290 3951 variari.
3319 3861 3540 3961 una;

1954 3945 2277 4006 insertarum
2310 3956 2658 4020 fenestrarum
2687 3975 2936 4040 cancelli,
2969 3981 3012 4032 si
3043 3998 3138 4038 eos
3183 3987 3319 4045 forte
3363 3993 3535 4052 intue-

1955 4036 2163 4109 bamur,
2197 4057 2340 4115 saepe
2370 4048 2425 4105 in
2455 4051 2560 4108 illis
2589 4071 2888 4128 apparuere
2932 4070 3225 4141 coloribus,
3257 4090 3316 4136 ut
3366 4089 3540 4144 mani-

1953 4129 2144 4187 festum
2188 4136 2259 4190 sit
2293 4140 2433 4197 hanc
2477 4146 2813 4210 aﬂ'ectionem
2844 4168 3026 4217 sensui
3059 4179 3244 4224 nostro
3270 4189 3335 4230 ex
3366 4193 3428 4232 ea
3472 4198 3530 4238 re

1953 4234 2071 4289 qua:
2100 4226 2385 4286 videbatur
2413 4233 2694 4303 impressa.
2726 4243 2853 4302 Erat
2880 4265 3010 4323 ergo
3040 4259 3201 4314 etiam
3229 4279 3350 4322 cum
3387 4272 3532 4327 vide-

1951 4328 2152 4380 remus,
2183 4329 2237 4374 et
2269 4322 2354 4378 illa
2385 4337 2501 4382 erat
2543 4330 2739 4390 clarior
2763 4348 2816 4392 et
2853 4351 3183 4420 expressior,
3215 4358 3261 4412 si
3308 4365 3533 4423 multum

1948 4408 2232 4478 conjuncta
2269 4430 2392 4471 cum
2436 4423 2616 4490 specie
2659 4429 2735 4483 rei
2778 4433 2897 4503 ejus
2937 4454 3057 4509 quas
3099 4453 3442 4525 cernebatur,
3479 4472 3538 4516 ut

1950 4497 2177 4525 .t:..-..__=
2205 4509 2345 4525 -—-—’

1948 4497 2177 4557 discerni
2199 4509 2421 4562 omnino
2452 4529 2556 4566 non
2591 4532 2794 4588 posset,
2825 4534 2881 4580 et
2912 4529 3022 4599 ipsa
3056 4551 3170 4592 erat
3201 4544 3360 4599 visio.
3389 4499 3530 4615 Q’uin

2931 4590 2944 4599 .
3156 4590 3167 4592 -
3215 4590 3360 4599 ν---υ-
3391 4590 3528 4615 κει-³·

1868 4590 1919 4652 D
1946 4591 2107 4648 etiam
2136 4610 2257 4650 cum
2291 4600 2524 4659 lucerna:
2552 4607 2824 4670 flammula
2856 4624 3018 4678 modo
3046 4633 3277 4697 qundam
3324 4639 3528 4695 divari-

1942 4687 2076 4739 catis
2102 4686 2264 4744 radiis
2291 4695 2595 4765 oculorum,
2618 4709 2772 4773 quasi
2802 4715 3128 4784 geminatur,
3153 4724 3271 4780 dum
3295 4730 3531 4788 visiones

1941 4776 2095 4842 nunt,
2120 4795 2241 4836 cum
2273 4785 2342 4839 sit
2369 4803 2457 4845 res
2479 4806 2580 4846 una
2602 4811 2720 4865 quae
2753 4776 2984 4862 videtur.
3010 4776 3524 4893 Sigi'llatimﬁq'uivpp’e‘

3070 4871 3099 4881 υ
3265 4871 3269 4872 ν
3333 4871 3395 4890 Ἱ-
3423 4871 3519 4893 ΓΙ”“

1939 4871 2243 4931 efficiuntur
2273 4878 2413 4936 idem
2447 4886 2580 4942 radii
2611 4891 2676 4946 de
2703 4909 2805 4948 suo
2833 4900 3060 4972 quisque
3089 4909 3248 4963 oculo
3278 4916 3519 4971 emican-

1939 4971 2041 5028 tes,
2072 4965 2198 5022 dum
2232 4986 2336 5026 non
2371 4974 2659 5046 liniuntur,
2703 4986 2753 5039 in
2788 4987 2917 5044 illud
2957 5010 3153 5064 corpus
3204 5002 3520 5065 intuendum

1939 5055 2158 5124 pariter.
2199 5062 2595 5138 conjuncteqne
2637 5088 2994 5151 concurrere,
3029 5103 3082 5141 ut
3134 5107 3271 5148 unus
3316 5097 3406 5153 flat
3450 5115 3520 5158 ex

1938 5161 2165 5223 utroque
2190 5161 2469 5230 contuitu;
2495 5176 2549 5220 et
2577 5166 2699 5224 ideo
2723 5171 2769 5228 si
2801 5189 2965 5231 unum
2997 5184 3211 5239 oculum
3254 5189 3519 5250 clauseri-

1937 5339 2198 5400 videmus.
2248 5348 2487 5406 Sinistra
2543 5358 2702 5425 igitur
2750 5361 2965 5433 clauso,
3018 5367 3108 5426 illa
3168 5379 3377 5443 species
3429 5383 3523 5436 vi-

1933 5428 2049 5486 deri
2105 5433 2335 5505 desinit,
2387 5456 2507 5511 qua:
2552 5445 2617 5501 ad
2665 5450 2914 5508 dextrum
2961 5468 3115 5527 erat;
3169 5464 3511 5543 vicissimque

1939 5522 2117 5543 J__-k-
2185 5529 2218 5543 γι
2427 5533 2480 5543 ¹“”
2569 5539 2582 5543 ‘

1934 5522 2128 5582 dextro
2170 5529 2380 5598 clauso,
2426 5533 2517 5589 illa
2568 5539 2962 5616 intermoritur,
2993 5565 3112 5620 qtne
3143 5556 3208 5610 ad
3238 5522 3518 5621 sinistrinn

1932 5627 2066 5672 erat.

2003 5710 2418 5774 Adverbialiter.
2453 5719 2583 5778 Nam
2615 5727 2753 5784 sicut
2782 5735 2998 5801 quando
3023 5750 3251 5812 augetur
3279 5745 3398 5805 dies
3422 5751 3510 5806 Vel

1933 5803 2211 5876 minuitur,
2247 5827 2350 5868 non
2397 5816 2577 5872 statim
2618 5836 2992 5900 praesentatur,
3035 5803 3141 5890 nisi
3188 5851 3285 5908 per
3312 5841 3514 5896 multos

1930 5894 2085 5966 dies,
2118 5901 2198 5959 sic
2229 5905 2386 5963 etiam
2417 5912 2618 5970 musica
2646 5921 2859 5987 quando
2901 5894 3125 5994 augetur
3150 5894 3207 5986 et
3249 5927 3508 5990 minuitur
