  <div class='ocr_page' id='page_1' title='image "/cluster/home/n/w/nwhite01/storage/ocr_20150623/90/hvd.32044054758933/483.png"; bbox 0 0 4098 6208; ppageno 0'>
   <div class='ocr_carea' id='block_1_1' title="bbox 595 316 693 370">
    <p class='ocr_par' dir='ltr' id='par_1_1' title="bbox 595 316 693 370">
     <span class='ocr_line' id='line_1_1' title="bbox 595 316 693 370; baseline -0.02 0"><span class='ocrx_word' id='word_1_1' title='bbox 595 316 693 370; x_wconf 76' lang='lat'><strong>911</strong></span> 
     </span>
    </p>
   </div>
   <div class='ocr_carea' id='block_1_2' title="bbox 1089 318 2152 389">
    <p class='ocr_par' dir='ltr' id='par_1_2' title="bbox 1089 318 2151 378">
     <span class='ocr_line' id='line_1_2' title="bbox 1089 318 2151 378; baseline 0.007 -9"><span class='ocrx_word' id='word_1_2' title='bbox 1089 318 1290 374; x_wconf 61' lang='grc' dir='ltr'><strong>θεοίπ</strong></span> <span class='ocrx_word' id='word_1_3' title='bbox 1334 320 1786 378; x_wconf 71' lang='lat' dir='ltr'><strong>VENERABILIS</strong></span> <span class='ocrx_word' id='word_1_4' title='bbox 1823 323 1972 377; x_wconf 79' lang='lat' dir='ltr'><strong>OPP.</strong></span> <span class='ocrx_word' id='word_1_5' title='bbox 2017 323 2151 378; x_wconf 79' lang='lat' dir='ltr'><strong>PAB</strong></span> 
     </span>
    </p>
   </div>
   <div class='ocr_carea' id='block_1_3' title="bbox 2254 318 3402 389">
    <p class='ocr_par' dir='ltr' id='par_1_3' title="bbox 2261 323 3402 389">
     <span class='ocr_line' id='line_1_3' title="bbox 2261 323 3402 389; baseline 0.003 -5"><span class='ocrx_word' id='word_1_6' title='bbox 2261 371 2274 384; x_wconf 87' lang='lat'><strong>.</strong></span> <span class='ocrx_word' id='word_1_7' title='bbox 2316 323 2509 380; x_wconf 81' lang='lat' dir='ltr'><strong>SECT.</strong></span> <span class='ocrx_word' id='word_1_8' title='bbox 2553 325 2614 380; x_wconf 92' lang='lat' dir='ltr'><strong>ll.</strong></span> <span class='ocrx_word' id='word_1_9' title='bbox 2653 355 2719 367; x_wconf 91' lang='lat'>—</span> <span class='ocrx_word' id='word_1_10' title='bbox 2762 325 2965 383; x_wconf 77' lang='grc' dir='ltr'><strong>ουΒιΔ</strong></span> <span class='ocrx_word' id='word_1_11' title='bbox 3005 328 3092 385; x_wconf 82' lang='grc' dir='ltr'><strong>ΕΤ</strong></span> <span class='ocrx_word' id='word_1_12' title='bbox 3132 329 3402 389; x_wconf 72' lang='lat' dir='ltr'><strong>SPURIA.</strong></span> 
     </span>
    </p>
   </div>
   <div class='ocr_carea' id='block_1_4' title="bbox 3748 342 3848 396">
    <p class='ocr_par' dir='ltr' id='par_1_4' title="bbox 3748 342 3848 396">
     <span class='ocr_line' id='line_1_4' title="bbox 3748 342 3848 396; baseline 0.04 -4"><span class='ocrx_word' id='word_1_13' title='bbox 3748 342 3848 396; x_wconf 65' lang='lat'><strong>913</strong></span> 
     </span>
    </p>
   </div>
   <div class='ocr_carea' id='block_1_5' title="bbox 594 422 3855 523">
    <p class='ocr_par' dir='ltr' id='par_1_5' title="bbox 594 422 3855 523">
     <span class='ocr_line' id='line_1_5' title="bbox 594 422 3855 523; baseline 0.01 -47"><span class='ocrx_word' id='word_1_14' title='bbox 594 441 686 493; x_wconf 83' lang='lat' dir='ltr'><strong>per</strong></span> <span class='ocrx_word' id='word_1_15' title='bbox 711 422 1024 490; x_wconf 82' lang='lat' dir='ltr'><strong>hemitonia,</strong></span> <span class='ocrx_word' id='word_1_16' title='bbox 1062 427 1141 478; x_wconf 84' lang='lat' dir='ltr'><strong>vel</strong></span> <span class='ocrx_word' id='word_1_17' title='bbox 1179 430 1231 485; x_wconf 91' lang='lat' dir='ltr'><strong>in</strong></span> <span class='ocrx_word' id='word_1_18' title='bbox 1267 428 1384 483; x_wconf 88' lang='lat' dir='ltr'><strong>dies</strong></span> <span class='ocrx_word' id='word_1_19' title='bbox 1414 443 1519 484; x_wconf 90' lang='lat' dir='ltr'><strong>non</strong></span> <span class='ocrx_word' id='word_1_20' title='bbox 1560 433 1816 487; x_wconf 90' lang='lat' dir='ltr'><strong>continuo</strong></span> <span class='ocrx_word' id='word_1_21' title='bbox 1845 436 2163 503; x_wconf 78' lang='lat' dir='ltr'><strong>percipitur,</strong></span> <span class='ocrx_word' id='word_1_22' title='bbox 2197 444 2242 502; x_wconf 73' lang='grc' dir='ltr'><strong>Α</strong></span> <span class='ocrx_word' id='word_1_23' title='bbox 2276 437 2767 506; x_wconf 86' lang='lat' dir='ltr'><strong>perparticularitas</strong></span> <span class='ocrx_word' id='word_1_24' title='bbox 2799 441 3051 499; x_wconf 92' lang='lat' dir='ltr'><strong>continue</strong></span> <span class='ocrx_word' id='word_1_25' title='bbox 3076 446 3348 514; x_wconf 76' lang='lat' dir='ltr'><strong>scribitur,</strong></span> <span class='ocrx_word' id='word_1_26' title='bbox 3376 448 3498 516; x_wconf 82' lang='lat' dir='ltr'><strong>quia</strong></span> <span class='ocrx_word' id='word_1_27' title='bbox 3533 463 3627 523; x_wconf 83' lang='lat' dir='ltr'><strong>per</strong></span> <span class='ocrx_word' id='word_1_28' title='bbox 3672 465 3855 521; x_wconf 83' lang='lat' dir='ltr'><strong>partes</strong></span> 
     </span>
    </p>
   </div>
   <div class='ocr_carea' id='block_1_6' title="bbox 588 523 2165 603">
    <p class='ocr_par' dir='ltr' id='par_1_6' title="bbox 588 523 2165 603">
     <span class='ocr_line' id='line_1_6' title="bbox 588 523 2165 603; baseline 0.006 -28"><span class='ocrx_word' id='word_1_29' title='bbox 588 528 758 577; x_wconf 87' lang='lat' dir='ltr'><strong>donec</strong></span> <span class='ocrx_word' id='word_1_30' title='bbox 803 523 907 578; x_wconf 74' lang='lat' dir='ltr'><strong>illa:</strong></span> <span class='ocrx_word' id='word_1_31' title='bbox 953 534 1132 592; x_wconf 86' lang='lat' dir='ltr'><strong>partes</strong></span> <span class='ocrx_word' id='word_1_32' title='bbox 1179 540 1612 596; x_wconf 86' lang='lat' dir='ltr'><strong>supercrescant.</strong></span> <span class='ocrx_word' id='word_1_33' title='bbox 1658 531 1920 597; x_wconf 77' lang='lat' dir='ltr'><strong>lsciatici,</strong></span> <span class='ocrx_word' id='word_1_34' title='bbox 1956 533 2008 587; x_wconf 94' lang='lat' dir='ltr'><strong>id</strong></span> <span class='ocrx_word' id='word_1_35' title='bbox 2061 545 2165 603; x_wconf 87' lang='lat' dir='ltr'><strong>est,</strong></span> 
     </span>
    </p>
   </div>
   <div class='ocr_carea' id='block_1_7' title="bbox 587 615 2164 694">
    <p class='ocr_par' dir='ltr' id='par_1_7' title="bbox 587 615 2164 694">
     <span class='ocr_line' id='line_1_7' title="bbox 587 615 2164 694; baseline 0.006 -28"><span class='ocrx_word' id='word_1_36' title='bbox 587 628 845 668; x_wconf 75' lang='lat' dir='ltr'><strong>coxarum</strong></span> <span class='ocrx_word' id='word_1_37' title='bbox 878 615 1206 686; x_wconf 83' lang='lat' dir='ltr'><strong>injuriaticus</strong></span> <span class='ocrx_word' id='word_1_38' title='bbox 1255 619 1428 682; x_wconf 86' lang='lat' dir='ltr'><strong>dolor,</strong></span> <span class='ocrx_word' id='word_1_39' title='bbox 1472 632 1528 675; x_wconf 91' lang='lat' dir='ltr'><strong>ut</strong></span> <span class='ocrx_word' id='word_1_40' title='bbox 1574 632 1654 675; x_wconf 90' lang='lat' dir='ltr'><strong>est</strong></span> <span class='ocrx_word' id='word_1_41' title='bbox 1702 622 1960 692; x_wconf 77' lang='lat' dir='ltr'><strong>lrigiditas</strong></span> <span class='ocrx_word' id='word_1_42' title='bbox 1991 641 2164 694; x_wconf 71' lang='lat' dir='ltr'><strong>aqum,</strong></span> 
     </span>
    </p>
   </div>
   <div class='ocr_carea' id='block_1_8' title="bbox 591 704 2164 781">
    <p class='ocr_par' dir='ltr' id='par_1_8' title="bbox 591 704 2164 781">
     <span class='ocr_line' id='line_1_8' title="bbox 591 704 2164 781; baseline 0.005 -20"><span class='ocrx_word' id='word_1_43' title='bbox 591 707 879 763; x_wconf 85' lang='lat' dir='ltr'><strong>humiditas</strong></span> <span class='ocrx_word' id='word_1_44' title='bbox 906 711 1068 774; x_wconf 84' lang='lat' dir='ltr'><strong>aeris,</strong></span> <span class='ocrx_word' id='word_1_45' title='bbox 1101 711 1343 765; x_wconf 87' lang='lat' dir='ltr'><strong>caliditas</strong></span> <span class='ocrx_word' id='word_1_46' title='bbox 1395 712 1551 781; x_wconf 87' lang='lat' dir='ltr'><strong>ignis,</strong></span> <span class='ocrx_word' id='word_1_47' title='bbox 1586 713 1796 768; x_wconf 81' lang='lat' dir='ltr'><strong>siccitas</strong></span> <span class='ocrx_word' id='word_1_48' title='bbox 1829 726 2002 770; x_wconf 76' lang='lat' dir='ltr'><strong>terrze.</strong></span> <span class='ocrx_word' id='word_1_49' title='bbox 2037 704 2164 769; x_wconf 65' lang='lat' dir='ltr'><strong>Nam</strong></span> 
     </span>
    </p>
   </div>
   <div class='ocr_carea' id='block_1_9' title="bbox 586 801 2164 877">
    <p class='ocr_par' dir='ltr' id='par_1_9' title="bbox 586 801 2164 877">
     <span class='ocr_line' id='line_1_9' title="bbox 586 801 2164 877; baseline 0.006 -23"><span class='ocrx_word' id='word_1_50' title='bbox 586 803 693 855; x_wconf 92' lang='lat' dir='ltr'><strong>duo</strong></span> <span class='ocrx_word' id='word_1_51' title='bbox 721 817 788 857; x_wconf 76' lang='lat' dir='ltr'><strong>ex</strong></span> <span class='ocrx_word' id='word_1_52' title='bbox 837 801 917 855; x_wconf 87' lang='lat' dir='ltr'><strong>bis</strong></span> <span class='ocrx_word' id='word_1_53' title='bbox 945 810 1128 871; x_wconf 84' lang='lat' dir='ltr'><strong>agunt,</strong></span> <span class='ocrx_word' id='word_1_54' title='bbox 1161 802 1295 871; x_wconf 84' lang='lat' dir='ltr'><strong>ignis</strong></span> <span class='ocrx_word' id='word_1_55' title='bbox 1337 813 1392 859; x_wconf 88' lang='lat' dir='ltr'><strong>et</strong></span> <span class='ocrx_word' id='word_1_56' title='bbox 1420 820 1545 869; x_wconf 89' lang='lat' dir='ltr'><strong>aer;</strong></span> <span class='ocrx_word' id='word_1_57' title='bbox 1571 806 1676 859; x_wconf 91' lang='lat' dir='ltr'><strong>duo</strong></span> <span class='ocrx_word' id='word_1_58' title='bbox 1707 806 1998 874; x_wconf 89' lang='lat' dir='ltr'><strong>patiuntur,</strong></span> <span class='ocrx_word' id='word_1_59' title='bbox 2031 823 2164 877; x_wconf 81' lang='lat' dir='ltr'><strong>aqua</strong></span> 
     </span>
    </p>
   </div>
   <div class='ocr_carea' id='block_1_10' title="bbox 587 890 2160 968">
    <p class='ocr_par' dir='ltr' id='par_1_10' title="bbox 587 890 2160 968">
     <span class='ocr_line' id='line_1_10' title="bbox 587 890 2160 968; baseline 0.004 -23"><span class='ocrx_word' id='word_1_60' title='bbox 587 903 642 945; x_wconf 85' lang='lat' dir='ltr'><strong>et</strong></span> <span class='ocrx_word' id='word_1_61' title='bbox 665 901 825 948; x_wconf 86' lang='lat' dir='ltr'><strong>terra.</strong></span> <span class='ocrx_word' id='word_1_62' title='bbox 845 890 1079 959; x_wconf 83' lang='lat' dir='ltr'><strong>Quatuor</strong></span> <span class='ocrx_word' id='word_1_63' title='bbox 1102 905 1277 948; x_wconf 87' lang='lat' dir='ltr'><strong>autem</strong></span> <span class='ocrx_word' id='word_1_64' title='bbox 1302 905 1424 948; x_wconf 87' lang='lat' dir='ltr'><strong>sunt</strong></span> <span class='ocrx_word' id='word_1_65' title='bbox 1450 904 1712 965; x_wconf 89' lang='lat' dir='ltr'><strong>tempora,</strong></span> <span class='ocrx_word' id='word_1_66' title='bbox 1738 903 1938 968; x_wconf 80' lang='grc' dir='ltr'><strong>χειμὼν</strong></span> <span class='ocrx_word' id='word_1_67' title='bbox 1966 898 2160 964; x_wconf 81' lang='lat' dir='ltr'><strong>hiems,</strong></span> 
     </span>
    </p>
   </div>
   <div class='ocr_carea' id='block_1_11' title="bbox 582 983 2164 1064">
    <p class='ocr_par' dir='ltr' id='par_1_11' title="bbox 582 983 2164 1064">
     <span class='ocr_line' id='line_1_11' title="bbox 582 983 2164 1064; baseline 0.004 -26"><span class='ocrx_word' id='word_1_68' title='bbox 582 983 678 1060; x_wconf 73' lang='grc' dir='ltr'><strong>ἔαρ</strong></span> <span class='ocrx_word' id='word_1_69' title='bbox 709 999 825 1050; x_wconf 89' lang='lat' dir='ltr'><strong>ver,</strong></span> <span class='ocrx_word' id='word_1_70' title='bbox 856 987 1000 1057; x_wconf 79' lang='grc' dir='ltr'><strong>θέρος</strong></span> <span class='ocrx_word' id='word_1_71' title='bbox 1040 995 1221 1051; x_wconf 69' lang='lat' dir='ltr'><strong>aestas,</strong></span> <span class='ocrx_word' id='word_1_72' title='bbox 1261 983 1576 1064; x_wconf 62' lang='grc' dir='ltr'><strong>φθινόπωρον</strong></span> <span class='ocrx_word' id='word_1_73' title='bbox 1623 998 1932 1044; x_wconf 66' lang='lat' dir='ltr'><strong>autumnus.</strong></span> <span class='ocrx_word' id='word_1_74' title='bbox 1983 991 2164 1044; x_wconf 81' lang='lat' dir='ltr'><strong>llictns</strong></span> 
     </span>
    </p>
   </div>
   <div class='ocr_carea' id='block_1_12' title="bbox 586 1088 1646 1147">
    <p class='ocr_par' dir='ltr' id='par_1_12' title="bbox 586 1088 1646 1147">
     <span class='ocr_line' id='line_1_12' title="bbox 586 1088 1646 1147; baseline 0.004 -15"><span class='ocrx_word' id='word_1_75' title='bbox 586 1088 926 1147; x_wconf 81' lang='lat' dir='ltr'><strong>comparatur</strong></span> <span class='ocrx_word' id='word_1_76' title='bbox 953 1095 1125 1146; x_wconf 66' lang='lat' dir='ltr'><strong>aqua),</strong></span> <span class='ocrx_word' id='word_1_77' title='bbox 1157 1090 1443 1134; x_wconf 85' lang='lat' dir='ltr'><strong>autumnus</strong></span> <span class='ocrx_word' id='word_1_78' title='bbox 1472 1094 1646 1136; x_wconf 63' lang='lat' dir='ltr'><strong>terve.</strong></span> 
     </span>
    </p>
   </div>
   <div class='ocr_carea' id='block_1_13' title="bbox 657 1170 2161 1234">
    <p class='ocr_par' dir='ltr' id='par_1_13' title="bbox 657 1170 2161 1234">
     <span class='ocr_line' id='line_1_13' title="bbox 657 1170 2161 1234; baseline 0.003 -10"><span class='ocrx_word' id='word_1_79' title='bbox 657 1170 857 1225; x_wconf 82' lang='lat' dir='ltr'><strong>Plinius</strong></span> <span class='ocrx_word' id='word_1_80' title='bbox 889 1172 1188 1234; x_wconf 82' lang='lat' dir='ltr'><strong>Secundus,</strong></span> <span class='ocrx_word' id='word_1_81' title='bbox 1219 1172 1270 1225; x_wconf 92' lang='lat' dir='ltr'><strong>in</strong></span> <span class='ocrx_word' id='word_1_82' title='bbox 1315 1171 1455 1225; x_wconf 86' lang='lat' dir='ltr'><strong>libro</strong></span> <span class='ocrx_word' id='word_1_83' title='bbox 1496 1174 1730 1227; x_wconf 82' lang='lat' dir='ltr'><strong>secundo</strong></span> <span class='ocrx_word' id='word_1_84' title='bbox 1778 1173 2047 1228; x_wconf 75' lang='lat' dir='ltr'><strong>Naturalis</strong></span> <span class='ocrx_word' id='word_1_85' title='bbox 2083 1175 2161 1228; x_wconf 78' lang='lat' dir='ltr'><strong>lii-</strong></span> 
     </span>
    </p>
   </div>
   <div class='ocr_carea' id='block_1_14' title="bbox 579 1264 2158 1330">
    <p class='ocr_par' dir='ltr' id='par_1_14' title="bbox 579 1264 2158 1330">
     <span class='ocr_line' id='line_1_14' title="bbox 579 1264 2158 1330; baseline 0.003 -14"><span class='ocrx_word' id='word_1_86' title='bbox 579 1265 777 1325; x_wconf 68' lang='lat' dir='ltr'><strong>storize.</strong></span> <span class='ocrx_word' id='word_1_87' title='bbox 802 1278 868 1316; x_wconf 89' lang='lat' dir='ltr'><strong>an</strong></span> <span class='ocrx_word' id='word_1_88' title='bbox 899 1264 968 1316; x_wconf 93' lang='lat' dir='ltr'><strong>sit</strong></span> <span class='ocrx_word' id='word_1_89' title='bbox 995 1264 1292 1319; x_wconf 79' lang='lat' dir='ltr'><strong>immensus</strong></span> <span class='ocrx_word' id='word_1_90' title='bbox 1324 1265 1575 1330; x_wconf 87' lang='lat' dir='ltr'><strong>mundus,</strong></span> <span class='ocrx_word' id='word_1_91' title='bbox 1598 1277 1655 1320; x_wconf 92' lang='lat' dir='ltr'><strong>et</strong></span> <span class='ocrx_word' id='word_1_92' title='bbox 1682 1266 1803 1320; x_wconf 89' lang='lat' dir='ltr'><strong>ideo</strong></span> <span class='ocrx_word' id='word_1_93' title='bbox 1827 1283 2040 1320; x_wconf 83' lang='lat' dir='ltr'><strong>sensum</strong></span> <span class='ocrx_word' id='word_1_94' title='bbox 2065 1283 2158 1320; x_wconf 84' lang='lat' dir='ltr'><strong>au-</strong></span> 
     </span>
    </p>
   </div>
   <div class='ocr_carea' id='block_1_15' title="bbox 579 1357 2159 1430">
    <p class='ocr_par' dir='ltr' id='par_1_15' title="bbox 579 1357 2159 1430">
     <span class='ocr_line' id='line_1_15' title="bbox 579 1357 2159 1430; baseline 0.001 -18"><span class='ocrx_word' id='word_1_95' title='bbox 579 1357 718 1412; x_wconf 81' lang='lat' dir='ltr'><strong>rium</strong></span> <span class='ocrx_word' id='word_1_96' title='bbox 748 1357 1044 1412; x_wconf 72' lang='lat' dir='ltr'><strong>extendens</strong></span> <span class='ocrx_word' id='word_1_97' title='bbox 1076 1365 1235 1411; x_wconf 66' lang='lat' dir='ltr'><strong>tantm</strong></span> <span class='ocrx_word' id='word_1_98' title='bbox 1258 1358 1412 1411; x_wconf 88' lang='lat' dir='ltr'><strong>molis</strong></span> <span class='ocrx_word' id='word_1_99' title='bbox 1451 1367 1636 1413; x_wconf 74' lang='lat' dir='ltr'><strong>rotata:</strong></span> <span class='ocrx_word' id='word_1_100' title='bbox 1664 1360 1922 1430; x_wconf 71' lang='lat' dir='ltr'><strong>vertigine</strong></span> <span class='ocrx_word' id='word_1_101' title='bbox 1947 1361 2159 1413; x_wconf 74' lang='lat' dir='ltr'><strong>as~iilua</strong></span> 
     </span>
    </p>
   </div>
   <div class='ocr_carea' id='block_1_16' title="bbox 582 1448 2159 1521">
    <p class='ocr_par' dir='ltr' id='par_1_16' title="bbox 582 1448 2159 1521">
     <span class='ocr_line' id='line_1_16' title="bbox 582 1448 2159 1521; baseline 0.002 -19"><span class='ocrx_word' id='word_1_102' title='bbox 582 1451 638 1502; x_wconf 83' lang='lat' dir='ltr'><strong>lit</strong></span> <span class='ocrx_word' id='word_1_103' title='bbox 662 1459 858 1511; x_wconf 89' lang='lat' dir='ltr'><strong>motus,</strong></span> <span class='ocrx_word' id='word_1_104' title='bbox 878 1463 980 1503; x_wconf 88' lang='lat' dir='ltr'><strong>non</strong></span> <span class='ocrx_word' id='word_1_105' title='bbox 1005 1449 1217 1518; x_wconf 85' lang='lat' dir='ltr'><strong>quidem</strong></span> <span class='ocrx_word' id='word_1_106' title='bbox 1242 1448 1394 1502; x_wconf 80' lang='lat' dir='ltr'><strong>facile</strong></span> <span class='ocrx_word' id='word_1_107' title='bbox 1416 1449 1665 1513; x_wconf 80' lang='lat' dir='ltr'><strong>dixerim,</strong></span> <span class='ocrx_word' id='word_1_108' title='bbox 1687 1464 1792 1504; x_wconf 89' lang='lat' dir='ltr'><strong>non</strong></span> <span class='ocrx_word' id='word_1_109' title='bbox 1818 1452 1986 1521; x_wconf 87' lang='lat' dir='ltr'><strong>magis</strong></span> <span class='ocrx_word' id='word_1_110' title='bbox 2003 1467 2159 1521; x_wconf 89' lang='lat' dir='ltr'><strong>quam</strong></span> 
     </span>
    </p>
   </div>
   <div class='ocr_carea' id='block_1_17' title="bbox 577 1540 2161 1613">
    <p class='ocr_par' dir='ltr' id='par_1_17' title="bbox 577 1540 2161 1613">
     <span class='ocr_line' id='line_1_17' title="bbox 577 1540 2161 1613; baseline 0.003 -21"><span class='ocrx_word' id='word_1_111' title='bbox 577 1542 1023 1598; x_wconf 73' lang='lat' dir='ltr'><strong>circttmactorum</strong></span> <span class='ocrx_word' id='word_1_112' title='bbox 1055 1541 1215 1596; x_wconf 86' lang='lat' dir='ltr'><strong>simul</strong></span> <span class='ocrx_word' id='word_1_113' title='bbox 1250 1542 1475 1598; x_wconf 88' lang='lat' dir='ltr'><strong>tinnitus</strong></span> <span class='ocrx_word' id='word_1_114' title='bbox 1500 1540 1758 1608; x_wconf 81' lang='lat' dir='ltr'><strong>siderum,</strong></span> <span class='ocrx_word' id='word_1_115' title='bbox 1788 1558 2019 1613; x_wconf 86' lang='lat' dir='ltr'><strong>suosque</strong></span> <span class='ocrx_word' id='word_1_116' title='bbox 2048 1543 2161 1598; x_wconf 87' lang='lat' dir='ltr'><strong>vol-</strong></span> 
     </span>
    </p>
   </div>
   <div class='ocr_carea' id='block_1_18' title="bbox 575 1635 2160 1705">
    <p class='ocr_par' dir='ltr' id='par_1_18' title="bbox 575 1635 2160 1705">
     <span class='ocr_line' id='line_1_18' title="bbox 575 1635 2160 1705; baseline -0.001 -17"><span class='ocrx_word' id='word_1_117' title='bbox 575 1635 812 1688; x_wconf 85' lang='lat' dir='ltr'><strong>ventium</strong></span> <span class='ocrx_word' id='word_1_118' title='bbox 842 1635 1021 1689; x_wconf 84' lang='lat' dir='ltr'><strong>orbes.</strong></span> <span class='ocrx_word' id='word_1_119' title='bbox 1053 1637 1134 1689; x_wconf 82' lang='lat' dir='ltr'><strong>An</strong></span> <span class='ocrx_word' id='word_1_120' title='bbox 1163 1635 1334 1690; x_wconf 81' lang='lat' dir='ltr'><strong>dulcis</strong></span> <span class='ocrx_word' id='word_1_121' title='bbox 1365 1635 1603 1705; x_wconf 87' lang='lat' dir='ltr'><strong>quidam,</strong></span> <span class='ocrx_word' id='word_1_122' title='bbox 1630 1644 1683 1689; x_wconf 90' lang='lat' dir='ltr'><strong>et</strong></span> <span class='ocrx_word' id='word_1_123' title='bbox 1715 1635 2012 1689; x_wconf 87' lang='lat' dir='ltr'><strong>incredibili</strong></span> <span class='ocrx_word' id='word_1_124' title='bbox 2039 1648 2160 1688; x_wconf 88' lang='lat' dir='ltr'><strong>sua-</strong></span> 
     </span>
    </p>
   </div>
   <div class='ocr_carea' id='block_1_19' title="bbox 576 1725 2158 1798">
    <p class='ocr_par' dir='ltr' id='par_1_19' title="bbox 576 1725 2158 1798">
     <span class='ocr_line' id='line_1_19' title="bbox 576 1725 2158 1798; baseline 0.003 -22"><span class='ocrx_word' id='word_1_125' title='bbox 576 1725 739 1781; x_wconf 89' lang='lat' dir='ltr'><strong>vitate</strong></span> <span class='ocrx_word' id='word_1_126' title='bbox 760 1736 1050 1795; x_wconf 82' lang='lat' dir='ltr'><strong>coitceptns</strong></span> <span class='ocrx_word' id='word_1_127' title='bbox 1073 1727 1251 1792; x_wconf 78' lang='lat' dir='ltr'><strong>nobis,</strong></span> <span class='ocrx_word' id='word_1_128' title='bbox 1276 1727 1364 1795; x_wconf 86' lang='lat' dir='ltr'><strong>qui</strong></span> <span class='ocrx_word' id='word_1_129' title='bbox 1397 1727 1538 1782; x_wconf 91' lang='lat' dir='ltr'><strong>intus</strong></span> <span class='ocrx_word' id='word_1_130' title='bbox 1561 1727 1766 1798; x_wconf 80' lang='lat' dir='ltr'><strong>agimus</strong></span> <span class='ocrx_word' id='word_1_131' title='bbox 1791 1727 1942 1796; x_wconf 73' lang='lat' dir='ltr'><strong>juxta</strong></span> <span class='ocrx_word' id='word_1_132' title='bbox 1967 1726 2158 1782; x_wconf 88' lang='lat' dir='ltr'><strong>diebus</strong></span> 
     </span>
    </p>
   </div>
   <div class='ocr_carea' id='block_1_20' title="bbox 578 1817 1372 1886">
    <p class='ocr_par' dir='ltr' id='par_1_20' title="bbox 578 1817 1372 1886">
     <span class='ocr_line' id='line_1_20' title="bbox 578 1817 1372 1886; baseline 0.001 -16"><span class='ocrx_word' id='word_1_133' title='bbox 578 1817 929 1886; x_wconf 77' lang='lat' dir='ltr'><strong>noctibusque</strong></span> <span class='ocrx_word' id='word_1_134' title='bbox 955 1818 1146 1872; x_wconf 81' lang='lat' dir='ltr'><strong>tacitus</strong></span> <span class='ocrx_word' id='word_1_135' title='bbox 1174 1819 1372 1871; x_wconf 82' lang='lat' dir='ltr'><strong>labitur</strong></span> 
     </span>
    </p>
   </div>
   <div class='ocr_carea' id='block_1_21' title="bbox 652 1906 2155 1972">
    <p class='ocr_par' dir='ltr' id='par_1_21' title="bbox 652 1906 2155 1972">
     <span class='ocr_line' id='line_1_21' title="bbox 652 1906 2155 1972; baseline 0.003 -12"><span class='ocrx_word' id='word_1_136' title='bbox 652 1906 783 1960; x_wconf 74' lang='lat' dir='ltr'><strong>Dum</strong></span> <span class='ocrx_word' id='word_1_137' title='bbox 832 1907 1032 1962; x_wconf 88' lang='lat' dir='ltr'><strong>musica</strong></span> <span class='ocrx_word' id='word_1_138' title='bbox 1072 1908 1308 1964; x_wconf 64' lang='lat' dir='ltr'><strong>celestis</strong></span> <span class='ocrx_word' id='word_1_139' title='bbox 1345 1925 1408 1963; x_wconf 81' lang='lat' dir='ltr'><strong>ex</strong></span> <span class='ocrx_word' id='word_1_140' title='bbox 1449 1910 1816 1964; x_wconf 77' lang='lat' dir='ltr'><strong>subtilioribus</strong></span> <span class='ocrx_word' id='word_1_141' title='bbox 1858 1912 2155 1972; x_wconf 78' lang='lat' dir='ltr'><strong>coniicitur,</strong></span> 
     </span>
    </p>
   </div>
   <div class='ocr_carea' id='block_1_22' title="bbox 574 1999 2158 2073">
    <p class='ocr_par' dir='ltr' id='par_1_22' title="bbox 574 1999 2158 2073">
     <span class='ocr_line' id='line_1_22' title="bbox 574 1999 2158 2073; baseline 0.003 -19"><span class='ocrx_word' id='word_1_142' title='bbox 574 1999 692 2055; x_wconf 89' lang='lat' dir='ltr'><strong>sine</strong></span> <span class='ocrx_word' id='word_1_143' title='bbox 732 2001 838 2054; x_wconf 89' lang='lat' dir='ltr'><strong>ulla</strong></span> <span class='ocrx_word' id='word_1_144' title='bbox 881 2002 1305 2056; x_wconf 83' lang='lat' dir='ltr'><strong>inconvenientia</strong></span> <span class='ocrx_word' id='word_1_145' title='bbox 1354 2003 1701 2055; x_wconf 79' lang='lat' dir='ltr'><strong>sonorissitna</strong></span> <span class='ocrx_word' id='word_1_146' title='bbox 1743 2004 2158 2073; x_wconf 83' lang='lat' dir='ltr'><strong>comprehendi-</strong></span> 
     </span>
    </p>
   </div>
   <div class='ocr_carea' id='block_1_23' title="bbox 574 2094 2156 2167">
    <p class='ocr_par' dir='ltr' id='par_1_23' title="bbox 574 2094 2156 2167">
     <span class='ocr_line' id='line_1_23' title="bbox 574 2094 2156 2167; baseline 0.004 -22"><span class='ocrx_word' id='word_1_147' title='bbox 574 2105 688 2156; x_wconf 87' lang='lat' dir='ltr'><strong>tur;</strong></span> <span class='ocrx_word' id='word_1_148' title='bbox 723 2109 843 2147; x_wconf 88' lang='lat' dir='ltr'><strong>nam</strong></span> <span class='ocrx_word' id='word_1_149' title='bbox 877 2094 1104 2150; x_wconf 80' lang='lat' dir='ltr'><strong>latenter</strong></span> <span class='ocrx_word' id='word_1_150' title='bbox 1121 2109 1192 2148; x_wconf 73' lang='lat' dir='ltr'><strong>es</strong></span> <span class='ocrx_word' id='word_1_151' title='bbox 1221 2094 1589 2165; x_wconf 85' lang='lat' dir='ltr'><strong>superioribus</strong></span> <span class='ocrx_word' id='word_1_152' title='bbox 1610 2096 1676 2149; x_wconf 86' lang='lat' dir='ltr'><strong>ad</strong></span> <span class='ocrx_word' id='word_1_153' title='bbox 1708 2096 1958 2151; x_wconf 80' lang='lat' dir='ltr'><strong>inferiora</strong></span> <span class='ocrx_word' id='word_1_154' title='bbox 1985 2113 2156 2167; x_wconf 87' lang='lat' dir='ltr'><strong>usque</strong></span> 
     </span>
    </p>
   </div>
   <div class='ocr_carea' id='block_1_24' title="bbox 573 2185 2154 2257">
    <p class='ocr_par' dir='ltr' id='par_1_24' title="bbox 573 2185 2154 2257">
     <span class='ocr_line' id='line_1_24' title="bbox 573 2185 2154 2257; baseline 0.003 -19"><span class='ocrx_word' id='word_1_155' title='bbox 573 2187 788 2240; x_wconf 74' lang='lat' dir='ltr'><strong>auditus</strong></span> <span class='ocrx_word' id='word_1_156' title='bbox 815 2195 1027 2240; x_wconf 85' lang='lat' dir='ltr'><strong>nostros</strong></span> <span class='ocrx_word' id='word_1_157' title='bbox 1050 2185 1340 2240; x_wconf 79' lang='lat' dir='ltr'><strong>effunditur</strong></span> <span class='ocrx_word' id='word_1_158' title='bbox 1365 2188 1608 2257; x_wconf 81' lang='lat' dir='ltr'><strong>quamvis</strong></span> <span class='ocrx_word' id='word_1_159' title='bbox 1631 2204 1749 2242; x_wconf 91' lang='lat' dir='ltr'><strong>eam</strong></span> <span class='ocrx_word' id='word_1_160' title='bbox 1781 2199 2001 2257; x_wconf 86' lang='lat' dir='ltr'><strong>propter</strong></span> <span class='ocrx_word' id='word_1_161' title='bbox 2029 2204 2154 2243; x_wconf 90' lang='lat' dir='ltr'><strong>con-</strong></span> 
     </span>
    </p>
   </div>
   <div class='ocr_carea' id='block_1_25' title="bbox 575 2275 2157 2348">
    <p class='ocr_par' dir='ltr' id='par_1_25' title="bbox 575 2275 2157 2348">
     <span class='ocr_line' id='line_1_25' title="bbox 575 2275 2157 2348; baseline 0.004 -20"><span class='ocrx_word' id='word_1_162' title='bbox 575 2275 911 2330; x_wconf 70' lang='lat' dir='ltr'><strong>suetudinem</strong></span> <span class='ocrx_word' id='word_1_163' title='bbox 934 2290 1038 2330; x_wconf 88' lang='lat' dir='ltr'><strong>nnn</strong></span> <span class='ocrx_word' id='word_1_164' title='bbox 1066 2275 1451 2342; x_wconf 84' lang='lat' dir='ltr'><strong>consentimus,</strong></span> <span class='ocrx_word' id='word_1_165' title='bbox 1480 2277 1619 2332; x_wconf 85' lang='lat' dir='ltr'><strong>sicut</strong></span> <span class='ocrx_word' id='word_1_166' title='bbox 1647 2287 1771 2331; x_wconf 88' lang='lat' dir='ltr'><strong>sunt</strong></span> <span class='ocrx_word' id='word_1_167' title='bbox 1795 2277 1870 2332; x_wconf 92' lang='lat' dir='ltr'><strong>illi</strong></span> <span class='ocrx_word' id='word_1_168' title='bbox 1898 2277 1988 2348; x_wconf 89' lang='lat' dir='ltr'><strong>qui</strong></span> <span class='ocrx_word' id='word_1_169' title='bbox 2017 2281 2157 2334; x_wconf 82' lang='lat' dir='ltr'><strong>circa</strong></span> 
     </span>
    </p>
   </div>
   <div class='ocr_carea' id='block_1_26' title="bbox 574 2366 2156 2439">
    <p class='ocr_par' dir='ltr' id='par_1_26' title="bbox 574 2366 2156 2439">
     <span class='ocr_line' id='line_1_26' title="bbox 574 2366 2156 2439; baseline 0.001 -14"><span class='ocrx_word' id='word_1_170' title='bbox 574 2368 900 2439; x_wconf 75' lang='grc' dir='ltr'><strong>καταϐαθμόν</strong></span> <span class='ocrx_word' id='word_1_171' title='bbox 931 2368 1205 2434; x_wconf 84' lang='lat' dir='ltr'><strong>habitant,</strong></span> <span class='ocrx_word' id='word_1_172' title='bbox 1236 2366 1288 2423; x_wconf 94' lang='lat' dir='ltr'><strong>id</strong></span> <span class='ocrx_word' id='word_1_173' title='bbox 1319 2377 1434 2434; x_wconf 87' lang='lat' dir='ltr'><strong>est,</strong></span> <span class='ocrx_word' id='word_1_174' title='bbox 1474 2369 1793 2426; x_wconf 85' lang='lat' dir='ltr'><strong>descensum</strong></span> <span class='ocrx_word' id='word_1_175' title='bbox 1822 2369 1946 2427; x_wconf 81' lang='lat' dir='ltr'><strong>Nili.</strong></span> <span class='ocrx_word' id='word_1_176' title='bbox 1978 2372 2031 2425; x_wconf 93' lang='lat' dir='ltr'><strong>Si</strong></span> <span class='ocrx_word' id='word_1_177' title='bbox 2063 2386 2156 2426; x_wconf 83' lang='lat' dir='ltr'><strong>au-</strong></span> 
     </span>
    </p>
   </div>
   <div class='ocr_carea' id='block_1_27' title="bbox 571 2460 2156 2537">
    <p class='ocr_par' dir='ltr' id='par_1_27' title="bbox 571 2460 2156 2537">
     <span class='ocr_line' id='line_1_27' title="bbox 571 2460 2156 2537; baseline 0.005 -25"><span class='ocrx_word' id='word_1_178' title='bbox 571 2471 678 2515; x_wconf 84' lang='lat' dir='ltr'><strong>tem</strong></span> <span class='ocrx_word' id='word_1_179' title='bbox 718 2460 911 2531; x_wconf 79' lang='lat' dir='ltr'><strong>aliquis</strong></span> <span class='ocrx_word' id='word_1_180' title='bbox 940 2460 994 2516; x_wconf 90' lang='lat' dir='ltr'><strong>in</strong></span> <span class='ocrx_word' id='word_1_181' title='bbox 1023 2461 1193 2517; x_wconf 89' lang='lat' dir='ltr'><strong>altero</strong></span> <span class='ocrx_word' id='word_1_182' title='bbox 1224 2463 1423 2517; x_wconf 86' lang='lat' dir='ltr'><strong>mundo</strong></span> <span class='ocrx_word' id='word_1_183' title='bbox 1454 2475 1764 2520; x_wconf 86' lang='lat' dir='ltr'><strong>nasceretur</strong></span> <span class='ocrx_word' id='word_1_184' title='bbox 1792 2465 1861 2537; x_wconf 82' lang='lat' dir='ltr'><strong>(si</strong></span> <span class='ocrx_word' id='word_1_185' title='bbox 1903 2465 2156 2536; x_wconf 88' lang='lat' dir='ltr'><strong>possibile</strong></span> 
     </span>
    </p>
   </div>
   <div class='ocr_carea' id='block_1_28' title="bbox 567 2553 2152 2626">
    <p class='ocr_par' dir='ltr' id='par_1_28' title="bbox 567 2553 2152 2626">
     <span class='ocr_line' id='line_1_28' title="bbox 567 2553 2152 2626; baseline 0.002 -18"><span class='ocrx_word' id='word_1_186' title='bbox 567 2553 731 2621; x_wconf 80' lang='lat' dir='ltr'><strong>esset)</strong></span> <span class='ocrx_word' id='word_1_187' title='bbox 777 2563 833 2607; x_wconf 90' lang='lat' dir='ltr'><strong>ut</strong></span> <span class='ocrx_word' id='word_1_188' title='bbox 882 2562 1100 2608; x_wconf 88' lang='lat' dir='ltr'><strong>sanctus</strong></span> <span class='ocrx_word' id='word_1_189' title='bbox 1133 2555 1464 2624; x_wconf 89' lang='lat' dir='ltr'><strong>Augustinus</strong></span> <span class='ocrx_word' id='word_1_190' title='bbox 1512 2556 1768 2626; x_wconf 79' lang='lat' dir='ltr'><strong>afﬁrmat,</strong></span> <span class='ocrx_word' id='word_1_191' title='bbox 1802 2566 1860 2612; x_wconf 91' lang='lat' dir='ltr'><strong>ut</strong></span> <span class='ocrx_word' id='word_1_192' title='bbox 1899 2557 1951 2612; x_wconf 93' lang='lat' dir='ltr'><strong>in</strong></span> <span class='ocrx_word' id='word_1_193' title='bbox 2006 2555 2152 2611; x_wconf 85' lang='lat' dir='ltr'><strong>hunc</strong></span> 
     </span>
    </p>
   </div>
   <div class='ocr_carea' id='block_1_29' title="bbox 568 2645 2154 2717">
    <p class='ocr_par' dir='ltr' id='par_1_29' title="bbox 568 2645 2154 2717">
     <span class='ocr_line' id='line_1_29' title="bbox 568 2645 2154 2717; baseline 0.002 -17"><span class='ocrx_word' id='word_1_194' title='bbox 568 2647 825 2700; x_wconf 83' lang='lat' dir='ltr'><strong>utnmlum</strong></span> <span class='ocrx_word' id='word_1_195' title='bbox 875 2653 1057 2716; x_wconf 78' lang='lat' dir='ltr'><strong>postea</strong></span> <span class='ocrx_word' id='word_1_196' title='bbox 1106 2645 1364 2714; x_wconf 81' lang='lat' dir='ltr'><strong>venisset,</strong></span> <span class='ocrx_word' id='word_1_197' title='bbox 1416 2661 1536 2702; x_wconf 88' lang='lat' dir='ltr'><strong>eam</strong></span> <span class='ocrx_word' id='word_1_198' title='bbox 1589 2647 1710 2704; x_wconf 87' lang='lat' dir='ltr'><strong>sine</strong></span> <span class='ocrx_word' id='word_1_199' title='bbox 1763 2648 1872 2702; x_wconf 90' lang='lat' dir='ltr'><strong>ullo</strong></span> <span class='ocrx_word' id='word_1_200' title='bbox 1927 2647 2154 2717; x_wconf 85' lang='lat' dir='ltr'><strong>impedi-</strong></span> 
     </span>
    </p>
   </div>
   <div class='ocr_carea' id='block_1_30' title="bbox 567 2737 2149 2808">
    <p class='ocr_par' dir='ltr' id='par_1_30' title="bbox 567 2737 2149 2808">
     <span class='ocr_line' id='line_1_30' title="bbox 567 2737 2149 2808; baseline -0.001 -16"><span class='ocrx_word' id='word_1_201' title='bbox 567 2751 748 2793; x_wconf 86' lang='lat' dir='ltr'><strong>mento</strong></span> <span class='ocrx_word' id='word_1_202' title='bbox 794 2739 1037 2804; x_wconf 83' lang='lat' dir='ltr'><strong>audiret,</strong></span> <span class='ocrx_word' id='word_1_203' title='bbox 1075 2738 1234 2808; x_wconf 88' lang='lat' dir='ltr'><strong>eique</strong></span> <span class='ocrx_word' id='word_1_204' title='bbox 1273 2737 1410 2794; x_wconf 90' lang='lat' dir='ltr'><strong>ultra</strong></span> <span class='ocrx_word' id='word_1_205' title='bbox 1460 2738 1599 2793; x_wconf 90' lang='lat' dir='ltr'><strong>vires</strong></span> <span class='ocrx_word' id='word_1_206' title='bbox 1649 2739 1902 2807; x_wconf 81' lang='lat' dir='ltr'><strong>placeret.</strong></span> <span class='ocrx_word' id='word_1_207' title='bbox 1952 2737 2149 2792; x_wconf 73' lang='lat' dir='ltr'><strong>blusica</strong></span> 
     </span>
    </p>
   </div>
   <div class='ocr_carea' id='block_1_31' title="bbox 567 2828 2150 2897">
    <p class='ocr_par' dir='ltr' id='par_1_31' title="bbox 567 2828 2150 2897">
     <span class='ocr_line' id='line_1_31' title="bbox 567 2828 2150 2897; baseline -0.003 -15"><span class='ocrx_word' id='word_1_208' title='bbox 567 2839 745 2883; x_wconf 89' lang='lat' dir='ltr'><strong>autem</strong></span> <span class='ocrx_word' id='word_1_209' title='bbox 795 2828 1039 2894; x_wconf 70' lang='lat' dir='ltr'><strong>quamvis</strong></span> <span class='ocrx_word' id='word_1_210' title='bbox 1089 2830 1384 2894; x_wconf 86' lang='lat' dir='ltr'><strong>terrestris,</strong></span> <span class='ocrx_word' id='word_1_211' title='bbox 1435 2829 1591 2884; x_wconf 88' lang='lat' dir='ltr'><strong>nobis</strong></span> <span class='ocrx_word' id='word_1_212' title='bbox 1642 2828 1926 2897; x_wconf 87' lang='lat' dir='ltr'><strong>placuerit,</strong></span> <span class='ocrx_word' id='word_1_213' title='bbox 1971 2838 2150 2882; x_wconf 81' lang='lat' dir='ltr'><strong>tamen</strong></span> 
     </span>
    </p>
   </div>
   <div class='ocr_carea' id='block_1_32' title="bbox 566 2917 2154 2988">
    <p class='ocr_par' dir='ltr' id='par_1_32' title="bbox 566 2917 2154 2988">
     <span class='ocr_line' id='line_1_32' title="bbox 566 2917 2154 2988; baseline -0.001 -16"><span class='ocrx_word' id='word_1_214' title='bbox 566 2923 690 2988; x_wconf 84' lang='lat' dir='ltr'><strong>quia</strong></span> <span class='ocrx_word' id='word_1_215' title='bbox 735 2919 1224 2986; x_wconf 78' lang='lat' dir='ltr'><strong>corpulentioribus</strong></span> <span class='ocrx_word' id='word_1_216' title='bbox 1264 2919 1546 2973; x_wconf 89' lang='lat' dir='ltr'><strong>elementis</strong></span> <span class='ocrx_word' id='word_1_217' title='bbox 1603 2918 1859 2986; x_wconf 88' lang='lat' dir='ltr'><strong>el&#39;llcitur,</strong></span> <span class='ocrx_word' id='word_1_218' title='bbox 1905 2917 1986 2971; x_wconf 74' lang='lat' dir='ltr'><strong>vix</strong></span> <span class='ocrx_word' id='word_1_219' title='bbox 2033 2919 2154 2972; x_wconf 76' lang='lat' dir='ltr'><strong>sine</strong></span> 
     </span>
    </p>
   </div>
   <div class='ocr_carea' id='block_1_33' title="bbox 564 3008 2147 3081">
    <p class='ocr_par' dir='ltr' id='par_1_33' title="bbox 564 3008 2147 3081">
     <span class='ocr_line' id='line_1_33' title="bbox 564 3008 2147 3081; baseline -0.003 -15"><span class='ocrx_word' id='word_1_220' title='bbox 564 3012 742 3081; x_wconf 87' lang='lat' dir='ltr'><strong>aliqua</strong></span> <span class='ocrx_word' id='word_1_221' title='bbox 775 3009 1180 3065; x_wconf 77' lang='lat' dir='ltr'><strong>inooum‘uentia</strong></span> <span class='ocrx_word' id='word_1_222' title='bbox 1226 3008 1523 3062; x_wconf 82' lang='lat' dir='ltr'><strong>invenitur.</strong></span> <span class='ocrx_word' id='word_1_223' title='bbox 1571 3008 1637 3062; x_wconf 82' lang='lat' dir='ltr'><strong>Et</strong></span> <span class='ocrx_word' id='word_1_224' title='bbox 1677 3009 1778 3061; x_wconf 89' lang='lat' dir='ltr'><strong>hoc</strong></span> <span class='ocrx_word' id='word_1_225' title='bbox 1821 3008 2147 3072; x_wconf 87' lang='lat' dir='ltr'><strong>notandum,</strong></span> 
     </span>
    </p>
   </div>
   <div class='ocr_carea' id='block_1_34' title="bbox 564 3100 2150 3173">
    <p class='ocr_par' dir='ltr' id='par_1_34' title="bbox 564 3100 2150 3173">
     <span class='ocr_line' id='line_1_34' title="bbox 564 3100 2150 3173; baseline -0.003 -15"><span class='ocrx_word' id='word_1_226' title='bbox 564 3103 705 3173; x_wconf 84' lang='lat' dir='ltr'><strong>quod</strong></span> <span class='ocrx_word' id='word_1_227' title='bbox 731 3103 869 3157; x_wconf 85' lang='lat' dir='ltr'><strong>sicut</strong></span> <span class='ocrx_word' id='word_1_228' title='bbox 899 3101 1061 3155; x_wconf 87' lang='lat' dir='ltr'><strong>multa</strong></span> <span class='ocrx_word' id='word_1_229' title='bbox 1107 3100 1283 3155; x_wconf 86' lang='lat' dir='ltr'><strong>anima</strong></span> <span class='ocrx_word' id='word_1_230' title='bbox 1313 3105 1442 3171; x_wconf 77' lang='lat' dir='ltr'><strong>agit,</strong></span> <span class='ocrx_word' id='word_1_231' title='bbox 1476 3100 1568 3154; x_wconf 89' lang='lat' dir='ltr'><strong>illa</strong></span> <span class='ocrx_word' id='word_1_232' title='bbox 1602 3102 1716 3170; x_wconf 87' lang='lat' dir='ltr'><strong>ipsa</strong></span> <span class='ocrx_word' id='word_1_233' title='bbox 1764 3101 2055 3166; x_wconf 88' lang='lat' dir='ltr'><strong>nesciente,</strong></span> <span class='ocrx_word' id='word_1_234' title='bbox 2094 3111 2150 3154; x_wconf 92' lang='lat' dir='ltr'><strong>ut</strong></span> 
     </span>
    </p>
   </div>
   <div class='ocr_carea' id='block_1_35' title="bbox 2276 530 2514 597">
    <p class='ocr_par' dir='ltr' id='par_1_35' title="bbox 2276 530 2514 597">
     <span class='ocr_line' id='line_1_35' title="bbox 2276 530 2514 597; baseline 0.013 -19"><span class='ocrx_word' id='word_1_235' title='bbox 2276 530 2514 597; x_wconf 78' lang='lat' dir='ltr'><strong>partitur.</strong></span> 
     </span>
    </p>
   </div>
   <div class='ocr_carea' id='block_1_36' title="bbox 2341 619 3850 701">
    <p class='ocr_par' dir='ltr' id='par_1_36' title="bbox 2341 619 3850 701">
     <span class='ocr_line' id='line_1_36' title="bbox 2341 619 3850 701; baseline 0.013 -30"><span class='ocrx_word' id='word_1_236' title='bbox 2341 619 2530 674; x_wconf 81' lang='lat' dir='ltr'><strong>Omnis</strong></span> <span class='ocrx_word' id='word_1_237' title='bbox 2559 623 2875 691; x_wconf 78' lang='lat' dir='ltr'><strong>symphonia</strong></span> <span class='ocrx_word' id='word_1_238' title='bbox 2917 625 3191 695; x_wconf 78' lang='lat' dir='ltr'><strong>multiplex</strong></span> <span class='ocrx_word' id='word_1_239' title='bbox 3248 627 3495 685; x_wconf 67' lang='lat' dir='ltr'><strong>discreta</strong></span> <span class='ocrx_word' id='word_1_240' title='bbox 3537 631 3850 701; x_wconf 76' lang='lat' dir='ltr'><strong>quantitatis</strong></span> 
     </span>
    </p>
   </div>
   <div class='ocr_carea' id='block_1_37' title="bbox 2273 712 3848 791">
    <p class='ocr_par' dir='ltr' id='par_1_37' title="bbox 2273 712 3848 791">
     <span class='ocr_line' id='line_1_37' title="bbox 2273 712 3848 791; baseline 0.012 -29"><span class='ocrx_word' id='word_1_241' title='bbox 2273 712 2651 779; x_wconf 76' lang='lat' dir='ltr'><strong>proprietatem</strong></span> <span class='ocrx_word' id='word_1_242' title='bbox 2713 716 2984 784; x_wconf 80' lang='lat' dir='ltr'><strong>sequitun,</strong></span> <span class='ocrx_word' id='word_1_243' title='bbox 3036 733 3140 770; x_wconf 86' lang='lat' dir='ltr'><strong>non</strong></span> <span class='ocrx_word' id='word_1_244' title='bbox 3201 731 3381 775; x_wconf 86' lang='lat' dir='ltr'><strong>tamen</strong></span> <span class='ocrx_word' id='word_1_245' title='bbox 3443 731 3500 775; x_wconf 90' lang='lat' dir='ltr'><strong>ut</strong></span> <span class='ocrx_word' id='word_1_246' title='bbox 3549 719 3848 791; x_wconf 78' lang='lat' dir='ltr'><strong>inﬁnitam,</strong></span> 
     </span>
    </p>
   </div>
   <div class='ocr_carea' id='block_1_38' title="bbox 2270 802 3848 884">
    <p class='ocr_par' dir='ltr' id='par_1_38' title="bbox 2270 802 3848 884">
     <span class='ocr_line' id='line_1_38' title="bbox 2270 802 3848 884; baseline 0.014 -33"><span class='ocrx_word' id='word_1_247' title='bbox 2270 802 2362 854; x_wconf 75' lang='lat' dir='ltr'><strong>sed</strong></span> <span class='ocrx_word' id='word_1_248' title='bbox 2425 816 2518 869; x_wconf 87' lang='lat' dir='ltr'><strong>per</strong></span> <span class='ocrx_word' id='word_1_249' title='bbox 2577 813 2683 858; x_wconf 73' lang='lat' dir='ltr'><strong>tres</strong></span> <span class='ocrx_word' id='word_1_250' title='bbox 2744 814 2944 859; x_wconf 79' lang='lat' dir='ltr'><strong>tantum</strong></span> <span class='ocrx_word' id='word_1_251' title='bbox 3005 809 3234 875; x_wconf 86' lang='lat' dir='ltr'><strong>gradus,</strong></span> <span class='ocrx_word' id='word_1_252' title='bbox 3286 812 3546 882; x_wconf 89' lang='lat' dir='ltr'><strong>duplum,</strong></span> <span class='ocrx_word' id='word_1_253' title='bbox 3605 817 3848 884; x_wconf 84' lang='lat' dir='ltr'><strong>scilicet,</strong></span> 
     </span>
    </p>
   </div>
   <div class='ocr_carea' id='block_1_39' title="bbox 2272 893 3851 977">
    <p class='ocr_par' dir='ltr' id='par_1_39' title="bbox 2272 893 3851 977">
     <span class='ocr_line' id='line_1_39' title="bbox 2272 893 3851 977; baseline 0.014 -35"><span class='ocrx_word' id='word_1_254' title='bbox 2272 893 2485 958; x_wconf 80' lang='lat' dir='ltr'><strong>triplum</strong></span> <span class='ocrx_word' id='word_1_255' title='bbox 2517 903 2570 948; x_wconf 87' lang='lat' dir='ltr'><strong>et</strong></span> <span class='ocrx_word' id='word_1_256' title='bbox 2602 894 2975 966; x_wconf 78' lang='lat' dir='ltr'><strong>quadruplum.</strong></span> <span class='ocrx_word' id='word_1_257' title='bbox 3000 898 3187 954; x_wconf 83' lang='lat' dir='ltr'><strong>Omnis</strong></span> <span class='ocrx_word' id='word_1_258' title='bbox 3231 909 3410 956; x_wconf 88' lang='lat' dir='ltr'><strong>autem</strong></span> <span class='ocrx_word' id='word_1_259' title='bbox 3453 907 3851 977; x_wconf 85' lang='lat' dir='ltr'><strong>superparticu-</strong></span> 
     </span>
    </p>
   </div>
   <div class='ocr_carea' id='block_1_40' title="bbox 2269 987 3852 1060">
    <p class='ocr_par' dir='ltr' id='par_1_40' title="bbox 2269 987 3852 1060">
     <span class='ocr_line' id='line_1_40' title="bbox 2269 987 3852 1060; baseline 0.014 -23"><span class='ocrx_word' id='word_1_260' title='bbox 2269 987 2393 1038; x_wconf 83' lang='lat' dir='ltr'><strong>latis</strong></span> <span class='ocrx_word' id='word_1_261' title='bbox 2423 989 2763 1056; x_wconf 84' lang='lat' dir='ltr'><strong>symphonia,</strong></span> <span class='ocrx_word' id='word_1_262' title='bbox 2792 994 3102 1060; x_wconf 71' lang='lat' dir='ltr'><strong>quantitatis</strong></span> <span class='ocrx_word' id='word_1_263' title='bbox 3132 997 3401 1053; x_wconf 77' lang='lat' dir='ltr'><strong>continua:</strong></span> <span class='ocrx_word' id='word_1_264' title='bbox 3444 1010 3691 1057; x_wconf 85' lang='lat' dir='ltr'><strong>naturam</strong></span> <span class='ocrx_word' id='word_1_265' title='bbox 3730 1018 3852 1059; x_wconf 83' lang='lat' dir='ltr'><strong>ser-</strong></span> 
     </span>
    </p>
   </div>
   <div class='ocr_carea' id='block_1_41' title="bbox 2268 1082 3852 1163">
    <p class='ocr_par' dir='ltr' id='par_1_41' title="bbox 2268 1082 3852 1163">
     <span class='ocr_line' id='line_1_41' title="bbox 2268 1082 3852 1163; baseline 0.013 -33"><span class='ocrx_word' id='word_1_266' title='bbox 2268 1092 2382 1142; x_wconf 87' lang='lat' dir='ltr'><strong>vat,</strong></span> <span class='ocrx_word' id='word_1_267' title='bbox 2419 1096 2523 1133; x_wconf 84' lang='lat' dir='ltr'><strong>non</strong></span> <span class='ocrx_word' id='word_1_268' title='bbox 2551 1082 2764 1150; x_wconf 87' lang='lat' dir='ltr'><strong>quidem</strong></span> <span class='ocrx_word' id='word_1_269' title='bbox 2808 1085 2858 1138; x_wconf 93' lang='lat' dir='ltr'><strong>in</strong></span> <span class='ocrx_word' id='word_1_270' title='bbox 2899 1083 3201 1153; x_wconf 81' lang='lat' dir='ltr'><strong>inﬁnitum,</strong></span> <span class='ocrx_word' id='word_1_271' title='bbox 3233 1090 3326 1144; x_wconf 88' lang='lat' dir='ltr'><strong>sed</strong></span> <span class='ocrx_word' id='word_1_272' title='bbox 3368 1102 3570 1149; x_wconf 88' lang='lat' dir='ltr'><strong>tantum</strong></span> <span class='ocrx_word' id='word_1_273' title='bbox 3613 1112 3705 1163; x_wconf 83' lang='lat' dir='ltr'><strong>per</strong></span> <span class='ocrx_word' id='word_1_274' title='bbox 3737 1106 3852 1153; x_wconf 79' lang='lat' dir='ltr'><strong>tres</strong></span> 
     </span>
    </p>
   </div>
   <div class='ocr_carea' id='block_1_42' title="bbox 2267 1171 3846 1257">
    <p class='ocr_par' dir='ltr' id='par_1_42' title="bbox 2267 1171 3846 1257">
     <span class='ocr_line' id='line_1_42' title="bbox 2267 1171 3846 1257; baseline 0.015 -37"><span class='ocrx_word' id='word_1_275' title='bbox 2267 1171 2494 1240; x_wconf 67' lang='lat' dir='ltr'><strong>gradus,</strong></span> <span class='ocrx_word' id='word_1_276' title='bbox 2551 1174 2997 1244; x_wconf 86' lang='lat' dir='ltr'><strong>sesquialterum,</strong></span> <span class='ocrx_word' id='word_1_277' title='bbox 3055 1183 3454 1254; x_wconf 86' lang='lat' dir='ltr'><strong>sesquitertium</strong></span> <span class='ocrx_word' id='word_1_278' title='bbox 3554 1188 3846 1257; x_wconf 79' lang='lat' dir='ltr'><strong>sesquioc-</strong></span> 
     </span>
    </p>
   </div>
   <div class='ocr_carea' id='block_1_43' title="bbox 2267 1272 2467 1317">
    <p class='ocr_par' dir='ltr' id='par_1_43' title="bbox 2267 1272 2467 1317">
     <span class='ocr_line' id='line_1_43' title="bbox 2267 1272 2467 1317; baseline 0.02 -4"><span class='ocrx_word' id='word_1_279' title='bbox 2267 1272 2467 1317; x_wconf 83' lang='lat' dir='ltr'><strong>tavutn.</strong></span> 
     </span>
    </p>
   </div>
   <div class='ocr_carea' id='block_1_44' title="bbox 2338 1353 3851 1442">
    <p class='ocr_par' dir='ltr' id='par_1_44' title="bbox 2338 1353 3851 1442">
     <span class='ocr_line' id='line_1_44' title="bbox 2338 1353 3851 1442; baseline 0.011 -33"><span class='ocrx_word' id='word_1_280' title='bbox 2338 1353 2579 1424; x_wconf 86' lang='lat' dir='ltr'><strong>Duplicat</strong></span> <span class='ocrx_word' id='word_1_281' title='bbox 2614 1373 2843 1430; x_wconf 89' lang='lat' dir='ltr'><strong>namque</strong></span> <span class='ocrx_word' id='word_1_282' title='bbox 2887 1364 3388 1432; x_wconf 83' lang='lat' dir='ltr'><strong>superparticularis</strong></span> <span class='ocrx_word' id='word_1_283' title='bbox 3431 1381 3586 1422; x_wconf 86' lang='lat' dir='ltr'><strong>suam</strong></span> <span class='ocrx_word' id='word_1_284' title='bbox 3624 1383 3851 1442; x_wconf 81' lang='lat' dir='ltr'><strong>proper-</strong></span> 
     </span>
    </p>
   </div>
   <div class='ocr_carea' id='block_1_45' title="bbox 2265 1445 3848 1523">
    <p class='ocr_par' dir='ltr' id='par_1_45' title="bbox 2265 1445 3848 1523">
     <span class='ocr_line' id='line_1_45' title="bbox 2265 1445 3848 1523; baseline 0.013 -25"><span class='ocrx_word' id='word_1_285' title='bbox 2265 1445 2484 1515; x_wconf 89' lang='lat' dir='ltr'><strong>tionem,</strong></span> <span class='ocrx_word' id='word_1_286' title='bbox 2516 1462 2849 1519; x_wconf 70' lang='lat' dir='ltr'><strong>quaecunque</strong></span> <span class='ocrx_word' id='word_1_287' title='bbox 2876 1452 2964 1516; x_wconf 90' lang='lat' dir='ltr'><strong>sit,</strong></span> <span class='ocrx_word' id='word_1_288' title='bbox 2989 1462 3043 1507; x_wconf 89' lang='lat' dir='ltr'><strong>et</strong></span> <span class='ocrx_word' id='word_1_289' title='bbox 3073 1469 3167 1523; x_wconf 89' lang='lat' dir='ltr'><strong>per</strong></span> <span class='ocrx_word' id='word_1_290' title='bbox 3196 1455 3406 1510; x_wconf 89' lang='lat' dir='ltr'><strong>dualem</strong></span> <span class='ocrx_word' id='word_1_291' title='bbox 3436 1473 3717 1514; x_wconf 84' lang='lat' dir='ltr'><strong>numerum</strong></span> <span class='ocrx_word' id='word_1_292' title='bbox 3751 1461 3848 1518; x_wconf 86' lang='lat' dir='ltr'><strong>de-</strong></span> 
     </span>
    </p>
   </div>
   <div class='ocr_carea' id='block_1_46' title="bbox 2265 1543 3848 1623">
    <p class='ocr_par' dir='ltr' id='par_1_46' title="bbox 2265 1543 3848 1623">
     <span class='ocr_line' id='line_1_46' title="bbox 2265 1543 3848 1623; baseline 0.01 -31"><span class='ocrx_word' id='word_1_293' title='bbox 2265 1543 2524 1606; x_wconf 87' lang='lat' dir='ltr'><strong>nominat,</strong></span> <span class='ocrx_word' id='word_1_294' title='bbox 2556 1553 2714 1613; x_wconf 91' lang='lat' dir='ltr'><strong>atque</strong></span> <span class='ocrx_word' id='word_1_295' title='bbox 2739 1559 2767 1595; x_wconf 91' lang='lat' dir='ltr'><strong>a</strong></span> <span class='ocrx_word' id='word_1_296' title='bbox 2799 1543 2942 1598; x_wconf 88' lang='lat' dir='ltr'><strong>duali</strong></span> <span class='ocrx_word' id='word_1_297' title='bbox 2975 1545 3212 1612; x_wconf 77' lang='lat' dir='ltr'><strong>inclinat,</strong></span> <span class='ocrx_word' id='word_1_298' title='bbox 3242 1556 3296 1603; x_wconf 86' lang='lat' dir='ltr'><strong>et</strong></span> <span class='ocrx_word' id='word_1_299' title='bbox 3323 1551 3376 1604; x_wconf 86' lang='lat' dir='ltr'><strong>in</strong></span> <span class='ocrx_word' id='word_1_300' title='bbox 3405 1564 3530 1606; x_wconf 86' lang='lat' dir='ltr'><strong>eum</strong></span> <span class='ocrx_word' id='word_1_301' title='bbox 3563 1554 3848 1623; x_wconf 72' lang='lat' dir='ltr'><strong>redigitur,</strong></span> 
     </span>
    </p>
   </div>
   <div class='ocr_carea' id='block_1_47' title="bbox 2264 1637 3845 1710">
    <p class='ocr_par' dir='ltr' id='par_1_47' title="bbox 2264 1637 3845 1710">
     <span class='ocr_line' id='line_1_47' title="bbox 2264 1637 3845 1710; baseline 0.008 -22"><span class='ocrx_word' id='word_1_302' title='bbox 2264 1649 2435 1704; x_wconf 89' lang='lat' dir='ltr'><strong>neque</strong></span> <span class='ocrx_word' id='word_1_303' title='bbox 2457 1637 2697 1706; x_wconf 88' lang='lat' dir='ltr'><strong>pervenit</strong></span> <span class='ocrx_word' id='word_1_304' title='bbox 2718 1637 2783 1691; x_wconf 87' lang='lat' dir='ltr'><strong>ad</strong></span> <span class='ocrx_word' id='word_1_305' title='bbox 2809 1638 3097 1705; x_wconf 86' lang='lat' dir='ltr'><strong>unitatem;</strong></span> <span class='ocrx_word' id='word_1_306' title='bbox 3124 1642 3351 1710; x_wconf 86' lang='lat' dir='ltr'><strong>ideoque</strong></span> <span class='ocrx_word' id='word_1_307' title='bbox 3371 1657 3551 1700; x_wconf 79' lang='lat' dir='ltr'><strong>servat</strong></span> <span class='ocrx_word' id='word_1_308' title='bbox 3571 1646 3845 1701; x_wconf 80' lang='lat' dir='ltr'><strong>continua:</strong></span> 
     </span>
    </p>
   </div>
   <div class='ocr_carea' id='block_1_48' title="bbox 2261 1727 3013 1797">
    <p class='ocr_par' dir='ltr' id='par_1_48' title="bbox 2261 1727 3013 1797">
     <span class='ocr_line' id='line_1_48' title="bbox 2261 1727 3013 1797; baseline 0.007 -19"><span class='ocrx_word' id='word_1_309' title='bbox 2261 1727 2568 1795; x_wconf 74' lang='lat' dir='ltr'><strong>quantitatis</strong></span> <span class='ocrx_word' id='word_1_310' title='bbox 2597 1727 3013 1797; x_wconf 87' lang='lat' dir='ltr'><strong>proportionem.</strong></span> 
     </span>
    </p>
   </div>
   <div class='ocr_carea' id='block_1_49' title="bbox 2188 1810 3834 1894">
    <p class='ocr_par' dir='ltr' id='par_1_49' title="bbox 2188 1810 3834 1894">
     <span class='ocr_line' id='line_1_49' title="bbox 2188 1810 3834 1894; baseline 0.007 -24"><span class='ocrx_word' id='word_1_311' title='bbox 2188 1810 2235 1870; x_wconf 87' lang='lat' dir='ltr'><strong>B</strong></span> <span class='ocrx_word' id='word_1_312' title='bbox 2349 1819 2762 1889; x_wconf 84' lang='lat' dir='ltr'><strong>Transgreditur</strong></span> <span class='ocrx_word' id='word_1_313' title='bbox 2816 1837 3045 1890; x_wconf 90' lang='lat' dir='ltr'><strong>namque</strong></span> <span class='ocrx_word' id='word_1_314' title='bbox 3109 1826 3325 1879; x_wconf 73' lang='lat' dir='ltr'><strong>musica:</strong></span> <span class='ocrx_word' id='word_1_315' title='bbox 3385 1828 3834 1894; x_wconf 84' lang='lat' dir='ltr'><strong>consonantiam,</strong></span> 
     </span>
    </p>
   </div>
   <div class='ocr_carea' id='block_1_50' title="bbox 2262 1909 3846 1990">
    <p class='ocr_par' dir='ltr' id='par_1_50' title="bbox 2262 1909 3846 1990">
     <span class='ocr_line' id='line_1_50' title="bbox 2262 1909 3846 1990; baseline 0.006 -27"><span class='ocrx_word' id='word_1_316' title='bbox 2262 1909 2488 1981; x_wconf 87' lang='lat' dir='ltr'><strong>ideoque</strong></span> <span class='ocrx_word' id='word_1_317' title='bbox 2531 1913 2672 1982; x_wconf 87' lang='lat' dir='ltr'><strong>quod</strong></span> <span class='ocrx_word' id='word_1_318' title='bbox 2724 1915 2903 1982; x_wconf 87' lang='lat' dir='ltr'><strong>plures</strong></span> <span class='ocrx_word' id='word_1_319' title='bbox 2950 1925 3130 1985; x_wconf 84' lang='lat' dir='ltr'><strong>partes</strong></span> <span class='ocrx_word' id='word_1_320' title='bbox 3178 1917 3420 1982; x_wconf 76' lang='lat' dir='ltr'><strong>excedit,</strong></span> <span class='ocrx_word' id='word_1_321' title='bbox 3452 1931 3505 1973; x_wconf 90' lang='lat' dir='ltr'><strong>et</strong></span> <span class='ocrx_word' id='word_1_322' title='bbox 3537 1934 3566 1972; x_wconf 91' lang='lat' dir='ltr'><strong>a</strong></span> <span class='ocrx_word' id='word_1_323' title='bbox 3607 1919 3846 1990; x_wconf 83' lang='lat' dir='ltr'><strong>simplici</strong></span> 
     </span>
    </p>
   </div>
   <div class='ocr_carea' id='block_1_51' title="bbox 2259 2001 2505 2056">
    <p class='ocr_par' dir='ltr' id='par_1_51' title="bbox 2259 2001 2505 2056">
     <span class='ocr_line' id='line_1_51' title="bbox 2259 2001 2505 2056; baseline -0.004 -1"><span class='ocrx_word' id='word_1_324' title='bbox 2259 2001 2505 2056; x_wconf 87' lang='lat' dir='ltr'><strong>discedit.</strong></span> 
     </span>
    </p>
   </div>
   <div class='ocr_carea' id='block_1_52' title="bbox 2328 2092 3845 2166">
    <p class='ocr_par' dir='ltr' id='par_1_52' title="bbox 2328 2092 3845 2166">
     <span class='ocr_line' id='line_1_52' title="bbox 2328 2092 3845 2166; baseline 0.003 -20"><span class='ocrx_word' id='word_1_325' title='bbox 2328 2092 2383 2146; x_wconf 87' lang='lat' dir='ltr'><strong>In</strong></span> <span class='ocrx_word' id='word_1_326' title='bbox 2426 2108 2569 2148; x_wconf 89' lang='lat' dir='ltr'><strong>nono</strong></span> <span class='ocrx_word' id='word_1_327' title='bbox 2605 2094 2775 2166; x_wconf 88' lang='lat' dir='ltr'><strong>quinti</strong></span> <span class='ocrx_word' id='word_1_328' title='bbox 2822 2094 2940 2150; x_wconf 85' lang='lat' dir='ltr'><strong>libri</strong></span> <span class='ocrx_word' id='word_1_329' title='bbox 2984 2096 3241 2166; x_wconf 87' lang='lat' dir='ltr'><strong>capitulo,</strong></span> <span class='ocrx_word' id='word_1_330' title='bbox 3284 2105 3510 2163; x_wconf 85' lang='lat' dir='ltr'><strong>octavo,</strong></span> <span class='ocrx_word' id='word_1_331' title='bbox 3553 2106 3746 2165; x_wconf 88' lang='lat' dir='ltr'><strong>quarto</strong></span> <span class='ocrx_word' id='word_1_332' title='bbox 3790 2107 3845 2152; x_wconf 87' lang='lat' dir='ltr'><strong>et</strong></span> 
     </span>
    </p>
   </div>
   <div class='ocr_carea' id='block_1_53' title="bbox 2260 2182 3845 2256">
    <p class='ocr_par' dir='ltr' id='par_1_53' title="bbox 2260 2182 3845 2256">
     <span class='ocr_line' id='line_1_53' title="bbox 2260 2182 3845 2256; baseline 0.001 -21"><span class='ocrx_word' id='word_1_333' title='bbox 2260 2182 2437 2249; x_wconf 88' lang='lat' dir='ltr'><strong>tertio,</strong></span> <span class='ocrx_word' id='word_1_334' title='bbox 2473 2185 2586 2253; x_wconf 87' lang='lat' dir='ltr'><strong>ipse</strong></span> <span class='ocrx_word' id='word_1_335' title='bbox 2631 2198 2842 2254; x_wconf 86' lang='lat' dir='ltr'><strong>quoque</strong></span> <span class='ocrx_word' id='word_1_336' title='bbox 2886 2184 3272 2256; x_wconf 84' lang='lat' dir='ltr'><strong>Pythagoricus</strong></span> <span class='ocrx_word' id='word_1_337' title='bbox 3327 2184 3649 2240; x_wconf 75' lang='lat' dir='ltr'><strong>Ptolemzcus</strong></span> <span class='ocrx_word' id='word_1_338' title='bbox 3697 2184 3845 2239; x_wconf 76' lang='lat' dir='ltr'><strong>Pliil-</strong></span> 
     </span>
    </p>
   </div>
   <div class='ocr_carea' id='block_1_54' title="bbox 2257 2279 2925 2349">
    <p class='ocr_par' dir='ltr' id='par_1_54' title="bbox 2257 2279 2925 2349">
     <span class='ocr_line' id='line_1_54' title="bbox 2257 2279 2925 2349; baseline 0.003 -17"><span class='ocrx_word' id='word_1_339' title='bbox 2257 2279 2519 2346; x_wconf 70' lang='lat' dir='ltr'><strong>adelplt‘us</strong></span> <span class='ocrx_word' id='word_1_340' title='bbox 2549 2280 2925 2349; x_wconf 83' lang='lat' dir='ltr'><strong>philosophus.</strong></span> 
     </span>
    </p>
   </div>
   <div class='ocr_carea' id='block_1_55' title="bbox 2335 2369 3843 2441">
    <p class='ocr_par' dir='ltr' id='par_1_55' title="bbox 2335 2369 3843 2441">
     <span class='ocr_line' id='line_1_55' title="bbox 2335 2369 3843 2441; baseline 0 -16"><span class='ocrx_word' id='word_1_341' title='bbox 2335 2372 2389 2425; x_wconf 91' lang='lat' dir='ltr'><strong>In</strong></span> <span class='ocrx_word' id='word_1_342' title='bbox 2437 2372 2687 2426; x_wconf 89' lang='lat' dir='ltr'><strong>omnibus</strong></span> <span class='ocrx_word' id='word_1_343' title='bbox 2743 2371 2822 2425; x_wconf 84' lang='lat' dir='ltr'><strong>bis</strong></span> <span class='ocrx_word' id='word_1_344' title='bbox 2873 2372 3002 2426; x_wconf 81' lang='lat' dir='ltr'><strong>latet</strong></span> <span class='ocrx_word' id='word_1_345' title='bbox 3048 2370 3343 2441; x_wconf 89' lang='lat' dir='ltr'><strong>epogdoos,</strong></span> <span class='ocrx_word' id='word_1_346' title='bbox 3387 2369 3437 2424; x_wconf 88' lang='lat' dir='ltr'><strong>id</strong></span> <span class='ocrx_word' id='word_1_347' title='bbox 3471 2380 3584 2432; x_wconf 85' lang='lat' dir='ltr'><strong>est,</strong></span> <span class='ocrx_word' id='word_1_348' title='bbox 3629 2371 3843 2441; x_wconf 82' lang='lat' dir='ltr'><strong>sesqui—</strong></span> 
     </span>
    </p>
   </div>
   <div class='ocr_carea' id='block_1_56' title="bbox 2254 2463 3835 2534">
    <p class='ocr_par' dir='ltr' id='par_1_56' title="bbox 2254 2463 3835 2534">
     <span class='ocr_line' id='line_1_56' title="bbox 2254 2463 3835 2534; baseline -0.001 -16"><span class='ocrx_word' id='word_1_349' title='bbox 2254 2473 2438 2520; x_wconf 85' lang='lat' dir='ltr'><strong>octava</strong></span> <span class='ocrx_word' id='word_1_350' title='bbox 2494 2465 2806 2534; x_wconf 75' lang='lat' dir='ltr'><strong>proportio;</strong></span> <span class='ocrx_word' id='word_1_351' title='bbox 2863 2464 3089 2533; x_wconf 84' lang='lat' dir='ltr'><strong>ideoque</strong></span> <span class='ocrx_word' id='word_1_352' title='bbox 3137 2463 3446 2534; x_wconf 84' lang='lat' dir='ltr'><strong>specialiter</strong></span> <span class='ocrx_word' id='word_1_353' title='bbox 3496 2464 3635 2517; x_wconf 88' lang='lat' dir='ltr'><strong>inter</strong></span> <span class='ocrx_word' id='word_1_354' title='bbox 3684 2478 3835 2534; x_wconf 83' lang='lat' dir='ltr'><strong>sym-</strong></span> 
     </span>
    </p>
   </div>
   <div class='ocr_carea' id='block_1_57' title="bbox 2257 2556 3838 2626">
    <p class='ocr_par' dir='ltr' id='par_1_57' title="bbox 2257 2556 3838 2626">
     <span class='ocr_line' id='line_1_57' title="bbox 2257 2556 3838 2626; baseline -0.001 -16"><span class='ocrx_word' id='word_1_355' title='bbox 2257 2556 2479 2626; x_wconf 74' lang='lat' dir='ltr'><strong>phonias</strong></span> <span class='ocrx_word' id='word_1_356' title='bbox 2523 2572 2629 2612; x_wconf 88' lang='lat' dir='ltr'><strong>non</strong></span> <span class='ocrx_word' id='word_1_357' title='bbox 2681 2557 3172 2612; x_wconf 87' lang='lat' dir='ltr'><strong>connumerabitur.</strong></span> <span class='ocrx_word' id='word_1_358' title='bbox 3226 2559 3299 2611; x_wconf 81' lang='lat' dir='ltr'><strong>Ex</strong></span> <span class='ocrx_word' id='word_1_359' title='bbox 3354 2571 3422 2612; x_wconf 86' lang='lat' dir='ltr'><strong>eo</strong></span> <span class='ocrx_word' id='word_1_360' title='bbox 3469 2571 3701 2626; x_wconf 79' lang='lat' dir='ltr'><strong>namque</strong></span> <span class='ocrx_word' id='word_1_361' title='bbox 3729 2571 3838 2618; x_wconf 68' lang='lat' dir='ltr'><strong>pa:-</strong></span> 
     </span>
    </p>
   </div>
   <div class='ocr_carea' id='block_1_58' title="bbox 2255 2634 3840 2717">
    <p class='ocr_par' dir='ltr' id='par_1_58' title="bbox 2255 2634 3840 2717">
     <span class='ocr_line' id='line_1_58' title="bbox 2255 2634 3840 2717; baseline -0.001 -13"><span class='ocrx_word' id='word_1_362' title='bbox 2255 2658 2383 2704; x_wconf 80' lang='lat' dir='ltr'><strong>tera:</strong></span> <span class='ocrx_word' id='word_1_363' title='bbox 2426 2634 2843 2717; x_wconf 81' lang='lat' dir='ltr'><strong>componuntur.</strong></span> <span class='ocrx_word' id='word_1_364' title='bbox 2894 2648 2988 2703; x_wconf 83' lang='lat' dir='ltr'><strong>Est</strong></span> <span class='ocrx_word' id='word_1_365' title='bbox 3047 2641 3189 2704; x_wconf 83' lang='lat' dir='ltr'><strong>enim</strong></span> <span class='ocrx_word' id='word_1_366' title='bbox 3240 2647 3544 2702; x_wconf 87' lang='lat' dir='ltr'><strong>communis</strong></span> <span class='ocrx_word' id='word_1_367' title='bbox 3598 2647 3840 2702; x_wconf 80' lang='lat' dir='ltr'><strong>omnium</strong></span> 
     </span>
    </p>
   </div>
   <div class='ocr_carea' id='block_1_59' title="bbox 2254 2754 2525 2794">
    <p class='ocr_par' dir='ltr' id='par_1_59' title="bbox 2254 2754 2525 2794">
     <span class='ocr_line' id='line_1_59' title="bbox 2254 2754 2525 2794; baseline -0.007 0"><span class='ocrx_word' id='word_1_368' title='bbox 2254 2754 2525 2794; x_wconf 84' lang='lat' dir='ltr'><strong>mensura.</strong></span> 
     </span>
    </p>
   </div>
   <div class='ocr_carea' id='block_1_60' title="bbox 2332 2830 3836 2901">
    <p class='ocr_par' dir='ltr' id='par_1_60' title="bbox 2332 2830 3836 2901">
     <span class='ocr_line' id='line_1_60' title="bbox 2332 2830 3836 2901; baseline -0.001 -16"><span class='ocrx_word' id='word_1_369' title='bbox 2332 2831 2425 2885; x_wconf 79' lang='lat' dir='ltr'><strong>Est</strong></span> <span class='ocrx_word' id='word_1_370' title='bbox 2454 2831 2506 2885; x_wconf 94' lang='lat' dir='ltr'><strong>in</strong></span> <span class='ocrx_word' id='word_1_371' title='bbox 2550 2831 2770 2886; x_wconf 76' lang='lat' dir='ltr'><strong>vocibus</strong></span> <span class='ocrx_word' id='word_1_372' title='bbox 2800 2831 3071 2895; x_wconf 78' lang='lat' dir='ltr'><strong>similiter,</strong></span> <span class='ocrx_word' id='word_1_373' title='bbox 3107 2840 3158 2884; x_wconf 90' lang='lat' dir='ltr'><strong>ut</strong></span> <span class='ocrx_word' id='word_1_374' title='bbox 3189 2836 3302 2886; x_wconf 85' lang='lat' dir='ltr'><strong>tres</strong></span> <span class='ocrx_word' id='word_1_375' title='bbox 3350 2831 3416 2885; x_wconf 87' lang='lat' dir='ltr'><strong>ad</strong></span> <span class='ocrx_word' id='word_1_376' title='bbox 3449 2847 3609 2885; x_wconf 88' lang='lat' dir='ltr'><strong>unum</strong></span> <span class='ocrx_word' id='word_1_377' title='bbox 3654 2830 3836 2901; x_wconf 88' lang='lat' dir='ltr'><strong>tripla,</strong></span> 
     </span>
    </p>
   </div>
   <div class='ocr_carea' id='block_1_61' title="bbox 2252 2922 3833 2991">
    <p class='ocr_par' dir='ltr' id='par_1_61' title="bbox 2252 2922 3833 2991">
     <span class='ocr_line' id='line_1_61' title="bbox 2252 2922 3833 2991; baseline 0 -15"><span class='ocrx_word' id='word_1_378' title='bbox 2252 2938 2371 2991; x_wconf 61' lang='grc' dir='ltr'><strong>ρυλε</strong></span> <span class='ocrx_word' id='word_1_379' title='bbox 2408 2926 2650 2978; x_wconf 84' lang='lat' dir='ltr'><strong>continet</strong></span> <span class='ocrx_word' id='word_1_380' title='bbox 2697 2923 2749 2977; x_wconf 90' lang='lat' dir='ltr'><strong>in</strong></span> <span class='ocrx_word' id='word_1_381' title='bbox 2793 2939 2853 2978; x_wconf 89' lang='lat' dir='ltr'><strong>se</strong></span> <span class='ocrx_word' id='word_1_382' title='bbox 2889 2923 3024 2977; x_wconf 81' lang='lat' dir='ltr'><strong>duas</strong></span> <span class='ocrx_word' id='word_1_383' title='bbox 3059 2927 3463 2990; x_wconf 81' lang='lat' dir='ltr'><strong>consonantias,</strong></span> <span class='ocrx_word' id='word_1_384' title='bbox 3496 2933 3551 2977; x_wconf 91' lang='lat' dir='ltr'><strong>ut</strong></span> <span class='ocrx_word' id='word_1_385' title='bbox 3582 2925 3616 2976; x_wconf 82' lang='lat'><strong>5</strong></span> <span class='ocrx_word' id='word_1_386' title='bbox 3656 2922 3724 2978; x_wconf 86' lang='lat' dir='ltr'><strong>ad</strong></span> <span class='ocrx_word' id='word_1_387' title='bbox 3768 2922 3833 2991; x_wconf 66' lang='grc' dir='ltr'><strong>Ξ,</strong></span> 
     </span>
    </p>
   </div>
   <div class='ocr_carea' id='block_1_62' title="bbox 2251 3013 3066 3082">
    <p class='ocr_par' dir='ltr' id='par_1_62' title="bbox 2251 3013 3066 3082">
     <span class='ocr_line' id='line_1_62' title="bbox 2251 3013 3066 3082; baseline 0 -14"><span class='ocrx_word' id='word_1_388' title='bbox 2251 3015 2520 3082; x_wconf 87' lang='lat' dir='ltr'><strong>diapente,</strong></span> <span class='ocrx_word' id='word_1_389' title='bbox 2545 3013 2580 3065; x_wconf 72' lang='grc' dir='ltr'><strong>Ξ).</strong></span> <span class='ocrx_word' id='word_1_390' title='bbox 2608 3014 2671 3067; x_wconf 88' lang='lat' dir='ltr'><strong>ad</strong></span> <span class='ocrx_word' id='word_1_391' title='bbox 2706 3014 2754 3079; x_wconf 86' lang='lat' dir='ltr'><strong>I,</strong></span> <span class='ocrx_word' id='word_1_392' title='bbox 2785 3013 3066 3082; x_wconf 81' lang='lat' dir='ltr'><strong>diapason.</strong></span> 
     </span>
    </p>
   </div>
   <div class='ocr_carea' id='block_1_63' title="bbox 2324 3103 3837 3175">
    <p class='ocr_par' dir='ltr' id='par_1_63' title="bbox 2324 3103 3837 3175">
     <span class='ocr_line' id='line_1_63' title="bbox 2324 3103 3837 3175; baseline -0.001 -17"><span class='ocrx_word' id='word_1_393' title='bbox 2324 3103 2416 3159; x_wconf 90' lang='lat' dir='ltr'><strong>Ille</strong></span> <span class='ocrx_word' id='word_1_394' title='bbox 2445 3104 2602 3158; x_wconf 89' lang='lat' dir='ltr'><strong>nimis</strong></span> <span class='ocrx_word' id='word_1_395' title='bbox 2631 3113 2814 3158; x_wconf 89' lang='lat' dir='ltr'><strong>acutus</strong></span> <span class='ocrx_word' id='word_1_396' title='bbox 2853 3113 2969 3168; x_wconf 89' lang='lat' dir='ltr'><strong>est,</strong></span> <span class='ocrx_word' id='word_1_397' title='bbox 3015 3118 3120 3158; x_wconf 90' lang='lat' dir='ltr'><strong>non</strong></span> <span class='ocrx_word' id='word_1_398' title='bbox 3154 3103 3446 3158; x_wconf 84' lang='lat' dir='ltr'><strong>reﬂectitur</strong></span> <span class='ocrx_word' id='word_1_399' title='bbox 3485 3103 3551 3157; x_wconf 90' lang='lat' dir='ltr'><strong>ad</strong></span> <span class='ocrx_word' id='word_1_400' title='bbox 3595 3118 3837 3175; x_wconf 82' lang='lat' dir='ltr'><strong>gravem,</strong></span> 
     </span>
    </p>
   </div>
   <div class='ocr_carea' id='block_1_64' title="bbox 565 3164 3834 3266">
    <p class='ocr_par' dir='ltr' id='par_1_64' title="bbox 565 3164 3834 3266">
     <span class='ocr_line' id='line_1_64' title="bbox 565 3164 3834 3266; baseline -0.001 -14"><span class='ocrx_word' id='word_1_401' title='bbox 565 3196 741 3265; x_wconf 89' lang='lat' dir='ltr'><strong>capilli</strong></span> <span class='ocrx_word' id='word_1_402' title='bbox 767 3195 1083 3265; x_wconf 67' lang='lat' dir='ltr'><strong>ungularque</strong></span> <span class='ocrx_word' id='word_1_403' title='bbox 1107 3203 1380 3261; x_wconf 85' lang='lat' dir='ltr'><strong>crescunt,</strong></span> <span class='ocrx_word' id='word_1_404' title='bbox 1405 3193 1483 3248; x_wconf 82' lang='lat' dir='ltr'><strong>sic</strong></span> <span class='ocrx_word' id='word_1_405' title='bbox 1507 3195 1668 3248; x_wconf 89' lang='lat' dir='ltr'><strong>etiam</strong></span> <span class='ocrx_word' id='word_1_406' title='bbox 1697 3194 1861 3247; x_wconf 90' lang='lat' dir='ltr'><strong>multa</strong></span> <span class='ocrx_word' id='word_1_407' title='bbox 1889 3194 1940 3247; x_wconf 93' lang='lat' dir='ltr'><strong>in</strong></span> <span class='ocrx_word' id='word_1_408' title='bbox 1963 3193 2148 3248; x_wconf 87' lang='lat' dir='ltr'><strong>auditu</strong></span> <span class='ocrx_word' id='word_1_409' title='bbox 2175 3164 2224 3229; x_wconf 62' lang='grc' dir='ltr'><strong>θ</strong></span> <span class='ocrx_word' id='word_1_410' title='bbox 2258 3206 2316 3249; x_wconf 89' lang='lat' dir='ltr'><strong>ut</strong></span> <span class='ocrx_word' id='word_1_411' title='bbox 2340 3197 2386 3251; x_wconf 88' lang='lat' dir='ltr'><strong>ei</strong></span> <span class='ocrx_word' id='word_1_412' title='bbox 2432 3198 2735 3261; x_wconf 82' lang='lat' dir='ltr'><strong>conveniat,</strong></span> <span class='ocrx_word' id='word_1_413' title='bbox 2780 3206 2834 3250; x_wconf 89' lang='lat' dir='ltr'><strong>ct</strong></span> <span class='ocrx_word' id='word_1_414' title='bbox 2874 3195 2990 3263; x_wconf 89' lang='lat' dir='ltr'><strong>ille,</strong></span> <span class='ocrx_word' id='word_1_415' title='bbox 3023 3195 3112 3266; x_wconf 91' lang='lat' dir='ltr'><strong>qui</strong></span> <span class='ocrx_word' id='word_1_416' title='bbox 3144 3195 3318 3249; x_wconf 88' lang='lat' dir='ltr'><strong>minus</strong></span> <span class='ocrx_word' id='word_1_417' title='bbox 3361 3203 3445 3249; x_wconf 89' lang='lat' dir='ltr'><strong>est</strong></span> <span class='ocrx_word' id='word_1_418' title='bbox 3492 3197 3693 3266; x_wconf 87' lang='lat' dir='ltr'><strong>gravis,</strong></span> <span class='ocrx_word' id='word_1_419' title='bbox 3723 3210 3834 3251; x_wconf 86' lang='lat' dir='ltr'><strong>non</strong></span> 
     </span>
    </p>
   </div>
   <div class='ocr_carea' id='block_1_65' title="bbox 564 3283 2148 3358">
    <p class='ocr_par' dir='ltr' id='par_1_65' title="bbox 564 3283 2148 3358">
     <span class='ocr_line' id='line_1_65' title="bbox 564 3283 2148 3358; baseline -0.003 -16"><span class='ocrx_word' id='word_1_420' title='bbox 564 3287 731 3356; x_wconf 86' lang='lat' dir='ltr'><strong>ipsius</strong></span> <span class='ocrx_word' id='word_1_421' title='bbox 760 3297 1010 3358; x_wconf 87' lang='lat' dir='ltr'><strong>aguntur,</strong></span> <span class='ocrx_word' id='word_1_422' title='bbox 1044 3299 1163 3356; x_wconf 65' lang='lat' dir='ltr'><strong>qua</strong></span> <span class='ocrx_word' id='word_1_423' title='bbox 1188 3300 1308 3340; x_wconf 84' lang='lat' dir='ltr'><strong>eam</strong></span> <span class='ocrx_word' id='word_1_424' title='bbox 1341 3295 1560 3356; x_wconf 87' lang='lat' dir='ltr'><strong>propter</strong></span> <span class='ocrx_word' id='word_1_425' title='bbox 1587 3283 2033 3341; x_wconf 87' lang='lat' dir='ltr'><strong>consuetudinem</strong></span> <span class='ocrx_word' id='word_1_426' title='bbox 2069 3285 2148 3338; x_wconf 92' lang='lat' dir='ltr'><strong>la-</strong></span> 
     </span>
    </p>
   </div>
   <div class='ocr_carea' id='block_1_66' title="bbox 561 3377 1403 3449">
    <p class='ocr_par' dir='ltr' id='par_1_66' title="bbox 561 3377 1403 3449">
     <span class='ocr_line' id='line_1_66' title="bbox 561 3377 1403 3449; baseline -0.002 -13"><span class='ocrx_word' id='word_1_427' title='bbox 561 3390 702 3447; x_wconf 84' lang='lat' dir='ltr'><strong>tent,</strong></span> <span class='ocrx_word' id='word_1_428' title='bbox 731 3391 790 3435; x_wconf 90' lang='lat' dir='ltr'><strong>ut</strong></span> <span class='ocrx_word' id='word_1_429' title='bbox 815 3379 1022 3434; x_wconf 89' lang='lat' dir='ltr'><strong>sonitus</strong></span> <span class='ocrx_word' id='word_1_430' title='bbox 1051 3377 1403 3449; x_wconf 85' lang='lat' dir='ltr'><strong>planetarum.</strong></span> 
     </span>
    </p>
   </div>
   <div class='ocr_carea' id='block_1_67' title="bbox 636 3465 2147 3537">
    <p class='ocr_par' dir='ltr' id='par_1_67' title="bbox 636 3465 2147 3537">
     <span class='ocr_line' id='line_1_67' title="bbox 636 3465 2147 3537; baseline -0.004 -11"><span class='ocrx_word' id='word_1_431' title='bbox 636 3471 763 3526; x_wconf 54' lang='lat' dir='ltr'><strong>lisse</strong></span> <span class='ocrx_word' id='word_1_432' title='bbox 787 3470 1042 3524; x_wconf 86' lang='lat' dir='ltr'><strong>vivacitas</strong></span> <span class='ocrx_word' id='word_1_433' title='bbox 1071 3470 1298 3524; x_wconf 74' lang='lat' dir='ltr'><strong>rationis</strong></span> <span class='ocrx_word' id='word_1_434' title='bbox 1323 3477 1404 3523; x_wconf 89' lang='lat' dir='ltr'><strong>est</strong></span> <span class='ocrx_word' id='word_1_435' title='bbox 1433 3467 1549 3537; x_wconf 87' lang='lat' dir='ltr'><strong>ipsa</strong></span> <span class='ocrx_word' id='word_1_436' title='bbox 1583 3465 1663 3521; x_wconf 88' lang='lat' dir='ltr'><strong>vis</strong></span> <span class='ocrx_word' id='word_1_437' title='bbox 1689 3466 1910 3522; x_wconf 86' lang='lat' dir='ltr'><strong>rationis</strong></span> <span class='ocrx_word' id='word_1_438' title='bbox 1932 3466 2147 3534; x_wconf 68' lang='lat' dir='ltr'><strong>animai,</strong></span> 
     </span>
    </p>
   </div>
   <div class='ocr_carea' id='block_1_68' title="bbox 564 3557 2150 3632">
    <p class='ocr_par' dir='ltr' id='par_1_68' title="bbox 564 3557 2150 3632">
     <span class='ocr_line' id='line_1_68' title="bbox 564 3557 2150 3632; baseline -0.003 -16"><span class='ocrx_word' id='word_1_439' title='bbox 564 3576 687 3632; x_wconf 69' lang='lat' dir='ltr'><strong>qua</strong></span> <span class='ocrx_word' id='word_1_440' title='bbox 713 3561 816 3616; x_wconf 91' lang='lat' dir='ltr'><strong>sub</strong></span> <span class='ocrx_word' id='word_1_441' title='bbox 855 3560 1069 3615; x_wconf 91' lang='lat' dir='ltr'><strong>silentio</strong></span> <span class='ocrx_word' id='word_1_442' title='bbox 1096 3557 1150 3614; x_wconf 90' lang='lat' dir='ltr'><strong>in</strong></span> <span class='ocrx_word' id='word_1_443' title='bbox 1178 3559 1360 3614; x_wconf 91' lang='lat' dir='ltr'><strong>animo</strong></span> <span class='ocrx_word' id='word_1_444' title='bbox 1401 3558 1552 3615; x_wconf 83' lang='lat' dir='ltr'><strong>latet.</strong></span> <span class='ocrx_word' id='word_1_445' title='bbox 1577 3558 1726 3612; x_wconf 84' lang='lat' dir='ltr'><strong>Tunc</strong></span> <span class='ocrx_word' id='word_1_446' title='bbox 1751 3565 1929 3613; x_wconf 89' lang='lat' dir='ltr'><strong>autem</strong></span> <span class='ocrx_word' id='word_1_447' title='bbox 1959 3558 2150 3612; x_wconf 79' lang='lat' dir='ltr'><strong>misce-</strong></span> 
     </span>
    </p>
   </div>
   <div class='ocr_carea' id='block_1_69' title="bbox 563 3650 2148 3724">
    <p class='ocr_par' dir='ltr' id='par_1_69' title="bbox 563 3650 2148 3724">
     <span class='ocr_line' id='line_1_69' title="bbox 563 3650 2148 3724; baseline -0.003 -14"><span class='ocrx_word' id='word_1_448' title='bbox 563 3666 649 3710; x_wconf 90' lang='lat' dir='ltr'><strong>tur</strong></span> <span class='ocrx_word' id='word_1_449' title='bbox 669 3653 906 3724; x_wconf 88' lang='lat' dir='ltr'><strong>eorpnri,</strong></span> <span class='ocrx_word' id='word_1_450' title='bbox 932 3654 1144 3724; x_wconf 87' lang='lat' dir='ltr'><strong>quando</strong></span> <span class='ocrx_word' id='word_1_451' title='bbox 1172 3651 1490 3709; x_wconf 80' lang='lat' dir='ltr'><strong>mirabiliter</strong></span> <span class='ocrx_word' id='word_1_452' title='bbox 1516 3665 1615 3722; x_wconf 89' lang='lat' dir='ltr'><strong>per</strong></span> <span class='ocrx_word' id='word_1_453' title='bbox 1636 3665 1802 3708; x_wconf 87' lang='lat' dir='ltr'><strong>sonos</strong></span> <span class='ocrx_word' id='word_1_454' title='bbox 1831 3650 1976 3708; x_wconf 75' lang='lat' dir='ltr'><strong>foras</strong></span> <span class='ocrx_word' id='word_1_455' title='bbox 2000 3664 2148 3723; x_wconf 85' lang='lat' dir='ltr'><strong>egre-</strong></span> 
     </span>
    </p>
   </div>
   <div class='ocr_carea' id='block_1_70' title="bbox 561 3748 728 3803">
    <p class='ocr_par' dir='ltr' id='par_1_70' title="bbox 561 3748 728 3803">
     <span class='ocr_line' id='line_1_70' title="bbox 561 3748 728 3803; baseline 0 -2"><span class='ocrx_word' id='word_1_456' title='bbox 561 3748 728 3803; x_wconf 90' lang='lat' dir='ltr'><strong>ditur.</strong></span> 
     </span>
    </p>
   </div>
   <div class='ocr_carea' id='block_1_71' title="bbox 632 3834 2146 3908">
    <p class='ocr_par' dir='ltr' id='par_1_71' title="bbox 632 3834 2146 3908">
     <span class='ocr_line' id='line_1_71' title="bbox 632 3834 2146 3908; baseline -0.001 -16"><span class='ocrx_word' id='word_1_457' title='bbox 632 3837 1032 3907; x_wconf 86' lang='lat' dir='ltr'><strong>Contemplatio</strong></span> <span class='ocrx_word' id='word_1_458' title='bbox 1073 3835 1378 3908; x_wconf 87' lang='lat' dir='ltr'><strong>regularum</strong></span> <span class='ocrx_word' id='word_1_459' title='bbox 1421 3849 1490 3892; x_wconf 77' lang='lat' dir='ltr'><strong>ex</strong></span> <span class='ocrx_word' id='word_1_460' title='bbox 1537 3843 1736 3903; x_wconf 88' lang='lat' dir='ltr'><strong>mente,</strong></span> <span class='ocrx_word' id='word_1_461' title='bbox 1781 3848 1902 3905; x_wconf 64' lang='lat' dir='ltr'><strong>quae</strong></span> <span class='ocrx_word' id='word_1_462' title='bbox 1952 3834 2146 3891; x_wconf 75' lang='lat' dir='ltr'><strong>Grzece</strong></span> 
     </span>
    </p>
   </div>
   <div class='ocr_carea' id='block_1_72' title="bbox 569 3931 1042 4009">
    <p class='ocr_par' dir='ltr' id='par_1_72' title="bbox 569 3931 1042 4009">
     <span class='ocr_line' id='line_1_72' title="bbox 569 3931 1042 4009; baseline -0.002 -24"><span class='ocrx_word' id='word_1_463' title='bbox 569 3933 805 4009; x_wconf 76' lang='grc' dir='ltr'><strong>θιὼρημα</strong></span> <span class='ocrx_word' id='word_1_464' title='bbox 829 3931 1042 3986; x_wconf 82' lang='lat' dir='ltr'><strong>dicitun</strong></span> 
     </span>
    </p>
   </div>
   <div class='ocr_carea' id='block_1_73' title="bbox 632 4013 2132 4095">
    <p class='ocr_par' dir='ltr' id='par_1_73' title="bbox 632 4013 2132 4095">
     <span class='ocr_line' id='line_1_73' title="bbox 632 4013 2132 4095; baseline -0.005 -14"><span class='ocrx_word' id='word_1_465' title='bbox 632 4013 904 4093; x_wconf 76' lang='lat' dir='ltr'><strong>Multiples</strong></span> <span class='ocrx_word' id='word_1_466' title='bbox 937 4025 1094 4095; x_wconf 89' lang='lat' dir='ltr'><strong>igitur</strong></span> <span class='ocrx_word' id='word_1_467' title='bbox 1119 4024 1241 4079; x_wconf 88' lang='lat' dir='ltr'><strong>ideo</strong></span> <span class='ocrx_word' id='word_1_468' title='bbox 1272 4024 1529 4095; x_wconf 83' lang='lat' dir='ltr'><strong>majorem</strong></span> <span class='ocrx_word' id='word_1_469' title='bbox 1560 4031 1877 4092; x_wconf 87' lang='lat' dir='ltr'><strong>potestatem</strong></span> <span class='ocrx_word' id='word_1_470' title='bbox 1903 4019 1972 4075; x_wconf 88' lang='lat' dir='ltr'><strong>ad</strong></span> <span class='ocrx_word' id='word_1_471' title='bbox 2002 4034 2132 4075; x_wconf 83' lang='lat' dir='ltr'><strong>con-</strong></span> 
     </span>
    </p>
   </div>
   <div class='ocr_carea' id='block_1_74' title="bbox 563 4114 2139 4185">
    <p class='ocr_par' dir='ltr' id='par_1_74' title="bbox 563 4114 2139 4185">
     <span class='ocr_line' id='line_1_74' title="bbox 563 4114 2139 4185; baseline -0.005 -12"><span class='ocrx_word' id='word_1_472' title='bbox 563 4117 838 4173; x_wconf 74' lang='lat' dir='ltr'><strong>sonantiae</strong></span> <span class='ocrx_word' id='word_1_473' title='bbox 882 4117 1106 4183; x_wconf 90' lang='lat' dir='ltr'><strong>retinet,</strong></span> <span class='ocrx_word' id='word_1_474' title='bbox 1155 4117 1278 4185; x_wconf 86' lang='lat' dir='ltr'><strong>quia</strong></span> <span class='ocrx_word' id='word_1_475' title='bbox 1335 4118 1548 4172; x_wconf 71' lang='lat' dir='ltr'><strong>diserta:</strong></span> <span class='ocrx_word' id='word_1_476' title='bbox 1597 4115 1876 4184; x_wconf 81' lang='lat' dir='ltr'><strong>quantitati</strong></span> <span class='ocrx_word' id='word_1_477' title='bbox 1930 4114 1981 4167; x_wconf 94' lang='lat' dir='ltr'><strong>in</strong></span> <span class='ocrx_word' id='word_1_478' title='bbox 2039 4127 2139 4165; x_wconf 87' lang='lat' dir='ltr'><strong>au-</strong></span> 
     </span>
    </p>
   </div>
   <div class='ocr_carea' id='block_1_75' title="bbox 567 4202 2142 4279">
    <p class='ocr_par' dir='ltr' id='par_1_75' title="bbox 567 4202 2142 4279">
     <span class='ocr_line' id='line_1_75' title="bbox 567 4202 2142 4279; baseline -0.003 -21"><span class='ocrx_word' id='word_1_479' title='bbox 567 4220 787 4279; x_wconf 79' lang='lat' dir='ltr'><strong>gmento</strong></span> <span class='ocrx_word' id='word_1_480' title='bbox 814 4215 1092 4263; x_wconf 89' lang='lat' dir='ltr'><strong>crescente</strong></span> <span class='ocrx_word' id='word_1_481' title='bbox 1114 4206 1398 4262; x_wconf 88' lang='lat' dir='ltr'><strong>similatur.</strong></span> <span class='ocrx_word' id='word_1_482' title='bbox 1438 4206 1503 4260; x_wconf 85' lang='lat' dir='ltr'><strong>Et</strong></span> <span class='ocrx_word' id='word_1_483' title='bbox 1530 4219 1628 4260; x_wconf 91' lang='lat' dir='ltr'><strong>cur</strong></span> <span class='ocrx_word' id='word_1_484' title='bbox 1660 4203 1980 4274; x_wconf 75' lang='lat' dir='ltr'><strong>propterea?</strong></span> <span class='ocrx_word' id='word_1_485' title='bbox 2008 4202 2142 4268; x_wconf 82' lang='lat' dir='ltr'><strong>Quia</strong></span> 
     </span>
    </p>
   </div>
   <div class='ocr_carea' id='block_1_76' title="bbox 563 4295 2148 4367">
    <p class='ocr_par' dir='ltr' id='par_1_76' title="bbox 563 4295 2148 4367">
     <span class='ocr_line' id='line_1_76' title="bbox 563 4295 2148 4367; baseline -0.003 -16"><span class='ocrx_word' id='word_1_486' title='bbox 563 4297 899 4353; x_wconf 81' lang='lat' dir='ltr'><strong>arithmetica</strong></span> <span class='ocrx_word' id='word_1_487' title='bbox 928 4313 1048 4367; x_wconf 67' lang='lat' dir='ltr'><strong>quae</strong></span> <span class='ocrx_word' id='word_1_488' title='bbox 1081 4312 1174 4366; x_wconf 90' lang='lat' dir='ltr'><strong>per</strong></span> <span class='ocrx_word' id='word_1_489' title='bbox 1208 4312 1268 4352; x_wconf 86' lang='lat' dir='ltr'><strong>se</strong></span> <span class='ocrx_word' id='word_1_490' title='bbox 1295 4305 1484 4365; x_wconf 89' lang='lat' dir='ltr'><strong>est,-et</strong></span> <span class='ocrx_word' id='word_1_491' title='bbox 1523 4295 1749 4360; x_wconf 87' lang='lat' dir='ltr'><strong>musica,</strong></span> <span class='ocrx_word' id='word_1_492' title='bbox 1774 4308 1893 4362; x_wconf 77' lang='lat' dir='ltr'><strong>qtne</strong></span> <span class='ocrx_word' id='word_1_493' title='bbox 1945 4305 2148 4347; x_wconf 82' lang='lat' dir='ltr'><strong>conso-</strong></span> 
     </span>
    </p>
   </div>
   <div class='ocr_carea' id='block_1_77' title="bbox 568 4384 2150 4454">
    <p class='ocr_par' dir='ltr' id='par_1_77' title="bbox 568 4384 2150 4454">
     <span class='ocr_line' id='line_1_77' title="bbox 568 4384 2150 4454; baseline -0.003 -10"><span class='ocrx_word' id='word_1_494' title='bbox 568 4388 872 4444; x_wconf 90' lang='lat' dir='ltr'><strong>nantiarum</strong></span> <span class='ocrx_word' id='word_1_495' title='bbox 902 4389 1323 4443; x_wconf 78' lang='lat' dir='ltr'><strong>demonstratris</strong></span> <span class='ocrx_word' id='word_1_496' title='bbox 1356 4396 1460 4454; x_wconf 89' lang='lat' dir='ltr'><strong>est,</strong></span> <span class='ocrx_word' id='word_1_497' title='bbox 1491 4387 1558 4440; x_wconf 88' lang='lat' dir='ltr'><strong>ad</strong></span> <span class='ocrx_word' id='word_1_498' title='bbox 1589 4384 1874 4441; x_wconf 86' lang='lat' dir='ltr'><strong>discretam</strong></span> <span class='ocrx_word' id='word_1_499' title='bbox 1924 4385 2150 4454; x_wconf 86' lang='lat' dir='ltr'><strong>quanti-</strong></span> 
     </span>
    </p>
   </div>
   <div class='ocr_carea' id='block_1_78' title="bbox 565 4480 1038 4552">
    <p class='ocr_par' dir='ltr' id='par_1_78' title="bbox 565 4480 1038 4552">
     <span class='ocr_line' id='line_1_78' title="bbox 565 4480 1038 4552; baseline -0.008 -15"><span class='ocrx_word' id='word_1_500' title='bbox 565 4491 722 4538; x_wconf 82' lang='lat' dir='ltr'><strong>tatem</strong></span> <span class='ocrx_word' id='word_1_501' title='bbox 748 4480 1038 4552; x_wconf 87' lang='lat' dir='ltr'><strong>pertinent.</strong></span> 
     </span>
    </p>
   </div>
   <div class='ocr_carea' id='block_1_79' title="bbox 632 4566 2146 4642">
    <p class='ocr_par' dir='ltr' id='par_1_79' title="bbox 632 4566 2146 4642">
     <span class='ocr_line' id='line_1_79' title="bbox 632 4566 2146 4642; baseline -0.006 -13"><span class='ocrx_word' id='word_1_502' title='bbox 632 4573 941 4630; x_wconf 82' lang='lat' dir='ltr'><strong>Geometria</strong></span> <span class='ocrx_word' id='word_1_503' title='bbox 973 4586 1100 4627; x_wconf 88' lang='lat' dir='ltr'><strong>vero</strong></span> <span class='ocrx_word' id='word_1_504' title='bbox 1139 4583 1194 4626; x_wconf 89' lang='lat' dir='ltr'><strong>et</strong></span> <span class='ocrx_word' id='word_1_505' title='bbox 1222 4571 1507 4642; x_wconf 85' lang='lat' dir='ltr'><strong>astrologia</strong></span> <span class='ocrx_word' id='word_1_506' title='bbox 1537 4568 1806 4625; x_wconf 66' lang='lat' dir='ltr'><strong>continue</strong></span> <span class='ocrx_word' id='word_1_507' title='bbox 1833 4566 2146 4637; x_wconf 84' lang='lat' dir='ltr'><strong>quantitatis</strong></span> 
     </span>
    </p>
   </div>
   <div class='ocr_carea' id='block_1_80' title="bbox 561 4660 2150 4734">
    <p class='ocr_par' dir='ltr' id='par_1_80' title="bbox 561 4660 2150 4734">
     <span class='ocr_line' id='line_1_80' title="bbox 561 4660 2150 4734; baseline -0.006 -11"><span class='ocrx_word' id='word_1_508' title='bbox 561 4676 722 4731; x_wconf 87' lang='lat' dir='ltr'><strong>sunt,</strong></span> <span class='ocrx_word' id='word_1_509' title='bbox 765 4665 853 4721; x_wconf 73' lang='lat' dir='ltr'><strong>cui</strong></span> <span class='ocrx_word' id='word_1_510' title='bbox 904 4665 1027 4734; x_wconf 89' lang='lat' dir='ltr'><strong>quia</strong></span> <span class='ocrx_word' id='word_1_511' title='bbox 1072 4662 1576 4733; x_wconf 82' lang='lat' dir='ltr'><strong>superparticularis</strong></span> <span class='ocrx_word' id='word_1_512' title='bbox 1623 4661 1676 4716; x_wconf 89' lang='lat' dir='ltr'><strong>in</strong></span> <span class='ocrx_word' id='word_1_513' title='bbox 1713 4660 2150 4716; x_wconf 86' lang='lat' dir='ltr'><strong>decrescentibus</strong></span> 
     </span>
    </p>
   </div>
   <div class='ocr_carea' id='block_1_81' title="bbox 560 4753 2147 4829">
    <p class='ocr_par' dir='ltr' id='par_1_81' title="bbox 560 4753 2147 4829">
     <span class='ocr_line' id='line_1_81' title="bbox 560 4753 2147 4829; baseline -0.003 -16"><span class='ocrx_word' id='word_1_514' title='bbox 560 4761 801 4829; x_wconf 87' lang='lat' dir='ltr'><strong>partibus</strong></span> <span class='ocrx_word' id='word_1_515' title='bbox 828 4759 1021 4814; x_wconf 86' lang='lat' dir='ltr'><strong>similis</strong></span> <span class='ocrx_word' id='word_1_516' title='bbox 1049 4767 1155 4826; x_wconf 89' lang='lat' dir='ltr'><strong>est,</strong></span> <span class='ocrx_word' id='word_1_517' title='bbox 1183 4772 1290 4812; x_wconf 93' lang='lat' dir='ltr'><strong>non</strong></span> <span class='ocrx_word' id='word_1_518' title='bbox 1312 4755 1556 4812; x_wconf 88' lang='lat' dir='ltr'><strong>eamdem</strong></span> <span class='ocrx_word' id='word_1_519' title='bbox 1583 4769 1742 4824; x_wconf 90' lang='lat' dir='ltr'><strong>quam</strong></span> <span class='ocrx_word' id='word_1_520' title='bbox 1775 4755 2049 4824; x_wconf 75' lang='lat' dir='ltr'><strong>multiplex</strong></span> <span class='ocrx_word' id='word_1_521' title='bbox 2080 4753 2147 4808; x_wconf 92' lang='lat' dir='ltr'><strong>ad</strong></span> 
     </span>
    </p>
   </div>
   <div class='ocr_carea' id='block_1_82' title="bbox 556 4844 2146 4915">
    <p class='ocr_par' dir='ltr' id='par_1_82' title="bbox 556 4844 2146 4915">
     <span class='ocr_line' id='line_1_82' title="bbox 556 4844 2146 4915; baseline -0.004 -10"><span class='ocrx_word' id='word_1_522' title='bbox 556 4852 938 4907; x_wconf 72' lang='lat' dir='ltr'><strong>consonantiae</strong></span> <span class='ocrx_word' id='word_1_523' title='bbox 980 4849 1088 4904; x_wconf 87' lang='lat' dir='ltr'><strong>vim</strong></span> <span class='ocrx_word' id='word_1_524' title='bbox 1137 4855 1368 4913; x_wconf 82' lang='lat' dir='ltr'><strong>retinet,</strong></span> <span class='ocrx_word' id='word_1_525' title='bbox 1399 4847 1445 4901; x_wconf 88' lang='lat' dir='ltr'><strong>si</strong></span> <span class='ocrx_word' id='word_1_526' title='bbox 1489 4855 1668 4901; x_wconf 85' lang='lat' dir='ltr'><strong>tamen</strong></span> <span class='ocrx_word' id='word_1_527' title='bbox 1711 4857 1927 4915; x_wconf 91' lang='lat' dir='ltr'><strong>propter</strong></span> <span class='ocrx_word' id='word_1_528' title='bbox 1968 4844 2146 4913; x_wconf 80' lang='lat' dir='ltr'><strong>singu-</strong></span> 
     </span>
    </p>
   </div>
   <div class='ocr_carea' id='block_1_83' title="bbox 557 4936 2144 5009">
    <p class='ocr_par' dir='ltr' id='par_1_83' title="bbox 557 4936 2144 5009">
     <span class='ocr_line' id='line_1_83' title="bbox 557 4936 2144 5009; baseline -0.005 -12"><span class='ocrx_word' id='word_1_529' title='bbox 557 4940 825 4998; x_wconf 83' lang='lat' dir='ltr'><strong>laritatem</strong></span> <span class='ocrx_word' id='word_1_530' title='bbox 869 4940 1097 5009; x_wconf 89' lang='lat' dir='ltr'><strong>partium</strong></span> <span class='ocrx_word' id='word_1_531' title='bbox 1142 4938 1380 4994; x_wconf 84' lang='lat' dir='ltr'><strong>secundo</strong></span> <span class='ocrx_word' id='word_1_532' title='bbox 1429 4937 1547 4991; x_wconf 88' lang='lat' dir='ltr'><strong>loco</strong></span> <span class='ocrx_word' id='word_1_533' title='bbox 1594 4936 1910 4991; x_wconf 89' lang='lat' dir='ltr'><strong>admittitur.</strong></span> <span class='ocrx_word' id='word_1_534' title='bbox 1943 4936 2144 5002; x_wconf 82' lang='lat' dir='ltr'><strong>Super-</strong></span> 
     </span>
    </p>
   </div>
   <div class='ocr_carea' id='block_1_84' title="bbox 565 5027 2146 5102">
    <p class='ocr_par' dir='ltr' id='par_1_84' title="bbox 565 5027 2146 5102">
     <span class='ocr_line' id='line_1_84' title="bbox 565 5027 2146 5102; baseline -0.003 -16"><span class='ocrx_word' id='word_1_535' title='bbox 565 5032 905 5102; x_wconf 84' lang='lat' dir='ltr'><strong>particularis</strong></span> <span class='ocrx_word' id='word_1_536' title='bbox 947 5030 1108 5085; x_wconf 82' lang='lat' dir='ltr'><strong>etiam</strong></span> <span class='ocrx_word' id='word_1_537' title='bbox 1165 5027 1543 5084; x_wconf 85' lang='lat' dir='ltr'><strong>consonantias</strong></span> <span class='ocrx_word' id='word_1_538' title='bbox 1591 5037 1824 5090; x_wconf 84' lang='lat' dir='ltr'><strong>tantum,</strong></span> <span class='ocrx_word' id='word_1_539' title='bbox 1874 5028 2146 5096; x_wconf 76' lang='lat' dir='ltr'><strong>multiplex</strong></span> 
     </span>
    </p>
   </div>
   <div class='ocr_carea' id='block_1_85' title="bbox 565 5120 2144 5191">
    <p class='ocr_par' dir='ltr' id='par_1_85' title="bbox 565 5120 2144 5191">
     <span class='ocr_line' id='line_1_85' title="bbox 565 5120 2144 5191; baseline -0.001 -15"><span class='ocrx_word' id='word_1_540' title='bbox 565 5138 694 5179; x_wconf 87' lang='lat' dir='ltr'><strong>vero</strong></span> <span class='ocrx_word' id='word_1_541' title='bbox 734 5138 842 5180; x_wconf 91' lang='lat' dir='ltr'><strong>non</strong></span> <span class='ocrx_word' id='word_1_542' title='bbox 874 5134 980 5179; x_wconf 89' lang='lat' dir='ltr'><strong>tam</strong></span> <span class='ocrx_word' id='word_1_543' title='bbox 1018 5121 1398 5179; x_wconf 86' lang='lat' dir='ltr'><strong>consonantias</strong></span> <span class='ocrx_word' id='word_1_544' title='bbox 1428 5135 1588 5191; x_wconf 85' lang='lat' dir='ltr'><strong>quam</strong></span> <span class='ocrx_word' id='word_1_545' title='bbox 1617 5120 2033 5191; x_wconf 69' lang='lat' dir='ltr'><strong>arquisonantias</strong></span> <span class='ocrx_word' id='word_1_546' title='bbox 2062 5120 2144 5176; x_wconf 80' lang='lat' dir='ltr'><strong>el-</strong></span> 
     </span>
    </p>
   </div>
   <div class='ocr_carea' id='block_1_86' title="bbox 560 5212 698 5270">
    <p class='ocr_par' dir='ltr' id='par_1_86' title="bbox 560 5212 698 5270">
     <span class='ocr_line' id='line_1_86' title="bbox 560 5212 698 5270; baseline 0.007 -1"><span class='ocrx_word' id='word_1_547' title='bbox 560 5212 698 5270; x_wconf 80' lang='lat' dir='ltr'><strong>ﬁcit.</strong></span> 
     </span>
    </p>
   </div>
   <div class='ocr_carea' id='block_1_87' title="bbox 639 5302 2145 5377">
    <p class='ocr_par' dir='ltr' id='par_1_87' title="bbox 639 5302 2145 5377">
     <span class='ocr_line' id='line_1_87' title="bbox 639 5302 2145 5377; baseline -0.005 -14"><span class='ocrx_word' id='word_1_548' title='bbox 639 5303 946 5364; x_wconf 84' lang='lat' dir='ltr'><strong>Secundum</strong></span> <span class='ocrx_word' id='word_1_549' title='bbox 997 5303 1382 5377; x_wconf 80' lang='lat' dir='ltr'><strong>Pythagoricos</strong></span> <span class='ocrx_word' id='word_1_550' title='bbox 1428 5310 1484 5358; x_wconf 90' lang='lat' dir='ltr'><strong>et</strong></span> <span class='ocrx_word' id='word_1_551' title='bbox 1532 5302 1910 5368; x_wconf 69' lang='lat' dir='ltr'><strong>Ptolemaeum,</strong></span> <span class='ocrx_word' id='word_1_552' title='bbox 1957 5312 2145 5357; x_wconf 87' lang='lat' dir='ltr'><strong>natura</strong></span> 
     </span>
    </p>
   </div>
   <div class='ocr_carea' id='block_1_88' title="bbox 565 5394 2146 5466">
    <p class='ocr_par' dir='ltr' id='par_1_88' title="bbox 565 5394 2146 5466">
     <span class='ocr_line' id='line_1_88' title="bbox 565 5394 2146 5466; baseline -0.003 -14"><span class='ocrx_word' id='word_1_553' title='bbox 565 5396 860 5452; x_wconf 89' lang='lat' dir='ltr'><strong>secundum</strong></span> <span class='ocrx_word' id='word_1_554' title='bbox 890 5396 1268 5452; x_wconf 78' lang='lat' dir='ltr'><strong>Aristo-senum</strong></span> <span class='ocrx_word' id='word_1_555' title='bbox 1293 5405 1376 5452; x_wconf 88' lang='lat' dir='ltr'><strong>est</strong></span> <span class='ocrx_word' id='word_1_556' title='bbox 1407 5397 1459 5452; x_wconf 93' lang='lat' dir='ltr'><strong>in</strong></span> <span class='ocrx_word' id='word_1_557' title='bbox 1487 5396 1767 5466; x_wconf 85' lang='lat' dir='ltr'><strong>qualitate.</strong></span> <span class='ocrx_word' id='word_1_558' title='bbox 1796 5394 1927 5450; x_wconf 78' lang='lat' dir='ltr'><strong>Nam</strong></span> <span class='ocrx_word' id='word_1_559' title='bbox 1957 5408 2146 5463; x_wconf 86' lang='lat' dir='ltr'><strong>quam-</strong></span> 
     </span>
    </p>
   </div>
   <div class='ocr_carea' id='block_1_89' title="bbox 567 5487 2148 5559">
    <p class='ocr_par' dir='ltr' id='par_1_89' title="bbox 567 5487 2148 5559">
     <span class='ocr_line' id='line_1_89' title="bbox 567 5487 2148 5559; baseline -0.001 -15"><span class='ocrx_word' id='word_1_560' title='bbox 567 5491 659 5545; x_wconf 81' lang='lat' dir='ltr'><strong>vis</strong></span> <span class='ocrx_word' id='word_1_561' title='bbox 701 5495 754 5550; x_wconf 88' lang='lat' dir='ltr'><strong>in</strong></span> <span class='ocrx_word' id='word_1_562' title='bbox 781 5489 1017 5544; x_wconf 86' lang='lat' dir='ltr'><strong>numeris</strong></span> <span class='ocrx_word' id='word_1_563' title='bbox 1060 5490 1452 5559; x_wconf 88' lang='lat' dir='ltr'><strong>particularitas</strong></span> <span class='ocrx_word' id='word_1_564' title='bbox 1497 5491 1727 5552; x_wconf 87' lang='lat' dir='ltr'><strong>dicatur,</strong></span> <span class='ocrx_word' id='word_1_565' title='bbox 1754 5488 1972 5545; x_wconf 85' lang='lat' dir='ltr'><strong>abusive</strong></span> <span class='ocrx_word' id='word_1_566' title='bbox 2013 5487 2148 5544; x_wconf 81' lang='lat' dir='ltr'><strong>dici-</strong></span> 
     </span>
    </p>
   </div>
   <div class='ocr_carea' id='block_1_90' title="bbox 561 5582 2144 5653">
    <p class='ocr_par' dir='ltr' id='par_1_90' title="bbox 561 5582 2144 5653">
     <span class='ocr_line' id='line_1_90' title="bbox 561 5582 2144 5653; baseline 0 -17"><span class='ocrx_word' id='word_1_567' title='bbox 561 5594 681 5649; x_wconf 91' lang='lat' dir='ltr'><strong>tur;</strong></span> <span class='ocrx_word' id='word_1_568' title='bbox 711 5597 834 5637; x_wconf 85' lang='lat' dir='ltr'><strong>cum</strong></span> <span class='ocrx_word' id='word_1_569' title='bbox 868 5582 1080 5650; x_wconf 84' lang='lat' dir='ltr'><strong>proprie</strong></span> <span class='ocrx_word' id='word_1_570' title='bbox 1108 5583 1362 5653; x_wconf 87' lang='lat' dir='ltr'><strong>quidquid</strong></span> <span class='ocrx_word' id='word_1_571' title='bbox 1403 5597 1497 5653; x_wconf 88' lang='lat' dir='ltr'><strong>per</strong></span> <span class='ocrx_word' id='word_1_572' title='bbox 1527 5591 1706 5650; x_wconf 86' lang='lat' dir='ltr'><strong>partes</strong></span> <span class='ocrx_word' id='word_1_573' title='bbox 1735 5582 1983 5650; x_wconf 89' lang='lat' dir='ltr'><strong>partitur,</strong></span> <span class='ocrx_word' id='word_1_574' title='bbox 2007 5595 2144 5636; x_wconf 86' lang='lat' dir='ltr'><strong>con-</strong></span> 
     </span>
    </p>
   </div>
   <div class='ocr_carea' id='block_1_91' title="bbox 565 5672 2142 5744">
    <p class='ocr_par' dir='ltr' id='par_1_91' title="bbox 565 5672 2142 5744">
     <span class='ocr_line' id='line_1_91' title="bbox 565 5672 2142 5744; baseline 0.001 -18"><span class='ocrx_word' id='word_1_575' title='bbox 565 5675 712 5727; x_wconf 85' lang='lat' dir='ltr'><strong>tinus</strong></span> <span class='ocrx_word' id='word_1_576' title='bbox 760 5674 1028 5741; x_wconf 85' lang='lat' dir='ltr'><strong>quantitas</strong></span> <span class='ocrx_word' id='word_1_577' title='bbox 1083 5673 1426 5744; x_wconf 82' lang='lat' dir='ltr'><strong>intelligatur,</strong></span> <span class='ocrx_word' id='word_1_578' title='bbox 1457 5688 1577 5743; x_wconf 72' lang='lat' dir='ltr'><strong>quae</strong></span> <span class='ocrx_word' id='word_1_579' title='bbox 1624 5672 1976 5743; x_wconf 83' lang='lat' dir='ltr'><strong>longitudine,</strong></span> <span class='ocrx_word' id='word_1_580' title='bbox 2019 5673 2142 5728; x_wconf 89' lang='lat' dir='ltr'><strong>lati-</strong></span> 
     </span>
    </p>
   </div>
   <div class='ocr_carea' id='block_1_92' title="bbox 565 5763 2144 5836">
    <p class='ocr_par' dir='ltr' id='par_1_92' title="bbox 565 5763 2144 5836">
     <span class='ocr_line' id='line_1_92' title="bbox 565 5763 2144 5836; baseline 0.002 -16"><span class='ocrx_word' id='word_1_581' title='bbox 565 5766 772 5827; x_wconf 84' lang='lat' dir='ltr'><strong>tudine.</strong></span> <span class='ocrx_word' id='word_1_582' title='bbox 825 5763 1208 5836; x_wconf 80' lang='lat' dir='ltr'><strong>altitudineque</strong></span> <span class='ocrx_word' id='word_1_583' title='bbox 1255 5766 1760 5835; x_wconf 81' lang='lat' dir='ltr'><strong>comprehenditur:</strong></span> <span class='ocrx_word' id='word_1_584' title='bbox 1792 5773 1848 5823; x_wconf 90' lang='lat' dir='ltr'><strong>et</strong></span> <span class='ocrx_word' id='word_1_585' title='bbox 1891 5765 2010 5822; x_wconf 89' lang='lat' dir='ltr'><strong>ideo</strong></span> <span class='ocrx_word' id='word_1_586' title='bbox 2053 5781 2144 5823; x_wconf 84' lang='lat' dir='ltr'><strong>su-</strong></span> 
     </span>
    </p>
   </div>
   <div class='ocr_carea' id='block_1_93' title="bbox 2253 3285 3841 3357">
    <p class='ocr_par' dir='ltr' id='par_1_93' title="bbox 2253 3285 3841 3357">
     <span class='ocr_line' id='line_1_93' title="bbox 2253 3285 3841 3357; baseline 0.003 -17"><span class='ocrx_word' id='word_1_587' title='bbox 2253 3288 2369 3340; x_wconf 88' lang='lat' dir='ltr'><strong>vult</strong></span> <span class='ocrx_word' id='word_1_588' title='bbox 2396 3286 2596 3355; x_wconf 53' lang='lat' dir='ltr'><strong>aliquid</strong></span> <span class='ocrx_word' id='word_1_589' title='bbox 2625 3285 2775 3357; x_wconf 88' lang='lat' dir='ltr'><strong>erigi.</strong></span> <span class='ocrx_word' id='word_1_590' title='bbox 2808 3287 2944 3353; x_wconf 88' lang='lat' dir='ltr'><strong>Quia</strong></span> <span class='ocrx_word' id='word_1_591' title='bbox 2973 3288 3222 3357; x_wconf 85' lang='lat' dir='ltr'><strong>cognovit</strong></span> <span class='ocrx_word' id='word_1_592' title='bbox 3258 3286 3591 3343; x_wconf 72' lang='lat' dir='ltr'><strong>diﬂerentias</strong></span> <span class='ocrx_word' id='word_1_593' title='bbox 3637 3301 3841 3344; x_wconf 85' lang='lat' dir='ltr'><strong>conso-</strong></span> 
     </span>
    </p>
   </div>
   <div class='ocr_carea' id='block_1_94' title="bbox 2253 3391 2568 3434">
    <p class='ocr_par' dir='ltr' id='par_1_94' title="bbox 2253 3391 2568 3434">
     <span class='ocr_line' id='line_1_94' title="bbox 2253 3391 2568 3434; baseline -0.006 0"><span class='ocrx_word' id='word_1_594' title='bbox 2253 3391 2568 3434; x_wconf 70' lang='lat' dir='ltr'><strong>Itallllal&#39;llm.</strong></span> 
     </span>
    </p>
   </div>
   <div class='ocr_carea' id='block_1_95' title="bbox 2325 3469 3838 3535">
    <p class='ocr_par' dir='ltr' id='par_1_95' title="bbox 2325 3469 3838 3535">
     <span class='ocr_line' id='line_1_95' title="bbox 2325 3469 3838 3535; baseline 0.001 -10"><span class='ocrx_word' id='word_1_595' title='bbox 2325 3469 2564 3535; x_wconf 82' lang='lat' dir='ltr'><strong>Auditui,</strong></span> <span class='ocrx_word' id='word_1_596' title='bbox 2597 3478 2649 3523; x_wconf 90' lang='lat' dir='ltr'><strong>et</strong></span> <span class='ocrx_word' id='word_1_597' title='bbox 2678 3485 2784 3524; x_wconf 92' lang='lat' dir='ltr'><strong>non</strong></span> <span class='ocrx_word' id='word_1_598' title='bbox 2831 3469 3049 3525; x_wconf 89' lang='lat' dir='ltr'><strong>rationi.</strong></span> <span class='ocrx_word' id='word_1_599' title='bbox 3095 3469 3255 3525; x_wconf 76' lang='lat' dir='ltr'><strong>Multa</strong></span> <span class='ocrx_word' id='word_1_600' title='bbox 3301 3469 3443 3526; x_wconf 85' lang='lat' dir='ltr'><strong>enim</strong></span> <span class='ocrx_word' id='word_1_601' title='bbox 3487 3472 3725 3528; x_wconf 78' lang='lat' dir='ltr'><strong>varietas</strong></span> <span class='ocrx_word' id='word_1_602' title='bbox 3753 3483 3838 3529; x_wconf 66' lang='lat' dir='ltr'><strong>at</strong></span> 
     </span>
    </p>
   </div>
   <div class='ocr_carea' id='block_1_96' title="bbox 2255 3558 3035 3614">
    <p class='ocr_par' dir='ltr' id='par_1_96' title="bbox 2255 3558 3035 3614">
     <span class='ocr_line' id='line_1_96' title="bbox 2255 3558 3035 3614; baseline -0.001 -1"><span class='ocrx_word' id='word_1_603' title='bbox 2255 3558 2394 3613; x_wconf 89' lang='lat' dir='ltr'><strong>inter</strong></span> <span class='ocrx_word' id='word_1_604' title='bbox 2418 3572 2636 3613; x_wconf 87' lang='lat' dir='ltr'><strong>sensum</strong></span> <span class='ocrx_word' id='word_1_605' title='bbox 2664 3569 2717 3611; x_wconf 89' lang='lat' dir='ltr'><strong>et</strong></span> <span class='ocrx_word' id='word_1_606' title='bbox 2747 3561 3035 3614; x_wconf 87' lang='lat' dir='ltr'><strong>rationem.</strong></span> 
     </span>
    </p>
   </div>
   <div class='ocr_carea' id='block_1_97' title="bbox 2329 3649 3835 3720">
    <p class='ocr_par' dir='ltr' id='par_1_97' title="bbox 2329 3649 3835 3720">
     <span class='ocr_line' id='line_1_97' title="bbox 2329 3649 3835 3720; baseline 0.003 -16"><span class='ocrx_word' id='word_1_607' title='bbox 2329 3649 2502 3704; x_wconf 80' lang='lat' dir='ltr'><strong>Medio</strong></span> <span class='ocrx_word' id='word_1_608' title='bbox 2534 3649 2727 3705; x_wconf 86' lang='lat' dir='ltr'><strong>itinere</strong></span> <span class='ocrx_word' id='word_1_609' title='bbox 2757 3651 3019 3715; x_wconf 80' lang='lat' dir='ltr'><strong>feruntur,</strong></span> <span class='ocrx_word' id='word_1_610' title='bbox 3049 3651 3170 3720; x_wconf 90' lang='lat' dir='ltr'><strong>quia</strong></span> <span class='ocrx_word' id='word_1_611' title='bbox 3201 3665 3299 3705; x_wconf 87' lang='lat' dir='ltr'><strong>nec</strong></span> <span class='ocrx_word' id='word_1_612' title='bbox 3327 3666 3392 3706; x_wconf 77' lang='lat' dir='ltr'><strong>ex</strong></span> <span class='ocrx_word' id='word_1_613' title='bbox 3426 3660 3539 3706; x_wconf 92' lang='lat' dir='ltr'><strong>toto</strong></span> <span class='ocrx_word' id='word_1_614' title='bbox 3587 3653 3835 3709; x_wconf 87' lang='lat' dir='ltr'><strong>tribuunt</strong></span> 
     </span>
    </p>
   </div>
   <div class='ocr_carea' id='block_1_98' title="bbox 2248 3742 3836 3816">
    <p class='ocr_par' dir='ltr' id='par_1_98' title="bbox 2248 3742 3836 3816">
     <span class='ocr_line' id='line_1_98' title="bbox 2248 3742 3836 3816; baseline 0.004 -21"><span class='ocrx_word' id='word_1_615' title='bbox 2248 3742 2628 3796; x_wconf 86' lang='lat' dir='ltr'><strong>discretionem</strong></span> <span class='ocrx_word' id='word_1_616' title='bbox 2677 3744 2921 3808; x_wconf 86' lang='lat' dir='ltr'><strong>auribus,</strong></span> <span class='ocrx_word' id='word_1_617' title='bbox 2952 3758 3051 3798; x_wconf 90' lang='lat' dir='ltr'><strong>nec</strong></span> <span class='ocrx_word' id='word_1_618' title='bbox 3079 3759 3143 3798; x_wconf 79' lang='lat' dir='ltr'><strong>es</strong></span> <span class='ocrx_word' id='word_1_619' title='bbox 3178 3754 3290 3798; x_wconf 88' lang='lat' dir='ltr'><strong>toto</strong></span> <span class='ocrx_word' id='word_1_620' title='bbox 3335 3745 3550 3812; x_wconf 87' lang='lat' dir='ltr'><strong>rationi,</strong></span> <span class='ocrx_word' id='word_1_621' title='bbox 3584 3747 3679 3801; x_wconf 85' lang='lat' dir='ltr'><strong>sed</strong></span> <span class='ocrx_word' id='word_1_622' title='bbox 3714 3762 3836 3816; x_wconf 82' lang='lat' dir='ltr'><strong>par-</strong></span> 
     </span>
    </p>
   </div>
   <div class='ocr_carea' id='block_1_99' title="bbox 2253 3830 3830 3901">
    <p class='ocr_par' dir='ltr' id='par_1_99' title="bbox 2253 3830 3830 3901">
     <span class='ocr_line' id='line_1_99' title="bbox 2253 3830 3830 3901; baseline 0.004 -17"><span class='ocrx_word' id='word_1_623' title='bbox 2253 3830 2347 3885; x_wconf 91' lang='lat' dir='ltr'><strong>tim</strong></span> <span class='ocrx_word' id='word_1_624' title='bbox 2366 3831 2590 3897; x_wconf 85' lang='lat' dir='ltr'><strong>auditui,</strong></span> <span class='ocrx_word' id='word_1_625' title='bbox 2621 3831 2813 3900; x_wconf 84' lang='lat' dir='ltr'><strong>partim</strong></span> <span class='ocrx_word' id='word_1_626' title='bbox 2844 3831 3056 3899; x_wconf 90' lang='lat' dir='ltr'><strong>rationi,</strong></span> <span class='ocrx_word' id='word_1_627' title='bbox 3079 3848 3292 3901; x_wconf 90' lang='lat' dir='ltr'><strong>sonum,</strong></span> <span class='ocrx_word' id='word_1_628' title='bbox 3317 3835 3588 3900; x_wconf 86' lang='lat' dir='ltr'><strong>videlicet,</strong></span> <span class='ocrx_word' id='word_1_629' title='bbox 3612 3845 3830 3892; x_wconf 76' lang='lat' dir='ltr'><strong>acutum</strong></span> 
     </span>
    </p>
   </div>
   <div class='ocr_carea' id='block_1_100' title="bbox 2252 3922 3819 3993">
    <p class='ocr_par' dir='ltr' id='par_1_100' title="bbox 2252 3922 3819 3993">
     <span class='ocr_line' id='line_1_100' title="bbox 2252 3922 3819 3993; baseline 0.004 -17"><span class='ocrx_word' id='word_1_630' title='bbox 2252 3923 2337 3978; x_wconf 91' lang='lat' dir='ltr'><strong>vel</strong></span> <span class='ocrx_word' id='word_1_631' title='bbox 2367 3938 2581 3993; x_wconf 88' lang='lat' dir='ltr'><strong>gravem</strong></span> <span class='ocrx_word' id='word_1_632' title='bbox 2613 3922 2838 3989; x_wconf 86' lang='lat' dir='ltr'><strong>auditui,</strong></span> <span class='ocrx_word' id='word_1_633' title='bbox 2871 3923 3203 3980; x_wconf 73' lang='lat' dir='ltr'><strong>diﬂ‘erentias</strong></span> <span class='ocrx_word' id='word_1_634' title='bbox 3228 3937 3403 3982; x_wconf 84' lang='lat' dir='ltr'><strong>autem</strong></span> <span class='ocrx_word' id='word_1_635' title='bbox 3435 3930 3819 3983; x_wconf 86' lang='lat' dir='ltr'><strong>consonantia-</strong></span> 
     </span>
    </p>
   </div>
   <div class='ocr_carea' id='block_1_101' title="bbox 2249 4012 2612 4068">
    <p class='ocr_par' dir='ltr' id='par_1_101' title="bbox 2249 4012 2612 4068">
     <span class='ocr_line' id='line_1_101' title="bbox 2249 4012 2612 4068; baseline 0 0"><span class='ocrx_word' id='word_1_636' title='bbox 2249 4028 2367 4068; x_wconf 89' lang='lat' dir='ltr'><strong>rum</strong></span> <span class='ocrx_word' id='word_1_637' title='bbox 2399 4012 2612 4068; x_wconf 88' lang='lat' dir='ltr'><strong>rationi.</strong></span> 
     </span>
    </p>
   </div>
   <div class='ocr_carea' id='block_1_102' title="bbox 2327 4105 3827 4177">
    <p class='ocr_par' dir='ltr' id='par_1_102' title="bbox 2327 4105 3827 4177">
     <span class='ocr_line' id='line_1_102' title="bbox 2327 4105 3827 4177; baseline 0.004 -15"><span class='ocrx_word' id='word_1_638' title='bbox 2327 4105 2589 4162; x_wconf 84' lang='lat' dir='ltr'><strong>Producta</strong></span> <span class='ocrx_word' id='word_1_639' title='bbox 2615 4115 2739 4162; x_wconf 90' lang='lat' dir='ltr'><strong>sunt</strong></span> <span class='ocrx_word' id='word_1_640' title='bbox 2763 4117 3030 4163; x_wconf 84' lang='lat' dir='ltr'><strong>momenta</strong></span> <span class='ocrx_word' id='word_1_641' title='bbox 3059 4109 3140 4165; x_wconf 87' lang='lat' dir='ltr'><strong>vel</strong></span> <span class='ocrx_word' id='word_1_642' title='bbox 3174 4118 3351 4165; x_wconf 88' lang='lat' dir='ltr'><strong>motus</strong></span> <span class='ocrx_word' id='word_1_643' title='bbox 3376 4111 3574 4167; x_wconf 90' lang='lat' dir='ltr'><strong>artium</strong></span> <span class='ocrx_word' id='word_1_644' title='bbox 3599 4121 3654 4166; x_wconf 89' lang='lat' dir='ltr'><strong>et</strong></span> <span class='ocrx_word' id='word_1_645' title='bbox 3685 4113 3827 4177; x_wconf 64' lang='lat' dir='ltr'><strong>vita.</strong></span> 
     </span>
    </p>
   </div>
   <div class='ocr_carea' id='block_1_103' title="bbox 2248 4199 3831 4267">
    <p class='ocr_par' dir='ltr' id='par_1_103' title="bbox 2248 4199 3831 4267">
     <span class='ocr_line' id='line_1_103' title="bbox 2248 4199 3831 4267; baseline 0.003 -13"><span class='ocrx_word' id='word_1_646' title='bbox 2248 4213 2309 4254; x_wconf 87' lang='lat' dir='ltr'><strong>ea</strong></span> <span class='ocrx_word' id='word_1_647' title='bbox 2341 4215 2458 4267; x_wconf 65' lang='lat' dir='ltr'><strong>qua:</strong></span> <span class='ocrx_word' id='word_1_648' title='bbox 2503 4200 2861 4254; x_wconf 88' lang='lat' dir='ltr'><strong>discernenda</strong></span> <span class='ocrx_word' id='word_1_649' title='bbox 2910 4209 3054 4254; x_wconf 82' lang='lat' dir='ltr'><strong>sunt.</strong></span> <span class='ocrx_word' id='word_1_650' title='bbox 3105 4199 3364 4267; x_wconf 84' lang='lat' dir='ltr'><strong>Primum,</strong></span> <span class='ocrx_word' id='word_1_651' title='bbox 3398 4202 3646 4257; x_wconf 87' lang='lat' dir='ltr'><strong>sensibus</strong></span> <span class='ocrx_word' id='word_1_652' title='bbox 3688 4203 3831 4258; x_wconf 83' lang='lat' dir='ltr'><strong>acci-</strong></span> 
     </span>
    </p>
   </div>
   <div class='ocr_carea' id='block_1_104' title="bbox 2248 4291 3834 4363">
    <p class='ocr_par' dir='ltr' id='par_1_104' title="bbox 2248 4291 3834 4363">
     <span class='ocr_line' id='line_1_104' title="bbox 2248 4291 3834 4363; baseline 0.004 -19"><span class='ocrx_word' id='word_1_653' title='bbox 2248 4291 2400 4355; x_wconf 89' lang='lat' dir='ltr'><strong>dunt,</strong></span> <span class='ocrx_word' id='word_1_654' title='bbox 2426 4307 2487 4345; x_wconf 90' lang='lat' dir='ltr'><strong>ac</strong></span> <span class='ocrx_word' id='word_1_655' title='bbox 2520 4307 2614 4360; x_wconf 73' lang='lat' dir='ltr'><strong>per</strong></span> <span class='ocrx_word' id='word_1_656' title='bbox 2641 4307 2858 4347; x_wconf 88' lang='lat' dir='ltr'><strong>sensum</strong></span> <span class='ocrx_word' id='word_1_657' title='bbox 2892 4294 3220 4361; x_wconf 84' lang='lat' dir='ltr'><strong>sentiuntur,</strong></span> <span class='ocrx_word' id='word_1_658' title='bbox 3243 4307 3307 4349; x_wconf 87' lang='lat' dir='ltr'><strong>ac</strong></span> <span class='ocrx_word' id='word_1_659' title='bbox 3331 4303 3604 4363; x_wconf 84' lang='lat' dir='ltr'><strong>postremo</strong></span> <span class='ocrx_word' id='word_1_660' title='bbox 3625 4294 3834 4350; x_wconf 86' lang='lat' dir='ltr'><strong>ratione</strong></span> 
     </span>
    </p>
   </div>
   <div class='ocr_carea' id='block_1_105' title="bbox 2247 4381 2646 4437">
    <p class='ocr_par' dir='ltr' id='par_1_105' title="bbox 2247 4381 2646 4437">
     <span class='ocr_line' id='line_1_105' title="bbox 2247 4381 2646 4437; baseline 0.005 -2"><span class='ocrx_word' id='word_1_661' title='bbox 2247 4381 2646 4437; x_wconf 86' lang='lat' dir='ltr'><strong>discernuntur.</strong></span> 
     </span>
    </p>
   </div>
   <div class='ocr_carea' id='block_1_106' title="bbox 2321 4471 3831 4543">
    <p class='ocr_par' dir='ltr' id='par_1_106' title="bbox 2321 4471 3831 4543">
     <span class='ocr_line' id='line_1_106' title="bbox 2321 4471 3831 4543; baseline 0.003 -18"><span class='ocrx_word' id='word_1_662' title='bbox 2321 4471 2651 4542; x_wconf 82' lang='lat' dir='ltr'><strong>Pythagoras</strong></span> <span class='ocrx_word' id='word_1_663' title='bbox 2699 4473 2944 4542; x_wconf 86' lang='lat' dir='ltr'><strong>indigens</strong></span> <span class='ocrx_word' id='word_1_664' title='bbox 2993 4473 3410 4543; x_wconf 84' lang='lat' dir='ltr'><strong>interrogatione</strong></span> <span class='ocrx_word' id='word_1_665' title='bbox 3458 4473 3546 4529; x_wconf 92' lang='lat' dir='ltr'><strong>vel</strong></span> <span class='ocrx_word' id='word_1_666' title='bbox 3597 4475 3831 4530; x_wconf 84' lang='lat' dir='ltr'><strong>interro-</strong></span> 
     </span>
    </p>
   </div>
   <div class='ocr_carea' id='block_1_107' title="bbox 2254 4562 3831 4636">
    <p class='ocr_par' dir='ltr' id='par_1_107' title="bbox 2254 4562 3831 4636">
     <span class='ocr_line' id='line_1_107' title="bbox 2254 4562 3831 4636; baseline 0.002 -20"><span class='ocrx_word' id='word_1_667' title='bbox 2254 4562 2482 4630; x_wconf 84' lang='lat' dir='ltr'><strong>gationis</strong></span> <span class='ocrx_word' id='word_1_668' title='bbox 2529 4564 2767 4617; x_wconf 87' lang='lat' dir='ltr'><strong>cumulo.</strong></span> <span class='ocrx_word' id='word_1_669' title='bbox 2818 4562 3017 4632; x_wconf 82' lang='lat' dir='ltr'><strong>Pythos</strong></span> <span class='ocrx_word' id='word_1_670' title='bbox 3068 4563 3212 4617; x_wconf 89' lang='lat' dir='ltr'><strong>enim</strong></span> <span class='ocrx_word' id='word_1_671' title='bbox 3267 4564 3653 4634; x_wconf 87' lang='lat' dir='ltr'><strong>interrogatio,</strong></span> <span class='ocrx_word' id='word_1_672' title='bbox 3701 4580 3831 4636; x_wconf 84' lang='lat' dir='ltr'><strong>ago-</strong></span> 
     </span>
    </p>
   </div>
   <div class='ocr_carea' id='block_1_108' title="bbox 2250 4652 3830 4727">
    <p class='ocr_par' dir='ltr' id='par_1_108' title="bbox 2250 4652 3830 4727">
     <span class='ocr_line' id='line_1_108' title="bbox 2250 4652 3830 4727; baseline 0.002 -22"><span class='ocrx_word' id='word_1_673' title='bbox 2250 4666 2338 4706; x_wconf 90' lang='lat' dir='ltr'><strong>ras</strong></span> <span class='ocrx_word' id='word_1_674' title='bbox 2378 4654 2659 4718; x_wconf 87' lang='lat' dir='ltr'><strong>cumulus;</strong></span> <span class='ocrx_word' id='word_1_675' title='bbox 2703 4652 2825 4707; x_wconf 88' lang='lat' dir='ltr'><strong>inde</strong></span> <span class='ocrx_word' id='word_1_676' title='bbox 2875 4667 3055 4723; x_wconf 81' lang='lat' dir='ltr'><strong>agora,</strong></span> <span class='ocrx_word' id='word_1_677' title='bbox 3095 4653 3354 4720; x_wconf 82' lang='lat' dir='ltr'><strong>Ecclesia,</strong></span> <span class='ocrx_word' id='word_1_678' title='bbox 3391 4655 3473 4710; x_wconf 87' lang='lat' dir='ltr'><strong>vel</strong></span> <span class='ocrx_word' id='word_1_679' title='bbox 3519 4654 3830 4727; x_wconf 77' lang='lat' dir='ltr'><strong>Syuagoga,</strong></span> 
     </span>
    </p>
   </div>
   <div class='ocr_carea' id='block_1_109' title="bbox 2249 4754 2488 4797">
    <p class='ocr_par' dir='ltr' id='par_1_109' title="bbox 2249 4754 2488 4797">
     <span class='ocr_line' id='line_1_109' title="bbox 2249 4754 2488 4797; baseline 0.004 -1"><span class='ocrx_word' id='word_1_680' title='bbox 2249 4754 2488 4797; x_wconf 86' lang='lat' dir='ltr'><strong>vocatur.</strong></span> 
     </span>
    </p>
   </div>
   <div class='ocr_carea' id='block_1_110' title="bbox 2318 4836 3836 4912">
    <p class='ocr_par' dir='ltr' id='par_1_110' title="bbox 2318 4836 3836 4912">
     <span class='ocr_line' id='line_1_110' title="bbox 2318 4836 3836 4912; baseline 0.005 -24"><span class='ocrx_word' id='word_1_681' title='bbox 2318 4836 2513 4900; x_wconf 84' lang='lat' dir='ltr'><strong>Quales</strong></span> <span class='ocrx_word' id='word_1_682' title='bbox 2558 4851 2721 4892; x_wconf 87' lang='lat' dir='ltr'><strong>sonos</strong></span> <span class='ocrx_word' id='word_1_683' title='bbox 2773 4836 3070 4893; x_wconf 85' lang='lat' dir='ltr'><strong>reddebant</strong></span> <span class='ocrx_word' id='word_1_684' title='bbox 3122 4837 3391 4909; x_wconf 88' lang='lat' dir='ltr'><strong>primum,</strong></span> <span class='ocrx_word' id='word_1_685' title='bbox 3438 4839 3571 4894; x_wconf 82' lang='lat' dir='ltr'><strong>tales</strong></span> <span class='ocrx_word' id='word_1_686' title='bbox 3622 4855 3836 4912; x_wconf 87' lang='lat' dir='ltr'><strong>quoque</strong></span> 
     </span>
    </p>
   </div>
   <div class='ocr_carea' id='block_1_111' title="bbox 2250 4931 3833 5000">
    <p class='ocr_par' dir='ltr' id='par_1_111' title="bbox 2250 4931 3833 5000">
     <span class='ocr_line' id='line_1_111' title="bbox 2250 4931 3833 5000; baseline 0.004 -18"><span class='ocrx_word' id='word_1_687' title='bbox 2250 4939 2527 4999; x_wconf 86' lang='lat' dir='ltr'><strong>postquam</strong></span> <span class='ocrx_word' id='word_1_688' title='bbox 2558 4941 2771 4984; x_wconf 71' lang='lat' dir='ltr'><strong>mutatas</strong></span> <span class='ocrx_word' id='word_1_689' title='bbox 2796 4941 2942 4994; x_wconf 87' lang='lat' dir='ltr'><strong>sunt,</strong></span> <span class='ocrx_word' id='word_1_690' title='bbox 2964 4932 3085 5000; x_wconf 88' lang='lat' dir='ltr'><strong>quia</strong></span> <span class='ocrx_word' id='word_1_691' title='bbox 3109 4945 3213 4986; x_wconf 92' lang='lat' dir='ltr'><strong>non</strong></span> <span class='ocrx_word' id='word_1_692' title='bbox 3243 4939 3359 4987; x_wconf 88' lang='lat' dir='ltr'><strong>erat</strong></span> <span class='ocrx_word' id='word_1_693' title='bbox 3389 4931 3442 4986; x_wconf 92' lang='lat' dir='ltr'><strong>in</strong></span> <span class='ocrx_word' id='word_1_694' title='bbox 3462 4933 3517 4986; x_wconf 86' lang='lat' dir='ltr'><strong>vi</strong></span> <span class='ocrx_word' id='word_1_695' title='bbox 3547 4931 3833 4989; x_wconf 77' lang='lat' dir='ltr'><strong>ferentium</strong></span> 
     </span>
    </p>
   </div>
   <div class='ocr_carea' id='block_1_112' title="bbox 2246 5023 3398 5091">
    <p class='ocr_par' dir='ltr' id='par_1_112' title="bbox 2246 5023 3398 5091">
     <span class='ocr_line' id='line_1_112' title="bbox 2246 5023 3398 5091; baseline 0.004 -17"><span class='ocrx_word' id='word_1_696' title='bbox 2246 5035 2429 5089; x_wconf 85' lang='lat' dir='ltr'><strong>sonus,</strong></span> <span class='ocrx_word' id='word_1_697' title='bbox 2451 5023 2545 5077; x_wconf 86' lang='lat' dir='ltr'><strong>sed</strong></span> <span class='ocrx_word' id='word_1_698' title='bbox 2576 5023 2630 5077; x_wconf 88' lang='lat' dir='ltr'><strong>in</strong></span> <span class='ocrx_word' id='word_1_699' title='bbox 2656 5023 3029 5091; x_wconf 84' lang='lat' dir='ltr'><strong>magnitudine</strong></span> <span class='ocrx_word' id='word_1_700' title='bbox 3056 5023 3398 5080; x_wconf 87' lang='lat' dir='ltr'><strong>malleorum.</strong></span> 
     </span>
    </p>
   </div>
   <div class='ocr_carea' id='block_1_113' title="bbox 2315 5109 3832 5189">
    <p class='ocr_par' dir='ltr' id='par_1_113' title="bbox 2315 5109 3832 5189">
     <span class='ocr_line' id='line_1_113' title="bbox 2315 5109 3832 5189; baseline 0.005 -20"><span class='ocrx_word' id='word_1_701' title='bbox 2315 5109 2464 5184; x_wconf 80' lang='grc' dir='ltr'><strong>Ἐχω</strong></span> <span class='ocrx_word' id='word_1_702' title='bbox 2505 5129 2733 5184; x_wconf 86' lang='lat' dir='ltr'><strong>namque</strong></span> <span class='ocrx_word' id='word_1_703' title='bbox 2771 5114 2964 5181; x_wconf 82' lang='lat' dir='ltr'><strong>habeo,</strong></span> <span class='ocrx_word' id='word_1_704' title='bbox 2991 5114 3115 5171; x_wconf 91' lang='lat' dir='ltr'><strong>inde</strong></span> <span class='ocrx_word' id='word_1_705' title='bbox 3140 5116 3371 5189; x_wconf 71' lang='grc' dir='ltr'><strong>συνεχω,</strong></span> <span class='ocrx_word' id='word_1_706' title='bbox 3401 5115 3691 5183; x_wconf 79' lang='lat' dir='ltr'><strong>continuo;</strong></span> <span class='ocrx_word' id='word_1_707' title='bbox 3719 5117 3832 5176; x_wconf 73' lang='grc' dir='ltr'><strong>διὰο</strong></span> 
     </span>
    </p>
   </div>
   <div class='ocr_carea' id='block_1_114' title="bbox 2244 5204 3833 5281">
    <p class='ocr_par' dir='ltr' id='par_1_114' title="bbox 2244 5204 3833 5281">
     <span class='ocr_line' id='line_1_114' title="bbox 2244 5204 3833 5281; baseline 0.011 -26"><span class='ocrx_word' id='word_1_708' title='bbox 2244 5225 2440 5276; x_wconf 58' lang='lat' dir='ltr'><strong>mpii,</strong></span> <span class='ocrx_word' id='word_1_709' title='bbox 2482 5204 2838 5272; x_wconf 81' lang='lat' dir='ltr'><strong>intervallum,</strong></span> <span class='ocrx_word' id='word_1_710' title='bbox 2883 5207 2966 5261; x_wconf 89' lang='lat' dir='ltr'><strong>vel</strong></span> <span class='ocrx_word' id='word_1_711' title='bbox 2996 5208 3264 5278; x_wconf 83' lang='lat' dir='ltr'><strong>spatium;</strong></span> <span class='ocrx_word' id='word_1_712' title='bbox 3296 5207 3419 5264; x_wconf 85' lang='lat' dir='ltr'><strong>inde</strong></span> <span class='ocrx_word' id='word_1_713' title='bbox 3442 5206 3833 5281; x_wconf 62' lang='grc' dir='ltr'><strong>διὰστημαπιώ,</strong></span> 
     </span>
    </p>
   </div>
   <div class='ocr_carea' id='block_1_115' title="bbox 2245 5302 2888 5370">
    <p class='ocr_par' dir='ltr' id='par_1_115' title="bbox 2245 5302 2888 5370">
     <span class='ocr_line' id='line_1_115' title="bbox 2245 5302 2888 5370; baseline 0 -14"><span class='ocrx_word' id='word_1_714' title='bbox 2245 5303 2443 5370; x_wconf 82' lang='lat' dir='ltr'><strong>spatia,</strong></span> <span class='ocrx_word' id='word_1_715' title='bbox 2471 5307 2553 5358; x_wconf 91' lang='lat' dir='ltr'><strong>vel</strong></span> <span class='ocrx_word' id='word_1_716' title='bbox 2583 5302 2888 5358; x_wconf 87' lang='lat' dir='ltr'><strong>intervalla.</strong></span> 
     </span>
    </p>
   </div>
   <div class='ocr_carea' id='block_1_116' title="bbox 2323 5394 3830 5471">
    <p class='ocr_par' dir='ltr' id='par_1_116' title="bbox 2323 5394 3830 5471">
     <span class='ocr_line' id='line_1_116' title="bbox 2323 5394 3830 5471; baseline 0.003 -23"><span class='ocrx_word' id='word_1_717' title='bbox 2323 5394 2419 5449; x_wconf 92' lang='lat' dir='ltr'><strong>llic</strong></span> <span class='ocrx_word' id='word_1_718' title='bbox 2464 5403 2587 5450; x_wconf 89' lang='lat' dir='ltr'><strong>nota</strong></span> <span class='ocrx_word' id='word_1_719' title='bbox 2631 5397 2951 5471; x_wconf 59' lang='lat' dir='ltr'><strong>«lem-aptos,</strong></span> <span class='ocrx_word' id='word_1_720' title='bbox 2985 5395 3036 5449; x_wconf 87' lang='lat' dir='ltr'><strong>id</strong></span> <span class='ocrx_word' id='word_1_721' title='bbox 3082 5403 3197 5459; x_wconf 88' lang='lat' dir='ltr'><strong>est,</strong></span> <span class='ocrx_word' id='word_1_722' title='bbox 3245 5396 3542 5450; x_wconf 81' lang='lat' dir='ltr'><strong>custodiam</strong></span> <span class='ocrx_word' id='word_1_723' title='bbox 3591 5398 3830 5452; x_wconf 86' lang='lat' dir='ltr'><strong>omnium</strong></span> 
     </span>
    </p>
   </div>
   <div class='ocr_carea' id='block_1_117' title="bbox 2246 5487 3826 5554">
    <p class='ocr_par' dir='ltr' id='par_1_117' title="bbox 2246 5487 3826 5554">
     <span class='ocr_line' id='line_1_117' title="bbox 2246 5487 3826 5554; baseline 0.003 -14"><span class='ocrx_word' id='word_1_724' title='bbox 2246 5499 2521 5550; x_wconf 89' lang='lat' dir='ltr'><strong>sensuum,</strong></span> <span class='ocrx_word' id='word_1_725' title='bbox 2550 5499 2671 5554; x_wconf 66' lang='lat' dir='ltr'><strong>quae</strong></span> <span class='ocrx_word' id='word_1_726' title='bbox 2718 5488 2889 5554; x_wconf 92' lang='lat' dir='ltr'><strong>primo</strong></span> <span class='ocrx_word' id='word_1_727' title='bbox 2920 5488 2971 5540; x_wconf 92' lang='lat' dir='ltr'><strong>in</strong></span> <span class='ocrx_word' id='word_1_728' title='bbox 2999 5487 3163 5540; x_wconf 89' lang='lat' dir='ltr'><strong>corde</strong></span> <span class='ocrx_word' id='word_1_729' title='bbox 3189 5489 3547 5542; x_wconf 89' lang='lat' dir='ltr'><strong>communiter</strong></span> <span class='ocrx_word' id='word_1_730' title='bbox 3577 5490 3826 5544; x_wconf 82' lang='lat' dir='ltr'><strong>contine-</strong></span> 
     </span>
    </p>
   </div>
   <div class='ocr_carea' id='block_1_118' title="bbox 2250 5577 3827 5654">
    <p class='ocr_par' dir='ltr' id='par_1_118' title="bbox 2250 5577 3827 5654">
     <span class='ocr_line' id='line_1_118' title="bbox 2250 5577 3827 5654; baseline 0.004 -23"><span class='ocrx_word' id='word_1_731' title='bbox 2250 5587 2354 5642; x_wconf 88' lang='lat' dir='ltr'><strong>tur,</strong></span> <span class='ocrx_word' id='word_1_732' title='bbox 2381 5577 2508 5634; x_wconf 89' lang='lat' dir='ltr'><strong>inde</strong></span> <span class='ocrx_word' id='word_1_733' title='bbox 2548 5577 2860 5646; x_wconf 88' lang='lat' dir='ltr'><strong>specialiter</strong></span> <span class='ocrx_word' id='word_1_734' title='bbox 2884 5577 2951 5632; x_wconf 86' lang='lat' dir='ltr'><strong>ad</strong></span> <span class='ocrx_word' id='word_1_735' title='bbox 2978 5593 3168 5636; x_wconf 89' lang='lat' dir='ltr'><strong>omnes</strong></span> <span class='ocrx_word' id='word_1_736' title='bbox 3197 5593 3390 5636; x_wconf 84' lang='lat' dir='ltr'><strong>sensus</strong></span> <span class='ocrx_word' id='word_1_737' title='bbox 3429 5583 3675 5650; x_wconf 87' lang='lat' dir='ltr'><strong>corporis</strong></span> <span class='ocrx_word' id='word_1_738' title='bbox 3705 5597 3827 5654; x_wconf 83' lang='lat' dir='ltr'><strong>pro-</strong></span> 
     </span>
    </p>
   </div>
   <div class='ocr_carea' id='block_1_119' title="bbox 2245 5671 3828 5746">
    <p class='ocr_par' dir='ltr' id='par_1_119' title="bbox 2245 5671 3828 5746">
     <span class='ocr_line' id='line_1_119' title="bbox 2245 5671 3828 5746; baseline 0.002 -20"><span class='ocrx_word' id='word_1_739' title='bbox 2245 5671 2480 5738; x_wconf 85' lang='lat' dir='ltr'><strong>ducitur,</strong></span> <span class='ocrx_word' id='word_1_740' title='bbox 2513 5680 2571 5727; x_wconf 91' lang='lat' dir='ltr'><strong>ut</strong></span> <span class='ocrx_word' id='word_1_741' title='bbox 2596 5680 2679 5726; x_wconf 89' lang='lat' dir='ltr'><strong>est</strong></span> <span class='ocrx_word' id='word_1_742' title='bbox 2708 5671 3028 5728; x_wconf 85' lang='lat' dir='ltr'><strong>luminosum</strong></span> <span class='ocrx_word' id='word_1_743' title='bbox 3075 5673 3127 5728; x_wconf 92' lang='lat' dir='ltr'><strong>in</strong></span> <span class='ocrx_word' id='word_1_744' title='bbox 3169 5674 3342 5729; x_wconf 85' lang='lat' dir='ltr'><strong>oculis</strong></span> <span class='ocrx_word' id='word_1_745' title='bbox 3379 5673 3660 5744; x_wconf 85' lang='lat' dir='ltr'><strong>quiddam.</strong></span> <span class='ocrx_word' id='word_1_746' title='bbox 3690 5674 3828 5746; x_wconf 82' lang='lat' dir='ltr'><strong>quod</strong></span> 
     </span>
    </p>
   </div>
   <div class='ocr_carea' id='block_1_120' title="bbox 2248 5765 3828 5837">
    <p class='ocr_par' dir='ltr' id='par_1_120' title="bbox 2248 5765 3828 5837">
     <span class='ocr_line' id='line_1_120' title="bbox 2248 5765 3828 5837; baseline 0.002 -16"><span class='ocrx_word' id='word_1_747' title='bbox 2248 5766 2459 5837; x_wconf 82' lang='lat' dir='ltr'><strong>igneam</strong></span> <span class='ocrx_word' id='word_1_748' title='bbox 2491 5765 2654 5824; x_wconf 81' lang='lat' dir='ltr'><strong>habet</strong></span> <span class='ocrx_word' id='word_1_749' title='bbox 2685 5777 2950 5836; x_wconf 85' lang='lat' dir='ltr'><strong>naturam,</strong></span> <span class='ocrx_word' id='word_1_750' title='bbox 2984 5766 3250 5835; x_wconf 86' lang='lat' dir='ltr'><strong>quoddam</strong></span> <span class='ocrx_word' id='word_1_751' title='bbox 3285 5767 3482 5825; x_wconf 90' lang='lat' dir='ltr'><strong>mobile</strong></span> <span class='ocrx_word' id='word_1_752' title='bbox 3530 5769 3734 5825; x_wconf 87' lang='lat' dir='ltr'><strong>aerium</strong></span> <span class='ocrx_word' id='word_1_753' title='bbox 3779 5775 3828 5824; x_wconf 82' lang='lat' dir='ltr'><strong>et</strong></span> 
     </span>
    </p>
   </div>
  </div>
