4098 6208
343 441 452 503 913

1635 425 1884 484 MUSICA
1921 421 2287 480 THEOBICA.

3509 409 3614 464 ιιιι

344 568 595 611 serenum
629 553 680 610 in
721 549 960 612 auribus,
991 545 1132 618 quod
1164 544 1353 614 recipit
1398 542 1598 597 formas
1646 540 1915 596 colorabi-
1950 539 2001 600 Α
2026 545 2082 592 et
2107 536 2194 591 ubi
2227 533 2382 589 tertia
2419 546 2540 604 pars
2569 531 2749 596 inerit,
2782 543 2922 598 pone
2951 529 3213 586 arculum.
3239 536 3293 582 et
3325 536 3481 596 tange
3509 515 3618 580 ter-

346 649 448 709 les,
490 655 818 711 umet-urique
862 640 993 694 ﬁunt
1037 655 1101 694 ex
1147 635 1409 706 superiori
1440 634 1713 691 elemento
1744 634 1928 703 igneo.

344 750 476 792 aere
503 732 820 791 tenuissimo
847 732 1099 802 quodam,
1133 729 1384 783 olfactuni
1429 727 1482 781 in
1513 725 1752 790 naribus,
1787 723 1931 794 quod

345 846 414 887 ex
473 828 712 885 inferiori
751 837 807 884 et
862 826 1114 882 crassiori
1175 838 1302 878 aere
1360 821 1683 885 coniicitur;
1745 827 1934 887 gustus

347 937 417 978 ex
456 936 621 990 aqua.
677 928 848 974 tactus
886 920 952 972 ad
1012 927 1207 971 terram
1256 915 1524 982 pertinet,
1561 913 1686 981 quia
1729 910 1933 964 nullum

349 1034 521 1088 genus
566 1017 784 1070 musicae
823 1012 1092 1068 invenitur
1129 1020 1252 1065 ante
1282 1009 1428 1063 illam
1468 1006 1809 1074 disciplinam
1851 1012 1933 1058 te-

349 1108 786 1173 trachordorum,
835 1105 887 1160 id
950 1112 1065 1170 est,
1120 1098 1568 1171 quemadmodum
1631 1094 1936 1167 pervenerit

346 1215 638 1255 nervorum
697 1210 953 1252 numerus
995 1195 1062 1248 ad
1121 1193 1518 1263 pluralitatem,
1567 1188 1621 1244 in
1669 1201 1777 1257 qua
1829 1201 1935 1242 non

345 1302 453 1350 est.

932 1378 1070 1446 Quid
1093 1379 1157 1433 sit
1189 1388 1336 1433 tonus

430 1472 614 1530 Tonus
677 1479 761 1528 est
826 1469 1040 1540 quando
1108 1471 1296 1526 vocula
1357 1467 1601 1524 vocnlam
1669 1473 1777 1521 tota
1852 1462 1934 1518 sui

346 1565 646 1635 quantitate
683 1563 1037 1631 superaverit.
1076 1569 1134 1614 et
1181 1562 1399 1628 insuper
1449 1558 1618 1628 ipsius
1663 1564 1935 1626 superata:

345 1656 558 1712 vocula;
589 1666 775 1710 octaVa
807 1663 978 1722 parte,
1010 1652 1094 1707 vel
1131 1655 1181 1706 in
1207 1653 1507 1711 intensione
1532 1651 1818 1717 acuminis,
1853 1648 1936 1702 vel

347 1752 405 1805 in
455 1749 771 1805 remissione
812 1746 1112 1817 gravitatis.
1152 1746 1503 1800 Semitonium
1556 1754 1674 1810 est,
1721 1743 1938 1813 quando

348 1824 516 1895 tonus
545 1839 596 1893 in
627 1839 761 1894 duas
790 1852 894 1893 non
927 1853 1130 1905 aquas,
1162 1837 1254 1892 sed
1291 1835 1580 1902 inaequales
1630 1848 1808 1906 partes
1846 1852 1935 1889 se-

2035 629 2161 684 tiam
2190 638 2394 698 partem
2425 627 2590 695 ipsius
2619 624 2857 690 chordre,
2882 630 3040 694 tange
3066 631 3120 677 et
3141 625 3364 677 alteram
3396 630 3621 688 partem,

2033 730 2088 777 et
2119 719 2321 774 videbis
2353 717 2754 775 consusiantiam
2785 715 3063 785 diapason.
3101 714 3278 769 Tertia
3319 714 3465 766 en'm
3489 725 3626 780 pars-

2035 811 2117 864 bis
2147 811 2353 864 acutior
2381 809 2602 863 duarum
2639 807 2888 876 partium,
2922 817 2976 861 et
3017 805 3137 860 dure
3170 816 3344 873 partes
3376 802 3455 857 bis
3503 817 3625 871 grav

2038 902 2213 957 viores
2257 901 2307 955 in
2355 914 2511 955 Sono.
2562 899 2640 954 Ad
2695 900 3102 954 consonantiam
3160 914 3286 952 vero
3339 897 3626 964 diapente.

2036 992 2232 1046 deinde
2264 1000 2433 1046 totum
2468 1006 2688 1046 nervuin
2718 989 2770 1042 in
2797 989 3035 1059 quinque
3061 989 3296 1057 aequales
3337 988 3536 1053 partes,
3571 982 3625 1037 id

2037 1095 2141 1152 Cal,
2175 1081 2260 1139 ubi
2307 1096 2412 1139 tres
2464 1084 2674 1138 fuerunt
2714 1083 2875 1137 linit-.2
2919 1091 3119 1152 partes.
3153 1095 3288 1149 pone
3317 1077 3623 1142 articulum,

2040 1187 2096 1231 et
2139 1186 2298 1243 tange
2347 1186 2597 1245 utrasque
2649 1185 2847 1242 partes,
2893 1183 2949 1228 et
2993 1173 3096 1230 crit
3142 1173 3307 1227 altera
3353 1186 3479 1242 pars
3518 1179 3629 1225 tota

2041 1271 2338 1339 quantitate
2369 1267 2591 1322 minoris
2615 1266 2829 1337 gravior
2849 1265 3065 1336 insuper
3085 1274 3137 1320 et
3158 1262 3274 1334 ejus
3301 1257 3627 1327 medietatis.

2040 1363 2209 1418 altera
2253 1378 2381 1417 vero
2411 1376 2534 1431 pars
2565 1361 2773 1416 acutior
2816 1371 2922 1415 tota
2961 1361 3276 1430 quantitate,
3304 1358 3518 1430 majoris
3548 1359 3632 1412 in-

2039 1468 2203 1523 super
2246 1463 2301 1507 et
2342 1452 2460 1522 ejus
2509 1452 2838 1509 medietatis.
2886 1451 3246 1507 ConsOoantia
3296 1451 3628 1507 diatessaron

2042 1547 2165 1611 erit,
2213 1543 2257 1597 si
2301 1543 2509 1597 dividas
2560 1553 2720 1597 totam
2771 1543 3028 1597 chordam
3079 1543 3129 1595 in
3178 1553 3381 1610 septem
3432 1552 3631 1610 partes,

2045 1652 2180 1704 pone
2205 1636 2469 1699 arculum,
2499 1645 2553 1689 et
2583 1644 2738 1706 tange
2781 1645 3031 1704 utrasque
3059 1643 3257 1703 partes.
3289 1632 3418 1687 Item
3451 1633 3633 1687 divide

2043 1726 2212 1797 ipsam
2240 1726 2496 1782 chordam
2530 1728 2581 1780 in
2610 1735 2838 1797 septem,
2872 1726 2922 1780 id
2954 1735 3057 1790 est,
3087 1726 3271 1781 decem
3306 1735 3506 1797 partes.
3541 1726 3633 1781 ubi

2046 1838 2181 1876 nona
2228 1836 2354 1892 pars
2395 1819 2555 1874 fuerit
2606 1834 2743 1886 pone
2783 1820 3042 1884 arculum,
3086 1826 3139 1873 et
3182 1828 3339 1888 tange
3379 1829 3634 1886 utrasque

349 1942 528 1988 catur.
561 1930 803 1984 Alterum
856 1928 1198 1984 semitoninm
1233 1929 1427 1995 majus,
1458 1897 1680 1982 alterum
1721 1928 1942 1981 sumito-

2055 1924 2248 1982 partes,
2283 1921 2336 1966 et
2366 1911 2602 1966 invenies
2649 1912 2909 1966 minorem
2953 1921 3158 1979 partem
3205 1913 3495 1965 acutiorem
3529 1926 3638 1964 uno

352 2024 502 2078 Itium
535 2022 713 2076 minus
748 2021 853 2076 dici
887 2019 1206 2075 maluerunt.
1262 2018 1436 2072 Diesis
1473 2028 1554 2072 est
1603 2017 1944 2072 semitoniutn

352 2117 554 2180 minus,
583 2117 636 2170 in
685 2116 820 2169 duas
849 2122 1024 2181 partes
1051 2112 1304 2176 divisum,
1332 2111 1384 2166 id
1432 2123 1536 2175 est,
1572 2112 1747 2165 minus
1777 2109 1946 2166 semi-

355 2209 560 2264 tonium
624 2209 795 2263 diesin
861 2208 1108 2263 dixerunt
1157 2206 1368 2260 musici.
1425 2204 1655 2260 Melodia
1709 2204 1944 2268 dicitur,

353 2323 476 2375 qua:
505 2315 558 2359 et
583 2305 871 2373 antiquior,
904 2302 1148 2371 quamvis
1177 2300 1542 2368 subasperior,
1574 2297 1789 2367 quando
1816 2313 1946 2353 con-

353 2397 600 2452 Sonantia
631 2412 694 2449 es
727 2395 938 2448 duobus
961 2393 1102 2448 tonis
1129 2403 1182 2447 et
1213 2393 1518 2454 semitonio,
1545 2391 1627 2446 vel
1658 2391 1950 2446 hemitonio

355 2499 414 2546 et
442 2488 648 2543 duobus
694 2489 856 2550 tonis,
889 2487 1208 2552 eotnpletur.
1253 2485 1594 2538 Chromatica
1639 2492 1724 2538 est
1747 2499 1868 2552 quae
1896 2493 1946 2536 et

358 2578 645 2648 posterior.
674 2589 730 2635 et
757 2577 822 2632 ad
852 2577 1265 2632 delectationem
1306 2576 1512 2630 aurium
1557 2589 1651 2628 sua
1693 2573 1952 2627 varietate

357 2672 655 2742 permulcet
683 2670 916 2732 animos,
949 2679 1002 2724 et
1033 2669 1209 2723 nimiis
1250 2666 1488 2723 minutiis
1526 2665 1732 2721 tiunule
1761 2665 1949 2728 fertur,

357 2770 676 2827 constatque
723 2777 790 2814 ex
844 2771 970 2814 tono
1019 2769 1071 2814 et
1105 2759 1276 2814 tribus
1303 2757 1624 2820 semitoniis,
1667 2757 1746 2810 vel
1784 2754 1953 2810 tribus

359 2853 665 2909 seuntoniis
716 2863 773 2907 et
821 2863 967 2906 tono.
1032 2851 1450 2906 Enhartnonium
1508 2858 1671 2903 totam
1720 2846 1953 2917 possidet

361 2945 722 3007 harmoniam,
752 2953 805 2999 et
835 2944 916 2998 sui
949 2943 1207 3011 dignitate
1233 2943 1368 2996 alias
1397 2939 1694 3011 praecellit;
1735 2947 1786 2993 et
1826 2954 1954 2992 eon-

271 3090 274 3092 .
360 3048 469 3092 stat
517 3051 582 3092 ex
632 3035 841 3090 duobus
883 3034 1065 3101 diesis,
1097 3044 1152 3089 et
1194 3033 1403 3089 duobus
1443 3033 1601 3094 tonis,
1635 3032 1715 3084 vel
1747 3029 1954 3083 duobus

362 3129 505 3184 tonis
535 3137 589 3182 et
617 3128 824 3182 duobus
851 3127 1038 3181 diesis.
1070 3126 1429 3180 Consonantia
1476 3125 1805 3178 diatessaron
1847 3131 1949 3186 est,

363 3224 576 3293 quando
619 3222 806 3276 vocula
859 3219 1158 3274 intensione
1202 3220 1281 3272 soi
1327 3217 1590 3272 acuminis
1629 3217 1867 3271 vo‘culam
1898 3216 1946 3267 in

363 3314 681 3370 remissione
709 3311 985 3382 gravitatis
1020 3320 1184 3364 totum
1219 3309 1475 3379 possidet,
1519 3308 1731 3375 insuper
1759 3314 1813 3359 et
1840 3313 1950 3360 ter-

364 3407 492 3460 tiam
524 3414 727 3476 partem
753 3415 1020 3473 superatae
1050 3404 1279 3456 voculae.
1317 3400 1575 3468 Diapente
1604 3396 1954 3454 consonantia

363 3505 472 3563 est,
503 3495 717 3566 quando
747 3495 932 3550 vocula
959 3494 1199 3548 vocatam
1233 3502 1340 3546 tota
1368 3491 1449 3546 sui
1477 3491 1768 3561 quantitate
1798 3503 1956 3557 snpe-

364 3599 469 3654 rat,
526 3589 794 3653 videlicet,
846 3595 900 3640 et
947 3597 1214 3653 superata:
1262 3583 1431 3648 vocis,
1483 3583 1698 3649 insuper
1745 3591 1799 3634 et
1841 3581 1956 3649 ejus

366 3679 652 3734 medietate
694 3677 774 3732 vel
824 3679 875 3731 in
909 3675 1207 3732 intensione
1243 3675 1522 3738 acuminis,
1561 3673 1638 3728 vel
1680 3673 1732 3727 in
1766 3671 1956 3726 remis-

367 3770 519 3825 sione
571 3767 869 3839 gravitatis.
933 3766 1192 3834 Diapason
1254 3779 1358 3818 non
1415 3763 1809 3824 consonantia,
1857 3761 1953 3816 sed

366 3862 750 3926 aquisonautia
801 3869 904 3923 est,
937 3858 1148 3927 quoties
1197 3855 1385 3910 vocula
1418 3853 1660 3907 voculam
1703 3851 1784 3906 sui
1822 3866 1951 3906 acu-

369 3955 516 4006 mine
565 3953 608 4005 si
658 3951 814 4006 luerit
862 3951 914 4004 in
967 3948 1286 4010 intensione,
1336 3955 1428 3999 aut
1473 3945 1552 3999 sui
1598 3947 1877 4015 gravitate,
1908 3942 1955 3998 si

369 4043 532 4099 tuerit
556 4045 608 4097 in
640 4041 976 4106 remissione,
1004 4050 1110 4096 tota
1141 4041 1221 4094 sui
1246 4039 1542 4109 quantitate
1567 4045 1831 4106 superatae
1863 4050 1957 4090 vo-

371 4133 449 4188 cis
471 4134 818 4202 quantitatem
867 4133 945 4187 his
986 4139 1230 4200 occupat.
1270 4131 1335 4183 Et
1379 4140 1436 4182 ut
1476 4137 1661 4197 aperte
1706 4127 1955 4182 advertas

371 4224 497 4294 quid
545 4226 615 4278 sit
665 4225 914 4292 intensio,
961 4223 1082 4291 quid
1133 4221 1398 4287 remissio,
1454 4236 1571 4289 qua:
1617 4220 1668 4275 in
1709 4218 1957 4274 onmibus

372 4315 736 4371 Consonautiis
765 4315 992 4369 videnda
1024 4324 1130 4376 est,
1161 4314 1228 4366 ita
1265 4311 1476 4367 noveris
1497 4313 1709 4381 quando
1733 4310 1955 4379 primam

375 4426 562 4464 vocem
605 4426 673 4465 ex
709 4425 821 4476 ore,
851 4409 935 4462 vel
975 4408 1155 4472 corde,
1201 4407 1280 4462 vel
1321 4406 1491 4475 aliqua
1525 4403 1740 4459 materia
1772 4403 1957 4474 organi

373 4502 617 4556 emiseris
648 4518 662 4555 :
696 4502 796 4569 lige
824 4510 1044 4560 metam.
1069 4507 1123 4554 et
1146 4498 1399 4568 quidquid
1431 4513 1524 4568 per
1551 4497 1697 4552 illam
1731 4497 1957 4565 primam

1977 3255 2025 3316 (ἒ

2050 2015 2198 2070 ιοιιο,
2217 2003 2475 2074 majorem
2503 2018 2632 2058 vero
2649 2005 2948 2076 graviorem
2978 2019 3087 2057 uno
3109 2012 3236 2057 tono
3259 2002 3310 2057 in
3331 2013 3460 2057 tota.
3481 2003 3636 2069 Qua:-

2050 2096 2187 2154 ritur
2209 2112 2377 2167 quare
2405 2096 2553 2166 prius
2574 2097 2755 2169 posuit
2770 2095 3051 2165 diapason,
3079 2093 3346 2163 diapente,
3380 2079 3650 2148 diatessa?

2049 2207 2170 2258 ron,
2198 2199 2255 2247 et
2284 2206 2426 2245 nunc
2456 2191 2616 2246 aliter
2645 2191 2830 2261 incipit
2870 2190 2926 2245 iu
2953 2190 3140 2246 ordine
3182 2190 3415 2259 ipsarum
3447 2203 3637 2244 conso-

2053 2282 2357 2356 nuntiarunt
2387 2294 2619 2337 vertere.
2651 2282 2801 2351 Quod
2833 2282 2913 2337 sic
2943 2283 3186 2347 solvitur,
3219 2281 3342 2350 quia
3387 2283 3438 2335 in
3469 2295 3638 2352 quan-

2053 2383 2162 2427 tum
2190 2372 2256 2427 ad
2283 2372 2832 2442 proportionalitatetn
2865 2372 3218 2428 arithmeticae
3249 2374 3501 2440 pertinet,
3535 2387 3635 2426 an-

2051 2462 2248 2517 tecedit
2299 2461 2463 2530 dupla
2504 2461 2932 2532 sesquialteram,
2963 2463 3234 2517 antecedit
3289 2463 3637 2532 sesquialtera

2052 2555 2468 2621 sesi-initertiam,
2513 2571 2629 2625 quas
2679 2567 2949 2624 postremo
2996 2559 3227 2625 ponitur.
3278 2557 3318 2612 Ε
3366 2557 3638 2610 contrario

2052 2662 2182 2702 vero
2237 2648 2456 2702 musicae
2513 2649 2863 2704 constmantia
2918 2660 3062 2703 retro
3115 2649 3437 2716 speculatur.
3507 2649 3636 2702 Nam

2053 2739 2223 2805 prima
2253 2739 2598 2793 consonantia
2644 2749 2726 2794 est
2756 2739 2972 2794 musica:
2999 2742 3127 2794 artis
3156 2739 3510 2810 sesquitertia,
3540 2740 3640 2793 hoc

2053 2836 2154 2893 est,
2188 2827 2552 2908 diatessaron;
2588 2830 2709 2883 inde
2753 2831 3058 2898 pervcnitur
3103 2831 3168 2884 ad
3210 2830 3638 2899 sesquialtetatn,

2055 2921 2156 2976 hoc
2194 2929 2297 2983 est,
2328 2921 2609 2990 diapente;
2659 2919 2784 2976 inde
2831 2923 2896 2975 ad
2925 2922 3162 2990 duplam,
3191 2935 3310 2991 qua:
3340 2931 3420 2974 est
3457 2921 3642 2988 diapa-

2056 3025 2176 3066 son.
2221 3010 2378 3067 Nicos
2427 3014 2617 3078 victor,
2670 3012 2874 3067 machia
2923 3028 3114 3083 pugna,
3149 3029 3271 3067 orea
3302 3012 3489 3068 Graec
3529 3012 3642 3080 pul-

2056 3101 2208 3168 clrra,
2243 3104 2420 3172 phone
2454 3120 2575 3166 vox,
2609 3104 2731 3159 inde
2773 3105 3004 3174 orpheus
3046 3104 3258 3174 pulchra
3293 3120 3392 3160 vox
3424 3104 3641 3161 dicitur.

2059 3192 2366 3250 Sitnilitudo
2397 3199 2670 3250 nominum
2716 3196 2767 3251 itt
2795 3196 3060 3260 omnibus,
3106 3194 3405 3251 differentia
3432 3213 3559 3252 vero
3589 3200 3643 3254 in

2059 3293 2297 3347 lichanos
2344 3292 2571 3362 hypaten
2612 3291 2975 3357 chromatico,
3024 3291 3384 3346 enharmonos
3415 3290 3647 3346 diatoni-

2057 3400 2171 3440 cos.
2221 3384 2478 3439 Similiter
2525 3384 2574 3437 in
2621 3383 2858 3438 lichanos
2888 3398 3095 3450 meson,
3124 3392 3178 3439 et
3218 3395 3471 3452 paranete
3498 3385 3643 3438 sine-

2061 3490 2278 3538 roenon,
2312 3484 2364 3528 et
2396 3483 2647 3544 paranete
2679 3474 3062 3543 hyperboleon.
3091 3474 3223 3530 Nam
3253 3490 3374 3529 cum
3413 3475 3516 3529 sint
3545 3474 3643 3528 de-

2058 3579 2174 3619 cem
2201 3573 2253 3619 et
2275 3574 2398 3618 octo
2424 3565 2595 3633 nervi,
2629 3577 2680 3620 et
2707 3567 2756 3619 in
2790 3564 3082 3630 diatonico,
3113 3577 3167 3619 et
3209 3564 3262 3618 in
3290 3566 3642 3629 chromatico,

2058 3670 2116 3713 et.
2167 3661 2237 3738 in
2268 3659 2653 3721 enliarmonio;
2706 3658 2896 3727 reliqui
2946 3657 3193 3711 similiter
3230 3668 3370 3720 sunt,
3405 3658 3648 3726 eseeptis

2059 3752 2308 3820 quinque.
2345 3748 2638 3804 Dissimiles
2667 3764 2794 3817 ergo
2837 3749 2905 3804 de
2946 3751 3278 3803 chromatico
3307 3749 3560 3818 quinque,
3591 3757 3646 3802 et

2058 3842 2128 3898 de
2156 3840 2507 3897 enliarmonio
2536 3841 2796 3911 quinque,
2837 3851 3046 3908 sumpta
3076 3839 3139 3893 ad
3187 3839 3371 3894 decem
3402 3851 3453 3894 et
3496 3849 3642 3904 octo,

2059 3937 2103 3991 si
2144 3935 2483 4005 adjiciuntur,
2517 3934 2606 4005 qui
2655 3943 2778 3989 sunt
2816 3935 2869 3989 in
2909 3934 3194 3998 diatonico,
3240 3933 3372 3988 ﬁunt
3415 3933 3477 3987 lO
3507 3943 3559 3987 et
3584 3933 3640 3986 8.

2062 4027 2397 4094 Ambrosius,
2429 4026 2480 4079 iu
2514 4027 2854 4095 expositione
2885 4026 3073 4095 psalmi
3116 4041 3297 4091 οινιιι,
3326 4041 3446 4095 cap.
3477 4026 3532 4089 ἓ,
3570 4027 3649 4080 ita"

2059 4117 2230 4172 dicit:
2267 4135 2285 4167 ι
2320 4116 2452 4173 Puto
2481 4117 2858 4187 Pythagoram,
2902 4117 3275 4188 philosophum
3316 4117 3642 4172 imitatorem

2063 4213 2440 4281 prophetarum
2471 4249 2486 4276 ,
2542 4209 2834 4264 inStituisse
2886 4218 3108 4272 sectam,
3166 4218 3221 4262 ιιι
3269 4208 3511 4279 discipuli
3559 4209 3645 4264 sui

2062 4302 2429 4372 quinquennio
2460 4317 2564 4356 non
2598 4301 2897 4370 loquentes,
2946 4311 3091 4355 tanto
3130 4301 3342 4356 silentio
3391 4303 3529 4370 loqui
3561 4302 3645 4358 di-

2062 4402 2294 4449 scerent.
2333 4411 2352 4445 ι
2395 4395 2698 4457 Asiomata,
2728 4393 2777 4446 id
2809 4402 2910 4458 est,
2941 4393 3291 4448 admiratione
3316 4392 3494 4463 digna,
3525 4408 3648 4463 quas

2064 4496 2118 4540 et
2167 4484 2442 4553 proloquia
2491 4484 2760 4548 dicuntur,
2811 4484 2861 4539 id
2906 4495 3011 4551 est,
3053 4485 3281 4540 obnoxia
3323 4483 3531 4538 veritati
3561 4484 3645 4539 vel

376 4610 564 4648 vocem
613 4594 663 4647 in
691 4595 858 4647 altum
899 4593 979 4646 sui
1011 4593 1169 4660 gerit,
1203 4602 1292 4644 aut
1321 4602 1525 4655 tonum,
1553 4601 1640 4642 aut
1677 4589 1951 4657 diapason,

2065 4575 2304 4630 falsitati.
2349 4577 2393 4629 A
2419 4575 2581 4645 duplo
2628 4591 2856 4647 namque
2907 4579 3247 4645 sesquialtcr,
3275 4592 3306 4630 a
3345 4577 3501 4646 triplo
3531 4591 3645 4630 ses-

374 4696 467 4741 aut
512 4685 782 4755 diapente,
827 4696 917 4738 aut
958 4683 1310 4747 diates-aron,
1361 4683 1573 4737 noveris
1616 4683 1730 4736 illas
1772 4697 1959 4736 omnes

372 4778 754 4834 consonantias
820 4779 870 4831 in
929 4775 1230 4830 intensione
1285 4774 1546 4827 acuminis
1598 4787 1718 4828 esse
1774 4773 1958 4826 factas.

373 4869 640 4938 Quidquid
692 4883 820 4923 vero
871 4883 965 4936 per
997 4868 1142 4922 illam
1187 4867 1407 4935 primam
1447 4881 1631 4919 vocem
1665 4865 1750 4919 ubi
1781 4867 1961 4919 termi-

377 4977 505 5016 num
545 4959 780 5015 disimus
827 4959 1093 5028 ﬁgendum
1132 4973 1272 5021 esse,
1303 4955 1554 5011 deorsum
1586 4956 1959 5009 remittendum

375 5052 610 5120 ﬂuxerit,
662 5053 776 5106 sive
826 5062 1003 5114 tonus,
1058 5050 1171 5103 sive
1213 5048 1567 5111 diatessaron,
1596 5046 1709 5101 sive
1745 5058 1960 5110 cat-tera,

377 5151 514 5200 scito
538 5159 726 5198 omnes
758 5143 873 5197 illas
904 5140 1278 5196 consonantias
1309 5139 1361 5193 in
1394 5139 1707 5192 remissione
1735 5139 1964 5206 gravita-

379 5240 448 5296 tis
472 5241 611 5296 ﬁeri.
641 5238 699 5294 Si
725 5248 902 5292 autem
936 5237 1042 5290 toni
1074 5251 1264 5290 sonum
1299 5232 1381 5286 vel
1422 5233 1755 5286 diatessaron
1788 5243 1849 5283 ac
1881 5243 1966 5281 re-

380 5336 646 5405 liquarum
704 5330 1112 5386 consonantium
1172 5340 1329 5380 nosse
1376 5323 1569 5391 cupis,
1624 5322 1780 5375 talem
1833 5334 1965 5389 cape

377 5427 770 5495 conjecturam.
813 5422 1007 5490 Accipe
1040 5419 1274 5488 regulam
1309 5417 1534 5485 ligneam
1575 5411 1816 5468 manibus
1849 5426 1965 5464 tua-

382 5517 533 5590 gistri
561 5517 879 5578 formatam,
930 5521 984 5564 et
1032 5504 1341 5578 pra-paratis
1390 5505 1557 5558 tribus
1593 5500 1850 5563 articulis,
1882 5497 1966 5553 vel

384 5610 600 5668 art-.nlis.
626 5623 690 5660 es
721 5605 865 5660 omni
897 5611 1044 5672 parte
1089 5613 1241 5668 aeque
1283 5595 1485 5650 libratis
1522 5600 1578 5646 et
1616 5591 1842 5656 cavatis,
1869 5603 1964 5642 ex-

389 5702 544 5756 tende
587 5675 808 5751 nervum
855 5709 1016 5762 super
1070 5689 1305 5760 regulam
1355 5686 1407 5741 in
1448 5683 1655 5737 duobus
1702 5681 1967 5751 capitibus

387 5807 520 5861 snpp
557 5789 674 5844 sitis
717 5785 978 5849 articulis,
1024 5789 1079 5837 et
1125 5795 1230 5836 non
1281 5774 1586 5839 incidendo,
1627 5772 1718 5827 sed
1758 5771 1810 5826 in
1855 5785 1968 5825 me-

392 5881 582 5939 tientia?
613 5888 773 5938 totam
803 5875 1056 5934 chordam
1085 5874 1136 5930 in
1163 5883 1269 5929 tros
1303 5878 1479 5943 partes
1511 5864 1740 5936 mqualcs
1768 5864 1962 5933 diiide,

2065 4667 2350 4736 quitertius
2389 4666 2792 4732 denominatur;
2831 4677 2884 4721 et
2939 4666 3125 4736 reliqui
3165 4665 3452 4721 secundum
3485 4681 3644 4718 suum

2065 4759 2328 4814 ordinem.
2360 4758 2414 4813 Si
2447 4759 2531 4813 illa
2562 4758 2924 4814 denominatio
2949 4768 3204 4830 quantum
3236 4755 3301 4809 ad
3339 4771 3555 4811 sensum
3589 4755 3643 4808 in

2064 4852 2387 4906 contrariam
2418 4862 2622 4921 partem
2652 4853 2742 4918 sit,
2783 4853 2902 4922 quia
2933 4867 3050 4905 cum
3093 4852 3143 4904 in
3177 4849 3454 4919 primitivis
3493 4847 3563 4902 sit
3591 4849 3644 4901 in

2064 4937 2427 5012 augmentum,
2477 4942 2528 4996 in
2577 4941 2884 4996 derivativis
2926 4941 2976 4995 in
3024 4941 3374 4996 diminutione
3425 4950 3529 4994 est.
3588 4938 3644 4993 Ιιι

2067 5033 2445 5106 multiplicibus
2469 5038 2662 5106 quippe
2683 5046 2883 5106 quanto
2904 5036 3074 5105 major
3094 5044 3176 5090 est
3202 5049 3475 5102 numerus,
3498 5043 3645 5086 tanto

2067 5127 2235 5195 major
2287 5126 2344 5179 tit
2405 5127 2701 5196 proportio.
2762 5128 2981 5198 Insuper
3036 5125 3445 5197 particularihus
3516 5141 3647 5180 vero

2067 5227 2346 5272 crescente
2375 5231 2620 5286 numero,
2664 5216 2977 5272 decrescunt
3018 5217 3408 5287 proportiones.
3441 5218 3648 5285 Qumri-

2069 5317 2154 5363 tur
2192 5307 2460 5379 quomodo
2498 5311 2671 5364 minor
2717 5310 2994 5379 proportio
3039 5319 3121 5363 est
3169 5307 3220 5363 in
3263 5309 3648 5378 quinquaginta

2071 5402 2259 5466 tribus,
2285 5411 2339 5456 et
2378 5402 2760 5472 quinquaginta
2789 5411 2932 5468 octo,
2962 5417 3119 5472 quam
3168 5402 3219 5455 in
3263 5403 3646 5472 quinquaginta

2067 5504 2122 5549 et
2149 5493 2525 5564 quinquaginta
2558 5493 2818 5564 quinque;
2860 5501 2915 5547 et
2942 5493 3211 5561 quomodo
3242 5494 3432 5547 iterum
3477 5493 3646 5560 major

2070 5587 2350 5655 proportio
2385 5594 2470 5639 cst
2517 5585 2569 5640 in
2613 5585 2955 5655 quadraginta
2995 5594 3143 5652 octo,
3175 5593 3229 5641 et
3266 5586 3644 5655 quinquaginta

2071 5678 2261 5744 tribus,
2291 5694 2448 5749 quam
2481 5679 2849 5749 quinquaginta
2891 5689 2944 5732 et
2971 5680 3348 5749 quinquaginta
3377 5675 3647 5747 quinque?

2072 5773 2161 5829 Sic
2200 5773 2625 5842 respondendum
2655 5781 2738 5826 est
2771 5771 2958 5839 :Quod
2985 5771 3028 5824 si
3063 5769 3362 5841 philologus
3387 5769 3484 5822 iste
3517 5767 3650 5820 Bne.

2074 5867 2176 5921 tius
2215 5867 2404 5922 itt'rum
2451 5864 2670 5922 adderet
2711 5879 2870 5936 super
2909 5864 3282 5936 quinquaginta
3334 5873 3441 5916 trcs
3487 5860 3644 5921 duos,
