4098 6208
533 413 642 470 916
1041 406 1248 466 ΒΕΒᾸΞ
1290 407 1748 468 VENERABILIS
1785 410 1934 469 OPP.
1977 409 2151 470 PARS

2202 410 2233 466 ι.
2276 409 2578 478 πεπυ.
2609 443 2679 454 -
2716 413 2921 473 DUlllA
2964 415 3049 472 ET
3088 414 3363 475 SPURIA.
3712 419 3820 480 918

531 539 716 588 essent
738 530 831 598 55,
864 536 918 585 et
955 528 1128 599 ipsum
1171 543 1451 584 numerum
1485 538 1818 584 mensuraret
1844 527 2121 599 quinarius
2150 531 2198 592 Α
2226 523 2434 597 tiplices
2464 534 2669 583 tantum
2710 536 2765 583 et
2801 531 3317 598 superpartieulares
3359 541 3540 588 nolam
3578 549 3820 594 commu-

533 623 816 691 nndecies;
865 635 919 679 et
961 621 1006 680 si
1039 621 1263 680 adderet
1308 638 1469 692 super
1515 621 1583 679 58
1630 624 1731 679 alia
1770 626 1896 687 duo,
1944 636 2123 678 essent
2226 635 2348 675 netn
2380 635 2687 677 mensuram
2720 622 2919 679 habere
2950 638 3130 694 posse.
3158 625 3295 681 Nam
3336 632 3718 697 quaternariua
3750 631 3821 687 ad

534 718 833 789 sexaginta,
862 726 915 773 et
944 727 1280 774 mensuraret
1318 716 1457 771 idem
1507 731 1759 772 numerus
1800 718 1949 773 illum
1990 718 2123 773 duo-
2225 711 2490 767 lunarium
2520 713 2715 783 duplus
2745 725 2848 781 est,
2881 713 2915 767 6
2944 730 3074 771 vero
3112 717 3177 770 ad
3226 717 3261 769 ἓξ
3305 719 3518 784 triplus.
3546 718 3821 779 Subtrahe

531 811 732 877 decies,
774 819 831 866 et
874 822 1018 867 esset
1065 812 1529 883 sesqniundecima
1569 814 1867 883 proportio,
1916 814 1966 868 itl
2013 823 2119 881 est,
2222 807 2276 872 Ξ,
2308 808 2375 861 ad
2404 823 2562 879 quem
2594 807 2626 857 6
2653 810 2840 876 triplus
2872 820 2974 875 est,
3008 824 3247 865 remanet
3275 811 3331 876 6,
3361 810 3426 866 ad
3459 810 3492 863 ι
3520 813 3571 865 in
3601 814 3814 883 sesqui-

531 902 916 972 quinquaginla
949 907 1203 976 quinque,
1238 915 1289 961 et
1321 908 1617 977 sexaginta,
1654 924 1773 974 qua:
1816 919 1895 963 est
1944 909 2120 965 minor
2220 901 2384 953 altera
2438 901 2799 970 preportione.
2849 902 2976 956 Dum:
3024 903 3391 973 sesquialterte
3420 906 3819 974 proportiones

528 1010 595 1049 ex
626 995 1023 1065 sesquidecima.
1074 997 1176 1053 Sed
1221 999 1465 1067 quamvis
1515 999 1580 1054 ad
1631 1000 1774 1053 illam
1818 1003 2116 1068 proportio-
2219 1002 2345 1047 sunt
2374 993 2407 1049 6
2431 993 2498 1047 ad
2529 992 2582 1058 4,
2616 999 2649 1050 8
2681 993 2746 1048 ad
2774 994 2827 1057 6,
2855 993 2949 1049 sed
2990 994 3024 1047 4
3053 995 3247 1063 duplus
3275 994 3327 1059 8,
3356 990 3555 1061 minor,
3584 997 3815 1065 scilicet,

528 1102 651 1141 nem
683 1103 788 1143 non
821 1090 1060 1157 pervenit
1091 1090 1140 1143 in
1169 1088 1238 1146 55
1265 1103 1318 1144 et
1347 1091 1434 1157 iis,
1471 1100 1645 1146 tamen
1677 1103 1899 1161 apparet
1926 1109 1988 1148 ex
2014 1096 2115 1149 hoc
2221 1088 2253 1139 9
2280 1088 2516 1142 secundo
2557 1089 2933 1158 sesquialtero.
2985 1087 3115 1142 Nam
3158 1091 3204 1142 si
3243 1088 3499 1144 unitatem
3538 1088 3821 1159 detrahas,

525 1179 667 1246 quod
697 1182 872 1236 minor
897 1188 1168 1249 proportio
1197 1192 1276 1237 est
1310 1186 1360 1237 in
1395 1184 1683 1252 majoribus
1711 1186 1973 1252 numeris,
2002 1204 2116 1243 tna-
2216 1179 2283 1234 ad
2306 1195 2466 1247 quam
2496 1180 2747 1237 Videlicet
2791 1182 2827 1237 3
2873 1180 3085 1252 triplus,
3116 1180 3152 1233 4
3183 1196 3309 1235 vero
3345 1181 3676 1251 quadrnplus
3704 1193 3819 1253 est,

518 1270 607 1339 jar
635 1273 687 1326 in
719 1274 1034 1330 minoribus,
1071 1274 1224 1340 item,
1253 1278 1295 1329 si
1330 1277 1569 1332 demeret
1611 1290 1723 1333 tres
1772 1294 1837 1334 ex
1882 1280 2111 1349 quadra-
2217 1283 2456 1328 remanet
2487 1273 2543 1336 ι.
2583 1272 2647 1328 ad
2674 1275 2706 1329 5
2737 1273 3133 1341 sesquitertius.
3162 1273 3296 1328 Tres
3325 1274 3649 1341 sesquitertii
3687 1283 3815 1330 sunt

522 1365 666 1429 ginta
692 1376 837 1429 octo,
872 1377 1055 1421 essent
1079 1366 1175 1429 45.
1207 1378 1257 1421 et
1290 1379 1626 1424 niensuraret
1658 1371 1803 1425 illum
1835 1371 2111 1440 quinarius

2214 1364 2305 1428 ‘27,
2348 1367 2435 1431 56,
2482 1364 2574 1431 48,
2623 1364 2712 1433 54,
2759 1367 2853 1422 sed
2886 1366 2958 1422 27
3004 1367 3211 1420 numeri
3256 1367 3445 1429 triplus
3481 1374 3567 1421 est
3601 1364 3691 1434 81,
3721 1368 3809 1422 cui

522 1457 726 1509 novies.
778 1458 930 1512 ιῖεςρι
958 1458 1224 1524 similiter,
1259 1463 1303 1515 si
1355 1471 1462 1515 tres
1505 1464 1715 1518 tolleret
1757 1466 1824 1519 de
1852 1467 2113 1536 quinqua-
2214 1459 2417 1512 scilicet
2448 1458 2682 1519 minores
2706 1468 2831 1512 sunt
2862 1469 2971 1513 tres
2997 1459 3345 1529 sesquitertii.
3384 1460 3495 1513 Duo
3521 1459 3816 1529 sesquim-

522 1546 667 1617 gittta
706 1549 893 1614 tribus,
917 1551 1037 1618 jure
1065 1562 1403 1607 remanerent
1435 1556 1839 1628 quinquaginta,
1868 1568 1922 1613 et
1960 1575 2110 1614 men-

2216 1549 2272 1603 tii
2304 1559 2428 1604 sunt
2458 1550 2543 1618 t8,
2571 1549 2665 1613 25,
2707 1549 2798 1615 5‘2,
2842 1550 3133 1618 ampliores
3180 1565 3407 1605 numero
3454 1549 3547 1615 27,
3594 1548 3683 1620 qui
3726 1558 3814 1605 est

517 1646 728 1690 suraret
764 1639 1039 1708 quinarius
1096 1641 1243 1696 illum
1310 1642 1532 1707 decies.
1583 1655 1727 1702 esset
1783 1651 2106 1719 scsqninona

2211 1641 2531 1711 scsquialter
2560 1641 2627 1697 ad
2661 1640 2747 1706 18,
2785 1640 2853 1698 12
2892 1639 2959 1695 ad
2997 1640 3032 1697 9
3075 1639 3454 1711 sesquitertius
3491 1652 3591 1706 est,
3624 1639 3658 1693 9
3680 1640 3745 1696 ad
3773 1642 3812 1697 6

519 1731 815 1797 preportio,
848 1749 966 1803 qua:
1016 1734 1189 1802 major
1224 1744 1305 1791 est
1347 1737 1770 1807 sesquidecima;
1803 1751 1851 1795 el
1894 1752 1974 1797 est
2009 1742 2108 1799 iste

2211 1733 2565 1802 sesqttialter;
2610 1733 2706 1790 sed
2737 1733 2806 1789 t2
2834 1733 2901 1789 ad
2929 1747 3023 1789 sex
3053 1734 3268 1801 duplex.
3301 1733 3359 1790 Si
3402 1732 3490 1800 l2,
3529 1733 3615 1803 qui
3647 1735 3713 1788 ad
3740 1732 3813 1788 14

515 1839 770 1879 numerus
811 1825 881 1882 1⁵3
922 1836 975 1881 ει
1013 1827 1102 1891 53,
1134 1828 1342 1883 medius
1373 1830 1514 1885 inter
1544 1832 1798 1902 majorem
1838 1843 1891 1888 et
1930 1838 2102 1889 m'no~
2142 1896 2173 1902 _
2210 1828 2607 1894 δοξεαυῖῑετιῖιιες
2638 1828 2705 1883 ad
2736 1826 3118 1900 8'sesquialter
3156 1840 3264 1895 εει»
3312 1828 3585 1891 deum”.
3631 1842 3813 1884 rem"

513 1930 649 1970 rem.
685 1915 749 1971 Et
780 1918 866 1972 ltic
896 1917 1091 1973 iterum
1121 1924 1397 1990 qttalritur,
1432 1933 1538 1977 tres
1582 1896 1860 1993 quantitati
1902 1927 2102 1982 utrius-
2142 1896 2301 1991 [inet
2347 1920 2382 1976 9
2419 1920 2486 1975 ad
2520 1920 2552 1974 8
2606 1921 2657 1974 in
2696 1896 3066 1989 sesquio‘ctava
3116 1922 3445 1978 habitudine.
3494 1918 3809 1976 Dift‘crenlia

514 2020 619 2073 que
666 2008 873 2063 numeri
927 2009 1097 2079 addit,
1140 2020 1197 2066 ut
1237 2012 1467 2082 majores
1509 2015 1705 2069 efﬁciat
1744 2032 2020 2085 numeros,
2052 2031 2107 2074 ei
2211 2014 2594 2084 quinquaginta
2625 2030 2814 2070 novem
2850 2015 3076 2070 millium
3116 2015 3469 2086 quadraginta
3499 2030 3709 2077 novem,
3737 2012 3812 2070 ad

510 2113 675 2167 quare
699 2098 836 2156 duos
864 2101 1054 2157 minuit
1081 2118 1146 2162 ex
1194 2100 1381 2160 cadem
1411 2109 1726 2175 quantitate,
1769 2122 1828 2163 ut
1870 2114 2105 2167 minores
2209 2111 2487 2178 sexaginta
2534 2108 2645 2165 duo
2693 2109 2854 2165 millia
2901 2109 3163 2165 ducentos
3208 2120 3354 2172 octo.
3407 2118 3459 2165 et
3498 2107 3599 2164 tria
3638 2107 3809 2164 millia

515 2192 735 2249 iaceret.
771 2194 862 2250 Sic
888 2194 1206 2252 solvendum
1240 2206 1339 2261 est,
1366 2200 1506 2268 quod
1531 2204 1830 2269 quantitate
1848 2204 2099 2273 qttinarii,
2209 2217 2425 2259 centum
2445 2205 2824 2276 quinquaginta
2849 2219 3199 2276 novem,quae
3218 2220 3283 2262 ex
3306 2202 3556 2260 ducentis
3574 2202 3810 2274 quadra-

508 2302 630 2353 qnte
655 2296 738 2342 est
766 2287 1065 2345 diﬂ'erentia
1096 2291 1471 2360 praedictorum
1514 2310 1881 2363 numerorum,
1915 2296 2103 2354 divisit
2206 2296 2350 2367 ginta
2391 2298 2566 2353 tribus
2596 2308 2679 2354 ter
2707 2299 2891 2354 decies
2933 2296 3299 2367 multiplicatis
3337 2299 3596 2363 excrevit,
3622 2309 3674 2352 et
3702 2298 3808 2350 mi-

505 2378 561 2433 io
587 2379 723 2436 tluas
749 2393 949 2452 partes,
992 2383 1093 2439 hoc
1121 2395 1223 2450 est,
1269 2386 1319 2441 in
1368 2387 1463 2442 tria
1510 2397 1563 2443 et
1606 2388 1730 2458 duo,
1762 2402 1814 2446 et
1843 2395 2097 2459 majorem
2206 2405 2309 2443 nus
2339 2406 2499 2458 quam
2530 2391 2752 2445 minoris
2780 2400 3024 2447 octavam
3047 2390 3311 2447 decimam
3340 2389 3547 2445 obtinet
3567 2398 3799 2457 partem.

508 2482 713 2539 partem
741 2473 887 2528 addit
918 2476 1195 2545 quantitati
1230 2479 1522 2547 prtcdicttn,
1555 2489 1611 2534 ut
1650 2492 1832 2537 essent
1870 2484 2100 2552 majores
2203 2483 2472 2538 Similiter
2498 2482 2826 2549 dill'erentia,
2859 2473 3138 2549 sexaginta
3181 2484 3407 2535 duorum
3445 2482 3668 2537 millium
3698 2482 3802 2534 dit-

506 2564 731 2630 numeri,
765 2574 819 2620 et
849 2567 1023 2621 minor
1053 2570 1362 2636 proportio;
1392 2580 1443 2625 et
1477 2569 1738 2626 minorem
1770 2572 2005 2643 dempsit
2032 2591 2097 2631 ex
2205 2583 2484 2631 centnrntn
2538 2587 2662 2632 octo
2713 2578 2778 2630 ad
2830 2577 3107 2645 sexaginta
3150 2574 3388 2645 quinque
3426 2573 3612 2640 millia,
3643 2574 3800 2642 quin-

503 2654 695 2713 eadetn
727 2660 1049 2726 quantitate,
1080 2670 1135 2715 ut
1164 2672 1347 2717 essent
1392 2665 1627 2720 minores
1669 2666 1874 2721 numeri
1905 2678 1958 2721 et
1987 2685 2099 2721 tna-
2201 2680 2391 2740 gentos
2444 2668 2657 2740 triginta
2709 2683 2827 2735 sex,
2876 2677 2933 2723 et
2980 2668 3077 2721 tria
3122 2667 3290 2721 millia
3342 2665 3563 2721 trecenti
3614 2663 3800 2735 viginti

499 2749 588 2818 jor
619 2752 912 2820 proportio.
949 2752 1308 2808 Duodecimus
1337 2769 1591 2811 numerus
1616 2755 1680 2810 ad
1713 2754 1747 2810 8
1778 2759 2099 2827 sesquialter
2201 2772 2344 2823 octo,
2374 2778 2493 2831 qua:
2540 2778 2605 2817 ex
2655 2760 2899 2815 ducentis
2946 2759 3331 2830 quinquaginta
3378 2774 3473 2813 sex
3514 2766 3594 2812 ter
3619 2757 3802 2811 decies

502 2851 609 2905 est,
649 2842 715 2896 ad
761 2842 793 2896 9
840 2859 966 2899 vero
1005 2846 1400 2915 sesquitertius.
1443 2848 1548 2903 Sed
1595 2848 1638 2901 si
1685 2845 2096 2915 duodenariutn,
2201 2852 2569 2921 multiplicatis
2591 2852 2851 2917 excrevit,
2878 2860 2931 2906 et
2972 2850 3250 2919 sexaginta
3289 2847 3519 2903 duorum
3548 2846 3801 2911 millium,

506 2932 595 2999 qtti
627 2942 708 2987 εει
764 2933 832 2990 ad
874 2934 907 2990 9
939 2937 1337 3005 sesquitertius.
1368 2939 1719 3007 subtraxeris,
1753 2949 1995 2995 remanet
2039 2940 2093 3003 9,
2198 2942 2551 2999 ducentorum
2596 2953 2721 2998 octo
2770 2944 2949 2998 minus
3001 2957 3161 3011 quam
3216 2951 3459 2997 octavam
3511 2938 3800 3004 decimam,

502 3024 569 3077 ad
598 3026 630 3080 8
682 3025 732 3080 in
783 3030 1157 3098 sesquinctava
1204 3031 1569 3098 proportione,
1600 3022 1723 3101 quas
1761 3032 1956 3087 exinde
1989 3048 2092 3087 non
2203 3035 2322 3103 plus
2369 3050 2499 3090 vero
2548 3051 2705 3105 quam
2758 3048 2953 3090 nonani
3009 3033 3271 3089 decimam
3318 3032 3525 3086 obtinet
3563 3040 3800 3101 partem.

499 3130 619 3171 es~e
665 3120 836 3172 media
889 3120 1147 3175 subtraett
1193 3122 1518 3190 sesquitertii
1557 3124 1851 3194 colligitur,
1881 3125 2001 3193 quia
2047 3126 2092 3177 si
2196 3124 2588 3195 Quinquaginta
2640 3139 2831 3177 novem
2883 3124 3145 3190 millintn,
3197 3122 3548 3191 quadraginta
3602 3135 3799 3174 novem

499 3215 634 3263 duas
686 3215 971 3266 continuas
1009 3214 1406 3282 sesquioclavas
1438 3217 1799 3285 perqu.sieris,
1832 3226 1887 3272 ut
1925 3218 1977 3273 in
2010 3221 2089 3273 his
2121 3264 2165 3285 η
2199 3226 2390 3269 octava
2443 3229 2568 3284 pars
2613 3224 2720 3277 est,
2770 3225 2979 3285 septem
3029 3214 3218 3276 millia,
3270 3210 3493 3266 trecenti
3526 3210 3797 3280 octoginta

948 3264 965 3266 τ
1044 3264 1129 3282 η.
1327 3264 1389 3267 ης
1438 3264 1799 3285 pqr-«ww.
1834 3264 1887 3272 --
2010 3264 2089 3273 --νν
2240 3264 2318 3269 ---
2365 3264 2390 3268 -
2444 3264 2565 3284 ,νη-
2618 3264 2720 3277 --η
2773 3264 2979 3285 -ττ-νη-
3480 3264 3489 3265 κ
3538 3264 3548 3265 κ
3600 3264 3680 3280 γ..

501 3308 737 3361 numeris
768 3306 889 3374 132,
914 3304 1039 3365 9J6.
1064 3309 1190 3372 215,
1219 3311 1405 3364 tertius
1435 3311 1717 3377 terminus,
1748 3312 1799 3367 id
1828 3322 1932 3380 est,
1960 3313 2086 3377 245,
2118 3264 2166 3327 Ο
2198 3318 2449 3375 quatuor,
2490 3316 2545 3361 et
2592 3320 2779 3362 octava
2831 3321 2954 3373 pars
2982 3307 3223 3368 unitatis,
3250 3319 3371 3373 qua
3409 3300 3613 3357 eisdem
3638 3301 3799 3371 qciu-

499 3414 605 3451 non
636 3399 834 3467 pulerit
868 3400 1242 3469 sesquitertius
1270 3403 1335 3457 ad
1366 3403 1618 3470 primum,
1644 3404 1735 3458 sed
1765 3404 1891 3470 2:6,
1919 3409 2089 3472 major
2194 3399 2449 3469 quaginta
2487 3414 2678 3453 novem
2711 3398 2947 3453 millibus
2990 3398 3339 3468 quadraginta
3392 3408 3585 3450 novem
3614 3393 3800 3449 addita

500 3488 746 3544 sidelicet
777 3490 1150 3559 sesquioctavo
1177 3494 1436 3550 secundo.
1467 3495 1602 3562 Quid
1632 3497 1677 3550 si
1717 3495 1941 3564 simplex
1975 3512 2086 3553 ses-
2193 3495 2358 3551 allicit.
2381 3497 2661 3566 sexaginta
2693 3511 2786 3549 sex
2830 3492 3020 3558 millia,
3042 3492 3464 3563 quadringentos
3487 3488 3701 3560 triginta
3742 3498 3805 3543 et

497 3584 811 3653 quiortavus
862 3585 1119 3638 medietas
1174 3596 1315 3642 esset
1376 3588 1735 3658 Sesquilettii,
1786 3589 2088 3659 geminatus
2192 3602 2459 3655 octavam,
2487 3591 2574 3660 qui
2608 3590 3160 3657 superautsexaginsa
3183 3590 3417 3656 quinque
3440 3583 3605 3638 millia
3634 3582 3796 3652 quin-

494 3680 681 3747 ntique
728 3678 976 3733 redderet
1026 3682 1310 3749 integrum.
1370 3680 1667 3752 Vigesitnus
1717 3697 1969 3738 numerus
2020 3683 2085 3737 ad
2190 3698 2381 3758 gentos
2422 3688 2632 3755 triginta
2684 3699 2806 3750 sex,
2854 3662 3174 3752 octingentis
3221 3680 3507 3748 nonaginta
3555 3684 3794 3745 quatuor

496 3769 566 3825 15
590 3775 962 3844 sesquitertius
991 3786 1095 3840 est,
1136 3776 1202 3828 ad
1249 3772 1317 3827 15
1358 3790 1483 3829 vero
1522 3777 1944 3847 sesquiquartus.
1978 3776 2085 3832 Sed
2192 3778 2480 3834 unitatihus
2530 3787 2586 3831 et
2631 3785 2821 3831 octava
2870 3782 3021 3843 parte
3060 3773 3298 3827 unitatis.
3341 3770 3396 3826 Si
3433 3767 3543 3823 215
3590 3780 3785 3824 octava

495 3865 544 3921 si
565 3868 811 3921 eumdem
834 3867 906 3924 20
930 3883 1233 3933 numerum,
1258 3868 1347 3938 qui
1371 3878 1449 3924 est
1476 3869 1539 3922 ad
1574 3870 1632 3921 lli
1654 3868 2082 3939 sesquiquartus,
2189 3869 2500 3941 requiritur,
2535 3869 2639 3923 erit
2667 3868 2759 3934 30,
2791 3875 2847 3920 et
2879 3867 3038 3919 trium
3070 3858 3332 3918 unitatnm
3361 3871 3566 3916 octava:
3598 3857 3789 3928 partis,

492 3956 815 4029 dempseris,
846 3970 1127 4014 remanent
1158 3960 1247 4025 16,
1294 3961 1359 4013 ad
1418 3960 1483 4012 15
1532 3959 1583 4014 in
1623 3960 2085 4031 sesqniquintade-
2188 3980 2309 4032 quae
2345 3962 2551 4018 eisdem
2598 3962 2778 4015 addita
2808 3960 2971 4013 ellicit
3001 3956 3124 4021 273,
3158 3973 3281 4011 cum
3326 3957 3486 4009 trium
3527 3955 3790 4007 unitatnm

492 4052 631 4105 cima
683 4053 1065 4119 proportione,
1114 4066 1231 4120 qua:
1294 4067 1399 4105 non
1443 4066 1563 4107 esse
1612 4053 1870 4106 medietas
1916 4052 2083 4106 ablati
2188 4054 2418 4109 octavis.
2453 4053 2593 4109 Sunt
2619 4068 2749 4122 ergo
2776 4051 2828 4105 iit
2868 4049 3140 4104 semitonii
3184 4036 3526 4118 proportione
3556 4043 3686 4106 276,
3715 4046 3789 4098 ad

494 4143 852 4212 aesqniquarti
882 4158 948 4197 ex
998 4143 1099 4197 hoc
1127 4143 1571 4211 deprehenditur,
1601 4149 1750 4214 quasi
1796 4146 1928 4201 duas
1956 4162 2083 4201 con-
2186 4149 2452 4203 ducentos
2500 4145 2589 4213 Μ,
2638 4161 2866 4216 quorum
2914 4139 3213 4198 dill'erentia
3266 4141 3355 4209 15,
3406 4141 3585 4193 minus
3623 4154 3787 4209 quam

494 4236 673 4288 tinuas
721 4235 1359 4304 sesquiquintasdecimas
1416 4237 1756 4294 habitudines
1796 4237 2084 4294 adinvene‘
2188 4241 2410 4295 minoris
2455 4250 2668 4306 octava,
2717 4240 2984 4293 decimam
3035 4236 3157 4304 plus
3204 4249 3333 4290 vero
3381 4248 3540 4303 quam
3586 4248 3788 4287 nonam

492 4330 587 4394 ris,
626 4336 682 4380 ut
715 4328 767 4383 in
794 4328 877 4382 liis
908 4331 1145 4383 numeris
1178 4348 1189 4381 :
1223 4327 1349 4394 909,
1378 4330 1501 4395 9οη,
1534 4331 1623 4398 60,
1660 4330 1744 4395 10,
1770 4331 1859 4398 23,
1897 4334 2085 4388 tertius
2184 4332 2451 4388 decimam
2500 4340 2705 4401 partem
2737 4330 2963 4385 obtinet.
3010 4329 3067 4385 Si
3097 4330 3240 4384 enim
3283 4327 3665 4402 octies.dccics
3713 4324 3787 4381 13

494 4419 779 4484 terminus,
808 4418 856 4473 id
888 4428 992 4486 est,
1019 4419 1301 4489 viges-imus
1327 4433 1569 4489 quartus,
1604 4439 1708 4477 non
1736 4422 1933 4494 poterit
1960 4437 2083 4479 esse
2182 4425 2356 4492 dicas,
2403 4424 2607 4482 eﬂicies
2647 4423 2775 4489 εδδ,
2826 4424 2915 4491 qui
2966 4432 3089 4478 sunt
3133 4422 3369 4476 minores
3413 4419 3523 4476 ἳιὸ
3563 4432 3787 4487 quater-

489 4522 891 4581 srsqutquartus
919 4513 984 4566 ad
1019 4513 1267 4581 primunt.
1301 4516 1431 4568 Nam
1470 4516 1513 4568 si
1545 4516 1649 4569 ι)οο
1686 4526 1928 4585 quartam
1958 4530 2079 4584 par-
2186 4521 2357 4572 nario.
2407 4520 2462 4574 in
2511 4527 2792 4589 apotomes
2822 4530 2947 4570 vero
2993 4513 3337 4585 proportione
3374 4523 3620 4568 constant
3643 4512 3780 4583 9.75,

488 4614 595 4658 tetu
628 4604 944 4673 sumpseris,
976 4621 1094 4675 QIIiB
1122 4615 1199 4662 est
1234 4605 1368 4674 225,
1397 4618 1448 4661 et
1476 4606 1716 4677 ejusdem
1746 4608 2076 4678 apposueris,
2109 4633 2155 4690 ο
2184 4627 2305 4667 cum
2340 4614 2498 4667 trium
2532 4612 2793 4666 unitatnm
2823 4609 3028 4665 octavis
3076 4606 3143 4664 ad
3180 4605 3312 4673 256,
3356 4621 3583 4677 qnerutn
3621 4604 3781 4662 dile-

486 4696 588 4751 erit
634 4712 885 4752 numerus
937 4696 1096 4762 “25,
1140 4696 1331 4767 major,
1381 4699 1605 4765 scilicet,
1656 4698 1795 4755 1024
1842 4701 2080 4757 secundo
2189 4707 2355 4762 rentia
2392 4706 2479 4775 t7,
2509 4721 2633 4762 cum
2682 4704 2841 4759 trium
2886 4701 3090 4758 octavis
3138 4700 3315 4756 minus
3350 4714 3509 4770 quam
3553 4699 3781 4754 minoris

485 4788 1093 4860 sesqniquintodecimo.
1145 4791 1294 4857 Quod
1348 4792 1392 4845 si
1445 4791 1672 4860 simplex
1710 4792 2079 4861 sesquiquinta
2181 4811 2431 4873 quartam
2462 4801 2751 4865 decimam,
2790 4799 2908 4869 plus
2955 4814 3087 4854 vero
3134 4811 3296 4868 quam
3345 4796 3588 4867 quintam
3631 4795 3750 4850 deci

484 4883 694 4955 decima
736 4884 998 4938 medietas
1046 4891 1193 4937 esset
1234 4882 1616 4953 sesquiquarti,
1656 4883 1922 4955 duplicata
1962 4885 2080 4941 sine
2180 4911 2325 4950 mam
2357 4894 2564 4949 obtinet
2596 4904 2821 4963 partem,
2846 4891 2968 4961 quia
2992 4891 3036 4949 si
3060 4899 3251 4961 quater
3275 4889 3456 4946 decies
3490 4889 3553 4943 l7
3583 4887 3771 4957 ducas,

484 4968 647 5032 dubio
674 4976 740 5031 ad
773 4978 978 5047 integra
1010 4988 1173 5033 esset.
1208 4977 1317 5032 Hoc
1348 4978 1402 5032 in
1431 4980 1680 5032 omnibus
1706 4979 1962 5048 deinceps
1988 4995 2079 5035 su-
2180 4995 2341 5041 crnnt
2367 4984 2493 5039 258.
2523 4984 2588 5039 Et
2613 4986 2655 5038 si
2688 4986 2847 5039 trium
2878 4982 3141 5038 unitatnm
3176 4989 3395 5036 octavas
3422 4980 3612 5048 ducas,
3637 4995 3773 5051 qua-

485 5068 994 5138 itcrparliculartbus
1037 5070 1237 5137 evenit,
1280 5074 1407 5125 etsi
1448 5071 1695 5125 continua
1735 5071 1911 5128 minor
1950 5087 2075 5142 pro~
2182 5087 2264 5133 ter
2290 5085 2346 5133 et
2371 5076 2552 5133 decies
2581 5073 2819 5131 cruciant
2851 5074 2885 5131 5
2911 5075 3146 5131 unitalcs
3172 5084 3229 5128 et
3264 5074 3618 5144 quadrantem
3651 5074 3776 5127 uni-

486 5164 661 5228 portio
690 5162 963 5224 dematur,
993 5166 1133 5233 quod
1165 5163 1484 5235 relinquitur
1512 5179 1614 5217 non
1654 5164 1828 5234 possit
1864 5164 2078 5219 subtra-
2179 5172 2302 5227 tatis
2331 5190 2343 5225 ι
2377 5172 2475 5226 nos
2502 5170 2610 5227 258
2639 5158 2908 5240 sejungas,
2956 5169 3083 5225 ﬁent
3130 5165 3260 5232 243,
3302 5176 3357 5222 ει
3402 5166 3634 5237 quadras
3671 5166 3776 5221 lui—

484 5266 586 5310 cta:
612 5266 864 5314 constare
905 5258 1186 5315 medietas.
1243 5258 1610 5316 Duodenarius
1648 5258 1714 5313 ad
1744 5257 1779 5312 8
1807 5262 2077 5331 sesquial-
2178 5277 2361 5328 nores,
2408 5264 2635 5331 scilicet,
2685 5260 2794 5315 256
2843 5261 3126 5317 duodecim
3161 5249 3475 5327 unitatibus,
3514 5266 3569 5313 et
3599 5256 3773 5315 tribus

488 5357 681 5412 teram,
710 5349 775 5403 ad
808 5352 842 5406 6
867 5366 996 5406 vero
1025 5350 1241 5421 duplam
1282 5352 1474 5407 retinet
1515 5352 1936 5423 proportionem.
1966 5352 2074 5410 Sed
2176 5354 2381 5427 quartis
2412 5354 2652 5424 partibus
2681 5354 2922 5409 unitatis.
2947 5352 3007 5410 Si
3036 5366 3165 5408 vero
3193 5350 3478 5424 quinquies
3505 5355 3561 5406 et
3587 5349 3770 5407 decies

485 5439 529 5491 si
560 5440 820 5496 minorem
866 5444 1197 5509 continuam,
1230 5444 1314 5500 vel
1353 5444 1761 5517 sesquialteram
1790 5445 2075 5503 subtt-axe-
2178 5448 2239 5503 ‘l't
2273 5446 2458 5512 ducas,
2503 5445 2634 5501 ﬂent
2678 5443 2807 5510 256,
2853 5453 2911 5500 at
2956 5445 3001 5500 si
3049 5443 3207 5499 trium
3247 5444 3513 5499 unitatnm
3550 5452 3771 5502 octavas

482 5534 580 5599 ris,
632 5546 903 5589 remanent
956 5534 1011 5602 8,
1065 5536 1131 5589 ad
1173 5533 1207 5589 6
1245 5538 1297 5591 in
1339 5536 1680 5608 sesquitertia
1728 5536 2067 5604 habitudine;
2177 5553 2273 5608 per
2314 5535 2381 5591 15
2428 5538 2684 5603 minores,
2714 5536 2941 5593 reddent
2990 5536 3223 5608 integras
3260 5535 3497 5607 quinque
3534 5534 3770 5593 unitatea

483 5642 605 5698 qua:
633 5629 912 5701 plusquam
943 5630 1201 5687 medietas
1242 5628 1444 5700 dempti
1485 5628 1823 5700 sesquialteri
1863 5645 1928 5687 ex
1971 5632 2073 5687 hoc
2173 5641 2227 5687 et
2252 5631 2486 5702 quinque
2527 5643 2745 5686 octavas
2791 5649 2805 5684 :
2852 5634 2949 5685 bos
2989 5631 3154 5701 junge
3178 5629 3309 5699 255,
3350 5631 3514 5688 iacies
3549 5631 3679 5698 260,
3708 5641 3770 5688 et

481 5736 605 5778 esse
624 5720 917 5794 colligitur,
945 5721 1067 5793 quia
1098 5724 1142 5778 si
1171 5724 1305 5779 duas
1331 5723 1697 5792 sesquitertias
1735 5720 2066 5791 adinvenies,
2172 5722 2412 5793 quinque
2438 5731 2674 5788 octavas,
2721 5722 2809 5791 qui
2842 5732 3099 5791 superant
3132 5720 3239 5778 256
3280 5734 3510 5792 quatuor
3542 5722 3768 5778 unitati-

479 5818 620 5874 utin
652 5816 735 5874 liis
760 5817 1000 5874 numeris
1029 5833 1046 5875 :
1078 5818 1166 5886 l8,
1190 5815 1289 5884 Et,
1320 5816 1410 5883 Ξῖ,
1444 5816 1677 5887 majores
1717 5826 1839 5873 sunt
1867 5817 1937 5874 ‘27
1967 5833 2067 5872 nu-
2174 5816 2272 5869 ltus
2300 5824 2353 5871 et
2391 5813 2628 5884 quinque
2677 5814 2904 5870 octavis.
2954 5813 3119 5885 Igitur
3165 5814 3209 5869 si
3257 5816 3495 5871 numeris
3541 5814 3766 5886 integris

476 5923 651 5978 mero,
679 5911 772 5981 qui
800 5917 886 5970 est
910 5910 978 5968 ad
1012 5908 1079 5968 l8
1106 5908 1441 5980 sesquialter.
1474 5908 1573 5967 Ubi
1599 5910 1799 5968 dictum
1827 5918 1909 5968 est
1929 5910 2066 5970 mul-
2170 5909 2287 5967 lucc
2312 5911 2492 5967 omnia
2522 5907 2703 5968 videre
2750 5907 3024 5968 desideras
3068 5920 3174 5969 tam
3216 5912 3611 5984 suprascriptos
3650 5918 3762 5968 ter-
