4098 6208
376 378 492 441 917

1704 382 1956 442 IllJSlCA
1997 382 2367 440 TllEOlllCA.

373 498 557 555 minos
581 507 743 565 quam
774 492 1119 557 dilferentias.
1152 509 1246 567 per
1264 495 1600 552 octonarium
1634 513 1877 559 numera,
1910 507 1967 553 et
1995 498 2042 557 Α
2069 494 2369 562 copuletur,
2416 503 2576 549 erunt
2616 492 2743 558 325.
2789 507 2843 549 et
2884 509 3091 559 octava,
3127 494 3215 563 qui
3264 474 3518 561 superant
3550 492 3664 547 525

374 588 510 644 nihil
539 587 825 642 molestum
868 596 920 642 te
958 590 1197 655 reperire
1236 588 1520 660 gaudebis.
1566 591 1678 646 Duc
1706 606 1834 663 ergo
1861 591 1969 647 213

370 682 566 744 octies.
613 679 743 735 tirnt
771 680 866 736 tibi
897 678 1063 748 1963;
1092 681 1264 738 octies
1297 680 1427 750 256,
1457 681 1635 751 2018;
1664 683 1839 740 octies
1863 681 1973 740 273

374 780 507 827 sunt
532 771 704 836 2m;
734 771 908 829 octies
951 782 1061 830 tres
1083 784 1287 829 octavas
1315 784 1426 831 tres
1464 775 1701 846 integras
1738 776 1972 835 onitates
2014 854 2017 855 ν

373 865 645 929 elticient;
691 880 826 932 quas
853 863 1019 935 iunge
1064 864 1227 931 2183,
1260 867 1311 924 itt
1344 868 1716 936 sesquioctava
1745 884 1806 925 se
1846 883 1972 924 con-

375 956 613 1011 lineutes
657 957 969 1012 babitudine
994 958 1061 1013 ad
1095 958 1248 1023 1914,
1291 974 1519 1029 quorum
1551 959 1855 1016 differentia
1884 969 1970 1015 est

370 1048 505 1122 215,
535 1068 656 1121 qua:
683 1068 745 1105 es
780 1052 851 1107 '50
889 1062 941 1107 et
971 1051 1130 1105 trium
1164 1053 1423 1107 unitatum
1464 1052 1667 1109 octavis
1695 1052 1967 1119 distantia,

375 1142 606 1204 scilicet,
654 1142 764 1197 245
806 1149 864 1196 et
909 1141 1037 1206 275,
1086 1143 1347 1201 unitatum
1396 1144 1620 1209 octavis,
1675 1144 1753 1199 sic
1800 1148 1968 1197 octies

373 1243 532 1288 aucta
563 1236 856 1289 concrevit.
889 1234 1071 1289 Oeties
1103 1234 1265 1289 trium
1308 1245 1513 1290 octava:
1535 1234 1570 1290 '5
1598 1237 1820 1306 integrae
1849 1236 1969 1291 uni-

369 1334 534 1381 tates.
566 1325 696 1381 Inde
727 1326 841 1381 haec
868 1324 1174 1381 diferentia
1201 1326 1311 1380 2i5
1332 1343 1540 1383 summa
1571 1338 1673 1383 est.
1708 1328 1763 1383 1n
1801 1328 1969 1384 semio

368 1418 483 1474 toni
517 1435 645 1474 vero
675 1420 897 1475 minoris
925 1420 1237 1478 hab‘tndine
1265 1431 1514 1477 constant
1541 1420 1687 1477 2048
1713 1423 1777 1477 ad
1803 1421 1967 1491 1944,

364 1528 601 1582 quorum
632 1510 930 1567 differentia
956 1525 1040 1568 est
1096 1514 1220 1578 104,
1268 1530 1331 1569 ex
1365 1514 1429 1567 l5
1464 1513 1721 1571 distantia
1768 1513 1877 1568 245
1914 1523 1969 1570 et

364 1605 728 1661 ducentorum
760 1603 831 1657 56
867 1605 1215 1675 octuplicata.
1251 1606 1467 1663 Obtinet
1516 1608 1742 1662 minoris
1788 1606 1967 1662 minus

364 1712 534 1767 quam
560 1708 807 1754 octavam
831 1698 1117 1764 decimam,
1147 1699 1264 1766 plus
1297 1716 1424 1755 vero
1450 1718 1608 1771 quam
1640 1716 1837 1758 nOuam
1867 1702 1966 1757 (le-

362 1792 585 1855 cimam,
617 1794 737 1863 quia
766 1792 937 1847 octies
962 1791 1145 1849 decies
1172 1793 1277 1849 104
1301 1805 1422 1848 sunt
1464 1794 1619 1861 1872,
1645 1795 1871 1859 scilicet,
1896 1810 1963 1851 ex

2077 592 2281 643 unitate
2305 596 2362 644 et
2390 599 2575 643 oetava
2596 596 2748 656 parte
2774 588 3015 645 unitatis.
3042 586 3193 655 Quod
3222 589 3266 640 si
3298 585 3413 642 hzcc
3440 584 3669 641 fortasse

2074 689 2261 736 octava
2309 695 2435 752 pars
2479 679 2703 737 unitatis
2749 681 2975 736 molesta
3026 678 3314 747 videbitur,
3363 681 3671 747 superiores

2073 773 2283 828 numeri
2312 787 2409 843 per
2434 771 2470 826 8
2500 773 2948 845 multiplicentur,
2977 782 3033 829 et
3079 772 3130 828 iu
3179 774 3541 841 integereris
3574 786 3672 827 ns-

2074 865 2237 919 u=eris
2282 865 2467 920 decem
2505 865 2848 939 habitudines
2892 864 3251 935 reperiuntur.
3301 864 3671 935 Multiplicatis

2071 974 2201 1027 ergo
2244 957 2353 1014 256
2400 975 2497 1027 per
2529 972 2798 1024 octavum,
2832 969 2957 1014 sunt
2984 958 3161 1026 2M8;
3189 957 3296 1012 272
3331 974 3457 1012 vero
3498 960 3669 1011 octies

2071 1049 2239 1116 ducti,
2260 1049 2402 1106 217G
2430 1052 2723 1122 complent.
2752 1052 3011 1108 Similiter
3031 1052 3135 1106 289
3157 1053 3325 1106 octies
3349 1049 3495 1109 facti.
3525 1045 3667 1102 2512

2072 1145 2334 1208 reddunt;
2376 1155 2430 1199 et
2474 1156 2597 1199 sunt
2631 1145 2823 1200 iterum
2868 1146 2988 1200 duae
3032 1148 3380 1213 sesquisoxtnt
3424 1144 3670 1204 det-inim.

2071 1236 2234 1303 2048,
2280 1236 2443 1301 2176,
2487 1236 2652 1306 2312,
2687 1254 2808 1309 quze
2835 1248 3089 1294 constant
3119 1242 3552 1304 sesquioctavum
3578 1252 3683 1289 sur

2073 1340 2283 1395 perure,
2336 1328 2459 1397 quia
2510 1329 2556 1383 si
2601 1328 2812 1383 duobus
2861 1330 3096 1383 millibus
3144 1329 3491 1399 quadraginta
3545 1336 3677 1382 octo

2074 1434 2196 1486 pars
2221 1419 2536 1476 eorumdem
2569 1430 2778 1481 octava,
2806 1419 2857 1475 id
2890 1429 2990 1489 est,
3021 1417 3148 1486 246,
3174 1420 3511 1487 copulentur,
3539 1419 3673 1473 lieni.

2070 1511 2232 1573 2305.
2268 1513 2358 1582 qui
2406 1523 2551 1568 certe
2580 1522 2902 1583 superantur
2946 1528 2976 1568 a
3021 1512 3165 1567 23l2
3201 1522 3324 1567 octo
3352 1513 3664 1569 unitatibns.

2072 1602 2277 1661 ltursus
2300 1603 2407 1661 289
2436 1619 2530 1675 per
2559 1616 2808 1661 octavum
2831 1604 2998 1673 ducti,
3029 1604 3226 1660 faciunt
3246 1602 3403 1659 2562.
3435 1603 3669 1659 'l‘recen-

2072 1700 2109 1756 ti
2132 1713 2223 1757 ses
2255 1713 2465 1769 quoque
2493 1699 2664 1755 octies
2691 1699 3017 1769 auginentati
3043 1698 3242 1754 l‘aciunt
3273 1695 3431 1752 26l8.
3465 1697 3664 1751 Eodem

2070 1788 2231 1844 tnodo
2255 1787 2361 1844 524
2382 1789 2693 1860 octuplicati
2714 1789 2857 1846 2522
2876 1791 3173 1859 complent,
3204 1799 3257 1845 et
3286 1799 3447 1844 erunt
3474 1790 3667 1844 iterum

361 1881 478 1938 954
504 1886 839 1952 octoplicatis
868 1886 1013 1952 facti,
1044 1897 1099 1942 et
1127 1897 1251 1941 sunt
1298 1890 1532 1941 minores
1578 1886 1718 1942 1944
1746 1897 1963 1955 septua-

2067 1882 2189 1935 dnat
2221 1882 2647 1952 sesquiseptima:
2669 1881 2920 1945 decimae,
2940 1881 3103 1945 23i2,
3137 1880 3300 1943 2418,
3332 1880 3495 1935 2'f92.
3537 1881 3671 1948 Quae

368 1979 519 2045 ginta
547 1975 758 2032 duabus
789 1977 1107 2043 unitatibus,
1134 1994 1254 2047 qua:
1284 1994 1349 2034 ex
1378 1981 1692 2045 novenario,
1724 1996 1834 2051 quo
1856 1980 1965 2037 245

368 2067 477 2122 234
510 2069 859 2136 superabant,
901 2070 934 2125 8
982 2074 1161 2140 aucto,
1189 2082 1497 2127 creverunt.
1526 2072 1583 2129 Si
1616 2088 1745 2128 vero
1774 2076 1965 2130 novies

369 2161 550 2215 decies
578 2160 677 2217 104
705 2178 925 2234 augeas,
970 2163 1192 2219 habebis
1224 2164 1383 2230 1976,
1425 2166 1651 2232 scilicet,
1682 2183 1748 2222 es
1776 2166 1884 2221 218
1911 2168 1963 2225 in

369 2264 496 2310 octo
519 2256 717 2327 dnctis,
742 2258 835 2328 qui
878 2268 1002 2313 sunt
1048 2258 1307 2329 maiores,
1341 2258 1481 2316 1944
1512 2259 1596 2315 bis
1632 2261 1703 2316 32
1741 2263 1965 2318 un'tati-

372 2350 496 2417 bus,
514 2364 633 2418 qua
651 2364 717 2406 ex
738 2354 793 2416 s,
818 2366 926 2420 quo
950 2350 1168 2407 ducenti
1197 2350 1270 2404 45
1313 2353 1448 2408 actis
1472 2350 1563 2418 47,
1587 2353 1962 2423 vincebantur,

368 2444 540 2497 octies
568 2451 751 2505 aucto.
776 2450 1084 2499 creverunt.
1117 2441 1187 2498 At
1217 2442 1270 2496 in
1298 2452 1577 2514 apotomes
1607 2446 1964 2513 proportione

371 2532 676 2589 consistunt
699 2530 864 2598 2187,
892 2550 1120 2605 quorum
1166 2533 1465 2590 dim-rentia
1505 2544 1589 2589 cst
1619 2533 1743 2604 159,
1774 2552 1839 2591 ex
1876 2537 1963 2603 17,

370 2635 427 2681 et
457 2625 619 2680 trium
648 2625 917 2680 unitatom
941 2626 1185 2692 octavis;
1214 2626 1291 2679 sic
1314 2637 1470 2680 aucta
1504 2642 1519 2681 :
1550 2626 1718 2681 octies
1749 2628 1811 2681 17
1838 2636 1964 2683 sunt

373 2714 498 2779 156.
530 2717 712 2773 Octies
736 2724 945 2774 octava:
972 2718 1132 2771 trium
1167 2718 1387 2777 integra:
1417 2730 1526 2773 tres
1554 2720 1807 2782 unitates,
1832 2716 1963 2790 i-m-

368 2821 581 2879 otioque
614 2809 734 2874 136,
763 2808 996 2865 reddunt
1031 2808 1149 2866 139.
1192 2810 1412 2865 Obtinct
1460 2812 1635 2864 minus
1662 2826 1822 2881 quam
1864 2811 1964 2865 Ini-

371 2902 517 2955 noris
555 2915 800 2972 quartam
853 2902 1139 2965 decimam,
1184 2902 1301 2972 plus
1340 2918 1469 2958 vero
1512 2918 1672 2975 quam
1722 2904 1960 2974 quintam

374 2990 652 3063 decimam,
680 2995 797 3062 quia
844 3006 1097 3066 sequatur
1140 2996 1321 3052 decies
1369 2994 1472 3051 159
1515 2995 1699 3061 ducas,
1743 2996 1963 3051 habebis

374 3088 530 3156 1966,
560 3104 623 3141 es
646 3087 772 3153 245,
799 3097 853 3143 et
880 3090 1229 3158 quadrantem
1256 3088 1494 3153 unitatis,
1518 3088 1563 3143 si
1586 3097 1771 3143 auctos
1793 3104 1845 3140 ot
1862 3092 1961 3143 ties

364 3179 494 3247 245,
546 3181 700 3237 1944.
750 3184 1029 3249 Quadratus
1074 3199 1285 3253 quoque
1334 3183 1503 3238 octies
1553 3192 1775 3246 auctus.
1828 3185 1958 3238 duas

364 3271 600 3341 integras
628 3274 857 3329 unitates
883 3274 1048 3342 iunge
1090 3273 1249 3341 1944,
1275 3282 1433 3331 erunt
1475 3274 1566 3329 tibi
1601 3273 1758 3341 1946,
1799 3284 1852 3330 et
1879 3277 1959 3329 iu-

364 3373 491 3419 suut
518 3366 753 3421 minores
773 3365 917 3442 2049
956 3367 1059 3422 102
1086 3368 1399 3432 unitatibns,
1432 3382 1550 3438 qua:
1579 3383 1643 3423 es
1694 3367 1756 3422 12
1788 3380 1839 3423 et
1868 3369 1959 3423 111-

366 3456 466 3510 bus
495 3459 700 3527 quartis
742 3458 1005 3513 unitatum
1057 3459 1316 3530 partibus,
1348 3459 1438 3525 qui
1485 3458 1612 3522 260,
1661 3475 1781 3514 cum
1830 3477 1959 3529 qua-

362 3549 557 3605 draute
586 3564 637 3604 et
669 3550 799 3616 256,
822 3551 1117 3616 distabant,
1148 3552 1225 3606 sic
1256 3562 1537 3606 venerunt.
1573 3555 1753 3607 Uctits
1795 3554 1861 3607 l2
1888 3552 1959 3607 96

366 3650 524 3707 sunt;
551 3644 719 3697 octies
743 3644 780 3703 3
809 3652 1013 3713 quarta:
1044 3646 1267 3715 integrm
1295 3643 1363 3710 6;
1395 3645 1575 3713 iunge,
1606 3654 1659 3698 et
1682 3654 1803 3699 tene
1834 3646 1956 3701 102.

363 3735 517 3800 Quod
548 3736 591 3789 si
624 3737 911 3805 quinquies
939 3746 994 3790 et
1022 3734 1202 3790 decies
1245 3735 1347 3791 159
1384 3733 1573 3800 facias,
1604 3746 1762 3790 erunt
1787 3736 1957 3806 2085,

361 3841 429 3879 ex
476 3823 585 3881 260
628 3836 680 3879 et
727 3828 963 3895 quinque
1010 3828 1212 3883 octavis
1249 3827 1588 3897 octuplicntis
1617 3828 1693 3881 sic
1736 3830 1959 3883 :Octies

359 3918 493 3985 260,
518 3918 691 3983 2080;
723 3923 895 3975 octies
921 3921 958 3978 5
983 3928 1188 3976 octava:
1233 3920 1459 3975 unitatis
1506 3930 1683 3986 partes
1728 3922 1961 3993 integras

363 4011 597 4083 quinque
627 4012 899 4079 eftit-iuut;
930 4015 1091 4086 iunge
1122 4013 1513 4083 superioribus,
1546 4024 1599 4069 et
1631 4016 1765 4070 habe
1793 4016 1957 4084 2303,

362 4104 455 4174 qui
508 4115 631 4158 sunt
685 4105 915 4174 majores
962 4104 1106 4163 2018
1152 4106 1233 4160 his
1282 4106 1348 4162 37
1392 4107 1733 4174 monadibus,
1763 4109 1853 4177 qui
1893 4124 1959 4164 es

364 4197 704 4265 quaternarii)
750 4205 803 4251 et
853 4196 1090 4264 quinque
1135 4197 1338 4252 octavis
1381 4196 1490 4251 230
1535 4197 1837 4262 vincebant,
1882 4200 1960 4254 sic

368 4287 723 4355 pullulabuut.
754 4288 935 4344 Octit-s
966 4290 1017 4352 1,
1049 4288 1151 4355 52;
1184 4290 1351 4346 octies
1381 4290 1414 4345 5
1442 4299 1646 4345 oetavze
1677 4292 1896 4360 integra:
1924 4294 1961 4348 5

364 4394 521 4449 sunt;
554 4385 715 4454 iunge
744 4395 799 4439 et
826 4382 963 4437 habe
989 4384 1079 4439 37.
1114 4386 1169 4440 Si
1197 4386 1319 4454 quis
1362 4386 1415 4440 in
1459 4384 1684 4455 integris
1723 4386 1961 4440 numeris

368 4474 710 4531 habitudines
757 4475 1037 4545 pervidere
1080 4475 1342 4541 voluerit,
1382 4485 1594 4544 Oportet
1635 4487 1690 4529 ut
1737 4475 1836 4529 hac
1875 4491 1959 4530 ra-

368 4570 514 4625 tione
539 4569 865 4625 consideret.
897 4570 955 4625 Si
991 4570 1056 4623 16
1086 4569 1139 4623 in
1185 4584 1244 4623 se
1283 4569 1426 4635 ipsos
1459 4569 1797 4637 tnultiplicet,
1834 4568 1960 4623 fient
1987 4593 2039 4653 Ι)

364 4656 495 4713 256.
522 4659 577 4714 Si
609 4674 737 4714 vero
769 4674 863 4727 per
887 4660 917 4711 7
950 4670 1004 4713 et
1032 4660 1085 4721 9,
1120 4660 1248 4713 lient
1292 4658 1420 4713 272.
1470 4659 1622 4728 Quod
1671 4662 1712 4714 si
1761 4660 1791 4713 7
1834 4672 1888 4716 et
1928 4661 1962 4715 9

367 4765 462 4820 per
489 4766 550 4805 se
581 4752 727 4821 ipsos
748 4751 930 4816 ducat,
966 4752 1092 4805 fient
1120 4750 1256 4820 289.
1284 4750 1455 4805 Erunt
1500 4751 1662 4821 igitur
1698 4754 1817 4807 dure
1848 4767 1961 4808 ses-

366 4844 629 4911 quisertae
658 4844 884 4900 derimm
930 4846 1306 4916 proportiones
1334 4845 1461 4910 2556,
1500 4845 1630 4910 272,
1661 4846 1789 4913 289,
1830 4863 1964 4917 quas

372 4937 511 4992 baud
542 4936 705 4992 dubio
730 4950 938 4994 constat
974 4939 1407 5008 sesquinctavum
1448 4941 1726 5005 excedere,
1757 4943 1878 5011 quis
1917 4943 1962 4997 si

369 5031 479 5086 200
501 5044 565 5086 ex
595 5031 666 5087 56
695 5043 883 5087 octava
914 5036 1269 5103 perquiratur,
1302 5049 1423 5103 quae
1446 5031 1515 5086 32
1542 5034 1833 5089 unitatibus
1856 5036 1966 5090 cnl-

369 5124 571 5194 ligitur.
596 5112 913 5196 eisdemque
936 5140 1162 5195 quorum
1213 5131 1377 5180 etiam
1420 5138 1604 5181 oetava
1644 5138 1961 5196 apponatur,

372 5214 503 5272 fient
547 5215 679 5281 288,
718 5217 810 5286 qui
841 5218 1095 5272 nimirum
1150 5231 1179 5269 a
1223 5215 1329 5271 289
1379 5217 1581 5270 unitate
1622 5229 1964 5287 snperantur.

373 5308 582 5365 Rursus
608 5310 676 5365 10
703 5310 820 5364 et?
852 5309 904 5364 in
937 5324 997 5364 se
1026 5308 1172 5378 ipsos
1208 5309 1552 5381 multiplicet,
1594 5310 1724 5364 fient
1749 5308 1874 5367 289.
1908 5311 1965 5365 Si

368 5416 500 5457 vero
526 5401 747 5457 eosdem
792 5401 826 5457 7
870 5412 927 5458 et
971 5402 1038 5459 10
1065 5417 1160 5473 per
1205 5402 1271 5458 10
1308 5413 1361 5459 et
1396 5400 1430 5456 8
1459 5404 1640 5472 ducat,
1681 5403 1809 5459 (ient
1836 5405 1961 5460 506.

371 5492 525 5561 Quod
555 5493 601 5551 si
632 5492 699 5549 10
725 5503 779 5551 ct
809 5495 842 5550 8
882 5510 977 5565 per
1001 5510 1063 5550 se
1108 5494 1253 5565 ipsos
1291 5494 1635 5567 colligantur,
1669 5496 1799 5551 iiuut
1834 5493 1963 5564 524,

368 5601 490 5659 qua:
528 5587 782 5643 nimirum
830 5586 951 5643 dote
991 5589 1423 5659 sesquiseptima:
1469 5589 1711 5655 decimae,
1761 5588 1814 5644 id
1858 5599 1963 5655 est,

365 5680 497 5744 289.
526 5679 655 5747 506,
682 5680 811 5751 521,
844 5682 1270 5753 sesquioctavutn
1313 5698 1419 5736 non
1471 5682 1717 5751 implent,
1746 5682 1870 5753 quia
1916 5684 1961 5739 si

369 5770 475 5826 289
501 5779 691 5835 octava
723 5774 1084 5843 perquiratur,
1115 5788 1235 5844 qua:
1266 5771 1337 5829 36
1366 5774 1658 5828 unitatibus
1696 5783 1750 5830 et
1777 5784 1963 5830 octava

372 5873 520 5931 parte
547 5862 767 5924 unitatis
794 5863 1046 5931 efﬁcitur,
1075 5878 1138 5923 ac
1167 5865 1370 5923 eisdem
1403 5882 1626 5937 quorum
1654 5878 1737 5927 est
1771 5879 1961 5927 octava

2066 1972 2123 2030 in
2152 1974 2254 2029 hoc
2279 1973 2629 2041 pervidentur
2656 1974 3093 2044 sesquioctavum
3122 1988 3229 2028 non
3261 1973 3511 2043 implere,
3543 1974 3669 2040 quia

2066 2064 2113 2119 si
2140 2062 2283 2121 2512
2309 2072 2498 2119 octava
2525 2065 2789 2135 ipsorum,
2820 2065 2871 2119 id
2898 2078 3002 2129 est,
3028 2064 3156 2129 289,
3187 2073 3509 2134 apponatur,
3536 2064 3665 2117 tieut

2065 2152 2233 2223 2601,
2256 2156 2346 2226 qui
2389 2170 2489 2226 pro
2530 2168 2683 2211 certo
2728 2164 2987 2227 superant
3012 2155 3157 2211 2592
3185 2165 3309 2209 octo
3337 2155 3626 2208 unitatibus
3648 2171 3673 2217 ;

2067 2242 2122 2297 in
2152 2243 2422 2314 prioribus
2449 2258 2579 2314 ergo
2610 2248 2850 2299 numeris
2896 2243 3075 2299 unitas
3119 2240 3477 2298 diil‘erentiam
3526 2242 3666 2298 inter

2066 2338 2521 2410 sesquioctavnm,
2551 2348 2606 2395 et
2634 2340 2998 2411 sesquiseatas
3046 2338 3283 2394 decimas
3327 2335 3668 2391 habitudines

2066 2428 2213 2495 fecit,
2241 2445 2364 2500 qua
2386 2431 2582 2487 eodem
2614 2447 2844 2487 numero
2867 2446 2979 2503 quo
3005 2440 3061 2487 et
3102 2431 3230 2499 ipsa:
3258 2444 3506 2491 summae,
3533 2442 3666 2497 qua-

2066 2535 2185 2575 rnm
2208 2522 2506 2578 ditl‘erentia
2558 2520 2655 2578 fuit
2684 2532 3029 2595 augmentata
3062 2522 3113 2577 in
3146 2521 3538 2593 posterioribus
3565 2534 3661 2573 nu-

2066 2613 2252 2679 meris,
2278 2623 2403 2670 octo
2424 2615 2687 2670 unitatum
2716 2615 3384 2686 pluralitatem-succrevit.
3402 2612 3662 2670 Similiter

2065 2705 2209 2761 inter
2242 2707 2672 2779 sesquioctavum
2702 2716 2760 2764 et
2799 2710 3241 2780 sesquiseptimas
3266 2708 3505 2765 decimas
3533 2721 3657 2775 pro-

2066 2798 2362 2866 portiones,
2398 2802 2574 2856 unitas
2622 2810 2679 2857 et
2719 2811 2906 2857 octava
2938 2817 3063 2871 pars
3092 2801 3313 2856 unitatis
3350 2799 3657 2855 distantiam

2063 2888 2211 2945 fecit.
2247 2890 2429 2947 Unitas
2451 2909 2579 2965 ergo
2604 2910 2701 2963 per
2735 2896 3068 2950 octonarium
3100 2894 3237 2947 sicut
3276 2901 3330 2947 et
3361 2890 3469 2947 illa:
3503 2906 3655 2946 sum-

2064 2998 2189 3051 mm,
2217 2999 2445 3055 quarum
2475 2985 2775 3043 dilferentia
2809 2988 2906 3044 fuit
2933 2980 3281 3059 multiplicata
3313 2985 3364 3039 in
3395 2985 3662 3055 posterio-

2062 3076 2233 3147 ribus,
2274 3078 2343 3134 ad
2382 3089 2506 3135 octo
2547 3081 2779 3139 unitates
2816 3080 3074 3138 excrevit.
3116 3080 3314 3136 Octava
3360 3094 3488 3134 vero
3531 3093 3663 3147 pars

2067 3172 2290 3228 unitatis
2335 3174 2526 3231 eodem
2566 3174 2850 3231 octonario
2890 3176 3072 3243 ducta,
3100 3175 3151 3229 in
3182 3174 3443 3243 integram
3484 3175 3659 3228 unita-

2065 3273 2171 3318 tem
2204 3264 2452 3333 profecit.
2486 3268 2551 3321 Et
2581 3267 2703 3323 ideo
2733 3268 2787 3322 in
2816 3267 3205 3339 posterioribus
3234 3264 3480 3321 terminis
3515 3266 3656 3321 intra

2062 3358 2489 3428 sesquiottavam
2534 3369 2587 3415 et
2631 3364 2994 3431 scsqnisextas
3035 3361 3272 3415 decimas
3324 3362 3658 3425 octonarius,

2062 3449 2202 3503 inter
2225 3453 2669 3519 sesquiseptimas
2700 3467 2833 3509 vero
2860 3462 2915 3507 et
2955 3452 3389 3523 scsquioctawuu
3420 3466 3657 3505 novena-

2063 3541 2175 3595 rius
2200 3540 2503 3597 din‘erentia
2542 3552 2644 3599 cst.
2697 3543 3058 3600 Ducentorum
3106 3544 3380 3613 sexaginta
3424 3544 3653 3598 duorum

2063 3632 2285 3689 millium
2318 3634 2419 3689 144
2448 3636 2602 3692 tertia
2632 3649 2760 3707 pars
2787 3648 2869 3692 est
2910 3637 2999 3705 80,
3044 3636 3210 3705 7381,
3236 3646 3291 3691 et
3331 3638 3485 3689 tertia
3533 3651 3663 3702 pars

2062 3729 2303 3784 unitatis.
2335 3727 2392 3782 Si
2439 3743 2638 3785 nonam
2682 3738 2886 3800 partem
2919 3739 3040 3785 nete
3076 3728 3526 3799 diazeugmenon,
3571 3727 3657 3781 vel

2063 3835 2256 3875 nonam
2303 3828 2508 3891 partem
2552 3835 2852 3893 paramese,
2884 3824 2963 3879 vel
3010 3837 3207 3878 nonam
3238 3821 3515 3889 utriusque
3551 3817 3649 3890 hy-

2063 3921 2185 3982 pate
2208 3914 2506 3981 sumpseris
2529 3915 2882 3969 rectissimam
2913 3916 3191 3983 utriusque
3213 3920 3467 3984 paranete
3489 3912 3654 3967 chro-

2062 4004 2275 4071 matice,
2308 4006 2391 4060 vel
2423 4007 2700 4077 utriusque
2721 4005 2967 4064 lichanos
2984 4007 3316 4064 chromatico
3343 4021 3595 4061 mensura
3620 4023 3654 4058 u

2064 4098 2115 4149 iu
2148 4096 2519 4152 mouochordo
2568 4098 2770 4153 habere
2819 4100 3045 4168 poteris,
3075 4098 3168 4154 ubi
3212 4112 3426 4169 quoque
3465 4109 3656 4165 apolo-

2065 4201 2181 4241 tnos
2237 4197 2547 4245 mensuram
2604 4188 2911 4244 nullatenus
2964 4187 3204 4258 eﬂ'ugiet.
3262 4188 3318 4245 Si
3376 4186 3658 4243 eomtnatis

2063 4296 2275 4352 quoque
2301 4297 2609 4337 mensuram
2643 4282 2977 4337 verissimam
3025 4283 3225 4337 habere
3265 4280 3543 4353 quaesieris
3574 4282 3660 4334 iu-

2065 4382 2146 4429 ter
2189 4374 2437 4429 lichanon
2483 4373 2720 4445 hypaton
2767 4375 3150 4431 chromaticam
3198 4373 3573 4447 hypolnmodi,
3604 4378 3664 4428 tt

2068 4467 2536 4537 parbipalemesou
2562 4466 2946 4524 cbromaticatn
2979 4469 3316 4540 ltypodorutn
3348 4470 3534 4538 procul
3558 4468 3658 4522 du-

2067 4558 2157 4613 bio
2188 4560 2445 4627 reperies.
2478 4560 2619 4616 Inter
2647 4559 2751 4617 134
2797 4570 2849 4616 et
2893 4560 2998 4617 217
3043 4564 3409 4634 sesquioctava
3449 4562 3661 4617 dec‘nta

2072 4654 2347 4722 proportio
2367 4664 2471 4715 est.
2502 4655 2624 4723 quia
2652 4654 2951 4711 dill‘erentia
2982 4671 3191 4725 eorum,
3216 4671 3337 4726 quae
3364 4668 3449 4713 est
3479 4655 3568 4721 15,
3601 4656 3659 4711 in

2069 4744 2259 4799 minori
2285 4756 2370 4801 est
2395 4746 2569 4802 octies
2597 4756 2651 4803 et
2692 4748 2895 4812 decies,
2923 4754 2980 4801 et
3021 4748 3075 4801 in
3116 4747 3344 4816 maiore,
3391 4745 3577 4801 novies
3605 4753 3663 4801 et

2068 4841 2267 4896 decies.
2308 4842 2514 4907 Quibus
2556 4844 2600 4899 si
2634 4844 2909 4900 addideris
2935 4844 3276 4900 medietatem
3317 4841 3659 4903 differentiae.

2068 4951 2187 5004 que
2235 4945 2315 4989 est
2357 4934 2445 5004 15,
2489 4936 2541 4991 id
2584 4948 2668 4993 est
2703 4938 2739 4994 6
2775 4947 2829 4993 et
2857 4936 3091 4992 medium
3122 4934 3362 5015 unitatis,
3394 4935 3525 4991 fiunt
3562 4949 3664 4987 nn-

2070 5032 2201 5083 mt-ri
2230 5028 2336 5085 210
2365 5031 2551 5097 semis,
2581 5042 2634 5086 et
2653 5029 2763 5088 253
2788 5031 2975 5087 semis.
3000 5030 3140 5085 Inter
3161 5042 3298 5099 quos
3324 5038 3407 5083 est
3440 5041 3660 5098 propor-

2070 5122 2145 5176 tio
2173 5122 2544 5191 st-squioctava
2575 5122 2783 5178 decima
2828 5124 3012 5179 semis.
3062 5122 3156 5177 llis
3183 5120 3321 5176 adde
3348 5120 3457 5175 duo
3482 5130 3537 5174 et
3577 5134 3665 5173 se-

2071 5212 2196 5275 mis.
2227 5211 2431 5269 efﬁcies
2454 5213 2581 5279 243,
2602 5223 2659 5270 et
2685 5214 2812 5282 256,
2835 5216 2924 5286 qui
2955 5213 3229 5271 semitonii
3272 5213 3506 5269 retinent
3533 5228 3662 5281 prn-

2072 5306 2395 5377 portionem,
2430 5309 2462 5362 9
2490 5308 2716 5373 scilicet,
2747 5306 3040 5363 unitatibus
3083 5307 3341 5377 maiores,
3388 5319 3548 5376 quam
3582 5305 3660 5360 illi

2071 5400 2160 5469 qui
2179 5399 2480 5456 retinebant
2493 5400 2922 5471 sesquioctavam
2939 5399 3206 5457 decimam
3228 5398 3659 5470 proportionem.

2069 5495 2135 5551 Et
2166 5496 2287 5550 ideo
2310 5494 2533 5551 minoris
2556 5493 2918 5565 proportionis
2939 5502 3247 5567 suntquam
3274 5492 3658 5565 sesquioctava

2070 5589 2298 5653 decima.
2332 5589 2412 5643 vel
2441 5591 2809 5658 sesquioetava
2842 5589 3049 5644 decima
3083 5589 3268 5645 semis.
3308 5588 3401 5644 llis
3434 5586 3480 5641 si
3508 5585 3660 5641 addi-

2069 5683 2213 5739 deris
2247 5681 2305 5749 4,
2360 5683 2488 5737 ent
2532 5682 2660 5750 247,
2692 5690 2748 5737 et
2789 5683 2915 5746 260,
2970 5682 3108 5737 inter
3154 5696 3290 5753 quos
3333 5681 3656 5748 sesqttinona

2069 5774 2276 5830 decima
2325 5775 2625 5845 preportio,
2677 5787 2780 5845 qua
2812 5774 3001 5830 musici
3044 5773 3318 5829 semitonii
3376 5770 3658 5841 proportio

2070 5868 2240 5941 maior
2267 5865 2712 5926 est.Di11’erentia
2758 5885 2859 5943 qua
2916 5869 3260 5927 scmitonium
3314 5867 3488 5923 uinus
3535 5862 3656 5918 tria.
