4098 6208
570 355 676 411 M9

1035 353 1236 411 BEDA‘I
1274 352 1731 411 VENERABILIS
1770 345 1921 410 OPP.
1967 352 2133 408 PARS

2264 353 2463 412 5801⁵.-
2505 355 2567 411 ll.
2607 387 2675 399 -
2720 358 2921 415 DUB‘lA
2966 353 3053 414 ΒΤ
3094 357 3367 416 ΞΡΠΒῘΔ.

3730 360 3830 417 920

565 479 775 526 comata
816 437 1071 540 superat,
1121 479 1204 524 est
1249 467 1413 537 5l65,
1459 486 1562 541 qua
1594 484 1726 524 vero
1769 468 1805 524 ι
1852 469 2153 525 comatibns
2180 471 2229 532 Α
2260 468 2312 524 in
2358 471 2547 527 ordine
2595 473 3017 545 distinguuntur.
3066 476 3236 533 Acute
3280 476 3368 532 hic
3418 476 3824 547 inspiciendum,

562 570 879 628 superatur,
931 571 1015 616 est
1068 561 1227 618 l988.
1273 562 1405 629 Qttre
1453 562 1611 617 simul
1661 561 1863 633 juncta
1908 563 2151 619 ellicinnt

562 650 723 715 7156,
757 653 807 707 id
838 661 945 717 est,
992 655 1220 710 comatis
1249 658 1613 725 proportione.
1661 655 1858 709 Eadem
1888 655 2145 711 dill'eren-

563 743 633 799 tia
680 754 933 815 apotome
959 757 1176 813 superat
1206 747 1240 802 4
1291 757 1523 813 comata,
1572 762 1676 817 qua
1707 738 1885 804 minus
1916 750 2140 804 sentitu-

564 836 708 891 nium
739 838 858 901 tria,
882 847 938 893 ει
965 839 1154 894 eadem
1180 850 1465 908 superatur
1489 858 1514 891 τι
1540 841 1779 917 quinque
1809 842 2135 907 comatihns,

559 943 662 998 qua
679 929 1022 984 scmitonium
1043 931 1219 985 minus
1241 948 1270 986 a
1287 936 1529 1002 quatuor.
1562 932 1871 987 DilTerentia
1889 950 1991 1003 qua
2024 934 2136 989 toni

561 1020 836 1090 preportio
865 1031 1218 1090 superatocto
1233 1032 1464 1088 comata,
1484 1033 1567 1078 est
1588 1024 1863 1093 1925,qna
1891 1039 2018 1079 vero
2046 1039 2136 1079 sn-

557 1124 773 1181 peratur
792 1129 820 1168 a
847 1129 1036 1169 novem
1058 1125 1143 1171 est
1168 1114 1332 1182 5528,
1357 1132 1475 1184 qua:
1493 1115 1689 1189 juncta:
1713 1117 1943 1172 reddunt
1960 1132 2139 1182 coma,

556 1205 608 1260 id
637 1214 740 1271 est,
772 1206 934 1262 τισί.
960 1205 1198 1270 Scilicet,
1233 1218 1289 1262 ut
1316 1223 1345 1261 a
1379 1221 1531 1261 sexto
1558 1209 1778 1279 octuplo
1817 1208 2140 1279 incipiantur

2255 565 2396 632 quod
2427 580 2609 622 mesen
2655 582 2761 622 non
2790 568 2909 623 ideo
2953 566 3406 624 dicitconsonare
3433 568 3499 623 ad
3548 579 3703 627 neten
3747 571 3829 626 die

2254 671 2609 727 zengmenon,
2653 661 2793 728 quod
2847 662 2913 714 ad
2964 660 3109 715 illam
3142 669 3290 715 tenet
3338 661 3668 717 intervallum
3716 662 3827 717 dia-

2254 757 2414 817 pente
2440 753 2796 821 symphoniae,
2824 754 2918 807 sed
2946 755 3069 823 quia
3099 769 3195 823 per
3223 754 3476 824 diapason
3522 769 3828 812 consonan-

2253 840 2380 895 tiam
2436 841 2844 914 bypatemeson,
2882 845 3021 900 idem
3055 852 3208 900 sonat
3236 846 3377 916 quod
3406 860 3528 902 nete
3555 848 3644 902 die
3675 865 3829 917 zeug-

2251 948 2471 988 menon.
2503 939 2647 991 niese
2670 951 2884 1005 quoque
2913 951 3008 1008 per
3036 939 3293 1007 diapason
3329 937 3468 994 idem
3498 950 3655 994 sonat
3692 942 3827 1008 quod

2251 1038 2378 1084 nete
2409 1029 2798 1101 hyperboleon.
2831 1029 2965 1087 Nete
2999 1031 3365 1102 ltyperholeon
3413 1041 3594 1087 autem
3624 1043 3831 1088 resonat

2248 1120 2315 1175 ad
2366 1129 2489 1175 nete
2517 1120 2608 1176 die
2655 1135 2989 1189 zeugmenon
3036 1123 3374 1177 diatessaron
3434 1122 3827 1193 symphoniam.

2250 1210 2397 1267 Mese
2424 1227 2662 1282 quoque,
2694 1212 2836 1281 quod
2888 1228 2983 1282 per
3032 1214 3289 1282 diapason
3323 1213 3463 1268 idem
3493 1222 3653 1269 sonat
3694 1216 3829 1281 quod

556 1297 750 1369 inquiri
781 1301 1169 1373 sesquioctavu:
1217 1300 1514 1373 pertiones.
1548 1300 1603 1357 Si
1632 1300 1667 1353 ἡ
1717 1301 1949 1356 litteram
1983 1302 2141 1357 trite-
2250 1312 2425 1370 neque
2456 1304 2843 1376 hyperboleon,
2878 1304 2945 1359 ad
2974 1315 3099 1360 nete
3129 1305 3217 1359 die
3264 1320 3601 1385 zengmenon
3630 1304 3827 1361 diates-

555 1390 872 1447 sinemenun
904 1394 1286 1461 assumpseris,
1312 1394 1420 1448 erit
1450 1408 1510 1448 ea
1542 1394 1752 1459 Species
1778 1410 1938 1461 quam
1984 1394 2139 1460 dicit,
2247 1409 2407 1451 sarnn
2438 1407 2732 1463 consonat;
2767 1397 2907 1452 idem
2939 1396 3452 1467 argumentandum.
3482 1398 3571 1450 ubi
3603 1396 3729 1452 dicit
3767 1398 3830 1451 ad

553 1483 781 1547 scilicet.
828 1485 1118 1540 mobilibus
1148 1487 1457 1553 terminata,
1511 1501 1633 1540 cum
1695 1486 1834 1540 inter
1865 1486 2145 1558 parhipate
2246 1489 2553 1556 graviorem
2587 1497 2792 1558 partem
2821 1502 3138 1557 paramesen
3188 1503 3493 1544 consonare
3519 1488 3588 1541 ad
3616 1487 3830 1559 hypate-

559 1592 742 1632 meson
771 1587 826 1632 et
857 1591 1138 1648 paramese
1170 1579 1450 1647 plusquam
1482 1578 1826 1633 diatessaron
1857 1579 1949 1647 sit,
1973 1589 2028 1635 ει
2050 1595 2143 1650 pa-
2222 1595 2455 1636 meson.
2490 1579 2606 1636 Non
2656 1580 2799 1634 enim
2834 1590 3055 1650 propter
3097 1580 3350 1648 diapente
3380 1578 3483 1633 hoc
3532 1579 3683 1642 dicit,
3735 1580 3825 1634 sed

554 1679 765 1720 ramese
812 1666 1034 1721 minime
1086 1667 1300 1721 mobilis
1340 1666 1436 1720 sit.
1492 1666 1799 1737 Descriptio
1859 1668 2048 1739 incipit
2109 1685 2139 1723 a
2245 1672 2369 1741 quia
2400 1688 2495 1742 per
2519 1671 2779 1741 diapason
2808 1684 3087 1742 paramese
3118 1670 3261 1727 idem
3289 1677 3447 1724 sonat
3491 1672 3634 1737 quod
3669 1672 3828 1739 hypa-

555 1757 1131 1825 proslambanomenon
1156 1759 1614 1831 byperaiixolidii,
1648 1770 1701 1814 et
1734 1760 1916 1815 linitur
1936 1761 1989 1815 in
2013 1770 2142 1817 nete
2174 1818 2217 1833 __
2246 1763 2501 1833 teipaton,
2535 1773 2798 1818 consonat
2826 1762 3016 1817 eadem
3047 1774 3325 1830 paramese
3352 1760 3418 1815 ad
3446 1760 3825 1832 hypatetneson

553 1846 922 1918 hyperboleon
996 1849 1317 1927 hypodorn;
1372 1850 1468 1905 sed
1525 1852 1891 1908 consideratio
1948 1866 2139 1908 vocum
2176 1846 2219 1879 ⁸³
2247 1858 2581 1911 diatessaron
2612 1856 2752 1910 sicut
2781 1854 3185 1927 hypateipaton.
3217 1853 3486 1919 Quoniam
3516 1852 3606 1905 hic
3638 1853 3831 1918 primus

552 1938 805 1994 diatonici
837 1941 1070 2010 generis,
1104 1941 1245 2011 quod
1291 1943 1344 1996 in
1376 1942 1710 1997 diatessaron
1743 1953 1871 1998 tono
1913 1953 1969 1999 et
2012 1954 2141 2002 tono
2248 1964 2502 2004 numerus
2532 1958 2709 2017 potest
2736 1948 2786 2002 in
2808 1947 2864 2012 ‘2,
2890 1956 2945 2003 et
2972 1946 3027 2014 '5,
3054 1956 3111 2001 et
3136 1945 3192 2011 4,
3223 1945 3414 2012 dividi,
3443 1942 3500 2000 in
3528 1958 3654 2015 qua
3696 1943 3828 1998 divi-

554 2031 949 2102 scniitonioque
995 2033 1195 2101 pariter
1237 2048 1265 2105 a
1297 2045 1418 2090 nete
1444 2033 1809 2105 hyperboleon
1860 2035 2140 2107 hypodorn
2248 2042 2327 2096 dit
2355 2044 2716 2096 Aristoxenus
2743 2050 2952 2107 tonum,
3001 2037 3110 2093 2‘3
3156 2039 3360 2109 septies
3382 2036 3531 2093 ducti
3564 2035 3699 2092 l70l
3734 2050 3828 2090 utt-

551 2129 987 2196 esuritur,atque
1009 2129 1061 2181 in
1086 2127 1677 2197 proslambanomenon
1704 2129 2143 2200 hypermiaolidu
2251 2147 2457 2186 merum
2490 2130 2763 2196 efﬁciunt;
2819 2130 2928 2186 9.56
2958 2144 3086 2184 vero
3132 2131 3333 2198 septies
3389 2125 3660 2182 numerati
3700 2122 3831 2184 I792

549 2219 871 2290 completur.
922 2221 1161 2291 Miroqne
1193 2222 1354 2276 modo
1386 2236 1490 2290 qua
1523 2222 1836 2277 habitudine
1865 2222 2138 2280 diatonica
2249 2225 2542 2293 complent.
2574 2223 2837 2278 Similiter
2865 2224 2951 2287 l5,
2986 2238 3105 2293 qua:
3147 2231 3231 2276 est
3276 2219 3582 2275 dill'erentia
3628 2218 3735 2274 256
3779 2225 3830 2276 et

550 2313 603 2367 in
630 2313 962 2385 longitudine
1010 2315 1387 2384 descriptionis
1418 2316 1754 2385 singulorum
1792 2314 2071 2370 modorum
2105 2334 2135 2371 a
2186 2360 2193 2367 .
2246 2314 2376 2378 243,
2424 2317 2801 2386 εψιυιιιιεειια,
2850 2314 3017 2370 ellicit
3058 2314 3151 2381 9|,
3202 2311 3568 2371 diﬂerentiam
3604 2310 3744 2367 1792
3780 2318 3832 2365 et

549 2420 610 2460 se
636 2407 786 2461 nervi
812 2407 1085 2475 dilTernnt,
1114 2407 1304 2463 eadem
1337 2406 1648 2462 habitudine
1675 2407 1825 2462 nervi
1860 2415 2136 2477 troporum
2251 2410 2412 2474 1762,
2448 2420 2554 2464 etc.

3747 2574 3836 2591 ειη

1300 2709 1832 2826 annm
1903 2710 3095 2828 PRESBYTER!

1506 2903 1756 2960 MUSICA
1798 2904 2185 2973 QUADRATA
2226 2904 2360 2963 SEU
2401 2899 2845 2962 MENSURATA.

618 3040 1041 3112 Quoniam’circa
1073 3050 1246 3098 artem
1269 3039 1529 3095 musicam
1565 3039 1865 3096 necessaria
1892 3039 2134 3111 quaedam
2243 3038 2467 3094 scientia
2521 3039 2740 3095 musicae
2796 3041 2848 3094 in
2909 3039 3213 3109 cognitione
3268 3038 3521 3106 rationis,
3563 3055 3723 3111 quam
3776 3042 3828 3097 in

548 3135 926 3192 ad'utilitatem
974 3134 1309 3189 cantantium
1356 3140 1587 3186 tractare
1616 3132 1986 3201 proponimus,
2035 3146 2131 3186 ne-
2163 3130 2211 3190 Ο
2244 3146 2411 3200 opere
2445 3130 2715 3187 elliciendi
2758 3142 2921 3201 atque
2949 3140 3096 3194 actu,
3128 3133 3179 3186 in
3205 3128 3409 3201 quanto
3429 3147 3632 3203 corpus
3659 3146 3830 3189 mente

551 3241 705 3282 cesse
731 3235 811 3281 est
836 3223 1200 3280 utsecundnm
1224 3222 1462 3277 auctoris
1483 3223 1832 3277 intentionem
1854 3221 2141 3277 subtilissi-

553 3330 672 3371 mas
696 3316 905 3384 regulas
928 3327 1272 3382 summopere
1298 3311 1571 3382 subjectas
1601 3313 1898 3383 intelligere
1923 3313 2143 3371 studea-

553 3423 691 3464 tnus.
729 3407 862 3463 Cum
894 3405 1038 3461 enim
1087 3404 1315 3460 humana
1362 3417 1549 3461 natura
1597 3407 1915 3463 naturaliter
1959 3408 2138 3462 omnia

555 3502 697 3557 scire
722 3497 1021 3561 desiderat,
1050 3506 1104 3553 et
1130 3513 1159 3551 a
1190 3497 1348 3568 primi
1395 3497 1626 3553 hominis
1662 3509 1881 3569 peccato
1911 3509 2140 3569 quatuor

546 3601 676 3647 sunt
700 3590 838 3648 mala
869 3606 989 3661 qua:
1014 3598 1260 3645 naturam
1292 3591 1590 3660 impediunt
1639 3590 1952 3659 humanam,
1982 3592 2130 3648 scili-

548 3692 656 3747 cet,
686 3681 1009 3752 ignorantia,
1039 3683 1250 3747 vitium,
1280 3682 1548 3752 imperitia
1598 3683 1872 3753 loquendi,
1904 3692 1962 3740 et
1989 3684 2100 3740 indi
2122 3713 2136 3728 ε

546 3772 747 3844 gentia,
789 3774 984 3843 quibus
1031 3784 1210 3830 tamen
1257 3784 1488 3847 quatuor
1517 3775 1654 3830 bona
1693 3785 1819 3830 sunt
1846 3776 2087 3847 opposita
2115 3814 2133 3841 ,

547 3865 776 3931 scilicet,
808 3869 1124 3937 ignorantia:
1149 3869 1433 3937 sapientia,
1461 3865 1590 3923 vitio
1628 3869 1819 3936 virtus,
1852 3868 2136 3938 imperitia:

545 3959 794 4029 loquendi
820 3961 1151 4031 eloquentia,
1187 3959 1496 4030 indigentia
1541 3962 1859 4027 necessitas,
1906 3961 2135 4029 ideoque

543 4050 724 4105 divina
767 4051 1053 4106 clementia
1109 4050 1445 4119 philosophis
1495 4049 1743 4117 peritiam
1787 4058 1933 4105 artes
1978 4052 2131 4106 inve-

545 4143 728 4198 niendi
755 4142 1045 4205 concessit,
1076 4150 1137 4196 ut
1163 4157 1259 4211 per
1283 4156 1401 4198 eam
1431 4144 1657 4214 quisque
1686 4145 1930 4199 notitiam
1956 4142 2133 4197 valeat

543 4232 967 4303 prmdictahona
995 4234 1481 4301 comprehendere,
1510 4244 1567 4290 et
1595 4235 1842 4290 faciendo
1862 4274 1880 4301 ,
1928 4234 2012 4289 his
2049 4234 2130 4289 la-

546 4330 698 4391 psam
746 4333 991 4379 naturam
1022 4334 1080 4380 et
1126 4325 1194 4380 ad
1234 4326 1511 4382 meliorem
1559 4327 1964 4384 consistentiam
1995 4326 2129 4382 sub-

542 4414 753 4471 limare.
783 4414 1023 4485 Cumque
1055 4431 1221 4473 unnm
1247 4417 1457 4475 discere
1490 4419 1643 4475 valde
1669 4420 1743 4475 sit
1786 4418 2034 4485 dillicilc,
2062 4418 2133 4474 de

2247 3234 2553 3292 superatur,
2591 3224 2754 3295 quod,
2785 3223 3010 3290 scilicet,
3043 3223 3270 3278 rationis
3321 3238 3523 3292 espers
3568 3225 3691 3281 sine
3739 3242 3822 3281 ra-

2245 3315 2392 3370 tione
2418 3314 2585 3385 degit.
2618 3314 2708 3369 llla
2744 3330 2873 3368 vero
2902 3315 3136 3382 imperat
3175 3325 3336 3384 atque
3384 3316 3450 3370 ad
3496 3330 3705 3373 rectum
3737 3320 3823 3372 όλτ.

2238 3408 2408 3469 ducit,
2438 3409 2582 3478 quod
2615 3408 2720 3464 nisi
2751 3408 2867 3478 ejus
2898 3420 3153 3477 pareatur
3180 3407 3430 3478 imperio,
3460 3425 3661 3479 expers
3694 3426 3823 3479 opus

2243 3499 2464 3554 rationis
2518 3501 2788 3555 titubaliit.
2840 3501 2995 3557 Unde
3045 3500 3105 3555 lit
3152 3510 3208 3554 ut
3254 3502 3555 3571 speculatio
3602 3503 3825 3557 rationis

2239 3591 2500 3662 onerandi
2546 3604 2665 3649 actu
2716 3611 2820 3648 non
2851 3604 3023 3663 egeat,
3057 3610 3312 3648 manuum
3363 3608 3492 3649 vero
3522 3596 3671 3649 nulla
3718 3596 3821 3649 sint

2237 3699 2422 3753 opera,
2456 3685 2560 3739 nisi
2608 3686 2819 3740 ratione
2862 3686 3150 3742 ducantur.
3182 3685 3301 3741 Jam
3331 3700 3459 3741 vero
3503 3699 3704 3757 quanta
3749 3688 3818 3741 sit

2238 3774 2405 3844 gloria
2456 3778 2792 3847 multumque
2846 3778 3103 3844 rationis,
3154 3778 3279 3834 hinc
3338 3778 3568 3848 intelligi
3625 3788 3814 3847 potest.

2237 3867 2360 3937 quia
2390 3868 2588 3949 cmteri.
2609 3870 2689 3939 (ut
2730 3869 2803 3925 ita
2834 3872 3035 3940 dicam)
3064 3871 3378 3939 corporales
3406 3872 3682 3934 artiﬁces,
3716 3884 3814 3924 non

2236 3972 2306 4012 es
2340 3958 2652 4028 disciplina,
2682 3962 2777 4016 sed
2807 3977 2873 4018 ex
2918 3961 3049 4032 ipsis
3080 3963 3259 4033 potius
3302 3962 3680 4019 instrumentis
3731 3977 3821 4016 ce-

2239 4064 2368 4119 pere
2397 4050 2682 4107 vocahula.
2713 4052 2848 4108 Nam
2878 4054 3207 4109 cithartedus
3249 4068 3318 4110 ex
3347 4052 3589 4122 cithara,
3622 4054 3813 4110 tibicen

2237 4144 2325 4199 vel
2352 4144 2599 4201 aulmdns
2618 4160 2682 4202 ex
2707 4145 2865 4213 tibia,
2896 4146 3217 4217 ueterisque
3245 4161 3465 4201 suorum
3492 4148 3823 4202 instrumen-

2239 4244 2413 4291 torum
2440 4236 2717 4304 vocabulis
2740 4247 3139 4306 nuucnpantnr.
3171 4237 3327 4292 llatio
3354 4251 3483 4292 vero
3514 4252 3626 4292 non
3652 4236 3722 4292 ab
3747 4239 3822 4289 in-

2234 4329 2575 4393 etrumentis,
2627 4329 2722 4384 sed
2756 4343 2788 4383 a
2819 4330 3192 4399 Speculatione
3220 4340 3277 4385 et
3321 4329 3551 4385 scientia
3583 4330 3823 4386 denomi-

2236 4439 2369 4481 nare
2393 4424 2563 4479 voluit
2591 4423 2812 4479 musica:
2838 4424 3195 4493 professores.
3225 4424 3282 4479 Si
3309 4422 3430 4494 quis
3458 4438 3591 4494 ergo
3616 4437 3685 4479 ea
3727 4421 3821 4475 im-

545 4499 731 4564 multis
778 4524 886 4565 non
916 4517 1002 4565 est
1029 4508 1272 4576 dubium,
1303 4525 1427 4566 cum
1456 4509 1528 4567 sit
1568 4512 1720 4582 quasi
1750 4509 2086 4582 impossibile
2112 4525 2127 4575 ;
2158 4541 2210 4602 Β
2238 4516 2460 4587 proviso
2483 4515 2641 4572 discit
2665 4525 2909 4581 cantare,
2940 4516 3226 4586 qualitates
3256 4526 3312 4571 et
3350 4517 3709 4587 quantitates,
3753 4514 3823 4567 si-

543 4605 599 4666 in
625 4603 877 4661 omnibus
892 4608 1070 4661 tamen
1094 4603 1247 4660 valde
1275 4604 1431 4675 plura
1453 4613 1582 4660 sunt
1605 4620 1728 4676 quae
1754 4613 1940 4661 nostro
1960 4618 2126 4661 scnsu

540 4698 883 4776 agnoscimus
908 4713 1068 4769 quam
1096 4711 1164 4753 ea
1188 4712 1310 4767 qua
1335 4713 1367 4751 a
1399 4700 1655 4768 magistro
1684 4697 1966 4754 discimus.
1996 4696 2131 4754 Nam

543 4782 682 4845 sicut
709 4790 762 4845 in
792 4790 984 4845 arbore
1011 4805 1171 4844 unam
1199 4798 1406 4844 naturae
1435 4790 1684 4845 virtutem
1718 4791 2008 4845 multarum
2036 4804 2129 4845 re-

544 4882 769 4954 gitivam
803 4880 1147 4952 propaginem
1192 4882 1608 4951 complantavit,
1657 4882 1737 4938 sic
1787 4882 1840 4937 in
1890 4882 2129 4949 homine,

542 4976 682 5031 ratio
708 4989 778 5030 ea
814 4977 970 5032 unius
1012 4975 1240 5031 scientia
1288 4990 1409 5041 esse
1439 4977 1733 5031 multarum
1762 4975 1945 5031 docuit
1973 4975 2128 5031 inve-

547 5069 689 5125 nire.
718 5067 818 5129 llic
860 5070 1025 5125 etiam
1078 5068 1211 5125 illud
1246 5069 1562 5125 intuendum
1611 5081 1717 5134 est,
1764 5070 1905 5140 quod
1945 5069 2124 5125 omnis

547 5172 660 5225 ara,
685 5163 969 5232 omnisque
994 5162 1301 5233 disciplina,
1330 5162 1783 5217 honorabiliorem
1808 5162 2131 5221 naturaliter

549 5253 745 5310 habent
772 5257 1035 5310 rationem
1089 5269 1259 5325 quam
1282 5254 1564 5310 artiﬁcium
1596 5253 1739 5325 quod
1771 5270 1929 5309 manu
1971 5266 2133 5322 atque

548 5362 713 5416 opera
745 5357 1054 5407 exercetur.
1086 5349 1253 5407 linito
1277 5350 1421 5406 enim
1448 5348 1623 5416 majus
1652 5358 1813 5419 atque
1837 5350 2017 5415 aptius
2047 5356 2134 5404 est

547 5437 691 5499 scire
719 5440 863 5510 quod
892 5442 1122 5510 quisque
1145 5438 1327 5507 faciat,
1352 5455 1513 5511 quam
1548 5440 1724 5510 ipsum
1756 5440 1886 5496 illud
1913 5440 2132 5497 el‘lirere

544 5533 694 5611 quod
721 5532 875 5590 sciat.
907 5529 1115 5589 Etenim
1142 5534 1426 5590 artiﬁcium
1456 5533 1585 5589 illud
1615 5534 1901 5601 corporale
1922 5572 1940 5599 ,
1984 5533 2129 5605 quod

545 5628 799 5685 servietis
828 5627 1143 5695 fatnulatur;
1173 5626 1309 5684 ratio
1334 5628 1662 5699 vero,un
1696 5626 1914 5683 domina
1955 5627 2126 5696 impe-

541 5731 669 5794 rat,
686 5732 742 5778 et
773 5722 874 5779 nisi
898 5723 1107 5787 manus,
1138 5722 1432 5779 secundum
1460 5722 1599 5795 quod
1630 5722 1768 5776 ratio
1789 5721 1953 5787 canit,
1981 5736 2117 5787 ope-

541 5825 727 5884 tstur,
783 5817 977 5873 frustra
1028 5816 1104 5873 lit.
1158 5815 1212 5872 lit
1267 5822 1418 5883 tanto
1466 5815 1625 5886 igitur
1688 5814 1996 5884 praeclarior
2048 5822 2131 5869 est

2247 4608 2582 4666 militudines
2606 4619 2661 4664 et
2685 4608 3173 4674 dissimilitudines,
3199 4608 3542 4663 diversorum
3574 4619 3821 4661 sonorum

2246 4702 2651 4775 proportiones,
2682 4712 2927 4770 tempora
2956 4710 3011 4758 et
3041 4715 3376 4763 mensuram,
3409 4714 3624 4756 necnon
3653 4708 3710 4755 et
3746 4696 3824 4750 di-

2241 4795 2560 4851 stinctiones
2588 4795 2868 4866 longarum
2918 4792 3272 4863 breviumque
3312 4791 3610 4863 ligurantm
3636 4799 3695 4846 et
3737 4800 3823 4845 se-

2241 4868 2562 4945 mihrevium
2588 4888 2899 4943 discernere
2921 4887 3109 4951 voluit,
3140 4886 3342 4941 fontem
3363 4884 3701 4951 juhilationis
3726 4881 3820 4936 hn-

2236 4979 2327 5053 jus
2358 4981 2598 5037 scientia:
2627 4980 2861 5042 hauriat,
2905 4986 2963 5034 ct
2990 4977 3110 5049 ejus
3139 4978 3461 5033 suavitatem
3489 4976 3817 5047 experietur.

2241 5072 2373 5128 Nam
2425 5073 2515 5142 qui
2568 5070 2778 5127 vineam
2811 5072 3053 5141 plantare
3102 5070 3233 5132 vult,
3269 5083 3429 5123 unam
3478 5065 3812 5122 arbusculam

2241 5165 2503 5231 inserere,
2538 5163 2624 5219 vel
2655 5178 2822 5219 unum
2851 5161 3064 5217 asinum
3110 5173 3339 5216 onerare
3365 5157 3641 5230 cognovit,
3685 5156 3819 5212 sicut

2240 5256 2295 5313 in
2326 5271 2457 5327 uno,
2487 5258 2559 5313 ita
2587 5257 2641 5311 in
2685 5253 2936 5310 omnibus
2965 5250 3147 5310 facere
3193 5250 3280 5309 vel
3311 5251 3543 5317 melius,
3589 5261 3697 5305 non
3727 5246 3821 5301 du-

2240 5348 2449 5409 bitabit.

2314 5443 2371 5497 In
2401 5438 2666 5510 principio
2712 5446 2892 5493 autem
2943 5434 3107 5505 hujus
3150 5432 3394 5491 scientiae
3432 5432 3577 5488 seire
3619 5427 3808 5501 opina-

2239 5549 2360 5590 mur
2388 5532 2515 5605 quid
2554 5531 2628 5586 sit
2652 5530 2875 5607 musica,
2911 5526 2995 5583 vel
3024 5529 3147 5598 quis
3188 5525 3447 5593 musicus,
3474 5531 3532 5579 et
3559 5519 3699 5577 unde
3723 5515 3803 5572 di-

2240 5634 2435 5692 catur;
2463 5623 2605 5697 quod
2632 5614 2827 5695 genus,
2857 5637 2979 5692 qua:
3009 5620 3255 5683 materia,
3300 5630 3421 5687 qtne
3449 5623 3663 5687 partes,
3691 5622 3810 5682 qua

2238 5720 2471 5790 Species,
2503 5717 2645 5785 quod
2670 5717 3108 5779 instrumentum,
3134 5728 3256 5784 qua:
3286 5712 3503 5777 utilitas,
3528 5705 3669 5780 quod
3693 5703 3812 5759 ol'lio

2239 5814 2401 5870 cium.
2435 5799 2588 5869 Unde
2616 5812 2761 5868 scire
2810 5808 3070 5865 debemus
3098 5805 3243 5876 quod
3267 5805 3468 5860 musica
3500 5811 3584 5857 cst
3613 5799 3806 5853 libera-
