4098 6208
348 364 451 422 921

1625 386 1877 445 MUSICA
1920 386 2279 451 PRAC'HCA.

3500 408 3609 466 922

334 482 404 553 iis
430 484 673 551 scientia,
728 490 899 556 perite
936 491 1183 547 cantandi
1215 494 1423 562 copiam
1459 498 1897 556 subministrans.
1933 504 1980 562 Δ
2014 522 2205 562 eorum
2234 511 2372 565 inter
2396 526 2475 578 se,
2529 522 2582 569 et
2628 517 2895 585 quomodo
2934 532 3027 576 sex
3071 520 3155 578 his
3208 535 3599 594 componuntur

336 577 441 634 Sed
464 578 579 634 hac
604 580 879 648 dividitur
914 584 1037 652 quia
1065 586 1170 641 alia
1192 586 1641 658 instrumentalis,
1675 594 1778 649 alia
1801 595 1901 649 hn—

332 682 511 733 mana,
559 670 662 725 alia
694 671 1017 744 rhythmica.
1068 674 1497 734 lustrumentalis
1540 697 1668 735 vero
1709 694 1789 737 est
1822 685 1907 739 di-

330 759 652 825 gnoscendis
698 772 752 816 et
802 753 1171 821 discernendis
1215 770 1465 824 cautibus
1515 772 1794 829 attributa.
1842 775 1905 829 Et

331 847 446 904 haec
499 851 661 906 etiam
714 852 1011 922 dividitur,
1072 856 1194 927 quia
1250 860 1351 913 alia
1409 861 1743 927 harmonica,
1801 866 1904 919 alia

327 937 769 1013 rbytbmiea,alia
789 949 1029 1002 metrica.
1053 950 1372 1006 llarmouira
1404 969 1533 1009 vero
1556 967 1637 1010 εει
1666 956 1754 1011 illa
1784 973 1905 1027 qua:

324 1032 585 1090 discernit
611 1037 751 1092 inter
777 1053 940 1095 sonos
967 1058 1181 1110 gravem
1207 1056 1261 1099 et
1284 1057 1519 1100 acutum.
1559 1048 1653 1104 Vel
1684 1050 1902 1104 harmo-

333 1124 453 1180 nica
481 1128 565 1181 est
592 1128 679 1183 illa
709 1147 827 1195 qua:
867 1135 1115 1190 consistit
1145 1137 1197 1191 in
1246 1141 1486 1193 numeris
1515 1141 1803 1207 dupliciter
1848 1153 1900 1197 et

320 1217 588 1272 mensuris
614 1221 962 1277 mna-loculis
990 1226 1285 1280 secundum
1318 1230 1712 1297 proportionem
1733 1246 1901 1285 sono-

319 1325 441 1364 rum
480 1326 802 1384 vocumque.
826 1318 928 1369 alia
962 1321 1273 1384 temporalis
1295 1320 1588 1376 secundum
1609 1326 1903 1390 proportio-

316 1415 439 1457 nem
456 1404 730 1473 longarum
746 1407 1091 1478 breviumque
1108 1412 1420 1472 ﬁgurarum.
1443 1414 1577 1475 Alia,
1591 1414 1641 1469 id
1662 1424 1762 1477 est,
1788 1417 1901 1471 har-

315 1496 549 1564 monica,
579 1498 721 1568 quod
755 1499 1008 1557 discretio
1031 1503 1404 1559 modulationis
1429 1518 1483 1561 et
1513 1507 1787 1563 varietatis
1808 1524 1900 1565 ca-

312 1589 475 1646 nendi
521 1589 770 1658 scientia,
810 1603 863 1648 et
917 1593 1089 1651 facilis
1119 1596 1183 1651 ad
1233 1599 1616 1665 perfectionem
1663 1603 1891 1658 canendi

312 1679 420 1749 via,
472 1682 870 1757 plurimumque
912 1704 1040 1744 vero
1087 1692 1422 1748 dissimilium
1471 1696 1896 1767 proportional's

311 1779 687 1845 consonantia,
708 1790 763 1836 et
789 1783 1011 1838 scientia
1034 1784 1101 1841 de
1135 1802 1358 1842 numero
1377 1788 1545 1843 relato
1569 1790 1636 1846 ad
1664 1806 1881 1848 sonum.

308 1864 628 1939 Rhythmiea
660 1886 788 1927 vero
811 1884 895 1929 est
923 1875 1010 1930 illa
1042 1892 1165 1947 qua:
1195 1879 1247 1933 in
1278 1881 1559 1937 scansione
1590 1883 1887 1940 verborum
1924 1855 1969 1914 Β

308 1961 534 2031 requirit
564 1972 739 2019 utrum
772 1967 907 2022 bene
934 1969 1016 2024 vel
1064 1971 1205 2027 male
1234 1972 1540 2029 cohaereant
1578 1976 1844 2033 dictiones
1868 2023 1907 2045 ,ρ

304 2054 427 2118 quia
456 2058 729 2111 cantando
757 2060 1035 2116 vitandum
1066 2073 1169 2130 est,
1205 2075 1454 2135 tanquam
1491 2068 1737 2137 legendo.
1778 2071 1894 2126 Me-

305 2144 439 2200 trica
485 2161 618 2202 vero
647 2153 735 2204 est
782 2149 871 2205 illa
899 2166 1020 2221 quae
1052 2169 1361 2211 mensuram
1408 2157 1746 2214 diversorum
1771 2176 1890 2216 me-

306 2248 509 2295 trorum
554 2241 794 2296 oStendit
841 2246 1101 2314 probabili
1153 2249 1401 2314 ratione,
1437 2259 1493 2305 ut
1529 2261 1672 2321 patet
1706 2251 1759 2307 in
1793 2252 1890 2309 he-

304 2335 472 2398 roico,
506 2336 738 2395 iambico
762 2347 815 2395 et
843 2342 1082 2409 elegiaco
1113 2354 1305 2399 metro.

372 2427 611 2486 Musicus
640 2447 772 2487 vero
820 2443 905 2489 est
952 2436 1042 2491 ille
1072 2438 1161 2504 qui
1210 2437 1421 2493 ratione
1466 2455 1729 2510 propensa
1784 2456 1890 2497 non

310 2521 483 2575 solum
517 2524 699 2589 operis
727 2526 985 2590 servitio,
1036 2528 1128 2581 sed
1160 2529 1322 2583 etiam
1352 2530 1737 2597 speculationis
1788 2532 1891 2586 im-

306 2610 459 2678 perio
484 2614 714 2669 canendi
743 2617 1021 2671 scientiam
1069 2618 1362 2695 ministrat.
1396 2620 1546 2688 Quod
1588 2622 1632 2676 si
1666 2624 1718 2677 in
1746 2623 1883 2679 aedi-

307 2700 550 2758 ﬁciorum
581 2704 950 2778 bellorumque
993 2725 1160 2779 opere
1186 2711 1456 2775 videmus,
1490 2714 1542 2769 in
1581 2717 1885 2783 contraria,

302 2792 531 2857 scilicet,
562 2798 961 2865 nuncupatione
1003 2800 1269 2866 vocabuli,
1300 2818 1486 2857 eorum
1519 2820 1749 2873 namque
1784 2822 1883 2861 no-

300 2883 533 2940 minibus
581 2889 725 2942 velut
769 2890 992 2945 aedilicia
1046 2892 1434 2961 inscribuntur,
1486 2895 1570 2949 vel
1622 2895 1880 2951 dicuntur

304 2975 582 3042 triumphi,
611 2994 839 3047 quorum
872 2980 1099 3048 imperio
1128 2997 1189 3036 ac
1215 2984 1426 3038 ratione
1454 2995 1577 3038 sunt
1607 2985 1873 3051 instituta,

299 3079 399 3120 non
427 3081 657 3136 quorum
685 3084 848 3137 opere
878 3071 1205 3143 servitioque
1252 3074 1487 3143 perfeCta
1516 3117 1532 3142 ,
1574 3076 1713 3130 unde
1758 3092 1875 3131 me-

2010 600 2234 667 motelli,
2275 618 2369 659 seu
2425 606 2694 674 coudumi,
2728 612 2811 665 vel
2859 627 3080 683 organa.
3113 616 3297 673 Partes
3341 620 3594 678 theoricze

2008 703 2129 748 sunt
2160 703 2288 759 tres,
2328 699 2552 767 scilicet,
2583 704 2652 758 de
2678 704 3111 776 dispositionibus
3153 711 3311 783 hujus
3340 716 3470 771 artis
3514 719 3592 773 in-

2008 786 2252 842 veniendi
2302 802 2571 861 neumata,
2602 807 2657 851 et
2678 802 3034 870 cognoscendi
3078 820 3327 864 numeros
3372 826 3585 878 eorum,

2006 888 2059 932 et
2088 889 2219 949 quot
2245 893 2372 937 sunt
2396 887 2603 952 species
2631 904 2839 955 eorum,
2869 901 2921 947 et
2952 892 3255 953 declarandi
3284 907 3588 970 proportio-

2007 987 2102 1027 nes
2149 978 2499 1041 quarumdam
2525 1020 2542 1045 ,
2584 982 2648 1035 ad
2680 983 2808 1039 alias
2852 986 3337 1048 demonurationes
3379 997 3446 1049 de
3474 1014 3590 1051 om-

2005 1065 2161 1121 nibus
2202 1068 2328 1132 illis,
2359 1080 2413 1125 et
2452 1070 2647 1128 docere
2677 1076 2882 1138 species
2904 1079 3146 1135 ordinum
3183 1096 3231 1136 et
3263 1089 3458 1141 situum
3486 1106 3581 1144 co-

2007 1174 2121 1211 rum
2147 1160 2340 1228 quibus
2365 1176 2748 1230 pra-parantur,
2768 1176 2825 1221 ut
2849 1172 3155 1239 accipiatex
3182 1177 3261 1231 eis
3277 1178 3417 1247 quod
3438 1180 3577 1247 vult,

2002 1258 2055 1301 et
2076 1262 2358 1317 componat
2387 1268 2450 1307 ex
2480 1254 2560 1308 eis
2593 1254 2916 1314 harmonias.
3050 1258 3053 1259 ⁷

2074 1366 2299 1436 Species
2327 1388 2541 1445 quoque
2581 1377 2740 1447 hujus
2785 1391 2909 1435 sunt
2938 1384 3283 1443 diversitates
3315 1389 3586 1459 subjecto.

2002 1472 2141 1515 rum.
2184 1475 2246 1514 ex
2271 1464 2465 1532 quibus
2488 1465 2625 1521 ﬁunt
2652 1482 2898 1526 neumata
2928 1491 2943 1537 ;
2969 1490 3090 1528 nam
3112 1478 3411 1547 aliquando
3426 1496 3579 1548 voce,

1999 1552 2288 1622 aliquando
2318 1556 2466 1622 ﬂatu,
2520 1559 2809 1628 aliquando
2854 1574 2997 1621 tactu
3048 1582 3385 1625 exercentur.
3437 1572 3581 1629 Voce

2000 1660 2149 1711 vero,
2183 1658 2240 1701 ut
2272 1649 2507 1705 hominis
2552 1651 2715 1719 ﬂatu,
2746 1666 2803 1710 ut
2831 1656 2990 1722 tibia;
3029 1670 3194 1728 tactu,
3230 1671 3289 1718 ut
3320 1666 3576 1734 psalterio

1999 1736 2085 1791 vel
2114 1738 2343 1807 cithara,
2370 1752 2425 1797 et
2454 1742 2677 1800 similia.

2071 1872 2451 1939 Instrumenta,
2485 1894 2614 1933 vero
2675 1880 2818 1935 aliud
2884 1883 3049 1940 habet
3104 1890 3364 1955 practice,
3425 1892 3571 1959 aliud

1999 1966 2256 2023 theoricc.
2290 1969 2567 2025 Theoricat
2598 1987 2725 2028 vero
2773 1976 3186 2034 inStrumentum
3232 1991 3319 2035 est
3348 1984 3573 2053 inquisi-

1997 2057 2091 2121 tio,
2123 2067 2171 2113 et
2204 2058 2595 2116 demonstratio
2627 2067 3055 2131 proportionnm,
3088 2084 3344 2126 sonorum
3376 2084 3432 2127 et
3470 2090 3573 2128 vo--

1993 2163 2135 2203 cum.
2170 2151 2428 2208 Practica:
2451 2170 2599 2219 vero,
2645 2157 2789 2211 aliud
2818 2161 3082 2227 naturale,
3110 2163 3252 2218 aliud
3274 2166 3578 2223 artiﬁciale.

1994 2240 2247 2299 Naturale
2298 2260 2426 2298 vero
2477 2256 2560 2301 est
2596 2249 2816 2318 pulm't,
2876 2262 3096 2321 guttur,
3160 2254 3373 2323 lingua,
3426 2260 3575 2326 pala-

1992 2342 2126 2400 tum,
2160 2344 2266 2390 etc.
2319 2337 2554 2394 Membra
2582 2340 2908 2408 spiritualia,
2942 2345 3166 2410 scilicet,
3214 2347 3576 2415 principaliter

1993 2436 2120 2480 sunt
2168 2429 2325 2484 vocis
2352 2439 2406 2483 et
2457 2431 2722 2499 epiglotti.
2758 2434 3053 2489 Artiﬁciale
3082 2452 3211 2491 vero
3254 2438 3583 2495 instrumen-

1993 2524 2105 2571 tum
2136 2528 2242 2583 est,
2272 2528 2331 2573 ut
2355 2533 2635 2591 organum,
2682 2524 2841 2592 viola,
2883 2537 2939 2582 et
2966 2528 3192 2595 cithara,
3234 2531 3401 2595 atola,
3426 2534 3571 2599 psal-

1992 2612 2207 2676 terium,
2227 2621 2333 2669 etc.

2075 2725 2284 2782 Utilitas
2337 2740 2514 2785 autem
2559 2732 2680 2802 ejus
2732 2750 2919 2803 magna
2964 2748 3066 2806 est,
3099 2749 3154 2797 et
3197 2742 3478 2810 mirabilis,
3520 2752 3577 2800 et

1987 2815 2227 2871 virtuosa
2256 2821 2430 2884 valde,
2466 2837 2586 2892 qum
2643 2823 2785 2878 fores
2817 2826 3067 2903 Ecclesia:
3100 2844 3230 2885 ausa
3258 2840 3340 2886 est
3387 2832 3573 2888 subin-

1992 2916 2157 2963 trare.
2188 2910 2339 2965 Nulla
2368 2912 2511 2967 enim
2543 2914 2767 2969 scicntia
2794 2932 2920 2970 ausa
2953 2928 3033 2973 est
3077 2919 3380 2978 subiutrare
3424 2922 3567 2978 fores

1985 3000 2263 3066 Ecclesiae,
2296 3003 2396 3058 nisi
2442 3002 2553 3068 ipsa
2602 3008 2970 3063 tantummodo
3020 3011 3261 3066 musica:
3309 3027 3404 3081 per
3445 3028 3564 3070 eant

1983 3106 2159 3146 rerum
2185 3092 2561 3159 plasmatorem
2591 3096 2772 3152 mundi
2796 3098 3099 3156 collaudare
3118 3101 3374 3159 debemus
3400 3114 3452 3158 et
3475 3104 3568 3161 be-

298 3156 442 3210 tricze
493 3157 738 3214 deﬁnitio
786 3163 1046 3232 sequitur.
1100 3163 1420 3220 Musicarum
1480 3176 1533 3221 el
1590 3178 1872 3223 cantorum
1907 3204 1951 3267 ρ
1987 3180 2253 3243 ηείίίορνρ.
2287 3183 2563 3250 psallendo
2589 3189 2638 3240 ei
2667 3187 2933 3243 canticum
2964 3205 3184 3257 novum,
3227 3192 3367 3248 sicut
3393 3197 3563 3250 sancti

298 3264 483 3321 magna
509 3261 593 3307 est
622 3253 897 3310 distantia.
923 3254 1013 3310 ISIi
1038 3254 1244 3319 dicunt,
1268 3256 1343 3311 illi
1371 3259 1549 3313 sciunt
1571 3274 1693 3328 qua:
1719 3276 1871 3315 com-

296 3343 439 3407 ponit
469 3345 696 3400 mnsica.
725 3345 854 3399 Nam
884 3347 974 3416 qui
1004 3346 1145 3402 canit
1174 3347 1319 3420 quod
1344 3364 1450 3404 non
1473 3351 1639 3420 sapit,
1674 3350 1869 3407 delini-

294 3444 373 3489 tur
403 3435 573 3493 bestia
599 3452 617 3500 ;
646 3438 790 3494 unde
814 3453 1001 3494 versus
1030 3456 1044 3492 :

437 3568 628 3631 Bestia,
653 3582 747 3618 non
768 3573 953 3631 cantor,
980 3572 1062 3633 qui
1087 3583 1181 3621 non
1206 3574 1335 3623 canit
1355 3579 1481 3635 arte,
1505 3574 1595 3623 sed
1619 3588 1725 3625 usu.

290 3687 399 3745 Non
429 3707 622 3747 verum
654 3703 928 3750 cautorem
959 3695 1085 3751 facit
1112 3712 1222 3762 ars,
1254 3698 1350 3755 sed
1379 3700 1800 3757 documentum.

359 3787 560 3845 Musica
592 3788 787 3845 dicitur
827 3805 857 3845 a
903 3789 1095 3858 Musis,
1139 3808 1259 3863 qua:
1288 3795 1586 3861 secundum
1635 3797 1869 3852 fabulam

286 3880 538 3936 dicuntur
559 3882 681 3936 ﬁliae
701 3882 884 3949 Juvis;
915 3894 967 3939 et
993 3884 1153 3941 habet
1173 3886 1443 3953 duplicem
1472 3888 1866 3943 consideratio-

289 3986 430 4039 nem,
460 3973 692 4041 scilicet,
719 3975 1015 4031 secundum
1043 3976 1282 4043 modum,
1310 3986 1366 4032 et
1418 3978 1715 4034 secundum
1761 3994 1867 4035 non

288 4065 525 4121 modum.
559 4066 865 4123 Secundum
892 4069 1134 4136 modum,
1162 4078 1218 4124 ut
1242 4068 1332 4125 hic
1361 4070 1616 4136 sumitur,
1646 4083 1730 4125 est
1751 4071 1870 4126 lou-

290 4159 467 4229 gitualo
494 4175 593 4216 seu
623 4162 861 4216 brevitas
888 4171 1114 4227 cantus,
1145 4177 1268 4231 qua:
1296 4178 1558 4233 organum
1586 4162 1868 4232 (quantum

289 4250 352 4306 ad
373 4254 497 4322 nos)
520 4252 842 4323 generaliter
862 4253 1161 4324 appellatur
1183 4269 1279 4323 per
1300 4269 1501 4310 certam
1531 4269 1868 4321 mensuram,

286 4339 349 4396 de
371 4358 471 4413 qua
517 4358 663 4399 nunc
711 4346 1068 4415 supponimus
1114 4344 1502 4400 inventionem.
1553 4344 1866 4400 Secundum

287 4449 388 4491 non
433 4436 692 4502 modum,
721 4435 951 4491 sttmitur
991 4436 1109 4492 sive
1158 4437 1477 4508 respective,
1508 4446 1564 4492 ut
1593 4436 1686 4492 ubi
1719 4434 1865 4494 nulla

286 4530 521 4583 materia:
550 4529 851 4599 proprietas
884 4540 968 4586 est
998 4530 1233 4586 inventa.

356 4618 538 4681 Genus
589 4634 719 4675 vero
763 4620 918 4691 hujus
954 4621 1194 4678 scientiae
1245 4632 1330 4676 est
1385 4621 1569 4690 peritia
1620 4620 1862 4677 modula-

286 4712 442 4770 tionis
468 4715 818 4777 harmonican,
848 4730 970 4785 qtue
997 4730 1064 4769 ea
1087 4714 1472 4769 concordantia
1506 4714 1860 4783 plurimorum

285 4816 554 4867 sonorum,
587 4804 672 4859 vel
718 4820 787 4860 ex
836 4805 1231 4871 compositione
1272 4805 1552 4875 longarum
1585 4806 1861 4860 brevium.

286 4911 388 4965 que
418 4900 731 4966 ﬁgurarum,
762 4897 1061 4969 perﬁcitur.

356 5006 572 5064 Materia
602 5008 761 5079 huius
784 5019 870 5066 est
897 5025 1063 5066 sonus
1091 5011 1371 5069 ordinatus
1400 5013 1700 5069 secundum
1745 5028 1865 5068 mo-

285 5096 431 5156 dum.
460 5101 643 5158 Simus
669 5105 900 5159 sumitur
929 5119 1027 5174 pro
1057 5104 1305 5159 melodis
1336 5114 1393 5161 et
1419 5106 1723 5162 concordia:
1752 5107 1857 5162 dil-

287 5191 531 5261 ferentia,
560 5198 839 5253 ordinatur
866 5213 965 5267 pro
1014 5200 1257 5254 numeris
1308 5210 1605 5270 temporum
1640 5201 1693 5256 in
1726 5200 1858 5272 ﬁguo

287 5287 361 5342 ria
387 5292 794 5346 consistendum
823 5299 949 5348 ante
977 5292 1268 5363 perlectam
1292 5308 1536 5362 pausam,
1565 5298 1860 5351 secundum

287 5382 498 5436 modum
521 5399 617 5449 pro
636 5388 931 5456 quantitate
955 5386 1231 5457 longarum
1271 5388 1621 5457 breviumque
1668 5390 1859 5459 ﬁgura-

287 5482 422 5535 rum,
453 5488 573 5543 qua
603 5476 654 5530 iu
679 5477 826 5532 vocis
854 5488 1091 5533 accentu
1116 5488 1173 5534 et
1201 5487 1390 5534 tenore
1413 5480 1681 5535 consistit.

356 5564 547 5623 Partes
569 5582 700 5623 vero
724 5569 889 5636 ipsius
913 5570 1047 5623 alias
1071 5570 1230 5624 habet
1267 5569 1529 5639 theorica,
1565 5571 1698 5625 alias
1743 5585 1861 5639 pra-

284 5655 413 5710 ctiea
463 5669 657 5723 partes.
704 5659 960 5716 l‘ractica
1001 5670 1127 5715 sunt
1179 5668 1321 5730 tres,
1367 5663 1588 5719 scientia
1618 5663 1685 5717 de
1714 5663 1859 5733 gravi

285 5760 435 5814 sono,
460 5760 517 5804 et
535 5752 750 5807 scientia
766 5753 836 5810 de
860 5752 1057 5822 medio,
1079 5762 1136 5809 et
1154 5754 1378 5809 scientia
1408 5755 1479 5810 de
1504 5764 1688 5821 acuto;
1719 5756 1860 5813 etde

289 5839 373 5894 lus
399 5850 612 5911 tractat,
656 5844 990 5901 ostendendo
1036 5843 1290 5902 utilitates
1335 5856 1389 5901 ct
1429 5846 1857 5915 comparationes

1985 3271 2166 3326 Patres
2213 3275 2379 3327 nostri
2411 3277 2684 3342 prophetae
2728 3278 3042 3337 docuerunt.
3073 3280 3204 3337 Nam
3236 3283 3416 3340 divina
3449 3286 3569 3340 om-

1980 3362 2079 3426 cia,
2103 3363 2295 3432 quibus
2316 3367 2381 3420 ad
2407 3371 2789 3436 sempiternam
2817 3388 3175 3429 convocamur
3202 3376 3447 3448 gloriam,
3468 3394 3563 3448 per

1979 3469 2098 3509 eam
2129 3457 2363 3525 quotidie
2391 3460 2753 3518 celebrantur.
2789 3464 2874 3529 Et,
2906 3475 3134 3521 testante
3167 3467 3372 3532 Boctio,
3420 3473 3560 3536 quod

1983 3544 2120 3603 inter
2148 3560 2354 3615 septem
2386 3564 2528 3607 artes
2555 3554 2805 3612 liberales
2828 3557 3026 3611 musica
3069 3559 3274 3614 obtinet
3298 3562 3564 3629 principa-

1978 3647 2112 3701 tum,
2148 3640 2277 3694 nihil
2308 3644 2450 3695 enim
2493 3645 2610 3698 sine
2640 3646 2726 3701 illa
2777 3657 2976 3703 manet.
3022 3647 3230 3704 Etenim
3258 3649 3372 3718 ipse
3401 3666 3559 3706 mun-

1977 3730 2078 3786 dus
2101 3734 2330 3802 quadam
2364 3733 2639 3791 harmonia
2670 3754 2921 3794 sonorum
2962 3740 3161 3797 dicitur
3188 3757 3309 3797 esse
3356 3745 3563 3799 consti-

1976 3830 2145 3887 tutus,
2174 3833 2229 3875 et
2262 3823 2435 3891 ipsum
2462 3826 2657 3881 calum
2687 3828 2787 3884 sub
2814 3830 3108 3885 harmonia:
3138 3834 3342 3889 revolvi
3369 3835 3558 3889 modu-

1976 3913 2196 3969 latione.
2226 3914 2371 3971 luter
2396 3932 2584 3973 omnes
2612 3919 2753 3974 enim
2788 3920 3041 3977 scientias
3071 3923 3185 3991 ipsa
3214 3923 3563 3992 laudabilior,

1972 4004 2250 4067 eurialior,
2295 4006 2602 4073 jucundior.
2655 4008 2849 4075 latior,
2895 4011 3177 4069 amabilior
3200 4028 3323 4071 esse
3366 4018 3560 4086 proba-

1972 4107 2095 4164 tur;
2126 4113 2251 4152 nam
2282 4099 2456 4154 reddit
2488 4099 2759 4157 hominem
2791 4103 3082 4167 liberalem,
3112 4103 3429 4176 jucundum,
3461 4122 3557 4163 cu-

1972 4190 2183 4253 rialem,
2216 4190 2419 4255 laetum,
2451 4194 2770 4261 amabilem;
2804 4208 2981 4251 movet
3010 4200 3156 4253 enim
3205 4198 3430 4255 allectus
3460 4200 3559 4253 ho-

1971 4283 2197 4345 minum,
2227 4293 2475 4351 provocat
2508 4283 2561 4339 in
2582 4285 2851 4343 diversum
2879 4287 3141 4355 habitum,
3165 4292 3306 4343 sicut
3335 4291 3387 4345 in
3414 4307 3555 4360 prte-

1969 4374 2074 4430 liis.
2110 4373 2322 4432 Etenim
2353 4376 2599 4432 tubarum
2625 4390 2918 4435 concentus
2959 4394 3254 4452 pugnantes
3285 4384 3553 4446 accendit.

1968 4467 2089 4533 quia
2144 4479 2344 4538 quanto
2373 4467 2744 4527 vehementior
2789 4471 2954 4529 fuerit
2997 4475 3251 4544 clangor,
3301 4485 3448 4533 tanto
3499 4478 3559 4533 ﬁt

1894 4557 2182 4619 Danimus
2215 4560 2447 4616 velocior
2490 4562 2557 4616 ad
2601 4572 2895 4620 certamen.
2946 4565 3081 4633 Quid
3128 4567 3335 4622 multa?
3373 4584 3559 4635 verum

1972 4654 2173 4708 musica
2207 4655 2459 4709 mortales
2490 4655 2734 4711 hortatur
2780 4658 2846 4712 ad
2878 4658 3090 4713 labores
3120 4659 3447 4721 tolerandos,
3499 4670 3557 4715 et

1970 4742 2303 4809 singulorum
2334 4758 2561 4811 onerum
2594 4746 2955 4817 fatigationem
2984 4746 3137 4803 vocis
3171 4732 3390 4804 modqu
3427 4763 3558 4802 cou-

1968 4833 2193 4889 solatnr.
2224 4834 2492 4891 Turbatus
2536 4837 2747 4893 animos
2777 4838 2981 4893 musica
3018 4849 3246 4905 recreat,
3298 4840 3556 4907 quoniam

1967 4925 2211 4982 dolorem
2240 4928 2434 4997 capitis
2466 4937 2522 4983 et
2566 4929 2832 4985 tristitiam
2879 4930 3037 4994 tollit,
3068 4929 3371 4985 immundos
3398 4931 3559 4997 spiri-

1969 5027 2055 5072 tus
2086 5019 2447 5090 lunnoresque
2489 5035 2685 5091 pravos
2712 5032 2769 5076 et
2811 5021 3094 5093 languores
3122 5022 3366 5092 depellit.
3404 5023 3561 5080 Unde

1967 5118 2021 5163 et
2046 5107 2188 5163 utilb
2215 5110 2282 5163 ad
2310 5110 2538 5166 salutem
2564 5107 2813 5179 corporis
2837 5120 2894 5167 et
2919 5111 3112 5167 anima
3152 5112 3443 5182 invenitur,
3485 5129 3557 5171 eo

1966 5199 2106 5271 quod
2135 5201 2455 5272 quandoque
2479 5216 2673 5269 corpus
2699 5202 3001 5260 inﬁrmatur
3034 5204 3324 5277 languente
3347 5208 3549 5270 anima.

1965 5305 2017 5349 et
2048 5292 2334 5363 impeditur
2359 5296 2470 5363 ipsa
2499 5297 2765 5354 existente
2795 5299 3084 5369 impedita:
3115 5300 3258 5357 unde
3285 5311 3335 5358 et
3385 5315 3547 5355 causa

1965 5385 2100 5439 ratio
2127 5388 2372 5455 corporis
2399 5388 2457 5442 tit
2485 5403 2630 5455 saepe
2654 5405 2751 5457 per
2775 5391 3103 5447 curationem
3132 5392 3344 5457 animae,
3374 5404 3428 5448 et
3454 5408 3550 5459 per

1964 5478 2295 5547 aptationem
2346 5479 2540 5534 vitium
2590 5490 2834 5545 suarum,
2879 5495 2934 5537 et
2980 5484 3388 5550 temperantiam
3437 5495 3549 5538 suae

1965 5570 2277 5625 substantiae
2308 5572 2441 5628 locis
2473 5573 2915 5630 convenientibus
2938 5573 3222 5644 agentibus
3250 5591 3266 5630 :
3298 5576 3434 5629 sicut
3458 5576 3541 5629 Ie-

1961 5659 2104 5730 gitur
2131 5658 2199 5715 de
2229 5661 2449 5729 Davide,
2477 5664 2566 5735 qui
2598 5680 2781 5733 regem
2812 5665 3005 5720 solavit
3033 5664 3250 5720 Sauletn
3295 5680 3325 5717 a
3357 5667 3545 5732 spiritu

1964 5754 2195 5819 maligno
2251 5766 2365 5812 arte
2414 5756 2814 5813 modulationis.
2866 5757 2985 5827 Ipsa
3034 5773 3249 5829 quoque
3294 5757 3545 5826 reptilia,

1965 5862 2168 5902 necnon
2211 5857 2262 5902 ct
2293 5849 2567 5917 aquatilia,
2616 5864 2798 5905 verum
2845 5856 2900 5905 et
2932 5846 3164 5903 volatilia
3184 5887 3200 5910 ,
3231 5860 3327 5901 sua
3359 5845 3533 5899 dulce-
