4098 6208
580 415 688 477 925

1043 409 1250 470 BENE
1291 408 1747 469 VENERABILIS
1790 408 1943 466 OPP.
1986 405 2167 465 PARS
2208 406 2248 459 l.
2282 405 2480 464 SECT.
2527 405 2590 463 ll.
2633 440 2700 452 -ο
2741 406 2945 465 DUBIA
2988 407 3080 465 ΕΤ
3115 404 3389 465 SPURIA.

3728 407 3824 467 ηε

578 532 702 587 dine
743 529 945 585 musica
976 525 1316 589 consolatur;
1352 524 1446 580 sed
1473 533 1527 580 et
1575 523 1829 593 quidquid
1859 523 2159 589 loquimur,
2195 522 2244 578 Α
2274 533 2395 573 nam
2427 534 2454 574 a
2488 518 2820 589 perfectione
2846 520 2989 576 circa
3017 522 3377 591 aequalitatem
3423 518 3617 591 aliquid
3641 518 3828 581 habere

578 634 629 677 rt
651 636 908 679 venarum
945 620 1182 688 pulsibus
1206 634 1629 685 commoremur,
1659 617 1938 673 harmonia
1967 617 2163 689 proba—

580 726 668 773 tur
692 729 835 775 esse.
866 712 1089 769 utilibus
1116 712 1399 767 sociatum.

650 805 899 862 Olﬁcium
930 820 1061 860 vero
1090 806 1231 858 aliud
1259 804 1419 859 habet
1450 804 1704 872 practica,
1732 804 1872 857 aliud
1902 805 2165 858 timor-ica.

583 898 821 953 l‘ractica
869 911 996 952 vero
1045 907 1129 953 est
1178 895 1484 950 liarmonias
1530 902 1855 964 componere
1898 906 1951 950 et
1996 902 2165 948 artem

583 1007 701 1059 qua:
723 995 983 1044 humanos
1007 1002 1231 1059 possunt.
1254 1004 1468 1043 merere
1489 988 1732 1043 allectus.
1751 988 2013 1044 Theorica
2039 1004 2167 1042 vero

582 1094 695 1145 est,
742 1086 793 1136 in
826 1097 1035 1136 summa
1066 1082 1521 1150 comprehendere
1570 1082 1929 1152 cognitiooem
1958 1082 2170 1148 specie-

584 1195 703 1233 rum
727 1177 1146 1239 harmouiarnm,
1180 1186 1233 1231 et
1259 1177 1309 1231 id
1342 1194 1403 1231 ex
1432 1192 1539 1246 quo
1562 1190 1975 1245 cotiiponuntur,
2002 1190 2054 1233 et
2101 1182 2167 1235 ad

586 1272 640 1327 id
671 1272 813 1341 quod
843 1279 1259 1342 componuntur,
1283 1280 1333 1326 ct
1360 1273 1586 1341 qualiter
1614 1282 2013 1340 componuntur
2037 1290 2052 1334 ;
2085 1273 2175 1327 vel

588 1374 675 1421 est
702 1368 863 1420 etiam
887 1367 1121 1423 ofﬁcium
1173 1366 1372 1435 ﬁguras
1414 1367 1596 1434 longas
1626 1376 1681 1421 et
1714 1369 1922 1434 breves,
1964 1382 2171 1423 necnon

587 1474 813 1524 corpora
844 1468 895 1512 ct
924 1473 1203 1513 mensuras
1244 1463 1581 1527 earumdem,
1611 1461 1895 1529 qualitates
1926 1471 1978 1515 οιι
2003 1480 2172 1532 quan—

595 1554 790 1615 titates,
840 1551 1218 1607 similitudines
1255 1562 1309 1606 et
1344 1554 1808 1610 dissimilitudines
1861 1558 2168 1627 proportio-

591 1661 741 1710 nttm,
785 1659 1035 1697 sonormu
1085 1658 1141 1699 et
1169 1659 1389 1708 vocum,
1422 1656 1476 1699 et
1505 1646 1938 1715 orthographiam
1978 1665 2170 1718 cogno-

592 1753 764 1801 scere,
792 1746 844 1791 et
889 1751 1231 1800 t-iiriservare,
1260 1746 1314 1791 et
1354 1737 1670 1806 regulariter
1695 1754 1813 1795 eam
1843 1740 2174 1808 describere,

592 1834 663 1885 ita
697 1829 835 1901 quod
880 1830 1056 1884 omnis
1085 1839 1273 1885 cantus
1302 1831 1690 1900 qualiscunque
1740 1832 1901 1889 fuerit
1945 1834 2177 1891 diversi-

590 1924 799 1989 ticatus,
850 1938 1087 1992 congrue
1137 1937 1234 1993 per
1284 1924 1427 1978 illam
1468 1925 1637 1993 possit
1666 1926 1966 1982 declarare.

655 2013 791 2072 Cum
826 2017 985 2084 igitur
1010 2016 1094 2069 illa
1119 2027 1173 2069 et
1201 2017 1305 2071 alia
1330 2012 1493 2071 multa
1528 2019 1581 2073 in
1609 2019 1707 2073 hac
1737 2029 1853 2073 arte
1880 2021 2176 2077 secundum

586 2109 832 2165 ordinem
880 2109 1251 2175 declarantur,
1309 2110 1481 2177 primo
1530 2109 1836 2180 specialiter
1885 2113 2175 2168 videndum

588 2210 675 2257 est
696 2212 752 2256 et
799 2200 1074 2255 sciendum
1122 2201 1264 2269 quod
1299 2203 1395 2256 tria
1430 2201 1801 2257 tantummodo
1828 2214 1953 2258 sunt
1979 2219 2178 2275 genera

592 2309 689 2363 per
714 2310 831 2360 quae
864 2304 969 2350 tota
999 2296 1374 2351 mensurabills
1402 2295 1605 2352 musica
1637 2300 1979 2365 transcurrit,
2030 2300 2179 2355 scili-

588 2398 677 2444 cet
707 2389 1002 2455 dist-anius,
1035 2388 1266 2445 hocetus
1290 2399 1348 2446 et
1388 2404 1674 2461 organum.
1727 2391 2007 2447 Discantns
2051 2408 2178 2448 vero

590 2480 999 2551 est'aliquorum
1032 2482 1368 2537 diversorum
1422 2498 1680 2553 generum
1733 2494 1924 2539 cantus
1950 2484 2176 2540 duarum

594 2585 807 2638 vocum,
840 2587 933 2629 seu
966 2574 1150 2642 trium,
1182 2574 1236 2631 in
1262 2590 1369 2645 quo
1398 2575 1631 2631 termino
1655 2578 2005 2631 consonantia
2031 2616 2046 2641 ,
2072 2577 2180 2632 sci-

598 2666 742 2735 licet,
774 2667 1134 2735 diatessaron,
1165 2670 1437 2739 diapente.
1468 2672 1751 2738 diapason,
1780 2686 1874 2738 per
1901 2672 2178 2737 composi-

594 2758 793 2814 tionem
819 2759 1092 2830 longarum
1128 2759 1478 2830 breviumque
1507 2760 1831 2829 ﬁgurarum,
1876 2761 2175 2817 secundum

595 2850 807 2905 dulcem
853 2865 1160 2905 mensuram
1191 2852 1504 2908 naturaliter
1534 2853 1936 2921 praportionatzi
1970 2862 2178 2909 manet.

600 2941 751 2997 Unde
771 2942 1063 2997 notandum
1082 2943 1316 3011 estquod
1342 2954 1450 2998 tres
1470 2944 1889 3012 generalissimze
1914 2957 2037 2999 sunt
2064 2962 2182 3016 ηιμ.

592 3032 724 3096 cies,
757 3049 851 3097 per
884 3050 1009 3101 1uas
1038 3050 1226 3089 omnes
1257 3035 1423 3100 modi,
1452 3036 1501 3088 id
1528 3046 1632 3096 est,
1657 3050 1846 3089 omnes
1872 3046 2088 3099 cantus,
2118 3037 2172 3091 in

594 3140 698 3195 quo
725 3127 969 3182 consistit
1017 3128 1300 3192 materies,
1354 3128 1741 3197 dignoscantur
1768 3136 1821 3183 et
1853 3126 2180 3183 discernitu-

595 3226 699 3284 tur,
731 3233 795 3273 ac
822 3222 983 3273 etiam
1034 3221 1379 3275 moderantur
1411 3234 1506 3289 per
1561 3222 1808 3289 ﬁguram,
1861 3230 2075 3290 tempus
2121 3234 2171 3277 et
2204 3240 2253 3306 ς
2287 3271 2466 3281 ...-

597 3324 934 3374 mensuram;
964 3319 1021 3365 et
1060 3311 1313 3381 quoniam
1348 3312 1504 3379 hujus
1536 3313 1807 3365 dist-autm
1843 3330 1936 3376 per
1979 3313 2177 3367 dictam

595 3403 1037 3469 contpositioiietu
1084 3406 1183 3457 sub
1208 3414 1355 3458 certa
1401 3404 1739 3460 dimensione
1769 3406 2050 3473 temporis,
2083 3421 2176 3461 seu

598 3506 918 3564 temporum,
972 3513 1067 3565 per
1121 3498 1334 3552 diversa
1385 3501 1617 3569 capitula
1673 3499 1999 3571 declaratur,
2055 3502 2177 3557 ideo

594 3589 769 3658 primo
798 3588 867 3643 de
913 3593 1386 3657 repracsitntatioue
1411 3602 1466 3647 et
1516 3592 1685 3648 forma
1740 3594 2182 3663 ﬁgurarumsim-

599 3681 836 3751 plicinm,
871 3684 1188 3739 secundode
1213 3684 1399 3753 figuris
1412 3686 1657 3740 similiter
1673 3687 1976 3756 pariterque
2004 3686 2175 3757 ligatis

594 3788 689 3828 seu
733 3771 948 3843 junctis,
985 3791 1105 3845 qua:
1150 3786 1387 3845 tempora
1430 3779 1687 3847 ψιτειὶὺθι
1729 3778 1896 3850 ﬁgura
1946 3795 2040 3849 pro
2081 3794 2178 3835 sua

600 3878 752 3937 parte
780 3870 1016 3927 ctnuinct
1047 3870 1096 3924 in
1126 3887 1203 3933 se,
1237 3886 1299 3927 ac
1326 3873 1486 3927 etiam
1517 3871 1584 3925 de
1614 3872 1787 3940 plicis.
1829 3875 2178 3942 proprietati-

597 3961 698 4017 bus
722 3970 775 4015 et
805 3961 1233 4018 distinctionibus
1272 3980 1456 4020 earum
1487 3963 1779 4030 videamus,
1813 3973 1868 4019 et
1908 3965 2178 4035 quomodo

599 4066 695 4121 per
724 4052 885 4124 hujus
935 4055 1130 4123 ﬁguras
1174 4056 1461 4110 denotatur
1493 4057 1768 4127 longitudo
1798 4073 1893 4111 seu
1946 4058 2181 4113 brevitas

594 4155 803 4197 cannis.
831 4144 1032 4199 Deinde
1055 4144 1180 4215 quid
1212 4146 1285 4200 sit
1311 4154 1541 4215 tempus,
1567 4148 1693 4214 quid
1725 4162 1999 4217 mensura.
2024 4146 2181 4204 Unde

595 4236 791 4304 ﬁguras
817 4238 1223 4305 repraesentatio
1254 4239 1370 4293 soni
1397 4242 1699 4296 secundum
1748 4256 1903 4297 suum
1935 4243 2176 4311 modum,

596 4336 654 4380 et
676 4326 968 4381 secundum
996 4330 1447 4400 :equipollentiam
1489 4334 1573 4390 sui
1599 4335 2039 4403 miruipollentis;
2085 4337 2180 4392 sed

595 4417 902 4489 hujusmodi
936 4423 1116 4491 ligurze
1160 4423 1447 4493 aliquando
1493 4438 1763 4497 ponuntur
1804 4445 1925 4486 cum
1962 4430 2139 4486 littera
2165 4472 2180 4497 ,

601 4512 897 4577 aliquando
920 4515 1055 4570 alltc.
1088 4516 1220 4571 Cum
1252 4526 1429 4574 littera
1478 4536 1623 4584 vero,
1671 4531 1728 4575 ut
1759 4521 1811 4576 in
1843 4524 2079 4578 moteilis
2124 4534 2181 4578 et

596 4603 885 4671 similibus,
918 4609 1033 4662 sine
1065 4608 1264 4677 littera,
1298 4623 1348 4664 ut
1383 4615 1435 4666 in
1465 4612 1673 4666 neumis
1703 4614 2091 4670 conductorum
2120 4624 2175 4672 et
2210 4610 2256 4669 Ι)

596 4697 809 4751 similia.
841 4697 980 4753 lnter
1007 4699 1151 4754 enim
1185 4701 1379 4771 ﬁguras
1407 4717 1527 4773 quas
1550 4713 1675 4758 sunt
1702 4720 1825 4760 cum
1860 4707 2060 4774 littera,
2092 4706 2181 4763 vel

593 4792 728 4856 sine,
763 4791 882 4848 talis
908 4791 1067 4849 datur
1109 4793 1434 4862 dilTerentia,
1464 4798 1719 4866 quoniam
1762 4797 1865 4853 illa:
1893 4813 2013 4870 qua:
2046 4809 2175 4854 sunt

594 4887 711 4941 sine
741 4886 937 4953 littera,
968 4886 1187 4953 debent,
1219 4898 1376 4958 prout
1403 4900 1647 4958 possunt,
1678 4892 1915 4961 amplius
1961 4892 2176 4947 adiuvi-

594 4992 714 5033 cem
768 4977 942 5049 ligari.
993 4978 1100 5035 Sed
1162 4979 1470 5051 huiusmodi
1526 4983 1827 5053 pmprietas
1878 4984 2176 5055 aliquando

592 5070 857 5124 omittitur
884 5084 1047 5139 supra
1095 5071 1327 5128 litteram
1380 5073 1466 5130 bis
1494 5074 1678 5145 ﬁguris
1725 5076 2073 5144 associatam,
2120 5086 2176 5133 et

595 5161 752 5230 hujus
779 5161 1067 5232 ﬁgurarum
1096 5165 1422 5236 proprietas,
1456 5176 1561 5223 tam
1599 5168 1794 5224 littera
1822 5168 2172 5236 sociatarum,

590 5269 750 5324 quam
792 5270 922 5323 non,
954 5255 1149 5313 dantur
1192 5256 1487 5315 divisiones
1530 5273 1594 5313 ac
1634 5260 1796 5315 etiam
1842 5260 2043 5331 regulae
2088 5276 2177 5317 se-

593 5354 839 5413 quentes.
866 5346 1207 5419 Quapropter
1225 5349 1291 5405 ad
1313 5350 1495 5406 omnia
1525 5349 1780 5405 discenda
1806 5352 2011 5420 prolata
2033 5352 2177 5408 scire

591 5434 851 5493 debemus
896 5442 1040 5509 quod
1090 5457 1183 5498 sex
1217 5444 1589 5499 tantummodo
1622 5444 1808 5513 ﬁgurae
1851 5455 1978 5501 sunt
2024 5444 2179 5500 adin-

589 5542 761 5585 ventae
790 5549 803 5584 ε
834 5548 1058 5603 quarum
1083 5534 1223 5591 ιιῑυω
1248 5546 1304 5593 et
1333 5536 1471 5593 bina:
1496 5553 1711 5608 semper
1730 5548 1856 5594 sunt
1881 5538 2093 5603 afﬁnes,
2120 5541 2172 5596 in

590 5622 766 5679 forma
795 5636 851 5683 et
895 5626 946 5683 in
979 5630 1275 5697 quantitate
1304 5632 1632 5695 consimiles,
1664 5632 1892 5696 scilicet,
1925 5634 1977 5688 in
2025 5645 2172 5705 pote-

594 5724 758 5785 state,
805 5730 945 5787 arte,
990 5721 1169 5789 regula
1198 5720 1452 5778 dillerunt
1479 5733 1534 5777 et
1578 5735 1787 5779 natura.
1837 5725 2074 5795 Quarum
2118 5737 2174 5781 et

584 5808 753 5885 prima
783 5826 945 5881 super
969 5828 1160 5869 omnes
1192 5814 1311 5870 lous
1341 5826 1426 5871 est
1450 5826 1505 5870 et
1531 5816 1686 5886 origo
1712 5816 1884 5884 ipsius
1926 5816 2167 5873 scientia:

585 5912 743 5971 atque
790 5904 929 5970 linis,
962 5919 1085 5975 qua:
1133 5903 1368 5975 perlecta
1415 5899 1569 5975 long‘a
1625 5905 1846 5963 minuta-
1876 5917 2099 5963 vocatur
2147 5926 2163 5972 ;

2271 613 2521 679 sumpsit,
2552 628 2615 666 eo
2647 614 2785 677 quod
2827 613 2925 669 Sub
2958 623 3105 668 certa
3134 612 3473 667 dimensione
3503 613 3829 684 longitudinis

2273 702 2449 763 unius,
2505 717 2599 772 per
2626 705 2769 755 roris
2810 704 3167 759 accidentiam
3215 707 3268 759 in
3312 721 3457 760 mora
3488 706 3623 760 circa
3668 706 3827 776 ipsum

2272 796 2550 865 aequaliter
2579 800 2983 865 proportionata
3017 780 3217 862 manet,
3266 801 3608 868 seipsamque
3651 800 3702 854 iu
3742 814 3832 856 no-

2274 902 2393 940 vem
2441 899 2619 956 partes
2669 890 3016 943 diminuendo
3065 890 3350 953 dupliciter
3392 891 3644 959 partiens,
3694 888 3833 962 cujus

2275 979 2443 1032 forma
2493 978 2937 1049 quadrangularis
2986 980 3239 1049 efﬁcitur,
3290 997 3497 1036 comam
3544 997 3748 1052 semper
3789 983 3835 1038 in

2272 1072 2390 1138 ejus
2442 1073 2603 1125 latere
2631 1072 2830 1125 destro
2881 1074 3068 1137 lixam,
3121 1089 3214 1142 per
3244 1090 3404 1137 uitam
3449 1074 3611 1147 etiam
3648 1089 3827 1130 nomen

2276 1162 2621 1233 longitudinis
2655 1164 2853 1220 habere
2884 1176 3139 1231 meretur,
3166 1178 3222 1231 ut
3253 1177 3401 1236 patet
3427 1167 3480 1221 in
3510 1169 3776 1239 praesenti.

2320 1311 3539 1362 :__._________..:::3

2273 1348 2461 1361 Ma

3541 1350 3815 1363 ———_

2349 1435 2595 1492 Secunda
2626 1451 2756 1490 vero
2805 1436 3116 1505 imperfecta
3170 1438 3327 1511 longa
3358 1439 3646 1507 aliquando
3688 1439 3834 1495 etiam

2280 1544 2384 1581 non
2435 1538 2514 1583 est
2569 1526 2839 1593 perfecta:
2889 1531 3032 1600 quod
3086 1545 3191 1584 non
3241 1530 3481 1600 perfecta
3528 1529 3739 1597 dicitur,
3782 1546 3837 1587 eo

2280 1624 2417 1695 quod
2447 1623 2550 1679 nisi
2577 1623 2685 1678 duo
2711 1632 2947 1693 tempora
2972 1624 3210 1679 continet
3236 1626 3289 1680 in
3318 1640 3398 1691 se,
3445 1623 3757 1680 afﬁnitatem
3796 1626 3839 1679 in

2290 1716 2462 1779 forma
2508 1729 2561 1772 ct
2617 1717 2945 1788 proprietate
2998 1716 3250 1787 perfectae
3298 1717 3483 1791 ﬁgura:
3537 1730 3749 1785 tenens,
3797 1729 3845 1774 ut

2283 1816 2447 1874 patet.

2289 1956 2427 1966 ’.ρο-ι-
2434 1956 3716 1969 mm...—
3744 1960 3824 1969 ——~

2490 1961 3826 2028 ml:

2350 2079 2526 2134 'l‘erlia
2558 2092 2702 2137 recta
2748 2082 2926 2138 brevis
2956 2084 3173 2151 dicitur,
3214 2084 3284 2140 ab
3312 2100 3379 2141 eo
3408 2090 3555 2157 quod
3588 2102 3743 2141 unum
3770 2102 3845 2141 re-

2279 2185 2423 2228 ctum
2454 2182 2509 2228 et
2538 2177 2808 2246 integrum
2839 2175 3083 2231 continet
3128 2175 3182 2231 in
3227 2189 3287 2232 se
3335 2188 3572 2248 tempus,
3607 2179 3845 2246 ωἱρςιην

2278 2281 2382 2335 que
2412 2268 2462 2320 iu
2488 2267 2620 2321 duas
2648 2267 2961 2322 diminuens
3002 2280 3181 2337 partes
3228 2284 3337 2324 non
3368 2270 3630 2341 aequales,
3684 2269 3766 2326 vel
3805 2271 3849 2325 in

2282 2368 2391 2414 tres
2442 2359 2810 2415 tantummodo
2866 2361 3102 2432 aquales
3157 2370 3213 2416 ct
3265 2360 3666 2428 indivisibiles;
3712 2359 3851 2430 cuitu

2281 2451 2449 2505 l'oruia
2480 2453 2924 2525 quadrangularis
2969 2464 3074 2518 est,
3107 2452 3253 2510 omni
3283 2468 3480 2510 carens
3528 2451 3851 2526 proprietate,

2282 2555 2337 2597 ut
2365 2545 2451 2598 hic
2477 2561 2490 2597 :

2278 1993 2486 2004 .——-—~

3552 1996 3775 2007 ——-—-

2288 2694 3834 2747 LW

2284 2729 2616 2741 .-————_-

2351 2823 2573 2889 Quarta,
2620 2823 2788 2878 altera
2822 2823 3003 2879 brevis
3049 2818 3372 2893 appellatur,
3430 2838 3501 2880 eo
3548 2825 3688 2895 quod
3732 2823 3853 2877 duas

2284 2923 2457 2966 rectas
2502 2913 2695 2968 breves
2727 2924 2895 2981 tenet,
2927 2928 3091 2985 atque
3119 2930 3333 2985 semper
3361 2915 3598 2991 alterum
3644 2924 3854 2981 occupat

2283 3005 2483 3069 locum,
2515 3006 2827 3062 afﬁnitatem
2876 3014 3038 3062 rectte
3069 3006 3247 3062 brevis
3276 3016 3383 3061 tam
3418 3010 3470 3060 in
3502 3008 3672 3062 forma
3701 3020 3848 3075 quam

2282 3097 2334 3151 in
2366 3096 2694 3167 proprietate
2725 3109 2777 3151 ct
2800 3099 3059 3153 societate
3091 3108 3302 3163 tenens,
3337 3112 3390 3151 ut
3424 3098 3554 3153 hic:

2807 3268 2991 3281 oo—U‘.‘

3258 3311 3688 3321 ..πη-...Μ
3709 3305 3835 3321 ..ο-.-

2294 3310 2545 3318 -,--.ι--.
2556 3310 3008 3319 ο-σΔ--ωῇσονκο
3052 3310 3119 3318 ει.-

2355 3422 2551 3490 Quinta
2578 3440 2706 3479 vero
2727 3422 3041 3478 scmibrevis
3065 3423 3234 3490 major
3250 3422 3464 3485 dicitur,
3488 3436 3545 3478 et
3567 3421 3723 3477 habet
3748 3435 3845 3478 asc

2286 3514 2462 3568 minus
2507 3529 2781 3585 magnum,
2807 3515 2950 3585 quod
2975 3516 3134 3570 etiam
3162 3515 3559 3586 imperfectum,
3593 3524 3649 3572 et
3675 3517 3855 3580 brevis,

2285 3605 2407 3672 quia
2437 3605 2749 3670 imperlecta
2774 3606 3003 3660 scientia
3032 3607 3211 3662 brevis
3232 3618 3288 3661 et
3307 3605 3477 3677 major
3498 3617 3605 3669 est,
3621 3608 3853 3676 quoniam

2287 3702 2542 3771 majorem
2574 3712 2777 3770 partem
2812 3701 3003 3756 retinet
3037 3712 3195 3758 reda:
3226 3701 3428 3768 brevis,
3478 3714 3531 3756 ut
3566 3705 3856 3773 pncdictmu

2284 3803 2385 3853 est,
2414 3796 2567 3862 Cujus
2596 3792 2649 3845 lo
2682 3808 2765 3846 ma
2789 3792 2907 3848 talis
2934 3804 3017 3848 est
3044 3810 3055 3845 :

3580 3964 3837 3979 —-———-F

2285 3968 2393 3977 *ν-
2414 3964 2623 3977 *φὼς-ο
2632 3964 3571 3977 “MM—~-

2285 3968 2393 3977 .._-—
2562 3964 3612 3977 “-W*—_

2283 3964 3473 4017 ———n———~——om>——_———.-
3484 4004 3612 4013 ἡ.

3618 4001 3835 4012 _..__..__.

2806 4004 3083 4013 ηυ--ε--υ-ο-ι

2348 4092 2509 4150 Scxta
2542 4095 2860 4149 semihrevis
2912 4095 3084 4150 minor
3114 4096 3379 4152 consimili
3410 4096 3577 4152 modo
3604 4096 3793 4153 dicitur
3809 4101 3857 4149 et

2287 4186 2511 4251 minore,
2553 4202 2621 4242 eo
2658 4188 2801 4258 quod
2856 4188 3118 4243 minorem
3173 4193 3223 4245 in
3267 4204 3328 4246 se
3371 4190 3615 4257 continet
3665 4195 3855 4260 partem

2287 4288 2446 4333 rectm
2474 4280 2672 4345 brevis,
2708 4291 2895 4337 tenens
2934 4281 3247 4338 afﬁnitatem
3292 4282 3345 4338 in
3384 4284 3555 4338 forma
3581 4294 3635 4340 et
3666 4278 3852 4353 quanti-

2286 4382 2394 4429 tate
2425 4373 2754 4443 praecedens,
2786 4389 2837 4428 ut
2869 4375 2985 4431 hic:

2902 4557 3261 4567 m

2847 4559 2885 4565 _
2902 4553 3824 4567 μιῇ-φῂ--ῌςοῂ--ι-

2847 4559 2885 4565 _
2902 4554 3824 4567 μκή-ο..νῂῇ-

2285 4554 3838 4607 :III:__-__..___-_______—.—

2356 4700 2489 4755 Cum
2520 4698 2679 4767 igitur
2723 4700 2951 4768 perlecta
3000 4700 3163 4771 ﬁgura
3205 4713 3427 4755 manens
3466 4698 3521 4755 in
3573 4700 3770 4754 unitate
3792 4696 3854 4749 sit

2286 4790 2406 4846 lous
2426 4805 2477 4846 et
2511 4792 2661 4862 origo
2686 4791 2858 4862 ipsius
2895 4793 3139 4848 scientia
3166 4802 3222 4847 et
3244 4793 3387 4854 ﬁnis.
3420 4805 3702 4861 propterea
3728 4787 3855 4860 quod

2286 4884 2463 4938 omnis
2498 4894 2690 4939 cantus
2722 4883 2791 4938 ab
2818 4885 3011 4939 eadem
3043 4882 3284 4955 procedit
3332 4896 3387 4939 et
3417 4885 3470 4939 in
3500 4884 3685 4939 eadem
3712 4880 3856 4948 repit.

2281 4987 2466 5033 catur:
2519 4989 2571 5031 et
2602 4977 2713 5047 ipsa
2758 4979 2809 5033 in
2853 4982 3091 5033 numeris
3129 4978 3394 5045 consistit,
3447 4978 3773 5048 temporibus
3808 4980 3857 5028 et

2285 5069 2571 5133 mensuris,
2600 5078 2652 5125 et
2685 5069 2877 5125 trinam
2907 5071 2959 5125 in
3000 5085 3061 5126 se
3096 5071 3339 5127 continet
3373 5070 3749 5141 gentilitatem.
3788 5066 3854 5121 vi-

2282 5162 2413 5219 dere
2438 5174 2685 5233 sequitur
2708 5164 2849 5235 quod
2880 5164 2994 5234 ipsa
3026 5165 3173 5236 prior
3199 5165 3409 5222 caeteris
3449 5179 3572 5221 esse
3618 5163 3850 5219 videtur:

2280 5270 2349 5312 eo
2391 5257 2533 5327 quod
2590 5258 2773 5313 mundi
2825 5257 3076 5315 conditor
3116 5258 3256 5316 Deus
3304 5259 3483 5314 omnia
3525 5261 3579 5313 lu
3621 5269 3850 5320 numero.

2283 5350 2521 5418 pondere
2568 5358 2626 5403 et
2679 5366 2929 5425 mensura
2970 5350 3290 5417 constituit,
3342 5360 3398 5406 et
3439 5351 3541 5407 hoc
3576 5346 3853 5421 principale

2279 5441 2488 5497 exstitit
2513 5444 2791 5513 exemplar
2812 5444 2866 5499 in
2894 5444 3078 5501 animo
3104 5443 3430 5502 Conditoris.
3462 5444 3595 5500 Nam
3621 5455 3852 5514 queenti-

2280 5550 2386 5605 qne
2409 5550 2440 5590 a
2474 5536 2735 5605 primurn
2756 5537 2903 5594 orbis
2931 5538 3139 5610 origine
3185 5538 3413 5594 formata
3442 5550 3587 5599 sunt.
3618 5548 3851 5594 numero-

2279 5645 2399 5685 rum
2430 5632 2636 5687 ratione
2663 5633 2911 5690 universa
2937 5647 3061 5690 esse
3086 5635 3398 5693 constituta.
3428 5635 3493 5691 Et
3523 5637 3639 5691 ideo
3668 5645 3849 5689 om

2279 5736 2370 5778 rus
2395 5737 2612 5778 omnem
2635 5735 2937 5780 creaturam
2959 5732 3149 5780 natura
3174 5726 3450 5794 praecedit,
3491 5726 3616 5782 etin
3642 5722 3849 5795 singuli

2279 5815 2543 5870 ternarias
2576 5815 2882 5871 invenitur:
2910 5807 3036 5886 quia
3064 5816 3133 5871 ab
3159 5817 3416 5872 inetl'abili
3445 5817 3846 5884 Trinitate,qtta

2276 5916 2465 5963 cuncta
2503 5909 2758 5965 condidit.
2791 5908 3149 5968 essentialtter
3177 5924 3286 5967 non
3316 5909 3539 5969 recedit.
3562 5902 3843 5968 Uadeillud
