4098 6208
331 427 429 486 925

1609 428 1862 487 MUSICA
1907 425 2265 484 PRACTIGA.

3489 430 3592 485 9‘26

327 537 375 600 in
418 539 726 598 auctoribus
757 541 966 613 legitur,
996 542 1268 614 quomodo
1298 543 1436 601 Deus
1466 545 1730 615 imperare
1759 560 1890 618 ενα·
1925 550 1968 606 Α
2002 561 2106 598 non
2133 555 2333 599 rectum
2366 557 2668 599 triensuram
2691 538 3126 612 habentes,un
3145 541 3446 599 faciendum
3473 553 3589 602 est:

328 636 409 693 det
435 634 691 702 ternario,
724 635 796 690 ita
827 634 913 690 bit:
953 650 1212 691 numerus
1244 637 1386 692 inest
1430 638 1591 693 rebus
1629 639 1894 703 omnibus,

329 733 464 801 cuius
497 731 820 800 principium
849 733 1027 788 unitas
1056 745 1162 798 est,
1190 749 1310 804 qum
1333 729 1518 790 Grm’ce
1553 751 1740 791 monos
1770 734 1898 790 dici-
1945 775 1951 780 -

330 833 425 879 tttr.
452 823 564 893 Ipsa
588 837 715 878 vero
740 839 844 878 non
875 840 1148 888 numerus,
1175 827 1266 879 sed
1302 825 1422 881 fons
1453 837 1508 882 et
1527 830 1678 898 origo
1709 845 1898 882 nume-

330 923 522 978 roru‘m,
553 913 870 982 principium
900 925 954 969 et
983 914 1101 969 linis
1121 917 1386 970 omnium:
1422 927 1477 972 et
1505 917 1625 972 ideo
1663 933 1767 971 non
1801 919 1899 972 int--

328 1009 509 1063 merito
556 1010 623 1061 ad
680 1023 944 1061 summam
996 1007 1226 1062 refertur
1270 1007 1618 1070 Trinitatem,
1659 1010 1777 1076 quia
1817 1024 1902 1064 res

327 1098 568 1168 quieliliet
595 1097 856 1152 naturalis
880 1099 946 1152 ad
965 1098 1369 1154 similitudinem
1392 1099 1590 1153 divinae
1616 1108 1815 1154 natum
1835 1116 1897 1155 ex

329 1193 486 1246 tribus
505 1204 756 1247 constare
785 1195 1059 1246 annuitur.
1084 1192 1141 1244 in
1170 1194 1387 1246 vocibus
1410 1209 1462 1247 et
1484 1195 1716 1255 sonis,et
1744 1193 1901 1249 rebus

326 1285 566 1340 omnibus
600 1285 738 1340 trina
788 1292 992 1339 tantum
1023 1285 1267 1339 censis-tit
1295 1288 1666 1351 consonantia,
1698 1286 1900 1339 scilicet

324 1378 676 1442 diatessaron,
711 1376 965 1446 diapente
1003 1387 1058 1433 et
1090 1376 1368 1447 diapason.
1412 1380 1556 1435 ﬂant
1583 1378 1744 1449 igitur
1771 1379 1904 1433 Tri-

325 1469 537 1525 nitatem
565 1468 744 1524 omnia
780 1469 1093 1526 naturaliter
1123 1470 1346 1524 formata
1371 1471 1738 1540 consequitur,
1763 1485 1900 1542 quo-

325 1563 459 1617 niam
490 1562 650 1617 rebus
673 1561 924 1617 omnibus
948 1562 1016 1616 ab
1037 1564 1239 1630 origine
1273 1564 1441 1632 prima
1473 1562 1788 1617 naturaliter
1821 1559 1900 1615 in-

326 1656 634 1724 haerentem,
650 1655 704 1708 in
721 1669 932 1708 summo
951 1663 1006 1710 et
1020 1654 1192 1724 primo
1205 1654 1430 1720 artiﬁce,
1447 1655 1608 1710 fuisse
1624 1654 1901 1722 imperitos

322 1751 619 1804 necessario
675 1748 897 1823 credere
947 1757 1193 1818 Oportet:
1225 1763 1345 1803 cum
1385 1747 1514 1803 nihil
1545 1750 1691 1818 prius
1730 1749 1797 1806 sit
1825 1749 1901 1802 fa-

319 1849 476 1907 ctum,
503 1840 605 1895 nisi
642 1842 784 1908 prius
814 1841 884 1896 sit
919 1841 973 1894 in
999 1840 1205 1895 artiﬁce
1257 1839 1485 1895 faciendi
1517 1843 1774 1909 potentia,
1818 1841 1898 1896 vel

319 1930 584 2000 sapienter
635 1930 750 1990 sine
803 1929 1085 2002 sapientia,
1114 1941 1244 1997 ete.,
1276 1931 1722 2001 nullmindigeat,
1771 1931 1899 1988 nihil
1936 1915 1981 1974 Β
2062 1970 2262 1986 ρ...-

319 2027 384 2080 ab
405 2041 468 2080 eo
494 2025 584 2080 ﬁat
609 2023 710 2080 nisi
732 2040 794 2081 ex
821 2025 1012 2096 gratia.
1040 2023 1172 2081 Cum
1194 2025 1354 2096 igitur
1368 2028 1440 2080 ab
1457 2040 1522 2080 eo
1544 2025 1675 2080 fiant
1696 2028 1902 2089 omnia,

317 2115 608 2171 maximum
632 2124 714 2170 est
738 2115 1097 2184 sapientibus,
1126 2114 1269 2186 quod
1301 2119 1415 2170 [me
1446 2118 1566 2182 uia,
1598 2116 1801 2170 scilicet
1822 2131 1906 2170 sa-

315 2207 537 2279 pientia,
563 2206 818 2274 potentia,
848 2207 1038 2277 gratia.
1064 2217 1190 2262 sunt
1213 2207 1266 2261 in
1291 2206 1468 2261 divina
1497 2206 1758 2270 Ecclesia.
1782 2208 1906 2278 quia

316 2296 380 2350 ad
399 2309 670 2352 summum
696 2297 1101 2367 perlectumque
1134 2299 1329 2353 bonum
1357 2297 1504 2366 plura
1529 2312 1634 2351 non
1657 2308 1784 2352 sunt
1813 2313 1908 2353 ne-

315 2393 564 2445 cessaria.
617 2388 683 2444 Et
733 2401 858 2444 tunc
911 2389 1151 2444 omnium
1189 2389 1358 2458 prima
1412 2389 1668 2460 principia
1703 2399 1906 2446 tantum

317 2491 436 2535 sunt
481 2482 610 2537 tria.
669 2482 996 2550 Principium
1053 2481 1361 2547 immobile,
1404 2481 1544 2536 Dens
1587 2481 1906 2553 principium

318 2573 698 2643 principiorum
723 2590 733 2622 ,ι
768 2573 1085 2640 principium
1114 2572 1312 2629 mobile.
1340 2574 1596 2638 emisistis,
1631 2589 1791 2644 super
1815 2591 1907 2630 cu-

311 2663 392 2733 jus
439 2674 591 2720 motu
623 2676 900 2720 moventur
925 2667 1125 2720 omnia.
1175 2667 1241 2721 Et
1270 2677 1325 2722 ut
1355 2667 1589 2723 breviter
1628 2667 1902 2724 dicamus:

316 2759 494 2812 Omnis
519 2767 707 2813 cantus
740 2758 1222 2822 mensurabilis,ab
1249 2758 1361 2826 ipsa
1394 2759 1557 2828 ﬁgura
1583 2759 1826 2830 procedit
1852 2771 1906 2815 et

320 2850 593 2919 dividitur,
621 2861 672 2908 et
702 2851 755 2907 in
785 2853 1028 2909 eamdem
1063 2853 1368 2920 replicatur,
1399 2862 1448 2907 et
1490 2867 1679 2909 omnes
1722 2854 1906 2924 ﬁgura:

320 2947 710 3018 subsequentes
760 2948 824 3003 ad
855 2944 1149 3014 eamdem,
1195 2959 1414 3017 propter
1459 2945 1904 3018 atquipollentiam

321 3039 678 3109 mittendam,
701 3041 956 3095 recurrit.
977 3040 1139 3108 Cujus
1157 3040 1338 3111 regula
1363 3037 1482 3094 talis
1498 3045 1600 3104 est,
1614 3052 1668 3093 et
1687 3047 1898 3102 natura,

315 3131 451 3200 quod
476 3139 800 3203 quandoque
827 3140 1042 3203 reperta
1068 3139 1153 3188 est
1181 3140 1307 3188 ante
1324 3133 1786 3202 longam,semper
1805 3131 1902 3186 tria

320 3235 555 3296 tempora
579 3235 740 3282 tenet.
777 3224 937 3281 Verbi
970 3226 1169 3296 gratia:

385 3573 636 3629 Allinitus
667 3583 842 3628 autem
868 3574 1005 3645 ejus,
1036 3589 1155 3643 qua:
1187 3575 1238 3628 in
1268 3572 1437 3629 forma
1466 3573 1566 3628 sibi
1607 3574 1902 3628 consimilis

317 3664 572 3732 efﬁcitur,
601 3665 869 3732 sequitur:
903 3664 1052 3735 cujus
1083 3665 1262 3733 regula
1307 3665 1428 3720 talis
1469 3675 1546 3720 est
1597 3676 1648 3718 et
1689 3673 1898 3728 natura,

311 3763 450 3831 quod
478 3773 846 3830 semperante
877 3766 1094 3814 brevem
1129 3761 1210 3814 \el
1255 3769 1373 3828 post
1403 3769 1546 3814 stare
1571 3758 1750 3821 debet,
1783 3771 1902 3828 quae

314 3853 414 3910 sibi
441 3853 773 3910 Collateralis
805 3865 926 3907 esse
959 3853 1205 3906 refertur.
1228 3849 1384 3905 Verbi
1411 3850 1612 3920 gratia:

385 4151 436 4206 In
467 4167 574 4222 qua
600 4152 811 4207 nonnisi
833 4151 938 4206 duo
967 4161 1205 4221 tempora
1235 4148 1618 4204 communicari
1646 4153 1896 4199 tenentur

313 4245 524 4302 ratione
553 4246 897 4310 collateralis,
951 4260 1068 4316 qua:
1098 4245 1165 4298 ab
1196 4245 1382 4299 eodem
1420 4242 1649 4296 sutnitur
1680 4254 1706 4290 a
1754 4251 1904 4307 parte

311 4336 450 4394 ﬂuis.
485 4338 642 4396 Unde
673 4352 859 4393 versus
881 4354 896 4392 :

1717 3412 1885 3424 Ἦ

1704 3447 1882 3460 ἀ’-.-

311 4000 566 4014 “0——

311 4037 566 4052 *—

494 4456 624 4501 Ante
649 4463 768 4499 vero
789 4451 1004 4512 longam,
1031 4450 1228 4499 minirra
1256 4447 1396 4512 longa
1425 4445 1625 4496 faciunt.

491 4515 547 4563 Si
574 4514 740 4563 brevis
757 4510 978 4583 addatur,
1003 4512 1101 4562 duo
1118 4519 1335 4573 tempora
1363 4510 1506 4571 longa
1531 4516 1752 4556 uteretur

2002 642 2147 711 quia,
2174 641 2215 696 si
2235 655 2417 695 verum
2443 650 2747 704 esset,tunc
2769 653 2946 710 posset
2972 639 3086 694 fieri
3115 647 3305 693 cantus
3325 637 3587 695 naturalis

2002 733 2072 788 de
2092 725 2340 786 omnibus
2373 731 2722 800 imperfecﬁs,
2740 732 2992 801 quoniam
3017 731 3386 802 imperfectum
3402 728 3585 787 dicunt

2003 839 2125 878 esse
2153 821 2470 892 perlectum.
2503 822 2655 876 Sicut
2682 824 2824 877 enim
2849 837 2935 878 res
2957 823 3208 892 quaelibet
3235 821 3497 877 naturalis
3526 821 3593 874 ad

2002 914 2408 969 similitudinem
2450 914 2645 968 divina:
2671 923 2898 978 natura,
2942 930 3007 968 ex
3038 914 3210 969 tribus
3235 923 3484 970 constare
3514 913 3596 967 in-

2005 1016 2237 1068 Vt‘niilll‘,
2269 1015 2323 1060 et
2354 1004 2405 1059 in
2431 1005 2650 1058 vocibus
2678 1013 2732 1058 et
2753 1004 2900 1059 sonis
2927 1008 3062 1060 trina
3096 1016 3301 1060 tantum
3337 1005 3595 1061 consistat

2003 1098 2382 1151 consonantia:
2416 1095 2494 1150 sic
2523 1098 2698 1151 Omnis
2724 1107 2913 1150 cantus
2937 1096 3315 1151 mensurabilis
3345 1096 3409 1151 ad
3441 1096 3596 1150 simi-

2007 1192 2278 1247 litudinem
2302 1191 2499 1246 divina:
2533 1203 2759 1257 naturm,
2787 1207 2850 1247 ex
2881 1193 3050 1246 tribus
3095 1203 3344 1249 constare
3389 1193 3598 1248 inveni-

2006 1297 2121 1340 tur:
2154 1286 2306 1356 cujus
2336 1285 2580 1355 probatio
2628 1293 2774 1353 patet
2801 1285 2855 1338 in
2889 1301 3162 1354 mensura,
3213 1284 3302 1340 ubi
3330 1284 3596 1341 tertiarius

2006 1394 2261 1432 numerus
2293 1379 2567 1434 reducitur
2593 1378 2659 1429 ad
2692 1379 3091 1446 perl‘ectantJSt
3114 1394 3180 1432 ne
3211 1378 3262 1432 in
3287 1379 3593 1448 ambiguum

2005 1470 2380 1540 procedamus,
2410 1468 2691 1523 sciendum
2721 1479 2806 1523 est
2831 1469 2972 1538 quod
3006 1469 3238 1537 perfecta
3272 1467 3438 1538 ﬁgura
3461 1470 3598 1523 mul-

2006 1559 2175 1630 tiplici
2207 1562 2547 1630 cognoscitur
2569 1558 2770 1627 regula.
2800 1557 3151 1624 l‘rima,sicut
3171 1558 3372 1627 prtefati
3402 1567 3599 1613 canunt

2005 1651 2286 1715 versiculi;
2315 1649 2573 1714 secunda,
2604 1647 3040 1718 quantiocunuue
3079 1649 3219 1704 inter
3241 1650 3375 1703 duas
3405 1649 3599 1720 longas

2005 1743 2126 1795 dum:
2157 1742 2348 1797 breves
2378 1742 2524 1795 omni
2556 1743 2886 1811 proprietate
2917 1752 3164 1796 carentes
3190 1740 3597 1809 evenerunt,al‘-

2008 1835 2263 1888 linitatem
2294 1833 2346 1887 in
2383 1830 2555 1887 forma
2586 1843 2855 1888 carentes.
2893 1832 3049 1888 Verbi
3076 1831 3280 1903 gratia:

2079 2300 2124 2354 0
2156 2298 2341 2362 Maria,
2369 2297 2525 2352 beata
2553 2295 2808 2366 genitrix‘.

2082 2393 2286 2461 Prima,
2312 2391 2515 2459 profert
2543 2407 2705 2445 unum
2737 2402 2968 2460 tempus,
2997 2405 3114 2458 qua:
3144 2401 3284 2444 recta
3320 2387 3496 2444 brevis
3518 2388 3597 2442 di-

2009 2490 2172 2554 citur,
2216 2486 2416 2542 faciens
2455 2486 2586 2552 duo,
2618 2499 2738 2555 qua:
2765 2483 2926 2537 altera
2965 2482 3141 2537 brevis
3188 2480 3504 2552 appellatur,
3543 2490 3601 2537 et

2008 2580 2237 2637 sumitur
2256 2595 2285 2634 a
2310 2589 2463 2650 parte
2491 2579 2610 2634 linis
2641 2577 2824 2649 ﬁgura:
2848 2577 3229 2645 praecedentis:
3261 2587 3314 2631 et
3342 2576 3597 2646 quoniam

2011 2673 2062 2727 in
2085 2672 2178 2727 tali
2207 2670 2419 2727 binario
2464 2671 2562 2726 tria
2593 2683 2836 2739 tempora
2863 2669 3188 2724 commorari
3234 2667 3600 2738 reperiuntur,

2011 2766 2132 2821 ideo
2161 2767 2439 2832 longarum
2463 2763 2669 2832 quzevis
2701 2761 3073 2832 praedictarum
3097 2774 3129 2814 a
3161 2758 3268 2814 Deo
3311 2758 3597 2829 pet-lectio-

2009 2865 2131 2918 nem
2163 2861 2397 2917 retinere
2439 2867 2697 2921 tueretur,
2725 2854 2827 2911 nisi
2875 2850 3247 2909 tantummodo
3274 2851 3386 2907 sola
3420 2851 3601 2908 brevia

2010 2957 2233 3026 primaut
2256 2951 2590 3024 praecesserit
2616 2952 2848 3021 longam,
2864 2945 3000 3004 sicut
3027 2958 3123 3017 per
3147 2946 3283 3002 banc
3308 2945 3602 3003 clausulam

2011 3056 2154 3119 patet
2174 3066 2187 3100 :

2084 3517 2232 3571 Tunc
2263 3516 2370 3568 duo
2401 3521 2641 3580 tempora
2691 3508 2848 3578 longa
2881 3502 3114 3560 tenebit:
3161 3510 3214 3554 et
3243 3497 3322 3552 sic
3349 3492 3604 3565 perfectio

2013 3619 2137 3662 ante
2191 3605 2583 3676 profectionem
2647 3600 2988 3667 coniunctam
3057 3594 3178 3648 sive
3231 3587 3596 3676 ili-junctam,

2014 3673 2280 3766 nunquam
2331 3693 2555 3750 diminui
2593 3698 2799 3759 potest:
2846 3686 3101 3756 quoniam
3149 3681 3301 3749 longa
3363 3673 3604 3745 perfecta.

2014 3793 2194 3860 nequit
2251 3788 2448 3843 habere
2500 3783 2919 3856 perfectionem,
2975 3778 3076 3832 nini
3117 3775 3386 3830 mediante
3424 3771 3600 3840 aiiqua

2015 3881 2342 3954 perfectione.
2387 3886 2665 3948 sequente.
2699 3875 2903 3936 Tertia,
2929 3873 2972 3926 si
3006 3881 3116 3926 tres
3147 3872 3285 3922 inter
3319 3864 3607 3934 praediatus

2011 3979 2327 4050 quandoque
2367 3974 2730 4043 reperiantur,
2775 3967 2910 4023 etin
2954 3964 3125 4020 forma
3154 3958 3493 4019 consimiles,
3541 3962 3600 4010 ut

2013 4075 2127 4128 hic;

2309 4216 2351 4249 ’ν
2442 4198 3463 4279 “Ι·-ΠΞ’-

2173 4214 3468 4348 :‘I—‘azu-u:-‘
3489 4328 3532 4344 η

2178 4340 3470 4422 :-

2077 4462 3532 4494 Μ

2087 4557 2148 4611 Et
2173 4555 2297 4610 licet
2319 4569 2483 4608 ttnum
2517 4561 2729 4616 tempus
2761 4554 3070 4609 conservat,
3099 4553 3154 4597 et
3183 4551 3294 4595 tum
3327 4533 3601 4592 nihilomi-

381 4617 537 4676 unde
553 4617 849 4712 “mam”
877 4627 960 4672 εει
984 4619 1123 4688 (μ’θὰ
1153 4616 1580 4712 ίιωηδθωηφῗθ
1606 4610 1898 4712 imefdm's
1933 4643 1982 4703 D
2013 4610 2118 4704 nus
2141 4645 2283 4702 nulla
2317 4645 2593 4712 longarum
2635 4610 2886 4692 virtutem
2919 4636 3032 4690 sive
3059 4623 3283 4702 gratiam
3315 4643 3426 4684 sua:
3467 4640 3596 4696 per-

309 4711 500 4784 longa:
520 4713 636 4770 sola
667 4711 846 4768 brevis
885 4713 1146 4779 evenerit,
1191 4724 1404 4779 seraper
1431 4707 1498 4762 ad
1529 4703 1897 4776 itttperfccuttn

308 4807 597 4864 reducetur
632 4807 1020 4877 praecedentem
1046 4846 1062 4868 ,
1113 4813 1166 4858 et
1215 4801 1406 4857 merito
1449 4814 1572 4854 cum
1612 4798 1678 4850 ab
1713 4798 1901 4848 eadem

307 4907 646 4970 procreatur,
675 4895 940 4953 consimili
965 4897 1122 4951 modo
1148 4896 1258 4949 lite
1277 4905 1563 4946 converso.
1589 4887 1743 4945 Unde
1769 4901 1901 4943 con-

307 4988 655 5046 siderandum
707 5001 824 5057 est,
867 4989 1082 5060 quando
1122 4985 1355 5058 perfecta
1403 4985 1516 5038 lieri
1550 4978 1768 5052 nequit,
1799 4978 1900 5033 nisi

313 5081 587 5139 mediante
615 5081 762 5139 brevi
792 5091 1070 5151 sequente,
1117 5094 1213 5134 seu
1251 5077 1607 5147 praecedente,
1651 5071 1902 5144 quoniam

314 5176 470 5250 longa
488 5177 826 5243 etbrevis,et
841 5193 873 5233 e
893 5188 1174 5241 converso,
1193 5187 1408 5241 semper
1429 5185 1586 5225 unam
1607 5165 1903 5238 perfectio-

309 5285 434 5328 nem
457 5271 682 5328 facinnt.
708 5270 863 5328 Unde
882 5270 926 5326 si
949 5277 1154 5341 quaerat
1178 5264 1372 5333 aliquis
1395 5272 1571 5318 utrum
1593 5259 1757 5331 possit
1787 5257 1853 5311 [ie
1887 5255 1901 5310 i

307 5363 564 5420 modulus
589 5366 705 5420 sive
745 5376 938 5420 cantus
979 5360 1240 5417 naturalis
1280 5359 1351 5412 de
1371 5356 1621 5411 omnibus
1650 5353 1904 5420 imperte-

307 5458 430 5523 ctis,
450 5457 590 5512 sicut
606 5456 664 5510 lit
684 5453 756 5511 de
778 5453 1026 5510 omnibus
1045 5451 1315 5524 perfectis,
1331 5447 1612 5516 responsio
1627 5460 1748 5499 eum

309 5550 651 5622 probatione.
683 5548 825 5620 quod
864 5564 998 5614 non,
1041 5561 1164 5602 cum
1217 5558 1380 5617 puras
1411 5539 1755 5611 imperfectas

309 5656 473 5701 nano
491 5646 841 5712 pronuntiare
858 5641 1047 5712 possit.
1066 5639 1446 5695 Verumtamen
1465 5633 1682 5703 quidam
1706 5633 1758 5686 in

309 5732 519 5791 artibus
539 5734 652 5790 suis
678 5732 936 5797 referunt.
952 5732 1246 5802 perfectam
1269 5729 1492 5799 ﬁguram
1511 5740 1573 5782 se
1592 5724 1759 5779 liabe-

312 5842 373 5884 re
403 5843 504 5900 per
521 5827 966 5885 ultramensuram
983 5844 997 5882 :
1013 5835 1070 5883 et
1087 5825 1346 5898 quosdam
1362 5823 1524 5878 etiam
1540 5819 1751 5880 modos.
1767 5817 1908 5870 sicut

315 5920 559 5995 prium
579 5931 635 5981 et
660 5927 914 5994 quartum
941 5933 1064 5980 esse
1081 5935 1178 5994 per
1207 5913 1702 5981 ultratnensurales,
1724 5910 1773 5965 id
1803 5916 1908 5978 est,

2013 4740 2257 4798 factionis
2286 4738 2513 4799 amittet,
2547 4735 2644 4788 nisi
2687 4744 2744 4787 ttt
2791 4729 3101 4801 prmdictum
3145 4737 3248 4780 est.
3282 4723 3503 4791 Quarta,
3546 4718 3605 4774 sit

2009 4847 2240 4909 quatuor
2267 4834 2406 4887 inter
2435 4830 2720 4897 prmdictas
2748 4822 3048 4886 evenerint,
3071 4831 3260 4872 omnes
3283 4815 3480 4911 breves
3499 4827 3598 4911 pira

2014 4906 2213 4989 tantur,
2243 4933 2298 4977 et
2320 4919 2587 4989 aequales:
2615 4917 2706 4972 sed
2736 4915 2918 4968 ultima
2948 4912 3153 4965 oriatur
3174 4923 3204 4961 a
3227 4906 3597 4973 subsequenti.

2015 5021 2079 5075 Et
2101 5019 2265 5072 etiam
2294 5027 2456 5067 unum
2484 5024 2703 5080 parvum
2742 5015 2972 5061 tractum
3002 5002 3055 5056 in
3083 4999 3252 5054 forma
3285 5006 3342 5052 et
3370 4993 3604 5062 longitu-

2013 5110 2138 5166 dine
2167 5101 2524 5174 scntisuspirii
2551 5099 2791 5154 obtineat
2822 5093 3137 5166 prmcedens
3168 5090 3323 5157 longa
3356 5085 3508 5155 juxta
3532 5082 3607 5135 la-

2013 5213 2098 5258 tus
2119 5214 2276 5256 suum
2303 5205 2488 5267 aperte
2517 5192 2659 5258 linis,
2690 5190 2781 5260 qui
2813 5187 3169 5243 diii'erentiam
3194 5180 3472 5239 modorum
3507 5190 3606 5231 seu

2015 5295 2379 5369 perfecturum
2399 5287 2688 5360 significat,
2715 5291 2775 5340 ut
2801 5283 2924 5338 hic:

2089 5809 2154 5863 Et
2173 5817 2297 5860 tunc
2342 5803 2496 5873 longa
2521 5798 2855 5866 subsequens
2878 5805 3140 5864 tempore,
3165 5790 3269 5846 nisi
3309 5789 3421 5844 duo
3445 5797 3602 5841 tene-

2019 5905 2167 5960 bant.
2218 5899 2286 5958 Et
2345 5900 2446 5956 ltoc
2494 5894 2656 5952 etiam
2702 5890 2998 5950 secundum
3038 5885 3279 5945 ordinem
3320 5879 3497 5952 quarti
3550 5885 3609 5933 et
