4098 6208
587 401 694 461 92⁸1

1090 399 1291 456 BENE
1334 401 1787 460 VENERABILIS
1824 402 1975 458 OPP.
2018 401 2194 459 PARS
2263 401 2297 455 Ι.
2345 399 2540 458 SECT.
2581 400 2644 456 ll.
2676 430 2745 441 —
2778 400 2979 458 DUBIA
3021 402 3112 460 ET
3150 401 3417 461 SPUBIA.

3741 407 3839 463 928

584 511 757 584 quinti
782 511 923 568 modi
947 509 1276 581 imperfecti.
1315 513 1448 568 Nam
1473 514 1517 568 si
1546 523 1749 569 tractus
1779 515 1867 570 ille
1888 514 2167 578 deficeret,
2199 520 2246 580 Α
2277 511 2328 564 in
2383 510 2647 566 divisione
2693 512 2929 583 quinque
2980 515 3205 584 partium
3247 514 3551 571 dividuntur
3574 554 3590 580 ,
3626 528 3838 583 quarum

586 615 714 660 tunc
737 602 906 674 prima
937 604 1177 659 brevium
1211 606 1523 673 procederet
1543 623 1573 661 a
1598 606 1920 676 praecedenti
1955 622 2054 676 per
2081 621 2168 660 or-

584 692 767 752 dinem
792 695 1014 752 secundi
1044 696 1365 766 imperfecti.
1402 699 1558 755 Verbi
1582 701 1784 769 gratia:

657 1136 854 1214 Quinta
892 1161 1050 1213 vero,
1100 1149 1144 1200 si
1186 1147 1509 1216 quandoque
1550 1149 1600 1201 in
1658 1148 1824 1201 forma
1875 1149 2171 1203 consimilis

587 1241 863 1303 evenerit,
916 1250 1025 1292 tres
1063 1238 1248 1306 prima:
1293 1239 1495 1292 dabunt
1548 1255 1703 1293 uuam
1755 1238 2075 1309 perfectam:
2118 1252 2173 1296 et

593 1329 830 1385 binarius
859 1331 1192 1399 subsequens
1220 1345 1324 1383 non
1348 1331 1592 1399 aequalis,
1616 1347 1810 1386 unam:
1840 1343 1892 1386 et
1921 1333 2172 1399 quaelibet

591 1420 897 1490 longarum,
920 1431 1077 1491 prout
1099 1421 1347 1492 superius
1388 1420 1591 1477 dictum
1622 1431 1728 1487 est,
1764 1423 1983 1478 tenebit.
2016 1424 2171 1480 Verbi

578 1518 754 1578 .gratta
771 1528 785 1564 :

1622 1643 1820 1656 *ο

602 1825 756 1840 ...ι’--

1825 1641 2184 1655 *ρ’-

2274 601 2530 670 quadibet
2572 602 2766 656 divisio
2796 605 2992 659 multas
3013 608 3253 660 continet
3280 606 3637 672 differentias,
3677 615 3730 660 et
3767 608 3840 661 di-

2271 707 2475 748 versas.
2531 692 2708 747 Prima
2750 694 2908 764 igitur
2955 695 3279 761 differentia,
3332 697 3519 767 prima:
3552 698 3731 766 partis,
3762 705 3839 751 est

2270 785 2510 853 quaedam
2561 789 2756 854 figura,
2791 802 2950 856 quam
2993 788 3183 856 plicam
3227 789 3579 842 communiter
3618 787 3841 855 appella-

2273 887 2411 926 mus.
2462 874 2610 928 Unde
2650 877 2965 938 notandum.
3011 877 3150 945 quod
3202 879 3338 946 plica
3388 877 3520 932 nihil
3563 879 3700 932 aliud
3737 888 3835 942 est,

2271 979 2429 1031 quam
2459 967 2669 1034 signum
2695 965 2938 1022 dividens
2961 985 3149 1022 sonum
3181 969 3232 1022 iu
3261 968 3629 1023 souodiverso
3653 984 3739 1035 per
3763 967 3840 1022 di-

2276 1069 2465 1110 versas
2521 1072 2711 1112 vocum
2761 1058 3043 1114 distantias
3076 1101 3090 1122 ,
3153 1068 3259 1114 tarn
3311 1058 3649 1114 ascendendo
3695 1074 3840 1126 quam

2275 1146 2678 1215 descendendo,
2717 1150 2990 1214 videlicet,
3033 1167 3128 1222 per
3171 1152 3510 1208 semitoninm
3553 1163 3606 1208 et
3647 1163 3839 1220 tonum,

2276 1253 2369 1307 per
2391 1239 2795 1305 semiditouum,
2830 1251 2885 1298 et
2913 1242 3177 1309 ditouum,
3208 1253 3264 1297 et
3307 1259 3401 1312 per
3438 1243 3767 1298 diatessaron
3794 1255 3844 1299 et

2273 1330 2564 1398 diapente:
2597 1348 2717 1402 qua:
2746 1335 2881 1403 plica
2915 1346 3144 1404 quatuor
3172 1334 3488 1390 differentiis
3529 1337 3843 1406 explicatur;

2276 1435 2398 1476 nam
2450 1426 2693 1490 quaedam
2752 1425 2984 1495 perfecta
3044 1425 3236 1482 dicitur
3268 1468 3285 1492 ,
3344 1439 3398 1484 et
3448 1428 3704 1499 quaedam.
3751 1430 3843 1484 iro-

2275 1511 2545 1583 perfecta;
2587 1516 2830 1585 qua-dam
2874 1527 3015 1573 recta
3067 1519 3275 1588 brevis,
3319 1529 3374 1575 et
3401 1520 3646 1589 quaedam
3689 1523 3843 1577 altera

2276 1607 2470 1662 brevis.

2349 1702 2521 1757 Prima
2562 1703 2860 1761 differentia
2889 1707 3056 1776 plica,
3081 1707 3316 1776 perfecte
3346 1707 3743 1774 descendendo,
3770 1722 3846 1766 cst

2277 1795 2518 1864 quaedam
2544 1797 2710 1866 figura
2743 1798 2946 1854 habens
2973 1808 3195 1867 tractus,
3227 1816 3455 1871 quorum
3493 1801 3713 1858 ultimus
3741 1805 3848 1858 lon-

580 1905 652 1962 Et
703 1907 751 1964 si
798 1909 982 1977 plures
1011 1912 1290 1969 evenerint
1337 1913 1632 1969 secundum
1689 1916 1950 1979 imparem
1983 1925 2166 1966 nume-

2281 1886 2396 1955 gior
2420 1892 2502 1939 est
2525 1887 2718 1955 priruo,
2752 1898 2809 1942 ut
2835 1897 3009 1957 patet:

579 2013 723 2064 rum,
751 2001 1016 2056 consimili
1047 2003 1207 2059 modo
1239 2020 1343 2060 non
1395 2005 1504 2059 flat.
1540 2005 1603 2058 Et
1651 2004 1725 2058 sic
1753 2004 1818 2056 de
1859 2002 2000 2056 facili
2043 2001 2165 2070 quis

583 2093 777 2160 poterit
812 2092 1011 2149 [rabere
1038 2095 1395 2151 differentiam
1446 2096 1584 2150 inter
1617 2097 1827 2164 longam
1876 2094 2163 2163 perfectam

577 2192 633 2238 et
661 2182 1052 2250 imperfectam.
1075 2187 1120 2241 si
1148 2187 1283 2241 bene
1305 2187 1700 2242 consideratur.

656 2273 944 2342 Propterea
977 2276 1270 2331 notandum
1294 2286 1377 2332 est
1396 2277 1534 2345 quod
1557 2276 1788 2345 perfecta
1811 2275 1973 2343 figura
1991 2272 2165 2327 inuno

579 2379 807 2430 corpore
837 2366 1158 2434 quandotlue
1187 2367 1464 2436 duplicare
1491 2367 1722 2430 videtur,
1751 2382 1870 2434 quae
1895 2376 2018 2418 tunc
2045 2363 2164 2417 lati-

580 2454 709 2508 tudo
736 2454 856 2525 ejus
887 2457 1075 2511 transit
1107 2459 1488 2527 longitudinem
1509 2458 1587 2514 sic
1607 2460 1650 2514 0
1669 2475 1785 2526 quae
1808 2474 1911 2512 non
1940 2457 2006 2510 ad
2030 2455 2163 2511 alia-

580 2562 699 2601 rum
748 2549 1032 2616 figurarum
1086 2559 1294 2617 spectat
1329 2549 1626 2621 originem,
1683 2548 1782 2604 nisi
1841 2564 1905 2602 ex
1957 2545 2162 2618 gratia:

583 2642 835 2708 quoniam
887 2658 1159 2710 nunquam
1214 2644 1610 2713 duplicaretur,
1669 2642 1770 2698 nisi
1813 2642 1954 2709 quod
2001 2657 2067 2695 ne
2111 2639 2164 2696 in

581 2732 822 2802 composi
851 2730 995 2800 ioue,
1017 2735 1131 2790 sive
1154 2735 1496 2791 ordinatione
1527 2737 1749 2802 tenoris,
1779 2735 1930 2804 plana
1963 2731 2164 2787 musica

581 2825 888 2895 frangatur:
913 2844 1074 2896 super
1098 2844 1257 2899 quam
1285 2844 1474 2886 omnes
1505 2831 1708 2885 motelli
1735 2839 1789 2883 et
1815 2842 1976 2884 omne
2006 2842 2164 2896 orga-

583 2933 709 2970 uum
742 2917 950 2971 fundari
980 2931 1251 2975 tenentur.

656 3008 816 3063 ltecta
847 3010 1042 3073 brevis,
1067 3019 1156 3065 aut
1186 3027 1302 3080 qua:
1334 3028 1582 3082 supertus
1614 3014 1811 3079 plurles
1839 3026 1961 3065 cum
1996 3011 2163 3078 pluri-

581 3099 682 3154 bus
700 3099 1099 3167 denominatur,
1130 3101 1304 3157 adhuc
1335 3102 1387 3158 in
1411 3100 1579 3158 forma
1605 3101 1816 3171 propria
1842 3100 2167 3155 describitur

583 3190 636 3244 in
658 3191 802 3245 hunc
830 3193 1078 3248 modum:

998 3367 1011 3374 ο
1027 3364 1063 3374 ρ-
1079 3355 2019 3377 ~—-—-——-‘_-~.—-——
2060 3365 2149 3374 .—

1001 3437 1847 3449 m—~~———n_._——o-—.

581 3568 872 3622 Coutinens
928 3567 1087 3637 igitur
1127 3581 1288 3619 unum
1332 3566 1385 3620 in
1436 3580 1496 3621 se
1541 3574 1785 3635 tempus,
1832 3567 2064 3636 seipsam
2113 3570 2164 3622 in

581 3662 713 3716 duas
738 3662 1038 3716 diminuens
1067 3672 1244 3728 partes
1276 3678 1382 3716 nou
1414 3662 1669 3730 aequales,
1715 3664 1795 3718 vel
1831 3665 1880 3718 in
1909 3671 2016 3718 tres
2049 3673 2166 3716 tan-

585 3757 861 3810 tummotlo
908 3755 1141 3823 aequales
1186 3765 1241 3810 et
1285 3755 1668 3811 iudivisibiles:
1717 3773 1941 3825 quarunt
1999 3758 2167 3818 prima

581 3861 706 3917 pars
734 3846 979 3910 duarum.
1016 3847 1331 3903 semibrc-vis
1363 3849 1536 3903 minor
1573 3847 1892 3919 appellatur,
1931 3849 2167 3902 secunda

1851 3438 2150 3449 ψ·-

582 3898 702 3917 ,---
1263 3898 1328 3903 η-
1575 3898 1892 3919 νην-ηπ-.
1933 3898 2011 3902 νς-
2042 3898 2167 3902 -m—

582 3954 712 3994 vero
749 3940 955 4008 major:
995 3949 1419 4001 eteconverso,
1468 3949 1575 3995 tres
1600 3939 2163 4006 autemsemibreves,
2265 3898 2772 4031 :‘W

2265 4010 2761 4049 *‘_'H

582 4031 816 4087 minores
839 4033 1090 4100 aequales.
1115 4041 1170 4086 et
1199 4029 1548 4086 indivisibiles
1567 4033 1859 4101 nuncupari
1890 4040 2163 4087 tenentur.

590 4124 744 4179 lJtnle
775 4124 1064 4178 notandum
1111 4134 1194 4178 est
1222 4124 1363 4192 quod
1398 4124 1540 4178 nulla
1583 4124 1903 4179 semibrevis
1931 4126 2040 4178 Sola
2083 4139 2169 4180 re-

584 4217 809 4284 peritur,
842 4219 1092 4283 quoniam
1125 4233 1216 4287 per
1245 4233 1304 4273 se
1351 4219 1462 4275 sola
1492 4219 1794 4290 significare
1825 4222 2028 4289 nequit,
2070 4222 2166 4276 sed

583 4307 721 4363 binre
745 4318 802 4363 et
828 4309 986 4374 binm,
1020 4323 1125 4363 non
1163 4311 1416 4379 aquales,
1443 4322 1499 4363 ιιι
1527 4310 1644 4364 hic:

1743 4433 2148 4446 .——ﬁ-—-—-—

2283 2061 2573 2075 ...α-

2270 2171 2628 2229 Ascendendo
2665 2191 2791 2230 vero
2835 2195 2996 2234 unum
3036 2181 3210 2237 solum
3256 2183 3448 2238 retinet
3498 2189 3762 2245 tractum,
3798 2188 3849 2232 ut

2270 2271 2450 2332 patet:

2267 2485 2405 2497 .-.ἢ

2271 2530 2498 2588 Omnem
2539 2533 2698 2604 igitur
2729 2536 2931 2592 habens
2960 2547 3295 2606 potestatem,
3326 2541 3566 2608 regulam
3596 2551 3650 2594 et
3694 2548 3840 2593 natu-

2269 2638 2405 2689 ram,
2435 2624 2585 2694 quasi
2612 2625 2771 2681 habet
2798 2627 3085 2696 perfectam
3116 2629 3360 2698 figuram,
3393 2641 3623 2699 excepto
3649 2630 3785 2700 quod
3810 2629 3851 2684 si

2273 2714 2485 2786 longam
2518 2720 2855 2785 praecesserit
2883 2719 2935 2773 iu
2957 2735 3202 2788 corpore,
3229 2721 3335 2776 duo
3354 2732 3597 2791 tempora
3623 2724 3842 2778 tenebit:

2272 2810 2536 2879 reliquum
2562 2821 2739 2868 autem
2773 2813 2824 2869 in
2857 2815 3135 2880 membris,
3180 2816 3240 2871 iit
3266 2828 3443 2872 autem
3472 2817 3613 2886 plica
3648 2818 3700 2871 in
3731 2831 3851 2872 voce

2274 2915 2368 2969 per
2395 2905 2836 2974 compositionem
2863 2908 3106 2979 epiglotti
3150 2923 3275 2965 cum
3306 2913 3717 2979 repercussione
3745 2920 3853 2983 gut-

2276 2993 2408 3046 turis
2441 2995 2708 3050 subtiliter
2733 2998 3016 3054 inclusam.

2346 3083 2593 3140 Secunda
2636 3085 2934 3143 differentia
2987 3101 3070 3146 est
3128 3092 3263 3161 plica
3333 3091 3650 3160 imperfecta
3689 3134 3706 3158 ,
3744 3109 3854 3164 quate

2274 3176 2438 3234 etiam
2471 3195 2594 3236 cum
2631 3185 2909 3252 praemissa
2957 3189 3280 3256 pr0prietate
3299 3191 3641 3245 consimilem
3675 3194 3855 3245 retinet

3387 2398 3777 2416 Μ

2191 3247 2239 3308 C
2273 3269 2524 3339 formam,
2566 3274 2661 3327 sed
2719 3276 2956 3345 regulam
3004 3279 3331 3348 imperfectae
3383 3283 3571 3352 ﬁgurae
3622 3291 3858 3345 tenenti

2273 3371 2518 3417 naturam
2563 3366 2768 3420 scilicet
2799 3368 2850 3421 iu
2892 3384 3144 3439 corpore,
3173 3389 3332 3426 unum
3365 3384 3580 3444 tempus
3607 3375 3856 3444 reliquum

2270 3453 2323 3509 in
2357 3456 2632 3522 membris,
2667 3467 2724 3510 ut
2755 3472 2895 3524 patet
2918 3461 3331 3518 descendendo:

2291 3629 2881 3645 ’Ἥ
2894 3638 3255 3647 .________
3273 3621 3858 3647 Μ-“⁶’“

2291 3629 2881 3645 --——-——._.__—___
2894 3638 3255 3650 *Μ
3272 3625 3608 3764 φ,

2285 3702 3258 3725 -α--ο--ψ---Ἧ

2270 3777 2419 3835 Patet
2438 3794 2488 3835 et
2516 3786 2876 3854 ascendendo,
2906 3799 2993 3844 ut:

2957 3638 3255 3650 Μ

2441 3704 2657 3714 ..α-..-

2791 4043 2942 4055 ιι...-

3387 4053 3652 4066 σ-ῄ

2340 4102 2517 4158 Tertia
2548 4104 2849 4162 differentia
2875 4123 2953 4164 est
2986 4113 3070 4166 illa
3102 4131 3219 4183 qua!
3265 4118 3422 4174 habet
3451 4121 3591 4176 duos
3623 4134 3848 4189 tractus.

2269 4209 2496 4260 quorum
2529 4199 2728 4263 primus
2755 4199 2961 4271 longior
2987 4215 3068 4258 est
3093 4206 3298 4274 ultimo,
3326 4210 3730 4281 descendendo,
3753 4217 3842 4270 sic-

2273 4288 2344 4340 uti
2376 4296 2519 4356 patet
2539 4305 2551 4340 :

3455 4542 3846 4556 τ’*

2149 4542 3437 4593 ,___.__.____________

584 4534 678 4588 Vel
729 4544 837 4588 tres
890 4543 945 4589 ct
1000 4544 1111 4589 tres
1157 4538 1390 4605 aequales
1446 4537 1713 4589 numerari
1762 4535 2064 4600 debentur,
2111 4553 2142 4591 u

583 4628 668 4680 hic
695 4645 707 4679 :

584 4881 768 4950 Etsic,
794 4882 1032 4938 bioarius
1079 4899 1185 4937 non
1226 4885 1469 4954 atqualis,
1498 4898 1595 4941 seu
1621 4887 1885 4942 ternarius
1926 4885 2166 4954 aequalis,

585 4982 963 5039 semibrevium
1007 4983 1314 5052 figurarum,
1346 4999 1561 5052 semper
1600 4984 1666 5039 ad
1707 4996 1908 5039 rectam
1953 4984 2167 5039 brevem

588 5076 931 5146 mqnipollere
955 5077 1132 5131 debet.
1167 5077 1328 5131 Recta
1358 5078 1535 5133 brevis
1561 5078 1627 5132 ad
1675 5080 2064 5144 imperfectam,
2084 5078 2167 5133 vel

593 5168 660 5221 ad
685 5167 905 5234 alteram
937 5169 1152 5225 brevem
1188 5170 1551 5241 imperfectam
1580 5187 1702 5226 cum
1734 5170 1904 5237 brevi,
1928 5186 2021 5226 seu
2045 5170 2166 5224 bre-

595 5259 673 5312 vis
705 5274 825 5314 curn
856 5262 1021 5316 altera
1053 5261 1200 5315 brevi
1231 5262 1295 5314 ad
1328 5263 1644 5330 perfectam.

660 5347 778 5403 Jam
806 5350 1005 5405 dictum
1037 5359 1120 5407 est
1147 5351 1215 5407 de
1240 5351 1573 5421 siruplicibus
1595 5350 1797 5421 figuris,
1828 5367 1969 5406 nunc
1991 5362 2170 5406 autem

580 5435 875 5495 dicendum
917 5441 1129 5497 videtur
1168 5442 1237 5497 de
1273 5441 1430 5498 simul
1488 5442 1662 5512 ligatis
1709 5457 1800 5498 seu
1841 5441 2170 5511 conjunctis,

584 5530 823 5597 qualiter
848 5529 991 5586 inter
1032 5546 1090 5587 se
1120 5533 1398 5597 differant;
1442 5542 1498 5587 et
1546 5547 1730 5588 rursus
1776 5534 2077 5600 incipiendo
2106 5535 2174 5590 ab

586 5619 813 5687 unitate,
842 5630 898 5676 et
924 5624 1006 5677 sic
1033 5622 1410 5693 distinguendo
1440 5626 1824 5694 longitudinem
1855 5636 1909 5682 et
1938 5627 2170 5682 brevita-

588 5725 722 5778 tem,
749 5719 1045 5774 secundum
1091 5723 1232 5789 quod
1261 5722 1708 5790 multiplicantur,
1743 5723 1984 5778 inuuere.
2021 5723 2173 5779 Unde

586 5809 878 5864 notandum
926 5819 1011 5866 est
1059 5815 1201 5882 quod
1240 5815 1488 5881 quadarn
1544 5824 1669 5869 sunt
1705 5815 1942 5882 species,
1983 5815 2174 5884 quibus

587 5899 762 5954 omnis
795 5910 982 5958 cautus
1014 5904 1296 5972 euphoniae
1320 5919 1478 5960 causa
1509 5905 1842 5972 decantatur,
1867 5920 1986 5973 qua:
2009 5907 2168 5964 etiam

2268 5059 3457 5078 ...Μ’-Ἥ
3479 5059 3852 5072 -..ι--ο-

2193 4600 2244 4659 Ι)
2271 4616 2379 4672 Sed
2427 4619 2808 4688 ascendendo,
2852 4620 2986 4674 duos
3048 4621 3208 4676 habet
3257 4621 3534 4677 diversos:
3597 4641 3757 4679 unum
3804 4624 3850 4678 in

2270 4708 2457 4768 dextra
2485 4725 2634 4781 parte
2672 4713 3035 4778 ascendendo,
3066 4713 3375 4783 significans
3400 4715 3596 4785 plieam
3624 4717 3779 4771 aliam
3800 4716 3847 4771 iu

2270 4801 2482 4858 sinistra
2528 4813 2680 4873 parte
2719 4803 3120 4870 descendendo,
3177 4804 3484 4874 significans
3524 4808 3845 4871 brevitatem.

2269 4901 2330 4950 ut
2352 4894 2470 4951 hic:

3637 5129 3856 5143 *σι’-ι,-

2271 5263 2636 5320 Observautes
2668 5263 2830 5334 igitur
2861 5272 3198 5330 potestatem,
3230 5263 3468 5330 regulam
3512 5270 3564 5313 et
3609 5269 3842 5313 naturam

2273 5367 2434 5412 rectae
2465 5356 2674 5420 brevis,
2697 5363 2752 5410 et
2782 5355 2948 5422 ipsius
2975 5370 3092 5424 qua:
3117 5363 3340 5409 vocatur
3366 5353 3531 5408 altera
3563 5351 3757 5406 brevis.

2344 5448 2592 5506 Secunda
2628 5448 2820 5503 divisio
2851 5449 3019 5517 partis
3041 5447 3291 5502 secunda
3319 5455 3404 5501 est
3430 5445 3670 5515 quadarn
3718 5441 3843 5510 ligao

2277 5551 2392 5596 tura
2422 5542 2650 5595 duarum
2683 5542 2994 5609 figurarum,
3022 5555 3141 5610 qua:
3185 5537 3349 5593 etiam
3381 5537 3583 5591 binaria
3615 5545 3846 5596 vocatur,

2273 5641 2500 5700 quatuor
2527 5631 2729 5687 habens
2759 5631 3116 5688 differentias:
3145 5646 3372 5701 quarum
3405 5628 3658 5697 qusclibet
3678 5626 3845 5695 dupli-

2276 5738 2393 5778 cem
2419 5722 2580 5778 habet
2601 5723 2844 5793 figuram,
2873 5723 3240 5789 ascendendo,
3263 5721 3534 5784 videlicet,
3556 5731 3608 5775 et
3634 5719 3847 5773 desectio

2276 5816 2471 5872 dendo.
2501 5815 2652 5872 Unde
2681 5817 2970 5872 notandum
2996 5827 3080 5872 est
3121 5817 3262 5887 quod
3289 5817 3333 5872 si
3363 5816 3538 5887 aliqua
3563 5815 3774 5868 istarum
3798 5809 3844 5860 in

2277 5908 2649 5965 descendendo
2707 5914 3085 5980 proprietatem
3119 5908 3386 5977 habuerit,
3418 5909 3469 5964 in
3518 5900 3842 5964 ascendendo
