2049 3104
160 185 213 215 929

819 192 944 221 MUSIUA
965 193 1148 224 FRACTICA.

1748 204 1803 234 930

160 250 225 271 vero
234 242 356 276 carebit;
372 247 400 271 ct
414 250 711 281 cconverso,exceplte
727 249 913 276 tantummodo
920 257 960 276 sc-
973 250 997 278 Δ
1051 251 1139 279 Prima
1153 252 1198 280 lict
1213 252 1289 288 longa
1303 253 1469 288 imperfecta,
1483 256 1599 284 secunda
1616 262 1699 291 recta,
1714 258 1803 288 brevis

158 289 305 318 Inibreves.
333 291 470 318 Ascensus
495 295 585 319 autem
610 291 775 327 intelligitur,
792 294 897 329 quando
911 302 956 322 se-

158 337 245 365 cunda
255 336 339 371 ﬁgura
351 335 465 371 alicujus
479 336 603 372 ligatum
616 338 695 366 luerit
704 338 782 366 altior
798 340 893 374 prima.
904 340 956 368 De-

159 390 272 411 seensus
295 388 385 411 autem
400 391 415 411 e
427 391 574 416 converso;
592 384 674 419 prima
701 384 782 419 igitur
806 385 956 413 diderentin

158 430 221 458 talis
235 433 286 462 est,
298 431 369 464 quod
381 430 593 465 quandocunque
606 430 666 457 dum
694 430 785 466 ﬁgura:
813 431 893 458 simul
921 431 958 458 li—

158 478 226 510 gata
235 475 425 504 descendendo
438 483 499 503 cum
516 476 690 510 pr0prietate,
705 476 745 504 vel
760 476 820 504 sine
839 478 958 512 proprie-

157 524 214 548 tate
225 521 395 549 ascendendo
406 521 592 557 reperiuntur,
612 527 640 549 ut
655 522 713 550 hic:

198 774 288 803 Prima
308 779 381 802 recta
394 775 484 802 brevis
504 775 532 803 llt
546 775 623 811 longa
646 776 814 811 imperfecta,
826 781 854 804 ut
869 777 957 805 mani-

160 820 232 849 leste
243 824 317 855 patet
330 821 357 848 in
371 827 480 856 quarto,
494 816 587 856 quinto
600 826 628 849 et
641 827 718 850 seon
733 822 825 857 modo,
839 828 892 850 tam
909 831 957 850 su-

160 874 210 902 pra
231 867 361 901 litteram,
385 875 465 902 quam
485 868 544 896 siue
569 869 672 900 littera;
704 876 765 897 nam
784 869 812 897 in
841 869 960 897 secundo

161 914 256 947 modo,
268 915 348 943 tertio
357 920 384 943 et
399 915 528 951 septimo,
542 915 609 943 tales
626 924 721 944 omnes
739 916 806 943 l‘lunt
818 924 909 951 mqua-

161 961 203 989 les
216 961 402 988 tantummodo
417 968 497 995 supra
511 961 640 995 litteram,
656 961 805 989 secundum
818 969 904 989 usuin.

197 1005 321 1033 Secunda
336 1005 499 1040 diﬂerentia,
514 1010 568 1034 tam
590 1007 737 1034 ascendens
756 1014 836 1042 quam
861 1007 908 1034 de-

158 1052 305 1086 scendens,
321 1060 368 1088 per
382 1053 545 1081 contrarium
561 1053 653 1089 primm
666 1053 823 1081 diﬂereutiae
843 1060 907 1081 con-

157 1102 224 1129 stat,
239 1101 269 1125 ut
282 1097 343 1125 hic:

175 1191 951 1267 Μ

163 1332 221 1357 tam
235 1327 261 1356 in
276 1328 448 1364 proportione
470 1336 550 1364 quam
566 1328 593 1356 iu
606 1328 782 1365 proprietate.

166 1398 171 1401 .
200 1374 291 1402 Tertia
317 1373 477 1406 dill‘erentia,
503 1378 556 1401 tam
582 1373 731 1402 ascendens
751 1380 832 1408 quam
846 1372 962 1401 descen-

163 1420 244 1454 dens,
256 1421 306 1448 sub
320 1420 365 1448 tali
379 1419 463 1448 forma
478 1420 608 1455 sequitur,
618 1418 689 1455 quod
700 1418 847 1447 secundum
859 1425 900 1447 ae-

164 1466 321 1501 qualitatem
334 1466 522 1501 proferuntur:

201 1514 836 1530 Ψ

199 1552 839 1627 m

205 1687 239 1715 Et
253 1686 400 1714 notandum
412 1692 453 1715 est
467 1688 538 1722 quod
553 1688 613 1716 talis
624 1688 735 1724 ligatura
745 1694 857 1717 vocatur
869 1697 960 1725 aequa-

166 1731 242 1767 litas,
253 1732 378 1767 quoniam
391 1732 479 1760 reddit
489 1733 687 1768 aequalitatem;
703 1741 799 1763 omnes
809 1735 880 1768 alia,
895 1742 963 1770 qua-

167 1786 228 1805 rum
255 1778 340 1813 prima
364 1777 445 1807 fuerit
472 1779 579 1815 longior
601 1786 649 1808 seu
674 1779 801 1815 brevior,
822 1785 885 1808 sunt
909 1788 962 1808 non

168 1824 300 1859 a-qualn-s.

200 1870 302 1905 Quarta
314 1870 465 1899 dill’erentia
476 1875 530 1899 tam
542 1872 692 1900 ascendens
699 1879 779 1907 quam
792 1869 962 1899 descendens

168 1917 269 1945 retinet
282 1917 483 1953 proportionem
498 1925 552 1945 non
567 1918 715 1953 propriam,
728 1918 779 1945 sub
791 1917 835 1945 tali
851 1917 937 1944 forma
953 1926 960 1943 :

189 1974 894 1987 *ιι-..⁸

188 2010 902 2121 Μ

206 2149 271 2183 Quze
289 2150 456 2178 semibreves
469 2150 648 2186 appellantur,
679 2158 731 2178 nou
747 2150 865 2186 aequales
880 2150 962 2179 etiam

170 2196 355 2230 proferuntur,
381 2202 408 2223 ιιι
422 2197 576 2231 przedictum
591 2202 641 2230 est,
667 2197 739 2233 quod
755 2197 817 2225 dua:
831 2198 964 2225 semibre-

168 2249 234 2275 ves;
245 2249 361 2277 quarum
378 2243 463 2277 prima
480 2243 568 2270 minor
579 2249 631 2276 est,
643 2248 671 2271 et
683 2251 699 2271 e
713 2251 846 2272 converso
858 2244 960 2271 consui-

181 1156 954 1169 ——__—————___

203 1648 837 1661 μή.-

172 2291 250 2315 ιιιυιιι
264 2295 345 2315 unam
366 2288 485 2325 longam,
500 2293 528 2317 et
539 2290 701 2326 quandoque
723 2297 772 2325 pro
786 2290 870 2318 altera
886 2290 960 2318 brevi
978 2300 1004 2331 ι)

167 2338 312 2367 ponuntur.

202 2378 292 2406 Tertia
314 2379 412 2407 divisio
434 2380 520 2408 tertia:
544 2380 627 2415 partis
642 2385 683 2409 est
698 2381 819 2417 quaedam
836 2381 960 2417 ligatura,

165 2427 210 2453 cui
224 2431 402 2459 comunt-tura
418 2426 497 2454 trium
514 2426 659 2462 ﬁgurarum
676 2436 771 2456 novom
792 2429 874 2456 habet
886 2429 963 2457 dill'e-

166 2476 284 2506 rentias;
302 2481 417 2510 quarum
443 2473 569 2508 quaelibet
593 2474 623 2500 tit
642 2475 796 2510 dupliciter,
812 2475 963 2503 ascendens

167 2519 294 2550 videlicet
316 2524 344 2547 et
367 2519 547 2548 descendens.
570 2519 656 2547 Prima
680 2526 772 2549 autem
799 2521 962 2554 diﬂ‘ercutia,

170 2570 226 2593 tam
248 2566 308 2593 sine
332 2566 420 2593 littera
442 2573 522 2600 quam
537 2573 598 2592 cum
613 2565 711 2598 littera,
735 2566 796 2594 talis
818 2571 870 2602 est,
892 2566 963 2602 quod

169 2610 385 2645 quandocunque
414 2610 524 2638 trinaria
553 2611 666 2646 ligatura
691 2615 746 2639 tam
772 2610 965 2640 descendendo

170 2663 231 2683 eum
246 2658 421 2692 proprietate,
436 2664 516 2692 quam
528 2657 699 2685 ascendendo
713 2657 773 2686 sine
788 2659 965 2694 proprietate,

146 2710 149 2712 λ
169 2706 279 2737 reperta
294 2702 373 2731 fuerit
397 2702 424 2730 in
449 2703 536 2739 primo
550 2703 633 2737 gradu
656 2703 691 2731 de
713 2703 774 2731 bina
795 2703 968 2740 ligatura'se-

171 2751 283 2783 quente.

170 2806 1048 2966 m

1013 300 1107 331 tertia;
1123 300 1192 327 sicut
1207 301 1302 335 prima,
1318 301 1339 328 si
1353 307 1416 329 ante
1431 302 1509 337 longa
1520 308 1658 338 aequatur,
1675 310 1737 332 tunc
1753 308 1803 335 tria

1013 350 1132 379 tempora
1158 345 1235 373 tertia
1260 347 1352 374 donat.
1378 347 1500 376 Secunda
1522 349 1751 381 differentia'tatn
1776 354 1804 382 in

1012 390 1188 424 proportione
1203 399 1281 425 quam
1299 392 1325 419 in
1343 394 1516 428 proprietate,
1531 397 1642 423 omnino
1659 404 1706 431 per
1719 406 1804 434 oppo-

1011 435 1093 461 situm
1109 436 1202 470 primm
1216 436 1387 470 dltl'ercuti:I-.,
1414 443 1467 466 tam
1481 448 1561 472 supra
1581 441 1709 475 litteram,
1723 451 1804 479 quam

1011 479 1070 508 sine
1085 480 1173 508 littera
1190 487 1293 517 regnat,
1311 488 1339 511 ut
1354 485 1398 513 hic
1414 493 1420 513 :

936 535 1811 685 ᾧ

1046 704 1137 733 Tertia
1151 706 1314 741 diﬂerentia,
1337 714 1391 737 tam
1414 718 1496 746 supra
1512 712 1627 740 litteram
1641 723 1719 749 quam
1735 717 1804 750 siue,

1012 751 1072 779 talis
1084 757 1136 785 est,
1153 753 1226 788 quod
1241 755 1455 791 quandocunquc
1470 757 1587 785 trinariae
1598 759 1717 794 ligatum
1731 763 1807 790 adin-

1013 799 1098 827 vicem
1115 799 1316 835 contineantur,
1339 803 1462 836 quamvis
1484 804 1561 839 longa
1587 808 1731 840 praecedat,
1757 816 1806 836 seu

1013 849 1152 879 sequatur,
1176 844 1247 873 sicut
1259 845 1315 880 hic,
1344 852 1397 875 tam
1412 848 1583 877 ascendendo
1597 858 1677 886 quam
1695 851 1809 881 descen-

973 895 998 926 Β
1013 889 1110 917 dendo.

945 938 1813 1117 W7”—
1766 950 1813 1050 ‘7

1052 1129 1140 1158 Prima
1155 1131 1255 1166 profert
1268 1139 1350 1159 unum
1369 1137 1482 1167 tempus,
1506 1133 1623 1161 secunda
1637 1134 1700 1166 duo,
1727 1134 1805 1162 tertia

1017 1178 1076 1204 tria.
1095 1176 1129 1204 Et
1144 1177 1194 1204 hoc
1210 1184 1251 1205 est
1264 1178 1411 1205 secundum
1427 1178 1549 1206 ordinem
1571 1181 1668 1215 quarti,
1684 1181 1747 1208 dum
1770 1188 1809 1208 ta-

1017 1230 1079 1250 men
1095 1222 1173 1257 longa
1190 1223 1215 1250 iu
1232 1224 1317 1257 primo
1333 1224 1417 1258 gradu
1431 1225 1571 1252 consistat.

1052 1268 1151 1301 Quarta
1166 1268 1315 1296 dill‘creutia
1329 1274 1381 1303 est,
1392 1271 1463 1304 quod
1478 1271 1691 1305 quandocunque
1706 1271 1810 1299 binan‘a

1018 1313 1130 1348 ligatura
1152 1314 1280 1348 praecedit
1301 1316 1457 1348 ternariam,
1480 1316 1565 1350 prima
1581 1316 1682 1343 binnria
1705 1316 1808 1351 profert

1015 1369 1097 1388 unum
1114 1365 1230 1397 tempus,
1257 1363 1374 1389 secunda
1388 1362 1443 1390 duo
1465 1363 1594 1396 ternaria,
1611 1367 1637 1390 ut
1652 1370 1732 1398 supra
1746 1370 1811 1391 cou-

1017 1408 1113 1434 tinetu.
1132 1416 1158 1434 ιιι
1176 1407 1307 1441 proxima.
1325 1407 1403 1436 Verbi
1416 1410 1499 1444 gratia
1514 1417 1520 1424 '

975 1622 998 1652 C
1053 1626 1088 1655 Et
1112 1627 1163 1656 hoc
1186 1629 1334 1657 secundum
1349 1630 1473 1658 ordinem
1495 1630 1579 1666 quinti
1604 1633 1687 1661 modi.
1712 1634 1810 1668 Quinta

1013 1673 1164 1701 diloreutia
1179 1675 1300 1702 ascendit
1314 1680 1340 1702 et
1363 1676 1504 1703 descendit
1520 1681 1573 1704 tam
1596 1685 1676 1712 supra
1693 1678 1809 1706 litteratn

1014 1726 1094 1753 quam
1119 1719 1178 1747 sine
1201 1720 1300 1754 littera,
1319 1721 1379 1749 talis
1399 1729 1439 1749 est
1463 1722 1674 1759 quandocuuque
1696 1725 1810 1751 tet-uarii

1014 1765 1125 1799 Iigatura
1156 1774 1217 1794 cum
1233 1766 1386 1802 aequalitate
1405 1769 1524 1796 coniecta
1548 1775 1653 1804 reperta
1669 1770 1757 1803 luerit,
1785 1775 1814 1797 ut

1015 1810 1059 1838 hic
1077 1819 1083 1836 :

1018 1859 1801 1871 ,Ἡ

1050 2030 1150 2057 Omnes
1169 2029 1342 2063 proferuntur
1355 2028 1483 2062 aequales,
1500 2032 1649 2057 secundum
1664 2031 1812 2061 ordinatio-

1014 2083 1077 2103 nem
1093 2075 1212 2110 septimi.
1237 2074 1319 2102 Sexta
1343 2074 1493 2102 ditlerentia
1516 2079 1570 2102 tam
1596 2083 1678 2111 supra
1700 2078 1815 2107 litteram

1014 2129 1094 2156 quam
1109 2120 1179 2153 sine,
1208 2121 1268 2147 talis
1282 2124 1335 2152 est,
1364 2121 1436 2154 quod
1452 2121 1667 2158 quandocunqtte
1689 2126 1813 2153 tentoria;

1015 2168 1137 2204 ligatore
1157 2167 1348 2195 contineantur
1363 2167 1544 2201 proprietates
1561 2177 1614 2196 non
1631 2171 1753 2205 proprias
1767 2173 1813 2200 ba-

1017 2215 1113 2244 bentes
1128 2221 1181 2243 tam
1196 2222 1340 2243 ascensum
1364 2222 1445 2250 quam
1459 2214 1631 2250 descensum,
1648 2222 1676 2244 ut
1693 2219 1736 2245 hic
1752 2228 1758 2246 :

1500 2313 1817 2322 -ﬁ

1017 2265 1741 2391 ﬂh-—

1500 2313 1511 2317 _

1500 2342 1741 2349 —_~—_

1579 2380 1817 2388 .-.ψ-ᾐ-

1019 2403 1818 2417 -ι--ι--Ὴ

1061 2444 1126 2472 Du:
1151 2444 1245 2479 prima:
1266 2443 1538 2477 semibreviabuntur,
1558 2444 1650 2472 ultima
1663 2445 1819 2480 lougaduo-

1018 2499 1077 2518 rum
1104 2495 1255 2524 temporqu
1280 2492 1426 2526 profertur,
1456 2491 1480 2518 si
1504 2491 1592 2518 brevis
1617 2498 1763 2525 sequatur;
1793 2493 1817 2520 si

1017 2542 1080 2565 ante
1095 2536 1212 2572 longam,
1229 2537 1279 2563 tria
1303 2541 1426 2572 tempora
1441 2536 1535 2565 donat.
1553 2536 1671 2572 Septima
1690 2537 1817 2566 differen-

1019 2583 1054 2610 tia
1067 2582 1220 2610 ascendens
1228 2587 1256 2609 et
1266 2582 1435 2610 descendens
1450 2589 1505 2610 tam
1515 2591 1596 2617 supra
1610 2584 1724 2611 litteram
1736 2592 1817 2619 quant

1020 2628 1092 2661 sine,
1110 2628 1169 2656 talis
1197 2632 1249 2660 est,
1277 2628 1347 2663 quod
1374 2629 1590 2663 quandocunque
1619 2630 1735 2657 ternaria
1765 2637 1818 2658 tam

1019 2674 1163 2710 conjuncta
1178 2682 1259 2710 quam
1282 2675 1361 2710 ligate
1375 2676 1557 2710 reperiuntur,
1581 2682 1609 2703 ut
1625 2676 1667 2703 hic
1684 2687 1690 2704 :

1102 2742 1628 2849 ME

1100 2862 1631 2874 μοι-*ὴ

1499 2276 1649 2283 —_—

1685 2279 1799 2286 _____

1633 2801 1818 2811 Ἠ

1632 2836 1799 2844 ——__

1132 2890 1198 2919 Ilua:
1210 2891 1303 2926 prima:
1318 2891 1588 2922 semibreviabuntur.
1605 2895 1702 2924 Ultima
1719 2895 1818 2931 profert

1096 2941 1304 2974 unum_tempus,
1312 2936 1334 2965 si
1346 2936 1435 2967 brevis
1445 2944 1527 2974 scqua
1532 2943 1573 2967 tur
1583 2948 1590 2974 ;
1601 2940 1623 2968 si
1630 2947 1718 2969 autem
1729 2941 1815 2973 longa.
