4098 6208
271 364 374 421 935

1585 348 1836 406 NUSICA
1879 346 2234 406 PBACTlCA.

3444 354 3549 412 934

337 477 460 532 Duae
512 471 707 545 prima:
752 486 861 528 non
917 469 1150 542 aequales
1207 462 1755 526 scmibreviabuntur,
1796 469 1850 513 et
1881 459 1928 520 Α
1953 457 2374 528 semisuspirium
2398 458 2595 523 minus,
2619 459 2760 529 quod
2791 460 2931 516 inter
2951 460 3084 516 duas
3109 462 3274 517 lineas
3295 463 3530 529 medium

255 570 380 626 dua
409 577 694 638 sequentes
725 572 912 620 breves
952 562 1209 632 aequales,
1262 557 1446 612 ultima
1481 557 1636 627 longa
1669 553 1714 608 si
1757 551 1851 605 im-

1950 558 2115 615 tenet,
2165 560 2217 602 et
2269 550 2484 618 ponitur
2535 565 2632 618 pro
2673 551 2957 607 semibrevi
3010 554 3238 619 minore,
3281 555 3542 624 quodest

255 659 493 732 perfecta
523 657 702 724 fuerit,
737 664 1030 726 sequatur;
1072 655 1117 709 si
1149 661 1328 706 autem
1365 651 1541 719 longa,
1593 657 1720 700 tunc
1749 645 1853 698 erit
1946 638 2299 701 indivisibile.
2342 643 2411 696 de
2455 657 2678 711 quorum
2711 643 3013 711 majoritate
3040 641 3284 698 formulas
3315 654 3499 710 patent
3523 665 3540 700 ε

251 753 507 824 perfecta.
524 749 767 806 Secunda
791 747 1086 804 differentia
1108 747 1229 801 talis
1243 754 1345 808 est,
1365 743 1508 812 quod
1535 743 1577 795 si
1595 749 1745 797 sexta

249 853 547 911 apponatur
579 842 766 908 figura,
798 840 957 893 etiam
986 838 1219 893 similem
1252 835 1480 889 habeant
1503 835 1746 903 proprie-

249 923 432 978 tatem,
465 925 519 966 ut
550 913 635 967 hic
661 927 677 966 :

266 1205 1064 1281 ’.πμ-..-
1145 1262 1298 1327 _
1326 1205 1527 1265 ιιι-ε
1891 1263 1968 1273 ,__

317 1426 454 1480 Tres
495 1430 682 1492 prima:
726 1425 1000 1494 aequaliter
1029 1423 1569 1488 semibreviabuntur,
1621 1433 1675 1478 et
1722 1424 1840 1480 dote

243 1528 536 1588 sequentes
579 1519 766 1572 breves
791 1517 1051 1586 aequales;
1084 1517 1265 1569 ultima
1297 1531 1422 1570 vero
1452 1517 1629 1586 longa,
1662 1524 1719 1570 ut
1746 1514 1841 1570 de-

240 1617 505 1670 claratum
538 1620 639 1667 est.

357 1706 497 1762 Cum
526 1704 725 1758 dictum
755 1702 824 1757 sit
852 1703 918 1756 de
949 1702 1130 1772 figuris
1159 1705 1239 1757 vel
1267 1702 1506 1770 ligaturis
1535 1711 1588 1757 et
1615 1702 1837 1771 conjun-

2118 1067 2420 1121 Notandum
2453 1069 2611 1121 etiam
2636 1071 2774 1135 quod
2804 1068 3035 1137 perfecta
3064 1087 3226 1139 pausa
3275 1083 3543 1142 nunquam

2049 1159 2260 1225 ponitur
2292 1161 2388 1212 nisi
2421 1163 2469 1212 in
2504 1163 2612 1227 pari
2642 1161 2758 1214 loco
2790 1172 2906 1228 post
2936 1161 3200 1217 minorem
3236 1162 3454 1232 figuram
3479 1169 3538 1221 et

2052 1344 2262 1409 ponitur
2294 1358 2386 1411 per
2409 1342 2622 1398 eadem.
2655 1343 2882 1399 f’ausula
2917 1361 3045 1400 vero
3074 1347 3128 1400 in
3160 1347 3280 1402 loco
3326 1350 3541 1418 ponitur

1947 1433 2195 1502 perfectae
2221 1436 2422 1505 tigurzn.
2447 1435 2766 1504 SuSpirium,
2801 1437 2854 1491 in
2883 1439 3001 1494 loco
3029 1439 3205 1505 brevi,
3229 1439 3384 1509 cujus
3413 1455 3538 1509 pro-

1951 1525 2093 1579 batio
2123 1536 2205 1580 est
2250 1529 2302 1581 in
2354 1529 2396 1582 0
2440 1538 2594 1597 quani
2641 1541 2841 1596 sancta,
2890 1532 3023 1585 etin
3054 1534 3260 1586 castoris
3308 1534 3541 1605 hymnis,

1945 1629 2036 1672 aut
2067 1621 2218 1676 a’itvr
2243 1625 2577 1690 compositis,
2611 1633 2664 1678 et
2692 1624 2749 1678 fit
2783 1635 2991 1694 tempus
3019 1628 3070 1680 in
3117 1638 3357 1697 tempore
3400 1646 3526 1697 pro.

1944 1721 2066 1779 pter
2108 1714 2561 1782 a-quipollentiam
2613 1716 2901 1782 donatam,
2960 1722 3210 1787 quaniam
3261 1736 3359 1776 nec
3419 1732 3542 1790 post

242 1799 369 1864 €153.
420 1799 650 1866 ηιιειδίιετ
681 1798 819 1850 ίηίθν
851 1811 909 1852 $0
937 1795 1206 1859 άίπετῐίηιι
1260 1812 1400 1851 nunc
1446 1807 1621 1849 ίιιιιθηι
1652 1795 1835 1849 ἀίοεη·
1872 1810 1921 1870 Β
1952 1806 2218 1874 propriam
2250 1811 2600 1877 quantitatem
2629 1811 2795 1877 possit
2824 1813 3106 1877 obtinere;
3139 1829 3259 1867 nam
3287 1816 3409 1870 licet
3433 1831 3535 1872 vos

240 1885 371 1941 dum
423 1898 505 1942 est
549 1885 618 1940 de
660 1885 815 1956 plicis
868 1887 918 1939 in
975 1885 1176 1941 eisdem
1230 1887 1409 1955 figuris
1457 1888 1836 1954 existentibus,

239 1978 497 2046 quoniam
555 1977 691 2032 sicut
737 1977 790 2032 in
839 1977 1070 2046 qualibet
1099 1980 1320 2031 scientia
1360 1977 1687 2046 speculativa
1717 1987 1839 2033 sunt

239 2069 490 2138 quedam
539 2084 658 2137 qua:
705 2067 907 2124 debent
957 2069 1209 2139 supponi,
1261 2071 1329 2123 ita
1363 2069 1414 2123 in
1467 2071 1566 2125 hac
1615 2070 1843 2126 scientia

241 2161 612 2217 necessarium
639 2171 722 2217 est
766 2161 905 2230 quod
953 2161 1164 2217 diversa
1196 2155 1436 2228 tempora
1467 2178 1561 2231 per
1586 2161 1829 2219 diversas

239 2251 595 2321 figurationes
638 2253 1009 2323 designentur,
1056 2263 1109 2310 et
1155 2252 1300 2323 quod
1347 2253 1501 2324 plicae
1546 2255 1840 2320 varientur,

239 2345 543 2400 scCundum
577 2345 925 2400 variationem
969 2347 1227 2415 temporis
1268 2355 1325 2402 et
1369 2362 1656 2403 mensum.
1704 2347 1838 2403 Cum

240 2435 410 2505 igitur
459 2437 632 2506 primo
676 2437 1010 2492 declaratum
1064 2441 1133 2492 sit
1185 2437 1256 2493 de
1304 2438 1524 2507 singulis
1571 2439 1746 2508 plicis,
1783 2439 1837 2495 in

240 2525 422 2594 prima
452 2527 715 2582 divisione
744 2527 929 2598 prima:
967 2527 1159 2597 partis,
1192 2542 1314 2598 qu.e
1349 2529 1527 2582 adhuc
1559 2525 1843 2586 manifeste

241 2629 304 2671 se
336 2624 710 2682 repra-sentat.

316 2706 586 2773 Quoniam
613 2705 726 2761 eri
751 2715 933 2776 posset
961 2707 1209 2777 quaestio,
1240 2707 1367 2777 quid
1392 2708 1463 2763 sit
1493 2718 1726 2778 tempus,
1775 2711 1842 2764 ad

241 2799 387 2868 quod
434 2797 889 2866 respondendum,
921 2799 1065 2869 quod
1109 2811 1320 2870 tempus
1360 2800 1442 2871 (ut
1472 2800 1559 2857 hic
1585 2801 1839 2868 sumitur)

246 2900 333 2944 est
362 2891 612 2958 quaedam
646 2893 921 2961 proportio
944 2892 1109 2961 justa,
1135 2891 1190 2947 in
1217 2906 1319 2961 qna
1360 2905 1502 2948 recta
1535 2895 1713 2949 brevis
1747 2896 1844 2949 ba-

248 2978 339 3032 bet
371 2975 600 3046 ﬁguram
627 2979 680 3033 in
710 2979 804 3034 tali
834 2979 1081 3034 videlicet
1109 2981 1649 3051 praportione,”quod
1675 2986 1844 3051 possit

246 3067 418 3123 dividi
463 3068 516 3123 in
547 3068 677 3124 duas
708 3079 885 3138 partes
914 3085 1017 3125 non
1059 3071 1314 3141 equales,
1368 3073 1448 3127 vel
1477 3072 1530 3127 in
1564 3083 1673 3128 tres
1718 3083 1847 3127 tan-

253 3162 543 3217 tummodo
572 3163 807 3228 aequales
838 3174 891 3218 et
922 3163 1297 3230 indivisibiles,
1327 3168 1396 3219 ita
1428 3167 1570 3236 quod
1605 3183 1704 3223 vos
1736 3186 1843 3225 non
1874 3174 1920 3236 C

250 3253 482 3308 alterius
538 3255 591 3309 in
648 3264 891 3325 tempore
945 3259 1332 3313 discretiunum
1408 3261 1605 3314 habere
1661 3267 1844 3332 possit.

243 3343 424 3400 Etiam
450 3346 728 3402 sciendum
758 3359 863 3415 est,
897 3350 1038 3418 quod
1069 3360 1277 3418 tempus
1308 3350 1468 3406 habet
1493 3352 1717 3423 figuram
1746 3358 1844 3408 tri-

249 3436 420 3506 plam,
452 3438 743 3506 aliquando
771 3441 916 3494 enim
948 3455 1082 3495 voce
1129 3453 1297 3511 recta,
1330 3442 1618 3512 aliquando
1663 3459 1841 3512 cassa,

243 3529 544 3598 aliquando
571 3531 826 3586 demissa.
863 3532 1003 3588 Voce
1034 3549 1162 3588 vero
1192 3546 1358 3603 recta,
1391 3546 1450 3590 ut
1478 3550 1578 3591 vos
1610 3536 1842 3592 humana

243 3621 546 3688 procedens
573 3637 602 3676 ιι
647 3623 919 3692 pulmone.
962 3625 1126 3680 Cassa
1171 3641 1320 3696 vero,
1367 3636 1455 3682 est
1501 3642 1687 3691 sonus,
1739 3646 1843 3683 non

245 3726 371 3777 vox,
402 3708 458 3766 id
486 3721 589 3775 est.
609 3727 712 3768 vos
736 3729 842 3768 non
872 3715 1174 3780 articulata,
1205 3730 1325 3786 qua:
1351 3717 1408 3768 lit
1428 3718 1721 3772 secundum
1750 3721 1847 3772 ali-

244 3802 393 3873 quod
421 3807 860 3874 instrumentum,
910 3816 964 3861 et
996 3807 1117 3862 ideo
1145 3807 1342 3864 dicitur
1372 3822 1547 3876 cassa,
1594 3807 1844 3879 quoniam

242 3909 444 3952 natura
490 3913 594 3951 non
624 3899 710 3954 hic
739 3900 933 3955 dicitur
976 3900 1095 3955 ficta
1124 3914 1266 3956 esse.
1316 3900 1491 3956 Etiam
1523 3916 1626 3955 vox
1663 3915 1842 3970 parva,

245 4006 352 4044 non
384 4000 613 4059 mutata,
637 3989 834 4046 dicitur
859 3991 1022 4046 etiam
1052 4007 1226 4054 cassa,
1249 3992 1372 4061 quia
1395 4005 1517 4046 cum
1543 4001 1689 4046 recta
1714 4005 1844 4045 voce

247 4095 457 4134 remain
517 4095 624 4134 non
673 4090 847 4151 potest
901 4083 1031 4135 dare
1090 4081 1549 4136 concordantiam.
1605 4079 1845 4136 Demissa

247 4186 380 4226 vero
414 4187 539 4233 vox,
569 4179 654 4227 est
697 4172 786 4227 illa
818 4175 1096 4243 proportio
1119 4174 1233 4229 sive
1258 4187 1432 4239 mora,
1463 4187 1565 4243 qua
1593 4172 1846 4243 quaelibet

251 4267 426 4335 figura
472 4264 718 4334 superius
769 4266 1180 4336 praznorninata,
1231 4265 1525 4321 secundum
1572 4265 1741 4336 magis
1790 4275 1846 4320 et

247 4361 432 4412 minus
465 4359 937 4428 proportiouaiiter
985 4358 1145 4413 habet
1189 4357 1412 4428 figuram
1460 4357 1546 4412 hic
1575 4359 1730 4412 tacite
1756 4372 1844 4412 rc-

245 4462 392 4503 ctam
443 4464 749 4504 mensuram
776 4448 1150 4519 exciigitando,
1199 4449 1495 4505 secundum
1527 4450 1669 4519 quod
1698 4463 1848 4520 quat-

1947 1891 2273 1965 nhrnutatur,
2305 1911 2513 1971 tempus
2541 1916 2716 1958 tamen
2745 1921 2873 1959 non.
2907 1902 3058 1960 Unde
3088 1920 3272 1960 versus
3307 1924 3320 1960 :

2131 2012 2375 2075 Tempora
2401 2020 2706 2076 praetereunt
2731 2028 2869 2066 more
2893 2017 3094 2066 ﬂuentis
3115 2031 3276 2081 aquie.

2016 2116 2269 2187 Sequitur
2292 2121 2361 2173 de
2387 2135 2661 2184 rneusura,
2693 2136 2810 2191 quas
2857 2136 2956 2192 per
2982 2129 3144 2177 totam
3176 2124 3434 2179 musicam
3465 2125 3542 2180 lo-

1946 2224 2069 2265 cum
2107 2210 2310 2266 obtinet
2341 2212 2730 2278 necessarium,
2759 2228 2880 2283 qua:
2921 2214 3080 2283 etiam
3115 2230 3220 2269 non
3261 2216 3432 2272 solum
3487 2217 3540 2272 in

1945 2306 2172 2371 musica,
2218 2306 2313 2360 sed
2347 2307 2510 2361 etiam
2561 2307 2615 2360 in
2667 2307 2918 2363 omnibus
2963 2308 3203 2378 perutilis
3249 2309 3537 2365 invenitur.

1948 2393 2103 2453 Unde
2131 2413 2338 2465 versus,

2077 2509 2137 2579 tit
2155 2513 2370 2579 inomne
2393 2512 2521 2574 quod
2547 2520 2644 2579 est,
2670 2514 2904 2579 musicam
2930 2525 3116 2579 ponere
3139 2514 3340 2573 prodest
3364 2553 3381 2579 ,

2071 2573 2154 2623 Sic
2177 2575 2285 2623 sine
2311 2573 2558 2635 mensura,
2584 2573 2784 2638 deperit
2803 2573 2950 2624 onrne
2973 2576 3103 2639 quod
3126 2587 3226 2628 est.

2027 2677 2181 2733 Unde
2207 2676 2494 2732 videndum
2543 2687 2626 2734 est
2665 2680 2804 2745 quod
2853 2693 3104 2735 mensura
3152 2680 3439 2748 dupliciter
3488 2681 3540 2737 in

1949 2768 2049 2824 hac
2078 2779 2190 2824 arte
2215 2770 2541 2837 continetur,
2586 2770 2812 2835 si-iiicet.
2867 2771 3053 2826 localis
3099 2779 3156 2825 et
3185 2774 3536 2841 temporalia;

1925 2869 2003 2915 'ct
2034 2862 2172 2916 idem
2196 2868 2279 2915 est
2310 2861 2449 2927 quod
2496 2876 2584 2917 ars
2614 2861 2714 2915 ista
2748 2862 3126 2917 mensurabilis
3172 2864 3376 2919 musica
3406 2880 3542 2920 nun-

1950 2963 2204 3021 cupatur,
2253 2952 2318 3004 ad
2363 2952 2718 3007 ditiorentiam
2767 2953 2942 3022 plena:
2985 2954 3228 3020 musicae,
3268 2955 3390 3025 quia
3419 2970 3542 3011 cum

1953 3045 2064 3114 ipsa
2086 3047 2240 3113 plena
2270 3046 2474 3099 musica
2505 3044 2664 3100 locali
2685 3062 2954 3111 mensura,
2984 3063 3104 3116 qum
3133 3059 3216 3103 est
3245 3051 3311 3104 ad
3340 3051 3542 3107 distan-

1953 3137 2080 3190 tiam
2113 3153 2303 3191 vocum
2332 3140 2838 3204 mensurandarum,
2886 3140 3228 3196 solummodo
3257 3158 3543 3200 tnensore-

1954 3241 2060 3298 tur,
2087 3231 2176 3284 isti
2205 3246 2311 3285 non
2344 3231 2519 3284 solum
2549 3231 2733 3284 localis
2759 3230 2976 3296 sufficit,
3030 3232 3125 3288 sed
3153 3236 3316 3287 etiam
3351 3236 3533 3305 requi-

1952 3323 2020 3376 rit
2044 3335 2162 3376 eam
2195 3335 2247 3376 et
2281 3323 2654 3393 temporalem.
2694 3324 3051 3393 Tcmporaiis,
3083 3336 3140 3380 ut
3166 3327 3273 3394 hic,
3301 3330 3384 3383 vel
3417 3344 3539 3384 nut-

1950 3416 2081 3467 tatio
2128 3425 2209 3468 est
2260 3414 2526 3481 duarum,
2578 3413 2735 3469 trium
2792 3416 2873 3470 vel
2921 3416 3153 3486 plurium
3194 3417 3546 3489 figurarum;

1949 3505 2242 3560 secundum
2271 3506 2410 3575 quod
2453 3514 2580 3560 sunt
2607 3504 2661 3559 in
2693 3521 2915 3562 numero
2963 3508 3030 3562 ad
3081 3510 3313 3575 aliquam
3363 3509 3539 3576 perfo-

1947 3597 2178 3651 itionem
2225 3599 2391 3652 relata
2422 3597 2720 3668 aequalitas,
2769 3609 2826 3652 ut
2875 3600 2920 3653 si
2970 3600 3091 3671 quis
3131 3600 3361 3668 aliquant
3412 3615 3540 3671 pro-

1950 3694 2249 3763 portionem
2283 3693 2521 3762 justam,
2565 3707 2661 3747 seu
2709 3694 3118 3748 consonantiam
3149 3695 3376 3748 duorum
3405 3710 3542 3750 can-

1957 3783 2203 3846 tantium,
2235 3785 2348 3836 sive
2376 3783 2537 3836 trium
2569 3783 2902 3838 diversarum
2934 3799 3146 3850 vocum,
3178 3784 3398 3855 alicujus
3426 3786 3528 3841 loci

1949 3875 2200 3928 destinati
2230 3873 2371 3928 scire
2400 3875 2691 3939 desiderat,
2725 3873 2793 3928 ab
2815 3874 2996 3939 aliquo
3023 3876 3121 3930 sibi
3152 3889 3300 3944 noto,
3339 3878 3532 3943 princi-

1950 3964 2144 4033 paliter
2167 3964 2230 4019 ad
2263 3965 2439 4017 locum
2471 3979 2638 4033 usque
2663 3965 2996 4032 deputatum.
3019 3981 3117 4036 per
3147 3966 3246 4020 tria
3277 3977 3537 4037 tempora,

1949 4057 2031 4111 vel
2083 4072 2176 4125 per
2221 4056 2704 4125 azquipollentiam,
2758 4065 2852 4112 aut
2879 4071 3098 4125 semper
3147 4060 3213 4112 d
3245 4059 3538 4128 perfectam

1947 4148 2168 4218 figuram
2197 4147 2478 4218 diligenter
2501 4148 2714 4203 studeat
2737 4150 3101 4218 computando
3129 4150 3349 4204 referre.
3384 4149 3540 4206 Unde

1949 4239 2240 4295 notandum
2268 4247 2354 4294 est
2383 4240 2525 4308 quod
2557 4254 2652 4310 per
2681 4238 2926 4296 eamdem
2966 4254 3154 4295 omnes
3183 4239 3327 4295 modi
3358 4239 3529 4295 diver-

1947 4333 2156 4391 simode
2185 4333 2450 4403 originem
2483 4343 2903 4402 prosequuntur.

2016 4429 2148 4482 Cum
2178 4427 2424 4498 superius
2454 4428 2788 4483 declaratum
2815 4426 2883 4481 sit
2910 4425 2979 4480 de
3003 4425 3147 4481 onmi
3180 4439 3378 4495 genere
3407 4425 3539 4496 figu-

247 4542 385 4598 libet
413 4544 580 4613 figura
615 4558 712 4612 pro
739 4558 835 4597 sua
867 4516 1014 4613 parte
1064 4543 1304 4597 continet
1348 4543 1401 4597 in
1429 4556 1509 4597 se.
1545 4516 1840 4596 Unde—no-

1953 4535 2161 4586 rarum,
2204 4531 2256 4573 et
2285 4519 2354 4572 de
2395 4517 2728 4587 temporibus
2754 4527 2808 4571 et
2852 4525 3129 4586 mensura,
3178 4525 3235 4570 et
3279 4516 3440 4572 etiam
3471 4519 3536 4573 de

247 4634 477 4689 tandum
520 4642 604 4690 est
650 4635 791 4705 quod
839 4633 1205 4703 hujuscemodi
1257 4634 1418 4688 tacita
1469 4646 1723 4687 mensura
1762 4641 1847 4687 est

247 4738 350 4792 per
399 4722 633 4794 quinque
662 4723 897 4792 virgulas
941 4724 1124 4792 longas
1168 4730 1224 4776 et
1271 4721 1489 4787 breves,
1542 4723 1610 4778 de
1656 4723 1849 4793 quibus

251 4826 440 4885 patent
485 4817 720 4887 quinque
761 4815 1123 4871 diﬁ‘erentiae:
1155 4829 1383 4884 quarum
1412 4815 1582 4885 prima
1616 4815 1848 4886 perfecta

252 4921 420 4978 pausa
451 4919 692 4976 vocatur,
736 4908 1018 4964 continens
1051 4910 1104 4962 in
1155 4906 1488 4979 longitudine
1517 4910 1751 4978 quinque
1790 4907 1853 4964 lio

253 5015 408 5065 neas,
442 5016 471 5055 a
520 5016 728 5056 summo
757 5016 927 5070 usque
967 5002 1222 5056 deorsum
1255 5000 1459 5055 habens
1489 5016 1706 5055 omnem
1751 5018 1849 5071 po-

252 5100 532 5160 testatem,
580 5091 817 5163 regulam
857 5103 914 5149 et
945 5106 1277 5156 mensuram,
1321 5106 1480 5162 quam
1511 5089 1672 5145 habet
1696 5091 1850 5160 longa

256 5190 521 5259 perfecta.
568 5187 816 5245 Secunda
849 5202 978 5243 vero
1023 5201 1213 5257 pausa,
1263 5184 1849 5255 imperfecta-nornina-

256 5293 373 5351 tur,
421 5299 541 5354 qua:
589 5281 955 5338 summitatem
1004 5280 1242 5336 continet
1283 5291 1512 5348 quatuor
1551 5276 1848 5342 linearum,

256 5375 472 5434 habens
503 5385 816 5447 potestatem
847 5374 1177 5446 imperfecta:
1226 5371 1438 5441 ligone,
1479 5376 1537 5426 et
1563 5370 1704 5426 illius
1730 5384 1850 5437 quas

255 5479 489 5533 vocatur
529 5468 696 5524 altera
737 5467 902 5522 basis.
941 5467 1120 5522 Tertia
1176 5478 1304 5518 vero
1346 5460 1634 5530 suspirium
1690 5461 1850 5517 breve

256 5571 626 5633 nuncupatur,
667 5560 948 5616 continens
977 5559 1342 5614 summitatem
1376 5554 1535 5609 trium
1566 5554 1846 5618 linearum,

254 5664 318 5712 et
361 5655 576 5725 ponitur
609 5667 705 5719 pro
753 5653 902 5708 brevi
947 5661 1116 5708 recta.
1157 5650 1357 5716 Quarta
1407 5655 1491 5701 est
1538 5642 1850 5713 semisuspi-

259 5749 406 5806 riunt
442 5748 637 5819 majus,
687 5746 969 5803 continens
1007 5743 1370 5798 summitatem
1415 5739 1644 5794 duarum
1676 5736 1848 5792 linea-

260 5857 410 5912 rum,
452 5851 509 5902 et
553 5842 771 5917 ponitur
795 5854 893 5911 pro
941 5834 1224 5893 semibrevi
1266 5832 1491 5904 majore.
1540 5829 1734 5900 Quinta
1765 5836 1848 5887 est

1952 4613 2127 4684 plicis,
2157 4621 2212 4668 et
2238 4610 2585 4665 nihilominus
2621 4608 2867 4663 consistit
2894 4609 3085 4662 modus
3116 4624 3210 4662 seu
3241 4609 3534 4679 tnaueries,

1948 4716 2006 4763 et
2029 4706 2219 4762 modus
2247 4703 2508 4760 consistat
2554 4704 2608 4757 in
2656 4715 2910 4757 sonorum
2944 4701 3310 4755 modulatione
3340 4708 3398 4754 et
3441 4716 3536 4754 vo-

1949 4813 2072 4855 cum
2101 4798 2444 4861 discretione,
2485 4808 2628 4850 nuuc
2656 4807 2834 4848 autem
2865 4793 3153 4847 dicendnrn
3197 4799 3283 4845 est
3308 4790 3434 4862 quid
3468 4795 3538 4846 sit

1951 4894 2174 4958 modus,
2204 4900 2258 4949 et
2278 4899 2409 4963 quot
2438 4890 2567 4958 sint,
2617 4897 2671 4944 et
2700 4888 2932 4957 qualiter
2979 4899 3008 4940 a
3053 4883 3334 4954 principali
3367 4885 3534 4954 ligurn

1951 5002 2137 5044 omnes
2167 4985 2376 5040 numeri
2406 4991 2654 5038 constare
2689 4981 2960 5035 videntur.

2024 5076 2212 5135 Modus
2242 5091 2369 5129 vero
2397 5075 2754 5136 maneriesve,
2785 5079 2842 5126 ut
2867 5070 2954 5125 hic
2978 5069 3231 5136 sumitur,
3265 5078 3347 5123 est
3374 5067 3535 5137 quid-

1951 5172 2076 5243 quid
2111 5184 2205 5240 per
2229 5166 2465 5223 debitam
2497 5180 2804 5221 mensuram
2854 5163 3216 5233 temporaliter
3250 5161 3532 5231 longarum

1950 5265 2301 5334 breviumque
2357 5262 2646 5332 figurarum
2706 5267 2762 5315 et
2815 5255 3197 5312 semibrevium
3256 5264 3531 5310 transcur-

1951 5367 2092 5416 rent.
2141 5356 2292 5414 Unde
2319 5354 2607 5410 notandum
2634 5351 2778 5420 quod
2805 5352 2870 5406 ad
2917 5348 3351 5405 constitutionem
3381 5354 3537 5403 natii-

1959 5449 2150 5507 ralium
2191 5448 2672 5505 instrumentorum
2717 5459 2908 5501 novem
2957 5443 3145 5498 modos
3187 5441 3402 5498 damus.
3454 5442 3542 5498 Ad

1951 5559 2182 5616 quorum
2241 5544 2600 5612 cognitionem
2647 5538 3090 5602 discernendam,
3147 5544 3204 5591 et
3249 5536 3536 5591 multorum

1949 5636 2108 5691 etiam
2130 5647 2368 5689 errorem
2396 5630 2806 5696 destruendum,
2855 5637 2984 5685 tres
3014 5627 3348 5684 liberaliores
3387 5627 3531 5683 excio

1950 5730 2189 5802 piuntur,
2222 5727 2448 5792 scilicet,
2478 5726 2704 5796 primus,
2725 5734 2947 5796 quartus
2973 5734 3023 5778 et
3047 5723 3340 5792 septimus;
3367 5734 3398 5774 a
3421 5717 3544 5788 qui~

1952 5826 2052 5884 bus
2075 5824 2165 5880 alii
2203 5837 2319 5891 sex,
2370 5822 2521 5892 quasi
2553 5820 2800 5886 clientes,
2853 5818 2964 5875 bini
2997 5828 3048 5873 et
3079 5817 3188 5872 bini
3221 5831 3247 5870 a
3293 5813 3528 5883 quolibe-
