4098 6208
595 351 702 419 959

664 470 849 539 Polus,
893 474 939 529 is
975 476 1069 547 qui
1103 478 1306 539 Boreus

587 668 933 727 aconspectu
984 674 1243 721 remotus.
1294 667 1563 731 Naturalis
1604 680 1786 734 mundi
1826 683 1992 738 statio
2040 690 2173 757 pby-

589 746 697 801 sice
726 747 942 814 dicitur,
973 769 1033 806 ca
1076 772 1197 813 csse
1225 757 1278 813 in
1306 761 1479 819 Boreo
1510 768 1634 836 polo
1675 771 1847 842 ﬁnita,
1894 786 1953 829 ut
1994 783 2172 836 omnia

581 851 620 910 e
650 838 855 895 dextris
887 845 1126 912 partibus
1154 852 1383 919 exoriri,
1418 856 1472 910 in
1517 859 1753 917 sinistris
1795 868 2045 924 occidere
2095 873 2171 925 vi-

581 930 831 990 deantur.
862 934 1095 992 Exortus
1137 950 1219 996 est
1249 944 1390 1000 enim
1445 949 1617 1006 subita
1664 957 1909 1024 quaedam
1958 965 2170 1030 species

580 1021 789 1089 objecta
840 1037 1024 1083 nostro
1075 1036 1406 1103 conspectui.
1454 1021 1697 1098 Occasus
1731 1054 1910 1104 autem
1957 1021 2071 1121 pari
2102 1056 2170 1109 de

579 1128 764 1181 causa,
796 1127 856 1172 ut
882 1129 1065 1189 erepta
1096 1123 1166 1178 ab
1213 1128 1382 1183 oculis
1412 1130 1524 1186 visa
1567 1133 1619 1188 in
1672 1136 1915 1196 ﬁnitione
1961 1146 2163 1200 mundi.

575 1203 777 1264 Circuli
816 1221 944 1267 sunt
992 1216 1232 1283 paralleli
1277 1219 1537 1292 quinque,
1581 1227 1633 1279 in
1663 1229 1861 1297 quibus
1892 1241 1999 1288 tota
2031 1239 2168 1291 ratio

575 1301 802 1369 spbmrae
831 1304 1112 1370 consistat,
1144 1320 1339 1379 praeter
1366 1330 1489 1370 eum
1514 1321 1602 1391 qui
1635 1321 1889 1381 zodiacus
1919 1330 2164 1396 appella-

573 1400 682 1446 tur.
712 1394 812 1461 Qui
842 1397 982 1463 quod
1014 1412 1119 1452 non
1144 1411 1198 1454 ut
1221 1404 1405 1459 creteri
1430 1406 1619 1464 circuli
1652 1423 1797 1468 certa
1825 1414 2164 1476 dimensione

575 1484 778 1554 ﬁnitur,
812 1498 866 1542 et
894 1489 1244 1557 inclinatione
1271 1497 1392 1552 aliis
1423 1499 1656 1571 videtur,
1692 1505 1848 1563 loxos
1889 1524 1918 1564 a
1957 1510 2165 1567 Graecis

573 1590 659 1632 est
706 1578 900 1635 dictus.
948 1582 1197 1661 Quinque
1245 1597 1447 1656 autem,
1493 1608 1630 1664 quos
1680 1611 1841 1667 supra
1899 1600 2157 1671 diximus,

571 1673 651 1726 sic
674 1671 726 1726 itt
758 1672 966 1742 sphaera
998 1679 1314 1749 metiuntur.
1344 1681 1500 1739 Initio
1527 1700 1783 1758 supremo
1819 1707 1847 1746 a
1883 1694 2030 1764 polo,
2069 1701 2159 1768 qui

574 1764 777 1822 Boreus
804 1770 1124 1841 appellatur,
1159 1776 1225 1828 ad
1259 1792 1379 1832 eum
1409 1780 1499 1849 qui
1532 1781 1702 1839 Notus
1729 1796 1783 1842 et
1814 1791 2159 1849 Antarcticus

570 1871 814 1923 vocatur,
844 1861 897 1916 in
926 1864 1139 1934 triginta
1172 1876 1355 1935 partes
1379 1878 1799 1947 unumquodque
1831 1880 2157 1955 hemisphae-

569 1948 709 2003 rium
740 1950 1020 2018 dividitur,
1053 1955 1124 2009 ita
1159 1958 1235 2011 uti
1261 1959 1529 2019 dimensio
1557 1968 1850 2035 signiﬁcari
1885 1975 2152 2045 videatur,

567 2045 754 2096 in-tot-t
784 2048 995 2115 sphaera
1043 2064 1106 2102 ιι
1142 2058 1321 2120 partes
1368 2051 1557 2112 factas.
1608 2058 1808 2117 Deinde
1852 2066 1920 2120 ab
1961 2068 2153 2125 eodem

569 2133 835 2202 principio
866 2134 1039 2192 Boreo
1084 2153 1177 2193 sex
1234 2143 1476 2209 partibus
1521 2162 1587 2202 ex
1636 2159 1860 2223 utraque
1909 2156 2152 2216 ﬁui‘ione

566 2228 821 2298 sumptis,
852 2227 1087 2286 circulus
1110 2232 1346 2303 ducitur,
1376 2239 1532 2311 cujus
1556 2254 1804 2300 centrum
1836 2249 1951 2318 ipse
1994 2255 2151 2322 polus

562 2319 764 2376 linitur.
794 2321 1039 2379 Circulos
1064 2325 1310 2384 Arcticns
1338 2336 1660 2406 appellatur,
1681 2343 1825 2410 quod
1861 2319 2007 2400 intra
2023 2364 2146 2403 eum

560 2422 839 2468 arcturum
872 2413 1164 2472 simulacra
1212 2428 1270 2474 ut
1316 2420 1521 2479 inclusa
1570 2430 1987 2499 perspiciuntur.
2019 2439 2149 2506 Quae

560 2503 710 2576 signa
745 2521 775 2560 a
807 2506 1010 2564 nostris
1056 2524 1303 2568 ursarum
1333 2518 1515 2585 specie
1547 2520 1690 2590 ﬁcta,
1737 2524 2149 2596 Septentriones

559 2597 919 2668 appellantur.
949 2600 1034 2657 Ab
1092 2603 1196 2659 hoc
1244 2606 1450 2663 circulo
1502 2612 1573 2669 de
1632 2617 1853 2690 reliquis
1902 2625 2148 2693 partibus

555 2690 794 2761 quinque
821 2694 1075 2763 sumptis,
1105 2696 1296 2755 eodem
1318 2713 1531 2773 centro,
1562 2722 1670 2776 quo
1700 2727 1863 2783 supra
1887 2690 2141 2788 diximus,

550 2782 788 2840 circulus
834 2784 1068 2854 ducitur,
1103 2791 1192 2859 qui
1240 2794 1486 2853 tberiuos
1532 2782 1777 2873 tropicos
1816 2809 2138 2881 appellatur,

554 2875 676 2931 ideo
703 2878 845 2945 quod
874 2880 958 2936 sol
981 2895 1106 2937 cum
1131 2884 1196 2941 ad
1222 2900 1345 2942 eum
1378 2890 1641 2949 circulum
1672 2904 1942 2971 pervenit,
1978 2918 2139 2963 aesta—

548 2976 658 3020 tem
687 2965 851 3023 efﬁcit
877 2969 956 3025 eis
984 2972 1076 3041 qui
1106 2972 1158 3028 in
1185 2976 1470 3046 Aquilonis
1498 2965 1690 3041 enim
1717 2999 1865 3055 sunt,
1908 2965 2139 3054 bietncm

549 3067 725 3113 autem
751 3059 829 3116 eis
863 3076 1000 3133 quos
1028 3068 1208 3122 Austri
1242 3067 1457 3129 ﬂatibus
1504 3080 1781 3147 oppositos
1824 3094 1949 3140 ante
1995 3089 2137 3145 dixi-

545 3168 687 3207 mus.
737 3153 1025 3225 PrOptcrca
1077 3158 1220 3229 quod
1269 3163 1408 3218 ultra
1458 3182 1580 3223 eum
1622 3168 1882 3230 circulum
1911 3180 1992 3234 sol
2028 3198 2132 3238 non

548 3249 766 3314 transit,
809 3248 905 3304 sed
950 3250 1132 3305 statim
1178 3259 1490 3323 revertitur,
1525 3265 1765 3331 tropicus
1792 3276 1876 3324 est
1902 3273 2137 3341 appella-
2166 3251 2212 3315 θ

549 3342 655 3391 tns.
686 3337 768 3391 Ab
799 3338 899 3394 bac
926 3340 1117 3397 circuli
1149 3343 1546 3413 signiﬁcatione
1572 3364 1802 3422 quatuor
1827 3337 2135 3435 de-reliquis

539 3425 792 3494 partibus
834 3432 1081 3502 sumptis,
1128 3435 1343 3492 ducitur
1394 3442 1631 3500 circulus
1680 3425 2077 3519 atquinoctialis
2104 3472 2135 3512 a

537 3521 747 3578 meis
776 3525 1093 3583 isemerinos
1146 3533 1474 3603 appellatus,
1526 3536 1649 3595 ideo
1695 3543 1838 3612 quod
1895 3547 2130 3604 sulcum

532 3617 613 3671 ad
644 3631 766 3671 eum
785 3618 983 3675 orbem
1010 3626 1278 3691 pervenit,
1309 3628 1689 3697 aequinoctium
1728 3636 1970 3696 conﬁcit.
2023 3638 2134 3697 Hoc

540 3710 746 3766 circulo
774 3709 937 3780 facto,
986 3712 1208 3772 dimidia
1255 3718 1482 3790 sphaerae
1511 3739 1639 3794 pars
1688 3732 1980 3788 constituta
2012 3751 2134 3804 per-

543 3804 785 3872 spicitur.
820 3804 863 3861 Ε
888 3813 1161 3865 contrario
1188 3810 1315 3868 item
1338 3813 1499 3870 simili
1531 3818 1745 3876 ratione
1774 3839 1804 3877 a
1836 3823 1975 3880 Noto
2009 3829 2133 3896 polo

536 3912 633 3952 sex
674 3899 919 3968 partibus
962 3903 1218 3973 sumptis,
1267 3915 1326 3961 ut
1355 3923 1515 3979 supra
1562 3910 1631 3967 de
1663 3912 1835 3972 Boreo
1864 3917 2125 3986 diximus,

532 3991 770 4046 circulus
796 3988 993 4046 ductus
1014 3995 1358 4051 Antarcticus
1385 4008 1629 4067 vocatur,
1650 4004 1792 4073 quod
1822 4015 2129 4070 contrarius

534 4090 624 4135 est
662 4081 869 4135 circulo
896 4097 1060 4150 quem
1104 4085 1356 4140 Arcticon
1400 4102 1560 4159 supra
1589 4093 1963 4155 deﬁnivimus.
2020 4101 2130 4159 Hac

536 4169 858 4225 deﬁnitione
887 4172 1138 4241 sphaerm,
1168 4185 1461 4248 centroque
1485 4183 1630 4251 polo,
1661 4188 1753 4256 qui
1798 4189 1969 4246 Notus
1989 4193 2125 4250 dici-

537 4271 645 4322 tur,
693 4260 930 4332 quinque
985 4265 1223 4334 partibus
1276 4273 1526 4341 sumptis,
1583 4278 1815 4334 circulus
1872 4283 2127 4345 imerinos

540 4351 778 4420 tropicos
818 4352 1137 4424 instituitur,
1178 4374 1206 4412 a
1254 4360 1411 4418 nobis
1455 4363 1724 4438 hiemalis,
1775 4389 1803 4425 a
1852 4380 2123 4437 nonnullis

538 4441 698 4496 etiam
739 4441 996 4500 brumalis
1025 4449 1344 4520 appellatur,
1398 4453 1523 4511 ideo
1565 4460 1709 4529 quod
1760 4464 1839 4519 sol
1887 4481 2009 4525 cum
2061 4473 2127 4529 ad

536 4553 659 4594 eum
688 4538 952 4598 circulum
1004 4549 1269 4614 pervenit,
1331 4551 1563 4611 hiemem
1612 4556 1889 4619 elllcitbis
1920 4568 2009 4635 qui
2055 4570 2123 4625 ad

535 4631 857 4703 Aquilonem
889 4648 1233 4709 exspectant,
1266 4654 1506 4702 testatem
1556 4661 1733 4707 autem
1794 4654 1879 4711 bis
1925 4631 2016 4729 qui
2069 4663 2122 4720 in

534 4725 713 4782 Austri
743 4728 981 4795 partibus
1014 4726 1283 4790 domicilia
1317 4742 1735 4799 constituerunt.
1771 4725 1997 4814 Quando
2027 4769 2123 4809 au-

534 4828 644 4875 tem
674 4820 827 4877 abest
868 4822 1080 4895 longius
1119 4826 1189 4881 ab
1222 4829 1304 4883 bis
1329 4830 1418 4899 qui
1460 4832 1511 4885 in
1544 4835 1826 4905 Aquilonis
1875 4842 2123 4904 habitant

535 4911 755 4980 ﬁnibus,
805 4914 907 4970 hoc
950 4914 1158 4987 majore
1204 4920 1381 4976 hieme
1426 4925 1825 4999 conﬂictantur,
1877 4945 2119 4998 cstatem

534 5014 712 5058 autem
763 5002 816 5058 bi
860 5006 1055 5075 quibus
1103 5010 1186 5066 sol
1234 5015 1511 5083 appositus
1559 5023 1890 5088 pervidetur.
1936 5028 2120 5101 Itaque

535 5091 819 5165 Aitbiopes
866 5096 969 5152 sub
1011 5108 1242 5171 utroque
1287 5105 1422 5161 orbe
1469 5114 1779 5171 necessario
1831 5117 1987 5179 llunt.
2036 5091 2123 5181 ab

536 5185 638 5237 hoc
660 5186 862 5243 circulo
884 5188 951 5244 ad
968 5188 1422 5262 Equinoctialem
1446 5200 1706 5261 circulum
1739 5209 1959 5281 reliquae
1987 5215 2122 5275 ﬁunt

535 5285 714 5343 partes
737 5289 983 5347 quatuor,
1017 5283 1086 5338 ita
1116 5288 1189 5340 uti
1218 5288 1297 5343 sol
1343 5305 1438 5359 per
1484 5304 1609 5352 octo
1658 5311 1837 5368 partes
1888 5308 2121 5377 sphaerae

533 5380 753 5423 currere
780 5370 1045 5429 videatur.
1095 5376 1358 5437 Zodiacus
1404 5395 1583 5444 autem
1628 5392 1868 5452 circulus
1920 5401 2001 5468 sjc
2031 5404 2117 5461 vel

532 5457 737 5525 optime
776 5460 988 5520 deﬁniri
1019 5471 1233 5538 poterit,
1264 5484 1324 5529 ut
1366 5478 1532 5548 signis
1560 5481 1733 5553 lactis,
1763 5488 1903 5545 sicut
1936 5507 2119 5563 postea

532 5547 796 5619 dicemus,
824 5567 893 5608 ex
920 5556 1111 5614 ordine
1139 5563 1374 5623 circulus
1423 5547 1766 5640 perducatur.
1799 5580 1903 5651 Qui
1938 5598 2116 5644 autem

534 5643 761 5700 lactens
791 5656 1031 5716 vocatur,
1077 5660 1379 5717 contrarius
1412 5666 1797 5739 aequinoctiali,
1829 5677 1910 5731 vel
1942 5678 2011 5734 ita
2044 5682 2115 5738 ibi

531 5745 747 5805 oportet
764 5739 1114 5813 constituere,
1148 5757 1203 5801 ut
1228 5760 1355 5806 eum
1386 5754 1618 5816 medium
1642 5760 1905 5835 dividere,
1937 5780 1992 5825 et
2021 5775 2103 5829 bis

531 5827 597 5883 ad
627 5843 749 5887 eum
789 5831 1067 5904 pervenire
1102 5836 1366 5913 videatur,
1415 5851 1580 5907 semel
1637 5854 1786 5913 ineo
1833 5859 1969 5931 loco,
2028 5866 2117 5923 ubi

1028 340 1029 343 Ἴ
1065 366 1267 426 ΒΕΒᾹΞ
1307 371 1753 439 \‘ENERABILIS
1790 381 1939 442 OPl’.
1984 386 2160 448 PARS
2198 378 2240 448 l.
2278 391 2471 454 SECT.
2516 399 2578 457 ll.
2620 432 2690 446 -
2719 404 2924 466 DUBlA
2967 411 3052 468 ET
3092 413 3361 479 SPURIA.

2193 4086 2199 4091 Α
2231 4024 2488 4086 circulum
2520 4036 2861 4105 perspicitur.
2905 4042 2962 4098 ln
3015 4046 3172 4104 Libra

2278 704 2457 758 partes
2501 702 2581 755 sic
2627 702 2950 765 dividentur.
3000 713 3249 787 Quinque
3296 722 3504 793 circuli,
3555 702 3845 801 devqnibus

2275 800 2433 857 supra
2462 792 2721 864 diximus,
2758 801 2829 855 ita
2866 804 3149 877 ﬁnitmtur,
3197 823 3256 866 ut
3285 820 3642 889 unusquisque
3669 840 3842 881 eorum

2272 877 2540 938 dividatur
2566 887 2618 940 in
2646 900 2825 957 partes
2845 911 2918 951 xu
2938 936 2956 962 ,
2978 909 3032 954 et
3058 900 3127 956 ita
3157 920 3223 960 ex
3254 922 3438 964 eorum
3466 917 3671 980 punctis
3700 918 3843 973 line-e

2275 972 2656 1044 perducantur,
2683 998 2801 1049 qua:
2822 987 3054 1045 circulos
3094 995 3407 1064 signiﬁcent
3434 1003 3623 1073 factos,
3654 1008 3703 1063 in
3734 1013 3843 1082 qui-

2275 1060 2369 1082 ι.---
2404 1066 2443 1082 -’
2708 1074 2719 1082 ·
2850 1078 2880 1082 “

2272 1060 2371 1116 bus
2399 1066 2551 1136 signa
2586 1087 2657 1126 xtt
2687 1074 3082 1139 describantur.
3125 1060 3233 1143 sed
3278 1107 3305 1142 a
3336 1060 3843 1171 nonnullis

2270 1153 2495 1213 tioribus
2525 1164 2784 1230 tjttaaritur
2828 1186 2995 1241 quare
3025 1191 3130 1232 non
3177 1185 3349 1252 thuis
3379 1188 3623 1258 partibus
3667 1196 3840 1253 circuli

2269 1246 2542 1319 ﬁniantur,
2574 1255 2677 1312 boc
2704 1271 2809 1327 est,
2839 1267 2990 1322 uide
3019 1246 3503 1344 lrigittlaqtarlibus
3527 1283 3702 1354 quina
3729 1305 3840 1359 par-

2268 1348 2349 1396 tes
2378 1342 2703 1417 dividantur,
2734 1364 2789 1407 et
2821 1357 2888 1411 ita
2927 1359 3113 1417 circuli
3158 1369 3273 1437 pari
3328 1374 3536 1430 ratione
3566 1378 3838 1450 ducantur,

2267 1432 2319 1487 id
2346 1435 2597 1497 facillime
2622 1443 2839 1502 delendi
2862 1465 3021 1520 posse
3044 1432 3386 1520 conﬁdimus.
3415 1467 3549 1523 Cum
3580 1432 3839 1531 euintnie:

2264 1523 2350 1578 dia
2415 1530 2628 1596 sphaera
2680 1535 2852 1606 divisa
2911 1556 3032 1613 est,
3083 1551 3403 1611 Cll‘Cltllll'lllll
3456 1563 3634 1618 nullus
3681 1582 3838 1633 potest

2261 1622 2485 1688 aqualis
2515 1638 2673 1694 esse;
2704 1632 2795 1701 qui
2846 1641 3093 1704 quamvis
3141 1650 3388 1713 prox-imo
3428 1669 3555 1709 eum
3610 1663 3835 1725 accedat.

2266 1714 2440 1767 tamen
2464 1716 2641 1773 minor
2658 1736 2779 1777 esse
2801 1725 3066 1786 videatur.
3090 1732 3161 1789 lta
3176 1753 3280 1805 que
3309 1743 3399 1809 qtti
3422 1746 3651 1813 primum
3679 1754 3858 1821 ερξκιιι

2261 1817 2375 1857 ram
2446 1806 2705 1882 fecerunt,
2760 1830 2882 1873 cum
2945 1824 3148 1880 vellent
3207 1835 3452 1890 omnium
3522 1840 3830 1899 circulorum

2191 1884 2234 1943 B
2260 1909 2443 1961 aequas
2474 1904 2710 1959 rationes
2733 1920 2877 1973 esse,
2911 1928 3007 1979 pro
3038 1928 3150 1971 rata
3183 1936 3333 1988 parte
3363 1928 3649 1986 voluerunt
3678 1939 3830 2000 signi-

2263 1984 2445 2055 ﬁcare,
2494 2001 2552 2046 ut
2580 2006 2784 2065 quanto
2832 2004 3001 2075 magis
3049 2023 3079 2062 a
3127 1984 3250 2081 polo
3299 2016 3696 2087 discederem,
3742 2030 3833 2084 hoc

2258 2082 2524 2141 minorem
2573 2106 2856 2150 numerum
2913 2105 3143 2169 partium
3201 2121 3475 2169 sumerent
3527 2119 3579 2172 in
3634 2124 3833 2183 (ti-culis

2255 2172 2562 2245 metiendis,
2591 2196 2700 2251 quo
2745 2201 2968 2246 necesse
3016 2195 3100 2249 bis
3125 2209 3245 2253 erat
3291 2204 3552 2275 majorem
3584 2214 3830 2273 circulum

2252 2266 2498 2327 deﬁnire.
2526 2272 2677 2341 Quod
2707 2279 2868 2336 etiam
2895 2299 2958 2339 ex
2988 2287 3098 2357 ipsa
3126 2292 3332 2357 splnera
3364 2299 3484 2353 licet
3518 2302 3828 2375 intelligere,

2251 2371 2453 2428 quanto
2496 2367 2666 2436 magis
2691 2383 2721 2424 a
2753 2372 2874 2442 polo
2902 2374 3172 2449 discedes,
3204 2383 3305 2440 boc
3350 2391 3587 2459 majores
3615 2400 3832 2455 circulus

2252 2450 2391 2524 ﬁeri,
2418 2466 2472 2512 et
2497 2456 2597 2516 bac
2619 2476 2677 2517 re
2702 2465 2964 2524 minorem
2994 2470 3119 2529 duci
3150 2491 3456 2550 numerum,
3489 2499 3544 2540 ut
3570 2505 3724 2558 pares
3749 2510 3833 2550 eo-

2244 2558 2370 2599 rum
2422 2548 2705 2609 videantur
2752 2554 3002 2626 eﬁ‘cctus;
3050 2574 3109 2617 et
3146 2566 3193 2621 si
3245 2584 3349 2626 non
3401 2574 3454 2629 in
3504 2593 3609 2635 xxx
3668 2597 3831 2652 partes

2249 2642 2666 2713 unumquodque
2698 2644 3131 2722 bemispbmrium
3175 2660 3463 2741 dividatur,
3496 2674 3596 2727 sed
3628 2642 3681 2730 in
3707 2679 3831 2738 alias

2245 2728 2526 2803 quodlibet
2554 2738 2846 2810 ﬁnitiones,
2902 2758 3080 2808 tamen
3120 2770 3187 2812 eo
3220 2760 3358 2816 ratio
3408 2738 3654 2835 perrenit
3699 2776 3826 2843 ejus,

2245 2838 2309 2881 ac
2332 2828 2377 2883 si
2407 2830 2619 2900 triginta
2647 2847 2825 2906 partes
2850 2840 3079 2901 fecisset.
3115 2847 3383 2911 Zodiacus
3406 2828 3643 2918 circulus
3671 2828 3827 2922 tribus

2245 2917 2329 2975 bis
2356 2922 2651 2993 subjectus,
2681 2928 2749 2986 de
2789 2933 2983 3000 quibus
3012 2954 3170 3008 supra
3200 2943 3452 3014 déximus,
3489 2966 3561 3007 ex
3608 2917 3826 3026 quadam

2244 3021 2395 3077 parte
2421 3015 2683 3087 contingit
2710 3020 2953 3078 aestivum
2980 3039 3033 3081 et
3071 3028 3374 3110 hiemalem,
3398 3015 3824 3111 cquinoctialem

2241 3112 2418 3157 autem
2444 3107 2678 3164 medium
2700 3110 2911 3171 dividit.
2937 3118 3117 3189 Itaque
3137 3108 3215 3179 θοι
3240 3144 3333 3195 per
3353 3107 3640 3193 zodiacum
3662 3142 3824 3197 circu-

2242 3193 2352 3248 lum
2386 3210 2639 3266 currens,
2670 3218 2843 3275 neque
2873 3223 3019 3264 extra
3053 3229 3175 3270 eum
3210 3223 3491 3292 transiens,
3525 3237 3824 3290 necessario

2240 3301 2363 3342 cum
2392 3289 2559 3361 signis
2589 3291 2694 3363 his,
2717 3298 2909 3367 quibus
2936 3302 3149 3362 innixus
3176 3309 3279 3366 iter
3299 3318 3570 3378 conﬁcere
3602 3325 3823 3395 videtnr,

2242 3386 2488 3447 pervenit
2513 3387 2580 3443 ad
2623 3402 2718 3444 eos
2763 3408 2900 3462 quos
2951 3411 3111 3469 supra
3151 3402 3383 3465 diximus
3425 3415 3613 3481 orbes.
3662 3431 3715 3477 et
3757 3386 3823 3479 ita

2238 3484 2469 3543 quatuor
2494 3490 2733 3553 tempora
2782 3489 2989 3549 deﬁnit.
3032 3494 3168 3554 Nam
3212 3503 3281 3558 ab
3317 3506 3501 3565 Ariete
3546 3512 3820 3584 incipiens,

2238 3579 2332 3622 ver
2358 3571 2614 3641 ostendit,
2637 3587 2691 3632 et
2710 3577 2967 3651 Taurum,
2999 3597 3055 3644 et
3086 3589 3341 3652 Geminos
3366 3571 3671 3669 transiens,-
3686 3609 3820 3665 idem

2239 3658 2544 3728 signiﬁcat;
2582 3664 2674 3721 sed
2709 3667 2820 3738 jam
2862 3675 3124 3744 capitibus
3168 3679 3519 3748 Geminorum

2239 3749 2479 3807 aestivum
2512 3761 2728 3828 tangere
2745 3761 2973 3823 videtur.
3004 3768 3068 3824 Et
3095 3788 3188 3840 ροι-
3212 3774 3475 3838 Cancrum
3505 3797 3563 3842 et
3597 3789 3819 3847 Leonem

2235 3844 2499 3901 transiens
2541 3856 2597 3903 et
2642 3850 2933 3926 Virginem,
2978 3872 3221 3924 aestatem
3251 3871 3435 3929 efﬁcit.
3486 3878 3555 3932 Et
3585 3898 3817 3939 rursnsa

2240 3929 2472 4004 Virginis
2495 3950 2736 3997 extrema
2787 3958 2942 4016 parte
2989 3959 3225 4015 transire
3272 3963 3338 4018 ad
3395 3973 3815 4038 trquinoctialem

3226 4064 3403 4136 aulum
3439 4065 3813 4134 tequinoctiunt

2229 4121 2469 4190 conﬁcit,
2528 4138 2582 4181 et
2621 4140 2933 4193 autumnum
2982 4128 3284 4211 signiﬁcare
3331 4121 3536 4225 incipit.
3598 4163 3683 4216 Ab
3721 4166 3813 4219 ltoc

2229 4211 2384 4282 signo
2409 4217 2679 4275 transiens
2701 4224 2767 4277 ad
2796 4226 3148 4297 Scorpionem
3176 4248 3229 4294 et
3262 4211 3641 4318 Sagittarium;
3670 4256 3812 4310 dein-

2229 4300 2299 4356 de
2344 4303 2586 4371 protinus
2628 4312 2853 4371 incurrit
2902 4320 2955 4376 in
2988 4324 3274 4385 biemalem
3303 4300 3589 4408 circulum,
3622 4354 3677 4399 ct
3716 4345 3811 4401 Ca-

2230 4395 2503 4468 pricorno,
2532 4405 2789 4477 Aquario,
2835 4409 3075 4473 Piscibus
3118 4419 3352 4481 hiemem
3395 4436 3661 4506 transigit.
3710 4436 3812 4493 lla-

2228 4501 2336 4555 que
2378 4494 2681 4550 ostenditur
2710 4514 2815 4556 non
2849 4519 2943 4571 per
2988 4516 3096 4566 tres
3125 4512 3269 4581 ipsos
3300 4518 3532 4580 circulos
3571 4544 3805 4599 currere,

2944 4692 3098 4755 Item.

2298 4767 2532 4830 Inventis
2562 4777 2616 4833 in
2641 4781 2849 4850 sphera
2873 4792 3100 4848 rutunda
3122 4797 3346 4866 coloris,
3375 4811 3429 4857 et
3454 4804 3570 4873 ipsa
3600 4811 3802 4880 sphera

2228 4861 2280 4917 in
2312 4866 2589 4937 sexaginta
2613 4871 2803 4942 divisa,
2834 4880 2900 4932 ad
2933 4880 3309 4947 inveniendum
3340 4900 3509 4951 nostri
3540 4904 3805 4957 almncan-

2226 4962 2382 5021 tarat,
2415 4958 2527 5015 baec
2555 4973 2637 5020 est
2679 4968 2837 5023 ratio.
2873 4973 2956 5027 Ab
2995 4982 3175 5035 arctici
3204 4998 3391 5042 centro
3431 4990 3484 5045 in
3513 4996 3803 5050 meridiano

2225 5049 2409 5103 coluro
2443 5066 2687 5112 assumas
2723 5071 2932 5127 septem
2972 5076 3359 5144 sexagesimas,
3407 5092 3465 5136 et
3514 5084 3586 5139 ibi
3637 5091 3797 5144 nostri

2223 5152 2490 5197 summum
2525 5144 2743 5205 habeas.
2779 5152 2833 5207 ln
2858 5171 2965 5223 quo
2993 5162 3210 5230 quidem
3237 5182 3448 5226 smnmo
3489 5191 3594 5250 uno
3618 5181 3800 5237 circini

2224 5234 2359 5299 pede
2389 5236 2578 5305 posito,
2624 5257 2690 5295 xv
2717 5251 3083 5317 sexagesimus
3131 5272 3376 5327 assumas
3426 5246 3552 5323 ante
3584 5280 3635 5325 te
3671 5274 3800 5339 pede

2222 5340 2343 5380 cum
2373 5332 2560 5397 altero,
2591 5346 2645 5390 et
2670 5338 2896 5405 primum
2918 5344 3324 5421 almucantarat,
3348 5356 3399 5411 id
3429 5370 3535 5428 est,
3562 5365 3797 5422 stabilem

2218 5419 2391 5473 nostri
2411 5419 2757 5483 horizontem
2778 5430 3207 5495 circumvolvas.
3236 5432 3445 5502 Deinde
3469 5449 3705 5506 interius
3725 5451 3791 5505 ad

2215 5523 2306 5563 XIV
2340 5526 2536 5582 ponas,
2563 5526 2621 5574 et
2651 5519 2850 5578 iterum
2885 5524 3315 5591 circumvolvas.
3350 5536 3559 5596 Deinde
3592 5559 3708 5606 xm,
3739 5549 3798 5597 et

2213 5599 2287 5657 ita
2317 5603 2386 5659 ad
2420 5607 2665 5677 singulas
2686 5612 2980 5677 interiores
3013 5630 3383 5698 sexagesimas
3417 5650 3591 5704 ponas
3608 5648 3658 5693 et
3686 5639 3792 5694 cir—

2210 5695 2513 5754 cumducas
2541 5702 2675 5759 dum
2710 5708 2778 5762 ad
2814 5726 3084 5770 cacumen
3120 5695 3334 5778 venias.
3362 5725 3441 5780 Ad
3472 5730 3782 5801 erigendam

2208 5785 2476 5857 sphaeram
2507 5798 2798 5856 rotundam
2832 5804 2913 5860 sic
2938 5804 3130 5864 facias.
3162 5811 3245 5867 Ad
3280 5785 3779 5875 Arclicumvsubtns

2206 5876 2344 5937 duas
2379 5888 2766 5963 sexagesimas,
2803 5894 2859 5951 in
2897 5908 3149 5959 nostram
3181 5906 3542 5970 habitabilem
3578 5926 3776 5973 sumas,
