4098 6208
80 52 687 141 Hyl—ﬁ“

250 358 361 416 M5

1613 361 1697 417 DE
1738 361 1956 417 SIGNIS
1991 363 2202 421 (ΚΕΗ.

3410 381 3517 438 056

324 478 537 551 Jupiter
556 482 771 551 creatus
799 484 882 532 est
910 475 962 551 in
991 476 1267 548 Sagittarii
1321 475 1503 547 quinta
1536 486 1709 548 parte,
1737 493 1827 536 ιδε-
1856 484 1902 544 Α
1934 483 2062 536 loris
2086 476 2451 541 electi-LMars
2476 484 2664 540 calidae
2687 494 2890 541 natura:
2908 530 2921 551 ,
2944 489 3141 543 coloris
3166 491 3309 545 mrci.
3339 491 3515 545 Venus

254 560 429 606 motus
453 566 483 601 a
508 548 635 605 Sole
661 563 765 603 cxx
791 549 1052 617 partibus.

332 620 505 675 Venus
531 629 719 675 creata
761 616 816 673 in
861 618 1069 687 decima
1097 627 1286 688 quarta
1314 629 1464 688 parte
1487 616 1685 684 Librae,
1738 636 1825 676 re-

252 701 397 746 mota
424 705 453 744 a
478 690 603 744 Sole
634 704 717 743 us
741 690 999 758 partibus.

325 758 587 816 Saturnus
610 757 819 814 creatus
862 769 940 815 est
972 761 1023 812 in
1054 757 1364 827 Capricorni
1393 758 1601 816 decima
1634 762 1823 828 quinta

251 842 425 902 parte,
456 839 714 902 remotus
742 845 770 881 a
802 829 927 885 Sole
951 838 1163 902 centum
1190 840 1244 886 et
1272 831 1659 902 quinquaginta
1690 846 1821 901 par-

257 898 426 972 tibus.
452 900 516 955 Et
556 901 669 955 haec
697 902 958 955 sententia
1008 898 1382 972 uuiVersoritm
1418 898 1819 972 Egyptiorum.

253 970 506 1027 Israelitte
539 985 668 1026 vero
698 978 755 1025 et
775 972 1006 1025 Chaldzei
1036 971 1137 1023 alio
1159 972 1319 1027 modo
1334 970 1593 1028 sentiunt.
1622 971 1822 1026 Dicunt

252 1041 475 1110 quidem
505 1042 685 1097 Solem
714 1042 764 1095 in
791 1040 956 1111 prima
997 1050 1147 1108 parte
1189 1044 1384 1099 Arietis
1428 1054 1689 1097 creatum.
1720 1043 1823 1097 Sa-

253 1122 466 1167 turnum
499 1112 550 1167 in
582 1114 749 1179 prima
781 1110 928 1180 parte
951 1110 1293 1180 Capricorni,
1337 1122 1598 1167 remotum
1629 1128 1656 1164 a
1688 1112 1819 1169 Sole

253 1185 540 1250 nonaginta
568 1179 1030 1249 partibuanvem
1063 1181 1115 1235 in
1140 1179 1307 1254 prima
1339 1193 1489 1251 parte
1521 1184 1816 1254 Sagittarii,

248 1263 514 1308 remotum
538 1268 567 1306 a
597 1254 960 1323 Solecentmn
990 1263 1045 1306 et
1074 1250 1252 1321 viginti
1285 1250 1540 1323 partibus.
1592 1250 1818 1309 Martem

248 1325 303 1375 in
338 1325 505 1391 prima
536 1334 685 1391 parte
716 1322 948 1391 Scorpii,
997 1335 1255 1377 remotum
1289 1322 1317 1378 a
1349 1323 1480 1379 Sale
1508 1333 1723 1378 centum
1765 1332 1821 1379 et

246 1394 629 1464 quinquaginta
682 1396 936 1461 partibus.
986 1393 1256 1465 Venerem
1320 1395 1371 1447 itt
1442 1394 1609 1463 prima
1668 1404 1818 1465 parte

248 1463 435 1526 'l'auri.
459 1463 715 1520 retnotam
737 1480 766 1518 a
788 1466 910 1519 Sole
933 1463 1141 1532 triginta
1170 1466 1425 1533 partibus.

319 1534 540 1589 Summa
563 1534 777 1601 quidem
809 1535 1009 1589 absidis
1038 1536 1249 1589 Siturni
1276 1544 1359 1591 est
1386 1537 1436 1587 in
1467 1533 1646 1597 L‘bra,
1665 1534 1815 1589 Jovis

247 1602 553 1669 inCaucro,
588 1604 772 1659 Martis
825 1607 878 1660 in
907 1603 1258 1672 Capricorno,
1300 1606 1439 1660 Solis
1481 1608 1532 1658 in
1591 1608 1771 1659 Ariete
1797 1647 1814 1668 ,

251 1674 476 1737 Veneris
507 1677 560 1728 in
612 1674 850 1731 Piscibus
872 1714 888 1739 ,
939 1676 1182 1730 Mercurii
1215 1678 1265 1729 in
1297 1674 1532 1744 Virgine.
1564 1674 1728 1729 Lunae
1760 1676 1812 1730 in

246 1745 450 1801 Tauro.
481 1744 574 1801 Sol
596 1746 858 1816 inAriete
884 1748 1125 1816 erigitur,
1174 1749 1223 1798 in
1273 1745 1430 1800 Libra
1459 1748 1812 1801 subvertitur.

250 1816 520 1871 Saturnus
560 1816 611 1869 in
654 1815 812 1870 Libra
858 1815 1101 1885 erigitur,
1157 1817 1209 1870 in
1237 1818 1424 1871 Ariete
1468 1816 1810 1873 subvertitur.

1933 565 2133 608 natura:
2166 555 2388 623 tepidae,
2440 556 2637 609 coloris
2676 558 2917 613 staunei.
2966 559 3254 615 Mercurius
3308 570 3514 615 natura:

1928 625 2125 700 sic_c;c_,
2164 626 2374 700 peloris
2422 625 2675 695 plumbei.
2729 627 3000 684 Saturnus
3034 639 3238 686 natura:
3266 630 3468 700 frigida!
3492 670 3513 697 ,
3570 664 3571 667 η

1928 694 2123 749 Culuris
2160 694 2348 751 ferrei.

2153 805 2225 859 De
2252 817 2366 861 amt
2392 818 2438 861 et
2469 824 2651 863 occasu
2673 808 2941 864 duodecim
2971 811 3271 882 signorum.

1999 898 2322 971 Taftnporunt
2365 900 2559 967 quibus
2590 902 2872 957 duodecim
2917 904 3065 971 signa
3118 904 3364 958 oriuntur
3418 912 3511 959 aut

1926 969 2171 1044 occidunt
2199 971 2444 1025 habenda
2488 983 2570 1026 est
2604 971 2881 1026 distantia.
2928 969 3060 1027 Nam
3112 990 3232 1044 que
3284 975 3507 1043 oblique

1924 1040 2186 1103 oriuntur,
2216 1050 2267 1094 et
2289 1052 2434 1095 recta
2475 1044 2747 1105 occidunt,
2790 1045 3081 1099 celeriores
3121 1040 3268 1099 ortus
3300 1040 3499 1099 habent

1923 1126 2079 1185 quam
2107 1126 2583 1185 occasus;coutra,
2602 1128 2719 1181 qua:
2745 1123 2890 1167 recta
2916 1117 3180 1178 Oriuntur,
3208 1126 3259 1169 et
3280 1116 3500 1185 obliqua

1922 1182 2194 1241 occidunt,
2220 1184 2419 1235 tardius
2441 1185 2705 1248 oriuntur,
2731 1192 2784 1236 et
2810 1187 3035 1238 celerius
3062 1188 3329 1239 occidunt.
3352 1182 3493 1240 Gau-

1923 1266 2033 1315 cer,
2066 1253 2151 1318 qui
2188 1263 2330 1306 recte
2370 1255 2539 1306 uritur
2563 1254 2970 1322 iuulinaturque,
2999 1271 3283 1318 mersatur,
3319 1259 3494 1312 oritur

1921 1323 2125 1376 duabus
2158 1323 2302 1377 horis
2330 1330 2381 1378 et
2410 1326 2720 1377 duodccitnt
2756 1338 2903 1389 parte
2933 1328 3111 1388 hinc;
3144 1327 3344 1381 occidit
3391 1344 3485 1381 au-

1923 1399 2029 1445 tem
2063 1393 2187 1449 hora
2215 1408 2274 1444 ac
2302 1394 2509 1448 deunv'e
2554 1396 2718 1447 bene.
2756 1395 2863 1448 Leo
2904 1398 3073 1448 oritur
3101 1397 3310 1451 duabus
3342 1398 3494 1452 horis

1920 1473 1973 1517 et
2003 1464 2156 1516 tertia
2184 1472 2331 1532 parte
2360 1467 2540 1527 hunc;
2574 1464 2768 1518 occidit
2814 1477 2991 1520 autem
3039 1468 3165 1518 liora
3198 1469 3361 1521 sentis
3390 1509 3405 1531 ,
3438 1478 3499 1524 et

1902 1543 2067 1586 suta
2098 1547 2245 1601 parte
2278 1540 2441 1587 horto.
2477 1535 2634 1601 Virgo
2664 1535 2835 1589 oritur
2872 1535 3078 1589 duabus
3120 1536 3265 1589 horis
3310 1546 3365 1592 et
3408 1540 3496 1593 di—

1920 1604 2102 1675 midia,
2134 1616 2189 1675 et
2217 1616 2363 1658 sexta
2393 1615 2539 1672 parte
2571 1608 2749 1669 Itone;
2799 1606 3151 1675 similiterque
3182 1607 3361 1675 Libra,
3404 1624 3502 1662 oc-

1917 1673 2149 1744 ciditque
2183 1674 2309 1727 hora
2340 1683 2393 1727 et
2421 1676 2573 1730 tertia
2616 1688 2766 1744 parte
2812 1676 2977 1730 hunc.
3026 1673 3281 1744 scorpius
3321 1673 3497 1732 ori'nr

1917 1743 2123 1817 duabus
2153 1748 2296 1817 horis
2337 1755 2390 1799 et
2419 1748 2570 1800 tertia
2602 1757 2751 1817 parte
2782 1750 2946 1801 horte.
2978 1743 3296 1817 Sagittaiius
3323 1750 3496 1803 oritur

1926 1815 2068 1867 horis
2092 1814 2298 1869 duabus
2339 1828 2392 1870 et
2430 1814 2740 1871 duodecima
2776 1826 2925 1882 parte
2957 1814 3099 1872 hora:
3128 1835 3143 1883 ;
3177 1820 3370 1873 occidit
3394 1836 3495 1874 au-

247 1888 542 1943 llercurius
572 1887 625 1941 in
659 1885 875 1958 Virgine
903 1878 1114 1941 erectus
1138 1927 1153 1948 ,
1207 1888 1532 1958 subvertitur
1567 1887 1618 1939 in
1652 1886 1815 1941 Pisci-
1848 1878 1891 1939 Β
1923 1895 2027 1958 tem
2060 1884 2186 1938 hora
2217 1901 2280 1940 ac
2310 1886 2514 1941 deunce
2545 1889 2710 1941 horae.
2765 1878 2834 1942 At
2890 1899 3095 1953 contra,
3131 1878 3496 1958 quatoblique

247 1958 369 2014 lius.
411 1959 584 2012 Venus
613 1958 665 2011 in
697 1956 935 2011 Piscibus
964 1967 1142 2013 erecta
1165 1998 1178 2021 ,
1210 1958 1263 2012 in
1295 1956 1506 2026 Virgine
1538 1966 1635 2011 est
1688 1959 1817 2011 θυι».

250 2044 428 2083 versa.
486 2026 624 2082 Mars
661 2036 874 2082 erectus
919 2026 972 2080 in
1001 2027 1348 2093 Capricorno,
1394 2025 1729 2081 subvertitur
1762 2030 1813 2082 in

238 2097 471 2153 Cancro.
497 2098 706 2166 Jupiter
729 2106 941 2151 erectus
965 2098 1015 2151 in
1038 2098 1268 2163 Cancro,
1285 2098 1615 2152 subvertitur
1635 2098 1687 2151 in
1712 2096 1817 2151 Ca-

243 2171 515 2248 pricorno.
530 2166 689 2252 PII-lla
712 2168 762 2222 in
787 2168 963 2252 ‘l'auro
991 2169 1237 2252 erigitur,
1271 2168 1323 2223 iu
1356 2168 1664 2249 scorpione
1681 2167 1812 2252 sub-

244 2240 499 2294 vertitur.
530 2238 624 2294 Sol
654 2238 908 2309 pra-sitiet
934 2236 1100 2293 calori
1126 2283 1141 2301 .
1191 2236 1507 2309 Melanthus
1541 2236 1767 2309 siccitati
1792 2279 1809 2303 ,

239 2309 456 2377 Jupiter
482 2307 698 2372 ventis,
749 2308 931 2380 Venus
975 2310 1230 2364 imbribus
1255 2350 1270 2375 ,
1302 2308 1448 2363 Luna
1502 2307 1811 2380 frigoribus.

241 2380 513 2435 Saturnus
542 2380 714 2447 potior
741 2378 1065 2447 frigiztitate,
1101 2379 1240 2434 Mars
1269 2382 1446 2434 calore
1475 2378 1638 2432 nimio
1662 2380 1812 2433 solis.

239 2452 543 2506 Solcali-lac
571 2462 796 2514 naturae,
825 2453 1023 2504 coloris
1051 2451 1219 2503 aurei.
1274 2450 1419 2503 Luna
1474 2449 1673 2515 frigide
1725 2467 1813 2501 tta-

238 2529 401 2587 turc,
434 2524 631 2577 coloris
663 2523 925 2591 argentei.
948 2522 1157 2590 Jupiter
1188 2520 1393 2590 frigida:
1432 2532 1633 2575 natura:
1659 2558 1675 2583 ,
1726 2534 1820 2573 co-

1923 1954 2189 2020 oriuntur,
2214 1965 2268 2010 et
2293 1968 2434 2029 recta
2459 1958 2737 2029 occidunt,
2759 1958 3031 2029 breviores
3055 1954 3204 2013 ortus
3234 1954 3499 2029 occupint

1924 2040 2081 2100 quam
2108 2041 2351 2100 occasus.
2373 2027 2610 2100 Denique
2638 2043 2703 2081 ex
2727 2027 2811 2081 his
2836 2040 2914 2083 eet
2935 2031 3141 2100 signum
3158 2027 3493 2095 Capricorni,

1921 2098 2059 2171 quod
2091 2096 2265 2171 oritur
2293 2100 2421 2171 hora
2446 2107 2510 2171 ‘et
2558 2099 2765 2171 deunce
2818 2096 3008 2171 horae;
3041 2100 3237 2155 occidit
3288 2101 3498 2155 duabus

1923 2166 2068 2220 horis
2095 2175 2150 2221 et
2177 2166 2489 2223 duodecima
2524 2177 2674 2239 parte
2698 2168 2862 2222 hunc.
2891 2170 3112 2234 Deinde,
3144 2172 3285 2239 quod
3317 2172 3501 2239 septi-

1925 2247 2010 2289 tur
2034 2240 2449 2308 unutnquodq.:c
2476 2256 2540 2294 ex
2574 2241 2832 2307 oppositis
2868 2243 3024 2296 habet
3048 2243 3098 2295 in
3122 2257 3337 2296 occasu.

1994 2308 2119 2361 Ila‘c
2144 2310 2348 2380 habent
2378 2314 2498 2364 ista.
2524 2310 2677 2365 Aries
2708 2326 2827 2363 cum
2861 2311 3039 2377 Libra,
3074 2313 3125 2367 in
3158 2324 3280 2366 ortu
3318 2323 3371 2368 et
3400 2326 3498 2367 uc-

1919 2392 2045 2432 casu
2084 2381 2392 2434 concordat.

1996 2448 2203 2522 Taurus
2231 2459 2285 2503 et
2309 2451 2582 2519 Scorpius,
2612 2450 2821 2505 Gemini
2854 2464 2908 2507 et
2928 2452 3267 2522 Sagittarius,
3290 2454 3497 2510 Cancer

1935 2527 1991 2573 et
2019 2518 2397 2586 Capricornus,
2431 2518 2692 2591 Aquarius
2721 2533 2774 2576 et
2802 2523 2925 2587 Leo,
2956 2518 3134 2579 Pisces
3161 2534 3215 2579 et
3244 2518 3424 2594 Virgo.

1459 2841 1583 2918 DE
1642 2839 1984 2921 SIGNIS
2039 2840 2327 2920 C(ELI.

308 3023 517 3085 Helice.
544 3022 594 3077 id
625 3032 729 3087 est,
762 3022 1022 3076 Arcturus
1070 3020 1273 3092 major,
1332 3020 1490 3075 habet
1538 3021 1591 3092 in
1640 3020 1811 3081 capite

238 3096 421 3151 stellas
449 3094 703 3147 obscuras
733 3102 959 3162 septem,
993 3093 1044 3146 in
1067 3090 1289 3160 singulis
1310 3094 1531 3162 auribus
1552 3090 1805 3159 singulas,

238 3181 400 3235 super
431 3173 615 3233 pectus
640 3162 699 3235 Vl,
730 3160 1017 3235 injspatula
1050 3164 1108 3225 1,
1138 3162 1354 3235 inp-'de
1386 3162 1404 3214 1
1438 3202 1453 3224 ,
1485 3160 1536 3215 in
1566 3162 1726 3218 dorso
1758 3164 1803 3224 l,

239 3238 290 3290 in
308 3234 447 3289 tibia
478 3234 748 3287 anteriore
773 3234 829 3298 2,
860 3249 1018 3301 super
1065 3234 1307 3287 eamdem
1338 3235 1399 3290 δι
1453 3244 1574 3287 sunt
1622 3249 1809 3286 orn’ies

246 3309 328 3362 l8.
374 3302 819 3375 Cynosura,_sive
852 3303 1099 3367 Plitenix,
1129 3306 1217 3371 qui
1247 3314 1301 3358 et
1331 3305 1591 3375 Arcturus
1614 3305 1805 3365 minor,

238 3388 291 3432 et
314 3395 341 3431 a
372 3374 691 3444 quibusdam
724 3377 870 3427 cauis
900 3375 1067 3427 cauda
1102 3384 1319 3429 νοθιιιυισ
1346 3416 1359 3437 ,
1423 3374 1581 3427 habet
1633 3386 1808 3428 autem

241 3463 331 3515 per
359 3460 791 3515 unumquemque
817 3447 1066 3513 angulum
1098 3445 1151 3498 in
1206 3448 1427 3499 humero
1476 3444 1806 3508 Splendidam

245 3513 295 3584 1,
327 3520 379 3571 in
411 3516 578 3570 cauda
608 3518 659 3568 7i.
691 3513 825 3569 Sunt
852 3527 1027 3569 autum
1058 3515 1195 3569 inter
1236 3515 1423 3569 ambos
1454 3517 1643 3567 Arctos
1684 3520 1809 3568 stel-

241 3591 302 3642 lae
329 3589 426 3643 2t.
458 3586 754 3655 Supersunt
785 3598 962 3637 autem
991 3588 1109 3651 aliae
1140 3585 1308 3639 stellae
1343 3586 1428 3646 l0.
1457 3600 1575 3650 qua:
1607 3600 1808 3653 priet-e-

236 3661 369 3714 dunt
393 3700 410 3723 ,
462 3666 515 3710 et
540 3656 785 3710 dicuntur
814 3655 1078 3709 Ludentes
1103 3671 1118 3717 ;
1147 3664 1201 3710 et
1254 3655 1469 3709 minima
1502 3670 1601 3707 una
1626 3696 1641 3718 ,
1692 3669 1808 3717 quae

238 3738 458 3785 vocatur
489 3727 667 3791 Polus,
698 3725 787 3779 ubi
832 3727 1014 3780 dicunt
1063 3734 1231 3780 totum
1283 3726 1538 3780 mundum
1580 3726 1804 3779 revolvi.

244 3802 439 3865 Draco,
453 3797 541 3867 qui
563 3796 799 3867 continet
825 3806 1077 3866 utrosque
1104 3799 1379 3867 Arcturus,
1400 3795 1595 3867 Helicis
1620 3810 1805 3867 super-

236 3870 398 3925 volvit
424 3864 587 3937 caput
607 3908 622 3933 ,
667 3865 933 3922 Phoenicis
958 3864 1327 3935 circumcingit
1350 3866 1615 3937 caudam.
1641 3864 1807 3918 llabet

236 3950 416 3997 autem
468 3936 521 3993 in
569 3938 744 4005 capite
791 3940 975 3992 stellas
1011 3938 1318 4002 splendidas
1346 3936 1400 4001 3,
1425 3946 1479 3990 et
1512 3951 1604 4003 per
1634 3945 1802 4005 totum

237 4026 434 4075 corpus
458 4008 525 4062 12
550 4054 563 4076 ,
595 4008 663 4061 ab
684 4009 908 4063 invicem
935 4009 1229 4071 distantes;
1263 4016 1386 4062 sunt
1415 4021 1600 4061 omnes
1641 4004 1733 4059 15.

306 4081 595 4141 Hercules,
628 4078 717 4148 qui
747 4089 894 4133 stans
923 4094 1057 4143 genu
1088 4078 1251 4133 ﬂectit
1272 4118 1288 4142 ,
1322 4077 1481 4132 habet
1524 4087 1700 4148 autem
1746 4076 1803 4148 ίίνιι

237 4154 411 4221 capite
452 4147 661 4221 stellam
702 4164 881 4221 unam,
927 4149 979 4201 in
1021 4157 1248 4221 utroque
1298 4149 1520 4221 humero
1570 4147 1804 4221 splendi-

238 4215 354 4277 dain
391 4222 444 4286 1,
484 4220 537 4274 in
564 4218 673 4275 cito
700 4219 921 4275 sinistro
952 4221 1004 4281 l.
1038 4220 1089 4272 in
1120 4215 1304 4273 dextra
1333 4233 1461 4273 coxa
1492 4215 1549 4283 Ξ,
1579 4218 1631 4271 in
1661 4233 1802 4287 genu

237 4292 428 4348 dextro
461 4292 511 4353 1,
538 4292 590 4344 in
611 4290 797 4345 eadem
839 4290 963 4345 tibia
995 4291 1045 4356 1,
1077 4290 1128 4344 in
1169 4289 1357 4344 dextra
1393 4304 1552 4343 manu
1579 4289 1627 4350 1,
1658 4299 1711 4343 et
1748 4289 1801 4343 in

243 4363 435 4433 ropulo
476 4376 634 4430 quem
670 4359 1071 4433 tenetheadem
1126 4375 1285 4415 manu
1342 4360 1364 4413 l
1398 4401 1414 4423 ,
1465 4362 1533 4433 Ain
1572 4359 1802 4433 sinistro

237 4429 372 4505 genu
408 4433 461 4487 in
494 4433 544 4497 1,
586 4430 771 4505 eadem
792 4430 937 4505 _tibia
982 4432 1047 4505 If,
1076 4437 1202 4486 sunt
1229 4444 1417 4505 omnes
1445 4429 1747 4505 duodecim.

306 4504 515 4559 Corona
555 4517 683 4556 vero
722 4501 881 4556 habet
928 4503 1109 4556 stellas
1138 4515 1328 4555 novem
1360 4501 1411 4554 in
1443 4499 1671 4555 circuitu
1699 4514 1795 4568 po—

237 4573 388 4639 sitas,
410 4573 502 4628 sed
534 4587 597 4626 ex
631 4570 772 4643 ipsis
815 4581 935 4626 sunt
980 4581 1091 4626 tres
1134 4570 1523 4641 splendidiores
1549 4570 1617 4623 ad
1646 4566 1802 4640 caput
1843 4566 1889 4627 D

237 4644 483 4713 Serpenti
504 4640 675 4713 Arcti.
792 4706 795 4707 ν

307 4710 704 4779 Serpentarius,
734 4710 821 4781 qui
850 4720 904 4767 et
932 4710 1209 4779 Asclepios
1238 4721 1478 4777 vocatur,
1504 4720 1650 4766 stans
1684 4724 1809 4766 vero

239 4800 396 4854 supra
424 4783 773 4854 Scorpionem
815 4791 960 4854 tenet
984 4791 1286 4854 serpentem
1318 4782 1370 4836 in
1402 4781 1809 4854 manibus._lla-

241 4852 327 4911 bet
348 4866 527 4910 autem
556 4855 610 4908 in
637 4853 813 4923 capite
840 4852 1050 4923 stellam
1072 4852 1407 4923 splendidam
1433 4853 1485 4918 l,
1513 4852 1565 4923 in
1590 4852 1805 4906 sinistra

243 4942 401 4981 manu
438 4925 493 4989 ὅ,
522 4925 576 4978 in
607 4922 791 4978 dextra
823 4922 878 4989 4,
910 4923 961 4977 in
983 4933 1205 4986 utroiiue
1246 4922 1470 4977 humeio
1503 4922 1526 4976 1
1562 4923 1809 4989 splendi-

239 4998 381 5051 dam.
414 4998 467 5050 ln
496 4996 733 5062 utrisque
787 4994 979 5049 lumbis
1028 4994 1081 5057 1,
1126 4993 1186 5064 in
1240 5003 1468 5061 utroque
1492 5008 1634 5064 genu
1667 4992 1802 5064 Litt

240 5068 430 5121 dextra
470 5065 594 5121 tibia
629 5064 762 5131 l,‘in
788 5072 1012 5131 utroque
1038 5062 1170 5133 pede
1224 5064 1287 5129 l;
1329 5071 1455 5117 sunt
1497 5062 1685 5119 omnes
1717 5062 1801 5118 17.

241 5137 476 5204 Serpens
498 5149 659 5206 quem
684 5143 827 5190 tenet
849 5135 901 5189 in
933 5134 1176 5206 manibus
1200 5134 1366 5206 habet
1390 5133 1574 5206 stellas
1604 5133 1667 5206 i_n_
1705 5148 1805 5187 ca-

241 5202 354 5278 pite
374 5207 428 5270 2,
460 5202 566 5278 per
585 5205 856 5278 reliquum
873 5218 1068 5278 corpus
1097 5205 1161 5278 J;
1191 5202 1569 5278 lluntinsitnul
1599 5202 1693 5258 23.

313 5273 537 5345 Scorpio
557 5273 719 5330 habet
738 5275 922 5330 stellas
940 5276 997 5337 in
1020 5273 1258 5345 utrisque
1280 5274 1434 5328 labiis
1453 5274 1507 5327 2.
1529 5274 1799 5345 Quantum

247 5343 853 5418 priores—suntmagnai,
908 5343 1471 5418 secundae—observata.
1525 5343 1579 5397 ln
1630 5344 1804 5398 lronte

249 5414 375 5473 vero
411 5418 465 5483 '5,
499 5416 668 5470 media
697 5414 871 5470 autem
895 5431 960 5470 ex
1012 5415 1143 5479 ipsis
1179 5414 1505 5484 splendidior
1533 5423 1615 5467 est
1640 5422 1798 5469 caete-

247 5492 339 5543 ris.
368 5488 421 5542 In
449 5487 599 5555 spina
621 5486 927 5553 splendidas
956 5484 1013 5552 3,
1044 5486 1095 5539 in
1127 5494 1313 5539 ventre
1330 5484 1385 5550 2,
1417 5484 1469 5538 in
1514 5487 1678 5539 cauda
1728 5484 1760 5536 5
1784 5526 1798 5547 ,

242 5573 400 5628 super
420 5558 658 5613 aculeum
682 5556 754 5628 2;
772 5566 897 5611 sunt
924 5571 1112 5611 omnes
1144 5556 1249 5628 19.
1316 5618 1319 5623 _

314 5626 475 5684 Arcas
497 5666 514 5691 ,
540 5630 627 5698 qui
656 5627 929 5698 et‘Boites
953 5667 968 5698 ,
998 5637 1173 5680 custos
1205 5626 1424 5694 plaustri
1457 5626 1625 5679 l'ertur
1653 5639 1796 5698 esse.

248 5700 413 5755 liabet
436 5692 613 5753 autem
637 5692 820 5752 stellas
852 5697 903 5750 in
932 5697 1149 5751 dextera
1178 5692 1359 5758 manu,
1404 5712 1524 5766 qua:
1552 5698 1668 5748 'non
1710 5693 1803 5750 hc-

246 5771 726 5838 cidunt,qnatuor;
785 5769 837 5821 in
891 5766 1069 5833 capite
1123 5767 1454 5835 splendidam
1498 5781 1693 5838 unam,
1748 5766 1801 5821 in

250 5855 468 5911 utroque
487 5837 719 5894 humero
750 5852 930 5904 uuam,
956 5838 1007 5894 in
1030 5839 1263 5908 utrisque
1290 5837 1597 5899 matnmillis
1620 5852 1799 5907 unam,

1920 3022 1971 3075 in
2001 3020 2190 3076 desire
2216 3021 2398 3076 cubito
2422 3030 2673 3090 quatuor,
2704 3022 2759 3074 in
2786 3020 3008 3075 sini.tro
3045 3032 3205 3074 unam
3231 3060 3246 3087 ,
3276 3019 3328 3075 in
3352 3029 3501 3077 utro-

1917 3108 2018 3161 que
2046 3108 2186 3161 genu
2220 3092 2239 3147 1
2264 3109 2276 3155 ;
2305 3100 2430 3146 sunt
2457 3106 2644 3146 omnes
2676 3091 2760 3145 l6.
2819 3161 2822 3162 ν
3118 3158 3123 3162 ο

1994 3162 2175 3234 Virgo,
2203 3178 2322 3231 (pne
2350 3172 2409 3216 et
2434 3162 2646 3234 Justitia
2675 3161 2997 3231 appellatur,
3025 3161 3182 3218 habet
3207 3161 3415 3219 stellam
3440 3162 3496 3219 in

1914 3233 2101 3297 capite
2137 3234 2421 3304 obscurant
2475 3233 2626 3287 valde
2685 3249 2884 3304 unam,
2943 3234 2995 3287 in
3049 3248 3362 3304 unaquaque
3411 3234 3498 3289 ala

1912 3304 2046 3357 duas
2078 3344 2092 3365 ,
2144 3302 2195 3355 in
2237 3304 2460 3372 singulis
2503 3304 2737 3358 humeris
2767 3302 3024 3373 singulas,
3056 3304 3110 3358 in
3166 3302 3492 3374 unoquoque

1914 3374 2095 3427 cubito
2125 3390 2305 3445 unam,
2328 3375 2375 3426 in
2396 3374 2619 3445 rsiugulis
2647 3375 2891 3428 manibus
2920 3376 3181 3442 singulas,
3206 3376 3258 3429 in
3290 3377 3484 3445 penula

1914 3444 2215 3497 vestimenti
2249 3460 2365 3509 sex,
2391 3444 2440 3498 in
2471 3459 2789 3513 unoquoque
2820 3445 2955 3511 pede
2987 3460 3169 3499 uuam.

1987 3515 2062 3597 iga
2091 3516 2328 3597 Geminis
2356 3516 2501 3597 prior
2521 3515 2867 3597 gub-9.10%!"
2914 3530 2981 3570 ex
3036 3516 3268 3596 Cancro,
3325 3514 3488 3597 habet

1912 3586 2116 3638 sti-llam
2170 3588 2221 3638 iu
2254 3586 2426 3645 capite
2454 3586 2785 3653 splendidam
2827 3601 3009 3650 unam,
3046 3587 3095 3639 in
3129 3598 3357 3654 utroque
3389 3588 3489 3638 htt-

1912 3670 2061 3707 mero
2098 3657 2431 3722 splendidam
2456 3672 2652 3721 unam;
2685 3663 2809 3709 sunt
2835 3670 3021 3709 omnes
3070 3658 3126 3709 5.
3178 3656 3331 3709 Alter
3361 3671 3488 3709 vero

1912 3724 2072 3778 habet
2103 3725 2153 3779 in
2183 3728 2355 3793 capite
2385 3727 2593 3779 stellam
2626 3725 2978 3796 splendidam,
3037 3726 3087 3779 in
3140 3727 3365 3779 humero
3414 3728 3489 3779 si-

1912 3796 2080 3849 nistro
2101 3812 2279 3859 unam,
2311 3812 2403 3864 per
2433 3796 2635 3865 singula
2667 3796 2866 3849 femora
2891 3811 3073 3857 unam,
3100 3798 3152 3849 in
3178 3796 3336 3850 dorso
3356 3806 3483 3860 tres;

1907 3874 2032 3919 sunt
2061 3880 2249 3920 omnes
2275 3867 2328 3920 7.
2362 3866 2505 3921 lnter
2527 3877 2777 3935 utrosque
2805 3881 2934 3920 vero
2964 3866 3267 3921 duodecim.

1978 3959 2183 4012 Cancer
2204 3956 2364 4013 habet
2390 3958 2575 4014 stellas
2606 3959 2916 4028 splendidas
2945 3958 2997 4013 in
3026 3968 3156 4013 testa
3182 3958 3239 4024 «1,
3269 3960 3320 4010 in
3350 3958 3485 4012 dex-

1914 4028 2010 4081 tris
2039 4029 2264 4099 pedibus
2288 4044 2383 4097 per
2414 4030 2653 4098 singulos
2685 4045 2867 4095 unam,
2900 4030 2950 4083 iu
2984 4030 3205 4084 sinistro
3233 4029 3403 4099 primo
3427 4028 3484 4091 2,

1908 4109 1962 4152 et
1991 4100 2045 4153 in
2064 4099 2288 4153 sinistro
2317 4099 2474 4154 tertio
2510 4103 2563 4164 1,
2594 4102 2645 4153 in
2671 4111 2863 4168 quarto
2897 4100 2949 4164 l,
2982 4100 3032 4155 in
3076 4114 3171 4154 ore
3200 4115 3383 4166 unam,
3428 4099 3483 4153 in

1907 4171 2097 4225 dextro
2136 4169 2278 4225 labio
2306 4170 2361 4237 5,
2396 4172 2447 4224 in
2477 4170 2696 4226 sinistro
2725 4170 2893 4237 duas;
2919 4181 3045 4227 sunt
3068 4185 3258 4228 omnes
3288 4171 3379 4227 18.

1982 4263 2089 4317 Leo
2140 4263 2303 4319 habet
2346 4264 2531 4321 stellas
2558 4266 2609 4319 in
2654 4264 2827 4330 capite
2863 4263 2932 4332 5,
2982 4266 3033 4321 in
3075 4266 3284 4321 cervice
3310 4263 3369 4332 ‘2,
3426 4263 3482 4319 in

1908 4344 2141 4405 pectore
2176 4349 2361 4401 unam,
2411 4336 2463 4390 in
2514 4336 2677 4391 dorso
2702 4346 2830 4399 tres,
2880 4338 2932 4391 in
2964 4336 3270 4392 summitate
3297 4334 3484 4392 caudae

1903 4404 2234 4472 Splendidam
2262 4407 2317 4469 1,
2359 4408 2459 4461 sub
2510 4417 2725 4475 pectore
2794 4408 2830 4461 Ξ
2859 4452 2872 4472 ,
2916 4408 2968 4463 in
3011 4408 3268 4464 anteriori
3347 4406 3503 4476 pede.

1904 4475 2235 4545 splendidam
2270 4480 2320 4542 t;
2353 4486 2475 4531 sunt
2501 4492 2691 4532 omnes
2714 4477 2803 4533 l5.

1987 4547 2225 4617 Agitator
2275 4549 2433 4602 habet
2470 4548 2678 4603 stellam
2737 4548 2789 4602 in
2830 4551 3003 4617 capite
3053 4551 3106 4614 1,
3157 4550 3209 4603 in
3255 4556 3484 4617 utroque

1914 4615 2137 4670 humero
2186 4618 2235 4689 l,
2269 4618 2361 4671 sed
2391 4632 2452 4672 ea
2483 4627 2566 4673 est
2593 4619 2812 4681 clarior,
2854 4615 2971 4689 qua:
3015 4619 3068 4674 in
3112 4615 3496 4689 sinistrobue.

1913 4702 2061 4741 mero
2084 4696 2187 4759 est.
2220 4688 2275 4742 In
2309 4699 2529 4759 utroque
2552 4690 2732 4744 cubito
2768 4690 2819 4755 l,
2850 4687 2901 4743 iit
2924 4690 3116 4744 dextra
3151 4704 3309 4759 manu
3342 4688 3401 4759 1,
3424 4687 3481 4759 in

1910 4758 2219 4829 summitate
2248 4758 2696 4814 manus’sinistm
2724 4761 2777 4820 2,
2814 4772 2867 4815 et
2908 4776 3071 4828 super
3100 4762 3213 4829 ipsn
3259 4758 3488 4813 brachio

1909 4828 2095 4882 ednlos
2226 4839 2279 4884 et
2310 4833 2362 4883 in
2406 4839 2632 4901 utroque
2685 4832 2843 4887 edulo
2874 4834 3080 4887 stellam
3129 4844 3328 4886 unam:
3359 4837 3486 4886 sunt

1909 4914 2094 4953 omnes
2194 4940 2205 4952 .

1907 4914 2094 4954 omnes
2123 4904 2205 4953 10.

1982 4970 2185 5024 Taurus
2213 4970 2372 5025 habet
2402 4970 2587 5026 stellas
2620 4971 2672 5026 in
2700 4982 2923 5040 utroque
2964 4987 3130 5027 cornu
3160 4971 3211 5033 1,
3252 4973 3305 5026 in
3329 4971 3483 5027 fron-

1909 5048 1959 5094 te
1982 5042 2036 5106 2,
2082 5055 2174 5109 per
2206 5040 2445 5112 singulos
2490 5042 2673 5112 octtlos
2717 5042 2741 5096 1
2773 5083 2788 5108 ,
2833 5044 2888 5097 in
2936 5058 3065 5098 nare
3101 5042 3148 5097 1.
3180 5043 3271 5097 tlte
3298 5050 3487 5097 autem.

1906 5112 2076 5166 stella:
2109 5111 2351 5167 Pleiades
2394 5120 2449 5166 et
2493 5111 2744 5178 Virgilie,
2771 5129 2977 5169 necnon
3003 5123 3058 5167 et
3084 5113 3362 5169 subucula;
3389 5112 3482 5167 di-

1905 5191 2128 5247 cuntur;
2159 5181 2211 5236 in
2240 5192 2464 5252 utroque
2488 5197 2626 5252 genu
2664 5185 2710 5245 1,
2737 5185 2787 5237 in
2821 5186 3057 5252 paleario
3078 5184 3133 5247 2,
3163 5185 3217 5239 in
3246 5182 3391 5239 collo
3415 5181 3479 5249 2,

1906 5253 1959 5305 in
1987 5254 2151 5307 dorso
2180 5252 2233 5317 5,
2259 5254 2541 5321 exquibus
2579 5254 2866 5309 novissima
2918 5254 3195 5318 splendida
3248 5262 3373 5321 est;
3420 5259 3479 5316 in

1905 5336 2089 5379 ventre
2116 5339 2297 5387 unam,
2329 5324 2381 5378 in
2415 5332 2631 5393 pectore
2655 5340 2814 5380 unam
2846 5344 2861 5391 ;
2893 5335 3017 5381 sunt
3042 5340 3231 5381 omnes
3258 5323 3344 5380 l8.

1973 5412 2238 5489 Cephteus
2279 5416 2435 5471 habet
2469 5417 2520 5489 in
2555 5418 2728 5486 capite
2772 5421 2956 5475 stellas
2998 5420 3302 5489 splendidas
3332 5423 3389 5487 2,
3425 5430 3481 5477 et

1907 5486 1957 5561 in
1982 5486 2171 5561 dextra
2218 5503 2374 5561 manu
2404 5488 2735 5561 splendidam
2771 5492 2793 5544 l
2829 5530 2844 5555 ,
2905 5494 2956 5545 in
2990 5486 3215 5561 utroque
3247 5486 3473 5548 humero

1910 5559 1957 5631 1,
1982 5559 2033 5618 in
2061 5557 2301 5631 z¥ot,ia,3,_
2330 5557 2381 5631 i_n
2414 5560 2600 5613 dextro
2650 5559 2813 5631 latere
2852 5577 2917 5615 ex
2968 5557 3269 5617 transverso
3309 5578 3473 5631 super

1908 5628 2054 5681 ilium
2080 5629 2129 5690 7,
2160 5628 2212 5681 iu
2257 5627 2475 5681 sinistro
2526 5630 2767 5703 genu},
2825 5632 2875 5685 in
2932 5634 3239 5688 summitate
3280 5627 3486 5703 pedum.

1904 5702 2145 5772 quatitur;
2171 5707 2295 5753 sunt
2325 5712 2513 5772 otiines
2538 5700 2629 5752 2|.
2666 5701 2761 5756 llic
2786 5712 2960 5757 autem
2994 5707 3046 5756 in
3076 5700 3467 5772 Septentrionis

1905 5767 2159 5845 incisione
2203 5771 2545 5845 constituitur
2572 5774 2709 5845 inter
2754 5774 2990 5831 medium
3023 5767 3467 5845 Septentrionalis

1904 5839 2088 5894 circuli
2114 5848 2167 5896 et
2196 5840 2414 5896 aestivali
2442 5841 2688 5900 solstitio.
