4098 6208
592 318 702 413 ait

660 450 968 511 Cassiopeia
1010 450 1170 505 habet
1209 451 1262 506 in
1303 450 1476 515 capite
1505 440 1725 505 stellam"
1744 448 2076 513 splendidam
2107 450 2161 514 1,
2191 445 2238 504 Δ

589 519 897 592 inuti-tutus
925 521 1149 575 humero
1170 522 1497 589 splendidam
1533 523 1553 574 1
1589 560 1607 583 ,
1659 521 1728 592 iu
1762 520 1953 576 dextra
2006 531 2156 589 parte

590 590 823 660 pectoris
850 592 1180 660 splendidam
1215 594 1266 653 1,
1296 595 1351 645 in
1380 594 1570 646 dextro
1611 591 1795 644 cubito
1826 593 1879 658 1,
1924 592 1977 647 in
2006 602 2152 647 utra-

590 659 811 729 rum’qne
851 659 1099 718 manuum
1123 666 1430 716 snmmital‘e
1452 663 1782 729 splendidam
1810 663 1862 724 1,
1896 664 1949 716 in
1980 663 2158 717 umbi-

586 734 691 783 lira
717 733 1049 793 splendidam
1070 743 1123 787 et
1148 748 1392 803 magnam
1426 732 1447 786 1
1484 775 1498 790 .
1528 734 1581 786 in
1612 732 1828 787 sinistro
1868 732 2069 790 femore
2096 734 2152 797 2,

582 803 639 855 in
668 818 808 875 genu
836 804 1169 868 splendidam
1205 806 1221 859 Ι
1255 847 1271 868 ,
1319 814 1375 857 et
1414 819 1511 871 per
1558 804 1795 875 singulos
1829 805 2052 875 angulos
2101 806 2153 859 iu

586 873 895 928 Summitate
921 876 1165 929 seiluhei
1194 892 1209 939 ;
1241 887 1362 929 sunt
1391 888 1580 927 omnes
1613 874 1699 929 13.
1790 920 1793 921 ν

653 945 990 1000 Andromeda
1020 946 1179 1002 habet
1204 946 1412 1001 stellam
1442 944 1772 1008 Splendidam
1801 944 1852 999 in
1878 946 2053 1009 capite
2091 946 2143 1012 1,

581 1013 632 1066 in
659 1025 884 1080 utroque
907 1019 1133 1071 humero
1157 1018 1205 1081 1,
1239 1017 1290 1069 in
1320 1015 1499 1071 cubito
1526 1015 1716 1070 dettro
1759 1018 1813 1079 1,
1844 1020 1895 1069 in
1926 1016 2150 1070 sinistro

584 1085 635 1144 1.
669 1086 720 1138 in
748 1089 1064 1143 summitate
1107 1102 1295 1140 manus
1344 1087 1678 1156 splendidam
1712 1088 1766 1152 1,
1797 1088 1847 1139 in
1879 1086 2147 1155 pedalinm

577 1157 885 1213 summitate
919 1158 1225 1223 splendidas
1248 1158 1302 1225 2,
1338 1158 1390 1211 in
1417 1173 1551 1212 zona
1579 1159 1632 1219 5.
1665 1172 1825 1221 super
1854 1173 2044 1213 zonam
2070 1159 2104 1212 1
2128 1198 2146 1223 ,

578 1225 630 1278 in
662 1243 986 1299 unoquoque
1014 1244 1151 1299 genu
1176 1228 1509 1296 splendidam
1538 1231 1588 1293 1,
1623 1227 1675 1282 in
1708 1227 1901 1283 dextro
1927 1228 2063 1297 pede
2084 1228 2142 1297 2,
2190 1288 2191 1291 η

575 1298 626 1349 in
657 1298 872 1352 sinistro
904 1316 1100 1365 uuam;
1135 1310 1255 1354 sunt
1281 1315 1468 1353 omnes
1487 1299 1575 1354 21.

651 1369 849 1436 Equinis,
893 1370 981 1439 qui
1034 1371 1293 1423 bellorum
1326 1370 1445 1424 fons
1474 1380 1528 1423 et
1557 1368 1882 1425 Beilofnrens
1920 1370 2141 1439 dicitur,

575 1439 731 1510 habet
763 1441 946 1496 stellas
970 1442 1022 1493 in
1047 1448 1221 1493 rostro
1250 1440 1284 1494 2
1310 1441 1583 1506 obscuras,
1631 1441 1684 1494 in
1709 1440 1885 1510 capite
1909 1442 2143 1510 splendi-

572 1508 694 1580 dam
727 1513 779 1574 1,
806 1512 858 1565 in
891 1508 1105 1565 maxilla
1139 1512 1192 1576 1,
1216 1512 1268 1565 in
1294 1514 1534 1580 utrisque
1572 1508 1787 1565 auribus
1809 1508 2141 1574 splendidam

573 1578 626 1641 1,
659 1580 710 1652 _in
739 1582 946 1635 cervice
975 1580 1031 1645 1,
1069 1582 1120 1635 in
1153 1584 1377 1637 lmmero
1400 1578 1458 1644 1,7
1493 1583 1545 1635 in
1592 1591 1806 1650 pectore
1833 1582 1883 1646 1,
1906 1580 1956 1634 in
1988 1583 2138 1652 spina
2192 1643 2194 1646 ,

572 1654 626 1723 1,.
657 1650 711 1705 in
744 1652 999 1707 umbilico
1032 1653 1054 1707 1
1092 1652 1335 1713 nitidam.
1387 1653 1439 1706 in
1495 1662 1725 1719 utroque
1772 1667 1910 1723 genu
1958 1650 2140 1718 πνοι·

567 1721 809 1792 singulos
840 1738 1043 1788 ungues
1071 1726 1367 1777 anteriores
1395 1737 1590 1788 unam;
1612 1721 1948 1778 suntomnes
1974 1723 2063 1780 19.

643 1796 795 1869 Aries
831 1796 991 1869 habet
1029 1795 1237 1869 stellam
1269 1793 1323 1869 in
1352 1795 1526 1861 rapite
1554 1809 1738 1869 unam,
1766 1794 1817 1846 in
1842 1810 1977 1869 nare
2004 1805 2133 1865 tres,
2169 1807 2216 1869 Β

568 1863 623 1915 in
654 1865 793 1918 collo
823 1864 956 1919 duas
977 1906 993 1928 ,
1025 1867 1079 1918 in
1106 1864 1412 1920 summitate
1440 1864 1723 1919 an'erioris
1754 1864 1906 1933 pedis
1936 1863 2132 1933 unam,

569 1936 618 1988 in
652 1936 817 1989 dorso
842 1943 1092 2005 quatuor,
1120 1940 1171 1990 in
1198 1940 1367 1990 cauda
1395 1950 1582 1999 unam,
1614 1935 1668 1989 in
1700 1944 1888 1990 ventre
1910 1947 2018 1991 tres
2042 1978 2059 2004 ,
2088 1939 2142 1993 in

565 2008 747 2059 lumbo
774 2023 957 2075 uuam,
991 2009 1042 2061 itt
1070 2020 1281 2061 summo
1312 2008 1460 2075 pedis
1490 2006 1513 2060 1
1541 2023 1555 2071 ;
1586 2013 1713 2060 sunt
1741 2021 1931 2061 omnes
1962 2007 2049 2061 17.

639 2078 992 2141 'f‘riangulns,
1032 2080 1122 2147 qui
1147 2077 1291 2146 jacet
1317 2090 1477 2145 supra
1508 2084 1669 2145 caput
1710 2077 1908 2132 Arietis
1931 2116 1947 2142 ,
1983 2076 2144 2136 habet

564 2150 755 2203 stellas
798 2164 894 2218 per
939 2149 1176 2214 singulos
1204 2150 1431 2207 angulos
1480 2149 1503 2203 1
1563 2147 1807 2214 nitidant,
1853 2163 1920 2203 ex
1949 2149 2142 2219 quibus

564 2234 667 2273 lttta
697 2231 777 2274 est
803 2220 1132 2287 splendidior
1156 2221 1390 2275 caeteris.

639 2288 808 2345 Piscis
838 2292 1153 2361 Aquilonius
1183 2290 1346 2345 habet
1368 2290 1556 2345 stellas
1601 2288 1689 2353 12,
1716 2360 1723 2361 γ
1747 2289 2011 2346 Austraiis
2049 2291 2136 2348 15.

564 2359 1022 2424 Line-uinearum
1056 2363 1106 2416 in
1136 2377 1243 2431 quo
1269 2362 1611 2417 continentur
1644 2360 1807 2415 habet
1834 2362 2019 2418 stellas
2070 2364 2136 2418 ad

560 2434 880 2488 Aunilonetu
911 2434 966 2497 ‘5,
998 2434 1063 2487 ad
1094 2446 1341 2487 occasum
1370 2433 1425 2499 3,
1455 2434 1521 2487 ad
1551 2434 1813 2487 orientem
1842 2432 1900 2499 '5,
1922 2433 1975 2488 in
2000 2450 2129 2491 con-

560 2520 698 2559 nexn
728 2508 758 2558 3
777 2521 792 2570 ;
812 2502 946 2559 'snnt
972 2519 1158 2558 omnes
1188 2503 1275 2559 59.

635 2577 882 2640 Perseus,
915 2577 1002 2642 qui
1040 2576 1210 2630 fertur
1240 2586 1420 2631 tenere
1448 2582 1609 2644 caput
1640 2572 1924 2644 Gorgonis,
1974 2576 2135 2635 habet

556 2648 740 2699 stellas
771 2648 823 2699 in
855 2654 1080 2716 utroque
1104 2647 1328 2701 humero
1370 2644 1704 2714 splendidam
1740 2644 1791 2713 1,
1819 2648 1871 2701 in
1897 2651 2131 2703 summi-

558 2727 668 2771 tate
700 2732 888 2771 manus
917 2718 1121 2772 dextrte
1146 2732 1306 2772 unam
1329 2757 1346 2780 ,
1377 2716 1429 2769 in
1458 2716 1704 2786 ejusdem
1737 2718 1920 2773 cubito
1944 2732 2128 2787 unam,

558 2790 612 2840 in
642 2804 739 2841 sun
764 2791 949 2843 mitate
980 2802 1168 2859 manus
1194 2788 1424 2843 sinistrae
1447 2803 1629 2853 unam,
1660 2788 1712 2842 in
1736 2797 1923 2845 ventre
1945 2805 2129 2859 unam,

557 2860 612 2912 in
643 2859 835 2914 dextro
877 2859 1058 2913 luubo
1114 2858 1333 2913 nitidam
1378 2875 1536 2914 unam
1563 2898 1578 2921 ,
1613 2859 1666 2913 in
1706 2859 1898 2913 dextro
1926 2860 2131 2919 femore
2183 2874 2199 2883 '

556 2929 888 2985 sulendidam
915 2946 1100 2997 unam,
1130 2934 1180 2982 in
1212 2942 1441 2997 utroque
1459 2944 1598 2999 genu
1631 2944 1811 2996 unam,
1843 2930 1897 2985 in
1920 2931 2047 2988 tibia
2071 2934 2126 2988 2.

558 3000 864 3063 Gorgonius
893 3012 1070 3057 autem
1097 3000 1293 3056 dicitur
1323 2999 1521 3055 habere
1548 2999 1602 3055 in
1627 3001 1803 3067 capite
1831 3002 2040 3057 stellam
2072 3003 2126 3070 1,

556 3085 604 3125 et
636 3074 688 3127 in
719 3072 958 3127 crinibus
987 3073 1056 3137 5',
1090 3082 1214 3126 sunt
1243 3085 1434 3126 omnes
1472 3072 1555 3125 16.

630 3143 751 3198 Lira
778 3143 939 3199 habet
968 3143 1148 3198 stellas
1170 3143 1223 3196 in
1247 3153 1474 3209 utroque
1493 3140 1702 3209 pectine
1732 3142 1784 3209 1,
1810 3140 1865 3197 in
1890 3142 2125 3213 singulas

557 3215 858 3277 tedaies1,
913 3215 963 3268 in
1010 3213 1228 3268 modulo
1261 3213 1414 3282 1,,in
1445 3221 1671 3282 utroque
1714 3213 1939 3269 humero
1976 3217 2025 3280 1,
2068 3218 2124 3272 in

555 3284 677 3352 iugo
710 3287 763 3353 1,
797 3286 848 3340 in
883 3293 1137 3354 tympano
1161 3280 1494 3355 splendidam
1544 3280 1702 3353 atque
1742 3285 2068 3343 candidam1
2108 3304 2123 3353 ;

554 3366 680 3409 sunt
705 3371 895 3411 omnes
918 3363 971 3411 9.

624 3428 825 3498 Cignus
857 3427 1015 3482 habet
1059 3425 1285 3498 stellam,
1313 3425 1367 3481 in
1406 3424 1580 3498 capite
1597 3422 1951 3498 “splendidam
1986 3429 2039 3496 1,
2071 3429 2124 3485 in

553 3495 707 3549 mito
726 3498 1061 3566 splendidam
1097 3497 1146 3563 1,
1175 3499 1227 3551 in
1259 3497 1449 3553 dextra
1476 3495 1559 3551 ala
1591 3495 1624 3547 5
1645 3539 1658 3554 .
1692 3513 1851 3553 unam
1879 3495 2123 3566 nitidam,

553 3583 672 3633 qum
700 3578 784 3625 est
827 3570 967 3624 circa
1012 3568 1245 3634 collum;
1289 3569 1341 3623 in
1384 3567 1597 3623 sinistra
1622 3566 1702 3621 ala
1734 3571 1790 3635 5,
1817 3568 1869 3622 in
1900 3585 2127 3637 corpore

552 3656 735 3704 unam,
772 3642 824 3695 in
864 3638 1083 3712 genitali
1114 3654 1213 3693 suo
1244 3655 1489 3712 magnam
1514 3640 1535 3694 1
1561 3652 1580 3706 ;
1611 3649 1941 3712 suntomnes
1975 3644 2062 3697 11.

626 3708 890 3779 Aquarius
942 3712 1104 3766 habet
1137 3708 1349 3765 stellas'
1371 3710 1644 3774 in-eapile
1667 3708 1701 3762 2
1725 3715 1981 3767 obscuras
2007 3753 2024 3777 ,
2070 3712 2123 3768 in

552 3789 779 3849 utroque
801 3785 1025 3837 humero
1044 3781 1379 3852 splendidam
1404 3781 1458 3852 ,1.
1482 3780 1534 3835 in
1555 3782 1781 3835 suminis
1801 3782 2045 3838 manibus
2072 3786 2121 3850 1,

550 3868 644 3916 per
665 3852 902 3921 singulas
923 3851 1244 3909 mamnlillas
1267 3854 1319 3919 1,
1335 3851 1522 3907 subtus
1541 3853 1859 3908 mammilias
1885 3868 1950 3907 ex
1976 3864 2123 3910 utra-

550 3939 654 3996 que
681 3937 833 3996 parte
853 3927 904 3988 1,
924 3925 975 3977 in
998 3923 1217 3996 sinistro
1249 3923 1705 3996 lumbo_ttuam,_in
1729 3932 1956 3996 utroque
1983 3939 2123 3996 genu

550 3996 604 4059 1,
637 3995 690 4049 in
716 3995 905 4050 dextra
937 3997 1059 4050 tibia
1094 3995 1142 4058 1,
1171 3992 1222 4046 in
1252 3992 1477 4059 singulis
1505 3994 1730 4061 pedibus
1762 3994 1784 4047 1
1812 4011 1827 4059 ;
1853 4003 1978 4048 sunt
1992 3992 2118 4048 rim-

549 4081 646 4119 nes
696 4068 786 4120 18.
814 4065 1013 4119 Effusio
1041 4074 1219 4118 autem
1252 4063 1312 4118 fit
1338 4064 1526 4118 dextra
1562 4066 1820 4135 larvaque,
1864 4066 1917 4120 in
1941 4080 2042 4135 qua
2088 4065 2123 4120 2

550 4145 676 4189 sunt
719 4138 1037 4202 splendidae,
1069 4145 1279 4190 czcterat
1308 4150 1438 4189 vero
1466 4135 1724 4190 obscura.

619 4206 979 4275 Capricornus
1019 4206 1179 4259 habet
1205 4207 1257 4259 in
1290 4217 1516 4276 utroque
1543 4220 1710 4259 cornu
1745 4205 1928 4262 stellas
1955 4205 2011 4271 2,
2065 4208 2120 4264 in

549 4276 766 4349 naribus
814 4276 1151 4345 splendidam
1175 4278 1238 4349 _1,
1260 4276 1324 4349 Ain
1371 4276 1545 4349 capite
1589 4277 1652 4349 2.
1685 4277 1735 4330 in
1764 4277 1906 4349 collo
1932 4279 2120 4349 spien-

549 4347 726 4425 didam
755 4349 809 4426 1_,
840 4349 893 4426 in
927 4358 1140 4426 pectore
1165 4347 1223 4426 2,
1258 4346 1313 4426 in
1356 4347 1611 4426 ξυνίει-ἱρτί
1643 4349 1777 4426 pede
1808 4350 1862 4416 1,
1892 4346 2121 4426 infula-

550 4420 759 4490 "litate
784 4415 951 4490 ipsius
993 4419 1145 4489 pedis
1175 4419 1228 4481 1,
1258 4416 1311 4473 in
1341 4419 1501 4472 dorso
1530 4415 1560 4470 7
1592 4458 1608 4484 ,
1641 4415 1696 4473 in
1730 4415 1919 4476 ventre
1945 4419 1979 4474 5
2001 4458 2020 4488 ,
2064 4423 2119 4476 in

547 4488 712 4543 i-auda
734 4489 771 4543 2
787 4488 815 4556 ς’
829 4498 955 4545 sunt
977 4488 1169 4545 Omnes
1198 4490 1290 4545 26.

621 4560 935 4632 Sagittarius
962 4561 1121 4615 habet
1146 4559 1200 4632 in
1230 4558 1421 4632 capite
1436 4558 1625 4632 stellas
1649 4559 1729 4632 2_,
1768 4559 1829 4632 in
1896 4562 2115 4631 scapnla

548 4630 717 4687 uitam
757 4631 975 4687 nitidam
1000 4672 1017 4695 ,
1049 4633 1103 4686 in
1129 4630 1305 4687 dorso
1324 4630 1376 4696 5,
1410 4630 1464 4686 in
1485 4630 1654 4685 cauda
1677 4630 1734 4698 2,
1764 4631 1817 4685 in
1857 4630 2117 4688 anteriori

547 4718 688 4768 genu
717 4704 773 4769 1,
806 4703 863 4759 in
888 4714 1116 4773 utroque
1147 4702 1281 4771 pede
1305 4702 1360 4768 1,
1382 4701 1436 4756 in
1457 4714 1607 4773 arcn_
1628 4700 1663 4753 2
1689 4745 1706 4769 ,
1756 4711 1814 4773 et
1862 4704 1915 4757 in
1944 4703 2122 4771 jacqu

545 4783 814 4838 quatuor;
837 4788 942 4829 una
965 4770 1094 4829 vero
1117 4770 1171 4826 in
1194 4786 1428 4838 summo,
1457 4772 1558 4825 alia
1590 4770 1644 4825 in
1667 4771 1844 4827 medio
1869 4770 2119 4837 obscura,

546 4858 597 4899 et
626 4844 664 4899 2
692 4846 746 4900 in
777 4848 967 4914 pennis
997 4844 1178 4912 iaculi,
1199 4856 1265 4898 ex
1296 4843 1489 4915 quibus
1514 4840 1714 4898 clarior
1738 4853 1821 4898 est
1843 4859 1968 4910 una;
1997 4856 2123 4899 sunt

544 4931 734 4972 υιιηιθς
761 4916 848 4971 ίυ.

622 4988 809 5059 Aquila
833 4985 995 5059 habet
1022 4985 1074 5041 iu
1102 4982 1237 5054 pede
1260 4984 1475 5059 stellam
1502 4983 1560 5059 ‘1_,
1605 4983 1658 5059 in
1687 4983 1865 5059 medio
1892 4998 2122 5059 corpore

545 5054 829 5114 obscuram
856 5058 909 5123 1,
938 5061 992 5113 in
1019 5067 1194 5113 rostro
1212 5057 1480 5128 superiori
1511 5055 1534 5109 1
1565 5096 1582 5120 ,
1626 5054 1676 5110 iu
1708 5057 1997 5113 subteriori
2040 5058 2064 5111 1
2102 5074 2119 5124 ;

545 5138 672 5182 sunt
696 5145 884 5184 omnes
909 5130 966 5186 1.

624 5198 916 5267 Delphinus
952 5216 1062 5255 nnn
1097 5198 1322 5255 multum
1364 5196 1699 5264 supercurrit
1746 5195 2076 5267 Capricorno
2100 5240 2119 5264 ,

547 5267 708 5324 habet
739 5272 794 5326 in
831 5286 926 5326 ore
972 5270 1181 5326 stellam
1222 5270 1274 5334 1,
1308 5268 1361 5323 in
1393 5270 1592 5323 vertice
1636 5267 1692 5332 2,
1738 5268 1788 5321 in
1827 5269 1911 5323 ala
1963 5285 2121 5324 secus

546 5352 786 5465 νοεηιὸθιιι
819 5341 876 5407 5,
903 5357 1062 5412 supra
1090 5343 1309 5398 dorsum
1342 5340 1396 5405 1,
1442 5338 1496 5393 in
1538 5341 1713 5393 cauda
1739 5337 1774 5391 2
1804 5356 1819 5407 ;
1851 5350 1978 5395 sunt
2005 5357 2120 5397 om-

547 5425 643 5464 nes
710 5450 725 5465 ο

547 5425 643 5464 nes
670 5425 725 5465 Ἰ.

621 5482 810 5548 Orion,
831 5480 1079 5552 obliquus
1098 5480 1310 5551 quidem
1323 5480 1523 5546 Tauro,
1540 5480 1699 5536 habet
1724 5478 1775 5552 in
1796 5482 1968 5550 capite
1989 5480 2116 5535 Stel-

553 5550 631 5609 las
655 5550 973 5621 splendidas
993 5553 1027 5607 ὅ
1046 5592 1061 5619 ,
1089 5550 1154 5608 es
1192 5553 1386 5621 quibus
1415 5566 1521 5609 una
1551 5562 1636 5608 est
1661 5551 1991 5621 splendidior
2009 5568 2119 5607 cat-

550 5622 702 5686 teris.
736 5621 793 5679 lu
821 5632 1045 5691 utroque
1086 5626 1310 5678 humero
1338 5623 1675 5690 splendidam
1705 5637 1861 5676 unam
1886 5662 1902 5687 ,
1937 5637 1988 5677 tn
2024 5638 2119 5681 cu-

550 5696 665 5748 bito
706 5701 727 5750 1
765 5694 1070 5762 obsonium,
1105 5696 1157 5748 in
1184 5699 1490 5748 summitate
1522 5709 1715 5748 manus
1744 5696 1797 5756 1,
1827 5695 1878 5748 in
1900 5709 2035 5747 zona
2058 5693 2116 5757 3,

550 5780 603 5817 tu
635 5765 840 5822 mantili
866 5767 1206 5830 5.robscuras,
1240 5769 1292 5818 in
1324 5776 1551 5833 utroque
1576 5780 1717 5835 gt-nu
1750 5765 1772 5817 1
1802 5806 1815 5827 ,
1869 5765 1921 5818 in
1957 5763 2119 5819 utris-

547 5853 652 5892 uue
682 5840 899 5902 pedibus
930 5839 950 5891 1
980 5854 994 5901 ;
1022 5848 1146 5893 sunt
1169 5852 1353 5889 omnes
1383 5838 1466 5890 17.

1086 327 1288 388 asas:
1331 326 1782 417 veneramus
1817 306 1969 386 ora}
2009 326 2254 386 PARS].
2295 316 2592 394 SECTJI.
2624 364 2694 380 -
2734 332 2937 392 DUBIA
2980 330 3067 392 er
3107 327 3376 391 spuma.

2152 3176 2201 3241 (ἶ

2340 446 2515 512 Ιθβης
2541 450 2702 505 habet
2738 452 2923 507 stellas
2952 452 3005 507 in
3032 454 3272 517 utrisque
3310 449 3517 505 auribus
3548 449 3598 517 1,
3623 451 3673 505 in
3690 464 3800 505 coro

2267 525 2397 585 pore
2415 518 2476 593 ‘2‘,
2508 521 2558 573 in
2589 521 2750 576 dorso
2780 523 3001 578 nitidam
3034 525 3084 585 1,
3111 524 3161 576 in
3197 523 3570 593 posterioribus
3595 524 3795 591 pedibus

2260 602 2355 657 per
2383 591 2617 653 singulos
2650 594 2671 647 1
2697 609 2712 658 ;
2738 603 2863 646 sunt
2889 609 3079 649 omnes
3100 594 3157 651 7.

2328 661 2601 732 Canicula,
2624 678 2745 732 quae
2770 665 2941 719 orittlr
2964 678 3074 728 poSl
3098 664 3372 723 Orionem,
3406 662 3560 716 habet
3603 662 3791 717 stellam

2256 731 2589 791 splendidum
2616 730 2665 787 in
2698 730 2875 801 lingua
2906 751 3064 789 unam
3094 775 3110 796 .
3150 748 3309 803 quam
3341 734 3477 803 Syrii
3507 748 3679 786 canem
3708 746 3796 784 va-

2255 808 2381 856 cant
2425 803 2728 858 rutilantem
2771 807 3027 870 multum,
3073 816 3135 860 et
3175 822 3268 869 per
3305 805 3572 858 intervalla
3610 805 3801 857 colum

2256 882 2547 927 mut-intem
2575 890 2590 928 :
2618 876 2777 929 habet
2804 876 2855 930 in
2881 888 3107 941 utroque
3155 877 3380 929 humero
3423 878 3691 928 obscuram
3734 881 3753 926 t
3783 912 3798 937 ,

2255 943 2306 1013 in
2364 945 2677 1008 pectore2,
2709 946 2763 999 iu
2815 948 3069 1001 anteriori
3113 947 3247 1013 pede
3295 945 3513 999 sinistro
3561 951 3664 999 tres
3693 984 3708 1005 .
3750 944 3803 998 ita

2256 1012 2446 1066 dextro
2476 1030 2655 1081 uuam,
2685 1031 2842 1081 supra
2877 1017 3093 1072 dorsum
3120 1012 3255 1079 tres,
3286 1017 3339 1070 in
3371 1025 3553 1069 ventre
3586 1025 3708 1074 tres.
3750 1014 3799 1066 in

2250 1086 2472 1138 sinistro
2500 1086 2683 1139 lumbo
2709 1102 2868 1141 unam
2903 1128 2919 1150 ,
2968 1090 3022 1141 in
3081 1087 3363 1156 posteriori
3409 1087 3626 1140 sinistro
3680 1084 3802 1154 pede

2253 1169 2412 1208 unam
2439 1171 2453 1213 :
2490 1158 2541 1209 in
2563 1160 2869 1212 summitate
2888 1160 3071 1212 cauda!
3095 1160 3119 1213 1
3146 1178 3160 1222 ;
3184 1167 3309 1212 sunt
3331 1172 3519 1212 omnes
3546 1157 3633 1210 1?.

2324 1224 2486 1278 Navis
2509 1267 2524 1291 ,
2557 1243 2692 1295 qua:
2746 1230 2883 1294 apud
2927 1230 3153 1296 Argivos
3180 1231 3323 1293 Argo
3360 1239 3613 1291 vocatur,
3661 1226 3803 1282 habet

2248 1296 2431 1350 stellas
2454 1297 2507 1351 in
2531 1299 2784 1353 anterinri
2818 1309 2965 1363 parte
2993 1300 3145 1356 navis
3178 1300 3228 1353 4.
3260 1311 3316 1355 et
3356 1300 3410 1354 iu
3444 1300 3599 1365 puppi
3643 1298 3675 1350 1
3701 1338 3717 1361 ,
3752 1298 3799 1352 in

2246 1380 2474 1433 utroque
2531 1367 2755 1424 humero
2806 1371 2878 1435 5,
2934 1370 2987 1425 in
3041 1371 3157 1426 velo
3186 1370 3255 1436 5,
3297 1369 3354 1424 in
3400 1381 3549 1425 costa
3577 1370 3649 1434 ὃς
3690 1379 3803 1424 sunt

2245 1450 2438 1491 Olttttes
2464 1439 2553 1493 21.

2315 1509 2479 1563 (Ictus
2499 1509 2598 1580 sub
2622 1509 2799 1568 Ariete
2820 1521 2873 1565 et
2897 1510 3139 1567 Piscibus
3161 1511 3428 1580 gradiens,
3458 1509 3615 1564 habet
3636 1510 3803 1564 stellas

2252 1574 2306 1654 in
2337 1581 2502 1633 cauda
2523 1579 2873 1654 2Aobscuras;
2916 1597 2945 1636 a
2975 1583 3145 1637 cauda
3162 1574 3345 1654 usque
3383 1582 3449 1637 ad
3480 1580 3709 1649 gimbum
3734 1586 3765 1635 ti
3786 1622 3803 1646 .

2244 1645 2298 1701 in
2333 1660 2518 1705 ventre
2547 1651 2616 1717 6;
2641 1661 2770 1708 sunt
2795 1645 2985 1709 omnes
3016 1655 3101 1709 11.

2322 1718 2519 1796 Eurus,
2544 1722 2634 1793 qui
2663 1731 2717 1778 et
2748 1724 3013 1796 Eridanus
3042 1765 3058 1789 ,
3098 1731 3163 1796 et,
3190 1738 3220 1777 a
3256 1723 3582 1796 quibusdam
3615 1721 3759 1796 Nilus
3784 1761 3805 1789 ,

2243 1790 2332 1864 qui
2356 1789 2600 1864 et_Geon.
2626 1809 2657 1848 e
2679 1795 2992 1851 meridianis
3014 1793 3253 1864 partibus
3275 1789 3487 1850 habens
3515 1793 3716 1847 initium
3736 1796 3798 1847 ad

2243 1860 2457 1936 Orionis
2485 1864 2673 1932 pedem
2704 1867 2968 1929 tendens;
3002 1860 3248 1936 subiacet
3272 1868 3321 1921 ei
3358 1867 3514 1920 stella
3552 1877 3798 1936 qu:c__vo-

2241 1942 2398 2005 catur
2414 1933 2679 2002 CanOpos.
2698 1951 2820 2005 qua:
2850 1938 3015 2005 tangit
3036 1933 3326 2001 splendens
3347 1946 3638 1991 temonem.
3655 1933 3800 1988 Navis

2241 2004 2725 2077 s_patium_parvum
2750 2016 2912 2075 patet,
2941 2004 3007 2062 eo
3025 2008 3167 2077 quod
3198 2008 3335 2061 circa
3360 2017 3562 2062 terram
3586 2018 3701 2077 esse
3727 2007 3798 2077 εἰ·

2240 2070 2400 2148 detur
2428 2091 2446 2148 ς
2479 2073 2639 2130 habet
2668 2070 2855 2134 stellas
2877 2077 2928 2132 in
2956 2070 3128 2148 prima
3159 2080 3275 2133 acie
3298 2077 3355 2143 ὃ,
3381 2078 3437 2134 in
3468 2075 3698 2133 secunda
3726 2073 3759 2127 3
3783 2114 3801 2140 ,

2242 2143 2297 2196 in
2317 2145 2480 2216 tertia
2508 2148 2562 2209 5,
2592 2162 2760 2216 usque
2787 2148 2853 2201 ad
2878 2143 3170 2203 novissima
3196 2163 3311 2206 sex.

2312 2213 2483 2288 Piscis
2528 2213 2749 2288 magnus
2785 2229 2839 2274 et
2889 2222 3081 2276 Auster
3119 2219 3352 2287 dicitur,
3402 2234 3433 2274 a
3485 2218 3800 2288 Capricorno

2240 2287 2751 2360 usquepisres’ejus
2779 2289 3053 2360 longitudo
3075 2289 3425 2357 provolvitur,
3450 2291 3540 2359 qni
3566 2287 3799 2360 subj-teet

2236 2358 2472 2425 Aquario
2492 2372 2543 2413 et
2564 2358 2779 2425 suscipit
2809 2358 2926 2429 ejus
2951 2362 3291 2416 effusionem.
3310 2358 3479 2416 liabet
3506 2358 3689 2415 stellas
3713 2360 3793 2425 η.

2237 2440 2302 2502 ex
2322 2429 2527 2502 quibus
2554 2444 2677 2502 esse
2707 2432 2877 2487 fertur
2904 2433 3006 2487 sub
3033 2432 3260 2501 pedibus
3304 2432 3523 2502 Aquarii
3548 2472 3564 2495 ,
3609 2442 3663 2485 et
3700 2439 3800 2485 tres

2238 2497 2290 2552 in
2322 2498 2534 2555 brancis
2560 2500 2680 2572 ejus
2709 2522 2723 2557 :
2754 2502 2884 2571 ipse
2925 2497 3105 2560 autem
3140 2497 3401 2559 clariores
3436 2502 3651 2558 emeris
3687 2515 3806 2558 esse

2235 2582 2455 2625 110⁸011111
2464 2586 2547 2627 111⁵.

2303 2639 2633 2716 sacrarium,
2675 2645 2816 2716 quod
2846 2653 2901 2700 et
2922 2645 3125 2701 Fanum
3147 2646 3433 2715 accipitur,
3462 2644 3566 2699 hoc
3593 2644 3792 2714 signum

2230 2712 2478 2785 sequitur
2504 2712 2728 2770 caudam
2755 2717 2930 2785 magni
2973 2717 3180 2785 Scorpii
3207 2760 3222 2780 ,
3245 2712 3546 2773 circumdat
3572 2712 3798 2785 Septen-

2231 2782 2457 2838 trionem
2485 2795 2540 2839 et
2564 2787 2810 2859 quietiam
2841 2782 2969 2859 pars
2998 2782 3248 2843 obtusior
3278 2789 3492 2843 Arcturi
3516 2828 3533 2851 ,
3561 2782 3797 2858 qna-dun

2229 2861 2407 2908 autem
2435 2858 2549 2928 cito
2566 2858 2671 2912 sub
2703 2857 2938 2928 Vespere
2962 2860 3166 2914 deﬁcit.
3200 2859 3368 2915 Habet
3390 2857 3592 2914 autem
3622 2860 3803 2914 stellas

2229 2935 2402 2997 super.
2420 2927 2731 2983 craticulam
2756 2927 2819 2995 2,
2848 2930 2900 2984 itt
2924 2931 3090 2984 Vasile
3113 2930 3149 2983 2
3171 2947 3186 2997 ;
3219 2940 3343 2984 sunt
3367 2946 3561 2984 omnes
3590 2931 3641 2983 1.

2300 2994 2598 3052 Centaurus
2640 2994 2811 3055 fertur
2853 3001 3052 3056 habere
3102 2994 3323 3055 bestiam
3369 3002 3421 3056 in
3455 3016 3619 3054 manu
3660 2999 3800 3068 juxta

2228 3064 2556 3132 Sacrarium,
2590 3074 2641 3123 in
2669 3085 2776 3136 quo
2804 3072 3013 3127 videtur
3040 3072 3252 3126 offerre.
3316 3072 3489 3127 liabet
3532 3064 3715 3125 stellas
3750 3071 3803 3125 in

2229 3139 2404 3212 capite
2427 3139 2682 3206 obscuras
2711 3140 2765 3207 5,
2798 3141 2852 3196 in
2882 3153 3106 3212 utroque
3137 3144 3358 3197 humero
3388 3143 3725 3209 splendidam
3756 3142 3801 3203 1.

2230 3207 2281 3261 in
2312 3208 2529 3266 sinistro
2558 3212 2736 3267 cubito
2762 3229 2945 3279 unam,
2968 3207 3251 3268 in'sumtna
3278 3207 3436 3267 manu
3472 3216 3524 3279 1,
3552 3213 3605 3265 in
3634 3214 3809 3267 medio

2229 3289 2444 3354 pectore
2477 3280 2528 3347 1,
2557 3282 2610 3342 in
2636 3284 2789 3352 spina
2814 3283 2871 3348 2,
2906 3286 2956 3339 in
2987 3296 3169 3339 ventre
3193 3285 3500 3354 splendilas
3514 3284 3572 3347 2,
3597 3284 3650 3337 in
3678 3284 3803 3339 lum.

2228 3351 2296 3402 ho
2324 3351 2743 3426 splendidami,
2774 3354 2827 3409 in
2854 3356 3020 3411 cauda
3052 3355 3173 3418 5,in
3206 3351 3444 3424 utrisque
3474 3356 3698 3426 genibus
3718 3371 3799 3412 re-

2227 3424 2387 3494 torsis
2413 3422 2468 3487 2,
2495 3422 2546 3478 iu
2571 3436 2796 3494 utroque
2820 3442 2971 3481 armo
2996 3428 3115 3487 1.in
3147 3422 3371 3494 otioque
3402 3422 3538 3494 pede
3558 3426 3808 3480 anteriori

2228 3492 2299 3565 1,;
2345 3504 2469 3565 sunt
2497 3510 2686 3551 omnes
2712 3492 2805 3551 21.
2859 3497 3052 3553 Ferunt
3103 3492 3310 3559 tenere,
3370 3492 3509 3552 sicut
3564 3498 3813 3565 superius

2225 3563 2662 3634 signiﬁcavimus,
2691 3567 2744 3620 in
2771 3568 2991 3623 sinistro
3021 3584 3180 3623 manu
3208 3583 3354 3622 arma
3377 3579 3430 3622 et
3462 3563 3725 3634 leporem.
3754 3568 3808 3620 iu

2225 3634 2413 3689 dextra
2444 3651 2572 3708 vero
2602 3638 2846 3702 bestiam,
2879 3648 2933 3693 et
2959 3656 2986 3691 a
3020 3640 3337 3708 quibusdam
3366 3638 3618 3707 bydriam
3647 3639 3800 3701 aceti,

2192 3732 2193 3735 η
2224 3718 2343 3771 quae
2372 3706 2529 3760 habet
2560 3709 2741 3762 stellas
2773 3712 2824 3762 in
2853 3710 3019 3764 cauda
3039 3706 3203 3773 duas,
3232 3712 3281 3763 in
3311 3706 3525 3764 sutumo
3558 3710 3693 3777 pede
3720 3724 3809 3762 an.

2226 3778 2422 3848 teriore
2452 3778 2671 3833 nitidam
2704 3794 2886 3844 unam,
2931 3790 2986 3834 et
3025 3781 3079 3834 in
3107 3782 3257 3848 spina
3287 3780 3510 3834 nitidam
3540 3796 3725 3846 unam,
3754 3792 3804 3833 et

2226 3844 2279 3899 in
2308 3850 2578 3919 anteriore
2607 3849 2741 3919 pede
2764 3850 3097 3918 splendidam
3129 3844 3312 3917 unam,
3343 3858 3399 3905 et
3422 3852 3611 3905 subter
3638 3844 3809 3918 ipsum

2227 3918 2416 3979 pedem
2445 3934 2652 3993 unan_t_,
2687 3924 2742 3978 in
2763 3923 2936 3993 capite
2964 3932 3107 3984 tres;
3135 3931 3260 3977 sunt
3288 3934 3487 3977 omnes
3513 3936 3729 3988 novem,
3754 3921 3809 3976 in

2225 3995 2393 4042 totum
2421 4004 2548 4046 vero
2570 3988 2663 4050 53.

2295 4059 2562 4136 Serpens,
2604 4078 2767 4131 super
2793 4062 2946 4136 cujus
2973 4066 3194 4121 caudam
3234 4080 3454 4121 curvum
3487 4065 3683 4120 sedere
3727 4061 3807 4116 di-

2222 4128 2375 4195 dunt,
2397 4128 2478 4186 _et
2523 4128 2576 4188 in
2634 4128 2812 4190 medio
2840 4128 3026 4191 urnam
3081 4146 3349 4192 asserunt.
3379 4138 3583 4191 Ferunt
3612 4136 3755 4189 enim
3785 4175 3802 4195 .

2221 4204 2363 4269 quod
2386 4216 2544 4273 caput
2578 4207 2901 4263 summitatis
2930 4210 3155 4274 Cancro,
3186 4219 3240 4262 et
3286 4210 3512 4263 caudam
3559 4207 3627 4261 ad
3670 4208 3802 4259 tien-

2224 4280 2432 4328 taurum
2466 4274 2669 4348 tendat,
2701 4280 2788 4344 qui
2820 4278 2979 4333 habet
3006 4280 3189 4334 stellas
3228 4277 3284 4348 3,
3332 4280 3383 4334 in
3431 4280 3650 4333 cervice
3675 4279 3725 4343 1,
3752 4277 3800 4329 in

2223 4353 2441 4412 pectore
2472 4348 2522 4411 1,
2555 4346 2607 4399 in
2642 4357 2828 4403 ventre
2861 4351 2910 4404 1.

2292 4415 2496 4470 Curvus
2524 4431 2654 4472 vero
2679 4417 2836 4474 habet
2868 4421 3051 4475 stellas
3084 4432 3215 4487 tres,
3246 4420 3299 4476 in
3332 4429 3508 4476 rostro
3540 4436 3729 4483 unam.
3750 4420 3801 4471 in

2220 4484 2304 4537 ala
2343 4487 2392 4545 1.
2426 4488 2476 4539 in
2509 4488 2724 4558 genitali
2756 4504 2935 4546 unam.
2978 4492 3118 4546 Urna
3169 4484 3346 4546 autem
3403 4494 3567 4546 habet
3623 4492 3802 4546 stellas

2150 4541 2200 4601 Ι)
2229 4564 2337 4627 tres
2369 4541 2440 4611 «ὼ
2467 4541 2649 4613 αἶ’ηέ
2676 4541 2728 4613 in
2764 4541 2947 4616 sane
2976 4541 3691 4627 angimur:Quartae";
3709 4541 3797 4615 to.

2225 4626 2360 4703 sunt
2384 4630 2472 4695 qui
2500 4644 2620 4683 eam
2649 4630 2803 4685 aliter
2834 4636 3075 4701 pingunt,
3106 4626 3300 4703 nempe
3344 4646 3654 4702 serpentem
3708 4646 3801 4685 su-

2225 4699 2427 4771 pinum,
2457 4714 2642 4754 urnam
2684 4699 2980 4771 gestantem
3031 4705 3084 4758 in
3130 4699 3315 4771 dorso,
3342 4716 3397 4759 et
3422 4699 3649 4759 cursum
3677 4717 3800 4758 cau-

2222 4768 2345 4823 dam
2373 4773 2638 4837 serpentis
2666 4768 3018 4828 mordentem.

2295 4841 2571 4915 Auticauis
2597 4843 2795 4897 dicitur
2820 4845 2922 4899 sub
2950 4844 3191 4900 Geminis
3234 4846 3369 4901 bene
3397 4860 3609 4915 parere,
3641 4844 3799 4899 habet

2222 4910 2404 4986 stellas
2434 4924 2562 4986 tres,
2593 4929 2815 4978 quarum
2845 4930 2950 4970 una
2979 4917 3312 4986 splendidior
3352 4910 3436 4972 est
3474 4910 3717 4978 caneris;
3745 4922 3797 4969 et

2222 4980 2349 5106 iéieo
2395 4984 2668 5038 Antii-anis
2720 4980 3103 5055 vocaturfeo
3161 4988 3306 5058 quod
3365 4989 3439 5043 sit
3497 4986 3798 5043 contrarius

2269 5068 2374 5106 unt.

2269 5068 2374 5108 ulli.

2290 5122 2534 5179 Circeius
2578 5125 2791 5196 quidem
2827 5140 2909 5182 est
2941 5129 2993 5184 in
3022 5130 3288 5186 sideribus
3312 5129 3543 5185 candido
3567 5129 3755 5185 colore
3774 5168 3791 5193 ,

2221 5208 2378 5263 quem
2410 5196 2638 5251 lacteum
2666 5211 2786 5253 esse
2817 5201 3055 5255 nonnulli
3086 5202 3357 5258 dixerunt.
3414 5202 3794 5257 Eratosthenes

2220 5275 2395 5340 autem
2426 5268 2682 5340 mercurio
2704 5269 2828 5322 dicit
2856 5270 3041 5324 infanti
3066 5288 3231 5340 puero
3262 5274 3504 5327 inscium
3526 5272 3792 5327 lunonem

2221 5338 2433 5391 dedisse
2462 5338 2576 5403 lac;
2604 5340 2697 5394 sed
2731 5350 3005 5409 postquam
3034 5338 3273 5397 rescierit
3299 5361 3422 5396 eum
3448 5344 3596 5399 Maim
3625 5342 3791 5396 filium

2220 5409 2643 5483 esse,_rejeci_ss_e
2671 5426 2794 5465 eum
2821 5426 2849 5464 a
2880 5427 2959 5469 se.
2994 5411 3068 5467 lla
3101 5415 3251 5469 iactis
3292 5414 3491 5483 profusi
3532 5414 3791 5483 sitiendo:

2223 5493 2336 5550 rem
2367 5479 2505 5550 inter
2528 5480 2705 5534 sidera
2734 5496 3015 5550 apparere.
3060 5483 3164 5538 Alii
3205 5479 3455 5540 dixerunt
3501 5482 3788 5538 dormienti

2219 5547 2412 5622 lunoni
2472 5547 3157 5622 Herculem'snppositum,
3211 5566 3266 5609 et
3316 5566 3687 5622 experrectam
3740 5554 3787 5606 ei

2217 5620 2358 5688 quod
2401 5633 2559 5690 supra
2590 5621 2827 5675 diximus
2858 5620 3069 5680 fecisse.
3120 5626 3225 5680 Alii
3275 5620 3454 5680 autem
3502 5625 3785 5681 Herculem

2221 5701 2435 5757 propter
2481 5694 2696 5745 nimiam
2728 5696 3055 5763 audit-atem,
3090 5696 3480 5753 multitudinem
3516 5699 3668 5750 lartts
3692 5710 3781 5759 ap-

2221 5764 2413 5833 petisse
2441 5803 2456 5827 ,
2491 5778 2661 5831 neque
2692 5764 2742 5815 in
2773 5780 2869 5819 ore
2893 5768 3172 5823 continere
3222 5775 3461 5833 potuisse
3492 5784 3507 5823 :
3536 5768 3677 5833 quod
3716 5779 3780 5819 ex

2218 5846 2311 5887 ore
2339 5831 2453 5902 ejus
2486 5835 2798 5903 profusum,
2840 5839 3094 5893 circulum
3137 5831 3395 5909 signasse.
3448 5831 3562 5895 Aiii'
3597 5838 3783 5894 dicunt
