4098 6208
463 383 568 442 959

938 386 1138 443 ΒΕυίΕ
1182 386 1634 476 νεΝεῐιΑβιιιδ
1672 385 1820 440 OPI'.
1864 380 2030 439 PARS

2145 379 2336 438 SECT.
2389 379 2451 437 ll.
2491 411 2564 423 -—
2608 376 2813 436 DUBIA
2855 376 2942 433 ET
2979 371 3252 434 SPURIA.

3618 369 3727 428 960

460 496 768 562 signiierum
794 501 844 554 in
879 517 952 554 ιιι
979 510 1152 565 partes
1181 501 1381 565 divide,
1404 517 1508 554 non
1540 516 1635 566 per
1665 500 1923 566 scipsum,
1946 496 2039 552 sed
2074 501 2117 559 Α
2147 496 2440 550 secundum
2495 497 2730 562 quinque
2778 495 2975 564 partita
3043 493 3321 548 intervalla
3349 536 3364 561 ,
3408 506 3527 561 qua
3568 506 3729 549 area

460 585 552 637 per
565 568 786 623 exterior
801 584 884 624 em
902 574 1210 635 umbonem,
1228 588 1449 641 quarum
1474 573 1698 639 partium
1724 570 2041 639 quandoque

2152 567 2346 622 tabula:
2369 567 2574 636 sculpta
2599 567 2767 630 vides,
2797 566 3013 634 partire.

468 703 3731 731 Μ

1200 820 1719 930 BEDE
1791 809 2982 928 PRESBYTER!

1413 1007 1502 1063 DE
1541 1009 1962 1065 NATIVITATE
2003 1005 2382 1065 INFANTIUM
2424 1003 2777 1060 LIBELLUS.

528 1147 626 1212 Qui
657 1149 706 1202 iu
735 1156 938 1214 septem
966 1145 1201 1199 nascitur
1227 1145 1525 1211 mensibus,
1560 1147 1604 1200 si
1636 1146 1705 1199 sit
1736 1145 2028 1209 masculus,

461 1218 675 1288 triginta
718 1219 909 1270 diebus
957 1217 1240 1288 formatur,
1287 1216 1340 1269 itt
1383 1215 1730 1288 quadraginta
1765 1229 2037 1270 movetur.

460 1286 701 1351 Feiniua,
751 1289 803 1341 in
851 1288 1063 1355 triginta
1117 1287 1347 1354 quinque
1390 1286 1671 1349 formatur,
1730 1288 1780 1338 iti
1823 1299 2040 1352 septua-

455 1359 599 1424 ginta
667 1367 948 1424 movetur,
1008 1355 1254 1412 ducentis
1309 1359 1496 1411 decem
1559 1357 1749 1410 diebus
1799 1358 2040 1424 complc-

457 1439 562 1483 tur.

533 1501 725 1553 Decem
774 1499 1038 1553 mensium
1080 1498 1374 1560 masculus,
1418 1497 1767 1565 quadraginta
1797 1496 2037 1564 quinque

459 1569 714 1623 formatur
755 1569 964 1633 diebus,
993 1578 1049 1623 et
1087 1568 1370 1635 nonaginta
1406 1580 1671 1621 movetur.
1709 1567 1951 1630 Femina,
1983 1567 2034 1620 in

459 1639 838 1707 quinquaginta
891 1639 1173 1704 formatur,
1222 1641 1272 1691 in
1300 1648 1511 1692 centum
1544 1648 1808 1700 movetur,
1844 1637 1894 1690 in
1928 1648 2034 1691 tre-

457 1710 628 1763 cl-ntis
659 1709 915 1766 nascitur.

530 1779 727 1850 Novem
779 1781 1038 1835 Iliensium
1090 1782 1354 1834 masciilus
1385 1778 2038 1850 inquadragintal’orma-

458 1857 567 1912 tur,
614 1848 665 1901 iii
715 1851 980 1920 octoginta
1019 1861 1280 1904 movetur.
1329 1849 1568 1912 Femina,
1602 1851 1653 1902 in
1678 1848 2040 1918 quadraginta

2150 1144 2346 1198 Dentes
2398 1151 2522 1196 sunt
2554 1138 2703 1210 quasi
2764 1139 3004 1210 quaedam
3068 1138 3350 1210 plantaria,
3411 1137 3629 1210 ossibus
3679 1147 3735 1196 rt

2150 1224 2330 1268 mento
2361 1213 2540 1274 insita,
2574 1208 2666 1280 qui
2697 1220 2821 1264 sunt
2853 1209 3065 1280 triginta
3087 1209 3216 1274 duo,
3243 1208 3479 1280 sedecim
3501 1210 3646 1263 enim
3674 1216 3727 1267 in

2150 1283 2514 1338 maxillaribus
2541 1279 2667 1335 sunt
2695 1281 2872 1350 positi,
2901 1279 3127 1351 quorum
3151 1290 3378 1346 quatuor
3405 1279 3454 1332 in
3475 1291 3624 1347 parte
3638 1297 3730 1334 ao-

2149 1355 2352 1416 teriori,
2416 1368 2568 1421 pares
2627 1361 2883 1405 vocantur
2933 1361 2990 1407 et
3031 1351 3335 1420 quadrupli,
3370 1351 3458 1403 lati
3488 1359 3540 1404 et
3563 1351 3732 1416 acuti,

2151 1426 2410 1479 incisores
2462 1423 2587 1478 dicti
2635 1439 2662 1475 a
2713 1421 2956 1487 medicis,
2995 1431 3119 1476 sunt
3166 1421 3310 1476 enim
3339 1423 3635 1474 necessarii
3667 1424 3732 1477 ad

2151 1497 2466 1549 inrisionem
2538 1493 2826 1564 cujuslibet
2877 1493 3005 1546 cibi.
3063 1490 3203 1564 Duo,
3233 1499 3507 1564 vocantur,
3549 1492 3733 1564 canini

2146 1566 2484 1621 collaterales
2520 1561 2865 1632 quadruplis,
2909 1565 2961 1618 in
3010 1563 3322 1619 summitate
3367 1562 3532 1624 acuti,
3567 1561 3623 1615 in
3649 1578 3733 1616 ra-

2145 1636 2264 1692 dice
2312 1649 2441 1690 vero
2493 1636 2602 1698 lati,
2665 1633 2816 1688 duris
2855 1633 2992 1688 cibis
3011 1633 3399 1688 commolendis
3424 1633 3555 1700 apti.
3597 1633 3735 1689 Sunt

2144 1719 2200 1762 et
2224 1708 2408 1764 decem
2449 1706 2536 1760 alii
2564 1705 2818 1773 utrinque
2844 1704 2991 1773 quini
3018 1704 3357 1760 collaterales
3386 1703 3726 1772 quadruplis,

2153 1778 2241 1832 lati
2265 1789 2427 1844 atque
2465 1778 2636 1846 grossi
2665 1795 2676 1828 :
2712 1776 2765 1829 hi
2795 1776 3025 1830 molares
3045 1776 3388 1846 sunt_vocati,
3420 1773 3486 1827 ad
3519 1775 3731 1828 molen-

2145 1850 2273 1903 dnm
2305 1849 2448 1903 enim
2473 1844 2549 1900 “et
2581 1846 2932 1914 frangendum
2960 1845 3135 1899 cibum
3165 1844 3383 1899 fuerunt
3413 1845 3730 1898 necessarii.

455 1919 692 2000 quinque
738 1914 961 2001 fortnam
992 1921 1235 2011 suscipit,
1271 1923 1321 1972 in
1355 1914 2039 2011 nonaginta.motuthdu-
2075 1951 2118 2011 Β
2148 1918 2250 2011 Ξειθ
2295 1919 2436 2011 idem
2467 1916 2705 1971 dentium
2736 1929 2992 2011 nurmerus
3015 1914 3065 1968 in
3093 1925 3383 2011 mentriest
3415 1915 3730 2011 intelligen-

458 1992 630 2044 centis
677 1989 1006 2059 septuaginta
1049 1995 1238 2045 diebus
1279 1993 1570 2045 nascitura.
1625 1991 1888 2044 Masculus
1913 1991 2034 2044 ideo

459 2061 616 2114 citius
637 2063 957 2125 completur,
989 2061 1110 2132 quia
1136 2076 1348 2127 spei-ma
1380 2064 1520 2116 unde
1549 2063 1807 2124 nascitur,
1849 2059 2040 2115 fortius

457 2141 616 2200 atque
635 2132 856 2187 calidius
882 2142 983 2187 est.

1090 2201 1165 2255 De
1191 2203 1407 2256 assibus.

525 2289 712 2344 Omnia
758 2291 1000 2358 corporis
1046 2305 1168 2362 ossa
1219 2301 1342 2346 sunt
1381 2291 1727 2362 quadraginta
1776 2308 1939 2345 ttnutn
1986 2303 2040 2346 et

456 2359 684 2416 ducenta
716 2377 731 2416 :
757 2372 958 2428 septem
974 2361 1182 2430 capitis,
1200 2359 1424 2430 quatuor
1446 2359 1611 2431 paria,
1632 2363 2036 2431 quatuordecini

459 2431 781 2496 masillaria,
810 2432 1052 2486 dentium
1079 2433 1334 2495 sedecim,
1370 2448 1529 2487 unum
1561 2436 1687 2501 pali,
1712 2433 1820 2488 duo
1841 2433 2034 2501 menti,

457 2502 697 2556 dentium
724 2519 944 2556 suorum
977 2504 1229 2565 sedecim,
1262 2503 1535 2569 spondiles
1565 2502 1747 2571 viginti
1780 2513 2030 2571 quatuor,

453 2585 712 2643 coxarum
763 2584 890 2636 tres,
922 2573 1006 2626 ani
1040 2585 1168 2634 tres,
1202 2583 1369 2628 costa:
1402 2573 1583 2643 viginti
1612 2586 1740 2636 tres,
1768 2573 2033 2627 teneritu-

457 2641 616 2695 dines
667 2650 809 2708 octo,
855 2645 1080 2710 spatulm
1126 2647 1267 2708 duae,
1290 2641 1524 2712 capitum
1549 2645 1875 2712 spatularum
1900 2643 2030 2711 duo,

455 2711 781 2766 (ercularutn
823 2713 949 2774 duo,
984 2728 1253 2767 armorum
1283 2711 1409 2777 duo,
1441 2711 1744 2769 cubitorum
1777 2716 2030 2780 superio-

461 2796 580 2836 rum
603 2784 731 2851 duo,
766 2783 1072 2840 inferiorum
1099 2788 1227 2851 duo,
1261 2787 1466 2838 raschze
1494 2799 1745 2838 manuum
1771 2785 2032 2849 sedecim,

459 2853 687 2926 pectinis
737 2853 788 2907 in
845 2857 1088 2909 manibus
1137 2865 1279 2920 octo,
1337 2857 1623 2926 digitorum
1661 2855 1896 2925 triginta,
1924 2871 2030 2926 au-

454 2924 676 2978 charum
732 2926 862 2990 duo,
916 2928 1285 2980 calcaneorum
1332 2924 1458 2986 duo,
1504 2924 1873 2978 navicularum
1903 2925 2031 2991 duo,

455 2995 665 3072 rasclne
717 2995 908 3072 pedum
937 2999 1145 3061 decem,
1179 2997 1402 3065 pectinis
1435 2997 1484 3049 in
1518 2997 1739 3064 pedibus
1768 3008 1915 3062 octo,
1945 2997 2026 3051 di-

454 3067 683 3132 gitorum
711 3067 942 3134 triginta.

919 3155 994 3209 De
1033 3157 1196 3211 nervis
1236 3167 1282 3211 et
1316 3157 1570 3210 dentibus.

525 3246 725 3301 Omnes
759 3246 924 3305 ,nervi
967 3261 1122 3317 pares
1172 3259 1332 3317 atque
1371 3248 1602 3317 impares
1636 3260 1762 3303 sunt
1789 3247 2028 3320 triginta.

2145 1991 2242 2041 dus
2277 2007 2291 2044 :
2337 1989 2388 2042 hi
2417 2002 2607 2040 omnes
2637 1996 2764 2042 situt
2793 1985 3006 2048 furcati.
3037 1988 3129 2041 sed
3166 1989 3214 2039 in
3243 1986 3322 2038 eis
3354 1997 3472 2038 sunt
3503 1986 3729 2052 quidam

2143 2059 2363 2120 diversi,
2411 2058 2501 2111 alii
2542 2060 2683 2111 enim
2722 2068 2971 2125 quatuor,
3018 2057 3108 2110 alii
3153 2068 3280 2122 tres,
3329 2057 3416 2108 alii
3449 2055 3608 2113 duos.
3641 2053 3732 2109 alii

2142 2128 2284 2184 enim
2329 2129 2525 2182 habent
2577 2129 2858 2193 lurcnlam,
2903 2127 3185 2194 quadrupli
3215 2139 3375 2194 atque
3398 2141 3552 2193 pares
3583 2128 3727 2180 idem

2144 2200 2372 2254 molares
2401 2207 2530 2259 tres.
2560 2200 2842 2252 ulteriores
2873 2209 3121 2267 quatuor,
3149 2199 3302 2267 primi
3334 2199 3562 2251 molares
3581 2197 3666 2249 in?
3667 2213 3723 2251 ra

2147 2271 2328 2341 positi,
2359 2271 2492 2324 duas
2523 2269 2739 2336 habent,
2775 2270 2954 2341 ultimi
2972 2277 3101 2322 tres.

2213 2341 2344 2396 Tres
2365 2342 2479 2394 dies
2509 2350 2564 2395 et
2598 2352 2782 2395 noctes
2803 2347 2928 2393 sunt
2946 2340 2996 2392 in
3019 2340 3214 2406 quibus
3237 2339 3281 2392 si
3315 2338 3394 2392 vir
3421 2345 3574 2391 natus
3609 2338 3729 2392 l‘ue—

2143 2411 2232 2474 rit,
2265 2427 2457 2479 corpus
2480 2413 2596 2478 ejus
2639 2413 2754 2464 sine
2779 2411 2942 2464 dubio
2966 2412 3229 2479 integrum
3263 2419 3442 2463 manet
3473 2424 3646 2472 usque
3678 2411 3729 2460 iu

2140 2482 2281 2535 diem
2304 2478 2488 2550 judicii
2521 2500 2532 2535 :
2569 2483 2668 2534 hoc
2695 2489 2776 2534 est
2825 2481 2878 2534 in
2909 2495 2960 2534 vt
2988 2478 3209 2534 Kalend.
3245 2479 3545 2540 Februarii,
3577 2487 3636 2532 et
3668 2494 3728 2550 ιιι

2140 2551 2366 2607 Kalend.
2410 2556 2474 2605 et
2507 2552 2629 2608 ldus
2656 2550 2839 2618 Febr.,
2869 2559 2925 2607 et
2951 2566 3106 2606 suum
3131 2551 3444 2622 mysterium
3477 2549 3733 2604 mirabile

2139 2632 2224 2678 est
2253 2622 2424 2676 valde.
2669 2631 2679 2640 '

2213 2694 2305 2747 Die
2335 2693 2603 2748 Dominica
2627 2693 2757 2747 hora
2780 2692 2990 2758 diurna,
3009 2692 3122 2747 sive
3145 2691 3527 2760 nocturna,qui
3557 2701 3724 2746 natus

2140 2761 2316 2834 fuerit,
2351 2779 2574 2833 magnus
2603 2765 2717 2834 erit
2748 2776 2803 2818 et
2827 2763 3160 2834 splendidus.
3318 2784 3324 2790 ε

2142 2833 2290 2888 Fcria
2315 2836 2570 2893 secunda.
2600 2833 2756 2888 fortis
2776 2833 2903 2889 erit.

2139 2903 2292 2958 Feria
2324 2906 2499 2969 tertia,
2526 2905 2753 2971 cupidus
2772 2907 2895 2972 erit,
2923 2903 3066 2958 etde
3092 2903 3233 2959 ferro
3263 2905 3510 2958 moritur.

2141 2975 2291 3030 Feria
2325 2987 2532 3044 quarta,
2562 2984 2818 3028 tractator
2843 2976 2992 3045 regni
3017 2977 3141 3030 erit.

2139 3046 2290 3101 Feria
2314 3047 2518 3114 quinta,
2551 3045 2778 3100 aﬂ'abilis
2803 3046 2905 3099 erit
2928 3055 2977 3099 et
3001 3045 3347 3099 honoriﬁcus.

2140 3115 2292 3170 Fi-ria
2317 3124 2488 3181 sexta,
2524 3118 2708 3169 rivalis
2731 3117 2832 3172 erit
2858 3125 2912 3170 et
2941 3116 3171 3170 multum
3199 3117 3527 3170 luxuriosus.

2136 3187 2396 3255 Sabbato,
2424 3203 2546 3241 raro
2578 3187 2726 3241 utilis
2747 3187 2874 3242 erit.

721 3549 851 3626 DE
909 3548 1508 3628 MINUTIONE
1567 3549 2156 3645 SANGUINIS,
2215 3545 2443 3628 SIVE
2502 3551 2633 3626 DE
2694 3549 3466 3628 PHLEBOTOMIA.

519 3704 957 3788 omnitempore,
993 3705 1080 3761 dic
1099 3722 1162 3760 ac
1189 3706 1440 3788 ttocte,_s_i
1469 3705 1760 3788 necessitas
1777 3706 2021 3788 urg-enin
2051 3706 2099 3771 c
2130 3711 2292 3760 relam
2348 3707 2541 3775 capitis
2588 3715 2642 3760 et
2672 3708 2884 3788 planis:
2928 3705 3268 3788 passionem,
3301 3721 3473 3788 usque
3519 3681 3598 3762 ad.
3639 3723 3728 3778 os,

450 3778 621 3832 acutis
665 3777 1020 3845 passionibus,
1053 3786 1265 3845 oportet
1295 3777 1709 3844 phlebotomiam
1740 3777 2019 3841 adhibere,

451 3791 621 3832 acutis
665 3791 1020 3845 passtotnous,
1053 3791 1265 3900 oportet
1295 3791 1709 3844 ptttetmtomtam
1740 3791 2019 3841 adhibere,

451 3850 717 3926 pracipuo
762 3856 1001 3926 tempore
1056 3862 1086 3926 _a_
1165 3855 1356 3926 octavo
1406 3845 1521 3900 Kal.
1577 3846 1744 3926 April.
1778 3863 1944 3926 usque
1971 3848 2021 3901 itt

453 3915 737 3985 septimum
791 3915 908 3972 Kal.
949 3917 1112 3981 Junii,
1155 3917 1353 3972 utilitas
1397 3929 1478 3972 est
1508 3919 1818 3985 sanguinem
1843 3917 2022 3972 detra-

454 3989 638 4070 hendi,
688 3989 813 4070 quia
867 3997 1001 4070 tunc_
1042 3989 1257 4070 sanguis
1295 3999 1637 4070 augmentum
1689 3990 1868 4041 habet.
1916 3987 2022 4070 Sed

455 4068 638 4126 postea
703 4058 1050 4112 observanda:
1111 4066 1237 4111 sunt
1291 4058 1576 4126 qualitates
1622 4065 1918 4124 temporum
1973 4067 2028 4112 et

343 4171 349 4177 .
452 4143 643 4182 cursus
689 4128 849 4191 lunas,
903 4128 1003 4182 hoc
1047 4136 1150 4191 est,
1181 4129 1300 4182 lttna
1331 4127 1538 4195 quinta,
1568 4127 1795 4190 decima,
1821 4128 2025 4182 decima

491 4197 655 4263 ninta,
706 4197 979 4267 Vigesima,
1031 4195 1280 4266 vigesima
1307 4199 1510 4266 quinta,
1540 4200 1827 4267 trigesima.
1862 4200 1917 4250 in
1946 4197 2030 4252 his

498 4267 657 4338 iebus
681 4282 784 4338 non
807 4277 1020 4335 Oportet
1048 4268 1461 4337 phlebotomiam
1496 4269 1789 4338 imponere,
1821 4272 1941 4338 qua
1975 4269 2026 4323 in

456 4338 574 4392 istis
627 4335 816 4391 diebus
872 4340 1022 4394 multi
1050 4335 1059 4337 ἡ
1083 4337 1275 4392 medici
1321 4335 1584 4392 allirmani
1619 4343 1758 4408 quod
1788 4336 2028 4394 infinitus

457 4423 710 4460 numerus
755 4410 1027 4479 hominum
1080 4424 1174 4476 per
1213 4410 1348 4463 hanc
1381 4408 1773 4479 negligentiam,
1801 4425 1904 4463 non
1934 4410 2031 4462 ob-

458 4487 739 4533 servantes
765 4477 1040 4542 qualitates
1060 4489 1356 4548 temporum
1385 4491 1438 4534 et
1468 4477 1681 4534 cursum
1709 4479 1866 4541 lunae,
1894 4495 2032 4534 inor-

461 4548 536 4602 tui
566 4558 714 4618 sunt.
738 4548 870 4602 Nam
900 4563 993 4615 per
1016 4549 1191 4603 omnia
1222 4549 1611 4603 observandum
1639 4560 1719 4602 est
1748 4564 1775 4601 a
1805 4550 2033 4618 quinde-

453 4618 600 4674 cimo
654 4617 771 4674 Kal.
830 4621 1034 4689 August
1085 4634 1254 4687 usque
1301 4619 1350 4673 in
1401 4618 1578 4673 Nonas
1621 4617 2034 4688 Septemb.,qui

457 4689 790 4745 caniculares
843 4689 960 4744 dies
1010 4690 1367 4758 appellantur,
1412 4690 1828 4759 phlebotomiam
1859 4691 2032 4758 impo-

460 4775 614 4823 nere,
642 4775 737 4816 nec
764 4759 1114 4815 catharticutn
1141 4761 1406 4824 accipere,
1429 4760 1552 4828 quia
1570 4773 1756 4814 omnes
1779 4761 2034 4816 humores

459 4839 585 4886 tunc
635 4833 776 4886 misti
823 4841 975 4896 sunt,
1016 4829 1118 4886 nisi
1143 4833 1224 4899 (ut
1246 4831 1358 4900 jam
1385 4831 1639 4895 diximus)
1674 4830 1719 4883 si
1749 4831 1885 4886 ictus
1910 4846 2036 4888 eve.

456 4903 600 4956 nerit
651 4916 716 4970 es
759 4900 927 4956 acutis
975 4901 1331 4970 passionibns,
1383 4901 1527 4954 aliud
1574 4901 1687 4956 lieri
1727 4917 1829 4953 non
1863 4911 2036 4968 potest

459 4972 558 5025 nisi
609 4969 851 5040 feriatur,
899 4980 955 5027 et
977 4969 1196 5027 vastitas
1226 4973 1308 5026 vel
1332 4969 1583 5041 iniquitas
1611 4971 1883 5042 sanguinis
1909 4988 2035 5027 eva-

452 5048 687 5109 poretur.

525 5110 830 5168 Cathartico
874 5122 1052 5167 autem
1078 5126 1184 5166 uno
1209 5120 1470 5178 tempore,
1500 5113 1582 5167 vel
1613 5112 1679 5165 ab
1701 5121 1890 5167 octavo
1911 5113 2029 5168 Kal.

451 5179 670 5252 Octobr.
725 5197 892 5252 usque
932 5181 984 5237 in
1013 5192 1259 5238 octavum
1283 5181 1402 5237 Kal.
1434 5183 1743 5237 Decembris
1768 5183 1898 5238 utile
1923 5192 2026 5248 est,

453 5250 573 5322 quia
625 5253 767 5320 quod
810 5250 910 5321 per
951 5254 1180 5307 hiemem
1229 5264 1280 5306 et
1331 5269 1423 5318 per
1465 5262 1704 5308 aestatem
1751 5269 1946 5322 corpus
1977 5255 2028 5308 in

451 5319 720 5394 choleram
774 5319 854 5394 et,
879 5324 1122 5393 phlegma
1164 5324 1447 5386 contraxit,
1468 5322 1579 5393 jam
1609 5324 1755 5377 dicto
1787 5319 2029 5394 tempore

456 5391 668 5458 purgari
708 5393 905 5462 evenit.
955 5391 1187 5448 Si'cnim
1231 5391 1512 5461 diligenter
1539 5405 1812 5462 purgatum
1845 5391 2029 5461 fuerit,

451 5475 673 5513 securus
693 5476 722 5515 a
743 5461 955 5516 cholera
966 5477 1087 5517 esse
1101 5476 1291 5526 puteal.
1311 5465 1434 5520 Sola
1455 5461 1760 5519 observatio
1781 5465 2023 5519 ciborum

451 5540 509 5583 et
542 5539 708 5604 potus
747 5533 839 5597 sit,
881 5542 949 5604 fut
990 5533 1131 5601 quod
1182 5543 1395 5603 Oportet
1438 5545 1636 5596 utatur,
1685 5545 1740 5589 et
1779 5549 1807 5587 a
1835 5535 2026 5604 quibus

453 5601 572 5655 hodi
627 5613 798 5667 potest
842 5603 1189 5659 abstineatur.
1223 5601 1375 5670 Quid
1406 5615 1487 5659 est
1512 5601 1892 5672 phlebotomia,
1925 5605 2026 5661 nisi

456 5683 596 5728 recta
631 5673 815 5727 incisio
843 5689 989 5728 vena:
1011 5672 1035 5727 ἳ
1061 5676 1262 5741 Quibus
1285 5676 1416 5730 locis
1444 5676 1926 5743 phleboloniatnus,
1945 5677 2025 5730 vel

455 5759 553 5811 pro
599 5745 792 5812 quibus
819 5745 1172 5812 passionibns,
1201 5756 1292 5800 aut
1320 5747 1528 5815 qualem
1572 5762 1762 5800 venam
1796 5746 2029 5802 incidere

455 5815 749 5871 debemus?
797 5815 1033 5874 Arterias
1064 5831 1224 5873 venas
1265 5816 1315 5872 in
1345 5819 1614 5888 occipitio.
1651 5829 1860 5888 W’PW
1889 5832 2022 5888 ‘l"°‘

2126 3791 2382 3848 mensura
2405 3789 2634 3846 quatuor
2654 3778 2938 3844 digitorum
2967 3777 3034 3848 de
3054 3791 3207 3832 aure.
3233 3779 3308 3834 De
3325 3778 3498 3832 ambis
3520 3777 3729 3848 tempo4

2129 3847 2272 3902 ribus
2317 3849 2621 3912 incidimus,
2670 3858 2886 3915 propter
2925 3846 3242 3904 eﬂ'usioncm
3281 3848 3588 3903 oculorum.
3632 3846 3727 3906 'Do

2127 3921 2314 3991 subtus
2345 3919 2545 3991 lingua,
2578 3919 2713 3991 duas
2744 3927 2962 3991 pr0pter
2989 3916 3210 3991 rheuma
3235 3919 3594 3991 gingivarum,
3634 3922 3723 3978 vel

2127 3987 2253 4041 vitia
2294 3987 2446 4052 oris,‘
2468 4001 2520 4043 et
2559 3988 2800 4041 dentium
2831 3987 3092 4042 dolorem.
3123 3989 3197 4043 De
3227 3988 3400 4043 fronte
3428 3997 3560 4052 tres,
3593 4006 3722 4059 pro-

2133 4071 2249 4123 pter
2298 4059 2537 4113 dolorem
2586 4059 2798 4124 capitis,
2823 4066 2876 4111 et
2896 4058 3280 4113 alienationem
3303 4060 3358 4114 in
3387 4058 3723 4126 phrenesim.

2133 4129 2208 4182 De
2253 4130 2469 4183 naribus
2508 4129 2665 4192 duas,
2697 4140 2914 4194 promer
2941 4131 3258 4198 gravitatem
3285 4131 3477 4198 capitis
3506 4143 3561 4185 et
3589 4147 3726 4188 ocu-

2132 4199 2323 4270 lorum.
2386 4198 2460 4254 De
2500 4198 2645 4255 collo
2687 4199 2844 4264 duas,
2874 4208 3087 4266 propter
3117 4199 3395 4254 humorem
3429 4202 3482 4254 In
3513 4204 3718 4270 capite.

2133 4269 2208 4324 De
2241 4269 2459 4324 brachio
2499 4277 2630 4333 tres,
2659 4270 2748 4338 qui
2788 4284 2881 4338 per
2910 4279 3077 4325 totum
3105 4285 3300 4338 corpus
3327 4270 3558 4325 reddunt
3586 4269 3720 4329 san-

2129 4341 2372 4408 guinem,
2405 4340 2682 4407 capitanea
2715 4341 2873 4400 linea.
2899 4341 3164 4404 matricia,
3191 4341 3422 4409 capsale.
3454 4341 3529 4396 De
3550 4357 3720 4399 manu

2131 4411 2303 4476 duas,
2357 4427 2514 4464 unam
2577 4426 2738 4477 super
2798 4411 3050 4480 pollicem
3110 4421 3329 4480 prapter
3383 4411 3718 4469 inﬂationem

2132 4479 2417 4550 pulmonis.
2467 4491 2521 4535 et
2574 4480 2730 4534 aliam
2776 4479 2845 4536 de
2889 4479 3305 4548 minimodigito
3327 4492 3542 4550 propter
3567 4485 3723 4539 iulia-

2134 4553 2332 4606 tionem
2383 4552 2602 4618 splenis.
2660 4551 2737 4606 De
2777 4552 2966 4605 subtus
3010 4554 3117 4606 talo
3141 4551 3278 4606 infra
3305 4562 3524 4620 propter
3547 4557 3720 4622 poda-

2131 4623 2328 4693 gricos,
2389 4622 2762 4693 phreneticus,
2817 4623 3087 4691 sciaticos,
3146 4624 3228 4679 vel
3280 4623 3608 4688 lumborum,
3668 4633 3722 4679 et

2135 4690 2451 4748 mulieribus
2515 4690 2711 4760 quibus
2756 4706 3028 4746 menstrua
3073 4690 3187 4748 non
3237 4695 3460 4748 veniunt
3507 4703 3563 4750 et
3611 4711 3718 4749 non

2133 4765 2458 4831 concipiunt.
2515 4763 2588 4815 De
2637 4759 2769 4814 loris
2806 4762 2940 4832 duas
2978 4773 3195 4832 propter
3222 4778 3412 4819 renum
3444 4764 3715 4819 dolorem.

2139 4832 2372 4905 Desuper
2420 4834 2610 4902 pollice
2651 4833 2801 4902 pedis
2849 4831 2989 4889 duas
3035 4845 3257 4905 propter
3287 4833 3713 4905 indignationem

2137 4904 2519 4960 testiculorum.

2209 4973 2392 5031 Plures
2412 4985 2536 5030 sunt
2563 4977 2680 5033 dies
2709 4973 3041 5046 Egyptiaci,
3066 4973 3118 5029 in
3149 4973 3344 5046 quibus
3375 4975 3522 5034 nullo
3549 4978 3715 5033 modo

2141 5057 2242 5099 nec
2286 5059 2381 5114 per
2409 5047 2570 5102 ullam
2612 5044 2987 5102 necessitatem
3032 5045 3161 5117 licet
3192 5044 3394 5117 homini
3418 5047 3500 5117 vel
3535 5046 3717 5117 pecori

2139 5118 2449 5184 sanguinem
2493 5118 2752 5186 minuere,
2799 5130 2899 5186 nec
2945 5116 3218 5186 potionem
3259 5114 3592 5186 impendere,
3619 5118 3715 5174 sed

2143 5201 2210 5239 ex
2249 5188 2328 5241 his
2360 5188 2527 5242 tribus
2551 5185 2790 5242 maxime
2810 5185 3158 5251 observandi,
3181 5185 3370 5241 octavo
3395 5185 3516 5242 ldus
3539 5189 3712 5256 April.

2137 5257 2226 5310 illo
2278 5257 2364 5312 die
2418 5258 2593 5324 Iunis,
2645 5259 2875 5311 intrante
2918 5256 3184 5323 Augusto;
3237 5257 3328 5310 illo
3383 5257 3472 5312 die
3527 5258 3708 5324 Iunis,

2135 5337 2368 5382 exeunte
2425 5326 2733 5391 Decembri;
2789 5327 2880 5379 illo
2931 5325 3020 5381 die
3048 5329 3207 5392 Iunis,
3238 5341 3359 5381 cum
3391 5329 3556 5381 multa
3578 5329 3696 5382 dilic

2134 5400 2306 5466 gentia
2354 5398 2738 5453 observandum
2767 5403 2872 5462 est,
2895 5398 3018 5466 quia
3038 5411 3224 5452 omnes
3255 5411 3404 5452 vena:
3435 5409 3561 5452 tunc
3585 5400 3700 5469 ple-

2130 5482 2213 5519 na:
2251 5477 2394 5522 sunt.

2201 5539 2300 5602 Qui
2346 5540 2397 5591 in
2448 5539 2566 5592 istis
2602 5538 2791 5594 diebus
2833 5536 3103 5592 hominem
3132 5546 3224 5592 aut
3251 5551 3414 5607 pecus
3429 5537 3708 5603 inciderit,

2129 5619 2219 5662 aut
2259 5611 2438 5663 statim
2483 5619 2574 5662 aut
2603 5610 2655 5662 in
2681 5611 2797 5674 ipso
2818 5609 2907 5664 die
2932 5609 3015 5663 vel
3044 5608 3096 5663 in
3129 5609 3286 5664 tertio
3308 5609 3588 5674 morietur,
3611 5619 3704 5662 aut

2129 5678 2195 5732 ad
2243 5679 2527 5747 septimum
2573 5679 2716 5734 dictu
2761 5695 2865 5733 non
2917 5679 3232 5746 perveniet;
3261 5686 3318 5733 et
3348 5678 3394 5732 si
3431 5681 3700 5747 potionem

2130 5750 2248 5816 quis
2288 5751 2577 5818 acceperit,
2625 5750 2963 5819 quindecimo
2994 5749 3081 5803 die
3112 5753 3400 5812 morietur;
3430 5758 3485 5803 et
3513 5751 3558 5804 si
3591 5765 3689 5802 ma-

2131 5821 2331 5888 sculus,
2367 5821 2480 5877 sive
2507 5822 2716 5888 mulier,
2747 5819 2800 5875 itt
2845 5819 2927 5875 his
2955 5819 3142 5875 diebus
3170 5819 3277 5875 nati
3311 5819 3528 5888 iuerint,
3562 5819 3707 5875 mala
