4098 6208
286 400 393 456 969

916 396 1329 457 SENTENTIA
1370 398 1887 457 PlllLOSOl‘lllC/E
1931 398 2021 453 EX
2063 399 2493 456 ARISTOTELE
2532 400 2933 455 COLI.EC‘I‘IE.

3434 403 3542 463 970

353 514 659 586 Absurdttmr
684 526 757 569 est
798 513 1215 586 simulqna'rcrc
1260 514 1545 586 scientiam_
1567 523 1612 565 -σι
1656 513 1861 586 modum
1892 513 1934 569 Α
1975 582 1985 586 _
2040 512 2328 586 Accidenlia
2354 513 2771 586 dicantur_entia
2812 512 2882 563 ad
2908 513 3101 586 aliquid
3132 514 3150 579 (
3176 527 3206 566 ν
3238 511 3468 580 tlIetaph.
3495 523 3542 586 ).

279 588 476 643 sciendi
503 586 581 657 (ιι
614 585 891 657 Metaph.).
925 581 1015 657 Illa
1043 585 1328 657 auctoritas
1356 582 1853 657 dupliciter_intelli-

282 659 463 723 gitur:
498 651 604 711 uno
633 655 790 709 modo
815 651 936 721 ,ιιι
972 653 1024 708 in
1055 654 1232 708 verbis
1279 664 1383 723 stat
1423 651 1741 719 simpliciter
1763 690 1779 712 .
1812 660 1868 705 et

282 722 365 783 sic
388 739 470 782 est
497 741 625 781 vera
657 727 772 780 sine
797 725 992 792 glossa.
1023 725 1144 778 Alio
1174 722 1354 785 modo.
1388 723 1429 775 si
1462 737 1556 791 per
1584 723 1866 775 scientiam

283 797 601 867 intelligitur
631 795 991 867 metaphysica
1012 833 1034 867 Α,
1084 806 1273 867 ει-βει-
1306 792 1519 867 modum
1545 793 1757 867 sciendi
1789 792 1867 843 lo-

281 869 424 940 gica,
458 863 583 940 (unc
604 881 792 920 sensus
813 872 896 940 est
916 880 932 940 _:
960 863 1262 940 Absurdum
1291 874 1371 916 est
1399 864 1553 940 simul
1590 864 1868 929 acquirere

287 932 711 1007 metaphysicam
740 950 794 990 et
825 936 1073 1007 logicam,
1095 934 1216 1007 quia
1240 932 1599 1007 metapbysica
1632 946 1866 1002 praesup-

286 1002 685 1078 ponit'lo'gicam
716 1024 729 1071 ;
772 1022 900 1075 ergo
931 1004 1097 1078 logica
1128 1004 1286 1057 debet
1322 1002 1577 1078 praescia.

356 1079 437 1132 Ad
466 1072 621 1147 ag'ens
646 1072 896 1147 uniforme
922 1072 1318 1147 sequiturad“
1345 1085 1397 1147 et
1430 1072 1639 1147 elfectns
1661 1072 1862 1141 unifor-

284 1152 384 1202 mis
419 1155 434 1217 (
464 1144 640 1200 Primo
668 1148 728 1199 de
758 1145 895 1217 Cirta
917 1146 958 1211 ).
1009 1144 1324 1217 intelligitur
1371 1144 1659 1217 dummodo
1704 1156 1866 1217 agens

285 1213 454 1275 totale
481 1219 751 1273 concurrit
778 1215 1132 1278 unifortniter,
1164 1224 1288 1269 tunc
1317 1214 1433 1267 talis
1479 1213 1724 1279 ell'cctus,
1757 1213 1866 1266 sal-

286 1300 395 1344 tem
429 1286 789 1356 principaliter
820 1287 1072 1348 intentus,
1101 1296 1277 1356 manet
1303 1283 1602 1356 uniformis.

363 1352 441 1412 Ab
464 1360 640 1412 eodem
682 1372 781 1409 non
824 1364 1033 1420 possunt
1063 1353 1274 1421 produci
1300 1354 1497 1407 diversa
1525 1352 1759 1422 speci/ica
1786 1352 1864 1403 di-

284 1438 469 1483 stincta
499 1430 638 1493 (ttde
667 1423 1046 1492 Ceneratiom).
1074 1424 1413 1492 lntelligitur:
1436 1426 1501 1478 ab
1523 1425 1710 1477 eodem
1741 1430 1866 1493 cnte

288 1492 517 1553 naturali
549 1514 653 1550 non
684 1506 903 1565 possunt
933 1493 1224 1561 procedere
1259 1493 1467 1565 diversa
1517 1504 1571 1548 et
1615 1492 1865 1559 specilice

285 1571 559 1622 distincta.
588 1564 751 1621 Sectis
779 1579 859 1620 est
888 1567 954 1620 de
981 1576 1169 1631 agente
1196 1564 1475 1618 artiﬁciali.

360 1641 555 1692 Aurum
584 1648 653 1690 est
677 1635 1061 1703 incorruptibile
1100 1636 1117 1701 (
1144 1633 1437 1687 Secundum
1478 1631 1796 1686 alchimistas
1816 1632 1861 1697 ).

290 1708 603 1776 lntelligitur
650 1707 765 1761 sic:
814 1711 1011 1760 Aurum
1057 1714 1140 1759 est
1188 1704 1624 1776 incorruptibile,
1670 1704 1863 1776 idest,

284 1779 443 1833 valde
472 1774 770 1831 iturativum
800 1777 935 1830 inter
963 1777 1139 1829 omnia
1169 1776 1272 1827 alia
1304 1775 1540 1841 metalla,
1562 1776 1684 1842 quia
1707 1774 1863 1827 durat

283 1848 426 1904 ultra
458 1850 841 1902 ordinationem
873 1847 1177 1901 humanam.

357 1923 405 1975 Α
432 1922 687 1973 volun'ate
710 1922 917 1987 antiqua
947 1935 1046 1971 non
1086 1916 1311 1985 prot'cdit
1336 1914 1470 1970 actia
1495 1929 1622 1967 nova
1664 1914 1683 1983 (
1708 1912 1865 1967 Com-

283 2000 560 2053 mentator,
594 2004 683 2045 un
720 1987 879 2060 l’hys.
909 1992 946 2056 ).
978 1988 1291 2060 intelligitur
1315 1992 1393 2060 sic
1421 2003 1449 2040 a
1474 1988 1748 2060 voluntate
1767 1998 1866 2036 au-

288 2062 457 2129 tiqua,
489 2062 538 2112 id
571 2071 676 2124 est,
703 2077 730 2112 ιι
760 2054 867 2113 ilco
897 2054 1000 2112 non
1034 2054 1271 2129 procedi
1295 2058 1657 2129 actionova,
1680 2054 1729 2109 id
1761 2062 1863 2118 est,

293 2128 495 2184 novum
518 2131 755 2192 volitum,
777 2131 893 2199 quia
921 2128 1060 2199 Deus
1081 2144 1183 2180 non
1210 2128 1388 2199 incipit
1409 2128 1459 2181 al
1484 2128 1606 2194 quid
1631 2128 1698 2181 de
1721 2142 1865 2199 novo

295 2202 459 2265 velle,
492 2199 609 2267 quia
637 2197 889 2268 quidquid
924 2198 1059 2268 Deus
1087 2197 1282 2263 voluit,
1328 2198 1395 2251 ab
1440 2210 1642 2251 aeterno
1676 2198 1863 2251 voluit.

296 2271 461 2330 Unde.
501 2266 709 2325 etiamsi
737 2268 961 2322 mundus
1004 2266 1171 2320 factas
1211 2278 1293 2321 est
1342 2268 1396 2321 in
1442 2278 1710 2335 tempore,
1757 2281 1862 2321 non

290 2351 473 2395 tamen
496 2350 690 2394 mutata
718 2339 816 2393 fuit
842 2340 1081 2392 voluntas
1102 2335 1217 2392 Dei.
1263 2338 1345 2392 Ab
1370 2348 1568 2392 teterno
1594 2338 1735 2391 enim
1767 2352 1863 2393 vo-

288 2411 391 2464 luit
417 2425 537 2465 eum
568 2418 692 2463 tunc
717 2409 852 2464 lieri.

357 2481 441 2533 Ad
469 2478 1079 2549 productionemc/I'ccttts
1109 2478 1357 2549 sufﬁciunt
1391 2475 1514 2549 duo,
1546 2476 1753 2549 scilicet,
1778 2494 1864 2532 va-

280 2547 533 2605 luntaset
555 2558 775 2617 potestas
806 2548 932 2615 (Per
958 2547 1105 2603 Boot.
1134 2550 1196 2602 de
1222 2547 1582 2602 Consolatione
1626 2548 1861 2614 philoso-

285 2619 448 2690 phice,
472 2636 641 2690 prosa.
671 2635 730 2685 tt,
759 2620 847 2673 lib.
880 2621 979 2686 tv).
1014 2619 1325 2687 Intclligitur
1346 2633 1449 2671 non
1480 2618 1741 2684 absolute,
1766 2620 1860 2673 sed

283 2689 533 2753 trinitate,
585 2693 727 2744 verbi
756 2690 957 2756 gratia:
1010 2702 1110 2758 ego
1152 2690 1273 2742 volo
1311 2696 1363 2741 et
1390 2701 1604 2753 pessum
1643 2689 1860 2757 legere;

284 2774 421 2826 ergo
445 2760 557 2829 lego
584 2759 823 2813 absolute
863 2774 966 2813 non
990 2762 1163 2822 valet,
1213 2759 1305 2812 sed
1357 2758 1491 2811 bene
1532 2758 1702 2811 valet:
1754 2760 1863 2828 ligo

277 2840 437 2957 lnam
457 2842 510 2883 et
539 2843 635 2899 pro
660 2843 801 2884 nunc
827 2831 946 2883 volo
976 2838 1028 2883 et
1056 2842 1268 2897 possum
1304 2830 1513 2897 legere,
1560 2840 1690 2897 ergo
1722 2843 1861 2883 nunc

303 2913 434 2957 cito.

379 2913 434 2952 0.

303 2913 715 3038 q:.ptlwlione
756 2970 810 3023 in
853 2968 1080 3038 habitant
1117 2965 1439 3033 lmpossibilis
1486 2974 1561 3019 cst
1604 2982 1861 3038 rtgresstts

280 3037 413 3121 (ξεν
444 3038 839 3121 Ιξιιίιιιεοριιιιηι,
866 3042 918 3091 in
945 3037 1409 3121 l’itedicumcntis).
1431 3037 1758 3121 intelligitur
1795 3041 1862 3121 de

283 3107 378 3164 illa
407 3107 697 3178 privatione
746 3125 865 3179 qua:
892 3112 1062 3177 privat
1083 3118 1259 3161 actum
1281 3115 1336 3159 et
1357 3109 1645 3174 potentiam
1667 3107 1857 3179 simul;

282 3196 392 3233 non
421 3189 598 3235 autem
624 3179 692 3233 de
731 3178 819 3233 illa
866 3195 986 3246 qua:
1035 3180 1203 3247 privat
1248 3179 1420 3231 solum
1467 3185 1642 3231 actum
1669 3216 1686 3244 ,
1734 3178 1878 3249 quia

281 3251 358 3306 ibi
390 3251 527 3305 bene
552 3256 636 3305 est
664 3250 931 3317 possibilis
958 3262 1256 3316 regressus.

358 3319 503 3374 Actio
531 3328 578 3373 et
620 3320 790 3388 passio
838 3329 955 3372 sunt
988 3329 1131 3372 actus
1170 3318 1480 3371 dirersarum
1521 3319 1859 3386 patendarum

284 3388 366 3462 (ιι
401 3390 466 3444 de
493 3389 744 3462 Anima“).
782 3390 856 3445 lbi
888 3388 1285 3462 dicitur‘quod
1308 3388 1643 3462 diversarum
1673 3400 1859 3458 poten-

283 3458 479 3514 tiaram
507 3469 631 3514 sunt
657 3460 853 3514 diversi
877 3471 1047 3514 actus.
1082 3458 1336 3513 Potentiae
1358 3459 1500 3512 enim
1524 3458 1858 3527 distinguun-

280 3540 372 3583 tur
394 3543 488 3599 per
515 3538 686 3584 actus.
717 3530 824 3587 Sed
854 3530 976 3598 quia
1002 3530 1140 3584 actio
1176 3538 1227 3582 et
1258 3528 1435 3599 passio
1463 3537 1589 3582 sunt
1616 3529 1857 3585 diversa-

281 3597 408 3654 rum
453 3599 830 3667 potentiarum,
875 3597 1051 3668 igitur,
1085 3608 1209 3652 sunt
1254 3597 1541 3663 distincta;
1590 3602 1728 3667 quod
1775 3608 1861 3654 est

277 3677 470 3725 contn
500 3668 881 3738 Philosophum
904 3667 995 3738 (ι.ι
1022 3667 1232 3739 Phys.),
1255 3668 1345 3735 qui
1368 3668 1497 3722 dicit
1517 3671 1656 3736 quod
1684 3671 1860 3724 omnis

286 3741 433 3793 actio
465 3746 551 3794 est
594 3742 804 3809 passio:
857 3749 997 3809 patet
1038 3740 1358 3794 antecedens
1384 3777 1399 3800 ,
1449 3739 1567 3804 quia
1610 3743 1749 3791 actio
1779 3749 1860 3793 est

282 3817 441 3864 actus
470 3812 717 3877 potentiae
745 3810 931 3864 activa:
953 3851 970 3877 ,
1005 3811 1180 3879 passio
1211 3823 1337 3879 vero
1366 3809 1555 3861 dicitur
1582 3819 1731 3862 actus
1763 3824 1860 3876 po-

288 3883 473 3934 tentia
505 3880 746 3948 passiva.
777 3877 1149 3945 Respondetur
1170 3877 1307 3947 quod
1337 3879 1627 3930 auctoritas
1653 3881 1750 3930 ista
1782 3880 1861 3931 in-

288 3948 543 4019 telligitur
580 3951 969 4018 particulariter
993 3990 1009 4018 ,
1040 3961 1095 4004 et
1138 3964 1244 4003 non
1288 3948 1656 4019 universttltter
1677 3986 1706 4019 ,Α
1737 3952 1858 4017 quia

282 4017 431 4144 ractio
461 4027 516 4141 ft
543 4017 718 4085 passio
744 4028 870 4075 sunt
895 4017 1033 4075 idem
1064 4017 1410 4073 materialiter
1428 4056 1445 4084 ,
1486 4018 1581 4072 sed
1609 4017 1861 4072 dtﬂ‘erunt

305 4104 457 4143 orma
482 4096 601 4144 iter.

305 4090 601 4144 ’ormaltter.

362 4159 439 4229 Ab
460 4161 710 4212 abstracto
735 4158 801 4212 ad
827 4169 1113 4213 concretum
1140 4168 1211 4211 est
1239 4158 1369 4213 bona
1400 4158 1795 4229 consequentia(
1822 4174 1854 4213 ιι

289 4227 521 4300 Topic.).
546 4230 618 4283 lbi
641 4230 832 4283 dicitur
853 4230 994 4298 quod
1018 4244 1195 4300 verum
1218 4240 1298 4283 est
1323 4228 1374 4282 iu
1398 4227 1862 4300 ριαξιιιεειίιηιιιιιιε

282 4298 652 4369 quiddttativis
679 4308 734 4353 et
758 4298 1155 4363 essentialibus,
1182 4313 1287 4357 uoti
1316 4309 1493 4353 autem
1531 4299 1584 4351 in
1613 4300 1861 4354 acciden-

285 4370 481 4450 talibus
505 4385 521 4434 ;
552 4370 731 4450 igitur.
758 4379 865 4450 etc.

354 4440 403 4493 Α
430 4436 594 4510 simtli
612 4455 768 4510 causa
795 4441 849 4493 in
883 4437 1051 4510 specie
1089 4453 1194 4510 non
1207 4437 1709 4510 Δριιύιειιαιιριιιιιὶισειιςὶ
1736 4436 1860 4504 clie-

281 4522 398 4565 ctsts
420 4507 558 4581 (Per
582 4506 1058 4581 Commentatorem,
1084 4523 1151 4581 ts
1166 4506 1398 4581 Hetaph.
1418 4513 1460 4581 λ.
1493 4508 1860 4581 Respondetur

1972 582 2281 651 lnlelligitttr
2308 582 2449 651 quod
2479 582 2765 653 accidentia
2800 598 2903 636 non
2945 582 3141 636 habent
3176 597 3296 637 esse
3339 601 3433 651 per
3458 582 3541 653 sit,

1972 653 2070 704 nisi
2096 654 2145 705 in
2175 654 2571 719 comparatione
2599 653 2662 706 ad
2691 652 2887 719 aliquid
2918 662 2973 706 et
2998 654 3063 705 ad
3094 653 3423 719 subjectum.

2038 722 2329 793 Accidentia
2358 723 2709 793 assimilantur
2739 724 3008 793 propagini
3035 724 3053 789 (
3075 738 3105 776 ν
3134 722 3361 791 ΜειιῳΙι.
3380 727 3417 791 ).
3462 727 3545 781 ln-

1971 792 2225 866 telligitur
2250 792 2390 861 quod
2421 808 2654 866 propago
2692 808 2810 866 non
2847 792 2929 846 est
2976 793 3135 866 arbor
3156 833 3171 858 ,
3196 795 3313 866 sed
3344 798 3539 866 aliquid

1967 865 2171 915 arboris
2209 878 2370 930 aqua
2417 863 2690 917 derivatur
2736 864 2933 927 arbor;
2982 863 3050 917 ita
3095 864 3388 921 accidentia
3434 863 3540 919 non

1967 943 2088 985 sunt
2117 933 2282 993 entia,
2312 934 2404 985 sed
2429 934 2575 1007 gentis
2595 973 2611 997 ,
2646 933 2696 986 id
2726 942 2809 985 est
2838 934 3150 1007 substantim
3171 975 3206 1007 ,_
3231 952 3257 987 τι
3292 951 3393 1005 qua
3427 954 3546 1007 pro-

1970 1014 2250 1072 pagantnr,
2280 1012 2333 1055 et
2360 1006 2603 1056 oriuntur
2633 1007 2688 1072 (v
2720 1014 2772 1056 ct
2799 1018 2867 1057 vn
2900 1002 3237 1073 Metaphys.).

2037 1073 2242 1125 Animal
2266 1074 2593 1126 constituitur
2620 1089 2683 1125 ea:
2710 1090 2919 1137 corpore
2955 1083 3003 1127 et
3029 1078 3199 1126 anima
3239 1085 3479 1141 tanquam
3509 1095 3541 1131 η

1967 1152 2165 1210 regente
2205 1152 2252 1195 ct
2290 1152 2425 1196 recto
2453 1144 2509 1211 (ι
2542 1141 2796 1208 Politia).
2841 1144 3151 1212 lntelligitur
3179 1148 3316 1214 quod
3347 1148 3396 1198 iu
3428 1164 3542 1202 ant-

1970 1214 2089 1265 mali
2117 1214 2293 1266 anima
2324 1214 2478 1267 habet
2500 1227 2559 1267 se
2581 1222 2638 1266 ut
2666 1227 2883 1279 regens,
2918 1223 2972 1266 et
2996 1230 3187 1282 cat-pus
3216 1218 3370 1270 habet
3398 1231 3456 1273 se
3488 1229 3542 1271 nt

1969 1293 2195 1347 rectum,
2225 1284 2346 1351 quia
2370 1293 2455 1336 est
2486 1284 2897 1337 instrumentum
2925 1286 3135 1337 animae.

2038 1353 2296 1406 Animalia
2335 1362 2597 1407 mansueta
2641 1354 2882 1421 digniora
2925 1364 3045 1407 sunt
3088 1355 3206 1407 aliis
3233 1356 3542 1411 animalbns

1967 1437 2068 1474 non
2096 1424 2373 1476 mansuetis
2420 1424 2470 1486 (ι
2505 1422 2841 1477 Politicorum
2863 1426 2899 1487 ).
2952 1424 3265 1494 lntelligitur
3290 1428 3341 1479 in
3366 1443 3505 1493 quan
3528 1462 3540 1471 -

1970 1502 2077 1545 tum
2108 1494 2351 1546 animalia
2402 1503 2678 1548 mansueta
2718 1495 3033 1561 participant
3068 1495 3246 1563 aliqua
3274 1498 3431 1551 modo
3459 1515 3541 1552 re-

1965 1566 2163 1630 gimen.
2196 1562 2299 1619 Sed
2326 1563 2370 1616 si
2401 1564 2703 1630 oppositum
2736 1565 3023 1627 invenitur,
3051 1562 3206 1618 secus
3234 1573 3334 1619 est.

2038 1634 2356 1707 abstinentia
2402 1634 2502 1707 cibi
2551 1636 2746 1703 confert
2797 1634 3101 1707 febricitanti
3154 1637 3419 1707 sanitasem
3469 1635 3541 1707 (ν

1968 1700 2139 1759 Ethic.
2160 1702 2200 1775 ).
2235 1704 2605 1773 Respondetur
2637 1700 2773 1769 ideo,
2798 1700 2920 1773 quia
2950 1705 3265 1759 abstinentia
3293 1715 3374 1759 est
3397 1700 3542 1761 sum-

1968 1789 2051 1826 ma
2085 1774 2365 1829 medicina.
2398 1775 2466 1830 Et
2493 1784 2576 1830 est
2604 1777 2898 1831 communis
2927 1776 3105 1844 regula
3138 1776 3460 1831 medicorum
3490 1788 3543 1832 et

1899 1866 1941 1924 Β
1969 1844 2302 1924 vulgarium:

2042 1915 2188 2000 Actio
2198 1927 2245 2000 et
2262 1914 2439 2000 passio
2454 1931 2552 1969 non
2581 1917 2900 1969 continentur
2911 1914 3001 2000 sub
3017 1915 3225 2000 invicem
3243 1915 3261 1986 (
3270 1932 3321 2000 ut
3336 1915 3538 2000 Phy»).

1971 1982 2280 2057 intelligitur
2302 1986 2440 2054 quod
2473 2001 2635 2039 unum
2665 2002 2769 2039 non
2819 1986 3133 2053 prmdicatur
3161 1988 3227 2041 de
3248 1982 3387 2057 alio,
3416 1982 3540 2057 quia

1970 2052 2058 2107 illa
2087 2052 2393 2123 praidicaiio
2421 2070 2525 2108 non
2553 2067 2633 2111 est
2661 2052 2985 2119 bona,actio
3008 2064 3090 2110 est
3121 2056 3314 2122 passio.

2040 2127 2135 2177 Ars
2155 2126 2382 2198 imitatur
2408 2136 2642 2179 naturam
2671 2127 2721 2178 in
2742 2135 2982 2198 quantum
3009 2134 3168 2194 potest
3196 2128 3254 2197 (ιι
3279 2124 3534 2198 Πιερία).

1965 2190 2119 2251 Item.
2152 2195 2237 2252 illa
2285 2198 2574 2251 auctoritas
2604 2210 2725 2252 vera
2755 2190 2854 2252 ἐει
2878 2235 2892 2262 ,
2943 2190 3230 2251 dummodo
3260 2190 3444 2251 natt'tra
3474 2190 3542 2253 sit

1967 2267 2367 2325 fundamentum
2401 2266 2542 2320 illius
2569 2269 2716 2321 artis.

2037 2338 2131 2391 Ars
2148 2340 2446 2407 acquisitiva
2462 2338 2561 2394 cibi
2581 2347 2651 2393 est
2673 2335 2923 2391 naturalis
2944 2336 3248 2409 animalibus
3269 2337 3306 2401 (ι
3329 2336 3535 2409 Polit.).

1972 2405 2288 2475 lntelligitur
2315 2410 2455 2479 quod
2486 2419 2672 2464 natura
2702 2416 2783 2465 est
2806 2408 3027 2464 sollicita
3056 2408 3122 2461 ad
3156 2405 3535 2474 providendum

1967 2479 2036 2531 de
2082 2480 2219 2534 cibis
2245 2480 2561 2534 animalibus
2609 2494 2728 2535 cum
2777 2482 2949 2546 primo
2988 2488 3224 2549 generat.
3277 2480 3367 2535 Vel
3418 2480 3528 2540 sic,

1964 2550 2177 2621 quando
2205 2550 2396 2621 aliquis
2421 2550 2616 2619 aliquid
2647 2550 2873 2620 acquirit
2898 2552 3038 2621 quod
3068 2562 3255 2604 natura
3294 2549 3534 2621 requirit,

1970 2619 2076 2672 tale
2103 2618 2381 2689 acquirere
2407 2630 2489 2674 est
2512 2618 2770 2675 naturale.

2034 2688 2270 2762 Actiones
2293 2690 2632 2759 principalitas
2653 2706 2753 2743 non
2772 2698 2888 2744 sunt
2908 2688 3051 2745 bona
3068 2691 3132 2745 de
3148 2706 3203 2745 se
3217 2689 3310 2762 (vn
3332 2690 3535 2762 Polit.).

1967 2756 2465 2830 lntelligiturunod
2489 2776 2593 2815 non
2633 2770 2758 2815 sunt
2787 2764 2944 2826 bona,
2976 2762 3076 2816 nisi
3107 2756 3409 2829 principalis
3435 2756 3539 2815 «ιιι-

1964 2828 2098 2884 ferat
2124 2834 2189 2884 ab
2211 2828 2345 2884 aliis
2363 2831 2416 2884 in
2444 2831 2677 2885 bonitate
2706 2832 2927 2885 naturali
2960 2840 3012 2884 et
3037 2828 3313 2895 acquisita,
3341 2831 3391 2885 in
3418 2843 3537 2885 tan-

1966 2908 2073 2951 tum
2119 2911 2371 2970 quantum
2411 2902 2491 2954 vir
2510 2900 2688 2955 dill‘ert
2714 2915 2743 2953 ιι
2769 2901 3006 2965 muliere,
3030 2914 3215 2955 servus
3245 2917 3273 2953 a
3300 2902 3534 2956 domino.

2034 2970 2269 3024 Actiones
2286 2972 2506 3041 jnstitiat
2534 2972 2831 3025 necessaria:
2851 2982 2968 3024 sunt
2996 2971 3050 3023 in
3070 2972 3290 3041 civitate,
3322 2974 3409 3025 sed
3433 2987 3535 3041 non

1962 3037 2247 3113 eligibiles,
2279 3037 2553 3094 iecundum
2590 3058 2643 3096 se
2687 3040 2779 3113 (νιι
2811 3041 3016 3112 Polit.).
3066 3040 3139 3094 lbi
3179 3041 3371 3096 dicitur
3396 3040 3539 3112 quod

1966 3123 2062 3178 per
2090 3112 2328 3165 actiones
2356 3113 2575 3178 justitize
2619 3112 2982 3180 intelliguntur
3010 3113 3285 3165 sententia:
3315 3123 3369 3165 et
3406 3127 3535 3180 sup-

1967 3180 2121 3247 plicia
2140 3182 2634 3247 condemnatorum,
2659 3191 2712 3236 et
2736 3181 3050 3236 necessaria:
3070 3192 3190 3235 sunt
3212 3181 3262 3235 in
3288 3184 3533 3248 civitate;

1964 3258 2020 3304 et
2048 3259 2224 3306 tamen
2252 3252 2542 3306 secundum
2570 3266 2630 3305 se
2657 3267 2763 3305 non
2789 3261 2913 3305 sunt
2941 3251 3202 3319 cligibiles
3220 3290 3236 3316 ,
3264 3252 3355 3307 sed
3387 3265 3444 3307 ut
3472 3267 3539 3309 eo

1961 3320 2153 3374 melius
2182 3322 2369 3376 civitas
2393 3322 2716 3391 gubernetur
2744 3330 2800 3375 et
2826 3323 3077 3375 salvetur.

2030 3391 2266 3446 Actiones
2295 3408 2408 3461 quae
2436 3402 2549 3445 sunt
2575 3392 2713 3445 circa
2735 3392 2937 3446 divitias
2965 3398 3016 3445 et
3037 3393 3273 3459 honores,
3303 3408 3405 3446 non
3423 3407 3541 3447 sunt

1958 3459 2265 3533 simpliciter
2287 3459 2537 3532 eligibiles
2577 3461 2597 3533 (
2624 3476 2659 3516 tt
2688 3462 2859 3533 Ethic.
2887 3462 2929 3532 ).
2974 3461 3138 3533 Ratio,
3158 3473 3239 3516 est
3267 3463 3388 3528 quia
3417 3472 3542 3517 sunt

1960 3532 2205 3601 quamam
2236 3530 2615 3601 dispositiones
2643 3532 2708 3585 ad
2741 3530 2956 3595 bonum,
2998 3541 3051 3585 et
3077 3530 3141 3584 ad
3170 3533 3530 3600 operationem

1963 3598 2247 3665 bonorum,
2279 3598 2339 3655 ut
2360 3611 2501 3669 patet
2528 3602 2755 3670 septimo
2788 3602 3148 3656 l'oliticorum.

2031 3672 2288 3725 Animalia
2322 3673 2494 3724 omnia
2533 3673 2638 3724 alia
2665 3673 2727 3723 ab
2757 3671 2958 3724 homine
2986 3673 3095 3724 sola
3123 3671 3346 3723 naturali
3373 3672 3538 3723 inten-

1961 3740 2097 3793 tione
2123 3744 2303 3793 habent
2325 3758 2444 3794 suas
2467 3746 2709 3806 actiones,
2735 3750 2788 3793 ut
2816 3740 3073 3811 colligitur
3098 3742 3300 3803 ibidem,
3324 3750 3370 3793 et
3396 3757 3538 3811 qna:-

1961 3811 2081 3861 dam
2109 3811 2356 3864 animiin
2384 3827 2538 3876 parva
2561 3814 2741 3864 habent
2773 3826 2892 3864 snas
2929 3805 3152 3863 actiones
3177 3826 3239 3863 ea:
3265 3805 3537 3864 consuetu-

1960 3881 2097 3943 dine,
2129 3896 2216 3933 seu
2243 3882 2630 3949 assuefactiane,
2656 3893 2708 3934 ut
2742 3896 2922 3943 canes;
2951 3880 3038 3934 sed
3068 3881 3217 3933 homo
3248 3881 3377 3934 inter
3415 3884 3532 3935 ani-

1962 3950 2116 4002 malia
2137 3952 2311 4018 dirigit
2332 3952 2557 4005 actiones
2578 3967 2695 4004 suas
2717 3952 2991 4004 secundum
3015 3953 3283 4015 rationem,
3308 3951 3534 4015 adeoque

1960 4020 2135 4091 omnia
2161 4020 2266 4073 alia
2293 4020 2536 4075 animalia
2564 4038 2663 4074 non
2692 4032 2793 4076 tam
2818 4030 2972 4091 agunt
2993 4036 3143 4090 quam
3165 4031 3388 4091 aguntur
3413 4038 3536 4087 pro-

1963 4098 2072 4157 pter
2100 4090 2255 4156 ﬁnem
2280 4130 2295 4153 ,
2327 4091 2465 4144 solus
2506 4094 2654 4147 Iconio
2681 4093 2834 4146 etiam
2856 4090 2928 4145 se
2962 4092 3071 4161 ipse
3099 4100 3144 4144 et
3170 4106 3261 4143 sua
3300 4090 3351 4143 in
3381 4093 3537 4159 linem

1961 4174 2112 4231 suum
2141 4161 2317 4231 dirigit
2346 4171 2392 4214 et
2417 4162 2641 4215 ordinat.

2035 4228 2293 4302 Accusans
2346 4231 2494 4302 debet
2554 4247 2662 4287 esse
2707 4230 2887 4287 melior
2922 4238 3162 4285 accusata
3202 4229 3220 4297 l
3247 4244 3282 4282 tt
3310 4228 3467 4285 Polit.
3493 4231 3533 4302 ).

1967 4298 2119 4352 Ratio
2147 4304 2268 4369 quia
2300 4300 2536 4354 ol'ticium
2565 4311 2867 4355 accusantis
2909 4311 2991 4355 est
3032 4302 3314 4355 ostendere
3345 4298 3535 4356 causas

1962 4373 2312 4423 accusationis
2342 4373 2395 4425 in
2424 4372 2488 4425 ad
2501 4372 2728 4426 rersario
2751 4385 2845 4425 seu
2884 4384 3151 4426 accusata.
3188 4371 3355 4425 Etiam
3389 4372 3530 4435 ideo,

1963 4440 2083 4510 quia
2107 4454 2360 4496 accusans
2384 4442 2541 4497 habet
2561 4456 2620 4497 se
2642 4450 2701 4495 ut
2719 4455 2906 4510 agens,
2934 4453 3208 4496 accusatus
3229 4452 3283 4494 ut
3305 4440 3532 4509 patiens.

1965 4508 2121 4563 Modo
2148 4525 2306 4564 omne
2334 4527 2493 4581 agens
2524 4508 2862 4581 prtestantius
2889 4520 2973 4566 est
3000 4527 3095 4565 suo
3123 4525 3300 4578 passo.

286 4575 441 4650 quod
470 4580 522 4651 ly
550 4580 685 4634 idem
703 4584 908 4651 capitur
930 4575 1317 4647 multipliciter,
1329 4575 1531 4651 scilicet
1550 4594 1649 4651 pro
1670 4580 1855 4632 eodem
1890 4575 1940 4631 D
2031 4580 2187 4651 Actus
2227 4575 2585 4651 intelt'eclus'et
2614 4583 2870 4651 appetitus
2908 4587 3046 4651 sunt
3065 4575 3134 4632 ad
3161 4581 3371 4633 invicem
3407 4597 3532 4635 cott-

287 4647 345 4707 iit
375 4647 619 4713 numero,
644 4651 697 4703 in
725 4647 923 4718 specie,
952 4651 1004 4703 in
1025 4663 1249 4718 genere:
1278 4647 1435 4718 modo
1460 4661 1493 4702 a
1516 4649 1675 4701 simili
1698 4666 1858 4702 inlusa

287 4721 346 4778 in
368 4720 549 4789 specie
570 4724 705 4776 bene
730 4716 1239 4786 proceduut'diVersi
1259 4716 1478 4773 euectus
1500 4733 1742 4783 nuuteto,
1765 4719 1859 4773 sed

288 4806 399 4848 non
420 4792 620 4859 specie,
648 4789 726 4843 vel
750 4803 969 4859 genere.
1011 4857 1017 4859 Α
1126 4858 1133 4859 γ
1352 4855 1355 4858 ν

356 4857 566 4916 Animal
592 4869 663 4916 est
689 4857 970 4913 substantia
997 4857 1216 4912 hominis
1240 4866 1286 4912 et
1309 4857 1445 4926 equi,
1469 4858 1746 4911 secundum
1769 4874 1862 4911 na-

286 4943 456 4987 turam
484 4944 801 4985 communem
825 4938 843 4997 t
863 4928 964 4982 Per
988 4928 1475 4982 Cammentatorentt
1507 4927 1797 4998 Metaphys.
1816 4932 1857 4993 ).

291 5006 358 5058 Et
384 5004 433 5057 si
460 5004 563 5064 sic,
593 5012 717 5055 tunc
738 5012 922 5053 natura
966 5001 1266 5053 communis
1304 5008 1449 5054 esset
1485 5002 1749 5067 ponenda.
1786 4998 1860 5052 lbi

287 5076 482 5129 dicitur
509 5072 650 5139 quod
674 5070 722 5141 ly
752 5081 826 5125 est
853 5069 1060 5138 capitur
1089 5070 1142 5124 in
1170 5078 1290 5123 actu
1309 5072 1557 5141 _signato,
1596 5070 1676 5123 sic
1720 5069 1859 5141 quod

287 5146 380 5202 ille
410 5137 669 5197 terminus
695 5137 906 5195 animal
925 5137 1198 5208 signiﬁcat
1240 5137 1594 5193 substantiam
1629 5137 1861 5192 hominis

283 5210 517 5280 et-equi,
547 5212 836 5266 secundum
858 5219 1109 5280 rnaturatn
1136 5222 1475 5263 communem
1498 5249 1513 5273 ,
1544 5210 1734 5280 idest,
1763 5210 1863 5262 sub

286 5286 498 5339 ratione
525 5282 759 5351 generis,
788 5279 870 5334 vel
913 5279 1015 5333 sub
1057 5288 1319 5350 conceptu
1346 5279 1617 5333 communi
1648 5280 1723 5332 illi
1757 5289 1863 5333 ter-

287 5358 436 5410 mino
460 5352 654 5406 tnn'mal
681 5354 1153 5417 correspnndente.

354 5426 502 5494 Aqua
522 5422 621 5476 alii
662 5424 831 5493 ignem
869 5423 886 5488 (
910 5436 963 5494 ιιι
992 5420 1263 5494 desinima
1284 5420 1348 5494 ).__
1374 5417 1473 5474 Ubi
1504 5418 1695 5494 dicitur
1722 5418 1862 5494 quod

283 5488 426 5563 aqua
453 5508 560 5548 non
580 5488 790 5563 capitur
813 5507 908 5563 pro
929 5490 1145 5563 humido
1174 5488 1509 5559 simpliciter,
1541 5490 1633 5563 sed
1656 5492 1863 5563 capitur

287 5559 385 5635 pro
414 5563 635 5618 humido
654 5559 843 5630 pingui
874 5570 929 5617 et
951 5559 1155 5635 subtili,
1183 5565 1304 5629 quia
1338 5564 1440 5635 hoc
1472 5560 1638 5613 nutrit
1662 5560 1861 5635 ignem,

285 5631 427 5692 sicut
445 5635 688 5690 videmus
713 5634 779 5686 ad
808 5631 1187 5696 experientiam
1211 5670 1227 5694 ,
1270 5638 1330 5684 ut
1360 5634 1611 5700 butyrum
1636 5670 1650 5692 ,
1682 5633 1861 5700 oleum

286 5705 484 5762 subtile
510 5745 527 5771 ,
565 5706 745 5757 vinum
772 5704 1131 5755 combustum.
1180 5700 1247 5753 Et
1275 5701 1411 5754 ultra
1438 5699 1600 5771 debet
1640 5699 1862 5767 intelligi

285 5780 354 5832 de
378 5769 668 5832 nutritione
696 5772 986 5840 improprie
1027 5772 1166 5825 dicta
1192 5813 1209 5839 ,
1254 5771 1376 5840 quia
1420 5769 1621 5827 nullum
1670 5785 1861 5841 purum

287 5851 609 5905 elementum
634 5843 827 5897 nutrit.

644 5932 911 5992 ΡΑι-ιιοι..
958 5930 1090 5994 XL.

1959 4650 2139 4721 corda
2169 4648 2188 4719 (
2214 4665 2265 4702 tv
2298 4650 2465 4705 Ethic.
2494 4652 2535 4720 ).
2567 4648 2975 4721 Respondetur:
3008 4649 3117 4704 lloc
3144 4660 3229 4705 est
3260 4666 3439 4704 verum
3468 4653 3536 4704 de

1960 4718 2241 4775 virtutibus
2266 4718 2578 4777 moralibus.

2028 4788 2414 4863 Afﬁrmatiact
2458 4792 2660 4863 negatio
2701 4798 2823 4846 sunt
2869 4791 3139 4863 iumenta
3186 4787 3207 4863 (
3221 4804 3277 4863 tv
3298 4785 3471 4863 Ethic.
3491 4787 3536 4863 ).

1960 4856 2283 4932 Intelligitur
2306 4860 2404 4925 sic,
2435 4856 2575 4932 qudd
2600 4865 2651 4916 in
2682 4871 2861 4918 mente
2884 4904 2899 4926 ,
2943 4862 2993 4932 id
3021 4872 3102 4916 est
3124 4900 3143 4926 ,
3169 4856 3235 4932 in
3263 4856 3533 4932 intellectu

1962 4929 2197 4995 practico
2224 4941 2348 5003 sunt
2394 4929 2679 5003 aliirmatio
2706 4943 2759 4988 et
2788 4930 3000 5003 negatio
3022 4970 3039 4995 ,
3088 4931 3183 4984 sed
3215 4931 3266 4982 in
3296 4929 3536 4999 appetitu

1959 5000 2372 5071 estpersecutio
2400 5011 2453 5055 et
2479 5000 2619 5071 luga.

2031 5068 2285 5140 Agricola:
2314 5072 2473 5138 magis
2503 5068 2748 5140 appetunt
2774 5074 2970 5124 lucrum
2998 5087 3149 5137 quam
3186 5068 3400 5140 honores
3440 5068 3533 5137 (vt

1962 5135 2134 5192 Ethic.
2160 5140 2199 5207 ).
2238 5135 2547 5210 ltttelligitur
2573 5135 2715 5209 quod
2755 5135 3119 5197 delectabilius
3159 5150 3241 5193 est
3277 5142 3355 5192 eis
3384 5135 3534 5192 labo-

1963 5223 2102 5271 rare,
2126 5220 2181 5262 et
2207 5211 2419 5275 lucrari,
2448 5225 2617 5278 quam
2639 5212 2923 5281 principari
2954 5219 3009 5265 et
3034 5210 3321 5281 dominari.

2033 5281 2370 5363 Agricultura
2394 5277 2659 5363 possessio:
2681 5291 2755 5335 est
2782 5277 3004 5363 maxime
3033 5277 3296 5363 naturalis
3319 5279 3533 5363 etnjusta

1963 5346 2003 5417 (ι
2026 5346 2525 5423 (Economicoram).
2554 5350 2747 5423 Et‘ltoc
2771 5366 2836 5407 ex
2858 5349 3048 5418 triplici
3069 5350 3135 5423 de
3154 5364 3334 5423 causa.
3356 5346 3529 5401 Pruna

1962 5429 2065 5482 est,
2096 5418 2219 5485 quia
2248 5433 2359 5482 ".83
2392 5417 2497 5475 non
2535 5420 2605 5475 sit
2630 5417 2988 5476 inhumaniter
3024 5431 3078 5475 et
3108 5417 3415 5481 bestialiter,
3449 5428 3528 5469 vet

1962 5502 2083 5541 cum
2132 5502 2349 5554 peccato
2384 5500 2440 5545 et
2483 5492 2783 5557 violenter,
2833 5490 3039 5546 scilicet
3081 5504 3201 5543 cuni
3238 5488 3533 5543 oﬂensione

1966 5560 2213 5631 proximi.
2248 5563 2360 5613 Atia
2390 5576 2569 5627 causa,
2594 5562 2713 5631 quia
2739 5564 2807 5615 ab
2834 5561 3151 5629 agricultura
3180 5561 3405 5612 sumitur
3432 5572 3532 5611 nu-

1965 5630 2276 5683 trimentum
2308 5641 2557 5697 tanquam
2584 5630 2623 5683 ai
2644 5632 2886 5696 materia,
2929 5641 2984 5684 et
3017 5630 3122 5686 tale
3152 5631 3531 5681 nutrimentum

1964 5710 2045 5753 est
2075 5701 2334 5772 naturale.
2370 5703 2485 5756 Alia
2530 5711 2704 5772 potest
2740 5717 2860 5756 esse
2883 5708 3040 5766 ratio,
3065 5700 3185 5772 quia
3212 5700 3529 5772 agricultura

1964 5769 2173 5844 coniert
2197 5775 2476 5828 sanitatem
2501 5769 2543 5841 ,⁷
2571 5782 2626 5828 et
2669 5772 2965 5844 superﬂuos
2991 5781 3048 5827 et
3084 5769 3252 5825 malos
3281 5769 3530 5822 humores

1960 5841 2198 5909 expellit.

2984 5928 3061 5996 31
