4098 6208
585 322 721 386 1005

1041 322 1241 379 BEDeE
1286 322 1734 382 \‘ENERABILIS
1773 323 1931 380 ΟΡΡ.
1975 320 2147 379 PARS

2273 321 2463 382 SECT.
2500 322 2564 378 ll.
2605 349 2676 362 —
2716 318 2917 376 DUBIA
2951 318 3042 375 ET
3081 317 3352 377 SPURIA.

3682 323 3807 379 ΝΜ

647 443 792 520 Idem
846 443 1078 520 accidens
1119 454 1238 520 ‘non
1294 446 1380 520 est.
1528 436 1741 501 diversis
1786 436 2028 520 subjectis
2078 436 2152 520 (tv
2183 440 2227 499 Α
2256 445 2311 520 et
2336 437 2601 493 mediante
2629 436 2818 492 eodem
2844 434 3105 506 subjecto,
3130 445 3314 505 aptum
3344 443 3518 491 natum
3546 442 3624 491 es;
3647 436 3808 494 lacere

576 511 803 586 Melaph.
835 522 879 565 et
904 526 920 586 _t
950 508 1160 586 Phys._)_.
1210 505 1664 586 lnlelligitur_unt_i_
1677 508 1838 586 modo
1873 505 1984 586 sic,
2004 505 2142 586 quod

574 577 735 639 minui
761 582 983 650 simplex
1010 577 1254 633 accidens
1285 594 1390 632 non
1420 588 1501 650 est
1531 578 1582 633 in
1614 577 2142 650 diversissnhjeclis,

572 672 796 726 quorum
826 648 989 733 unum
1021 667 1126 703 non
1150 660 1232 704 est
1262 663 1386 733 pars
1406 649 1627 733 alterius
1643 663 1743 733 pro
1762 648 1948 702 eadem
1969 663 2143 733 parte,

572 717 627 781 et
660 740 755 794 pro
783 724 972 780 eodem
1002 732 1257 794 tempore.
1273 717 1411 794 ⁸ᾼΙίιι
1434 720 1591 794 modo
1611 717 1712 794 sic,
1733 734 1907 794 unum
1930 729 1985 773 et
2007 718 2146 794 idem

573 789 822 852 accidens
872 807 975 847 non
1031 789 1206 847 estin
1254 789 1479 859 diversis
1524 789 1777 859 subjectis
1823 790 2143 855 inlncrendi,

574 867 671 923 sed
698 868 834 922 bene
862 867 911 917 in
941 862 1165 917 diversis
1192 858 1447 930 subjectis
1467 862 1701 931 essendi.
1739 860 1797 913 ν.
1826 876 1903 931 g.,
1927 860 2146 914 scientia

566 949 651 992 est
678 939 731 993 in
762 936 976 991 homine
1000 931 1416 998 denominative,
1470 930 1522 985 itt
1552 932 1728 985 anima
1758 930 2036 998 lntnesive,
2092 932 2145 985 in

575 1010 713 1063 libro
737 1016 911 1061 autem
935 1004 1217 1072 objective.

645 1077 940 1132 Intellectus
971 1086 1041 1128 est
1068 1089 1157 1127 ens
1177 1074 1230 1125 in
1271 1088 1401 1139 petra
1438 1072 1665 1141 potentia
1690 1072 1785 1195 ⁴(ιιι
1812 1072 1875 1126 de
1914 1072 2144 1142 Anima).

648 1148 859 1195 inndum
904 1145 1043 1195 (ιιιοιι
1089 1143 1390 1195 intellectus
1437 1143 1647 1195 canitur
1730 1142 2009 1195 nnliciter:
2043 1159 2144 1195 uno

576 1148 859 1204 Sciendum
904 1145 1043 1216 quod
1089 1143 1390 1216 intellectus
1437 1143 1647 1216 capitur
1690 1142 2009 1216 dupliciter:
2043 1159 2148 1197 uno

577 1220 758 1282 modo,
805 1213 1095 1273 secundum
1127 1229 1186 1267 se
1212 1223 1269 1269 et
1306 1213 1566 1277 absolute,
1614 1220 1671 1268 et
1711 1213 1788 1266 sic
1828 1223 1909 1267 est
1955 1228 2052 1268 ens
2094 1216 2144 1267 in

578 1304 704 1358 pura
737 1288 991 1357 polentia,
1034 1294 1101 1358 et
1117 1284 1278 1337 habet
1303 1294 1633 1358 setanquam
1676 1283 1853 1358 tabula
1903 1299 2044 1347 rasa,
2091 1284 2144 1338 in

576 1353 678 1425 {tua
721 1353 848 1413 nihil
877 1365 960 1412 est
985 1356 1273 1423 depictum.
1320 1355 1443 1425 Alio
1471 1353 1627 1425 modo
1670 1354 2040 1410 cnnsideratnr
2090 1364 2149 1409 ut

580 1423 739 1485 habet
768 1431 819 1484 in
852 1442 912 1483 se
939 1428 1144 1497 aliquas
1190 1423 1396 1491 species
1426 1434 1480 1479 et
1516 1424 1749 1491 notitias,
1799 1436 1852 1479 et
1878 1426 1956 1481 sic
1984 1428 2144 1482 estin

577 1509 719 1554 actu.

651 1569 793 1623 Illud
820 1568 955 1635 quod
985 1566 1126 1621 nobis
1164 1575 1235 1620 est
1263 1566 1523 1634 innatum,
1555 1582 1653 1619 non
1680 1576 1836 1635 potest
1867 1567 1980 1621 tolli
2005 1584 2035 1620 ιι
2062 1584 2147 1621 no-

576 1643 651 1695 bis
679 1643 739 1712 (tt
764 1639 960 1712 (19th.).
1009 1637 1376 1712 Respondetur
1403 1639 1543 1712 quod
1578 1638 1925 1712 Philosophus
1954 1638 2151 1712 intellif

577 1714 652 1779 git
678 1708 754 1765 sic
779 1708 942 1764 illud:
973 1708 1113 1778 quod
1155 1708 1306 1779 nobis
1331 1716 1413 1761 est.
1443 1709 1679 1779 innatum
1726 1709 1972 1777 positive,
2016 1708 2145 1763 il:ud

582 1796 686 1836 non

580 1848 860 1919 privative,
888 1854 986 1904 hoc
1013 1848 1297 1903 difﬁculter
1327 1856 1502 1915 potest
1533 1864 1561 1901 a
1594 1849 1745 1902 nobis
1776 1850 1916 1903 tolli.

649 1920 973 1990 lmpossibtle
1002 1930 1073 1973 est
1100 1935 1255 1972 unum
1294 1921 1576 1990 subjectum
1616 1918 1800 1972 habere
1829 1926 2003 1988 plures
2041 1924 2151 1988 [or-

579 2008 687 2045 tnas
717 1988 844 2063 (Per
865 1988 1602 2063 aucloremiinutleSnbstantio
1630 1992 1807 2057 orbis).
1838 1990 2153 2063 Intelligitur

578 2064 645 2115 tle
672 2060 856 2117 formis
882 2060 1317 2117 substantialibus
1343 2070 1396 2112 et
1422 2060 1691 2126 letalibus,
1712 2069 1765 2115 et
1787 2076 1890 2116 non
1918 2060 1985 2115 de
2014 2060 2150 2115 acci-

578 2133 884 2186 dentalibus
914 2147 1012 2187 nec
1043 2130 1371 2201 partialibus,
1399 2132 1482 2185 vel
1514 2133 1743 2185 tenendo
1774 2132 1923 2187 illam
1949 2133 2152 2201 opinio-

579 2216 700 2258 nem
729 2202 871 2272 quod
900 2198 1077 2273 plures
1104 2198 1701 2273 lormatgsubsmntiales
1728 2212 1849 2256 sunt
1878 2204 1929 2257 in
1960 2198 2148 2273 eodem

575 2269 913 2342 composito,
948 2282 1075 2327 tunc
1102 2269 1407 2341 intelligitur
1432 2271 1719 2326 auctoritas
1744 2274 1843 2338 sic,
1886 2272 2027 2342 quod
2051 2273 2151 2326 im-

579 2344 831 2413 possibile
853 2355 937 2399 est
965 2344 1015 2397 in
1028 2342 1153 2397 'utso
1179 2352 1234 2397 et
1277 2343 1463 2397 eodem
1494 2343 1790 2409 composito
1816 2357 1938 2399 esse
1970 2342 2147 2409 plures

582 2412 780 2469 formas
823 2429 927 2470 non
974 2412 1365 2468 subordinatas.
1415 2413 1521 2467 Sed
1568 2428 1673 2467 non
1722 2415 1955 2469 tenendo
2005 2414 2149 2468 illam

575 2485 904 2554 Opinionem,
948 2493 1074 2539 tunc
1098 2480 1407 2549 auctoritas,
1440 2492 1495 2538 ut
1522 2484 1722 2539 dictum
1762 2493 1864 2551 est,
1894 2485 2148 2553 simplici-

580 2569 659 2612 ter
690 2566 773 2612 est
800 2570 920 2610 vera
932 2595 944 2608 .

650 2631 677 2685 l
688 2627 975 2697 inpossibile
994 2632 1089 2693 es',
1119 2624 1473 2697 quadractioet
1499 2624 1670 2697 passio
1686 2621 1747 2678 ab
1777 2641 1878 2697 una
1907 2634 1953 2679 et
1976 2640 2148 2681 eadem

577 2693 764 2755 natura
810 2698 1083 2766 procedant
1126 2697 1206 2768 (ιιι
1226 2696 1299 2750 de
1321 2693 1560 2768 Animo).
1602 2693 1970 2763 RespOndetur
2007 2697 2147 2767 quod

580 2772 630 2823 in
661 2770 868 2827 actione
886 2781 950 2822 ve
979 2782 1008 2839 ξι
1041 2773 1096 2821 et
1112 2766 1269 2839 motu
1298 2778 1449 2830 vero,
1474 2766 1564 2835 qui
1594 2768 1857 2839 reperitur
1884 2768 1936 2821 in
1959 2766 2149 2839 corpo-

578 2842 727 2897 ribus
756 2846 849 2893 aut
873 2838 928 2892 in
949 2836 1230 2891 virtutibus
1270 2840 1565 2906 corporeis,
1595 2836 1926 2906 impossibile
1954 2836 2072 2905 cal,
2092 2853 2148 2893 ut

576 2912 715 2966 actio
738 2919 793 2966 et
820 2907 996 2978 passio
1019 2908 1086 2962 ab
1112 2914 1300 2978 ιιιιειιι
1342 2906 1527 2961 eadem
1559 2919 1745 2962 natura
1783 2923 1875 2977 per
1916 2923 1977 2964 se
2023 2924 2146 2974 pro-

577 2984 790 3044 cedant,
823 2977 998 3033 tamen
1029 2979 1081 3031 in
1114 2977 1269 3031 motis
1305 2979 1579 3046 aequivoco
1624 2978 1765 3032 idem
1814 2988 1988 3047 potest
2024 2993 2147 3037 esse

580 3066 673 3121 per
697 3065 756 3106 se
785 3063 1027 3121 movens,
1076 3059 1130 3121 et
1177 3062 1269 3117 per
1305 3064 1380 3121 se
1406 3049 1684 3121 motivutn,
1734 3048 1917 3121 idest,
1970 3062 2064 3117 per
2089 3066 2148 3105 se

579 3116 877 3207 intelligetis
906 3128 960 3174 et
989 3116 1335 3207 intellectum,
1369 3118 1420 3207 in
1449 3116 2036 3207 attitnab'usOabslractis
2064 3122 2146 3176 in-
2170 3144 2219 3207 ο

579 3188 902 3264 teliigeittiis.
933 3199 1156 3264 excepto
1184 3188 1456 3264 intellectu
1484 3188 1799 3264 materialia.

647 3259 961 3330 Intelligere,
985 3259 1061 3312 vel
1084 3269 1155 3313 est
1183 3259 1500 3380 itnaqinalio,
1526 3260 1603 3313 vel
1626 3275 1727 3312 non
1755 3260 1864 3314 sine
1893 3261 2145 3334 imagina~

651 3350 711 3380 ne
734 3339 771 3380 ll
804 3336 865 3380 de
904 3330 1109 3380 Anima.
1152 3338 1253 3380 lex.
1322 3326 1375 3380 5.
1398 3340 1444 3380 et
1468 3344 1525 3380 ιιι
1552 3331 1616 3380 de
1657 3329 1863 3380 Anima-
1896 3342 1996 3380 tem-
2029 3335 2143 3380 55L

577 3336 711 3387 tione
734 3339 771 3400 (I
796 3326 865 3403 de
904 3330 1109 3403 Anium,
1132 3338 1253 3403 με.
1287 3326 1375 3403 l3,
1398 3340 1444 3403 et
1468 3344 1525 3403 tu
1552 3331 1616 3383 de
1657 3329 1863 3395 Anima,
1896 3326 2143 3403 ιεςεξὸὃ).

581 3398 897 3472 lnlelligitul‘
924 3400 992 3454 de
1018 3398 1284 3472 intellectu
1315 3400 1366 3453 in
1391 3398 1530 3472 ﬁeri,
1563 3415 1666 3453 non
1696 3414 1871 3472 autem
1900 3403 1967 3457 de
1994 3398 2148 3458 inte]-

578 3475 718 3529 lectu
742 3468 957 3541 adepto.
985 3469 1329 3541 sivehabitu.
1380 3468 1631 3541 Quamvis
1672 3469 1817 3524 enim
1849 3474 1903 3525 in
1952 3474 2147 3538 princi-

578 3546 692 3615 pio,
716 3551 775 3599 ut
802 3539 1081 3615 moveatur
1106 3539 1423 3602 intellectus.
1470 3548 1525 3594 et
1553 3540 1773 3609 incipiat
1799 3555 2145 3613 cognoscere,

576 3614 808 3693 indigeat
835 3614 1221 3692 phantasmate,
1277 3621 1451 3693 tamen
1481 3620 1751 3693 post__re_t_ti
1773 3615 1949 3693 semel
1989 3617 2147 3693 intel-

578 3681 793 3749 lectam,
823 3692 879 3738 et
913 3681 1136 3753 servatis
1162 3683 1448 3753 speciebus
1489 3681 1932 3753 intelligibtlibus,
1975 3685 2146 3753 phano

578 3763 805 3811 tasmate
823 3753 933 3823 jam
962 3766 1067 3807 non
1094 3750 1310 3821 indiget.
1362 3750 1561 3807 Deinde
1582 3766 1772 3823 sensus
1799 3767 1921 3811 esse
1950 3750 2144 3823 potest,

579 3826 720 3898 quod
744 3821 1044 3898 intellectus
1081 3837 1189 3898 non
1219 3823 1462 3894 intelligit
1502 3821 1773 3898 sensibilis
1804 3823 1921 3898 sine
1952 3821 2147 3898 imagi-

578 3892 799 3951 natione
842 3894 925 3949 vel
976 3894 1093 3947 sine
1138 3892 1525 3962 phantasmate.
1576 3892 1947 3949 lmmaterialia
1994 3892 2145 3963 vero,

576 3980 770 4036 nempe
796 3964 1120 4036 substantias
1137 3973 1433 4036 separatas,
1479 3973 1533 4019 et
1569 3963 1800 4036 seipsam
1830 3968 1947 4020 sine
1978 3966 2147 4034 phan-
2172 4012 2173 4015 η

576 4031 821 4090 tasm'ate.
847 4034 1104 4103 Denique,
1136 4031 1304 4103 inquit
1324 4033 1586 4104 Averroes
1607 4035 1661 4089 in
1680 4034 1794 4088 Vita
1823 4031 2143 4104 Aristotelis,

575 4107 653 4160 sic
677 4104 1087 4161 existimandum
1116 4112 1201 4156 est
1246 4103 1570 4159 intellectum
1621 4104 1923 4173 possibilem
1970 4107 2140 4161 homi-

578 4177 659 4228 nis
692 4174 943 4244 paulatim
993 4173 1066 4227 ila
1109 4186 1270 4244 posse
1311 4174 1493 4244 perlici
1541 4174 1781 4229 scientiis
1828 4178 2141 4243 moralibus,

577 4235 989 4311 mathematicis,
1032 4235 1412 4309 naturalibus,‘
1434 4253 1489 4295 ut
1513 4244 1720 4300 tandem
1754 4260 1846 4313 per
1894 4235 2142 4303 unionem

579 4316 877 4369 intellectus
900 4312 1129 4381 agentis,
1157 4322 1403 4383 tanquam
1434 4314 1599 4369 forma
1630 4312 2019 4380 eummaleria,
2044 4318 2145 4372 im-

581 4385 809 4439 mediate
859 4383 974 4453 sine
1008 4384 1119 4437 ullo
1159 4383 1559 4451 phantasmate,
1608 4385 1849 4453 adeoque
1896 4388 2143 4445 intuitive

577 4467 861 4524 cognoscat
888 4452 1075 4515 Deum.
1107 4466 1156 4508 et
1187 4455 1509 4509 substantias
1535 4452 1848 4520 abstractas,
1896 4460 2057 4513 etiam
2085 4458 2140 4515 in

577 4526 675 4577 hac
702 4530 828 4590 vita,
860 4538 975 4592 quae
1008 4527 1253 4578 Averrois
1280 4530 1587 4593 imaginatio
1630 4532 1837 4581 tametsi
1869 4528 2024 4593 falsa,
2060 4538 2141 4583 ta-

579 4610 698 4650 men
724 4598 791 4649 ab
839 4594 1138 4649 Aristotelis
1182 4603 1443 4648 sententia
1489 4595 1731 4651 fortassis
1765 4598 1902 4651 haud
1948 4600 2145 4655 aliena.

575 4665 651 4720 Ex
678 4668 871 4736 quibus
917 4674 1060 4733 patet
1105 4664 1467 4740 Alexandrum
1518 4666 1924 4740 Aphrodiszcum
1956 4678 2011 4723 et
2033 4671 2149 4740 ejus

573 4734 833 4813 sequaces
855 4748 1129 4813 perperam
1160 4734 1480 4813 ratiocinari,
1514 4734 1578 4795 ex
1602 4738 1710 4813 hoc
1743 4746 1889 4793 textu
1916 4748 1972 4813 et
2000 4734 2147 4796 textu

575 4809 642 4859 5!)
672 4822 725 4860 ιιι
757 4807 825 4860 de
863 4804 1073 4869 Anima,
1119 4814 1304 4858 contra
1348 4804 1801 4861 immortalitatem
1841 4810 2033 4864 anima:
2057 4827 2146 4865 ra-

576 4877 785 4929 tionalis
823 4878 874 4928 in
910 4874 1025 4929 Vita
1065 4874 1385 4928 Aristotelis.
1414 4875 1501 4929 Sic
1528 4880 1669 4931 enim
1700 4878 2041 4934 Alexander:
2090 4883 2146 4937 Si

574 4944 750 5000 anima
777 4962 884 5017 non
903 4946 1115 4998 estsine
1136 4945 1535 5017 imaginatione,
1563 4962 1667 5001 non
1690 4958 1864 5017 potest
1892 4965 2012 5005 esse
2030 4954 2148 5007 sine

573 5031 820 5085 corpore,
866 5015 1013 5084 juxta
1041 5025 1171 5069 text.
1215 5016 1283 5069 12
1331 5024 1386 5069 et
1409 5015 1473 5071 15
1502 5031 1517 5070 ι
1548 5020 1614 5072 de
1642 5015 1851 5073 Anima.
1901 5021 2005 5075 Sed
2039 5037 2145 5077 non

577 5096 750 5151 potest
776 5086 1080 5160 intuliigere
1101 5086 1217 5160 sine
1241 5089 1609 5154 phantasmate
1636 5104 1731 5143 seu
1759 5091 2146 5160 imaginatione

582 5171 675 5221 per
706 5166 837 5210 text.
868 5152 937 5209 59
964 5152 1027 5209 ιιι
1051 5155 1121 5209 de
1150 5152 1337 5209 Annua
1365 5172 1380 5223 ;
1409 5170 1536 5227 ergo
1551 5172 1655 5212 non
1688 5152 2010 5227 potest'esse
2029 5166 2146 5219 sine

572 5240 805 5293 corpore
836 5234 1128 5299 secundum
1166 5228 1527 5281 Arietateletn.
1560 5230 1671 5283 Hoc
1697 5230 1840 5284 enim
1869 5246 2145 5299 argumeno

576 5306 707 5369 tum
734 5296 1040 5369 ﬁlexandri,
1071 5300 1209 5363 quod
1242 5300 1377 5353 male
1417 5315 1444 5350 a
1476 5298 1791 5366 quibusdam
1823 5296 2038 5369 putatur
2062 5304 2145 5357 in-

575 5364 801 5419 solubile
832 5367 882 5418 in
920 5364 1031 5419 Vita
1063 5369 1387 5439 Aristotelis,
1434 5364 1865 5437 probabilissim'e
1889 5372 2018 5425 dilui
2045 5390 2139 5439 po-

578 5443 698 5497 test,
748 5438 1117 5503 respondendo
1146 5438 1213 5491 ad
1258 5440 1542 5506 minorem,
1592 5454 1697 5493 uno
1747 5455 1810 5494 ex
1846 5441 1951 5496 illis
1978 5438 2145 5497 tribus

581 5506 765 5557 modis.

653 5574 794 5627 ln't'm
824 5585 875 5653 et
901 5564 1133 5653 similiter
1158 5593 1225 5653 se
1261 5580 1447 5633 habent;
1474 5594 1671 5653 semper
1700 5583 1833 5635 idem
1856 5595 2028 5653 aptum
2070 5595 2145 5638 est

574 5654 822 5721 [nvem-(ll
844 5647 906 5697 de
932 5644 1300 5721 uenerati-me,
1339 5660 1442 5703 tes.
1475 5644 1591 5715 uti).
1639 5644 1954 5721 intelligitur
1998 5660 2142 5721 quod

576 5716 711 5765 ltit'ltt
745 5718 796 5767 in
837 5725 1089 5791 quantum
1119 5719 1279 5779 idem,
1331 5731 1385 5774 et
1414 5722 1602 5775 eodem
1647 5716 1895 5777 modu'se
1940 5716 2144 5781 habens

572 5800 815 5852 respectu
859 5788 1095 5855 ejusdem
1140 5800 1398 5855 materiae,
1431 5792 1621 5847 eodem
1657 5794 1814 5847 modo
1845 5796 2139 5865 disposnae,

2255 508 2424 562 idem.

2317 577 2382 651 In
2425 579 2748 651 generatione
2788 575 3116 651 substantiali
3155 578 3356 651 nullum
3400 576 3668 651 subjectum
3702 596 3812 651 seu.

2245 649 2389 703 sibila
2426 645 2571 701 debet
2608 650 2823 721 existere
2867 649 2926 716 (ιι
2966 648 3029 700 de
3068 645 3810 721 generatione).'lntelligitur

2246 721 2385 789 quod
2443 735 2548 774 non
2588 720 2749 773 debet
2801 731 3017 772 manere
3066 716 3205 771 idem
3253 716 3552 789 subjeCtunt
3605 716 3812 787 prarexi-

2251 788 2419 856 Stens,
2464 791 2565 844 hoc
2590 788 2792 858 aliquid
2834 803 2902 843 ex
2943 800 3061 842 actu
3103 790 3311 842 fortnali
3353 798 3407 843 et
3450 788 3811 855 substantiali;

2246 860 2517 928 generatio
2545 860 2687 913 enim
2730 867 2813 914 est
2860 859 3090 912 mutatio
3120 861 3283 914 totius
3334 860 3387 913 in
3421 870 3609 921 totum,
3658 861 3809 914 adeo.

2252 945 2358 1001 que
2388 929 2704 1001 terminatur
2733 931 2785 984 in
2815 942 3009 983 novum
3052 928 3269 999 aliquod
3301 930 3670 1001 compositum.

2318 999 2383 1053 In
2412 1000 2554 1054 nullo
2582 1016 2760 1070 genere
2789 1015 3056 1053 causarum
3084 1015 3348 1067 processus
3375 1010 3448 1055 est
3493 1002 3543 1053 in
3572 1000 3817 1068 inﬁnitain

2248 1070 2307 1141 (ιι
2346 1070 2647 1154 .Melaph.).
2715 1071 2905 1126 Verum
2949 1080 3032 1124 est
3091 1072 3142 1123 in
3190 1072 3549 1126 essentialiter
3582 1072 3815 1126 subordi-

2249 1154 2409 1197 nalIS.

2321 1212 2614 1268 Intellectus
2642 1227 2744 1264 non
2790 1218 2953 1280 potest
2991 1210 3147 1266 simul
3175 1219 3223 1264 et
3264 1210 3418 1266 semel
3445 1214 3598 1280 plu'tl
3638 1211 3819 1265 intelli-

2246 1299 2362 1351 gere
2408 1286 2470 1354 (ιι
2505 1281 2789 1351 "dep/1.).
2846 1282 3040 1354 Verum
3086 1292 3168 1336 est
3201 1282 3452 1354 distincte
3488 1296 3552 1354 et
3582 1284 3820 1337 determi-

2248 1364 2391 1409 nate.
2421 1352 2610 1408 Potest
2636 1364 2813 1407 tamen
2845 1353 3147 1421 intelligere
3181 1352 3340 1407 modo
3366 1353 3619 1407 confuso.

2321 1424 2650 1493 lmpossibile
2680 1435 2751 1475 est
2790 1424 3172 1477 multitudinem
3201 1439 3308 1477 esse
3332 1434 3449 1476 actu
3476 1424 3725 1491 inﬁnitam
3749 1426 3820 1491 (ιιι

2248 1492 2459 1576 Elius).
2506 1494 2819 1576 ltnelltgitur
2848 1493 2947 1576 sic,
2981 1495 3122 1562 quod
3152 1493 3482 1576 impossibile
3511 1502 3603 1576 est,
3632 1495 3819 1576 entiunt

2246 1564 2564 1631 divisurum,
2617 1564 3014 1618 multitudinem
3048 1578 3169 1618 esse
3215 1565 3477 1618 inﬁnitam
3526 1564 3816 1631 actualiler,

2247 1636 2341 1689 sed
2369 1638 2741 1690 continuerunt
2777 1634 3037 1687 inlinitztm
3066 1648 3187 1688 esse
3215 1634 3348 1688 nihil
3380 1636 3650 1703 prohibet.
3697 1635 3823 1691 Sunt

2248 1707 2391 1760 enim
2428 1708 2479 1759 in
2510 1703 2767 1759 continuo
2791 1704 3010 1759 inlinitte
3042 1717 3239 1772 partes,
3288 1705 3381 1760 sed
3413 1705 3466 1761 in
3495 1716 3616 1760 actu
3644 1707 3724 1761 vel
3752 1706 3823 1760 di-

731 1790 904 1849 potest
950 1775 1090 1853 tolli,
1108 1778 1209 1853 sed
1239 1778 1373 1831 bene
1402 1778 1541 1842 quod
1584 1787 1675 1853 et
1703 1775 2145 1853 _nobis__innatutn
2182 1794 2224 1853 Β
2252 1778 2361 1853 vise
2391 1784 2484 1831 seu
2516 1775 2771 1853 potentia,
2806 1777 2874 1829 ita
2921 1776 3191 1853 videlicet,
3244 1785 3299 1853 ut
3330 1790 3437 1853 non
3463 1779 3635 1853 possit
3673 1775 3825 1853 dividi

2252 1846 2305 1901 in
2338 1854 2411 1901 tot
2436 1857 2631 1915 partes,
2663 1847 2788 1913 quin
2818 1845 2985 1915 possit
3015 1847 3178 1900 dividi
3216 1845 3474 1901 ulterius.
3522 1845 3670 1902 Unde
3697 1848 3824 1903 solet

2253 1918 2361 1972 dici
2390 1918 2531 1986 quod
2562 1919 2873 1971 continuum
2906 1918 3064 1970 habet
3096 1927 3273 1985 partes
3302 1916 3536 1971 inﬁnitas
3564 1932 3669 1973 non
3694 1928 3826 1973 eate-

2250 1992 2604 2058 goreinatice,
2634 1987 2731 2041 sed
2764 1990 3334 2059 syncategorematice.

2324 2059 2385 2111 In
2415 2060 2567 2128 dictis
2595 2074 2684 2127 per
2720 2059 2957 2112 accidens
3007 2074 3107 2111 non
3133 2066 3207 2112 est
3251 2059 3382 2112 idem
3426 2059 3596 2128 ipsum
3640 2067 3688 2111 et
3733 2073 3827 2113 esse

2248 2128 2416 2200 ipsum
2434 2132 2528 2199 (vtt
2544 2127 2826 2198 Me:aph.).
2850 2128 3050 2183 Dicitur
3069 2129 3208 2197 quod
3231 2127 3550 2184 Aristoteles
3574 2129 3680 2183 vult
3698 2130 3823 2196 quod

2250 2201 2301 2253 in
2372 2199 2839 2267 przndicationibns
2891 2201 3306 2254 accitlentalibus
3362 2215 3471 2255 non
3545 2208 3628 2253 cst
3698 2201 3823 2253 idem

2248 2270 2443 2339 ipsnm,
2476 2270 2527 2324 id
2555 2270 3048 2341 est,signilicatum
3098 2270 3394 2335 materiale,
3448 2285 3549 2341 pro
3590 2285 3695 2340 quo
3725 2282 3823 2324 ter-

2249 2341 2424 2395 minus
2451 2340 2701 2409 supponit
2749 2348 2803 2393 et
2849 2355 2970 2396 esse
2997 2342 3194 2409 ipsum,
3246 2342 3293 2395 id
3326 2340 3824 2410 est,’signilicatutn

2249 2410 2495 2482 fortnale,
2528 2410 2671 2482 quod
2696 2412 2957 2465 terminus
2986 2421 3264 2466 connotat.

2320 2480 2387 2535 In
2412 2480 2589 2553 somno
2612 2482 2851 2553 attitnaiis
2879 2485 3121 2553 sensitive
3152 2483 3378 2551 potentia
3415 2484 3649 2553 quiescit,
3680 2492 3725 2535 et
3748 2497 3823 2536 reo

2247 2554 2462 2625 gctntira
2511 2552 2715 2625 laborat
2756 2551 2884 2623 (Per
2927 2552 3320 2625 Philosophum,
3364 2551 3527 2608 inde
3555 2554 3747 2610 Somno
3784 2562 3825 2605 et

2248 2624 2471 2697 uigilia).
2522 2624 2815 2697 Dicendum
2862 2624 3003 2697 quod
3042 2625 3203 2697 debet
3235 2625 3456 2697 intelligi
3487 2625 3635 2697 quod
3659 2625 3825 2678 anima

2246 2695 2529 2766 sensitiva‘
2551 2695 2603 2747 iit
2625 2708 2815 2748 somno
2839 2694 3059 2766 perfeci
3091 2695 3336 2766 animalis
3360 2694 3590 2766 quiescit
3613 2697 3678 2749 ab
3708 2710 3822 2763 epe-

2249 2763 2545 2819 ratLonibus
2587 2766 2734 2831 suis,
2778 2763 2897 2834 qua:
2944 2765 3044 2820 sibi
3089 2764 3351 2821 deberent
3377 2763 3727 2829 convenire,
3776 2765 3821 2817 in

2246 2846 2501 2904 quantum
2529 2847 2606 2889 est
2639 2835 2891 2889 scttsitiva
2924 2852 2940 2902 ;
2972 2836 3064 2891 sed
3090 2851 3195 2890 non
3223 2846 3399 2892 cessat
3428 2837 3497 2892 ab
3530 2839 3611 2891 his
3640 2850 3820 2905 opera-

2248 2906 2498 2969 tionibus,
2529 2922 2650 2975 qua-
2680 2907 2781 2961 sibi
2806 2905 3070 2962 debentur
3101 2915 3159 2961 ut
3188 2908 3506 2978 vegetativa.
3538 2906 3669 2961 Nam
3699 2917 3750 2961 et
3778 2909 3822 2961 in

2246 2989 2439 3053 somno
2479 2980 2715 3053 nutritur
2752 2986 3065 3053 etuaugelur
3109 2979 3327 3043 animal,
3368 2981 3475 3034 imo
3525 2981 3826 3053 plerumque

2249 3045 2417 3118 magis
2442 3062 2598 3118 quam
2633 3048 2684 3100 in
2715 3048 2916 3117 vigilia.

2355 3133 2387 3171 ιι
2415 3118 2683 3190 mobilia-is
2710 3121 2949 3172 uelocitas
2982 3119 3209 3189 sequitur
3237 3122 3617 3190 proportionem
3640 3122 3826 3175 virtutis

2254 3197 2492 3261 moventis
2524 3190 2599 3261 (vt
2642 3187 2852 3259 I’Itys.).
2904 3191 2999 3244 llic
3044 3187 3518 3261 distinguendum:
3572 3191 3822 3247 Moventia

2250 3269 2377 3313 sunt
2405 3260 2923 3332 duplicia,qu.edam
2953 3270 3080 3316 sunt
3110 3260 3397 3326 naturalia,
3437 3272 3493 3317 ct
3525 3264 3651 3318 talia
3674 3272 3825 3332 agunt

2248 3331 2542 3384 secundum
2575 3330 2818 3404 ultimum
2862 3335 2942 3385 sui
2986 3345 3161 3400 posse,
3203 3345 3257 3387 et
3286 3334 3353 3387 de
3383 3333 3493 3388 illis
3528 3330 3824 3404 intelligitur

2248 3404 2559 3456 auctoritas.
2594 3400 2706 3455 Alia
2729 3411 2854 3455 sunt
2896 3406 3163 3456 moventia
3198 3404 3501 3459 voluntaria
3551 3416 3608 3462 et
3635 3400 3825 3460 de'illis

2250 3488 2356 3525 non
2386 3481 2542 3526 sonat
2567 3476 2879 3545 auctoritas.
2932 3472 3083 3545 Unde
3110 3487 3233 3528 cum
3257 3476 3490 3545 primum
3520 3490 3739 3531 movens
3762 3476 3821 3527 sit

2250 3556 2477 3598 movens
2525 3544 2879 3615 voluntarium
2911 3553 2966 3598 et
3010 3543 3274 3611 liberum,
3319 3560 3423 3599 non
3454 3554 3670 3615 Oportet
3694 3548 3823 3615 quod

2248 3621 2465 3685 moveat
2492 3611 2716 3685 primum
2747 3614 2946 3669 mobile
2975 3615 3178 3668 intinita
3204 3611 3513 3679 velocitate;
3545 3611 3822 3685 quantitat-

2252 3690 2341 3753 vis
2363 3683 2423 3738 lit
2451 3684 2661 3738 virtutis
2690 3698 2785 3738 seu
2812 3686 3011 3753 vigoris
3039 3686 3255 3739 inlinili.

2322 3752 2789 3829 l_n_mutltentoticis
2831 3752 3039 3829 nonest
3063 3760 3249 3829 bonum
3270 3771 3437 3829 neque
3463 3757 3585 3821 linis
3614 3759 3694 3829 (ιιι
3723 3755 3821 3812 Πε-

2246 3824 2442 3898 taph.).
2472 3824 2789 3898 Intelligilur
2808 3828 2952 3894 quod
2974 3824 3475 3883 mathematica—non
3503 3824 3684 3892 docet,
3707 3842 3821 3898 qua-

2248 3894 2372 3969 liter
2397 3910 2457 3950 se
2485 3894 2652 3969 debet
2682 3896 2879 3950 habere
2910 3898 3068 3952 homo
3111 3899 3405 3963 moraliter,
3454 3910 3512 3953 et
3551 3900 3695 3969 quod
3723 3894 3821 3955 non

2246 3965 2579 4021 demonstrat
2610 3966 2948 4035 simpliciter,
2999 3982 3171 4036 neque
3203 3983 3296 4037 per
3344 3965 3819 4034 causam'linalem,

2246 4037 2342 4091 sed
2365 4039 2553 4112 solum
2582 4052 2676 4105 per
2699 4052 2915 4092 causam
2946 4038 3298 4112 tnalerialem.
3330 4040 3421 4094 Vel
3445 4044 3646 4096 dicitur
3690 4044 3819 4112 quod

2248 4108 2657 4179 mathematicus
2703 4124 2809 4179 non
2860 4110 3169 4163 considerat
3194 4125 3255 4163 ea
3287 4125 3408 4179 quae
3454 4122 3586 4165 sunt
3616 4108 3720 4165 sub
3742 4128 3819 4165 ra-

2245 4177 2391 4232 tione
2438 4181 2592 4244 boni,
2636 4177 2715 4232 vel
2743 4179 2841 4233 sub
2874 4188 3081 4234 ratione
3124 4180 3265 4247 linis,
3297 4177 3391 4235 Sed
3436 4181 3740 4238 considerat
3765 4197 3819 4238 ea

2243 4250 2344 4302 sub
2374 4262 2640 4303 mensura:
2668 4252 2894 4305 ratione.

2317 4316 2623 4392 Intellectus;
2642 4319 2833 4374 nullius
2861 4322 3093 4392 corporis
3114 4332 3187 4377 est
3212 4330 3360 4375 actus
3392 4322 3475 4392 (ιιι
3499 4325 3566 4378 de
3599 4323 3815 4392 Anima).

2243 4386 2319 4443 lbi
2348 4390 2533 4464 dicunt
2557 4389 2716 4464 aliqui
2740 4390 2881 4459 quod
2914 4386 3226 4464 intelligitur
3256 4396 3323 4447 de
3346 4386 3619 4449 intellectu
3640 4386 3818 4449 divino

2245 4470 2456 4529 agente.
2499 4458 2604 4535 Sed
2633 4458 3177 4535 acco’mtnodat‘tus'ad
3208 4474 3415 4519 textum
3446 4463 3664 4532 dicitur,
3686 4469 3815 4535 quod

2252 4546 2355 4604 non
2385 4538 2466 4585 est
2494 4532 2717 4604 alicujus
2738 4534 2981 4604 corporis
3002 4543 3151 4590 actus
3174 4544 3424 4602 tanquam
3454 4532 3715 4604 subiecti;
3734 4536 3816 4588 Est

2246 4601 2389 4675 enim
2418 4600 2646 4675 Inediate
2679 4604 2730 4655 in
2764 4603 2880 4671 ipsa
2904 4606 3103 4667 anima,
3146 4600 3482 4675 consequens
3509 4600 3739 4660 animam
3767 4604 3815 4659 in

2246 4672 2412 4747 gradu
2443 4672 2533 4726 illo
2557 4674 2741 4747 priori,
2773 4688 2929 4742 quem
2960 4675 3240 4747 participat
3265 4672 3386 4730 cuin
3434 4676 3809 4747 intelligentiis,

2248 4741 2507 4813 sivegeum
2539 4741 2848 4813 substantiis
2871 4741 3160 4813 separatis.
3188 4745 3302 4800 Non
3329 4760 3505 4800 autem
3527 4741 3810 4802 secundum

2247 4811 2467 4885 gradum
2511 4812 2682 4885 illum,
2732 4829 2889 4882 quem
2934 4811 3218 4885 participat
3262 4829 3383 4870 cum
3430 4816 3619 4872 formis
3662 4817 3813 4872 infor-

2248 4882 2535 4936 tnantibus.
2566 4883 2760 4937 Deinde
2778 4882 2974 4939 nullius
3000 4882 3241 4953 corporis
3260 4896 3343 4940 est
3370 4896 3542 4951 actus,
3572 4898 3656 4942 est
3676 4890 3811 4942 enim

2249 4952 2542 5008 itttellectto
2570 4953 2807 5022 operatio
2853 4958 3013 5020 plane
3042 4952 3371 5025 inorganica,
3424 4962 3646 5012 multum
3669 4958 3811 5011 dilic-

2248 5037 2373 5077 rens
2393 5039 2423 5076 a
2444 5025 2649 5078 visione
2672 5034 2727 5078 et
2754 5025 3021 5082 similibus
3040 5027 3438 5094 operationibus
3467 5030 3809 5092 auimasticis,

2245 5109 2363 5162 quae
2392 5104 2448 5149 et
2477 5096 2546 5149 ab
2574 5097 2750 5168 anima
2779 5098 2912 5164 ipsa,
2945 5107 2996 5151 el
3025 5099 3093 5152 ab
3114 5112 3314 5168 organo
3342 5110 3437 5152 seu
3465 5099 3809 5153 instrumento

2246 5178 2507 5233 corporeo
2529 5165 2866 5236 elliciuntur,
2914 5178 2969 5221 et
3005 5168 3126 5222 ideo
3150 5165 3309 5221 eiiam
3356 5170 3603 5223 dicuntur
3623 5183 3805 5236 opera-

2246 5236 2418 5306 tiones
2446 5234 2608 5289 tutius
2645 5237 2937 5306 conjuncti,
2990 5252 3097 5293 non
3145 5246 3347 5294 tantum
3392 5234 3803 5302 denomiuativc,

2246 5304 2340 5359 sed
2370 5318 2496 5359 vere
2525 5307 2685 5361 etiam
2714 5304 2962 5363 elicitive.

2316 5373 2466 5450 [dent
2494 5391 2594 5430 non
2622 5385 2848 5430 movetur
2881 5377 3089 5432 diversis
3116 5378 3331 5434 motibus
3362 5381 3435 5449 (tv
3478 5378 3688 5450 Pitys.).
3720 5380 3805 5435 Αιο

2244 5458 2347 5518 que
2378 5446 2550 5514 primo
2577 5461 2640 5518 ac
2665 5461 2758 5514 per
2786 5462 2847 5503 se
2872 5464 2888 5513 ;
2920 5464 3012 5518 per
3025 5450 3270 5504 accidens
3292 5446 3432 5504 enim
3459 5446 3589 5505 nihil
3611 5456 3801 5508 obstat.

2244 5516 2381 5569 sicut
2418 5526 2565 5589 patet
2589 5516 2655 5571 tle
2682 5518 2897 5573 homine
2919 5516 3183 5575 existente
3203 5521 3255 5574 ιιι
3278 5522 3420 5587 navi,
3451 5521 3537 5589 qui
3567 5530 3801 5574 movetur

2247 5600 2432 5658 versus
2457 5588 2725 5643 Orientem
2769 5590 2821 5642 in
2853 5589 2972 5644 navi
3010 5604 3041 5643 ι
3086 5592 3285 5658 seipso,
3332 5601 3390 5646 et
3436 5588 3619 5647 versus
3657 5591 3801 5646 Octi-

2243 5657 2459 5710 denletu
2490 5658 2557 5710 ab
2587 5661 2698 5724 ipsa
2730 5662 2872 5713 navi.

2318 5728 2463 5803 idem
2478 5727 2710 5782 estlocus
2732 5732 2890 5797 partis
2916 5741 2965 5784 et
2988 5732 3146 5803 totius
3171 5732 3232 5801 (ιι
3255 5727 3469 5802 Phys.).
3496 5730 3797 5803 Intelligitur

2244 5798 2446 5852 deloco
2470 5814 2737 5855 communi
2771 5802 3021 5866 naturali,
3054 5798 3361 5857 nouantem
3395 5798 3628 5872 proprio.
