4162 6212
389 378 529 436 IDLS

990 375 1402 435 SENTENTIE
1443 373 1954 432 l‘ﬂlLOSOPlllCzE

2062 374 2082 429 ἱ
2127 373 2557 429 ARISTOTELE
2599 373 3004 429 CULLECTJE.

3514 375 3652 432 10‘2‘5

387 489 609 560 intelligi
641 489 708 545 de
759 489 1033 559 prioriiate
1078 501 1298 555 naturae,
1349 497 1403 544 et
1451 506 1554 543 non
1603 489 1877 556 temporis,
1909 497 1962 543 et
1995 490 2038 547 Δ
2066 487 2204 540 ditur
2235 501 2317 541 tel
2345 503 2422 560 ,VH
2445 488 2602 541 Polil.
2644 486 3050 560 Praeterea,an
3083 487 3318 560 accrelio
3340 496 3393 560 ct
3419 489 3659 547 decretio

387 563 438 634 ly
472 571 651 634 natura
679 563 729 614 in
763 571 962 615 tantum
993 561 1152 616 debet
1181 561 1362 634 valere
1386 561 1520 634 sicut
1554 561 1884 634 naturaliter.

460 632 637 684 Omnis
683 641 956 694 conceptus
996 633 1247 685 naturalis
1287 630 1560 683 sumendus
1609 640 1678 684 est
1716 648 1748 683 a
1799 632 1967 700 [arma

385 705 485 771 (vii
519 701 798 773 Metaph.).
838 703 1031 757 Verum
1059 711 1142 758 est
1187 701 1255 756 de
1290 700 1604 773 Siihstantiis
1655 702 1966 773 habentibus

387 776 633 833 toi-niam,
661 771 723 826 isi
755 773 950 827 fuerint
991 774 1261 837 simplices
1307 782 1360 824 et
1398 771 1799 836 inimateriales,
1829 773 1966 825 sicut

387 843 526 896 Deus
549 851 602 895 et
629 846 823 914 angeli,
854 853 976 914 tunc
1012 858 1198 914 eorum
1241 851 1532 914 conceptus
1559 842 1856 914 essentialis
1880 856 1967 895 su-

386 916 623 983 mendus
641 913 724 966 est
745 930 772 965 a
800 913 1009 983 protiria
1036 913 1383 981 perlectione,
1410 920 1465 966 et
1491 927 1521 966 a
1548 913 1759 982 propria
1784 927 1968 967 essen-

386 982 480 1036 tia.
515 982 665 1037 Unde
697 984 770 1037 nil
823 982 1016 1038 mirum
1049 985 1093 1038 si
1125 985 1367 1050 preprius
1393 993 1684 1050 conceptus
1727 984 1967 1036 materia:

387 1054 572 1133 prima:
620 1067 724 1133 non
779 1055 1005 1133 sumitur
1029 1068 1068 1133 ἰι
1121 1054 1289 1133 turma
1338 1054 1506 1133 ipsius
1557 1053 1792 1133 propria,
1843 1053 1965 1133 quia

386 1125 584 1178 nullam
621 1125 799 1186 habet,
829 1125 923 1178 sed
961 1125 1041 1178 vel
1083 1132 1286 1177 tantum
1324 1140 1386 1178 es
1419 1132 1540 1178 actu
1571 1125 1735 1192 ipsius
1773 1125 1966 1178 eiilita-

386 1194 515 1255 tivo.
551 1194 632 1248 vel
665 1212 756 1259 per
780 1196 1077 1264 analogiam
1104 1195 1167 1248 ad
1201 1193 1398 1248 formas
1424 1206 1474 1248 et
1504 1195 1880 1264 perfectiones,
1911 1201 1967 1248 et

383 1279 519 1333 quas
549 1264 708 1317 habet
752 1270 1042 1333 potentiam
1073 1266 1431 1319 essentialem.

460 1334 621 1388 Omne
647 1338 784 1403 quod
824 1339 951 1390 inest
984 1334 1176 1390 meliori
1203 1345 1251 1389 et
1279 1335 1536 1398 nobiliori,
1583 1344 1655 1388 est
1687 1335 1846 1404 magis
1875 1333 1966 1388 eli-

385 1407 605 1468 gentium
633 1409 695 1472 (ιι
728 1405 947 1474 Tapic.).
1005 1407 1066 1459 Et
1111 1407 1188 1460 sic
1218 1413 1531 1474 sequeretur
1571 1407 1707 1458 ultra
1751 1405 1964 1458 modum

385 1477 565 1529 bibere
593 1485 645 1529 et
673 1481 950 1543 craputose
993 1475 1188 1539 vivere,
1219 1486 1272 1530 et
1302 1477 1426 1530 vitia
1452 1485 1632 1530 essent
1674 1477 1842 1543 magis
1869 1477 1968 1529 eli-

382 1545 578 1613 go-iida,
626 1560 692 1598 eo
730 1547 870 1614 quod
906 1550 1082 1600 insunt
1128 1546 1436 1600 melioribus
1485 1555 1542 1600 et
1589 1545 1964 1610 nobilioribus,

276 1659 299 1671 ί
381 1617 609 1680 scilicet,
653 1615 972 1670 hominibus.
1007 1619 1165 1670 Bruta
1193 1616 1332 1669 enim
1367 1618 1416 1668 in
1449 1616 1628 1670 multis
1655 1625 1961 1681 temperan-

383 1685 490 1739 tius
519 1697 572 1740 et
619 1688 1020 1740 conveiiientius
1047 1695 1248 1740 natura:
1277 1689 1461 1740 vivunt
1510 1702 1667 1755 quam
1698 1685 1962 1750 homines.

380 1755 452 1809 de
480 1772 579 1825 qua
611 1771 668 1810 re
692 1757 1043 1821 pulcherrima
1064 1757 1245 1812 videre
1272 1767 1349 1809 est
1374 1759 1423 1811 in
1455 1757 1633 1812 libello
1666 1755 1958 1822 Plutarchi,

2071 559 2294 610 viventis
2327 559 2417 610 li.it
2446 562 2510 610 ah
2555 562 2730 610 anima
2761 568 2814 611 et
2842 559 3023 612 calore
3064 559 3312 623 naturali,
3364 559 3413 612 in
3465 561 3660 627 quibus

2067 640 2150 680 est
2182 631 2350 681 virtus
2384 629 2552 692 linito,
2607 629 2775 697 ipsam
2816 643 3026 698 quoque
3078 628 3277 681 liuitam
3309 643 3371 682 ac
3401 633 3658 685 determi-

2070 707 2247 750 natam
2278 713 2419 762 esse,
2450 713 2670 752 necesse
2691 710 2792 752 est.
2827 699 2975 752 Adde
2998 699 3136 766 quod
3169 709 3355 752 natura
3383 701 3510 755 nihil
3536 702 3662 758 facit

2070 769 2309 833 fortuito,
2334 779 2386 822 et
2415 769 2697 822 abhorreat
2727 767 3190 823 indetcrminatuin
3221 779 3276 823 et
3301 769 3655 838 indeﬁnitum,

2069 849 2127 892 ut
2154 851 2234 893 est
2263 839 2314 892 in
2347 854 2382 892 ii
2413 849 2466 894 et
2511 855 2601 893 vni
2635 839 2794 908 Pliys.
2833 841 3007 904 Quare
3048 848 3259 908 oportet
3302 843 3660 897 accrctioncni

2068 920 2120 962 et
2166 909 2529 964 decretionem
2563 909 2794 963 viventis
2845 925 2947 964 non
2999 925 3121 964 esse
3170 911 3659 976 indetertninaiam,

2068 981 2219 1046 cujus
2266 978 2651 1034 terminationis
2683 995 2840 1050 causa
2888 989 2971 1034 est
3018 981 3214 1043 anima,
3261 981 3413 1050 cujus
3463 984 3633 1038 iiistrn

2069 1060 2303 1104 mentum
2337 1062 2419 1103 est
2443 1065 2656 1119 corpus.
2687 1049 3028 1120 [intelligenda
3057 1061 3140 1105 est
3170 1049 3336 1105 etiam
3364 1057 3658 1122 propositio

2067 1121 2134 1174 de
2167 1122 2344 1186 rebus,
2380 1131 2435 1174 ut
2463 1136 2555 1188 per
2587 1137 2642 1174 se
2673 1122 2929 1185 exisuint,
2966 1137 3068 1174 non
3115 1122 3180 1176 de
3213 1122 3294 1176 liis
3335 1121 3473 1191 quae
3496 1125 3661 1178 inexi-

2067 1203 2213 1245 stnnt
2247 1191 2297 1244 in
2329 1191 2458 1262 alio,
2502 1201 2558 1246 ut
2600 1201 2724 1245 sunt
2753 1203 2930 1262 partes
2960 1194 3195 1246 continui
3240 1194 3292 1247 in
3335 1202 3464 1250 toto.
3503 1195 3660 1262 Plura

2069 1261 2186 1332 vide
2214 1261 2349 1330 apud
2379 1262 2545 1316 Tolct.
2582 1263 2720 1332 (Lib.
2756 1277 2770 1312 ι
2805 1259 2988 1330 Phys,
3020 1274 3198 1330 qita’sl.
3228 1264 3308 1331 9).

2141 1331 2304 1384 Omne
2346 1331 2654 1400 principium
2705 1332 2846 1384 debet
2903 1349 3011 1386 esse
3056 1337 3332 1402 propositio
3373 1339 3660 1390 necessaria

2069 1400 2108 1471 (t
2146 1402 2353 1472 l’liys.).
2391 1403 2702 1472 lntclligitur
2741 1404 2807 1456 tle
2839 1400 3103 1473 principio
3132 1400 3432 1474 complexu,
3462 1419 3516 1462 et
3550 1425 3654 1461 non

2066 1474 2382 1540 simpliciter
2433 1474 2604 1540 primo
2651 1475 2879 1541 alicuius
2922 1475 3185 1535 scientiae.
3221 1491 3326 1528 non
3371 1486 3548 1532 autem
3593 1480 3660 1534 du

2068 1542 2333 1612 principio
2359 1543 2698 1614 incomplexo
2725 1556 2779 1598 et
2798 1545 3116 1613 simpliciter
3140 1548 3330 1612 primo.
3362 1546 3489 1602 Tale
3518 1550 3658 1604 enim

2068 1615 2382 1681 principium
2415 1631 2518 1668 nni
2540 1629 2616 1668 est
2644 1615 2953 1684 propositio.
2975 1614 3082 1668 iuio
3107 1630 3205 1670 nec
3227 1629 3442 1684 semper
3472 1634 3662 1675 ncces-

2065 1687 2262 1736 sariuin
2295 1701 2412 1744 ens.
2437 1684 2529 1738 sed
2560 1685 2825 1752 quoddam
2849 1686 3162 1752 contingens
3189 1691 3622 1751 etcorruptibile.

2141 1754 2326 1807 Omnis
2346 1755 2628 1842 substantia
2652 1756 2856 1842 dignior
2881 1765 2954 1808 est
2975 1757 3351 1842 occidentem:
3377 1756 3661 1842 κωφὴ),

383 1822 747 1904 utrunnetiaiii
782 1827 939 1904 bruta
965 1828 1170 1882 ratione
1186 1828 1298 1904 sint
1322 1827 1562 1895 prllfdilil.
1604 1827 1801 1904 Dicitur
1822 1827 1959 1896 quod
2001 1847 2042 1904 Β
2071 1822 2266 1904 V_eruin_
2296 1837 2376 1878 est
2418 1826 2492 1904 de
2523 1822 3100 1904 dignitateessentiali,
3147 1822 3462 1904 nouantem
3510 1822 3658 1904 acri-

381 1895 668 1968 sicidebet
717 1898 964 1968 intelligi,
1014 1913 1118 1952 non
1169 1897 1238 1952 de
1279 1913 1596 1968 quocunque
1641 1895 1961 1953 inexistente

383 1966 485 2034 ipsi
519 1970 656 2024 bono
693 1966 910 2024 meliori
942 1976 998 2022 et
1042 1966 1310 2022 nobiliori'
1331 1967 1429 2037 (sic
1459 1966 1598 2022 enim
1653 1967 1966 2032 procederet

380 2039 520 2099 ol-ie'
541 2043 612 2088 lin
638 2041 705 2088 de
737 2039 950 2107 brutis),
985 2040 1078 2094 sed
1107 2040 1173 2093 de
1203 2038 1364 2104 bono,
1393 2049 1447 2092 et
1489 2052 1585 2093 nec
1614 2048 1736 2092 tunc
1760 2039 1962 2104 simpli.

376 2107 515 2180 citet‘
545 2122 726 2180 verum
754 2120 832 2180 est
861 2111 1004 2178 (quia
1036 2108 1323 2180 aliquando
1369 2109 1417 2162 id
1451 2109 1592 2178 quod
1623 2110 1760 2162 inest
1792 2112 1966 2180 minus

386 2177 530 2233 bono
546 2178 858 2246 simpliciter
872 2177 1066 2234 melius
1089 2177 1169 2234 est
1195 2195 1262 2235 eo
1284 2179 1422 2247 quod
1451 2177 1589 2234 inest
1618 2180 1781 2248 magis
1801 2179 1963 2244 bono,

379 2248 478 2320 sed
497 2264 687 2320 verum
715 2261 798 2306 est
841 2253 1131 2306 secundum
1164 2251 1308 2320 quid,
1360 2251 1473 2302 sive
1505 2263 1557 2303 ut
1595 2251 1695 2315 sic,
1744 2249 1863 2318 quia
1912 2265 1968 2304 ut

382 2318 462 2390 sic
493 2319 654 2376 habet
674 2337 792 2374 esse
821 2324 1086 2390 quoddam
1119 2318 1351 2389 dignius,
1382 2321 1496 2373 sive
1525 2321 1787 2374 rationein
1815 2321 1967 2373 nobi-

381 2389 592 2461 liorem,
627 2389 1105 2461 ratione’subjecti,
1129 2406 1228 2458 qua
1267 2400 1485 2460 superat
1508 2389 1734 2461 alterum
1763 2391 1963 2446 bonum

379 2460 542 2532 etiam
585 2462 821 2532 alioquin
866 2460 1091 2532 aequale,
1129 2462 1210 2517 vel
1242 2462 1402 2516 etiam
1433 2460 1603 2531 majus
1633 2463 1866 2516 existens
1913 2462 1963 2514 in

378 2531 556 2585 minus
585 2531 740 2587 bono.

452 2598 621 2674 Omne
643 2602 922 2671 intelligere
950 2615 1022 2658 est
1048 2603 1154 2673 pati
1182 2603 1262 2674 (nt
1292 2603 1352 2657 de
1383 2600 1611 2669 Anima).
1644 2599 1838 2674 Verum
1885 2611 1964 2657 est

377 2667 448 2724 de
481 2672 774 2744 intelligere
797 2667 1031 2744 recepto,
1048 2667 1247 2727 'l'alsu'm
1271 2674 1336 2726 de
1360 2667 1656 2744 intelligere
1674 2673 1962 2742 irrecepto,

376 2751 501 2808 puta
534 2742 601 2796 de
631 2746 746 2812 ipso
795 2743 1094 2813 intelligere
1139 2747 1253 2799 Dei.
1307 2744 1404 2797 Est
1451 2742 1595 2798 enim
1631 2742 1769 2796 Deus
1812 2754 1964 2799 actus

379 2825 546 2885 purus
567 2828 661 2880 per
681 2813 883 2885 nudam
917 2815 1222 2885 intelligens
1249 2815 1560 2878 essentiam,
1596 2828 1701 2866 non
1749 2827 1842 2879 per
1871 2829 1964 2885 po-

376 2883 595 2953 tentiam
640 2884 896 2953 aliquain,
937 2889 1020 2939 vel
1053 2883 1467 2940 in'tellectionem
1515 2885 1675 2937 ullam
1708 2884 1964 2950 superad-

373 2951 540 3024 ditam
566 2968 678 3008 sum
708 2951 975 3020 essentne,
1011 2957 1234 3024 ideoque
1280 2954 1426 3008 nullo
1456 2956 1613 3009 moJo
1655 2963 1831 3023 potest
1858 2953 1963 3009 dici

372 3021 673 3108 intelligere
690 3025 960 3108 ejus-esse
986 3021 1248 3108 quoddam
1262 3025 1406 3108 pati.

449 3092 612 3166 Omne
648 3092 909 3151 alterab.le
947 3106 1019 3150 est
1060 3092 1394 3166 corriiptibile
1416 3095 1457 3166 (ι
1485 3093 1547 3147 de
1576 3092 1956 3166 Generatione).

446 3162 820 3235 Respondetur
847 3169 986 3235 quod
1017 3162 1249 3233 loquitur
1276 3165 1346 3220 ibi
1383 3162 1449 3219 de
1494 3165 1810 3219 alterations
1841 3181 1956 3220 cor-

373 3237 606 3303 ruptiva,
633 3251 737 3290 non
768 3248 947 3292 autem
991 3239 1269 3302 salvativa,
1301 3251 1392 3290 seu
1425 3235 1746 3305 perlectita,
1792 3251 1842 3290 v.
1875 3251 1953 3304 ς..

372 3305 629 3374 quidquid
678 3307 877 3369 calelit,
921 3312 1001 3363 vel
1046 3307 1259 3376 t‘rigelit,
1303 3318 1385 3360 est
1411 3307 1779 3370 corruptibile,
1811 3308 1953 3376 quod

370 3385 550 3430 autem
576 3378 828 3432 alteratur
859 3393 952 3446 per
993 3379 1386 3446 susceptionem
1417 3377 1653 3444 luminis,
1705 3385 1762 3429 ut
1811 3381 1953 3442 luna,

373 3461 472 3514 per
499 3447 888 3515 susceptionem
921 3449 1181 3514 scientiae,
1215 3459 1271 3502 ut
1294 3448 1466 3502 anima
1492 3447 1788 3513 rationalis,
1822 3458 1949 3512 etc.,

372 3530 481 3586 non
508 3529 591 3572 est
616 3520 989 3586 corruptibile.

448 3585 628 3660 Ontnis
681 3585 898 3659 qualitas
961 3589 1255 3644 denominat
1307 3605 1453 3643 suum
1508 3589 1787 3658 subjectum
1849 3589 1957 3660 (lii

375 3655 840 3730 Providit-amentis).
875 3660 986 3714 Hoc
1015 3671 1096 3715 est
1129 3677 1223 3730 pro
1253 3673 1436 3714 natura
1466 3665 1521 3713 et
1545 3655 1751 3713 ratione
1779 3655 1959 3730 cujus-

375 3743 481 3798 que
508 3731 822 3786 accidentis.
869 3730 1036 3786 Aliter
1080 3734 1221 3784 enim
1252 3731 1434 3799 utique
1472 3730 1780 3783 denuminat
1820 3732 1959 3784 acci-

380 3802 517 3854 dens
544 3802 843 3868 relativum,
876 3803 1031 3856 aliter
1067 3803 1400 3866 absolutum;
1450 3801 1575 3852 illud
1608 3815 1728 3853 cuin
1770 3801 1958 3854 ordine

371 3869 440 3924 ad
472 3872 721 3937 alterum,
755 3873 858 3927 hoc
896 3875 1012 3927 sine
1062 3874 1151 3925 tati
1195 3871 1404 3925 ordine.
1436 3870 1636 3923 Deinde
1679 3871 1839 3939 piscis
1871 3870 1958 3925 ille

369 3941 463 4009 qui
496 3945 718 4009 torpedo
753 3952 986 4007 vocatur,
1021 3958 1113 4013 per
1149 3955 1260 3996 rete
1292 3943 1656 3995 transmittens
1685 3952 1953 4013 torporem

370 4015 425 4066 in
466 4026 653 4066 manus
697 4012 1039 4082 piscatorum,
1088 4013 1394 4080 qualitatem
1444 4013 1660 4079 quidem
1711 4012 1952 4066 eamdem

372 4082 630 4151 imprimit
661 4088 710 4137 in
743 4098 854 4138 rete
885 4095 937 4137 et
981 4086 1030 4137 iii
1080 4100 1267 4137 manus
1313 4084 1670 4150 piscatorum;
1715 4090 1952 4136 attamen

378 4167 478 4207 nec
514 4152 702 4207 eodem
737 4157 893 4209 modo
916 4155 1171 4223 imprimit
1196 4165 1251 4208 et
1278 4154 1460 4217 allieit,
1494 4168 1593 4205 nec
1626 4153 1814 4206 eodem
1862 4154 1956 4207 de-

378 4225 636 4278 nominat.
673 4224 876 4280 Dicitur
897 4227 1037 4279 enim
1069 4239 1258 4278 manus
1284 4226 1561 4294 piscatoris
1585 4232 1815 4290 torpere,
1847 4240 1952 4278 non

377 4305 555 4350 tamen
582 4294 753 4364 ipsum
788 4305 922 4352 rete.
965 4296 1068 4349 Ista
1122 4297 1261 4349 enim
1289 4293 1536 4365 qualitas
1573 4308 1678 4365 non
1723 4305 1805 4347 est
1833 4307 1952 4348 nata

373 4363 786 4434 unumquodque
815 4382 970 4421 suum
1006 4366 1304 4434 subiectum
1326 4363 1544 4418 allicere
1574 4363 1762 4418 eodem
1793 4370 1953 4420 modo

369 4435 523 4488 slcuti
546 4435 758 4490 albedo.

443 4503 656 4575 Oportet
701 4507 952 4578 principia
997 4523 1194 4576 semper
1251 4522 1452 4560 manere
1501 4506 1548 4575 (ι
1588 4503 1770 4575 Phys.,
1826 4517 1945 4560 text.

2069 1894 2291 1967 dentali,
2338 1898 2460 1964 quia
2513 1895 3133 1967 accidentaleaccidcns
3162 1907 3244 1950 est
3288 1899 3498 1967 dignius
3528 1903 3660 1956 sub-

2070 1966 2286 2038 stantia,
2318 1977 2376 2020 ut
2411 1975 2553 2038 patet
2581 1965 2636 2021 in
2667 1965 2904 2038 scientiis
2931 1977 2984 2020 et
3017 1967 3313 2038 virtutibus,
3347 1965 3466 2038 quia
3514 1976 3661 2026 acci-

2069 2036 2248 2088 dentia
2277 2046 2402 2109 sunt
2431 2036 2673 2106 digniora
2704 2037 2861 2106 lignis
2911 2047 2966 2091 et
3013 2037 3296 2108 lapidibus,
3327 2036 3446 2109 qua
3481 2053 3658 2098 tamen

2072 2119 2196 2159 Sunt
2223 2107 2551 2162 substantiae.

2145 2177 2320 2256 Omnis
2362 2177 2819 2256 digerentiadebet
2841 2179 2976 2256 sumi
2999 2196 3030 2256 a_
3051 2179 3217 2246 {arma
3246 2180 3378 2256 {Per
3411 2182 3656 2256 Porph).

2072 2244 2381 2307 lntelligittir
2400 2250 2612 2304 :Omuis
2634 2249 2928 2304 diﬂ'ei'entia
2948 2244 3104 2304 debet
3121 2244 3261 2305 sumi
3277 2271 3302 2302 ει
3323 2251 3491 2307 forma
3510 2244 3656 2307 coni-

2070 2289 2305 2391 parando
2323 2320 2671 2391 compositum
2695 2321 2760 2375 ad
2785 2337 2974 2386 compo
2989 2321 3135 2375 ~itnm
3163 2323 3286 2387 ;sed
3303 2328 3663 2391 comparando

2068 2389 2300 2456 simplex
2330 2389 2395 2442 ad
2426 2393 2806 2458 compositum,
2835 2403 2961 2446 tunc
2990 2392 3149 2447 debet
3183 2394 3318 2446 sumi
3349 2409 3378 2445 a
3413 2389 3656 2450 materia.

2143 2460 2328 2541 Omnia
2356 2459 2531 2529 futura
2561 2460 2633 2541 de.
2653 2466 2946 2516 necessitate
2984 2465 3204 2541 evenient
3240 2467 3280 2532 (ι
3308 2467 3429 2540 περὶ
3465 2473 3658 2541 Ἐρμηο

2070 2527 2248 2600 asiae).
2287 2527 2477 2584 Verum
2509 2543 2591 2586 est
2622 2533 2674 2585 in
2705 2547 2866 2587 sensu
2916 2527 3573 2600 coinpOsito,'non'auleiii
3606 2540 3660 2592 in

2066 2613 2230 2673 sensu
2261 2601 2452 2655 diviso.
2489 2602 2579 2655 Vel
2607 2619 2788 2673 verum
2816 2611 2898 2658 est
2918 2618 2982 2657 ex
3012 2604 3314 2673 hypotliesi,
3340 2621 3446 2660 non
3477 2617 3656 2664 autem

2073 2670 2410 2744 siinplicittr.
2443 2673 2497 2728 Si
2525 2673 2666 2727 enim
2698 2672 2875 2728 futura
2905 2670 3063 2737 sunt,
3085 2670 3266 2744 utique
3292 2670 3544 2732 evenient
3567 2693 3661 2733 nc-

2066 2747 2320 2797 cessario.
2379 2743 2616 2813 lmplicat
2671 2746 2813 2799 enim
2865 2743 3360 2811 Contradictiunetn,
3387 2760 3651 2804 eventura

2066 2825 2184 2865 esse
2212 2822 2264 2865 et
2294 2829 2399 2867 non
2426 2822 2702 2870 eventura.
2747 2815 2863 2869 Non
2911 2825 3088 2868 tamen
3117 2831 3448 2885 quacunque
3483 2835 3651 2874 even.

2067 2890 2182 2936 tura
2210 2891 2354 2959 sunt,
2382 2895 2635 2959 eventura
2666 2888 3125 2959 suiitnecessario
3161 2888 3494 2959 simpliciter,
3541 2890 3658 2948 sive

2065 2955 2386 3008 necessitate
2412 2954 2641 3023 quadarn
2665 2957 2930 3010 absoluta.

2140 3023 2302 3076 Omne
2317 3028 2451 3093 quod
2481 3036 2576 3090 est,
2605 3028 2810 3093 quando
2837 3037 2933 3089 est,
2965 3043 3164 3082 necesse
3188 3038 3263 3081 est
3290 3043 3419 3093 esse,
3443 3043 3486 3083 et
3512 3046 3662 3086 omne

2064 3093 2330 3172 quod-non
2358 3105 2450 3172 est,
2487 3098 2828 3172 quaflqunOtl
2861 3108 2956 3161 est,
2999 3114 3208 3172 necesse
3233 3109 3308 3172 est
3336 3116 3436 3172 non
3477 3117 3584 3155 esse
3623 3105 3660 3172 (I

2063 3167 2182 3286 nisi
2214 3163 2554 3238 Ἐρμηνείαέ).
2587 3166 2873 3222 Limitatnr
2914 3167 3099 3224 eodem
3149 3171 3306 3223 modo
3353 3171 3491 3224 sicut
3522 3163 3659 3242 prae.-

2063 3247 2123 3286 ce
2165 3251 2279 3286 ens.

2061 3247 2279 3290 CCUCIIS.

2136 3304 2314 3380 Omnis
2343 3307 2628 3374 ili/ferentia
2649 3308 2792 3362 debet
2820 3325 3096 3363 coiiiiocare
3117 3312 3332 3364 alteram
3360 3325 3556 3380 partem
3579 3316 3656 3369 rei

2059 3372 2188 3444 (Per
2230 3372 2550 3448 l’orphyr.).
2602 3380 2915 3449 lntelligitur
2967 3385 3033 3436 de
3081 3387 3240 3436 rebus
3299 3372 3552 3439 essential
3579 3396 3659 3442 ter

2059 3452 2393 3518 compositis,
2428 3466 2531 3504 non
2555 3459 2735 3503 autem
2763 3455 3117 3518 simplicibus.

2135 3517 2500 3594 Oppositorgm
2528 3521 2702 3594 eadem
2726 3533 2798 3575 est
2827 3517 3099 3592 disciplina
3131 3522 3204 3594 (tv
3228 3523 3509 3594 .lletapli.).
3546 3525 3658 3580 Re-

2059 3594 2376 3665 spondetur,
2411 3586 2787 3665 Pullosophuni
2813 3586 3109 3665 velle-quod
3138 3586 3535 3662 protiosiliOIIes
3558 3611 3655 3665 0p-

2060 3657 2249 3732 pusita:
2272 3663 2552 3732 contrariae
2575 3657 3077 3717 et'contradictoiiie
3102 3657 3396 3732 perttiieant
3419 3668 3483 3718 ad
3508 3657 3657 3720 eam-

2059 3728 2181 3781 deni
2213 3730 2486 3802 scientiam
2513 3733 2879 3788 materialiter.
2935 3733 2998 3786 Et
3030 3728 3212 3802 ita-qui
3238 3737 3541 3791 considerat
3586 3739 3653 3791 de

2059 3811 2212 3871 satio,
2253 3799 2556 3855 considerat
2602 3803 2763 3855 etiam
2811 3803 2877 3855 de
2926 3820 3066 3871 a-gro
3086 3799 3154 3859 et'
3184 3817 3391 3860 contra.
3449 3807 3656 3864 Rursus

2057 3869 2144 3936 qui
2173 3871 2478 3948 considerat
2509 3869 3137 3948 illampropositionem:
3172 3877 3381 3948 Sumtus
3412 3890 3493 3930 est
3519 3894 3656 3948 qua-

2058 3948 2178 4014 tuor
2209 3942 2503 4008 primarum
2532 3942 2844 4010 qualitatum
2873 3947 3165 4014 proportio,
3192 3946 3405 4002 animali
3452 3942 3654 4004 conve-

2057 4007 2231 4073 niens,
2264 4014 2424 4088 etiam
2457 4007 2764 4088 considerat
2794 4007 2934 4068 illam
2957 4007 2986 4069 ;’
3023 4007 3309 4084 ιιΕετῖιιιιιο
3336 4030 3416 4073 est
3444 4022 3613 4088 prima
3636 4050 3652 4060 -

2058 4095 2172 4152 rum
2201 4082 2515 4148 qualitatum
2543 4083 2923 4152 όίερτοροτιὶυ,
2970 4082 3184 4141 animali
3215 4088 3248 4142 d
3271 4082 3650 4145 sconrenieiis.

2059 4219 2071 4229 -
2129 4150 2292 4230 Omne
2311 4154 2457 4230 prius
2482 4150 2641 4230 potest
2662 4150 2771 4230 esse
2797 4150 2914 4230 sine
2931 4161 3204 4224 posteriori
3229 4158 3357 4230 (Per
3385 4174 3646 4214 auctorem

2053 4221 2210 4294 iube
2236 4221 2448 4294 causis).
2510 4225 2826 4294 lntelligitur
2867 4221 3157 4282 dummodo
3206 4221 3365 4284 unum
3415 4247 3521 4288 non
3551 4235 3650 4286 dc-

2056 4293 2247 4359 peudet
2269 4297 2336 4347 ali
2365 4295 2494 4360 alio,
2529 4311 2634 4351 non
2665 4293 2824 4351 liabet
2853 4300 3158 4353 veritatem.

2071 4403 2082 4443 ί
2127 4364 2335 4434 Objecta
2363 4377 2558 4443 mouent
2588 4372 2641 4420 in
2665 4369 2896 4421 ellectum
2924 4373 3006 4439 (iii
3035 4374 3097 4423 de
3122 4371 3352 4442 Anima).
3406 4373 3646 4443 Respon-

2053 4432 2209 4514 detur
2236 4440 2377 4514 quod
2410 4438 2624 4514 objecta
2674 4454 2780 4491 nun
2828 4432 3006 4514 perise
3050 4432 3375 4514 immediate,
3431 4432 3531 4499 sed
3553 4460 3651 4514 per

2054 4507 2263 4577 species
2294 4508 2655 4577 intelligibiles
2689 4521 2903 4564 movent
2933 4511 3284 4568 intellectum.

701 4554 1370 4652 j'sEcuiidnin
1423 4554 1639 4642 Avbrrq
1667 4554 1947 4652 “deliret,
1985 4554 2033 4614 υ
2068 4554 2100 4652 ι’
2132 4573 2295 4652 Oritiie
2339 4593 2424 4630 eus
2463 4554 2655 4632 otiabet'
2698 4554 3648 4652 aliquam"'p‘rii‘pi'iiim"operationem

374 4646 518 4715 quod
574 4646 828 4718 principia
882 4646 986 4703 non
1034 4650 1230 4702 debent
1272 4664 1390 4702 esse
1441 4648 1858 4702 transmutabilia
1903 4658 1957 4703 et

373 4721 699 4857 mixtum
723 4734 785 4774 es
814 4721 954 4775 aliis.
989 4721 1054 4774 Et
1082 4721 1196 4775 haec
1240 4731 1321 4805 est
1369 4719 1595 4773 intentio
1646 4719 1953 4789 l'bilosopbi

464 4805 478 4840 i
523 4831 536 4841 .
569 4828 581 4842 .

464 4788 581 4842 ἰώ).
1246 4799 1252 4805 ”

373 4792 611 4931 milia;
629 4864 768 4930 quod
797 4861 873 4931 ﬁt,
907 4862 965 4931 ﬁt
990 4877 1021 4914 ιι
1045 4862 1141 4915 sibi
1181 4861 1334 4915 simili
1368 4861 1460 4928 (vn
1492 4858 1770 4928 Metium).
1803 4858 1953 4914 Intel-

374 4929 554 4998 ligitur
583 4929 680 4985 sic.
721 4929 917 4986 omne
946 4935 1085 5000 quod
1139 4934 1195 4985 lit
1243 4933 1585 4999 generatione
1639 4931 1856 4984 uiiivoca
1899 4944 1954 4986 et

373 5002 706 5072 particulari.
732 5003 1047 5071 simpliciter
1067 5003 1126 5056 lit
1154 5018 1184 5055 a
1213 5003 1314 5056 sibi
1346 5003 1527 5056 simili.
1560 5005 1660 5056 l’er
1682 5002 1782 5054 hoc
1810 5001 1950 5072 quod

371 5071 589 5144 dicitur,
621 5086 972 5144 generatione
1003 5078 1244 5135 univoca,
1277 5073 1631 5126 excluduntur
1659 5071 1869 5127 vermes
1898 5084 1953 5128 et

369 5142 473 5196 alia
504 5142 698 5198 similia
727 5147 1000 5209 animalia,
1033 5160 1152 5212 qua
1183 5150 1305 5196 sunt
1327 5154 1382 5196 et
1404 5151 1726 5211 generantur
1752 5158 1816 5196 es
1850 5159 1950 5212 pu-

370 5216 690 5269 trel‘actione
722 5218 920 5270 virtute
956 5215 1103 5268 solis.
1146 5213 1246 5269 Per
1276 5213 1376 5266 hoc
1403 5214 1542 5282 quod
1573 5215 1763 5266 dicitur
1791 5217 1952 5279 parti-

367 5284 561 5352 culari,
606 5285 906 5340 excluditur
953 5285 1115 5351 Deus,
1172 5285 1260 5354 qui
1305 5293 1387 5338 est
1424 5299 1584 5338 causa
1642 5283 1951 5341 universalis

365 5367 608 5408 οιιιειιιιιη
637 5371 811 5410 rerum
821 5396 836 5411 ο

441 5425 685 5478 Omnium
709 5443 876 5480 rerum
908 5427 1162 5496 quantitas
1186 5425 1521 5496 determinuta
1551 5435 1642 5490 est,
1675 5426 1951 5479 secundum

366 5497 768 5566 magnitudinem
797 5508 846 5551 et
885 5495 1184 5566 parvitatem
1224 5502 1262 5564 (t
1297 5495 1485 5566 Phy»,
1528 5508 1647 5549 text.
1702 5496 1791 5560 56,
1836 5496 1947 5565 58).

367 5565 675 5635 Propositio
723 5565 988 5637 praecipue
1034 5573 1208 5623 locum
1260 5565 1423 5622 habet
1476 5569 1530 5620 in
1573 5568 1870 5621 viventibus
1898 5579 1952 5622 et

366 5638 613 5707 partibus
638 5653 845 5693 eorum.
870 5641 925 5692 ln
953 5641 1014 5692 iis
1043 5654 1184 5692 enim
1212 5653 1405 5708 corpus
1437 5639 1749 5692 terminatur
1776 5641 1950 5691 maxi-

363 5723 456 5761 nio
484 5717 538 5762 et
569 5711 792 5763 minimo
814 5710 1126 5774 intrinsece,
1153 5711 1401 5778 quoniam
1430 5720 1514 5762 est
1542 5711 1949 5763 instrumentum

365 5779 583 5849 animae,
624 5792 678 5833 ut
714 5795 780 5834 es
821 5782 936 5849 ejus
976 5781 1286 5834 deﬁnitione
1326 5787 1488 5846 patet.
1536 5780 1720 5832 Omnis
1773 5790 1949 5834 autem

359 5845 710 5917 instrumenti
733 5845 1000 5921 quantitas
1027 5855 1275 5922 utrinque
1308 5845 1583 5906 terminata
1613 5860 1711 5917 est,
1756 5859 1812 5906 ut
1844 5859 1948 5905 tra-

2059 4645 2150 4723 (iv
2182 4646 2396 4723 Meieor.
2448 4660 2540 4723 eti
2590 4652 2653 4723 de
2701 4645 2928 4723 Anima).
2979 4645 3292 4723 intelligitur
3334 4645 3402 4708 de
3435 4656 3648 4709 entibus

2058 4715 2110 4768 in
2133 4725 2254 4771 actu
2295 4718 2505 4772 turmali
2538 4715 2908 4788 existentibus,
2956 4715 3180 4792 propter
3201 4726 3480 4779 materiam
3526 4727 3640 4792 pri-

2057 4803 2221 4862 main,
2248 4804 2365 4862 qua
2398 4793 2607 4857 passiva
2637 4797 2810 4859 potius
2842 4803 3103 4862 estquam
3135 4797 3328 4862 aetiva,
3373 4810 3474 4851 nec
3498 4797 3646 4851 enim

2056 4858 2214 4912 habet
2243 4861 2477 4928 aliquem
2505 4858 2775 4932 proprium
2817 4858 2995 4919 actum
3041 4858 3338 4932 formalem,
3385 4869 3479 4922 sed
3521 4873 3646 4920 taii~

2057 4938 2166 4982 tuin
2194 4933 2547 4986 entitativuui.

2128 4997 2290 5079 Omne
2315 5019 2469 5079 agetis
2494 5011 2565 5056 est
2593 5006 3030 5079 priestan'iutsuo
3060 5024 3212 5079 passo
3238 5009 3298 5079 (ιι
3327 5009 3388 5062 de
3409 5007 3645 5079 Anima).

2057 5068 2371 5148 intelligitui
2395 5075 2485 5148 _de
2525 5068 2716 5145 agente
2765 5068 3072 5148 principali;
3106 5095 3212 5133 non
3243 5068 3429 5135 autem
3471 5082 3540 5134 de
3581 5068 3648 5136 ἑο

2053 5142 2195 5210 quod
2224 5147 2363 5198 solet
2393 5142 2590 5201 habere
2618 5142 2874 5202 rationein
2906 5142 3266 5204 instrumenti.
3330 5152 3420 5204 \‘el
3443 5151 3645 5205 intelli-

2052 5212 2193 5279 gitur
2214 5214 2281 5268 de
2300 5228 2500 5289 agente
2522 5219 2696 5284 utsic,
2749 5235 2854 5272 non
2886 5231 3066 5275 autem
3113 5221 3447 5289 simpliciter.
3482 5223 3642 5276 Juxta

2051 5285 2423 5408 ﬁtquteAdieta
2453 5303 2576 5342 sunt
2613 5303 2775 5359 supra
2824 5290 2892 5345 de
2921 5305 3022 5345 hoc
3051 5285 3242 5346 eodem
3283 5294 3554 5349 asiomate
3585 5294 3643 5348 in

2077 5372 2088 5406 l
2141 5368 2229 5407 cra
2301 5393 2314 5408 .
3500 5387 3507 5396 .

2077 5363 2229 5407 iltcra
2250 5363 2314 5408 Δ.
3500 5387 3507 5396 -

2125 5422 2323 5503 Omnis_
2351 5431 2652 5503 propositio,
2703 5431 2756 5484 in
2796 5447 2896 5502 qua
2939 5447 3098 5503 unum
3141 5435 3644 5503 grueralissimorum

2053 5508 2264 5574 negatur
2289 5497 2353 5551 de
2378 5501 2502 5568 alio,
2528 5511 2602 5575 est
2629 5497 2928 5556 immediate
2953 5503 3014 5573 (It
3041 5497 3290 5575 νησῖδι).
3324 5505 3646 5575 Intelligiaur

2052 5573 2099 5643 si
2130 5581 2299 5643 unum
2339 5573 2869 5638 generalissimurutn
2906 5583 3126 5643 negatur
3146 5577 3214 5630 de
3251 5573 3361 5630 alio
3389 5573 3525 5631 cuni
3559 5591 3647 5631 re-

2052 5637 2434 5716 duplicatioiie,
2465 5650 2526 5716 ut
2553 5643 2632 5696 sic
2662 5645 2805 5698 nulla
2836 5637 3131 5700 substantia
3162 5650 3212 5700 in
3239 5656 3498 5716 quantum
3524 5647 3649 5702 talis

2053 5717 2156 5782 est,
2183 5711 2452 5776 quantitas
2484 5712 2537 5766 in
2567 5723 2822 5782 quantum
2842 5715 2994 5780 ,talis.

2127 5781 2323 5856 Optimi
2365 5793 2456 5856 est
2481 5781 2731 5852 optimum
2779 5787 2945 5856 facere
2981 5791 3041 5856 (ιι
3082 5786 3253 5854 Cizli).
3329 5786 3645 5854 lntelllgitur

2053 5853 2231 5923 quoad
2259 5852 2590 5928 essentiatia,
2631 5864 2686 5912 et
2715 5852 2793 5914 sic
2823 5852 2999 5915 omnis
3034 5874 3122 5916 res
3162 5852 3420 5930 producta
3445 5870 3476 5911 a
3504 5852 3641 5924 Deo.
