4162 6212
509 417 644 472 i059

969 409 1174 467 BEDE
1216 408 1674 468 VENERABILIS
1709 411 1859 467 OPP.
1907 409 2084 466 PARS
2116 409 2154 464 Ι.
2205 408 2398 465 SEC‘I’.
2440 409 2499 464 ΙΙ.
2540 440 2610 452 -
2647 410 2853 468 ουιςιΑ
2896 411 2984 468 ΕΤ
3022 411 3286 469 SPUBIA.

3611 415 3749 473 1060

570 526 867 597 Optandum
899 531 983 581 est
1012 536 1066 581 ut
1093 525 1144 600 bi
1173 527 1262 600 qui
1296 534 1530 600 praesunt
1559 523 2069 600 reipubliczenlegum
2099 530 2148 584 Α
2177 523 2460 600 possimus.
2503 523 2610 579 Nec
2651 535 2825 600 tamen
2870 537 2952 582 est
2998 528 3302 582 enitendum
3355 539 3411 584 ut
3451 527 3588 584 bona
3627 546 3748 600 qua

501 594 705 656 similes
733 600 859 663 sint,
889 612 1008 662 qnte
1044 596 1109 649 ad
1141 596 1463 664 puniendum
1511 612 1616 650 non
1643 594 1941 661 iracundia,
1974 594 2067 648 sed

501 672 751 739 atquitate
782 669 1065 722 ducuntur.
1102 670 1271 739 Atque
1295 666 1458 739 etiam
1488 666 1541 720 in
1593 668 1749 720 rebus
1779 665 2066 732 pro~peris.

499 751 554 795 et
569 736 644 793 ad
677 749 860 793 votum
893 751 1132 790 nostrum
1164 736 1468 808 fluentibus,
1498 741 1803 808 superbiam
1846 751 2067 808 magno-

502 827 627 881 pere
648 820 700 865 et
730 808 994 881 fastigium
1023 805 1488 881 arrogantiamque
1517 807 1798 881 fugiamns.

571 880 708 934 Nam
754 888 810 932 ut
851 876 1105 932 adversas
1146 890 1254 938 res,
1299 878 1377 931 sic
1417 877 1678 932 secundas
1721 876 2072 931 immoderate

503 952 641 1006 ferre
690 949 918 1003 levitatis
959 958 1072 1011 est;
1104 947 1463 1016 praeclaraque
1507 959 1590 1002 est
1637 949 1968 1016 aequabilitas
2015 946 2069 1002 in

500 1021 643 1074 omni
673 1020 805 1083 vita,
845 1026 902 1073 et
931 1016 1070 1071 idem
1116 1032 1328 1078 semper
1352 1019 1530 1070 vultus
1562 1018 1855 1087 cadi-mque
1901 1018 2068 1072 frons.

501 1093 663 1146 Recte
693 1091 983 1159 praecipere
1011 1087 1256 1142 vitientur
1285 1088 1371 1156 qui
1401 1099 1622 1142 monent
1649 1099 1704 1141 ut
1747 1099 1946 1153 quanto
1974 1102 2071 1143 so-

498 1163 738 1232 periores
758 1175 959 1232 summ,
993 1159 1474 1232 tantosubmissius
1502 1173 1598 1213 nos
1624 1173 1891 1232 geramus.

570 1231 625 1286 In
655 1230 1056 1286 secundissimis
1083 1229 1243 1282 rebus
1275 1230 1502 1282 maxime
1547 1240 1626 1283 est
1655 1228 1910 1284 utendum
1941 1243 2072 1283 con-

498 1303 619 1356 silio
660 1303 975 1362 amicorum,
1026 1297 1194 1367 iisque
1238 1299 1412 1364 major
1449 1301 1608 1353 etiam
1637 1315 1794 1366 quam
1827 1309 1950 1354 ante
1986 1310 2068 1354 est

501 1374 778 1427 tribuenda
815 1369 1101 1425 auctoritas
1135 1385 1149 1422 :
1185 1369 1264 1422 bis
1303 1368 1633 1436 temporibus
1663 1371 1956 1424 cavendum
1985 1381 2070 1425 est

499 1460 567 1499 ne
595 1442 1013 1496 assentatoribus
1041 1439 1423 1507 patefaciamus
1453 1454 1630 1502 aures.
1669 1455 1838 1506 neque
1861 1441 2066 1495 adulari

499 1528 599 1568 nos
623 1512 884 1573 sinamus,
919 1511 968 1563 in
1000 1523 1104 1576 quo
1134 1508 1241 1560 falli
1273 1508 1425 1562 facile
1452 1518 1555 1564 est.
1603 1510 1759 1564 Tales
1789 1512 1929 1566 enim
1972 1525 2068 1564 nos

498 1599 616 1640 esse
647 1595 914 1653 putamus,
947 1591 1002 1632 ut
1044 1581 1164 1647 jure
1196 1580 1498 1653 laudemur,
1524 1595 1591 1634 ex
1638 1596 1744 1653 qun
1781 1592 2070 1653 nascuntur

499 1650 903 1708 innumerabilia
936 1664 1316 1718 peccata,cutn
1360 1650 1602 1705 homines
1653 1651 1819 1705 innati
1861 1654 2070 1720 opinio-

500 1725 658 1778 nibus
709 1723 930 1791 turpiter
975 1721 1270 1787 irriteiitur,
1303 1730 1356 1774 et
1399 1721 1452 1774 in
1501 1721 1746 1775 maximis
1791 1735 2068 1777 versantur

496 1794 786 1850 erroribus.

568 1864 721 1954 Nam-
747 1859 1426 1954 ιιεειίεεῖξ.ο-εῑυίέ¹,,ι¹ε.,ξε
1451 1863 1677 1954 sane
1697 1865 1934 1954 renitet:
2100 1893 2146 1954 Β

495 1936 668 1990 solum
699 1930 996 2002 arrogantis
1020 1930 1123 1997 est,
1149 1930 1242 1986 sed
1268 1931 1428 1985 etiam
1455 1935 1672 1986 omnino
1689 1933 1956 1990 dissoluti.

568 2004 752 2058 Omnis
779 2013 956 2056 autem
986 2003 1125 2054 actio
1156 2017 1346 2057 vacare
1375 2002 1536 2056 debet
1569 2004 1869 2059 temeritate
1893 2017 1946 2061 et
1975 2021 2071 2062 ne-

497 2074 768 2148 gligentia,
817 2086 1088 2148 nec‘vero
1132 2086 1293 2148 agere
1338 2073 1732 2148 aliqii‘ind‘cujus
1763 2091 1867 2128 non
1900 2076 2072 2144 possis

493 2141 709 2200 causam
760 2141 1085 2212 probabilem
1135 2143 1381 2197 reddere.
1418 2141 1764 2200 Efficiendum
1807 2141 2071 2202 est—enim

496 2226 556 2270 ut
580 2216 848 2298 appetitus
867 2213 1124 2298 obediant
1141 2213 1361 2298 rationi,
1391 2227 1618 2298 eamque
1643 2231 1813 2298 neque
1842 2231 2073 2298 praecurf

496 2296 618 2341 rant
645 2295 859 2356 propter
887 2287 1265 2349 temeritatem,
1298 2297 1398 2338 nec
1426 2295 1641 2353 propter
1683 2287 1944 2355 pigritiam
1983 2296 2075 2343 aut

499 2355 760 2428 ignaviam
781 2355 1046 2428 deserant
1074 2370 1090 2428 _:
1121 2357 1334 2422 sintque
1381 2357 1691 2428 tranquilli,
1725 2367 1884 2426 atque
1927 2362 2072 2414 omni

497 2423 898 2497 perturbatione
927 2423 1089 2478 animi
1133 2433 1373 2497 careant,
1398 2439 1470 2497 ex
1504 2423 1612 2497 quo
1649 2423 1858 2484 eluceat
1896 2428 2072 2484 omnis

492 2494 815 2561 constantia,
847 2498 1125 2563 omnisque
1151 2494 1470 2551 moderatio.

572 2569 852 2637 Appetitus
900 2566 1482 2639 ontnesnconirabendi
1531 2568 1859 2639 sedandique
1907 2580 2072 2635 sunt,

501 2635 888 2707 cxciiaiidaqiie
913 2635 1308 2710 animadversio
1336 2647 1390 2692 et
1427 2638 1724 2708 diligentia,
1765 2635 1822 2694 ut
1853 2655 1920 2695 ne
1946 2641 2074 2710 quid

503 2721 710 2780 temere
730 2705 1035 2780 ac’l'ortuitu
1062 2705 1452 2769 inconsiderate
1481 2705 1916 2778 négligenterque
1942 2705 2072 2780 aga-

499 2795 639 2836 mus.
673 2779 855 2846 Neque
882 2779 1023 2848 enini
1053 2794 1080 2828 a
1111 2781 1302 2833 natura
1332 2781 1400 2831 ita
1428 2785 1664 2847 generati
1694 2794 1896 2848 Sumus,
1922 2779 2071 2836 tit’ad

497 2852 682 2904 ludum
713 2861 768 2905 et
793 2850 969 2918 jocum
1003 2847 1124 2900 facti
1153 2862 1285 2918 esse
1319 2850 1610 2918 videamur,
1640 2853 1730 2905 sed
1762 2853 1826 2904 ad
1871 2855 2076 2907 severi-

495 2931 656 2977 tatem
708 2917 881 2992 potius
925 2927 980 2972 et
1025 2917 1093 2971 ad
1140 2917 1382 2992 quadam
1423 2921 1609 2992 studia
1646 2923 1884 2990 graviora
1918 2931 2075 2992 atque

498 2989 724 3060 majora.
775 2990 926 3044 Ludo
973 2997 1150 3042 autem
1199 2989 1400 3060 etnjoco
1445 2991 1518 3043 uti
1562 2989 1894 3060 illu’quidem
1926 2989 2073 3059 licet,

496 3058 601 3118 sed
622 3064 763 3119 sicut
790 3074 980 3132 somno
1010 3068 1060 3132 et
1089 3058 1354 3128 quietibus
1398 3064 1629 3132 caeteris,
1666 3058 1773 3116 tum
1805 3078 1923 3117 cuin
1951 3058 2076 3132 graé

497 3136 648 3189 vibus
678 3131 939 3204 seriisque
969 3131 1135 3204 rebus
1173 3129 1624 3195 satisfecerimus;
1659 3136 1936 3202 ipsumque
1956 3129 2076 3204 ἐο-

500 3221 600 3261 nus
639 3203 849 3272 jocandi
877 3217 981 3254 non
1012 3202 1288 3272 profusum
1320 3216 1418 3255 nec
1444 3205 1840 3272 imuiodestuin,
1869 3205 1961 3258 sed
1982 3202 2076 3258 in-

499 3271 730 3346 genuum
756 3283 811 3346 et
840 3273 1066 3346 facetum
1098 3284 1220 3346 esse
1246 3271 1424 3346 debet.
1477 3271 1543 3327 Ut
1589 3276 1728 3346 enim
1762 3273 1939 3342 pueris
1969 3291 2077 3331 non

500 3341 716 3400 omnem
766 3342 980 3398 ludendi
1011 3341 1556 3414 rlicentiamdamus,
1594 3345 1689 3397 sed
1719 3341 1837 3398 eam
1867 3360 1985 3414 quae
2013 3347 2082 3402 ab

506 3414 803 3486 honestatis
826 3411 1124 3486 actionibus
1145 3426 1259 3486 non
1285 3411 1356 3466 sit
1377 3414 1571 3486 aliena,
1596 3417 1675 3468 sic
1708 3415 1763 3470 in
1804 3411 1924 3486 ipso
1955 3414 2082 3486 joco

503 3485 701 3556 aliquid
733 3485 883 3556 probi
915 3483 1112 3553 ingenii
1143 3484 1322 3556 lumen
1351 3484 1576 3556 eluceat.

572 3553 812 3612 Ludendi
858 3558 1018 3608 etiam
1061 3564 1145 3624 est
1171 3553 1385 3622 quidam
1432 3555 1621 3609 modus
1659 3555 1989 3624 retinendus,
2021 3567 2082 3614 ut

507 3641 576 3685 ne
605 3628 765 3687 nimis
794 3621 1410 3697 omniaprofun’darnus,
1439 3625 1672 3696 elatique
1717 3621 1988 3697 voluptate
2024 3631 2079 3686 in

502 3700 733 3768 aliquam
760 3694 1136 3768 turpitudinem
1165 3695 1487 3768 dilabainur.

579 3767 820 3840 Hominis
842 3782 995 3840 mene
1015 3767 1473 3840 discendoalitur,
1487 3767 1842 3840 etcogitando
1867 3784 2082 3840 semper

504 3839 702 3908 aliquid
732 3848 823 3892 aut
852 3837 1072 3908 inquirit
1099 3849 1191 3891 aut
1214 3837 1342 3905 agit,
1373 3837 1692 3907 videndique
1734 3849 1788 3894 et
1829 3837 2081 3898 audiendi

501 3907 856 3968 oblectatione
885 3907 1115 3962 ducitur.

571 3983 628 4038 Si
678 3981 798 4050 quis
846 3988 928 4032 est
974 3979 1133 4046 paulo
1163 3975 1228 4031 ad
1259 3977 1506 4032 virtutem
1553 3980 1808 4046 erectior,
1841 3985 2083 4050 quamvis

501 4053 770 4121 voluptate
797 4050 1058 4119 capiatur,
1089 4051 1347 4121 occultat
1371 4060 1422 4101 et
1460 4050 1763 4106 dissimulat
1787 4058 2080 4121 appetitum

503 4118 786 4196 voluptatis
818 4131 1033 4196 propter
1058 4118 1459 4196 verecundiam.
1513 4123 1740 4196 Exhquo
1769 4118 2083 4196 intelligitur

504 4190 743 4263 corporis
771 4192 1100 4263 voluntatem
1130 4204 1235 4243 non
1267 4191 1398 4263 satis
1435 4203 1557 4245 esse
1584 4190 1799 4261 dignam
1849 4190 2083 4251 hominis

507 4258 837 4334 praistantia,
868 4275 1092 4334 eamque
1121 4258 1392 4334 cnntemni
1418 4271 1472 4315 et
1499 4258 1925 4332 rejici'oportere
1955 4281 1970 4320 :
1997 4268 2081 4322 sin

506 4330 577 4389 ait
604 4333 866 4405 quispiam
895 4330 986 4398 qui
1015 4331 1219 4405 aliquid
1251 4330 1453 4405 tribuat
1480 4330 1766 4405 voluptati,
1794 4334 2084 4405 dii-genter

504 4413 559 4461 et
589 4399 874 4457 tenendum
904 4415 1024 4454 esse
1050 4399 1437 4475 ejusfruendae
1480 4399 1717 4475 modum.
1768 4399 1952 4475 ltaqo'e
2001 4406 2083 4461 vi-

505 4486 623 4530 ctus
660 4475 942 4539 cultusque
977 4471 1217 4538 corporis
1244 4472 1309 4524 ad
1358 4472 1715 4528 valetudinem
1761 4471 2082 4543 referantur,

503 4556 559 4601 et
583 4544 647 4599 ad
677 4545 820 4598 vires
859 4556 963 4597 non
1006 4546 1072 4595 ad
1101 4547 1445 4609 voluptatem.
1493 4545 1666 4610 Atque
1695 4546 1854 4600 etiam
1883 4548 1927 4600 si
1953 4561 2084 4602 con-

500 4617 739 4672 siderare
767 4615 1010 4668 volumus
1037 4627 1155 4682 qua:
1185 4611 1255 4666 sit
1296 4611 1348 4665 in
1399 4622 1588 4667 natura
1633 4617 1865 4673 hominis
1901 4620 2082 4673 excel-

507 4689 666 4744 lentia
702 4695 757 4741 et
795 4685 1050 4757 dignitas,
1079 4683 1233 4757 facile
1263 4682 1608 4757 intelligimus
1643 4701 1799 4755 quam
1828 4691 1900 4742 sit
1928 4697 2082 4757 turpe

501 4759 746 4816 di‘lﬂuere
793 4750 1042 4835 luxuria,
1095 4764 1150 4809 et
1195 4750 1539 4835 delicatelac
1585 4750 1816 4812 molliter
1863 4750 2079 4828 vivere,

499 4842 767 4902 quamque
795 4829 1075 4882 honestum
1115 4839 1295 4894 parce,
1328 4829 1684 4894 continenter,
1733 4842 1946 4896 severe,
1988 4842 2080 4884 so-

496 4905 634 4959 brie.

572 4973 642 5028 Ut
691 4970 834 5026 enim
887 4967 942 5024 in
995 4965 1314 5037 corporibus
1348 4979 1566 5037 magna:
1613 4966 2083 5024 dissimilitudines

498 5055 652 5110 sunt,
680 5043 814 5096 alios
837 5043 985 5094 enim
1009 5036 1251 5093 videmus
1279 5036 1558 5110 velocitate
1586 5039 1652 5091 ad
1681 5053 1923 5110 cursum,
1947 5041 2082 5095 alios

501 5108 701 5168 viribus
729 5114 798 5168 ad
828 5110 1133 5166 luctandum
1162 5110 1362 5173 valere,
1393 5108 1628 5176 itemque
1664 5112 1716 5162 in
1750 5109 1937 5164 formis
1964 5112 2083 5164 aliis

505 5186 813 5250 dignitatem
845 5185 1040 5246 inesse,
1073 5181 1191 5234 aliis
1221 5185 1550 5233 venustatem
1574 5193 1590 5244 ;
1614 5179 1692 5233 sic
1721 5181 1772 5234 in
1795 5182 1950 5235 annis
1969 5181 2085 5236 exi-

501 5266 652 5306 stunt
677 5258 836 5307 etiam
867 5251 1097 5320 majores
1126 5251 1428 5305 varietates.

577 5322 760 5391 Neque
777 5324 919 5377 enim
941 5323 1128 5376 attinet
1155 5330 1359 5374 natum
1385 5333 1700 5388 repugnare,
1726 5335 1906 5391 neque
1927 5321 2085 5391 quid-

505 5406 664 5462 quam
693 5394 844 5461 sequi
871 5393 1010 5457 quod
1036 5393 1247 5458 assequi
1272 5405 1381 5462 non
1407 5404 1594 5462 queas.

579 5460 827 5532 Ideoque,
871 5472 930 5515 ut
974 5464 1144 5528 aiunt,
1171 5460 1303 5515 niliil
1348 5461 1503 5515 decet
1539 5460 1703 5516 invita
1733 5463 1998 5533 minerva,
2026 5461 2081 5518 id

506 5546 604 5602 cat,
634 5538 950 5587 adVersaute
973 5540 1032 5587 et
1056 5540 1398 5602 repugnante
1415 5541 1626 5585 natura.

577 5601 657 5659 Ad
686 5615 819 5672 quas
850 5604 1004 5673 igitur
1035 5601 1405 5671 resaptissimi
1432 5603 1654 5672 erimus,
1697 5603 1751 5658 in
1803 5603 1887 5658 bis
1913 5601 2086 5673 potis.

503 5671 1138 5734 simum’elaborabimus.
1183 5675 1278 5729 Sin
1319 5673 1604 5741 aliquando
1651 5671 1944 5730 necessitas
1983 5689 2084 5731 nos

504 5753 570 5803 ad
599 5763 660 5801 ea
691 5743 979 5801 detruserit
1003 5757 1121 5812 qua
1166 5745 1333 5798 nostri
1376 5745 1575 5812 ingenii
1621 5758 1727 5798 non
1756 5758 1938 5809 erunt,
1964 5759 2082 5799 om—

504 5824 588 5876 nis
613 5813 912 5873 adhibenda
939 5817 1042 5869 erit
1068 5828 1218 5883 cura,
1269 5815 1562 5878 meditatio,
1597 5814 1890 5883 diligentia,
1923 5826 1979 5869 ut
2016 5831 2079 5871 ea

503 5893 552 5946 si
603 5903 710 5946 non
762 5888 994 5953 decore,
1045 5893 1278 5943 attamen
1326 5883 1542 5940 minime
1579 5884 1847 5958 indecore
1903 5887 2081 5943 facere

2178 593 2334 675 nobis
2359 593 2483 649 data
2513 609 2617 650 non
2665 598 2768 651 sint
2809 612 3136 666 sequamur,
3184 613 3344 670 quam
3392 610 3447 654 ut
3493 600 3616 656 vitia
3646 593 3749 658 ’τοο

2171 679 2396 734 gtamus.

2240 734 2371 788 Nam
2395 749 2578 804 regna,
2611 735 2857 812 imperia,
2887 735 3208 812 nobilitates,
3229 738 3502 812 honores,
3523 739 3745 812 divitia,

2170 816 2300 872 opes
2343 814 2398 860 et
2439 820 2501 860 ea
2521 821 2640 870 qua:
2664 815 2789 862 sunt
2809 808 2891 861 bis
2917 807 3202 872 contraria,
3227 810 3276 862 in
3304 825 3430 865 casu
3455 811 3576 873 sita,
3609 807 3746 866 tem;

2172 873 2389 939 poribus
2440 887 2696 946 reguntur
2745 887 2802 950 et
2844 880 3224 946 gubernantur.
3252 879 3352 947 Ipsi
3382 891 3558 936 autem
3587 897 3745 950 quam

2172 959 2454 1017 personam
2485 961 2671 1015 gerere
2692 949 2935 1009 velimus.
2967 962 2996 1000 a
3030 959 3206 1002 nostra
3237 953 3507 1013 voluntate
3536 951 3746 1017 proiici-

2170 1015 2354 1088 scitur.
2406 1020 2693 1088 itaqueea
2736 1017 2824 1071 alii
2876 1018 2944 1072 ad
2993 1019 3399 1088 philosophiam,
3443 1015 3634 1075 alii—ad
3660 1023 3747 1087 jus

2171 1085 2345 1151 civile,
2369 1085 2456 1159 alii
2481 1086 2553 1159 ad
2570 1087 2924 1156 eloquentiam
2951 1085 3236 1156 applicant,
3270 1085 3606 1159 ipsarumque
3635 1085 3748 1145 vir-

2173 1164 2341 1209 tutum
2389 1157 2441 1210 ιιι
2488 1157 2587 1210 alia
2637 1159 2773 1228 alius
2812 1159 3010 1212 mavult
3033 1157 3318 1214 excellere.
3347 1161 3585 1228 Quorum
3615 1176 3743 1216 vero

2173 1237 2348 1298 patres
2397 1234 2490 1298 aut
2545 1227 2776 1294 majores
2813 1229 2985 1294 aliqua
3039 1229 3208 1298 gloria
3270 1227 3647 1297 przesiiteruut,
3693 1232 3746 1285 bi

2171 1296 2384 1418 findent
2435 1297 2744 1367 plerumque
2787 1300 2974 1354 eodem
3015 1296 3066 1354 in
3109 1296 3305 1369 genere
3349 1302 3521 1356 laudis
3561 1302 3746 1357 excel-

2191 1381 2302 1418 ere.

2191 1381 2302 1419 ere.

2241 1435 2707 1523 linpriniisgutem
2725 1437 3166 1523 constituendum
3196 1447 3278 1523 est
3295 1439 3394 1510 qui
3423 1455 3521 1495 nos
3540 1447 3596 1523 e_t
3619 1456 3749 1523 qua-

2173 1505 2394 1578 lesresse
2420 1507 2663 1574 velimus,
2689 1519 2743 1562 et
2769 1510 2820 1562 in
2849 1524 2954 1575 quo
2981 1523 3176 1578 genere
3207 1505 3360 1573 vitze';
3400 1527 3519 1578 quze
3547 1505 3748 1567 delibe-

2171 1577 2306 1629 ratio
2353 1588 2434 1630 est
2484 1581 2719 1632 omnium
2771 1577 3103 1634 difficillima.
3137 1579 3355 1635 Ineunte
3389 1577 3531 1636 enim
3557 1581 3749 1636 adole-

2170 1647 2394 1712 sceutia,
2434 1663 2553 1701 cuin
2587 1648 2722 1702 inest
2759 1652 2986 1703 maxima
3015 1649 3351 1705 imbecillitas
3371 1653 3604 1716 consilii,
3635 1664 3744 1706 tum

2171 1717 2222 1802 id
2253 1718 2352 1797 sibi
2378 1718 2600 1802 quisque
2629 1734 2798 1802 genns
2819 1721 2992 1773 tctatis
3017 1721 3274 1802 degenda
3301 1723 3580 1802 constituit
3605 1723 3748 1788 quod

2172 1788 2404 1842 maxime
2429 1788 2716 1843 adamavit.
2747 1790 2924 1856 Itaque
2949 1798 3071 1843 ante
3089 1788 3389 1859 implicatur
3403 1791 3583 1859 aliquo
3600 1802 3748 1847 certo

2172 1872 2366 1930 genere
2393 1873 2658 1930 cursuque
2680 1860 2914 1923 vivendi,
2941 1875 3098 1929 quam
3131 1859 3303 1927 potuit
3330 1864 3467 1929 quod
3489 1862 3750 1930 optimum

2171 1939 2314 2000 esset
2335 1928 2596 1997 judicare.
2628 1928 2942 2000 Plerumque
2963 1928 3239 2000 parentum
3263 1928 3541 2000 praeceptis
3562 1934 3753 1988 imbuti

2170 1998 2236 2050 ad
2265 2013 2446 2071 coram
2468 1999 2909 2071 consuetudinem
2948 1998 3617 2071 moremque‘deducimur.
3644 2003 3752 2058 Alii

2173 2069 2528 2144 multitudinis
2572 2069 2774 2144 judicio
2809 2069 3072 2137 Ieruntur,
3121 2069 3349 2141 quicque
3391 2071 3578 2142 majori
3615 2072 3756 2144 parti

2175 2141 2532 2210 pulcherrima
2555 2141 2802 2194 videntur
2828 2155 2889 2195 ea
2916 2147 3146 2195 maxime
3170 2153 3445 2210 exoptant.

2173 2277 2199 2334 ί
2244 2209 2410 2330 hllulto
2429 2212 2570 2266 enim
2597 2212 2798 2265 llrmior
2825 2221 2908 2268 est
2927 2220 2982 2267 et
3010 2209 3343 2267 constamior
3377 2223 3564 2268 natura
3591 2228 3756 2284 quam

2193 2294 2256 2334 or
2281 2295 2402 2334 una.

2193 2291 2402 2336 ortuna.

2245 2351 2505 2424 Amicitia:
2525 2369 2640 2422 quze
2665 2353 2842 2408 minus
2863 2351 3149 2424 delectant,
3176 2363 3232 2408 et
3260 2352 3434 2424 minus
3462 2353 3755 2424 probantur

2175 2420 2344 2490 magis
2373 2420 2564 2480 decere
2590 2423 3105 2496 censentsapieiites
3127 2439 3344 2479 sensum
3360 2420 3754 2496 diluere,quam

2174 2501 2394 2559 repente
2438 2496 2750 2564 praecidere.
2793 2494 3133 2550 Commutato
3176 2505 3354 2549 autem
3399 2507 3596 2562 genere
3613 2494 3750 2552 vita:

2342 2565 2549 2684 gatione
2575 2566 2871 2622 curandum
2895 2574 3056 2622 estut
3083 2565 3136 2620 id
3161 2565 3301 2621 bono
3316 2565 3542 2621 consilio
3561 2566 3754 2623 fecisse

2336 2650 2350 2684 ι
2391 2649 2473 2684 ur.

2181 2647 2209 2684 ν
2216 2646 2330 2685 inea
2336 2648 2473 2689 mur.

2249 2702 2344 2757 Est
2399 2704 2556 2776 igitur
2596 2705 2952 2763 adolescentis
2994 2705 3226 2776 majores
3251 2715 3378 2762 natu
3402 2705 3656 2772 revereri,
3685 2721 3753 2761 ex

2177 2771 2366 2847 bisque
2405 2771 2638 2845 deligere
2682 2777 2916 2846 optimos
2959 2787 3016 2832 et
3062 2771 3484 2847 probatissimos,
3525 2771 3754 2847 quorum

2176 2846 2400 2916 consilio
2426 2857 2584 2916 atque
2611 2851 2924 2903 auctoritate
2950 2846 3164 2916 nitatur.

2249 2914 2474 2969 Maxime
2500 2914 2678 2972 autem
2713 2919 2828 2973 haec
2852 2930 2981 2973 mtas
3005 2933 3036 2972 a
3066 2915 3374 2973 libidinibus
3398 2919 3750 2984 estarceoda,

2177 2989 2576 3058 exercendaque
2608 2989 2659 3042 in
2692 2989 2874 3044 labore
2903 2993 3260 3058 patientiaque
3289 2999 3344 3045 et
3368 2989 3530 3043 animi
3558 2997 3615 3042 et
3632 3002 3755 3043 eur-

2180 3056 2345 3123 poris.
2398 3069 2456 3110 ut
2483 3056 2666 3112 corum
2695 3060 2747 3112 iii
2777 3056 2987 3114 bellicis
3013 3072 3066 3114 et
3094 3056 3339 3114 civilibus
3358 3058 3550 3114 officiis
3578 3063 3756 3123 vigeat

2180 3126 2458 3197 industria.
2490 3129 2662 3197 Atque
2691 3130 2850 3184 etiam
2881 3147 3000 3186 cum
3032 3130 3271 3184 relaxare
3298 3134 3528 3191 animos.
3554 3139 3609 3185 et
3629 3126 3758 3186 dare

2181 3209 2253 3270 se
2290 3195 2607 3265 jocuuditati
2648 3203 2850 3267 volent,
2881 3213 3105 3257 caveant
3135 3202 3614 3270 intemperantiam,
3647 3215 3762 3270 ine-

2184 3266 2437 3342 ininerint
2455 3266 2852 3342 _verecundia:
2901 3273 3042 3340 quod
3071 3270 3277 3326 facilius
3300 3266 3426 3342 erit,
3457 3271 3503 3324 si
3533 3269 3586 3324 iii
3614 3268 3759 3342 ejus-

2181 3338 2324 3391 modi
2347 3338 2559 3408 quidem
2589 3341 2748 3396 rebus
2775 3338 3006 3408 majores
3037 3351 3161 3395 natu
3194 3342 3358 3395 velint
3386 3338 3669 3395 interesse.

2254 3410 2485 3464 Senibus
2523 3422 2701 3466 autem
2753 3413 2964 3481 labores
3012 3414 3248 3481 corporis
3279 3411 3571 3476 minuendi,
3604 3427 3762 3465 exer-

2179 3477 2463 3534 citationes
2509 3481 2675 3535 animi
2724 3480 2887 3538 etiam
2939 3477 3198 3552 augendae
3254 3482 3519 3540 videntur.
3575 3483 3762 3537 Danda

2182 3563 2310 3604 vero
2334 3562 2415 3604 est
2443 3566 2625 3673 opera,
2659 3561 2716 3606 ut
2741 3561 2796 3606 et
2813 3551 3027 3613 amicos
3044 3563 3098 3606 et
3120 3551 3477 3623 juventutem,
3499 3561 3554 3606 et
3583 3553 3758 3606 mari-

2182 3635 2268 3673 me
2290 3635 2473 3673 remnu
2517 3621 2670 3673 licam
2692 3625 2919 3673 consilio
2937 3632 2995 3673 et
3012 3625 3292 3673 nruiteniia
3305 3636 3460 3673 uuam
3478 3621 3758 3673 plurimum

2179 3635 2268 3694 me
2290 3621 2670 3694 rempublicam
2692 3625 2919 3679 consilio
2937 3632 2995 3680 et
3012 3621 3292 3694 prudentia
3305 3636 3460 3692 quam
3478 3621 3758 3688 plurimum

2180 3691 2454 3760 adjuvant.
2482 3693 2616 3746 Nibil
2641 3705 2820 3749 autem
2849 3691 3144 3749 cavendum
3173 3695 3343 3760 magis
3369 3695 3752 3759 esisenectnti,

2180 3777 2340 3828 quam
2387 3778 2454 3817 ne
2498 3763 2740 3834 languori
2785 3778 2846 3819 se
2886 3763 3212 3834 desidiaeque
3257 3761 3474 3818 dedant.
3529 3763 3761 3818 Luxuria

2183 3846 2310 3886 vero
2354 3847 2474 3887 cum
2523 3834 2666 3887 omni
2717 3835 2863 3889 atati
2909 3836 2979 3889 sit
3006 3835 3333 3902 turpissima,
3358 3846 3468 3886 tum
3498 3834 3761 3888 senectuti

2181 3915 2265 3956 est
2308 3902 2621 3959 bellissima.
2666 3905 2758 3960 Sin
2800 3914 2976 3959 autem
3023 3906 3299 3960 libidinum
3348 3903 3762 3972 intemperantia

2181 3975 2494 4045 accesserit,
2537 3976 2733 4042 duplex
2776 3977 2971 4030 malum
2993 3984 3097 4036 est.
3119 3975 3338 4045 quodet
3369 3975 3481 4042 ipsa
3511 3983 3762 4028 senectus

2181 4042 2415 4099 dedecus
2439 4047 2697 4114 concipit,
2726 4055 2782 4102 et
2805 4042 3218 4102 adolescentiam
3248 4043 3375 4098 facit
3401 4045 3755 4113 impudentio-

2182 4129 2297 4168 rcm
2322 4117 2808 4184 intemperantiam.

2254 4185 2344 4240 Est
2377 4183 2534 4256 igitur
2563 4191 2836 4258 pr0prium
2865 4202 3058 4242 munus
3081 4187 3429 4257 magistratus,
3463 4183 3764 4258 intelligere

2183 4271 2244 4312 se
2291 4255 2480 4324 gerere
2528 4255 2812 4322 personam
2857 4259 3107 4322 civitatis,
3153 4255 3456 4325 debereque
3509 4257 3631 4325 ejus
3678 4255 3758 4308 di-

2181 4329 2435 4405 guitatem
2484 4337 2539 4383 et
2567 4328 2732 4405 decus
2757 4330 3047 4405 sustinere,
3079 4331 3219 4405 leges
3238 4324 3476 4405 servare,
3499 4324 3621 4395 jura
3646 4325 3760 4380 dis-

2185 4401 2439 4472 tribuere,
2461 4413 2630 4467 eaque
2661 4399 2784 4454 Ildei
2810 4413 2919 4454 suae
2938 4400 3223 4472 commissa
3253 4398 3580 4472 meminisse.
3745 4461 3760 4472 .

2255 4470 2396 4523 Nibil
2449 4478 2627 4524 autem
2680 4479 2764 4524 est
2811 4469 2953 4540 quod
2993 4478 3098 4522 tam
3138 4471 3324 4523 deceat
3343 4481 3501 4535 quam
3532 4467 3584 4520 in
3611 4467 3763 4517 omni

2184 4556 2244 4596 re
2283 4541 2515 4610 gerenda
2563 4541 2929 4610 capiendoque
2966 4539 3197 4594 consilio
3240 4550 3456 4592 servare
3503 4545 3761 4591 constan-

2110 4601 2161 4664 D
2186 4601 2334 4666 tiani.

2257 4682 2373 4737 Duo
2425 4682 2658 4736 maxime
2703 4687 2832 4736 sunt
2876 4678 3160 4750 fugienda,
3215 4693 3283 4734 ne
3318 4676 3444 4748 quid
3480 4675 3760 4730 elimina-

2183 4762 2295 4808 tum
2343 4762 2438 4807 aut
2486 4753 2686 4819 molle,
2734 4761 2894 4807 etne
2939 4751 3067 4821 quid
3116 4752 3308 4804 durum
3359 4761 3452 4802 aut
3503 4752 3760 4802 rusticum

2183 4827 2296 4877 tiat.

2253 4896 2385 4949 Cum
2427 4901 2606 4947 autem
2656 4891 3066 4961 pulchritudinis
3111 4892 3219 4946 duo
3244 4902 3439 4961 genera
3469 4889 3601 4952 sint,
3630 4901 3764 4955 quo.

2184 4980 2301 5020 rum
2332 4968 2385 5019 in
2412 4969 2580 5018 altero
2611 4973 2864 5018 venustas
2887 4966 2978 5027 sit,
3008 4967 3060 5016 in
3091 4963 3260 5016 altero
3289 4961 3520 5027 dignitas
3550 4975 3563 5009 :
3597 4971 3762 5010 venu-

2183 5043 2376 5108 gntatem
2395 5034 2707 5108 muliebrem
2725 5034 2904 5088 dicere
2923 5033 3180 5096 solemus,
3199 5031 3507 5108 dignitatem
3532 5029 3758 5108 virilem.

2185 5105 2326 5176 Ergo
2379 5117 2433 5159 et
2478 5120 2507 5157 a
2538 5105 2706 5176 forma
2731 5114 3073 5158 removeatur
3098 5097 3280 5176 omnis
3300 5103 3412 5154 viro
3435 5114 3541 5152 non
3567 5097 3760 5166 dignus

2183 5173 2424 5240 ornatus,
2475 5183 2529 5230 et
2580 5175 2700 5228 buic
2741 5176 2916 5228 simile
2965 5176 3153 5227 vitium
3207 5173 3261 5226 in
3315 5179 3466 5241 gestu
3506 5180 3763 5234 motuque

2182 5258 2454 5301 caveatur.
2511 5244 2719 5299 Forma:
2773 5259 2950 5298 autem
3007 5245 3243 5312 dignitas,
3288 5242 3484 5295 coloris
3525 5245 3764 5312 bonitate

2185 5321 2384 5372 tuenda
2429 5325 2532 5383 est,
2578 5324 2634 5371 et
2683 5315 2833 5370 color
2857 5309 3330 5369 exercitationibus
3357 5310 3622 5383 corporis.
3654 5309 3763 5362 Ad-

2186 5389 2417 5442 hibenda
2460 5382 2545 5460 est
2597 5397 2852 5455 praeterea
2897 5386 3154 5460 inuiidina
3200 5399 3304 5460 non
3353 5382 3535 5434 odiosa
3587 5392 3765 5460 neque

2182 5460 2443 5529 exquisita
2493 5454 2669 5529 nimis,
2715 5467 3026 5529 tantumque
3053 5454 3273 5529 eﬂ'ugiat
3291 5460 3555 5529 ngrestem
3583 5457 3642 5529 et
3674 5454 3760 5529 in-

2187 5521 2473 5584 humanam
2521 5521 2915 5600 negligentiam.
2940 5521 2950 5523 “
2975 5521 3187 5600 Eadeiu'
3215 5526 3350 5577 ratio
3382 5530 3468 5577 est
3513 5521 3761 5600 trahenda

2185 5602 2435 5665 vestitus,
2463 5602 2516 5654 in
2538 5594 2835 5671 quo—sicut
2855 5597 2906 5649 in
2937 5597 3201 5664 plerisque
3216 5603 3398 5656 rebus,

2184 5671 2388 5738 Optima
2421 5663 2524 5726 est.
2556 5663 2864 5724 Cavendum
2891 5663 2978 5722 est
3001 5663 3180 5721 autem
3212 5679 3280 5719 ne
3306 5677 3400 5717 aut
3427 5663 3766 5738 tarditatibus

2187 5733 2398 5796 utamur
2423 5742 2476 5798 in
2505 5738 3138 5813 ingressunmc-llioribus,
3167 5744 3226 5788 ut
3251 5748 3564 5813 pomparum
3595 5733 3770 5813 fer-eu-

2189 5814 2253 5866 lis
2305 5813 2510 5866 similes
2559 5805 2678 5865 esse
2726 5811 2999 5863 videamur
3053 5822 3068 5859 ε
3122 5816 3216 5861 aut
3258 5805 3767 5861 mfcstitiationibus

2187 5884 2538 5955 suscipiamus
2583 5880 2775 5938 nimias
2822 5881 3149 5948 celeritates,
3193 5891 3315 5950 qua
3340 5889 3462 5933 cum
3484 5874 3642 5941 lium,
3672 5886 3770 5927 an-
