4162 6212
421 356 550 411 1061

1113 355 1524 421 SENTENTIA?
1569 356 2081 413 PillLOSOPlllCIE
2124 358 2211 414 EX
2253 360 2593 419 CICERONIS
2629 362 3030 420 COLLECTAE.

3521 366 3659 424 ιοσὶ

416 467 618 541 halitus
660 472 990 541 moventur,‘
1018 465 1198 541 vultus
1238 476 1492 541 mutatur.
1524 481 1617 541 ora
1643 476 1977 536 torquentur,
2013 473 2057 528 Α
2155 469 2297 541 Deos
2327 471 2560 538 placatos
2589 473 2754 541 pietas
2780 473 2977 530 efﬁciet
3006 482 3060 529 et
3091 476 3367 534 sanctitas.

414 552 483 592 es
509 535 929 605 quibusmagna-
947 535 1262 604 significatio
1290 536 1347 589 iit
1375 552 1479 589 non
1521 537 1709 592 adesse
1734 535 1983 591 constan-

418 604 569 663 tiam.
622 604 728 660 Sed
784 604 952 659 multo
982 605 1142 660 etiam
1184 606 1352 675 magis
1376 606 1753 660 elaborandum
1784 618 1884 671 est,
1918 623 1985 661 ne

414 675 578 730 animi
628 684 802 730 motus
830 690 859 727 a
892 685 1076 728 natura
1107 678 1378 744 recedam,
1410 677 1551 745 quod
1581 676 1911 739 assequimur
1938 678 1983 732 si

418 745 727 801 cavebimus
754 760 821 799 ne
852 744 904 815 in
935 746 1359 811 perturbationes
1388 758 1547 815 atque
1567 749 1986 802 exanimationes

414 817 733 876 incidamus.
750 826 803 869 et
822 814 867 868 si
894 823 1124 869 attentos
1145 818 1351 870 animos
1379 818 1444 869 ad
1466 814 1750 870 dedecoris
1764 831 1983 871 conser-

415 890 682 941 vationem
712 885 1036 940 tenebimus.
1067 886 1369 940 Curandum
1398 897 1478 939 est
1508 897 1562 940 ut
1582 889 1903 956 cogitatione
1917 887 1982 940 ad

416 972 504 1012 res
556 957 785 1025 optimas
822 963 1054 1020 utamur,
1104 957 1395 1025 appetitum
1424 957 1616 1010 rationi
1644 956 1984 1012 obedientem

416 1026 765 1096 praebeamus.

488 1096 543 1150 In
570 1097 714 1167 omni
742 1095 847 1151 vita
873 1094 1173 1167 rectissime
1210 1096 1512 1167 praecipitur
1534 1095 1605 1167 {ut
1630 1096 1987 1162 perturbatio—

413 1181 511 1221 nes
569 1166 851 1236 fugiamus,
911 1165 965 1220 id
994 1176 1101 1233 est,
1153 1165 1330 1221 metus
1378 1165 1544 1220 animi
1568 1168 1761 1221 nimios
1789 1167 1983 1222 rationi

416 1253 521 1290 non
543 1237 992 1303 obtemperantes.

485 1307 710 1361 Idaxime
763 1307 1055 1362 curandum
1112 1314 1195 1360 est
1252 1316 1312 1359 ut
1364 1321 1459 1361 eos
1515 1307 1831 1375 quibuscum
1871 1324 1988 1365 ler-

414 1392 626 1432 monem
642 1376 1004 1444 conferimus,
1038 1385 1094 1431 et
1139 1378 1311 1430 vereri
1351 1388 1404 1429 et
1440 1376 1662 1446 diligere
1693 1378 1983 1433 videamur.

490 1448 568 1502 Ira
614 1447 796 1516 procul
837 1446 998 1510 absit.
1040 1461 1160 1501 cum
1207 1462 1308 1516 qua
1358 1447 1485 1500 nihil
1527 1459 1671 1503 recte
1693 1451 1829 1511 lteri,
1858 1450 1990 1505 nihil

412 1519 752 1574 coiisiderate
819 1527 1010 1584 potest.
1066 1516 1250 1585 Magna
1300 1531 1476 1572 autem
1534 1529 1683 1586 parte
1732 1522 1984 1577 clementi

413 1587 765 1657 castigatione
802 1588 924 1641 licet
950 1587 1067 1652 uti,
1094 1586 1350 1656 gravitate
1378 1598 1483 1640 tum
1517 1586 1787 1658 adjuncta,
1823 1600 1877 1642 ut
1908 1604 1991 1644 se-

415 1661 612 1713 veritas
665 1658 999 1721 adhibeatur,
1045 1668 1101 1711 et
1153 1658 1472 1710 contumelia
1520 1659 1827 1723 repellatur.
1859 1658 1991 1726 Qute

366 1753 369 1755 ·
413 1745 535 1784 cum
581 1728 753 1796 aliqua
806 1727 1199 1794 perturbatione
1248 1727 1399 1794 ﬁunt,
1446 1742 1506 1780 ea
1554 1742 1651 1782 nec
1680 1740 1990 1785 constanter

416 1799 534 1854 ﬁeri
565 1808 805 1866 possunt,
839 1813 1009 1866 neque
1042 1800 1109 1851 ab
1139 1797 1222 1850 his
1252 1797 1340 1864 qui
1372 1802 1565 1851 adsunt
1594 1802 1898 1864 approbari.

488 1869 563 1924 De
609 1868 793 1922 (ornate
835 1871 995 1923 etiam
1041 1866 1109 1922 de
1137 1866 1253 1935 ipso
1286 1868 1575 1936 praedicare
1598 1868 1727 1922 falsa
1760 1884 1982 1935 preser-

417 1941 535 2002 tim,
582 1949 636 1994 et
687 1953 806 1992 eum
854 1937 1101 1992 irrisione
1137 1937 1469 1992 audientium
1517 1939 1708 1991 imitari
1762 1942 1985 1994 militem

414 2012 727 2079 gloriosum.

487 2080 737 2134 Ornanda
765 2086 846 2133 est
867 2079 1009 2133 enim
1043 2076 1273 2148 dignitas
1296 2076 1481 2143 domo,
1514 2086 1571 2132 at
1598 2092 1703 2132 non
1732 2093 1796 2132 ex
1828 2079 1989 2135 domo

418 2160 530 2206 tuta
586 2150 867 2219 quaerenda
912 2164 928 2203 :
980 2164 1080 2204 nec
1124 2150 1285 2204 domo
1331 2147 1602 2217 dominus,
1640 2150 1738 2204 sed
1769 2150 1988 2204 domino

414 2224 609 2276 domus
639 2230 722 2275 est
754 2220 1106 2276 honestanda.

489 2289 830 2346 Mediocritas
854 2290 919 2342 ad
948 2304 1161 2345 omnem
1188 2302 1342 2344 nsum
1356 2287 1664 2357 cultumque
1678 2288 1798 2344 vita
1821 2300 1988 2347 trans-

418 2359 637 2417 ferenda
682 2368 785 2416 est.
816 2359 873 2414 in
894 2361 1041 2414 omni
1074 2368 1251 2414 autem
1281 2364 1494 2414 actione
1520 2359 1859 2424 suscipienda
1887 2365 1986 2415 tria

419 2442 544 2487 sunt
567 2431 821 2485 tenenda.
864 2431 1126 2493 Primum,
1156 2440 1213 2483 ut
1236 2432 1501 2498 appetitus
1532 2430 1725 2483 rationi
1744 2443 1984 2498 pareant,

421 2517 526 2569 quo
557 2502 684 2555 nihil
716 2511 797 2554 est
823 2503 888 2555 ad
919 2501 1094 2554 ofﬁcia
1124 2502 1486 2554 conservanda
1516 2501 1985 2558 accommodatius.

420 2572 624 2628 Deinde
668 2581 725 2625 ut
771 2572 1224 2625 animadvertatur
1272 2581 1467 2640 quanta
1504 2570 1595 2624 illa
1627 2585 1712 2625 res
1732 2574 1798 2624 sit
1828 2587 1985 2641 quam

418 2646 636 2698 efﬁcere
676 2642 925 2706 velimus,
970 2656 1103 2695 neve
1131 2643 1300 2707 major
1321 2642 1567 2694 minorve
1588 2656 1711 2695 cura
1741 2651 1795 2695 et
1821 2656 1983 2707 opera

418 2713 760 2780 suscipiatur,
810 2726 967 2782 quam
1016 2726 1172 2765 causa
1218 2713 1468 2778 postulat.
1519 2711 1756 2765 Tertium
1799 2720 1857 2765 ut
1898 2728 1985 2765 ca-

419 2798 638 2839 veamus
691 2794 833 2837 utea
884 2798 1003 2851 quas
1047 2787 1310 2848 pertinent
1351 2783 1417 2835 ad
1448 2782 1720 2835 liberalem
1751 2783 1985 2849 speciem

419 2866 474 2909 et
514 2852 825 2923 dignitatem
878 2855 1147 2906 moderata
1197 2853 1325 2923 sint.
1379 2853 1578 2906 Horum
1624 2864 1780 2904 trium
1810 2863 1984 2907 tamen

421 2922 919 2995 praestantissimum
972 2931 1095 2984 est,
1154 2922 1420 2991 appetitus
1475 2925 1845 2991 obtemperare
1903 2939 1985 2978 ra-

420 2995 568 3049 tioni.

490 3066 668 3134 Turpe
715 3064 854 3119 enim
908 3062 1164 3133 valdeque
1208 3063 1463 3116 vitiosum
1488 3072 1571 3117 est
1603 3061 1656 3117 in
1689 3078 1746 3115 re
1772 3077 1980 3128 severa,

422 3137 669 3189 cunvivio
712 3135 927 3204 dignum
958 3142 1051 3187 aut
1079 3138 1358 3187 delicatum
1386 3137 1612 3200 aliquem
1644 3135 1840 3189 inferre
1867 3150 1981 3189 ser-

418 3221 629 3261 ιιιυιιειιι
640 3249 651 3258 .

495 3278 685 3332 Decet'
708 3293 815 3330 non
859 3273 1034 3329 solum
1074 3288 1284 3339 manus,
1312 3273 1406 3328 sed
1429 3278 1588 3329 etiam
1615 3275 1800 3329 oculos
1826 3277 1992 3333 absti-

418 3360 608 3401 nentes
638 3348 852 3402 habere.

490 3417 576 3471 Fit
626 3418 813 3483 etiam,
876 3415 1057 3470 nescio
1104 3414 1405 3485 quomodo,
1440 3423 1515 3487 ut
1566 3419 1734 3487 magis
1778 3417 1831 3473 in
1871 3419 1992 3477 aliis

415 3502 701 3543 cernamus
753 3503 914 3558 quam
966 3488 1033 3559 in,
1073 3488 1359 3559 nobisipsis
1405 3486 1450 3539 si
1481 3487 1605 3555 quid
1637 3486 1989 3559 delinquitur.

419 3562 550 3612 Sine
596 3559 917 3614 verecundia
964 3557 1093 3611 nihil
1140 3567 1344 3612 rectum
1374 3570 1492 3611 esse
1524 3566 1712 3626 potest,
1739 3557 1868 3615 nihil
1897 3562 1992 3617 ho-

418 3639 625 3683 nestum
632 3668 647 3684 ο

491 3700 743 3753 Omnium
778 3714 955 3755 rerum
977 3714 1042 3755 ex
1064 3698 1261 3769 quibus
1288 3696 1487 3769 aliquid
1528 3698 1833 3767 requiritur,
1860 3700 1992 3757 nihil

419 3779 507 3822 est
554 3772 876 3839 agricultura
920 3768 1136 3834 melius,
1181 3768 1310 3823 nihil
1333 3770 1569 3835 uberius,
1600 3770 1729 3824 nihil
1762 3774 1989 3836 dulcius,

416 3840 545 3911 nihil
575 3843 743 3895 libero
771 3842 984 3911 homine
1011 3838 1262 3911 dignius._
1620 3860 1631 3872 -

491 3910 690 3965 Studiis
738 3910 1033 3982 olﬁciisque
1071 3907 1315 3965 scientia
1345 3909 1698 3982 praeponenda
1728 3920 1851 3982 sunt
1872 3909 1996 3966 ofﬁ-

415 3982 499 4033 cia
540 3982 785 4051 iustitia,
831 3978 961 4051 qua!
988 3983 1261 4051 pertinent
1289 3980 1656 4051 adrhnuiinum
1689 3978 1989 4050 utilitatem,

418 4066 523 4121 qua
552 4054 683 4106 nihil
714 4050 919 4106 homini
941 4050 1100 4107 debet
1128 4064 1248 4105 esse
1274 4050 1568 4119 antiquius.

489 4122 794 4192 ﬂagnttudo
838 4126 1023 4189 animi,
1068 4132 1268 4175 remota
1295 4122 1873 4192 justitiaqhumanaque
1901 4136 1993 4178 co-

418 4190 605 4247 mitate
645 4206 701 4247 et
735 4195 1136 4263 conjunctione,
1159 4192 1344 4246 feritas
1370 4190 1613 4263 quaedam
1640 4193 1697 4247 ﬁt
1726 4190 1994 4247 et’imtna-

425 4264 584 4317 nitas.
634 4264 807 4318 Omne
839 4262 1071 4318 cilicium
1103 4265 1242 4332 quod
1273 4263 1339 4316 ad
1362 4262 1793 4331 conjunctionem
1818 4263 1992 4319 homi-

418 4349 545 4387 num
597 4345 647 4390 et
692 4336 1001 4390 societatem
1050 4334 1298 4387 tuendam
1348 4333 1507 4396 Valet,
1556 4336 1993 4404 anteponendum

417 4415 499 4458 est
543 4406 616 4460 illi
660 4404 841 4461 olliizio
886 4406 1026 4475 quod
1074 4404 1451 4473 conjunctione
1479 4412 1534 4457 et
1562 4406 1786 4461 scientia
1817 4406 1988 4460 conti-

417 4486 592 4529 stetur.

2158 539 2436 612 Proprium
2483 539 2781 597 hoc—statuo
2806 559 2925 598 esse
2953 545 3178 612 virtutis,
3210 548 3500 605 conciliare
3529 550 3659 607 ani-

2086 623 2203 683 mos
2239 610 2533 683 hominum,
2561 621 2617 667 et
2646 612 2711 668 ad
2740 629 2865 669 suos
2889 630 3012 669 usus
3039 610 3349 683 adjungere.

2156 679 2418 759 Secundae
2466 697 2574 759 res,
2618 686 2867 751 honores,
2896 679 3135 759 imperia,
3160 679 3422 759 victoria,
3476 704 3650 759 quan-

2085 763 2248 828 qnarn
2279 751 2485 805 fortuna
2517 754 2646 828 sint,
2678 763 2852 808 tamen
2882 751 3296 828 sinebominum
3323 751 3575 828 operibus
3597 771 3654 817 et

2085 821 2279 891 studiis
2309 832 2550 876 neutram
2580 825 2630 877 in
2656 834 2855 889 partem
2880 824 3020 879 ellici
3062 836 3297 891 possunt.

2158 889 2312 971 μηδ’
2334 894 2476 971 enim
2525 907 2584 947 se
2618 908 2704 948 res
2753 894 2933 971 habet,
2975 889 3095 951 cum
3122 897 3260 971 quod
3293 898 3488 955 virtute
3511 898 3656 956 efﬁci

2085 958 2267 1023 debet.
2302 961 2351 1014 id
2378 971 2612 1017 tentatur
2633 964 2876 1030 pecunia.

2118 1098 2131 1109 .
2158 1030 2333 1098 Atque
2381 1033 2540 1086 etiam
2584 1032 2872 1109 subjiciunt
2910 1047 2974 1109 se
2999 1032 3242 1109 homines
3269 1036 3491 1103 imperio
3520 1039 3653 1095 alte-

2087 1102 2216 1171 rius
2251 1108 2307 1154 et
2359 1103 2605 1170 potestati
2634 1102 2702 1157 de
2722 1104 2897 1156 causis
2928 1105 3181 1171 pluribus.
3218 1102 3488 1163 Ducuntur
3510 1112 3651 1165 enim

2087 1176 2179 1245 aut
2207 1168 2599 1245 benevolentia,
2631 1182 2722 1245 aut
2746 1168 3121 1227 beneficiorum
3150 1177 3529 1245 magnitudine,
3561 1193 3652 1233 aut

2090 1238 2363 1303 dignitatis
2410 1242 2734 1309 praestantia,
2765 1251 2856 1296 aut
2877 1257 2973 1311 spe
2992 1246 3091 1297 sibi
3122 1238 3530 1312 utile'futurum,
3562 1262 3656 1305 aut

2091 1320 2241 1388 metu
2281 1327 2346 1388 ne
2384 1314 2431 1364 vi
2456 1326 2644 1388 parere
2667 1326 2942 1382 cogamur,
2964 1324 3056 1367 aut
3074 1329 3169 1382 spe
3199 1316 3492 1388 largitionis
3527 1335 3652 1388 pro-

2091 1380 2472 1451 missionisque
2507 1383 2670 1451 capti,
2701 1380 2791 1435 aut
2813 1395 3082 1449 postremo
3110 1380 3355 1440 mercede
3376 1380 3650 1445 conducti.

2090 1450 2341 1504 Omnium
2388 1450 2561 1524 autem
2612 1466 2788 1505 rermn
2816 1468 2937 1524 nec
2961 1452 3134 1524 aptius
3160 1464 3239 1507 est
3268 1455 3553 1524 quidquam
3584 1462 3648 1513 ad
3680 1499 3692 1511 ρ

2092 1533 2223 1588 opes
2275 1521 2496 1575 tuendas
2543 1537 2606 1576 ac
2637 1522 2893 1577 tenendas
2920 1538 3076 1592 quam
3107 1521 3656 1592 diligi,'necaltenius

2091 1603 2249 1659 quam
2281 1593 2472 1644 timeri.

2166 1660 2331 1739 Malus
2361 1660 2711 1739 enim‘cnslos
2736 1662 3099 1739 diuturnitatis
3126 1668 3323 1739 metus,
3355 1675 3647 1739 contraque

2096 1729 2465 1785 benevolentia
2498 1730 2668 1784 ﬁdelis
2701 1733 2782 1786 vel
2808 1732 2873 1785 ad
2904 1734 3331 1799 perpetuitatem.

2166 1800 2316 1865 Quod
2363 1800 2519 1870 igitur
2567 1801 2819 1856 latissime
2849 1812 3010 1868 patet.
3036 1818 3206 1869 neque
3231 1804 3296 1856 ad
3326 1804 3660 1861 incolumita.

2094 1879 2201 1923 tem
2250 1874 2439 1931 solum.
2479 1872 2570 1935 sed
2610 1872 2770 1924 etiam
2820 1871 2885 1925 ad
2928 1887 3058 1939 opes
3110 1883 3164 1925 et
3203 1875 3489 1939 patentium
3527 1878 3667 1932 valet

2089 1941 2399 2008 plurimum,
2433 1941 2481 1993 id
2509 1945 2913 2007 amplectamur,
2949 1951 3005 1995 ut
3032 1953 3206 1997 metus
3232 1942 3388 2008 absit,
3423 1947 3662 2001 charitas

2092 2012 2381 2065 retineatur
2414 2028 2425 2062 :
2461 2012 2529 2063 ita
2560 2010 2806 2063 fictilime
2857 2027 2976 2078 quae
3006 2010 3244 2066 volemus
3272 2022 3328 2068 et
3358 2008 3572 2080 privatis
3604 2019 3657 2071 in

2089 2080 2247 2152 rebus
2276 2090 2331 2135 et
2356 2082 2405 2133 in
2439 2081 2706 2145 republica
2726 2082 3121 2150 consequimur.
3141 2082 3344 2136 Etenim
3360 2086 3520 2152 quise
3548 2105 3664 2141 tne-

2088 2150 2161 2203 tui
2193 2154 2397 2212 volunt,
2442 2164 2471 2203 a
2496 2153 2685 2220 quibus
2715 2162 3018 2205 metuuntur
3051 2151 3268 2206 eosdem
3296 2150 3537 2209 metuant
3555 2154 3658 2226 ipsi

2088 2234 2307 2275 necesse
2332 2231 2433 2276 est.

2161 2292 2271 2346 Nec
2305 2306 2434 2344 vero
2457 2290 2563 2344 ulla
2589 2290 2666 2345 vis
2689 2290 2892 2359 imperii
2917 2298 3063 2345 tanta
3094 2300 3197 2358 est,
3225 2305 3345 2360 qua:
3375 2303 3651 2361 premente

2088 2372 2235 2415 metu
2270 2362 2437 2429 possit
2466 2376 2587 2415 esse
2617 2362 2885 2415 diuturna.

2158 2432 2375 2485 Certum
2412 2433 2568 2497 igitur
2596 2433 2695 2485 hoc
2715 2432 2805 2496 sit,
2833 2432 2989 2499 idque
3013 2440 3067 2487 et
3090 2431 3318 2499 primum
3340 2439 3396 2487 et
3427 2434 3658 2491 maxime

2089 2506 2447 2557 necessarium
2491 2500 2875 2557 familiaritates
2918 2503 3116 2556 habere
3150 2501 3282 2557 ﬁdas
3308 2504 3658 2561 animantium

2091 2587 2190 2626 nos
2216 2575 2507 2626 amicorum
2532 2583 2585 2627 et
2619 2573 2928 2627 mirantium
2951 2582 3154 2626 nostra.

2164 2642 2515 2697 Vehementer
2538 2654 2713 2696 autem
2743 2642 3091 2695 multitudinis
3121 2658 3274 2697 amor
3298 2653 3662 2700 commovetur

2089 2712 2201 2779 ipsa
2258 2717 2395 2766 lauta
2444 2723 2497 2765 ct
2540 2712 2792 2780 opinione
2842 2712 3209 2776 liberalitatis,
3262 2712 3651 2778 beneficentia),

2084 2783 2326 2853 iustitiae,
2357 2782 2603 2851 ﬁdeique,
2634 2783 2980 2850 omniumque
3022 2796 3207 2836 earum
3255 2782 3509 2838 virtutum
3535 2801 3657 2853 quas

2090 2857 2357 2921 pertinent
2411 2853 2478 2905 ad
2532 2853 2994 2906 mansuetudinem
3054 2866 3266 2906 morum
3320 2866 3384 2907 ac
3432 2855 3657 2909 facilita-

2089 2934 2137 2979 te
2144 2938 2195 2977 ιιι
2203 2964 2215 2978 .

2162 2994 2323 3049 Fides
2345 3004 2544 3048 .autem
2595 3000 2653 3047 ut
2694 2992 3031 3059 adhibeatur,
3087 2991 3293 3051 duabus
3333 2996 3491 3051 rebus
3519 2995 3659 3053 efﬁci

2088 3074 2257 3134 pote5t
2288 3106 2303 3127 ,
2355 3066 2398 3119 si
2446 3064 2872 3134 existimabimur
2924 3064 3100 3131 adepti
3148 3063 3483 3134 conjunctam
3539 3083 3661 3123 cum

2092 3136 2296 3203 iustitia
2328 3135 2681 3206 prudentiam.
2715 3133 2846 3189 Nam
2876 3144 2929 3190 et
2954 3134 3036 3187 his
3065 3134 3221 3189 ﬁdem
3252 3133 3508 3192 habemus
3529 3155 3661 3206 quos

2020 3184 2068 3247 C
2092 3184 2787 3278 pigritiaiagas‘aaa‘a
2798 3184 2928 3259 "ita;
2955 3184 3596 3278 {inritat};“manu:
3608 3184 3663 3264 ei

2102 3279 2272 3329 l'utura
2321 3277 2627 3345 pruspicere
2658 3275 2944 3329 credimus.
2981 3276 3043 3329 Et
3071 3291 3190 3330 cum
3217 3290 3303 3330 res
3325 3288 3463 3345 agat,
3496 3275 3550 3332 in
3581 3282 3662 3333 di-

2099 3345 2439 3414 scrimenque
2488 3358 2703 3400 ventum
2745 3359 2834 3410 sit,
2888 3346 3133 3414 experire
3159 3362 3271 3400 rem
3300 3360 3351 3399 et
3378 3349 3662 3404 consilium

2098 3432 2161 3470 ex
2195 3427 2431 3485 tempore
2460 3430 2650 3484 capere
2681 3431 2853 3481 posse.
2885 3416 3032 3470 lianc
3058 3418 3202 3471 enim
3218 3420 3400 3472 utitem
3423 3421 3664 3474 homines

2098 3487 2403 3541 existimant
2450 3501 2735 3556 veramque
2783 3486 3157 3555 prudentiam:
3202 3487 3360 3556 justis
3389 3496 3564 3541 autem
3609 3504 3662 3543 et

2101 3558 2222 3611 lidis
2272 3557 2596 3620 horninibus,
2628 3558 2678 3610 id
2708 3566 2792 3610 est
2818 3556 2970 3610 bonis
3002 3559 3146 3622 viris,
3181 3558 3251 3609 ita
3271 3556 3398 3609 lides
3415 3559 3659 3621 habetur.

2100 3636 2157 3682 ut
2183 3628 2324 3680 nulla
2354 3627 2425 3681 sit
2446 3624 2498 3679 in
2530 3626 2612 3680 his
2640 3625 3179 3697 fraudisinjurizeq'te
3204 3628 3457 3697 suspicio.
3485 3627 3664 3697 itaque

2100 3698 2182 3750 his
2228 3698 2457 3750 salutem
2504 3704 2763 3759 nostram,
2810 3695 2894 3749 his
2921 3700 3205 3762 fortunam,
3239 3696 3320 3750 his
3347 3695 3545 3752 liberos
3574 3695 3665 3753 re-

2097 3768 2335 3822 ctissime
2373 3767 2630 3819 committi
2661 3768 3010 3820 arbitramur.
3028 3764 3225 3819 Harum
3255 3766 3415 3835 igitur
3437 3767 3661 3822 duarum

2094 3836 2301 3908 iustitia
2332 3839 2445 3905 plus
2477 3836 2638 3908 pollet
2657 3837 2723 3889 ad
2757 3839 2913 3908 ﬁdem
2944 3834 3240 3908 faciendam
3273 3852 3288 3889 :
3316 3836 3512 3906 quippe
3535 3852 3659 3894 cum

2098 3904 2159 3964 ea
2206 3904 2343 3962 sine,
2367 3904 2657 3976 prudentia,
2671 3908 2797 3959 satis
2827 3907 3016 3959 habeat
3042 3904 3397 3976 auctoritatis,
3416 3904 3662 3976 pruden-

2101 3980 2170 4032 tia
2207 3982 2325 4033 sine
2361 3976 2563 4046 justitia
2590 3974 2719 4047 nihil
2751 3977 2887 4031 valet
2914 3978 2980 4029 ad
3009 3976 3166 4030 tidem
3195 3974 3513 4031 faciendam.
3546 3980 3664 4047 Quo

2098 4052 2241 4103 enim
2302 4050 2419 4117 quis
2478 4046 2741 4101 versutior
2791 4056 2847 4102 et
2879 4048 3154 4111 collidior,
3214 4049 3313 4101 huc
3350 4046 3583 4103 invisior
3609 4060 3664 4105 et

2100 4119 2402 4185 suSpectior
2440 4119 2751 4186 probabitur
2792 4118 3028 4172 detracta
3068 4118 3320 4185 opinione
3358 4119 3659 4188 probitatis.

2173 4190 2522 4260 Popularibus
2565 4191 2716 4260 enim
2757 4187 2933 4244 verbis
2956 4198 3040 4242 est
3065 4192 3324 4260 agendum
3354 4198 3408 4243 et
3433 4190 3664 4258 usitatis,

2101 4274 2220 4315 cum
2252 4259 2515 4331 loquimur
2540 4262 2607 4314 de
2636 4259 2884 4328 opinione
2911 4259 3171 4327 populari.

2172 4331 2287 4385 Non
2316 4329 2457 4385 enim
2486 4346 2672 4383 omnes
2699 4345 2793 4385 eos
2820 4337 3187 4394 contemnunt,
3218 4329 3287 4384 de
3313 4330 3502 4399 quibus
3528 4332 3667 4390 male

2101 4404 2422 4456 existimant.
2472 4400 2897 4455 Contemnuntur
2918 4408 3094 4453 autem
3123 4401 3173 4454 hi
3200 4399 3289 4468 qui
3318 4417 3415 4456 nec
3444 4405 3542 4457 sibi
3565 4419 3666 4461 uec

2106 4474 2280 4536 alteri,
2332 4482 2388 4526 ut
2433 4474 2646 4536 dicitur,
2699 4477 2937 4538 prosunt,
2990 4471 3043 4524 iu
3074 4471 3264 4539 quibus
3295 4475 3468 4526 nullus
3488 4474 3659 4541 labor,

490 4545 877 4615 Cogitationem
921 4544 1361 4616 prudentiamque
1390 4546 1628 4613 sequitur
1652 4544 1987 4616 considerata
2032 4536 2085 4598 D
2112 4546 2249 4616 mula
2302 4542 2580 4616 industria,
2625 4536 2763 4616 nulla
2812 4555 2935 4616 cura
2967 4550 3068 4594 est.
3094 4536 3466 4616 Admiratione
3487 4536 3660 4597 autem

419 4614 585 4675 actio.
616 4617 687 4670 Ita
722 4618 777 4670 lit
809 4630 863 4671 ut
886 4614 1043 4686 agere
1063 4614 1397 4670 considerate
1428 4618 1591 4683 pluris
1614 4615 1682 4669 sit
1709 4632 1867 4685 quam
1899 4631 1989 4672 σοι

415 4689 589 4758 gitare
618 4688 926 4757 prudenter.

496 4754 668 4813 Prima
719 4759 891 4810 ol’licia
945 4756 1044 4811 diis
1076 4754 1482 4821 immortalibus,
1516 4756 1748 4811 secunda
1780 4760 1988 4826 patrias,

422 4830 575 4884 tertia
633 4830 963 4898 parentibus;
996 4828 1191 4886 deinde
1220 4828 1480 4897 gradatim
1512 4826 1729 4896 reliquis
1760 4830 1994 4883 debean-

421 4911 526 4954 tur.

543 5013 629 5069 Ea:
652 5015 781 5068 libro
801 5014 1026 5067 secundo
1057 5010 1346 5081 Oﬂiciorum
1372 5010 1446 5064 .il.
1484 5012 1545 5066 Τ.
1584 5010 1867 5071 Ciceronis.

492 5110 631 5179 Quid
677 5110 819 5165 enim
858 5118 940 5163 est
961 5121 1056 5177 per
1080 5108 1215 5179 deos
1242 5107 1529 5179 optabilius
1550 5106 1833 5179 sapientia,
1856 5104 1991 5179 quid

420 5176 781 5251 praestantius,
814 5180 937 5248 quid
966 5176 1184 5251 melius,
1202 5180 1323 5243 quid
1349 5176 1561 5251 homine
1574 5176 1823 5251 dignius?
1847 5178 1995 5231 lianc

429 5247 591 5322 igitur
638 5252 728 5320 qui
776 5247 1063 5322 expetunu
1091 5247 1397 5322 philosophi
1431 5247 1842 5322 nominantur,
1897 5260 1996 5322 nec

418 5317 709 5392 quidquam
738 5321 878 5392 aliud
910 5328 991 5373 est
1016 5318 1369 5392 philosophia,
1398 5317 1442 5371 si
1474 5318 1812 5386 interpretari
1836 5318 1994 5383 velis,

419 5391 615 5463 printer
634 5391 864 5449 studium
896 5391 1188 5463 sapientia.

495 5462 596 5530 Qui
628 5476 811 5530 parum
840 5456 1191 5528 perspiciunt,
1221 5459 1270 5513 bi
1303 5471 1446 5524 saepe
1473 5469 1715 5511 versutos
1733 5456 1995 5530 homines

420 5544 471 5589 et
497 5527 719 5588 callidos
744 5527 1089 5592 admirantes,
1121 5530 1380 5584 malitiam
1398 5527 1990 5599 sapientiamjudicant.

419 5608 673 5668 Quorum
702 5617 855 5657 error
895 5600 1198 5669 eripiendus
1245 5611 1347 5666 est,
1399 5598 1686 5669 opinioque
1726 5601 1901 5652 omnis
1924 5598 1992 5653 ad

419 5690 541 5730 eam
566 5672 797 5743 speciem
827 5671 1169 5743 traducenda,
1203 5680 1259 5725 ut
1281 5672 1521 5726 honestis
1548 5671 1785 5743 consiliis
1800 5672 1995 5743 justis-

421 5759 528 5815 que
570 5741 761 5815 factis,
814 5746 923 5798 n‘on
968 5742 1154 5815 fraude
1200 5751 1254 5795 et.
1302 5743 1502 5797 malitia
1557 5754 1617 5797 se
1664 5741 1985 5814 intelligant,

422 5813 591 5886 eaque
620 5814 783 5870 velint
810 5813 1062 5883 consequi
1093 5826 1275 5881 posse.

2102 4612 2406 4667 afﬁciuntur
2450 4615 2501 4663 hi
2556 4612 2642 4677 qui
2694 4614 2900 4665 anteire
2928 4620 3151 4665 cancros
3175 4612 3363 4665 virtute
3395 4623 3665 4680 putantur,

2102 4693 2155 4735 et
2181 4698 2301 4735 cum
2347 4683 2492 4744 omni
2519 4694 2699 4735 carere
2725 4683 2935 4743 decore,
2977 4692 3085 4734 tum
3112 4695 3243 4735 vero
3266 4681 3349 4736 his
3380 4682 3520 4736 vitiis
3542 4700 3611 4751 qu
3636 4712 3664 4723 -

2101 4753 2200 4808 bus
2226 4752 2313 4805 alii
2340 4767 2444 4805 non
2469 4759 2687 4819 possunt
2714 4752 2865 4805 facile
2893 4752 3175 4805 obsistere.

2173 4824 2337 4877 Nemo
2362 4821 2537 4890 justus
2563 4835 2682 4876 esse
2717 4830 2890 4890 potest
2916 4824 3003 4889 qui
3033 4830 3282 4891 mortem,
3305 4820 3396 4891 qui
3419 4820 3659 4876 dolorem

2101 4897 2189 4963 qui
2243 4892 2511 4958 exsilium,
2560 4893 2647 4960 qui
2693 4901 2981 4963 egestatem
3032 4890 3202 4953 timet,
3229 4904 3317 4955 aut
3337 4893 3427 4962 qui
3455 4907 3516 4947 ea
3547 4908 3664 4962 qua:

2101 4962 2224 5019 sunt
2253 4966 2334 5017 his
2361 4964 2642 5025 contraria,
2680 4962 2912 5031 aequitati
2941 4962 3234 5027 antevenit.

2176 5035 2401 5088 Maxime
2426 5035 2750 5087 admiramur
2777 5047 2900 5087 eum
2926 5033 3017 5101 qui
3035 5034 3253 5099 pecunia
3274 5045 3379 5084 non
3397 5039 3662 5097 movetur,

2101 5106 2242 5176 quod
2283 5104 2476 5176 inquo
2504 5106 2623 5158 viro
2654 5104 3109 5176 perspecturus“,
3133 5103 3271 5176 hunc
3295 5102 3512 5176 dignum
3541 5117 3667 5169 spe-

2100 5171 2243 5229 ctato
2290 5171 2624 5228 arbitramur.
2657 5171 2862 5228 'Omnis
2911 5172 3047 5227 ratio
3077 5184 3234 5237 atque
3258 5171 3522 5225 institutio
3543 5183 3668 5226 vitae

2104 5246 2377 5299 hominum
2429 5242 2731 5313 adiumenta
2760 5242 3043 5299 desiderat
3067 5284 3083 5309 ,
3114 5240 3465 5313 inprimisque
3491 5250 3548 5295 ut
3576 5244 3668 5295 ha-

2106 5317 2225 5370 beat
2243 5312 2555 5385 quibuscum
2587 5314 2877 5369 familiares
2907 5316 3072 5382 possit
3094 5312 3341 5366 conferre
3364 5326 3665 5385 sermones,

2103 5382 2368 5456 quod—est
2410 5384 2664 5451 difﬁcile,
2719 5385 2820 5438 nisi
2866 5387 3098 5453 speciem
3146 5398 3240 5453 per
3288 5392 3342 5437 te
3390 5383 3518 5437 boni
3567 5382 3670 5439 viri

2102 5458 2259 5512 feras.

2170 5524 2397 5582 Justitia:
2434 5533 2578 5579 tanta
2623 5525 2704 5579 vis
2724 5533 2829 5587 est,
2857 5531 2917 5577 ut
2944 5538 3011 5579 ne
3033 5520 3107 5578 illi
3136 5521 3350 5591 quidem
3381 5520 3474 5594 qui
3501 5522 3670 5578 male-

2101 5595 2225 5653 licio
2252 5611 2303 5651 et
2324 5596 2530 5651 scelere
2561 5606 2865 5664 pascuntur.
2909 5595 3114 5662 possint
3132 5608 3250 5650 ante
3277 5594 3382 5647 ulla
3408 5594 3668 5663 particula

2096 5667 2315 5747 justiti:
2346 5668 2547 5747 vivere.
2591 5666 2723 5720 Nam
2752 5665 2845 5747 qui
2864 5678 3063 5747 eorum
3087 5666 3558 5747 cuipiamquiuua
3587 5666 3671 5747 las-

2104 5734 2431 5794 trucinantut'
2473 5737 2677 5800 furatur
2715 5734 3073 5808 aliquidtaut
3112 5734 3293 5808 eripit,
3322 5735 3368 5791 is
3389 5734 3490 5790 sibi
3522 5747 3589 5788 ne
3617 5734 3670 5785 in

2106 5809 2380 5867 latrocinio
2409 5808 2623 5879 quidem
2654 5804 2911 5879 relinquit
2952 5804 3147 5866 locum.
3174 5804 3309 5864 Cum
3346 5807 3505 5876 igitur
3527 5808 3671 5858 tanta
