4162 6212
416 391 560 452 1086

1087 390 1498 451 SENTENTIA-3
1536 381 1980 444 PHILOSOPHIC

2098 380 2190 436 EX
2228 379 2569 437 CICERONI:
2607 378 3012 436 εοιιιεοτλε.

3515 377 3539 432 Ι
3552 376 3655 434 066

411 516 602 563 natura
630 504 1380 576 hominescongregabantur.
1424 504 1625 576 Tamen
1656 515 1753 570 spe
1794 506 1974 552 custo-
2004 497 2051 552 Δ
2084 494 2393 576 liberalitas,
2427 493 2661 575 bonitas,
2687 490 2928 576 justitia,
2951 487 3472 576 'fiinlitnsﬂtol‘litur.
3501 490 3652 576 ἔρυξε

410 581 514 633 diae
537 592 750 631 suarum
782 574 989 630 urbium
1016 574 1282 645 praesidia
1324 575 1649 643 quaerebant.

487 648 664 701 Danda
689 647 790 700 erit
815 661 975 718 opera
996 638 1054 700 nl
1073 661 1258 700 omnes
1280 638 1600 718 inlclligiint,
1627 642 1670 695 si
1696 638 1823 692 salvi
1854 651 1975 718 esse

413 719 603 776 velint.
629 716 937 771 necessitati
961 718 1272 783 parendum.
1298 717 1470 781 Atque
1490 715 1649 769 etiam
1678 724 1864 783 omnes
1886 715 1973 775 qni

410 787 798 854 rempublicam
828 781 1218 853 gubernabunt,
1247 785 1529 840 consulere
1575 781 1864 854 debebunt,
1919 787 1975 830 iit

411 851 599 913 mrum
627 873 805 910 rerum
833 851 1006 923 _copia
1037 858 1127 919 sit,
1156 871 1275 922 qua:
1303 864 1427 909 sunt
1466 851 1799 908 necessaria.

484 929 654 993 Caput
678 941 854 981 autem
882 920 1037 979 estin
1080 920 1224 981 omni
1273 927 1644 993 procuratione
1691 920 1883 993 neg‘lul
1923 925 1978 972 θί

413 990 653 1051 muneris
683 997 903 1064 publici,
935 1009 990 1048 nt
1012 996 1246 1049 avaritiae
1276 990 1515 1060 pellatur
1545 995 1705 1048 etiam
1758 990 1974 1042 minima

410 1069 662 1135 auspicio.
695 1066 904 1121 Nullum
936 1067 1095 1135 igitur
1123 1066 1308 1118 vitium
1342 1067 1526 1119 tetrius
1555 1075 1636 1117 est
1657 1105 1671 1127 ,
1703 1072 1756 1135 ut
1786 1075 1850 1112 eo
1881 1076 1978 1112 un-

411 1137 480 1191 de
501 1133 714 1206 egressa
735 1146 836 1201 est,
862 1133 1156 1190 revertatur
1179 1135 1370 1201 oratio,
1391 1149 1548 1204 quam
1576 1133 1713 1206 avari
1719 1135 1813 1206 tia.
1843 1144 1977 1206 PTEE‘

411 1201 600 1260 serti'm
632 1208 683 1260 in
729 1207 1054 1276 principibus
1104 1208 1347 1274 rempub.
1398 1201 1836 1276 gubernantibus.
1875 1201 1975 1276 Ha:

415 1277 539 1329 bere
562 1278 704 1330 enim
727 1270 950 1346 quaestui
981 1270 1235 1344 rempubC
1260 1292 1366 1330 non
1393 1270 1551 1330 modo
1578 1283 1732 1343 turpe
1757 1280 1860 1336 est,
1884 1270 1978 1324 sed

410 1347 729 1404 sceleratum
766 1356 823 1401 et
848 1348 1127 1401 nefarium.

483 1417 632 1470 Nulla
672 1426 850 1471 autem
890 1431 951 1472 re
978 1417 1268 1472 conciliare
1295 1414 1501 1470 facilius
1547 1411 1978 1469 benevolentiam

413 1486 769 1557 multitudinis
807 1497 1025 1557 possunt
1056 1486 1107 1539 hi
1135 1489 1226 1554 qui
1274 1487 1483 1555 reipub.
1518 1492 1771 1557 praesunt,
1818 1496 1979 1551 quam

411 1556 734 1610 abstinentia
763 1567 818 1611 et
856 1556 1205 1615 continentia.

487 1627 613 1681 Nam
637 1627 722 1680 cui
751 1643 838 1681 res
865 1637 1046 1693 erepta
1076 1636 1179 1688 est,
1207 1635 1290 1682 est
1312 1625 1587 1688 inimicus;
1615 1624 1698 1680 cui
1726 1622 1848 1678 data
1870 1631 1977 1686 est,

411 1697 575 1766 etiam
607 1697 650 1750 si
679 1698 979 1751 dissimulat
1025 1710 1084 1750 se
1111 1699 1354 1766 accipere
1377 1698 1634 1760 voluisse,
1663 1704 1719 1749 et
1749 1694 1981 1766 maxime

412 1765 465 1819 in
495 1770 731 1834 pecuniis
760 1768 998 1829 creditis,
1028 1763 1257 1822 occultat
1277 1782 1430 1821 suum
1457 1767 1735 1837 gaudium,
1790 1779 1857 1817 ne
1883 1763 1981 1837 Δνῇ-

413 1832 605 1910 deatur
629 1855 731 1892 non
761 1837 920 1891 fuisse
943 1838 1221 1894 solvendo.
1271 1839 1342 1892 At
1387 1832 1516 1910 vero
1542 1838 1630 1891 ille
1652 1838 1748 1910 qui
1784 1832 1982 1900 accipit
2013 1851 2058 1910 Β

411 1905 681 1976 iniuriam,
713 1917 766 1961 et
797 1911 1054 1970 meminit,
1078 1919 1132 1962 et
1158 1922 1268 1975 pra:
1291 1921 1350 1961 se
1392 1907 1494 1961 fert
1532 1923 1684 1961 suum
1719 1905 1978 1976 dolorem.

485 1977 558 2031 Ea
582 1987 662 2031 est
684 1993 888 2030 summa
921 1976 1054 2031 ratio
1081 1986 1138 2032 et
1169 1974 1453 2046 sapientia
1500 1977 1622 2030 boni
1660 1974 1811 2037 civis,
1840 1989 1989 2028 com-

411 2050 568 2100 moda
597 2051 790 2100 civium
821 2064 925 2100 non
967 2048 1248 2115 divellere,
1295 2056 1456 2116 atque
1500 2061 1688 2102 omnes
1738 2046 1990 2115 a‘qititale

413 2120 597 2171 eadem
621 2120 917 2174 continere.

484 2189 583 2254 Qui
611 2190 853 2256 rempnb.
898 2187 1206 2252 tuebuntur,
1239 2186 1483 2255 inprimis
1504 2201 1720 2255 operam
1763 2184 1988 2249 dabunt,

412 2267 467 2308 ut.
494 2258 634 2327 juris
662 2272 708 2312 et
740 2258 1060 2325 judicinrum
1087 2260 1341 2324 aequitate
1369 2273 1520 2311 suum
1538 2257 1764 2324 quisque
1787 2265 1987 2318 teneat,

411 2340 466 2380 et
514 2344 683 2395 neque
722 2330 988 2381 tenuiores
1037 2341 1253 2395 promer
1305 2327 1656 2381 humilitatem
1691 2328 1988 2380 circumve-

414 2397 650 2462 niantur,
684 2414 858 2462 neque
885 2401 1238 2467 locupletibus
1264 2397 1328 2450 ad
1363 2414 1482 2461 sua,
1511 2399 1594 2451 vel
1623 2397 1872 2467 tenenda,
1909 2395 1990 2467 vel

412 2471 773 2533 recuperanda
800 2507 815 2531 ,
863 2465 1020 2522 obsiti
1050 2469 1267 2522 invidia.
1340 2468 1446 2522 Res
1487 2478 1664 2522 autem
1719 2465 1994 2518 familiaris

409 2542 576 2604 q’ua'ri
607 2541 764 2592 debet
796 2541 857 2590 iis
887 2539 1042 2592 rebus
1071 2555 1100 2591 a
1128 2540 1320 2607 quibus
1347 2539 1501 2592 abest
1529 2540 1821 2603 turpitudo,
1855 2551 1986 2587 con-

411 2610 611 2662 servari
644 2620 819 2662 autem
845 2607 1118 2678 diligentia
1148 2620 1203 2662 et
1226 2608 1572 2675 parcitnonia,
1596 2608 1800 2662 eisdem
1831 2607 1991 2660 etiam

412 2682 573 2734 rebus
607 2682 803 2749 augeri.
831 2679 954 2734 Htec
975 2694 1042 2733 ex
1071 2694 1107 2733 ll
1138 2679 1467 2733 Officiorum.

578 2812 660 2867 Ea:
697 2813 828 2867 libro
857 2813 1005 2869 tertio
1039 2812 1329 2883 Oﬁlciorum
1368 2811 1447 2866 Μ.
1482 2810 1541 2865 T.
1572 2809 1850 2865 Ciceronis.

484 2945 840 3002 Dubitandum
873 2962 975 3000 non
1006 2955 1088 3002 est
1113 2947 1240 3016 quin
1268 2960 1535 3016 nunquam
1571 2943 1741 3014 possit
1785 2942 1992 2999 utilitas

412 3033 535 3074 cum
561 3019 838 3071 honestate
866 3019 1212 3072 contendere.

492 3089 784 3142 Detrahere
829 3100 1008 3141 autem
1033 3087 1184 3141 alteri
1213 3087 1293 3142 sui
1337 3084 1606 3141 commodi
1637 3099 1819 3149 causa,
1849 3095 1904 3140 et
1926 3100 1990 3140 ex

415 3158 649 3214 hominis
679 3158 1017 3211 incommodo
1057 3171 1210 3211 suum
1250 3156 1587 3212 commodum
1637 3171 1856 3226 augere,
1907 3165 1988 3210 est

414 3205 1077 3296 magna;135.3";
1091 3205 1986 3295 ἧῖιὶἰιῖἷιὶᾙὲέζἧῖὶᾶωᾞὲιίῥῖεὶιᾶέζ
2013 3205 2062 3271 C

412 3315 571 3366 quam
595 3299 768 3355 dolor.
797 3312 957 3365 quam
1006 3306 1198 3351 caetera
1241 3309 1430 3352 cuncta
1481 3312 1600 3364 qua:
1638 3304 1861 3365 possunt
1886 3305 1978 3349 aut

411 3369 621 3436 corpori
651 3369 890 3421 accidere
911 3378 1000 3421 aut
1022 3367 1178 3420 rebus
1201 3367 1460 3424 externis.
1484 3367 1613 3419 Nam
1640 3379 1693 3419 ut
1711 3366 1807 3419 sibi
1831 3369 1978 3436 αιιὶετ

411 3434 522 3506 (ιιιε
545 3439 690 3490 malit
713 3438 852 3503 quod
876 3438 939 3490 ad
966 3453 1116 3492 usum
1149 3439 1267 3492 vitie
1312 3437 1590 3504 pertineat,
1636 3451 1792 3503 quain
1823 3434 1978 3490 alteri

410 3509 710 3575 acquirere,
741 3521 1055 3563 concessum
1104 3517 1204 3572 est,
1237 3524 1340 3560 non
1389 3521 1714 3576 repugnante
1765 3517 1973 3558 natura.

415 3577 548 3632 Illud
576 3577 794 3647 quidem
827 3589 1010 3631 natura
1052 3592 1154 3630 non
1186 3581 1404 3646 patitur,
1436 3587 1497 3630 ut
1538 3578 1762 3629 aliorum
1793 3577 1977 3647 spoliis

411 3645 629 3702 nostras
650 3647 946 3711 facultates,
979 3651 1158 3715 cepias
1189 3645 1421 3715 opesque
1451 3660 1762 3714 augeamus.
1796 3645 1975 3713 Neque

412 3719 518 3773 hoc
549 3732 673 3772 vero
720 3720 892 3772 solum
942 3728 1149 3781 natura,
1181 3718 1230 3770 id
1283 3730 1383 3776 est.
1431 3717 1548 3781 iure
1596 3715 1854 3784 gentium,
1884 3715 1975 3766 sed

413 3789 574 3842 etiam
608 3787 810 3856 legibus
835 3788 1170 3855 populorum,
1194 3789 1384 3854 quibus
1414 3789 1465 3838 in
1497 3787 1719 3852 singulis
1749 3786 1978 3837 civitati-

414 3860 516 3912 bus
535 3861 748 3927 reapub.
770 3861 1093 3927 continetur,
1115 3860 1301 3927 eodeni
1327 3856 1484 3909 modo
1507 3858 1849 3907 constitutum
1873 3862 1976 3927 est,

411 3937 476 3982 ut
512 3925 800 3982 non'liceat
825 3926 905 3980 sui
932 3926 1198 3981 commodi
1237 3940 1397 3979 causa
1423 3927 1575 3978 alteri
1605 3939 1818 3977 nocere.
1871 3925 1980 3976 l‘lnc

411 3998 556 4052 enim
586 4006 828 4067 spectant
856 3998 1019 4066 leges,
1052 3999 1151 4050 hoc
1175 3998 1336 4050 voluit
1366 3996 1682 4067 incolumem
1736 4009 1856 4047 esse
1899 3994 1978 4047 ci-

417 4071 557 4122 vium
581 4066 1032 4136 coniunctionem.
1062 4082 1220 4138 quam
1250 4069 1337 4131 qui
1367 4066 1643 4138 dirimunt,
1663 4079 1758 4138 eos
1783 4073 1976 4138 morte,

413 4138 626 4203 exsilio,
657 4133 903 4200 vinculis,
927 4133 1121 4192 damno
1150 4147 1414 4192 coercent.
1464 4134 1636 4200 Atque
1686 4134 1786 4188 hoc
1816 4133 1981 4187 el’tii‘it

416 4211 584 4262 multo
606 4211 909 4278 magisipsa
937 4222 1139 4262 naturae
1168 4211 1321 4273 ratio,
1356 4222 1476 4273 quae
1501 4214 1584 4258 est
1612 4207 1694 4258 lex
1721 4206 1898 4258 divina
1926 4214 1980 4257 et

417 4278 679 4342 humana;
702 4277 798 4332 cui
829 4293 1016 4344 parere
1042 4279 1132 4346 qui
1178 4278 1307 4330 velit
1359 4282 1569 4348 (niiines
1607 4289 1784 4330 autem
1819 4290 1976 4343 pare-

415 4349 547 4401 bunt
566 4353 656 4418 qui
687 4349 977 4403 secundum
1006 4360 1246 4403 naturam
1273 4348 1456 4401 volunt
1486 4349 1684 4416 vivere)
1709 4362 1813 4400 nun
1837 4360 1977 4410 quam

414 4421 714 4473 committet
745 4427 803 4472 ut
828 4421 1060 4472 alienum
1088 4427 1320 4486 appetat,
1366 4429 1416 4471 et
1447 4419 1497 4471 id
1542 4421 1681 4484 quod
1710 4418 1863 4471 atteri
1887 4419 1980 4469 de-

417 4491 641 4542 traxerit
669 4491 769 4543 sibi
795 4500 1049 4541 assumat.
1080 4491 1285 4542 Etenim
1309 4489 1475 4540 multo
1495 4490 1662 4554 magis
1681 4499 1764 4541 est
1792 4501 1980 4542 secun-

415 4559 540 4612 dum
566 4542 804 4612 naturain
827 4560 1108 4612 excelsitas
1129 4560 1292 4612 animi
1315 4567 1369 4611 et
1389 4542 1713 4625 titagtiitiido,
1745 4561 1978 4626 itemque
2004 4542 2057 4602 Ῑ)

414 4635 800 4692 communitas,
877 4629 1115 4695 iuSIitia,
1161 4630 1448 4682 liberalitas
1498 4644 1658 4695 quam
1717 4629 1978 4695 voluptas,

413 4714 575 4767 quam
604 4702 846 4759 avaritia,
876 4715 1030 4768 quam
1061 4700 1279 4753 ὼνίιᾱεε.
1325 4701 1454 4763 Quae
1482 4699 1694 4763 quidem
1742 4709 1984 4751 contem-

418 4784 549 4823 nere
580 4780 631 4823 et
663 4785 756 4836 pro
787 4770 949 4821 nihilo
978 4772 1196 4836 ducere,
1243 4777 1638 4836 comparantem
1670 4784 1791 4822 cum
1843 4768 1982 4820 utili-

418 4847 530 4893 tate
549 4841 841 4903 communi,
869 4840 1042 4908 magni
1071 4840 1232 4892 animi
1263 4850 1348 4893 est
1375 4848 1429 4892 et
1470 4840 1687 4892 excelsi.
1741 4840 1981 4905 Itemque

418 4909 590 4977 magis
613 4919 695 4962 est
713 4910 1005 4962 secundum
1046 4925 1284 4963 naturam
1336 4923 1432 4977 pro
1461 4910 1706 4960 omnibus
1736 4909 1981 4971 gentibus

419 4981 489 5049 (si
518 4983 630 5033 lteri
663 4983 850 5049 possit)
883 4983 1265 5033 conservandis
1307 4992 1396 5032 aut
1444 4978 1982 5049 juvaiidisniaxnnos

419 5048 634 5103 labores
664 5048 1036 5117 molestiasque
1061 5053 1352 5115 suscipere,
1385 5051 1651 5101 imitantes
1697 5048 1978 5101 Herculem

419 5121 592 5181 illum,
622 5135 778 5189 quem
803 5121 1075 5173 hominum
1109 5119 1242 5170 fami
1278 5119 1655 5171 beneficiorum
1686 5134 1892 5173 memor
1927 5122 1976 5171 in

417 5192 648 5244 concilio
674 5191 970 5246 ctelestium
1001 5189 1297 5251 collocavit,
1347 5204 1505 5258 quam
1536 5203 1714 5242 Vivere
1765 5190 1815 5241 in
1857 5189 1982 5241 soli-

421 5261 605 5315 tudine
634 5277 739 5315 nou
773 5265 930 5314 modo
963 5264 1080 5315 sine
1123 5260 1246 5312 ullis
1278 5260 1558 5321 molestiis,
1590 5261 1682 5312 sed
1712 5261 1872 5312 etiam
1925 5260 1977 5310 in

420 5331 669 5385 maximis
698 5331 1075 5398 voluptatibus,
1106 5331 1744 5398 abundantemromnihus
1784 5331 1974 5396 co,iiis,

421 5410 481 5454 ut
506 5404 665 5456 etiam
688 5397 915 5455 excellas
945 5401 1333 5469 pulchritudine
1361 5408 1415 5452 et
1441 5397 1657 5469 viribus.
1711 5400 1976 5465 Quocirca

419 5472 623 5539 cptinio
648 5472 873 5540 quisque
897 5468 1430 5537 splendidissitnoqne
1461 5468 1674 5535 ingenio
1704 5470 1857 5539 longe
1887 5471 1976 5522 illa

419 5553 527 5594 vna
559 5539 682 5596 huic
706 5539 1062 5606 anteponitur.
1095 5542 1174 5594 Ex
1203 5556 1306 5606 quo
1330 5539 1559 5593 efficitur
1587 5541 1853 5593 hominem
1882 5556 1979 5593 na-

422 5620 555 5665 tura!
581 5615 914 5666 obedientem
946 5616 1143 5666 homini
1175 5625 1364 5665 nocere
1392 5625 1495 5663 non
1521 5624 1694 5677 posse.

493 5683 591 5750 Qui
612 5697 788 5743 autem
820 5684 1079 5736 rationem
1110 5697 1327 5736 suorum
1355 5681 1549 5735 civium
1574 5683 1757 5734 dicunt
1777 5680 1980 5736 haben-

421 5752 566 5819 dam,
597 5761 935 5823 externorum
963 5762 1196 5823 negant,
1244 5754 1296 5805 hi
1333 5755 1590 5806 dirimunt
1637 5767 1974 5809 communem

423 5825 637 5880 humani
664 5822 873 5892 generis
891 5824 1231 5887 societatem;
1253 5838 1355 5894 qua
1377 5823 1581 5879 sublata
1603 5823 1962 5880 beneficentia

748 5917 1013 5978 ΡΑτιιυι..
1061 5914 1191 5976 XC.

2079 563 2168 632 qni
2201 566 2414 629 tollunt,
2445 566 2603 618 etiim
2635 564 2892 618 adversus
2934 561 3064 615 deos
3118 560 3445 615 immortales
3500 559 3653 627 impii

2076 634 2347 702 judicandi
2403 645 2546 688 sunt.

2148 705 2356 757 .liistiiia
2406 707 2550 757 enim
2593 718 2693 756 una
2742 703 2909 756 virtus
2938 703 3173 757 omnium
3201 706 3304 766 est,
3332 698 3551 754 domina
3603 706 3658 752 et

2077 778 2257 842 regina
2290 777 2562 828 virtutum.

2148 841 2312 899 Situm
2360 847 2550 907 cuique
2604 843 2994 897 incommodum
3045 841 3318 897 ferendum
3353 850 3435 897 est

2077 930 2233 982 quam
2258 919 2323 969 ile
2354 915 2569 968 alterius
2597 918 2892 968 commodis
2918 913 3326 967 detrahendum.

2150 987 2286 1037 Nihil
2312 1002 2437 1039 vero
2454 986 2597 1047 utile,
2615 987 2752 1055 quod
2775 1002 2878 1037 non
2903 987 3037 1038 idem
3063 986 3376 1055 honestum;
3405 982 3530 1037 nihil
3555 982 3651 1036 ho-

2080 1064 2286 1108 nestum
2305 1058 2443 1122 quod
2470 1072 2570 1108 non
2599 1057 2908 1113 identutile;
2928 1067 2980 1107 et
3004 1056 3089 1108 tibi
3110 1054 3397 1121 turpitudo,
3424 1055 3493 1108 ibi
3515 1056 3652 1107 utili~

2081 1137 2160 1179 tas
2187 1142 2304 1179 esse
2324 1143 2427 1181 non
2452 1136 2654 1193 potest;
2679 1126 2743 1178 ad
2776 1126 3108 1178 linnesuitem
3140 1127 3279 1178 enim
3313 1125 3419 1178 nati
3441 1139 3648 1179 sumus.

2151 1199 2292 1250 Satis
2318 1196 2460 1250 enim
2490 1199 2642 1249 nobis
2671 1199 2735 1266 (si
2778 1197 2933 1248 modo
2965 1198 3015 1246 in
3065 1195 3396 1262 philosophia
3448 1197 3646 1265 aliquid

2081 1268 2424 1336 profecimus)
2459 1265 2770 1335 persuasum
2801 1281 2917 1318 esse
2967 1266 3145 1336 debet,
3195 1265 3238 1318 si
3291 1280 3479 1319 omnes
3522 1270 3654 1322 deos

2080 1335 2428 1404 hominesque
2455 1338 2629 1390 celare
2650 1336 2934 1401 possimus.
2964 1335 3094 1388 nihil
3114 1347 3288 1388 tamen
3311 1349 3493 1399 avare,
3517 1337 3650 1390 nihil

2080 1407 2293 1471 iniuste,
2325 1407 2453 1461 nihil
2486 1407 2784 1462 libidinose.
2839 1407 2979 1458 nihil
3000 1407 3386 1460 incontinenter
3427 1421 3548 1461 esse
3574 1407 3650 1460 fa-

2078 1478 2350 1531 ciendum.

2153 1546 2382 1600 Honesta
2413 1548 2551 1600 enim
2582 1548 2735 1600 bonis
2762 1546 2891 1600 viris
2934 1543 3140 1599 occulti
3173 1555 3507 1613 queruntur.

2149 1617 2258 1672 Nec
2286 1629 2481 1671 nostrai
2512 1618 2665 1671 nobis
2686 1619 2942 1672 utilitates
2967 1617 3314 1670 obiiiittenda:
3336 1628 3482 1682 sunt,
3506 1617 3656 1672 aliis-

2080 1701 2184 1756 que
2234 1689 2524 1748 tradendtc.
2557 1704 2676 1741 cum
2706 1689 2769 1742 iis
2797 1687 2896 1752 ipsi
2927 1701 3178 1754 egeamus
3215 1704 3228 1741 :
3259 1687 3354 1741 sed
3386 1701 3494 1741 eine
3543 1692 3657 1740 oui-

2080 1773 2185 1882 :ue
2209 1761 2423 1882 utigtati
2454 1759 2597 1828 quod
2627 1764 2742 1815 sine
2771 1759 2994 1813 alterius
3041 1756 3233 1845 injuria
3281 1759 3370 1811 liat
3419 1762 3659 1812 servien-

2121 1844 2208 1882 um
2251 1844 2282 1882 e
2337 1868 2352 1882 .

2121 1844 2208 1882 um
2251 1839 2352 1884 est.
3055 1834 3066 1845 '

2160 1901 2305 1953 Scite
2333 1899 2474 1954 enim
2501 1897 2857 1970 Chrysippus,
2877 1895 2978 1963 Qui
3009 1897 3239 1952 stadium
3271 1897 3489 1968 (inquit)
3535 1913 3658 1953 cur-

2091 1970 2181 2034 rit,
2211 1971 2338 2022 eniti
2371 1980 2426 2023 et
2467 1970 2792 2023 contendere
2830 1969 2991 2023 debet
3017 1984 3172 2030 quam
3206 1970 3435 2020 maxime
3465 1974 3653 2034 possit,

2091 2049 2148 2093 ut
2177 2044 2371 2104 vincat,
2402 2042 2744 2107 supplantare
2763 2054 2886 2092 eum
2909 2038 3120 2107 quicum
3148 2047 3337 2096 certet,
3367 2049 3457 2092 aut
3497 2055 3655 2091 manu

2092 2110 2290 2176 pellere
2320 2110 2466 2162 nullo
2497 2111 2655 2162 modo
2685 2110 2862 2163 debet.
2895 2112 2982 2161 Sic
3012 2108 3062 2160 iit
3107 2108 3211 2160 vita
3253 2109 3352 2161 sibi
3393 2123 3657 2175 quemque

2093 2191 2274 2244 petere
2299 2183 2437 2247 quod
2471 2181 2732 2247 pertineat
2759 2179 2825 2233 ad
2854 2193 3034 2246 usuin,
3086 2193 3191 2232 non
3239 2179 3487 2248 iniquum
3541 2188 3658 2242 est;

2091 2251 2182 2304 sed
2216 2251 2367 2305 alteri
2415 2251 2646 2314 diripere
2681 2250 2767 2319 jus
2797 2265 2900 2304 non
2931 2259 3032 2303 est.

2166 2321 2347 2386 Neque
2376 2331 2563 2374 contra
2594 2317 2824 2386 tempus,
2858 2335 3028 2389 neque
3055 2327 3240 2389 contra
3283 2317 3656 2388 jusjurandum

2092 2404 2154 2442 ac
2185 2391 2365 2455 tidem,
2391 2391 2545 2444 amici
2576 2392 2654 2442 sui
2686 2405 2844 2445 causa
2872 2388 2955 2444 vir
2981 2393 3152 2445 bonus
3198 2388 3373 2443 faciet.
3435 2391 3564 2444 Nam
3614 2393 3658 2442 si

2092 2459 2268 2514 omnia
2303 2461 2540 2514 facienda
2569 2463 2676 2513 sint
2713 2477 2830 2526 qua:
2857 2460 3012 2514 amici
3041 2461 3222 2523 velint,
3253 2474 3356 2513 non
3408 2461 3660 2514 amicitia:

2095 2531 2247 2593 tales,
2276 2532 2372 2585 sed
2401 2531 2801 2600 coniurationes
2831 2530 3076 2597 putanda:
3107 2541 3248 2582 sunt.
3283 2529 3414 2584 Nam
3455 2545 3575 2584 eum
3609 2535 3659 2585 id

2092 2601 2235 2668 quod
2262 2603 2393 2656 utile
2420 2604 2631 2656 videtur
2675 2600 2727 2654 in
2766 2603 3020 2665 amicitia,
3064 2615 3184 2653 cum
3228 2616 3295 2654 eo
3323 2602 3462 2668 quod
3495 2601 3662 2654 hone-

2093 2680 2234 2740 stum
2264 2683 2346 2726 est
2375 2681 2734 2740 comparatur,
2755 2671 2932 2740 jaceat
2959 2670 3199 2725 utilitatis
3228 2672 3453 2739 species,
3484 2673 3664 2726 vati-at

2094 2738 2366 2796 honestas.
2397 2738 2526 2795 Cum
2556 2738 2735 2796 autem
2759 2738 2812 2795 in
2862 2743 3112 2805 amicitia,
3155 2738 3271 2807 quze
3302 2741 3524 2796 honesta
3556 2759 3659 2797 non

2092 2822 2222 2882 sunt,
2246 2815 2537 2877 postulant,
2590 2815 2774 2881 religio
2803 2823 2857 2865 et
2885 2812 3013 2866 fides
3041 2821 3389 2880 anteponatur
3415 2809 3659 2882 justitiai.

2163 2880 2302 2936 Nihil
2335 2885 2472 2947 quod
2505 2880 2738 2944 crudele,
2774 2883 2922 2937 utile.
2956 2884 3050 2936 Est
3069 2885 3210 2936 enim
3244 2880 3514 2938 hominum
3556 2899 3655 2938 na-

2093 2960 2250 3076 ῗῖηε,
2294 2970 2450 3024 quam
2478 2953 2624 3021 sequi
2650 2954 2930 3022 debemus,
2962 2955 3197 3007 maxime
3225 2953 3434 3007 inimica
3465 2954 3662 3009 crude-

2115 3039 2126 3074 Ι
2155 3039 2233 3075 as.

2115 3031 2233 3075 itas.

2165 3092 2298 3147 Male
2327 3093 2485 3148 etiam
2516 3107 2634 3162 quae
2661 3093 2966 3162 peregrinos
2994 3093 3214 3149 urbibus
3245 3093 3323 3148 uti
3353 3091 3660 3162 prohibent,

2093 3177 2292 3232 eosque
2307 3165 2689 3218 exterminant.
2722 3165 2851 3218 Nam
2869 3179 2989 3220 esse
3013 3182 3105 3232 pro
3128 3164 3263 3226 cive,
3287 3165 3374 3233 qui
3397 3165 3528 3219 civis
3552 3183 3655 3219 non

2100 3235 2191 3298 sit,
2212 3247 2413 3289 rectum
2445 3249 2566 3289 esse
2598 3251 2701 3287 non
2754 3235 2950 3302 licere;
3005 3251 3102 3290 usu
3131 3249 3260 3289 vero
3289 3235 3436 3292 urbis
3482 3235 3661 3306 prohi-

2083 3303 2214 3358 bere
2244 3307 2571 3372 peregrinos,
2602 3320 2731 3359 sane
2757 3306 3099 3360 inhumanum
3123 3314 3226 3358 est.

2157 3376 2228 3428 Ex
2259 3375 2401 3428 omni
2449 3378 2548 3428 vitii
2595 3376 2866 3429 simulatio
2911 3376 3372 3431 dissimulatioque
3421 3375 3653 3431 tollenda

2079 3453 2182 3498 est.
2211 3444 2468 3498 Tollenda
2497 3454 2581 3498 est
2611 3446 2771 3514 igitur
2799 3461 2866 3500 ex
2913 3449 3075 3500 rebus
3103 3444 3476 3500 contrahendis
3502 3463 3662 3501 omne

2081 3516 2434 3569 mendacium.

2155 3586 2354 3636 Ennius
2386 3586 2457 3635 ait
2486 3585 2839 3650 nequidquam
2871 3584 3170 3652 sap'entcm
3199 3599 3407 3651 sapere.
3442 3585 3530 3653 qui
3575 3585 3643 3636 si-

2080 3652 2131 3705 bi
2172 3657 2426 3716 prodesse
2457 3670 2559 3704 non
2594 3655 2803 3716 quierit.
2865 3657 2958 3707 Est
3003 3666 3178 3706 autem
3222 3652 3477 3716 sapientis
3527 3656 3656 3707 nihil

2077 3733 2260 3774 contra
2288 3737 2484 3780 mures.
2515 3725 2681 3788 leges,
2707 3723 2942 3776 instituta
3001 3722 3199 3786 facere,
3250 3723 3446 3779 habere
3496 3727 3658 3777 ratio-

2080 3806 2203 3844 nent
2227 3794 2301 3845 rei
2328 3791 2628 3846 familiaris.
2654 3795 2837 3861 Neque
2866 3793 3008 3845 enim
3039 3794 3212 3846 solum
3260 3795 3412 3848 nobis
3462 3794 3654 3848 divites

2077 3875 2201 3914 esse
2222 3861 2495 3925 volumus,
2522 3865 2616 3915 sed
2651 3865 2852 3929 liberis,
2876 3865 3208 3930 propinquis,
3231 3864 3440 3928 amicis,
3487 3867 3656 3918 maxi-

2080 3946 2269 3995 [neque
2295 3933 2501 3998 reiputi.
2523 3933 2874 4004 Singulorum
2897 3935 3039 3990 enim
3064 3931 3340 3987 facultates
3362 3943 3416 3987 et
3453 3937 3644 4004 Cupit.

2078 4004 2276 4055 divitia:
2293 4012 2414 4055 sunt
2437 4001 2683 4056 civitatis.

2156 4074 2265 4127 Nec
2283 4073 2386 4125 ulla
2413 4075 2676 4137 pernicies
2695 4074 2820 4127 vitae
2837 4074 3006 4138 maior
3024 4071 3248 4127 inveniri
3273 4081 3469 4141 potest,
3493 4089 3650 4138 quam

2080 4141 2132 4196 in
2156 4143 2353 4196 malitia
2379 4143 2654 4213 simulatio
2676 4143 3063 4212 intelligentiae.
3099 4141 3224 4198 Mihi
3253 4144 3466 4213 quidem
3488 4148 3650 4200 etiam

2083 4227 2224 4267 verae
2257 4212 2596 4267 hereditates
2622 4231 2726 4268 non
2755 4217 2994 4271 honeStai
3016 4212 3284 4280 videnlur,
3307 4214 3352 4268 si
3383 4225 3506 4270 sunt
3538 4231 3653 4270 ma-

2080 4282 2275 4338 litiosis
2303 4283 2598 4337 officiorum
2648 4285 3048 4349 blanditiis-mon
3082 4285 3327 4348 veritate,
3361 4286 3453 4337 sed
3482 4288 3652 4340 simu-

2082 4353 2301 4420 latione,
2329 4355 2584 4420 quaesitas.
2611 4357 2782 4423 Atque
2811 4356 2863 4409 in
2909 4355 3108 4409 talibus
3139 4358 3301 4408 rebus
3343 4355 3486 4410 aliud
3525 4360 3656 4414 utile

2083 4425 2372 4485 interdum.
2405 4424 2546 4477 aliud
2573 4425 2850 4479 honestum
2875 4426 3042 4480 videri
3086 4425 3220 4479 falso
3245 4426 3402 4480 solet.

2159 4494 2327 4548 Homo
2348 4496 2537 4560 iustus,
2566 4509 2722 4564 quem
2750 4497 3010 4550 sentimus
3040 4499 3237 4550 bonum
3282 4497 3477 4559 virum,
3524 4496 3655 4551 nihil

2084 4566 2332 4631 cuiquam
2362 4564 2501 4632 quod
2533 4564 2583 4616 in
2631 4580 2692 4619 se
2733 4575 2968 4620 transeat
2999 4566 3260 4619 detrahet.
3294 4566 3404 4621 lloc
3444 4565 3535 4634 qni
3564 4569 3660 4620 ad-

2083 4635 2332 4698 miratur,
2358 4635 2406 4686 is
2444 4648 2502 4687 se
2531 4635 2654 4699 quid
2684 4633 2756 4688 sit
2803 4637 2883 4688 vir
2924 4638 3114 4694 bonus.
3142 4636 3351 4689 nescire
3402 4633 3652 4691 fateatur.

2082 4707 2152 4759 At
2175 4718 2301 4757 vero
2321 4704 2366 4756 si
2395 4707 2514 4769 quis
2540 4706 2766 4758 voluerit
2791 4706 2953 4759 animi
2980 4709 3059 4758 sui
3085 4706 3453 4766 complicatam
3481 4709 3652 4760 notio-

2083 4789 2202 4829 nem
2227 4778 2500 4834 evolvere.
2535 4773 2646 4841 jain
2675 4778 2906 4843 seipsuin
2949 4776 3137 4829 doceat
3184 4789 3305 4828 eum
3338 4776 3538 4829 bonum
3575 4793 3654 4828 νι-

2082 4859 2202 4897 rum
2232 4858 2372 4905 esse,
2403 4844 2491 4910 qui
2519 4845 2688 4908 prosit
2714 4849 2908 4913 quibus
2932 4848 3116 4914 possit,
3148 4855 3201 4899 et
3233 4856 3424 4900 noceat
3452 4846 3655 4901 nemini

2084 4917 2181 4965 nisi
2215 4914 2496 4968 lacessitos
2523 4915 2739 4981 injuria.
2767 4915 2951 4984 Itaque
2979 4918 3098 4969 talis
3129 4916 3209 4966 vir
3233 4929 3336 4968 non
3370 4916 3532 4969 modo
3577 4919 3654 4968 la-

2083 4997 2230 5049 cere,
2259 4985 2352 5036 sed
2403 4999 2501 5036 nec
2555 4987 2792 5052 cogitare
2837 4988 3050 5054 quidem
3095 4984 3380 5053 quidquam
3407 4985 3654 5052 audebit,

2081 5059 2222 5122 quod
2252 5069 2365 5124 non
2384 5054 2557 5106 valeat
2584 5057 2896 5122 praedicare.
2931 5057 3035 5110 Nec
3066 5071 3190 5107 vero
3240 5065 3389 5124 turpe
3410 5066 3492 5108 est
3539 5056 3660 5122 phi-

2083 5125 2307 5194 liisopho
2337 5122 2582 5177 dubitare
2604 5141 2723 5192 quia
2754 5140 2851 5179 nec
2897 5127 3078 5178 rustici
3127 5122 3340 5194 quidem
3386 5124 3657 5182 dubitant.

2081 5191 2236 5248 Cadit
2263 5194 2505 5264 igiturin
2538 5191 2710 5264 virum
2735 5196 2929 5249 bonum
2955 5191 3164 5248 mentiri
3188 5195 3531 5249 emolumenti
3569 5199 3658 5251 sui

2081 5279 2261 5324 causa,
2294 5263 2586 5328 criminari,
2618 5269 2855 5332 eripere,
2889 5266 3092 5330 fallere,
3123 5265 3250 5318 nihil
3278 5267 3516 5333 profecto
3540 5268 3657 5320 mi-

2083 5349 2202 5388 nus.
2231 5336 2326 5388 Est
2352 5348 2482 5402 ergo
2513 5334 2614 5387 ulla
2649 5351 2735 5388 res
2765 5336 2917 5398 tanti,
2967 5345 3057 5386 aut
3103 5336 3442 5388 commodum
3485 5338 3652 5392 ullum

2083 5414 2189 5458 tam
2215 5407 2593 5469 expetendum,
2630 5415 2688 5457 iit
2713 5404 2809 5458 viri
2835 5405 2955 5457 boni
3002 5412 3055 5456 et
3080 5406 3415 5464 splendorem
3461 5416 3517 5461 et
3550 5425 3655 5462 tio-

3477 841 3655 911 potius

2082 5491 2203 5529 nien
2231 5477 2468 5527 amittas.
2494 5474 2628 5539 Quid
2653 5483 2738 5528 est
2765 5476 2905 5544 quod
2938 5471 3128 5528 αἰτεῖτε
3153 5476 3351 5529 utilitas
3382 5476 3479 5530 ista
3530 5494 3656 5544 pos-

2081 5547 2172 5608 sit,
2201 5546 2245 5598 si
2278 5545 2398 5598 boni
2423 5548 2517 5597 viri
2551 5561 2747 5600 nomen
2768 5543 3072 5612 arripnent,
3099 5554 3155 5600 et
3183 5545 3339 5599 tidem
3368 5543 3661 5611 justitiam-

2079 5632 2182 5684 que
2210 5615 2520 5670 detraxerit.
2553 5615 2688 5682 Quid
2723 5616 2866 5671 enim
2892 5617 3110 5670 interest
3137 5625 3311 5671 utrum
3338 5632 3404 5669 ex
3431 5619 3655 5671 homine

2077 5694 2354 5740 convertat
2407 5701 2466 5736 se
2513 5703 2629 5752 qtlls
2684 5687 2736 5737 in
2791 5688 3042 5749 helluam,
3089 5701 3157 5741 an
3205 5687 3436 5742 hominis
3479 5687 3649 5754 figura

2079 5758 2460 5812 immanitatem
2484 5766 2632 5824 gerat
2660 5757 2850 5811 bellua:
2869 5757 2892 5810 τ
2914 5759 3011 5822 Qui
3037 5756 3081 5809 si
3111 5759 3285 5812 omnia
3317 5768 3457 5811 recta
3480 5766 3534 5809 et
3558 5760 3662 5808 lto-

2080 5837 2229 5885 uesta
2259 5827 2549 5896 negligant.
2575 5827 2865 5883 dummodo
2905 5829 3188 5898 potentiam
3230 5837 3658 5898 consequuntur,

3154 5917 3230 5975 34
