4162 6212
497 380 635 439 1067

999 374 1205 434 BENE
1234 371 1701 433 VENEBABIIJS
1738 374 1894 436 OPP.
1923 377 2061 433 ῬᾹΒ

2161 378 2188 432 Ι.
2230 378 2517 438 8ΕοΤ.11.
2544 411 2613 423 --
2646 380 2850 438 DDBIA
2893 380 2981 437 ET
3019 378 3293 438 SPURIA.

3618 379 3753 444 £068

490 506 669 546 nonne
697 489 1083 545 immanitatem
1115 486 1308 542 belluas
1336 487 1563 556 gerunt?
1586 486 1723 555 Quid
1751 488 1794 540 si
1828 490 2064 558 tyranni-
2096 495 2144 551 Α
2172 491 2359 557 gritas,
2403 491 2756 557 aequabilitas,
2809 494 3102 549 liberalitas
3133 512 3149 549 :
3183 510 3284 551 nec
3309 494 3384 551 sit
3429 495 3481 550 in
3526 497 3607 552 eis
3650 499 3753 555 ulla

489 565 612 617 dem
642 574 930 629 occupare,
963 560 1007 614 si
1041 559 1267 627 patriam
1303 559 1532 627 prodere
1578 558 1862 613 conabitur
1894 568 2063 626 pater,

489 635 740 688 silebitne
797 631 968 685 filius?
1000 630 1111 683 lmo
1157 643 1283 683 vero
1313 629 1617 683 obsecrabit
1662 639 1867 695 patrem
1902 630 2066 695 filius,

493 721 561 759 ne
593 703 643 758 id
677 704 862 765 iaciat;
895 701 941 756 si
974 700 1106 755 nihil
1156 700 1418 767 proficiet,
1450 700 1747 761 accusabit,
1782 701 2070 754 minabitur

488 776 649 829 etiam
681 775 746 828 ad
777 785 1099 833 estremoto,
1130 771 1175 824 si
1203 770 1267 824 ad
1300 770 1588 835 perniciem
1623 772 1807 837 patria:
1833 786 1919 826 res
1945 787 2071 841 spe-

487 847 691 911 stabit;
723 847 908 913 patria:
937 842 1161 896 salutem
1193 845 1351 895 saluti
1382 843 1547 909 patris
1577 853 1913 912 anteponet.

561 917 722 971 Paeta
744 925 795 970 et
824 913 1086 983 promissa
1107 928 1321 980 semper
1346 913 1605 967 servanda
1632 924 1778 979 sunt,
1818 928 1940 985 qum
1970 930 2069 970 nec

487 988 537 1040 vi
564 1003 664 1044 nec
693 986 815 1042 dolo
840 986 980 1039 malo
1010 991 1091 1052 (ut
1134 993 1392 1053 praetores
1445 986 1626 1039 dicere
1674 986 1873 1057 solent)
1928 986 2066 1040 facta

486 1069 630 1116 sunt.

558 1130 743 1201 Neque
788 1142 1001 1195 semper
1042 1126 1304 1201 deposita
1336 1125 1606 1201 reddenda
1658 1136 1801 1183 sunt.
1851 1128 1906 1183 Si
1954 1129 2069 1197 gla-

483 1202 630 1258 dium
654 1198 781 1269 quis
810 1215 937 1254 sana
969 1209 1149 1253 monte
1170 1198 1307 1266 apud
1335 1206 1386 1251 te
1408 1198 1737 1266 deposuerit,
1786 1208 1840 1253 et
1864 1208 2071 1266 repetat

482 1275 729 1341 insanus,
782 1270 1008 1326 reddere
1038 1280 1337 1337 peccatum,
1389 1269 1623 1341 ollicium
1666 1285 1769 1323 non
1817 1271 2062 1326 reddere.

481 1343 633 1411 Quod
664 1340 852 1411 siquis
880 1342 967 1410 qui
998 1341 1135 1408 apud
1170 1353 1220 1394 te
1255 1340 1532 1405 pecuniam
1561 1340 1898 1407 deposuerit,
1946 1342 2064 1395 bel-

484 1418 593 1469 lum
625 1415 815 1469 inferat
860 1412 1045 1479 patria:
1078 1452 1093 1477 ,
1142 1422 1427 1481 pactumue
1490 1411 1684 1465 reddes
1729 1412 2067 1480 depositum"?

480 1501 590 1541 non
616 1485 800 1540 credo.
831 1481 1014 1539 Furios
1032 1484 1180 1553 enim
1205 1490 1393 1534 contra
1436 1482 1708 1550 reutpub.,
1742 1499 1861 1553 qua:
1910 1484 2068 1538 debet

482 1572 604 1611 esse
630 1556 967 1611 charissima.
1022 1552 1113 1607 Sic
1160 1553 1324 1608 multa
1376 1568 1495 1617 qua:
1543 1552 1768 1608 honesm
1818 1555 2068 1610 videntur

482 1639 695 1694 natura,
747 1624 1079 1693 temporibus
1105 1625 1235 1678 fiunt
1266 1638 1369 1676 non
1400 1624 1644 1678 honesta.
1697 1624 1898 1679 Facere
1942 1641 2067 1693 pro-

483 1701 671 1763 missa,
700 1708 844 1753 stare
870 1697 1170 1767 conventis,
1205 1694 1434 1750 reddere
1464 1695 1705 1763 deposita
1736 1706 2065 1751 commutata

484 1768 713 1823 utilitate
740 1769 872 1822 (lunt
898 1782 1001 1820 non
1032 1767 1274 1820 honesta.

554 1841 873 1895 Pervertunt
897 1838 1139 1891 homines
1167 1853 1229 1891 ea
1253 1851 1371 1906 qua:
1393 1848 1517 1890 sunt
1547 1833 1890 1891 fundamenta
1914 1845 2060 1891 natu-

481 1927 577 1974 rte,
609 1925 730 1966 cum
759 1910 1040 1964 utilitatem
1070 1910 1137 1962 ab
1176 1909 1457 1963 honestate
1496 1907 1805 1976 sejungunt.
1853 1913 2054 1961 Umnes

480 1983 621 2035 enim
652 1981 955 2049 expetimus
983 1978 1283 2040 utilitatem,
1318 1981 1382 2032 ad
1414 1994 1639 2047 eamque
1671 1982 1927 2047 rapimur,
1958 1995 2057 2033 nec

481 2054 657 2108 facere
679 2054 834 2107 aliter
864 2052 968 2107 ulla
1002 2049 1160 2103 modo
1186 2063 1489 2118 posmmus.
1524 2050 1653 2102 Nam
1683 2051 1803 2119 quis
1840 2060 1925 2104 est
1964 2049 2056 2119 qui

481 2123 626 2179 utilia
655 2123 837 2193 fugiat,
870 2132 960 2176 aut
990 2122 1312 2193 quispotius
1334 2130 1416 2173 est
1443 2119 1535 2188 qui
1562 2135 1623 2174 ea
1651 2137 1754 2173 non
1778 2122 2057 2193 studiosis-

480 2194 616 2249 sime
639 2190 1026 2265 prosequatur?
1047 2192 1140 2265 sed
1167 2192 1287 2261 quia
1316 2205 1421 2265 non
1448 2206 1728 2259 possumus
1754 2191 2055 2265 nisilaude,

477 2260 693 2332 decore,
729 2260 1007 2320 honestate
1051 2260 1199 2316 utilia
1250 2260 1510 2325 reperire,
1551 2271 1833 2331 prepterea
1866 2262 1952 2315 illa
2001 2272 2057 2316 et

481 2339 649 2409 prima
678 2345 733 2409 et
754 2351 961 2409 summa
989 2335 1268 2388 habemus.
1300 2332 1552 2409 Utilitatis
1583 2349 1709 2387 vero
1733 2346 1925 2387 nomen
1950 2347 2055 2409 non

480 2403 584 2461 iam
614 2407 952 2477 splendidqu
982 2419 1140 2477 quam
1185 2403 1543 2477 necessarium
1593 2413 1865 2477 putamus,
1915 2403 2059 2459 unde

477 2473 713 2533 omnium
742 2478 924 2548 regula
953 2473 1055 2548 una
1081 2485 1183 2548 est,
1211 2489 1369 2548 quam
1414 2473 1509 2528 tibi
1550 2475 1708 2548 cupio
1735 2488 1858 2529 esse
1890 2479 2061 2529 notis-

475 2551 665 2604 simam
696 2567 708 2603 :
740 2544 844 2604 Αιῐι
865 2547 993 2603 illud
1032 2547 1185 2617 quod,
1207 2546 1335 2599 utile
1363 2559 1485 2600 esse
1525 2544 1758 2617 videtur,
1789 2559 1858 2601 ne
1905 2554 2060 2617 turpe

476 2624 576 2676 sit:
608 2630 699 2676 aut
727 2621 773 2674 si
807 2630 977 2689 turpe,
1009 2616 1076 2672 ne
1106 2616 1348 2689 videatur
1384 2631 1504 2689 esse
1551 2616 1697 2689 utile.

551 2691 643 2745 ESt
673 2693 812 2746 enim
839 2685 1223 2761 jusjurandum
1253 2686 1537 2761 afﬁrmatio
1588 2687 1838 2758 religiosa
1871 2704 1898 2761 :7
1916 2685 2060 2761 quod

476 2772 655 2817 autem
709 2756 1029 2816 affirmando
1076 2758 1227 2828 quasi
1279 2758 1391 2829 Deo
1440 2767 1576 2815 teste
1624 2756 2062 2829 protuiseris,oid

478 2833 800 2888 servandum
831 2842 933 2888 est.
972 2826 1258 2885 Non'enitn
1290 2826 1480 2882 falsum
1524 2826 1735 2898 jurare,
1789 2831 2063 2900 perjnrare

478 2904 717 2979 est;gsed
747 2900 890 2979 quod
923 2900 1087 2979 animi
1118 2903 1190 2954 tui
1216 2900 1538 2979 sententiam
1584 2900 1877 2979 juraveris,
1925 2902 2064 2956 sicut

478 2970 653 3030 verbis
679 2970 979 3043 concipitur
1006 2973 1059 3025 in
1088 2986 1184 3043 ore
1215 2978 1424 3043 nostro,
1455 2970 1507 3043 id
1538 2986 1656 3043 non,
1684 2970 1888 3043 facere,
1938 2985 2063 3040 per-

472 3045 670 3111 jurium
701 3055 785 3101 est
816 3040 984 3098 {nam
1036 3042 1243 3097 nullum
1294 3040 1566 3096 vinculum
1595 3042 1663 3096 ad
1694 3042 2061 3110 stringendam

474 3121 632 3172 Iidem
656 3113 1003 3187 jurejurando
1034 3113 1201 3187 nostri
1230 3111 1464 3187 majores
1495 3128 1627 3187 esse
1645 3114 1859 3187 arctius
1875 3112 2061 3187 volue-

476 3190 601 3241 rint.
637 3181 728 3241 Est
756 3181 931 3241 autem
958 3184 1045 3254 jus
1073 3184 1235 3237 etiam
1266 3182 1516 3237 bellicum
1563 3184 1801 3253 fidesque
1840 3181 2061 3253 jurisju-

475 3258 623 3313 randi
656 3273 800 3324 saepe
831 3272 950 3311 cum
986 3256 1139 3308 hoste
1163 3254 1447 3324 servanda.

548 3330 662 3384 Non
712 3323 871 3382 debet
913 3337 1085 3397 ratum
1133 3338 1255 3397 esse
1299 3323 1442 3392 quod
1489 3334 1667 3380 actum
1697 3334 1779 3382 est
1808 3342 1903 3397 per
1932 3329 2063 3396 vim,

475 3401 625 3470 quasi
652 3414 781 3455 vero
812 3396 942 3454 forti
966 3396 1083 3451 viro
1110 3396 1197 3451 vis
1224 3410 1331 3448 non
1362 3397 1526 3465 possit
1551 3396 1809 3454 adhiberi.

713 3554 800 3610 Ex
829 3553 906 3610 Μ.
939 3552 1001 3610 Τ.
1031 3553 1289 3610 Ciceronis
1317 3553 1449 3609 libro
1472 3553 1536 3609 de
1564 3554 1820 3609 Amicitia.

544 3686 862 3743 Existitnare
904 3685 1067 3741 debes
1098 3685 1374 3740 hominum
1402 3685 1588 3740 oculos
1621 3685 1673 3740 in
1704 3694 1757 3740 te
1781 3700 1901 3742 esse
1926 3701 2059 3742 con-

470 3761 666 3831 jectos,
690 3774 856 3814 unum
880 3768 931 3813 te
950 3758 1244 3827 sapientem
1264 3768 1318 3812 et
1349 3757 1633 3831 appellant
1649 3766 1705 3810 et
1732 3758 2056 3831 existimant,

473 3827 581 3887 non
625 3833 797 3886 solum
838 3839 1023 3882 natura
1053 3837 1107 3881 et
1134 3830 1393 3893 moribus,
1425 3827 1519 3880 sed
1563 3827 1725 3881 etiam
1777 3829 1955 3882 studio
2007 3838 2061 3883 et

471 3905 711 3956 doctrina
744 3918 757 3953 :
791 3914 962 3969 neque
1007 3898 1422 3969 siculis-uiguit,
1454 3898 1548 3951 sed
1582 3898 1863 3969 uteruditi
1887 3900 2060 3955 solent

472 3973 745 4048 appellare
799 3968 1147 4048 sapientem._
1174 3968 1343 4048 lianc.
1372 3983 1494 4023 esse
1549 3968 1862 4048 sapientiam
1894 3971 1965 4048 _in
2008 3982 2060 4025 te

471 4039 807 4108 eiistimant,
837 4041 977 4112 quod
1004 4039 1181 4112 omnia
1212 4049 1300 4112 tua
1331 4039 1386 4112 i‘n
1418 4049 1468 4112 te
1496 4040 1664 4107 posita
1702 4053 1824 4094 eose
1872 4041 2057 4104 ducas,

469 4108 1027 4182 huntanosque'casus
1056 4111 1247 4182 virtute
1278 4108 1561 4182 inferiores
1601 4118 1772 4182 putes.

543 4186 621 4238 'l’u
641 4179 817 4239 autem
835 4182 974 4252 quod
1000 4179 1128 4235 mihi
1152 4189 1352 4233 tantum
1375 4181 1591 4252 attribui
1618 4179 1773 4244 dicis,
1796 4189 2056 4251 quantum

471 4270 585 4327 ego;
602 4268 701 4327 nec
726 4248 961 4327 agnosco
979 4268 1092 4327 nec
1122 4251 1355 4327 postulo,
1388 4248 1520 4303 facis
1547 4252 1735 4327 amice.

542 4324 699 4379 Nullo
744 4320 1143 4376 c’asu'arbitror
1182 4325 1282 4374 hoc
1318 4320 1839 4392 constantihhomiui
1895 4336 2054 4392 posse

477 4396 810 4463 contingere,
847 4402 902 4446 ut
941 4391 1046 4463 ulla
1079 4391 1404 4463 intermissio
1434 4390 1524 4444 liat
1552 4389 1735 4445 oflicii.

544 4462 1047 4523 Suis’incommodis
1074 4462 1301 4531 graviter
1346 4462 1492 4531 angi,
1521 4476 1627 4516 non
1656 4463 1909 4529 amicum,
1962 4464 2054 4520 sed

469 4537 545 4593 sei
588 4551 703 4591 sum
732 4532 962 4590 amantis
988 4541 1090 4588 est.

540 4552 678 4675 διιὶά
721 4606 894 4660 dicam
936 4604 1006 4658 de
1054 4618 1090 4657 ιι

2174 562 2458 636 cupiditas,
2478 562 2679 636 libido,
2713 566 2958 629 avaritia,
2990 571 3163 635 sitque
3195 580 3382 636 magna
3410 572 3750 624 constantia:

2173 631 2273 686 hos
2306 632 2446 687 viros
2475 633 2645 708 bonos
2672 643 2728 689 ut
2758 638 2921 690 habiti
2949 631 3091 699 sunt,
3124 638 3202 693 sic
3222 631 3382 693 etiam
3406 641 3754 708 appellandos

2173 713 2439 770 putemus,
2463 706 2558 781 qui
2583 720 2702 760 asse
2724 717 3213 781 inanturqnantum
3247 706 3492 767 homines
3531 724 3755 781 possunt

2178 784 2423 828 naturam
2450 776 2706 843 Optimam
2740 778 2877 832 bene
2906 776 3113 833 vivendi
3143 780 3363 835 dueere.

2245 843 2334 900 Sic
2375 847 2518 899 enim
2567 847 2869 915 perspicere
2916 850 3103 905 videor
3155 852 3302 915 mihi,
3338 851 3411 906 ita
3440 859 3593 909 natos
3637 868 3759 909 ease

2174 929 2292 979 nos,
2324 926 2379 993 ut
2402 918 2542 971 inter
2567 933 2756 993 omnes
2786 920 3017 993 societas
3040 924 3283 993 quaedam
3333 925 3404 977 sit
3441 922 3635 993 major.
3667 936 3758 978 aut

2174 994 2230 1040 ut
2282 986 2505 1056 quisque
2553 990 2793 1055 proxime
2841 986 3069 1053 accedit,
3117 992 3297 1057 itaque
3334 994 3479 1049 cives
3518 986 3761 1057 potiores

2170 1072 2331 1127 quam
2355 1059 2642 1132 peregrini,
2672 1062 2951 1129 propinqui
2974 1077 3130 1132 quam
3150 1062 3331 1118 alieni.
3353 1064 3487 1118 Cum
3512 1059 3594 1120 his
3614 1069 3758 1121 enim

2175 1140 2362 1181 natura
2386 1130 2495 1197 ipsa
2531 1134 2735 1197 peperit
2761 1130 3069 1194 amicitiam,
3103 1132 3197 1188 sed
3227 1149 3289 1187 ea
3318 1136 3445 1190 nihil
3467 1150 3571 1190 non
3597 1138 3760 1193 habet

2174 1198 2460 1276 firmitatis.
2492 1200 2877 1276 Namquehoc
2894 1212 3111 1276 prmstat
3154 1206 3388 1261 amicitia
3443 1208 3761 1276 propinqui-

2176 1273 2294 1330 tati.
2320 1269 2466 1346 quod
2487 1286 2552 1325 ex
2599 1273 2992 1341 propinquitate
3019 1275 3387 1331 benevolentia
3420 1269 3759 1346 toili'potist,

2172 1355 2236 1393 es
2264 1342 2503 1416 _a._u_icitia
2541 1357 2647 1396 non
2676 1352 2880 1411 potest;
2922 1346 3126 1399 sublata
3173 1347 3318 1401 enim
3366 1342 3759 1416 benevolentia,

2170 1410 2423 1486 amicitia:
2452 1426 2645 1466 nomen
2679 1410 2901 1479 tollitur,
2936 1417 3349 1486 propinquitatis
3375 1431 3575 1474 manet.

2241 1484 2450 1563 Quanta
2481 1493 2657 1537 autem
2687 1486 2764 1563 vis
2793 1484 3049 1563 amicitiae
3066 1484 3251 1563 sit,_ex
3282 1488 3381 1563 hoc
3410 1490 3631 1563 intelligi
3660 1505 3760 1559 po-

2174 1559 2277 1630 test
2307 1555 2538 1609 maxime
2567 1555 2708 1630 quod
2739 1572 2801 1630 es
2834 1558 3035 1630 inlinita
3066 1558 3319 1630 societate
3343 1560 3556 1615 humani
3578 1555 3755 1630 gerie-

2170 1623 2268 1690 ris,
2311 1640 2474 1697 quam
2523 1626 2971 1697 conciliavitipsa
3000 1638 3210 1697 natura,
3244 1628 3317 1684 ita
3342 1623 3618 1688 contracta
3670 1648 3761 1687 res

2169 1705 2273 1767 est,
2310 1694 2362 1747 in
2392 1707 2791 1767 angustumque
2818 1694 3068 1764 deducta,
3102 1708 3158 1753 ut
3184 1694 3361 1757 omnis
3388 1703 3623 1758 cbaritas
3667 1713 3760 1758 ant

2170 1763 2311 1839 inter
2340 1763 2593 1839 duosaut
2621 1763 2820 1837 paucos
2848 1763 3283 1839 coniungeretur.

2243 1836 2335 1888 Est
2368 1838 2510 1889 enim
2543 1836 2773 1892 amicitia
2806 1836 3108 1894 nihil'aliud
3140 1844 3241 1895 nisi
3271 1842 3507 1897 omnium
3546 1844 3761 1899 divina-

2168 1919 2285 1978 rum
2315 1907 2776 1978 humanarumque
2806 1924 2982 1965 rerum
3010 1927 3130 1965 cum
3162 1914 3535 1969 benevolentia
3556 1926 3612 1971 et
3632 1920 3761 1971 cha-

2164 1974 2319 2054 ritate
2361 1982 2665 2054 consensio.
2690 1974 3043 2054 'Quayquod
3091 1983 3229 2037 haud
3280 1984 3396 2054 scio
3424 2002 3490 2039 an
3521 1995 3751 2054 excepta

2160 2048 2418 2116 sapientia
2443 2050 2736 2119 quidquam
2779 2048 2972 2106 melius
3001 2054 3067 2106 sit
3100 2053 3406 2108 hominibus
3434 2071 3464 2109 a
3493 2056 3600 2110 diis
3650 2048 3752 2111 iiu-

2162 2119 2732 2192 mortatibusdatum.
2790 2120 3014 2192 Divitias
3043 2124 3131 2177 alii
3165 2136 3501 2192 prmponunt,
3558 2128 3753 2180 bonam

2160 2188 2681 2261 aliiivaletudiuem,
2737 2190 2825 2244 alii
2874 2188 3187 2261 potentiam,
3235 2188 3325 2248 alii
3375 2188 3630 2261 honores,
3664 2199 3755 2251 alii

2162 2258 2375 2325 quidem
2408 2263 2704 2335 voluptates
2728 2258 2989 2331 corporis.
3035 2267 3340 2320 Beltttarum
3391 2269 3493 2322 hoc
3538 2258 3754 2335 quidem

2160 2339 2460 2384 extremum
2510 2343 2614 2395 est,
2642 2331 2732 2386 illa
2759 2344 2937 2387 autem
2968 2336 3242 2404 superiora
3269 2350 3325 2391 et
3348 2331 3634 2394 caduca'et
3662 2340 3755 2393 iu-

2160 2411 2327 2477 _cer_ta,
2360 2410 2488 2455 sunt
2519 2404 2686 2477 posita
2718 2418 2823 2458 non
2854 2414 2960 2477 tam
2991 2407 3041 2458 in
3074 2406 3277 2461 nostris
3308 2409 3550 2463 consiliis
3590 2426 3751 2477 quam

2160 2470 2214 2542 in
2239 2472 2465 2526 fortuna
2493 2470 2816 2528 temeritate.
2846 2475 2947 2542 Qtti
2976 2486 3152 2532 autem
3183 2479 3234 2533 in
3262 2476 3454 2533 virtute
3482 2470 3751 2534 summum

2161 2541 2362 2618 bonum
2395 2554 2618 2618 ponunt,
2640 2544 2727 2618 illi
2753 2541 2969 2618 quidem
2995 2549 3250 2615 princ-lare
3274 2559 3438 2618 agunt
3470 2567 3482 2603 :
3516 2552 3614 2606 sed
3641 2552 3755 2605 huic

2162 2614 2277 2691 ipsa
2303 2614 2472 2691 virtus
2495 2614 2784 2691 amicitiam
2814 2627 2868 2671 et
2897 2614 3067 2687 gignit
3088 2629 3142 2674 et
3172 2614 3434 2687 continet,
3485 2622 3609 2691 quia
3656 2638 3755 2676 nec

2160 2684 2282 2761 sine
2332 2686 2828 2761 virtute_amieiti_a_
2859 2684 2976 2761 ullo'
3013 2700 3168 2759 pacto
3202 2705 3324 2746 esse
3364 2684 3557 2761 potest.
3590 2692 3754 2747 Tales

2162 2752 2326 2824 igitur
2346 2754 2487 2810 inter
2511 2756 2654 2811 viros
2674 2757 2905 2813 amicitia
2930 2752 3101 2816 tan'tas
3122 2752 3552 2830 opportunitates
3566 2764 3747 2827 habet,

2162 2833 2391 2903 quantas
2431 2829 2520 2903 vix
2562 2842 2703 2897 queo
2743 2830 2945 2903 dicere.
2988 2829 3387 2903 Principiorqui
3431 2842 3607 2903 potest
3630 2848 3753 2888 esse

2163 2898 2272 2969 vita
2320 2897 2515 2969 vitalis,
2554 2908 2611 2951 ut
2650 2904 2724 2953 sit
2750 2900 2976 2966 Ennius,
3005 2905 3092 2969 qui
3143 2897 3248 2958 non
3277 2897 3330 2958 in
3361 2897 3521 2961 amici
3566 2915 3747 2959 mutua

2162 2964 2532 3042 benevolentia
2557 2971 2939 3037 conquiescat!
2962 2964 3099 3038 Quid
3129 2974 3338 3029 dulcius
3358 2990 3515 3042 quam
3543 2976 3744 3030 habere

2163 3038 2377 3106 quicum
2394 3042 2576 3113 omnia
2604 3042 2800 3113 audeas
2826 3044 2904 3097 sic
2938 3044 3077 3111 loqui
3105 3055 3160 3099 ut
3192 3038 3400 3099 tecum?
3426 3045 3555 3113 Quis
3600 3056 3745 3099 esset

2166 3116 2344 3185 tantus
2389 3108 2595 3165 fructus
2623 3111 2674 3185 in
2706 3116 2976 3182 prosperis
3002 3108 3181 3181 rebus,
3237 3116 3335 3169 nisi
3390 3108 3615 3171 haberes
3655 3118 3747 3185 qui

2169 3178 2273 3252 illis
2300 3195 2450 3252 atque
2476 3191 2620 3235 actu
2660 3178 2773 3249 ipse
2820 3178 3117 3252 gauderet?
3166 3178 3431 3241 Adversas
3481 3201 3609 3241 vero
3659 3178 3745 3243 r'cs

2092 3228 2139 3292 (ἶ
2170 3248 2330 3325 ferre,
2354 3228 2580 3325 dillicile
2614 3228 2758 3308 esset
2787 3228 2905 3309 siane
2927 3255 3016 3310 illo
3037 3260 3124 3325 qui
3148 3257 3363 3325 gravius
3391 3257 3550 3312 etiam
3590 3228 3748 3325 quain

2171 3329 2224 3374 tu
2247 3324 2429 3377 ferret.
2458 3321 2695 3398 Denique
2720 3332 2931 3398 caztera:
2956 3342 3040 3398 res
3058 3321 3181 3398 qua}
3200 3336 3523 3397 expetuntur
3551 3321 3749 3396 oppor-

2172 3399 2315 3447 tunae
2362 3401 2490 3447 sunt
2526 3394 2748 3468 singulae
2792 3396 2955 3468 rebus
3006 3394 3119 3453 fere
3158 3394 3381 3468 singulis
3412 3414 3425 3451 :
3460 3394 3665 3452 Divitis.
3694 3410 3749 3453 ut

2169 3472 2341 3533 utare,
2373 3477 2504 3538 opes
2531 3473 2590 3519 ut
2607 3466 2816 3538 colare,
2850 3466 3082 3525 honores
3104 3479 3163 3524 ut
3184 3466 3419 3537 laudere,
3445 3472 3747 3538 voluptates

2167 3545 2228 3589 ut
2252 3536 2507 3605 gaudeas,
2540 3536 2785 3591 valetudo
2814 3545 2871 3591 ut
2899 3538 3082 3595 dolore
3120 3555 3304 3595 careas
3342 3536 3411 3594 et
3437 3536 3750 3595 muneribus

2165 3604 2391 3677 fungare
2434 3609 2697 3674 corporis.
2757 3609 3002 3681 Amicitia
3046 3626 3133 3665 res
3180 3611 3435 3681 plurimas
3484 3613 3747 3681 continet,

2166 3691 2483 3747 quocunque
2508 3689 2563 3748 te
2582 3680 2808 3733 verteris
2838 3689 3033 3748 praesto
3058 3689 3162 3748 est,
3182 3680 3339 3736 nullo
3388 3680 3570 3747 modo,
3603 3684 3748 3734 nullo

2165 3750 2283 3821 loco
2330 3747 2630 3821 excluditur
2662 3766 2675 3802 :
2707 3747 2976 3819 nunquam
3031 3747 3425 3821 intempestiva,
3472 3767 3742 3820 nunquam

2166 3819 2391 3893 molesta
2454 3828 2557 3893 est.
2608 3817 2789 3893 Itaque
2835 3817 2941 3876 non
2969 3837 3129 3891 aqua,
3178 3817 3282 3878 non
3308 3825 3426 3893 igne
3454 3822 3539 3893 (ut
3563 3817 3739 3891 aiunt)

2165 3891 2295 3944 locis
2324 3888 2582 3962 pluribus
2628 3888 2797 3960 magis
2843 3888 3040 3947 utimur
3081 3907 3239 3962 quam
3271 3888 3522 3947 amicitia.
3556 3888 3744 3962 Neque

2163 3976 2263 4033 ego
2305 3960 2374 4013 de
2422 3962 2636 4033 vulgari
2668 3973 2759 4014 aut
2789 3961 2857 4017 de
2886 3960 3161 4030 mediocri,
3193 3981 3311 4033 qua:
3339 3975 3512 4019 tamen
3547 3974 3602 4018 et
3631 3960 3744 4032 ipsa

2161 4030 2391 4085 delectat
2416 4040 2469 4084 et
2510 4030 2745 4099 pI'OdeSl,
2794 4034 2886 4087 sed
2917 4037 2985 4088 de
3014 4048 3139 4088 vera
3169 4030 3225 4089 ei
3252 4036 3482 4102 perfecta
3525 4030 3740 4102 loquor,

2160 4103 2332 4173 qualis
2361 4115 2546 4154 eorum
2577 4104 2667 4169 qui
2686 4103 2849 4173 pauci
2874 4104 3237 4173 nominantur,
3268 4106 3384 4157 tuit.
3417 4104 3548 4158 Nam
3576 4114 3632 4158 et
3656 4119 3741 4158 se-

2163 4171 2368 4225 cundas
2399 4184 2485 4225 res
2512 4172 2899 4240 splendidiores
2929 4176 3051 4228 facit
3089 4171 3341 4241 amicitia,
3389 4184 3445 4227 et
3490 4175 3742 4229 adversas

2162 4243 2900 4315 patienseoiiimiitticatiSqite
2930 4245 3181 4301 leviores.
3213 4244 3454 4315 Curaque
3484 4245 3742 4314 plurimas

2159 4327 2211 4367 et
2238 4312 2496 4366 maximas
2524 4313 2930 4370 commoditates
2960 4316 3194 4370 amicitia
3221 4312 3515 4382 contineat,
3556 4328 3737 4370 tamen

2160 4384 2246 4437 illa
2298 4387 2547 4457 nimirum
2598 4396 2813 4451 praestat
2856 4386 3129 4457 omnibus,
3176 4385 3317 4457 quod
3366 4387 3561 4440 bonam
3588 4401 3737 4455 spent

2160 4458 2417 4524 praelucet
2445 4454 2497 4507 in
2531 4465 2825 4522 posterum,
2854 4470 2951 4511 nec
2978 4454 3246 4512 debilitari
3277 4457 3483 4512 animos
3519 4454 3629 4512 aut
3651 4471 3742 4512 ca-

2157 4529 2286 4579 dere
2317 4528 2513 4593 patitur
2543 4543 2566 4598 :_
2586 4540 2773 4581 verum
2805 4527 2961 4581 etiam
2987 4528 3218 4582 amicum
3237 4528 3325 4598 qui
3350 4529 3602 4594 intuetur,
3626 4537 3742 4581 tan-

590 4587 701 4662 uid“
721 4587 907 4660 dicam
936 4604 1006 4658 de
1054 4587 1294 4658 moribus
1345 4600 1636 4671 facillimis,
1662 4603 1729 4659 de
1758 4604 1956 4671 pietate
1995 4605 2046 4659 in
2081 4587 2135 4649 Ῐ)
2157 4587 2332 4671 (illam-
2363 4596 2635 4671 ειειιξνιπ
2686 4597 2899 4666 aliquod
2952 4599 3186 4671 illluclul'
3222 4587 3327 4653 δίιίο
3371 4587 3742 4671 Ωυοεὶτέξμει

470 4670 720 4743 mairem,
753 4677 997 4732 libertate
1024 4676 1076 4728 iii
1105 4686 1339 4737 sorores,
1374 4670 1611 4729 bonitate
1638 4675 1690 4727 in
1718 4670 1869 4741 suos,
1894 4676 2051 4744 justi-

470 4754 541 4808 tia
573 4753 627 4807 in
657 4762 844 4803 omnes
872 4763 887 4800 :
917 4746 1030 4800 haec
1060 4745 1239 4799 omnia
1266 4752 1389 4798 nota
1418 4752 1544 4797 sunt
1582 4744 1752 4799 nobis.

539 4826 709 4890 Quam
733 4829 911 4890 autem
942 4816 1028 4870 hic
1053 4816 1254 4890 civitati
1283 4813 1478 4869 charos
1524 4811 1641 4879 fuit,
1694 4830 1926 4870 mmrore
1970 4815 2053 4871 fu-

469 4885 614 4950 neris
659 4889 1091 4962 judicatumest.
1121 4885 1257 4953 Quid
1286 4898 1413 4962 ergo
1452 4898 1755 4962 ιιθιιιιυιιιιιι⁵
1789 4901 2049 4962 annorum

465 4955 706 5019 accessio
763 4962 905 5014 hunc
949 4958 1135 5027 juvare
1193 4956 1496 5027 potuisset._
1532 4955 1891 5027 Quamobrem
1946 4956 2049 5012 vita

466 5037 681 5103 quidem
711 5030 829 5103 talis
860 5024 964 5083 luit
988 5029 1070 5082 vel
1100 5024 1309 5103 fortuna
1340 5024 1423 5081 vel
1446 5024 1636 5094 gloria,
1669 5035 1727 5081 ut
1748 5026 1883 5103 nihil
1913 5028 2050 5103 ultra

468 5096 648 5172 posset
672 5102 952 5166 accedere,
1004 5096 1268 5154 moriendi
1314 5105 1493 5151 autem
1539 5110 1754 5151 sensum
1803 5098 2052 5153 celeritas

466 5177 701 5226 abstulit.

544 5244 653 5311 Ego
683 5255 809 5295 vero
840 5253 937 5294 vos
959 5237 1161 5293 hortari
1186 5248 1389 5292 tantum
1422 5247 1723 5311 possum,ut
1756 5238 2047 5293 amicitiam

471 5309 719 5365 euntibus
746 5314 904 5365 rebus
942 5311 1189 5365 humanis
1235 5309 1592 5377 auteponatis.
1647 5311 1789 5362 Nihil
1828 5321 2047 5364 esttam

475 5390 677 5445 natura:
699 5390 904 5445 aptum,
936 5390 1147 5450 tamque
1173 5380 1500 5435 conveniens
1526 5379 1592 5433 ad
1619 5394 1707 5435 res
1740 5379 1818 5433 \el
1852 5395 2047 5434 secun—

469 5453 568 5507 das
593 5450 992 5517 vel'adversas;
1034 5453 1130 5505 sed
1159 5453 1258 5505 hoc
1280 5451 1520 5517 inprimis
1545 5464 1761 5517 censeo,
1787 5453 1887 5504 nisi
1911 5453 2051 5506 inter

471 5525 640 5577 honos
666 5520 950 5574 amicitiam
980 5535 1099 5575 esse
1128 5535 1231 5575 nun
1262 5535 1438 5590 posse.

546 5594 648 5646 Nos
675 5600 852 5644 autem
881 5606 943 5643 ea
971 5606 1088 5658 quae
1118 5602 1240 5645 sunt
1266 5594 1317 5645 in
1351 5605 1449 5643 usu
1491 5594 1701 5657 vitaque
1749 5590 2048 5660 communi,

469 5680 575 5719 non
619 5678 680 5718 ea
722 5678 838 5732 qua:
881 5662 1149 5730 tinguntur
1182 5670 1275 5716 aut
1313 5671 1567 5731 optantur
1605 5670 1849 5730 spectare
1882 5663 2050 5718 debe-

467 5753 608 5791 Inus.

540 5810 770 5873 Agamus
814 5803 969 5873 igitur
1015 5801 1195 5871 pingui
1224 5800 1305 5871 (ut
1336 5800 1505 5871 aiunt)
1532 5801 1796 5873 Minerva,
1840 5801 1927 5872 qui
1976 5802 2049 5858 ita

466 5890 525 5930 se
553 5872 765 5946 gerunt,
798 5872 869 5930 ita
900 5885 1102 5941 munt,
1136 5884 1191 5928 ut
1214 5887 1400 5929 eorum
1427 5872 1684 5944 probetur
1710 5874 1868 5945 tides,
1909 5874 2050 5930 inte-
2134 5951 2136 5955 ν

2153 4668 2404 4721 absentes
2450 4669 2668 4733 adsunt,
2697 4679 2751 4722 et
2777 4674 2996 4735 egentes
3041 4670 3334 4734 abundant,
3360 4683 3413 4723 et
3443 4669 3737 4724 imbecilles

2157 4737 2337 4791 valent
2366 4753 2379 4788 :
2412 4747 2468 4791 et
2503 4739 2643 4804 quod
2672 4738 2940 4792 difllcitius
2965 4747 3047 4794 est
3072 4740 3236 4803 dictu,
3290 4739 3485 4793 mortui
3532 4740 3737 4793 vivunt.

2153 4808 2352 4862 Tantos
2385 4821 2480 4861 eos
2513 4809 2684 4862 honor
2713 4811 2989 4875 memoria,
3021 4809 3348 4865 desiderium
3402 4809 3741 4880 pro-equitur

2153 4880 2467 4943 amicorum,
2488 4893 2553 4932 ex
2573 4894 2677 4948 quo
2709 4880 2920 4933 illorum
2945 4883 3096 4934 beata
3120 4895 3265 4935 mors
3292 4881 3523 4945 videtur,
3549 4881 3737 4935 borum

2153 4956 2256 5003 vita
2306 4949 2600 5004 laudabilis.
2634 4951 2788 5016 Quod
2819 4951 2864 5004 si
2906 4953 3170 5006 exemeris
3212 4966 3281 5006 ex
3328 4966 3504 5005 rerum
3553 4963 3737 5005 natura

2155 5021 2539 5074 benevolentiae
2581 5023 3034 5089 conjunctionem,
3080 5036 3179 5077 nec
3227 5023 3420 5075 domus
3468 5022 3597 5087 ulla,
3640 5038 3738 5077 nec

2154 5093 2279 5145 urbs
2325 5099 2465 5143 stare
2513 5094 2727 5157 pulerit,
2768 5107 2867 5147 nec
2910 5094 3231 5161 agricultura
3275 5094 3627 5161 permanebit.
3676 5094 3730 5147 ld

2152 5163 2197 5215 si
2216 5165 2390 5216 utinus
2405 5162 2743 5231 intelligitur,
2758 5174 2954 5231 quanta
2972 5163 3048 5216 vis
3069 5163 3316 5217 amicitiae
3330 5163 3735 5232 concordiaeque

2153 5232 2244 5297 sit,
2275 5250 2338 5287 es
2369 5233 2792 5305 dissensionibus
2820 5246 2980 5305 atque
3009 5234 3289 5288 discordiis
3311 5233 3511 5305 percipi
3541 5245 3734 5305 potest.

2153 5309 2281 5370 Quae
2300 5308 2443 5358 enim
2471 5304 2663 5356 domus
2694 5314 2799 5357 tam
2828 5303 3055 5368 stabilis,
3086 5319 3203 5371 quas
3233 5314 3338 5357 tam
3367 5304 3517 5356 lirma
3546 5303 3736 5358 civitas

2152 5386 2254 5441 est,
2285 5392 2403 5442 quae
2430 5389 2533 5427 non
2558 5374 2694 5429 odiis
2715 5384 2767 5429 et
2795 5374 3033 5430 disstdiis
3064 5373 3299 5429 funditus
3331 5374 3501 5442 possit
3522 5378 3688 5429 everti
3718 5392 3734 5430 :

2153 5460 2219 5500 ex
2250 5461 2357 5515 quo
2383 5456 2638 5514 quantum
2668 5445 2792 5500 boni
2816 5447 2885 5499 sit
2918 5448 2968 5500 iii
2998 5444 3228 5499 amicitia
3255 5445 3483 5513 jodicari
3532 5456 3731 5512 potest.

2226 5521 2390 5572 Amor
2414 5519 2555 5570 enim
2583 5531 2648 5570 es
2676 5532 2780 5584 quo
2802 5516 3036 5570 amicitia
3064 5522 3460 5584 nominataest,
3486 5515 3735 5581 princeps

2151 5599 2255 5652 eat,
2278 5592 2343 5641 ad
2369 5583 2789 5656 benevolentiam
2836 5588 3279 5656 conjungeudam.
3311 5583 3443 5637 Nam
3476 5585 3734 5639 utilitates

2152 5661 2366 5728 quidem
2393 5659 2554 5711 etiam
2582 5655 2651 5711 ab
2686 5658 2770 5711 bis
2805 5655 3165 5728 percipiuntur
3202 5670 3366 5728 saepe,
3401 5656 3489 5723 qui
3515 5658 3734 5711 simula-

2154 5733 2298 5783 tione
2349 5729 2597 5783 amicitia:
2643 5732 2919 5796 coluntur,
2973 5740 3028 5784 et
3066 5731 3420 5783 observantur
3476 5737 3736 5795 tempons

2152 5813 2336 5856 causa.

2224 5869 2545 5929 inamicitia
2573 5879 2750 5930 autem
2776 5869 2908 5931 nihil
2945 5869 3127 5927 ﬁctum
3173 5880 3280 5939 est,
3326 5866 3461 5926 nihil
3503 5867 3736 5925 simula-
