4162 6212
525 392 653 445 1071

1022 389 1227 447 ΜΞῡῶ
1264 388 1719 448 ’νΕΝΕιιΑιιιιιε
1755 389 1911 446 OPP.
1955 387 2128 444 PARS
2170 388 2207 443 l.
2235 387 2432 447 δεῦτ’.
2473 389 2537 447 ll.
2569 419 2635 431 -—
2662 387 2863 447 D‘UBIA
2904 387 2995 444 ET
3026 388 3299 446 SPURIA.

3627 390 3770 449 ἴωσι

524 504 777 564 amicitia,
808 502 877 575 ita
910 503 1185 568 praecurrit
1229 502 1458 559 amicitia
1498 502 1786 575 judicium,
1839 503 2081 572 tollitque
2112 507 2156 558 Α
2188 502 2463 575 maledicti
2489 503 2953 575 contumeliis.qu
2980 503 3306 573 gignuntur:
3340 519 3460 575 qua
3490 514 3673 562 tamen
3702 511 3753 566 si

516 574 823 644 experiendi
853 580 1190 644 potestatem.

643 592 823 630 .rtenat
853 592 1190 644 pntesrutem.

586 592 688 705 Elii
716 660 808 698 cos
835 642 1164 696 inveniemus
1184 646 1272 715 qui
1296 645 1549 711 honores,
1576 644 1944 715 magistratus,
1980 645 2081 701 im-

515 720 688 788 peria.
726 722 1039 785 pote~tates,
1084 729 1232 781 opes,
1272 715 1519 788 amicitia:
1564 726 2082 788 nonatiteponzint:

515 786 574 843 iit
605 804 724 844 cum
755 800 819 841 ex
849 788 1011 838 altera
1041 795 1189 850 parte
1218 786 1482 852 proposita
1519 788 1630 838 hac
1652 787 1779 849 sint,
1819 802 1883 841 ex
1916 788 2081 842 altera

519 860 603 913 vis
643 856 910 919 amicitiae,
958 869 1065 907 non
1111 855 1257 910 multi
1308 856 1396 910 illa
1431 857 1649 910 malint?
1681 857 1963 912 lmbeciilis
2002 866 2085 911 est

513 930 661 983 enim
685 934 864 980 natura
895 925 959 978 ad
990 926 1434 980 contemnendum
1466 927 1779 993 potentiam.
1809 927 1906 981 Ubi
1938 929 2080 981 enim

510 999 679 1053 ‘istum
719 995 954 1050 invenies
1002 995 1086 1060 qui
1138 996 1392 1050 lionOrcm
1432 996 1585 1050 amici
1636 1007 1922 1058 anteponat
1950 1002 2085 1051 suo?

511 1063 1162 1139 ltziqiievercamicitiae
1192 1066 1516 1139 difﬁcillime
1554 1068 1888 1139 reperiuntur
1916 1068 1967 1121 in
2002 1069 2084 1120 his

513 1136 683 1209 «ιιιῖἱιι
716 1136 1001 1191 honoribus
1038 1136 1346 1209 reipublicae
1370 1146 1684 1209 versantur.
1714 1136 1813 1203 Qui
1855 1141 1999 1191 omni
2029 1140 2080 1192 in

505 1206 575 1265 re
602 1222 839 1277 gravem,
864 1214 1224 1272 constantem,
1248 1206 1489 1277 stabilem
1517 1221 1578 1261 se
1606 1206 1659 1260 in
1690 1208 1917 1260 amicitia
1947 1223 2081 1274 prte-

516 1275 731 1343 stiterit,
782 1279 922 1331 hunc
952 1278 1181 1334 maxime
1210 1292 1273 1331 ex
1301 1290 1423 1330 raro
1453 1275 1722 1329 hominum
1762 1293 1955 1346 genere
1985 1280 2078 1333 ile—

508 1348 704 1405 bemus
740 1346 1000 1417 judicare,
1028 1360 1081 1404 et
1111 1361 1243 1415 pene
1291 1346 1493 1417 divino.
1544 1346 1957 1400 Firmamentum
1984 1363 2077 1401 ati-

517 1430 627 1474 tem
671 1415 974 1473 stabilitatis
1002 1419 1422 1485 constantiaeque
1449 1415 1564 1484 ejus
1590 1431 1749 1485 quain
1774 1418 1824 1469 iii
1849 1420 2079 1472 amicitia

514 1489 829 1559 quaerimus,
853 1486 981 1541 fides
1002 1500 1085 1544 est
1113 1507 1125 1540 :
1158 1488 1287 1541 nihil
1310 1488 1452 1544 enim
1482 1487 1670 1541 stabile
1691 1487 1830 1556 quod
1862 1488 2078 1543 inﬁdum

514 1558 618 1613 est.
668 1558 975 1626 Simplicem
1028 1570 1283 1628 praeterea
1324 1567 1379 1612 et
1412 1571 1743 1611 communem
1775 1566 1830 1612 et
1857 1572 2083 1611 consen-

516 1629 761 1693 tientem,
804 1628 891 1692 qui
923 1630 1082 1683 rebus
1122 1628 1320 1682 eisdem
1355 1637 1649 1691 moveatur,
1683 1628 1802 1695 eligi
1833 1642 1925 1694 par
1951 1638 2027 1682 est
2064 1647 2078 1682 :

512 1715 637 1768 qua:
683 1698 859 1752 omnia
911 1701 1175 1768 pertinent
1200 1699 1263 1768 ad
1294 1697 1621 1768 fidelitatem.
1653 1697 1831 1765 Neque
1851 1699 1989 1752 enim
2022 1696 2083 1751 ll-

513 1766 645 1839 dum
671 1774 846 1839 putest
872 1782 991 1825 esse
1013 1767 1287 1839 multiplex
1318 1766 1584 1839 ingenium
1613 1776 1665 1821 et
1689 1776 2005 1822 tortuosum.

589 1836 773 1907 Neqtie
799 1851 927 1911 vero
952 1840 1041 1909 qui
1072 1836 1419 1911 non‘eisdvm
1457 1836 1626 1911 rebus
1672 1848 1929 1901 movetur,
1980 1855 2075 1911 na-
2111 1852 2155 1911 Β

519 1919 653 1963 tura
680 1905 1083 1973 consentit,'aut
1110 1906 1315 1962 stabilis
1338 1916 1425 1959 aut
1449 1905 1585 1961 fidus
1610 1923 1733 1962 esse
1758 1919 1952 1975 potest.
1972 1910 2078 1963 Ad-

518 1978 749 2033 detidum
777 1976 965 2033 eodem
990 1986 1091 2043 est,
1124 1987 1183 2030 ut
1209 1991 1274 2031 ne
1312 1977 1622 2031 criminibus
1672 1990 1760 2031 aut
1791 1977 2081 2035 inferendis

514 2049 811 2104 delectetur
858 2047 1081 2112 amicus,
1128 2059 1220 2101 aut
1267 2047 1449 2101 credat
1476 2046 1688 2110 oblatis,
1735 2064 1852 2116 quae
1899 2049 2078 2104 omnia

519 2118 792 2187 pertinent
811 2116 877 2172 ad
907 2133 1026 2172 eam
1057 2133 1211 2187 quam
1243 2117 1440 2187 dudum
1472 2124 1641 2187 tracto
1677 2120 2028 2173 constantiam
2061 2137 2075 2172 :

516 2188 591 2243 ita
620 2188 677 2242 ιιι
702 2202 885 2241 verum
918 2188 1049 2243 illud
1079 2186 1218 2254 quod
1252 2186 1463 2250 dicitur,
1492 2186 1778 2240 amicitiam
1812 2191 1909 2241 nisi
1938 2189 2080 2244 inter

521 2259 691 2313 bonos
718 2271 840 2312 esse
886 2272 990 2329 non
1042 2272 1222 2329 posse.
1282 2255 1378 2329 Est
1414 2256 1556 2329 enim
1608 2256 1728 2329 boni
1770 2259 1889 2320 viri,
1921 2274 2076 2329 quem

516 2328 769 2384 eumdem
800 2325 1097 2396 sapientein
1140 2328 1261 2381 licet
1286 2326 1487 2396 dicere,
1528 2325 1642 2381 haec
1672 2328 1777 2380 duo
1810 2325 1995 2384 tenere
2026 2331 2077 2384 iu

522 2397 781 2454 amicitia.
808 2398 1041 2452 Primum
1064 2412 1130 2451 ne
1155 2397 1282 2466 quid
1317 2395 1496 2449 fictum
1538 2397 1623 2458 sit,
1677 2412 1810 2452 neve
1859 2400 2081 2453 simula-

522 2479 656 2523 tum.
685 2468 885 2537 Aperte
912 2468 1054 2522 enim
1072 2481 1253 2521 amare
1269 2466 1352 2520 vel
1378 2466 1557 2521 odisse
1600 2468 1769 2537 magis
1791 2468 2078 2537 ingenuum

514 2547 625 2602 est,
655 2552 811 2608 quam
836 2536 1011 2593 fronte
1040 2538 1309 2608 occultare
1354 2536 1707 2608 sententiam.
1729 2537 1930 2592 Deinde
1972 2555 2077 2595 non

508 2606 687 2663 solum
719 2606 894 2663 illatas
916 2608 985 2661 ab
1014 2606 1192 2669 aliquo
1230 2606 1632 2662 criminationes
1672 2607 1952 2677 repellere,
1983 2610 2077 2664 sed

519 2692 588 2733 ne
618 2678 791 2743 ipsum
821 2677 1034 2748 quidem
1061 2691 1181 2748 esse
1220 2676 1595 2748 suspiciosum,
1636 2676 1849 2748 semper
1879 2679 2076 2746 aliquid

510 2743 913 2803 existimantem
943 2747 1011 2801 ab
1036 2747 1209 2803 amico
1237 2743 1405 2802 fuisse
1424 2745 1698 2802 violatum.
1725 2743 1954 2803 A'ccedat
1972 2743 2079 2805 buc

509 2817 747 2872 suavitas
767 2817 1009 2888 qumdam
1041 2825 1623 2888 sermonumhoportct,
1651 2828 1808 2887 atque
1844 2833 2073 2886 morum,

509 2888 651 2942 haud
679 2886 890 2956 quoque
917 2886 1185 2943 mediocre
1232 2886 1629 2943 condimentum
1656 2886 1926 2942 amicitiai.
1960 2889 2079 2944 ἰ’ιί-

510 2958 655 3028 stitia
675 2960 890 3028 quidem
918 2965 975 3012 et
1003 2958 1055 3012 in
1086 2956 1232 3012 omni
1274 2971 1333 3012 re
1371 2960 1630 3012 severitas
1658 2958 1798 3013 absit
1829 2975 1843 3011 :
1880 2959 2079 3015 habent

510 3027 599 3081 illa
623 3027 836 3097 quidem
863 3028 1201 3097 gravitatem.
1248 3028 1342 3080 sed
1391 3027 1624 3082 amicitia
1656 3028 1935 3082 remissior
1956 3045 2077 3086 esse

510 3098 693 3164 debet,
720 3108 773 3151 et
797 3099 1033 3162 liberior,
1061 3105 1115 3152 et
1141 3097 1367 3161 dulcior,
1411 3105 1467 3150 et
1513 3098 1578 3150 ad
1609 3112 1821 3153 onmem
1853 3099 2075 3153 comita-

508 3178 617 3223 tciii
657 3168 1057 3234 salsitatemque
1079 3166 1386 3235 proclivior.
1420 3167 1534 3220 Non
1563 3169 1704 3222 enim
1731 3169 1927 3224 debent
1950 3187 2071 3225 esse

505 3236 861 3293 amicitiarum
893 3238 1031 3292 sicut
1060 3237 1276 3291 aliarum
1304 3252 1482 3291 rerum
1513 3236 1813 3293 societates.
1844 3240 2073 3295 Veterri-

508 3322 599 3361 ma
627 3322 852 3376 quaque
874 3317 929 3361 ut
953 3309 1071 3361 vina
1102 3323 1220 3377 qua:
1253 3314 1573 3361 vetustatem
1616 3308 1792 3363 ferunt
1840 3325 1961 3364 esse
1981 3311 2074 3365 de-

508 3377 638 3433 bent
656 3378 993 3433 suavissima.
1027 3377 1222 3448 Verum
1255 3377 1381 3448 illud
1406 3386 1493 3431 est
1519 3382 1657 3448 quod
1685 3379 1895 3445 dicitur,
1929 3383 2075 3435 initl-

508 3458 599 3503 tes
630 3448 832 3503 modios
876 3449 1004 3503 salis
1056 3447 1211 3516 simul
1261 3447 1500 3502 edendos
1538 3447 1671 3503 esse
1722 3458 1779 3503 ut
1824 3451 2077 3516 amicitia;

508 3531 707 3573 tnunus
731 3517 1031 3587 expleatur.
1062 3515 1336 3587 Noi'itates
1375 3527 1555 3573 autem
1580 3521 1649 3587 si
1693 3520 1925 3587 speciem
1947 3520 2077 3575 offe-

510 3597 649 3654 rant,
684 3595 740 3641 ut
769 3586 1021 3657 tanquam
1079 3590 1131 3641 in
1180 3586 1362 3642 herbis
1410 3603 1519 3642 non
1565 3586 1842 3645 fallacibus
1872 3593 2079 3645 t’rtictiis

511 3666 788 3727 appareat,
813 3673 919 3730 non
940 3668 1064 3712 sunt
1085 3657 1187 3711 illa:
1214 3658 1428 3730 quidem
1461 3659 1822 3730 repudiandae,
1841 3670 2077 3717 vetustas

512 3738 689 3782 tamen
712 3743 808 3782 suo
831 3729 946 3783 loco
970 3727 1329 3783 conservanda
1353 3736 1461 3783 est.

585 3797 984 3870 Maximaenim
1017 3799 1094 3870 vis
1118 3807 1202 3870 est
1228 3796 1654 3866 consuetudinis,
1700 3799 1842 3869 atqui
1882 3800 1933 3854 in
1964 3800 2080 3870 ipso

510 3882 650 3939 equo
678 3867 721 3923 si
745 3868 888 3939 nulla
914 3882 1001 3939 res
1022 3866 1295 3936 impediat,
1328 3884 1484 3922 nemo
1521 3879 1606 3924 est
1634 3871 1721 3937 qui
1755 3866 1858 3923 iioii
1884 3884 1950 3925 eo
1974 3866 2080 3939 quo

510 3937 789 3995 censuerit
819 3938 1066 3993 libentius
1087 3947 1264 3993 utatur
1291 3953 1449 4006 quam
1476 3940 1674 3993 intacto
1705 3947 1761 3995 et
1790 3955 1953 3994 novo.
1975 3937 2081 3997 Nec

514 4023 646 4064 vero
672 4008 725 4080 in
752 4010 851 4080 hoc
876 4009 1016 4077 quod
1045 4018 1127 4063 est
1175 4010 1392 4080 animal,
1425 4010 1515 4062 sed
1546 4008 1597 4063 in
1642 4009 1725 4064 liis
1772 4013 1930 4063 etiam
1959 4028 2079 4080 qua:

512 4088 639 4135 stitit
676 4077 983 4141 inanimata,
1024 4078 1357 4131 consuetudo
1395 4081 1555 4144 valet,
1611 4095 1730 4134 cum
1789 4082 1918 4136 locis
1948 4077 2079 4148 ipsis

512 4149 845 4204 delectemur
873 4149 1168 4220 montuosis
1195 4154 1248 4220 ei
1275 4148 1634 4220 silvestribus,
1660 4152 1711 4203 in
1739 4152 1935 4220 quibus
1963 4153 2082 4206 diu-

514 4220 619 4273 tius
640 4217 953 4273 commorati
976 4231 1180 4273 suiuus.
1211 4218 1317 4274 Sed
1352 4221 1641 4275 maximum
1668 4217 1826 4277 estin
1848 4222 2079 4278 amicitia

509 4287 841 4345 superiorem
863 4300 983 4342 esse
1012 4288 1275 4343 inferiori.

631 4365 813 4432 ructus
838 4356 985 4414 enim
1014 4358 1215 4432 ingenii
1238 4365 1294 4412 et
1339 4358 1577 4432 yirtutis,
1624 4360 1908 4430 omnisque
1939 4375 2080 4432 pra-

511 4429 724 4486 stantia:
769 4436 882 4481 tum
911 4429 1193 4501 maximus
1219 4430 1466 4501 capitur,
1497 4445 1632 4501 cum
1685 4431 1738 4484 in
1781 4429 2079 4501 proximum

512 4511 783 4578 quemque
800 4496 1093 4578 confertur.
1118 4498 1187 4554 Ut
1215 4496 1372 4578 igitur
1420 4499 1509 4569 qui
1562 4508 1688 4578 sunt
1731 4496 1797 4555 iii'
1835 4502 2081 4559 amicitia.-

514 4553 1012 4642 conjuiictionisque
1032 4553 1781 4642 necessi'iudinesuperiores,
1801 4553 2079 4642 exaequare
2106 4553 2162 4619 υ

512 4653 575 4693 se
597 4636 721 4694 cum
750 4636 1091 4694 inferioribus
1121 4638 1339 4708 debent,
1396 4639 1476 4693 sic
1516 4636 1800 4696 inferiores
1852 4636 1959 4697 non
1983 4646 2077 4697 do-

512 4710 626 4765 lere
653 4723 713 4763 se
739 4722 770 4762 a
797 4710 910 4764 suis
934 4709 1119 4780 amicis
1141 4716 1239 4780 aut
1290 4708 1524 4780 ingenio,
1567 4726 1658 4765 aut
1705 4711 1939 4775 fortuna,
1987 4723 2081 4768 aut

513 4780 770 4849 dignitate
818 4779 1080 4851 superari.
1127 4778 1382 4834 Odiosum
1430 4795 1561 4836 sane
1590 4796 1777 4851 egenus
1802 4782 2077 4838 hominum

513 4850 687 4923 otllcia
718 4850 1179 4923 exprobrantium,
1210 4864 1330 4920 quae
1384 4852 1691 4905 meminisse
1719 4853 1940 4907 debetis
1988 4868 2082 4923 po—

512 4921 615 4975 tius
646 4921 705 4993 iii
744 4934 901 4989 quem
941 4919 1137 4975 collata
1178 4919 1323 4981 sunt,
1370 4935 1476 4976 nou
1521 4935 1947 4977 commemorare
1986 4919 2079 4993 qui

508 4991 755 5045 Contulit.

588 5061 1043 5132 Disparesmores
1064 5056 1295 5132 disparia
1320 5059 1491 5116 studia
1519 5068 1835 5130 sequuntur,
1856 5077 2080 5132 quorum

513 5129 896 5185 dissbnibtudo
930 5129 1466 5198 separat’amiciiias;
1500 5129 1605 5185 nec
1635 5132 1706 5186 ob
1758 5129 1917 5186 aliain
1958 5149 2085 5187 cauo

518 5214 635 5253 sam
663 5198 820 5255 ullam
850 5201 971 5255 boni
996 5201 1280 5271 improbis,
1307 5201 1534 5270 improbi
1583 5200 1740 5257 bonis
1776 5204 1933 5257 amici
1962 5217 2084 5259 esse

520 5278 900 5342 nonpossent,
953 5270 1054 5324 nisi
1096 5271 1239 5340 quod
1283 5282 1428 5325 tanta
1472 5281 1554 5326 est
1602 5273 1739 5326 inter
1764 5288 1861 5327 eos
1886 5285 2082 5342 quanta

520 5341 753 5411 iiiaxitue
780 5350 953 5409 putest
980 5356 1100 5397 esse
1147 5357 1354 5396 morum
1380 5344 1785 5411 studiorumque
1809 5341 2082 5397 distantia.

589 5409 645 5462 lti
669 5412 813 5483 omni
861 5426 921 5466 re
965 5412 1407 5483 considerandum
1459 5420 1562 5478 est,
1592 5422 1646 5467 et
1674 5409 1813 5482 quod
1847 5415 2085 5483 postuch

520 5478 808 5550 abantico,
839 5482 1055 5550 etquod
1088 5481 1337 5550 patiarea
1365 5494 1416 5537 te
1446 5478 1738 5549 impetrari.

589 5547 728 5601 Nihil
756 5559 839 5602 est
867 5547 1007 5625 enim
1062 5547 1269 5625 turpius
1314 5547 1634 5625 quamcum
1664 5569 1728 5607 eo
1762 5552 1957 5625 bellum
1985 5568 2083 5625 ge-

517 5634 637 5674 rere
680 5634 788 5693 quo
813 5636 931 5693 cum
969 5620 1299 5677 familiariter
1329 5620 1543 5678 vixeiis.
1579 5624 1939 5691 Quamobrem
1973 5620 2082 5693 pri-

519 5707 663 5765 inniii
720 5691 894 5743 danda
922 5700 1013 5765 est
1031 5706 1214 5757 opera,
1267 5707 1333 5747 tie
1377 5710 1483 5765 qua
1537 5709 1834 5749 amicorum
1862 5691 2080 5748 dissidia

519 5760 674 5834 bant,
704 5770 916 5834 tumque
948 5764 1109 5834 etiam
1147 5760 1439 5818 cavendum
1469 5774 1570 5834 est,
1596 5779 1662 5817 ne
1690 5766 1743 5819 in
1765 5779 1959 5834 graves
1981 5767 2085 5819 itii-

519 5832 748 5886 micit'ias
805 5832 1053 5887 amicitia:
1106 5848 1165 5889 se
1210 5832 1638 5903 convniant,“
1672 5832 1861 5906 quibus
1884 5833 2081 5906 jurgia,

2102 3204 2149 3267 C

2193 572 2498 627 tolerabiles
2529 572 2741 639 fuerint,
2777 572 3005 628 ferendc
3034 572 3212 636 erunt,
3238 585 3295 629 et
3314 572 3561 631 is'liottns
3589 581 3761 636 reteri

2190 643 2434 719 amicitiae
2463 642 2991 719 iribueudus‘estLut
3017 643 3063 697 is
3078 644 3142 719 iu
3172 643 3327 719 culpa
3357 647 3428 701 sit
3456 648 3547 719 qui
3573 648 3757 719 faciat,

2190 728 2295 766 non
2329 716 2372 765 is
2398 714 2486 783 qui
2522 716 2750 781 patiatur
2773 713 3043 779 iniuriam.
3070 713 3303 769 Omnino
3325 713 3563 773 omnium
3596 713 3760 775 vitio;

2187 799 2302 837 rum
2338 786 2524 837 borum
2570 796 2729 851 atque
2786 783 3244 839 incommodorum
3292 800 3394 841 uua
3443 788 3627 843 cautio
3674 797 3763 847 est

2186 864 2342 921 atque
2375 869 2475 906 una
2506 856 2757 921 provisio,
2791 864 2847 907 ut
2896 868 2961 925 ne
3002 855 3161 925 nimis
3199 855 3306 909 cito
3348 856 3573 925 diligere
3619 859 3758 913 iacio

2189 933 2353 987 piant,
2387 938 2520 995 neve
2547 942 2649 977 non
2679 925 2891 995 dignos.
2921 923 3071 992 Digni
3119 935 3299 979 autem
3346 923 3578 981 amicitia
3606 938 3755 995 sunt,

2184 995 2377 1060 quibus
2423 994 2649 1065 itiipsis
2696 994 2834 1049 inest
2862 1009 3030 1065 causa,
3051 1008 3147 1048 cur
3180 995 3488 1065 diligantur.
3523 994 3758 1054 Gnarum

2184 1064 2629 1137 genusuequitlem
2652 1065 2828 1137 omnia
2868 1064 3138 1137 pret-[ara
3158 1064 3299 1130 rara,
3333 1080 3432 1121 nec
3460 1067 3756 1137 quidquam

2184 1133 2451 1188 diillcilius
2471 1133 3050 1204 quzimreperirequod
3096 1135 3166 1189 sit
3210 1149 3274 1188 ex
3318 1133 3671 1204 omni'par'te
3701 1140 3756 1193 in

2183 1218 2281 1256 suo
2308 1202 2503 1274 genere
2530 1203 2842 1270 perlectum.
2876 1202 2982 1260 Sed
3026 1204 3270 1273 plerique
3306 1220 3483 1274 neque
3502 1202 3557 1261 in
3586 1210 3755 1263 rebus

2186 1275 2431 1326 humanis
2460 1275 2746 1347 quidquam
2772 1274 2967 1327 bonum
2996 1287 3213 1347 norunt,
3233 1276 3333 1330 nisi
3352 1278 3491 1347 quod
3512 1275 3759 1333 friustiio-

2183 1357 2299 1395 sum
2330 1354 2435 1408 est,
2457 1356 2511 1399 et
2533 1345 2733 1399 amicos
2759 1356 3007 1412 tanquam
3034 1346 3265 1411 pecudes
3293 1345 3388 1401 eos
3420 1350 3759 1414 potissimum

2184 1414 2432 1480 diligunt,
2457 1430 2483 1465 a
2512 1417 2705 1481 quibus
2736 1424 2951 1479 sperant
2981 1429 3041 1468 se
3086 1416 3347 1469 maximos
3392 1415 3596 1471 fruetus
3640 1435 3763 1474 easta

2182 1497 2447 1553 capturos.
2487 1485 2665 1552 Itaque
2694 1484 3044 1552 pulcherrima
3075 1483 3162 1537 illa
3194 1493 3248 1538 et
3276 1487 3497 1541 niturali
3527 1490 3763 1544 maxime

2182 1563 2367 1625 carent
2393 1555 2624 1609 amicitia
2657 1571 2749 1619 per
2770 1570 2828 1609 se
2849 1564 2914 1625 et,
2952 1564 3168 1621 propter
3199 1570 3258 1611 se
3299 1557 3623 1625 expetenda,
3654 1575 3756 1614 nec

2183 1622 2284 1691 ipsi
2302 1622 2399 1695 sibi
2423 1626 2673 1692 exemplo
2703 1632 2847 1678 sunt.
2878 1624 3049 1695 Verus
3072 1625 3231 1694 igitur
3250 1622 3456 1682 amicus
3485 1622 3759 1695 nunquam

2185 1694 2485 1766 reperitur.
2512 1695 2769 1749 Estenim
2802 1696 2845 1749 is
2873 1694 3087 1761 quidam
3136 1703 3384 1763 tanquam
3430 1699 3572 1752 alter
3595 1694 3761 1766 idem,

2186 1764 2274 1833 qui
2307 1773 2359 1818 et
2372 1778 2444 1837 se
2477 1765 2592 1833 ipse
2613 1766 2815 1837 diligat,
2848 1774 2901 1819 et
2922 1766 3430 1837 alterumacquirat.
3456 1768 3610 1837 cuius
3634 1764 3761 1823 ani?-

2194 1849 2336 1887 muiii
2369 1834 2586 1905 itacum
2615 1834 2982 1895 suo’misceat.
3014 1845 3071 1888 ut
3091 1834 3286 1890 efficiat
3336 1852 3471 1905 pene
3498 1834 3666 1893 unum
3691 1854 3760 1895 ex

2183 1904 2408 1957 duobus.
2433 1904 2536 1959 Sed
2562 1905 2800 1975 plerique
2828 1919 3102 1973 perverse,
3129 1920 3194 1960 ne
3223 1904 3395 1960 dicam
3442 1908 3761 1976 impruden-

2184 1982 2284 2036 ter,
2307 1976 2464 2028 talem
2494 1978 2719 2047 amicum
2757 1978 2962 2047 volunt,
2986 1977 3172 2042 quales
3222 1976 3324 2047 ipsi
3352 1991 3476 2032 esse
3502 1994 3611 2033 non
3635 1995 3762 2047 pos-

2182 2054 2325 2117 stint,
2351 2059 2574 2117 quaeque
2603 2045 2701 2113 ipsi
2737 2060 2842 2099 non
2877 2045 3117 2117 tribuunt
3144 2046 3354 2111 amicis,
3389 2048 3502 2102 haec
3531 2052 3601 2101 ab
3628 2045 3764 2117 ipsis

2181 2114 2509 2184 desiderant.
2538 2116 2637 2169 Par
2660 2125 2740 2169 est
2764 2124 2943 2168 autem
2972 2116 3197 2182 primum
3240 2116 3410 2184 ipsum
3440 2134 3561 2173 esse
3586 2114 3758 2176 virum

2182 2181 2401 2255 bonum,
2434 2194 2543 2237 tum
2573 2187 2797 2239 alterum
2831 2181 3063 2238 similem
3093 2187 3174 2239 sui
3196 2181 3458 2255 quiet-ere.
3480 2187 3533 2243 bi
3559 2190 3762 2245 talibus

2180 2254 2323 2327 enim
2368 2254 2627 2327 stabilitas
2656 2255 2906 2327 amicitia;
2933 2254 3240 2327 conliriiiari
3280 2267 3474 2327 potest,
3507 2273 3633 2313 cum
3660 2260 3763 2313 liu-

2182 2323 2746 2394 niinesibenevoleutia
2778 2324 3050 2393 conjuncti
3095 2323 3324 2391 primum
3375 2323 3762 2394 cupiditatibus

2179 2390 2264 2446 his
2287 2393 2481 2467 quibus
2499 2397 2677 2449 carteri
2709 2390 2967 2467 serriu'nt,
2989 2390 3350 2464 imperabunt;
3369 2390 3564 2453 deinde
3590 2404 3760 2467 aqui-

2182 2473 2290 2516 tate
2309 2463 2622 2536 justitiaque
2642 2464 2964 2536 gaudebunt,
2983 2463 3267 2536 omniaque
3296 2468 3432 2522 alter
3459 2484 3555 2535 pro
3587 2463 3763 2526 abiero

2179 2534 2456 2602 suscipiet.
2488 2549 2586 2589 nec
2613 2535 2903 2605 quidquam
2961 2534 3194 2604 unquam
3242 2538 3345 2592 iiisi
3386 2534 3672 2595 honestum
3702 2552 3761 2596 at

2181 2611 2385 2677 rectum
2413 2605 2547 2659 alter
2573 2607 2645 2658 ab
2673 2608 2844 2677 altero
2875 2605 3183 2677 postulabit,
3225 2621 3402 2677 neque
3438 2611 3613 2663 solum
3658 2624 3759 2665 co-

2181 2670 2292 2727 lent
2323 2673 2460 2727 inter
2486 2687 2545 2729 se
2574 2688 2640 2729 ac
2668 2670 2911 2744 όιιίκνιιῐ,
2943 2676 3038 2730 sed
3066 2670 3229 2730 etiam
3255 2670 3601 2733 verebuntur.
3624 2679 3758 2735 Nam

2180 2743 2470 2819 maximum
2495 2743 2871 2819 ornamentum
2900 2745 3147 2819 amicitia:
3172 2748 3326 2813 tollit,
3350 2751 3440 2819 qui
3469 2764 3534 2803 ex
3560 2765 3625 2804 ea
3657 2753 3760 2804 tol-

2180 2810 2238 2865 lit
2264 2815 2669 2881 vcrecundiam;
2702 2815 2886 2882 itaque
2918 2816 3253 2883 perniciosus
3294 2810 3445 2874 error
3473 2830 3559 2874 est
3589 2821 3641 2873 in
3671 2822 3756 2876 his

2179 2884 2267 2950 qui
2310 2885 2616 2957 existimant
2660 2884 2952 2957 libidinum
3004 2897 3453 2957 peccatorumque
3508 2893 3754 2945 omnium

2182 2962 2361 3026 patere
2390 2953 2443 3008 in
2468 2955 2701 3026 amicitia
2734 2953 3029 3009 licentiam.
3049 2956 3316 3026 Virtutum
3335 2953 3570 3013 amicitia
3600 2962 3757 3026 adiuo

2180 3022 2281 3099 trix
2310 3038 2339 3076 a
2367 3034 2565 3099 natura
2598 3024 2718 3078 data
2752 3035 2855 3090 est,
2886 3040 2990 3099 non
3024 3024 3273 3099 vitiorum
3301 3043 3507 3090 comes.
3542 3044 3599 3083 ut
3619 3022 3759 3099 quo-

2178 3092 2319 3147 niam
2362 3096 2599 3168 solitaria
2653 3098 2982 3168 non_possit
3027 3098 3195 3151 virtus
3222 3101 3287 3152 ad
3315 3114 3378 3154 ea
3411 3113 3529 3168 qum
3546 3092 3757 3156 summa

2180 3174 2307 3217 sunt
2336 3166 2638 3242 pervenire,
2669 3164 2957 3227 coniuncta
2987 3176 3043 3221 et
3070 3173 3380 3224 consociata
3429 3164 3556 3225 cum
3584 3172 3756 3228 altera

2245 3245 2495 3289 I‘Vellll‘el.

2178 3248 2753 3426 pf:§tfti33ﬁ:&lfatefi8,
2775 3305 2995 3376 diligere
3012 3317 3242 3378 oportet,
3261 3324 3388 3377 non,
3402 3324 3523 3365 cum
3542 3310 3753 3368 dilexe«

2178 3390 2274 3426 ns.
2303 3390 2354 3426 Ill
2394 3390 2554 3426 tcare.

2176 3390 2274 3437 ns,
2296 3390 2554 3441 judicare.

2249 3443 3013 3518 MultidivitiasdeSpicinnt,
3066 3463 3202 3515 quos
3253 3463 3420 3518 parvo
3466 3458 3758 3508 contentos

2182 3517 2357 3569 tenuis
2388 3516 2559 3591 victus
2582 3517 2871 3591 cultusque
2892 3518 3153 3591 delectat;
3187 3516 3420 3575 honores
3444 3536 3593 3585 vero,
3618 3537 3754 3591 quo-

2179 3601 2295 3660 rum
2345 3585 2635 3652 cupiditate
2685 3588 2897 3660 quidam
2940 3588 3354 3655 inﬂammantur,
3411 3605 3571 3660 quam
3603 3585 3757 3647 ιιὶιιιιῖ

2178 3655 2645 3730 itacuiitemnunt,
2678 3665 2734 3709 ut
2767 3657 2899 3711 nihil
2935 3660 3129 3723 minus,
3156 3660 3393 3730 nihilque
3424 3655 3543 3715 esse
3572 3662 3750 3717 levius

2178 3726 2512 3799 existiment.
2547 3726 2781 3795 Itemque
2820 3735 3013 3799 caetera
3057 3744 3176 3798 qua!
3229 3726 3549 3799 quibusdam
3580 3733 3757 3789 admi-

2181 3796 2366 3869 rahilia
2382 3797 2669 3869 videntur,
2697 3797 2948 3869 permulti
2973 3796 3096 3852 sunt
3120 3800 3209 3869 qui
3234 3796 3329 3867 pro
3354 3800 3523 3855 nihilo
3544 3812 3754 3869 putent.

2183 3863 2259 3943 De
2288 3866 2518 3943 amicitia
2543 3863 2731 3919 omnes
2760 3867 2828 3943 ad_
2852 3883 3016 3923 unum
3045 3863 3185 3943 idem
3202 3863 3467 3943 sentiunt,
3497 3863 3559 3926 ei
3580 3874 3633 3925 tri
3659 3873 3754 3943 qui

2180 3934 2520 4009 adrempub.
2551 3950 2610 3989 se
2640 3938 3011 4009 contulerunt,
3059 3948 3113 3993 et
3161 3939 3215 3994 bi
3261 3940 3350 4009 qui
3378 3940 3431 3996 in
3455 3934 3639 3996 rerum
3662 3934 3759 3997 ὁο-

2183 4005 2425 4081 giiitione
2479 4005 2829 4081 doctrinaque
2856 4008 3213 4081 delectantur,
3244 4005 3301 4065 et
3347 4012 3397 4063 bi
3453 4012 3545 4081 qui
3596 4026 3756 4068 suum

2182 4077 2455 4152 negotium
2499 4078 2921 4152 geruiit__otiosi;
2972 4091 3243 4152 postremo
3298 4080 3351 4134 lii
3400 4077 3489 4152 qui
3523 4093 3759 4138 aetolus

2183 4145 2545 4214 voluptatibus
2599 4145 3101 4215 tradiderunt,'sine
3124 4153 3357 4205 amicitia
3412 4145 3576 4207 {utam
3628 4167 3757 4209 esse

2183 4216 2378 4291 nullam
2408 4216 2660 4291 sentiunt,
2680 4217 2727 4271 si
2758 4218 2916 4291 modo
2938 4221 3111 4287 aliqua
3139 4221 3307 4275 velint
3331 4237 3397 4275 ex
3428 4235 3583 4291 parte
3610 4224 3754 4277 libe-

2182 4286 2367 4358 raliter
2390 4288 2589 4341 vivere.
2622 4285 2797 4355 Serpit
2819 4288 2965 4358 eiiim
3017 4285 3111 4358 per
3140 4291 3377 4345 omnium
3404 4285 3538 4347 vitas
3562 4294 3752 4347 amici-

2184 4356 2278 4420 tia,
2308 4370 2407 4411 nec
2429 4358 2588 4412 ullam
2607 4360 2779 4428 aetatis
2803 4356 3060 4428 degendae
3107 4361 3369 4414 rationein
3403 4362 3599 4427 patitur
3628 4377 3756 4420 esse

2184 4438 2456 4502 expertem
2485 4428 2592 4502 sui,
2618 4427 2745 4495 quin
2768 4427 2929 4481 etiam
2953 4430 2999 4484 si
3028 4436 3317 4499 asperitate
3342 4445 3404 4485 ea
3424 4441 3507 4486 est
3532 4434 3750 4502 aliquis,

2186 4508 2244 4570 et
2278 4496 2686 4570 inhumanitate
2735 4506 2963 4570 naturae,
3020 4496 3442 4570 ut'congressus
3472 4496 3750 4559 hominum

2185 4566 2348 4635 fugiat
2394 4576 2555 4635 atque
2598 4566 2803 4639 oderit,
2840 4577 2950 4621 tum
2986 4571 3032 4625 is
3059 4572 3168 4639 pati
3220 4566 3326 4626 non
3376 4582 3580 4639 posset,
3622 4572 3752 4639 quin

2184 4647 2366 4691 tioscet
2388 4640 2640 4707 aliquem,
2667 4637 2808 4708 apud
2838 4654 2996 4708 quem
3034 4637 3280 4711 spiritum
3309 4637 3423 4697 sua
3442 4637 3752 4700 acerbitatis

2178 4717 2469 4765 evomeret.

2253 4776 2448 4832 Natura
2480 4778 2613 4834 nibil
2639 4778 2933 4835 solitarium
2964 4789 3130 4837 amat.

2254 4847 2348 4902 Est
2366 4850 2507 4903 enim
2541 4852 2719 4906 varius
2748 4861 2800 4906 et
2829 4850 3099 4919 multiplex
3132 4865 3259 4907 usus
3304 4851 3579 4917 amicitia,
3606 4853 3750 4909 ml.

2184 4928 2355 4985 tuique
2392 4933 2569 4974 causai
2596 4921 2985 4993 suspicionum
3040 4920 3504 4993 oll‘etisionumque
3524 4928 3745 4989 datur,

2182 5002 2314 5058 quas
2361 4998 2470 5042 tum
2522 4992 2741 5053 evitare,
2770 5002 2878 5044 tum
2916 4996 3126 5046 elevare
3152 5007 3276 5047 eum
3308 4992 3444 5050 velle
3471 4995 3636 5058 terre,
3664 5010 3749 5049 sa-

2185 5059 2375 5134 pientis
2403 5070 2505 5134 est.
2542 5060 2650 5134 'l'ua
2674 5061 2771 5134 illa
2798 5062 3121 5134 sublevanda
3163 5074 3253 5117 est
3304 5061 3556 5134 “cosio,
3593 5075 3657 5119 ιιι
3691 5076 3751 5121 οι

2186 5132 2385 5184 utilitas
2408 5131 2459 5183 in
2484 5132 2718 5185 amicitia
2743 5143 2798 5186 et
2825 5131 2958 5187 fides
2986 5134 3299 5188 retineatur.

2253 5200 2385 5254 Nam
2415 5209 2469 5254 et
2496 5202 2745 5275 monendi
2777 5203 2931 5255 amici
2963 5217 3108 5275 saepe
3154 5212 3283 5257 sunt
3305 5212 3363 5259 et
3388 5203 3747 5275 obiurgandi;

2184 5279 2238 5324 et
2268 5276 2384 5341 haec
2412 5274 2721 5341 accipienda
2750 5282 2874 5326 sunt
2892 5272 3084 5337 amice,
3114 5288 3236 5328 cum
3260 5272 3528 5330 benevole
3554 5277 3711 5329 Iunt.

2256 5340 2360 5397 Sed
2391 5340 2571 5413 nescio
2590 5344 2859 5413 quomodo
2887 5357 3071 5397 verum
3085 5352 3169 5398 est
3182 5344 3321 5413 quod
3340 5345 3393 5399 in
3418 5345 3580 5399 Adria
3598 5360 3754 5399 meus

2186 5409 2459 5465 familiaris
2484 5411 2620 5467 dixit
2651 5428 2666 5466 :
2691 5412 3016 5482 Obsequium
3068 5409 3295 5478 amicos,
3344 5419 3543 5470 veritas
3567 5420 3750 5469 odium

2186 5484 2340 5551 parit.
2369 5482 2586 5553 Iolesta
2610 5491 2693 5538 est
2708 5483 2849 5537 enim
2872 5485 3093 5549 veritas,
3109 5485 3371 5553 siquidem
3390 5499 3458 5540 ex
3472 5499 3545 5539 ea
3563 5499 3750 5539 uasa--

2185 5562 2273 5606 tur
2314 5552 2517 5616 odium,
2562 5553 2704 5621 quod
2754 5562 2839 5607 est
2869 5567 3127 5607 venenum
3158 5555 3439 5619 amicitiis;
3472 5558 3563 5610 sed
3585 5559 3751 5610 obse-

2184 5626 2369 5696 quium
2387 5622 2566 5696 multo
2590 5625 2890 5696 molestius,
2917 5627 3114 5696 quod.
3167 5630 3401 5694 peccatis
3445 5628 3748 5696 indulgens,

2185 5692 2509 5773 praecipitem
2532 5695 2770 5773 animum
2798 5693 2928 5747 εει-τί
2953 5694 3114 5759 sinit;
3132 5692 3362 5750 maxima
3384 5708 3567 5773 autem
3591 5692 3748 5773 culpa

2183 5762 2237 5816 iii
2260 5776 2326 5816 eo
2351 5762 2439 5830 qui
2471 5773 2525 5817 et
2546 5763 2820 5817 veritatem
2844 5776 3182 5830 aspernatur,
3209 5777 3265 5819 et
3309 5782 3364 5821 ιιι
3386 5768 3633 5822 fraudas
3654 5762 3749 5821 ulr-

2184 5834 2368 5903 sequiu
2392 5833 2701 5904 impellitur.
2733 5834 2888 5890 Ouini
2916 5832 3077 5903 igitur
3101 5834 3202 5893 bac
3228 5836 3281 5893 iu
3312 5852 3372 5895 re
3394 5838 3643 5895 habenda
3662 5850 3743 5895 est
