4162 6212
397 419 535 479 1073

394 607 592 678 deinde
614 605 909 678 obiurgatio
930 604 1249 659 contumelia
1272 608 1471 678 careat.
1506 670 1519 678 _
1555 670 1567 678 _
1813 675 1820 678 Α
1871 667 1902 678 ί,

464 677 520 732 1η
545 670 800 742 obsequio
847 683 1025 729 autem
1067 675 1420 728 communitas
1457 670 1614 734 adsit,
1647 670 1944 742 assentatio

395 749 644 802 vitiorum
673 739 896 812 adiutrix
927 743 1106 812 procul
1147 751 1476 808 amoveatur,
1516 755 1631 805 qua:
1653 755 1757 812 non
1786 739 1944 812 modo

395 821 592 882 amico,
625 817 719 871 sed
740 808 810 870 ne
840 808 1009 870 libero
1033 813 1247 883 quidem
1275 814 1429 881 digna
1460 821 1562 865 est.
1589 811 1778 883 _Aliter
1801 808 1944 862 enim

393 903 514 944 cum
539 881 785 959 tyranno,
812 887 962 959 aliter
989 881 1108 939 cum
1136 883 1544 959 amico_vivitur.
1576 881 1738 948 Cujus
1766 889 1944 959 autem

392 950 787 1014 aures'veritati
816 957 1006 1010 clausa.-
1022 964 1165 1014 sunt.
1198 965 1251 1008 ut
1270 954 1338 1008 ab
1360 952 1530 1006 amico
1552 965 1732 1004 verum
1762 950 1948 1001 audire

396 1038 645 1095 nequeat,
676 1026 830 1095 hujus
854 1029 999 1081 salus
1045 1024 1380 1089 desperanda
1404 1031 1510 1095 est.
1560 1021 1760 1095 scitum
1804 1021 1946 1095 enim

393 1091 639 1155 est'illudv
657 1091 993 1170 proverbium
1025 1096 1239 1149 Catonis
1263 1093 1477 1170 :_mnlto
1514 1091 1700 1144 melius
1725 1091 1948 1170 acerbos

397 1171 639 1226 inimicos
658 1163 734 1224 ide
760 1168 1072 1237 quibusdam
1102 1165 1316 1228 mereri,
1341 1180 1502 1237 quam
1511 1175 1613 1237 eos
1639 1163 1836 1237 amicos
1859 1163 1948 1227 qui

395 1240 580 1296 dulces
602 1233 898 1295 videantur.
930 1237 1051 1293 Illos
1093 1250 1275 1290 verum
1305 1233 1447 1304 smpe
1474 1233 1669 1304 dicere,
1697 1233 1792 1283 hos
1816 1245 1950 1282 nun-

394 1327 582 1382 quam;
613 1320 772 1380 atque
802 1307 933 1382 illud
956 1307 1241 1382 absurdum
1266 1301 1533 1382 est,'quod
1567 1304 1703 1382 dum
1733 1316 1952 1354 moven-

397 1371 504 1446 t'ur,
554 1371 700 1435 eam'
729 1379 1023 1432 molestiam
1074 1377 1304 1444 capiant,
1349 1371 1446 1441 qua
1473 1371 1700 1446 debent
1741 1383 1950 1446 vacare.

399 1443 654 1506 Peccasse
680 1450 822 1508 enim
856 1461 915 1502 se
966 1463 1072 1501 non
1109 1458 1392 1516 anguntur,
1437 1443 1702 1516 objurgari
1730 1443 1953 1494 moleste

398 1522 602 1585 ferunt,
633 1521 772 1585 quod
803 1529 990 1573 contra
1011 1514 1314 1585 oporteret;
1356 1526 1414 1569 ut
1446 1514 1611 1585 igitur
1642 1522 1694 1564 et
1735 1525 1954 1585 monere

396 1605 450 1646 et
483 1582 682 1646 moneri
725 1590 994 1659 proprium
1041 1582 1122 1642 est
1163 1601 1302 1639 verre
1354 1583 1624 1661 amicitiae,
1657 1589 1711 1634 et
1740 1582 1953 1661 quidem

398 1662 623 1717 alterum
656 1657 823 1714 libere
851 1660 1045 1720 iacere,
1079 1674 1181 1710 non
1205 1667 1413 1720 aspere.
1438 1657 1665 1707 alterum
1697 1657 1958 1718 patienter

397 1732 665 1800 accipere,
689 1746 790 1784 non
815 1739 1197 1802 repugnanter,
1217 1727 1293 1778 sic
1317 1724 1728 1802 habendum_est
1757 1721 1955 1802 nullam

401 1802 454 1855 in
471 1791 716 1856 amicitiis
740 1791 937 1864 pestem
949 1791 1077 1854 'esse
1096 1798 1373 1864 majorem,
1399 1808 1552 1864 quam
1575 1791 1953 1855 adulationem,

398 1871 706 1927 blanditiam
735 1882 788 1924 et
818 1870 1248 1924 assentationem.
1384 1933 1396 1941 _
1499 1936 1511 1941 _
1575 1933 1584 1941 _
1685 1930 1695 1941 .

471 1943 604 1996 Cum
647 1949 822 1995 autem
877 1941 1110 1993 omnium
1145 1950 1322 1991 rerum
1354 1933 1623 1988 simulatio
1651 1933 1838 1986 vitiosa
1878 1941 1961 1987 est

399 2011 567 2076 (tollit
607 2012 749 2066 enim
800 2010 1053 2077 judicium
1110 2007 1246 2070 veri,
1276 2005 1456 2077 idque
1499 2001 1808 2077 adulterat),
1851 2014 1960 2057 tum

401 2074 648 2135 amicitiae
677 2074 934 2150 repugnat
978 2079 1224 2150 maxime.
1274 2075 1425 2129 Delet
1466 2074 1607 2128 enim
1654 2074 1956 2150 veritatem,

402 2152 518 2205 sine
542 2167 642 2219 qua
672 2143 863 2203 no'mén
914 2148 1160 2204 amicitie
1209 2160 1428 2200 manere
1459 2159 1562 2197 non
1595 2151 1788 2219 potest.
1833 2143 1962 2219 Nam

399 2237 521 2275 cum
552 2213 799 2273 amicitiae
830 2221 910 2273 vis
930 2220 1001 2273 sit
1032 2222 1084 2272 in
1115 2232 1200 2276 eo,
1227 2225 1282 2268 ut
1304 2231 1436 2268 unus
1459 2213 1607 2282 quasi
1638 2230 1704 2267 an
1731 2227 1847 2267 mus
1875 2213 1966 2268 ﬁat

400 2305 462 2344 ex
497 2291 755 2357 pluribus,
785 2290 1055 2359 quomodo
1078 2287 1126 2342 id
1155 2290 1264 2359 lieri
1296 2287 1506 2352 poterit,
1533 2285 1577 2338 si
1607 2284 1794 2359 nonin
1829 2298 1960 2359 uno-

402 2355 614 2429 quoque
644 2376 779 2413 unus
800 2355 1008 2414 animus
1039 2362 1159 2421 erit,
1193 2357 1350 2429 idque
1374 2369 1609 2429 semper,
1639 2355 1734 2407 sed
1758 2356 1962 2420 varius,

401 2424 789 2484 commutabilis
844 2443 894 2483 et
944 2426 1256 2494 multiplex?
1310 2425 1447 2490 Quid
1470 2424 1613 2477 enim
1645 2433 1820 2491 potest
1845 2438 1966 2494 esse

405 2510 512 2555 tam
541 2501 788 2566 ﬂexibile,
821 2513 1035 2568 tamque
1056 2493 1291 2561 devium,
1323 2510 1479 2565 quam
1502 2496 1714 2568 animus
1736 2494 1851 2558 ejus
1873 2493 1965 2568 qui

405 2572 469 2624 ad
493 2573 710 2625 alterius
737 2562 842 2624 non
871 2562 1029 2624 modo
1060 2583 1272 2623 sensum
1305 2562 1464 2631 atque
1493 2565 1842 2629 voluntatem,
1871 2562 1966 2618 sed

408 2641 572 2696 etiam
603 2644 801 2695 vultum
832 2653 991 2706 atque
1020 2651 1202 2692 nuttnn
1234 2637 1580 2706 convertitur.
1633 2635 1798 2702 Negat
1819 2635 1962 2706 quis,

409 2726 545 2778 nego
568 2730 582 2776 ;
604 2714 695 2777 ait,
728 2719 780 2763 et
830 2703 944 2765 aio:
979 2720 1245 2778 postremo
1292 2705 1543 2773 imperavi
1574 2714 1784 2773 egomet
1813 2703 1963 2770 mihi,

405 2782 580 2854 om_nia
610 2780 890 2854 assentari,
921 2789 977 2854 ut
1005 2780 1281 2854 Terentius
1307 2778 1399 2829 ait.
1644 2852 1650 2854 _
1681 2843 1693 2854 .

479 2851 699 2906 Secerni
723 2859 897 2904 autem
927 2851 1147 2903 blandus
1171 2851 1371 2900 amicus
1389 2861 1417 2898 a
1437 2858 1586 2911 vero,
1605 2852 1660 2896 et
1681 2845 1965 2898 internosci

408 2927 515 2973 tam
543 2931 718 2988 potest
737 2920 974 2973 adhibita
996 2917 1290 2987 diligentia,
1314 2930 1470 2985 quam
1499 2913 1674 2968 omnia
1715 2913 1890 2968 fucata
1913 2922 1969 2970 et

406 2990 650 3044 simulata
678 3005 705 3044 a
730 2992 953 3045 sinceris
983 3004 1140 3059 atque
1161 2990 1320 3040 veris.

476 3061 778 3115 Asseutatio
799 3054 1100 3128 quanquam
1129 3058 1426 3127 perniciosa
1449 3054 1536 3128 sit,
1563 3068 1756 3108 nocere
1781 3061 1966 3128 tamen

409 3129 608 3185 nemini
640 3124 834 3197 potest,
866 3124 973 3184 nisi
1009 3131 1055 3184 ei
1096 3124 1183 3198 qui
1215 3143 1330 3180 eam
1365 3124 1571 3192 recipit,
1601 3137 1762 3198 atque
1794 3125 1845 3177 in
1878 3126 1967 3198 illa

404 3195 722 3254 delectatur.
752 3200 955 3255 Virtute
982 3195 1125 3254 enim
1157 3199 1267 3266 ipsa
1293 3211 1398 3250 non
1446 3205 1550 3248 tam
1582 3196 1732 3247 multi
1762 3195 1966 3266 przedili

403 3283 524 3324 esse
552 3286 708 3337 quam
740 3272 904 3324 videri
942 3271 1147 3334 volunt,
1175 3264 1272 3321 hos
1319 3267 1548 3320 delectat
1593 3264 1967 3337 assentationis

409 3332 612 3406 victus;
647 3343 709 3394 ad
731 3355 913 3395 eorum
942 3332 1263 3394 voluntatem
1313 3351 1490 3390 sermo
1518 3350 1636 3389 cum
1662 3332 1964 3406 adhibetur,

403 3402 698 3465 orationem
753 3412 897 3465 illam
947 3426 1135 3464 vanam
1187 3408 1549 3460 testimonium
1607 3419 1728 3458 esse
1755 3402 1966 3459 laudum

403 3491 620 3533 suarum
649 3490 850 3548 putant.
904 3479 1055 3533 Nulla
1106 3489 1189 3534 est
1219 3479 1376 3546 igitur
1417 3478 1534 3530 haec
1561 3474 1815 3548 amicitia,
1846 3489 1968 3548 cum

403 3548 540 3602 alter
569 3543 751 3604 verum
780 3550 963 3605 audire
1010 3565 1114 3603 non
1169 3543 1299 3610 vult,
1347 3548 1482 3600 alter
1512 3547 1576 3599 ad
1608 3543 1967 3600 mentiendum

406 3627 622 3685 paratus
670 3629 769 3674 est.
815 3619 923 3674 Nec
980 3621 1334 3688 parasitorum
1389 3615 1546 3688 nobis
1596 3616 1888 3688 assentatio
1916 3615 1969 3668 in

404 3684 686 3743 Comoediis
713 3689 883 3743 faceta
926 3684 1414 3752 commendaretur,
1449 3684 1546 3739 nisi
1571 3695 1748 3737 essent
1773 3685 1969 3736 milites

403 3758 647 3829 gloriosi.
677 3761 898 3825 Semper
926 3761 1070 3814 enim
1108 3766 1268 3829 auget
1322 3765 1623 3829 assentator
1672 3752 1722 3806 id
1754 3755 1893 3820 quod
1925 3755 1969 3806 is

405 3827 473 3879 ad
535 3830 689 3896 cujus
738 3833 1065 3884 voluntatem
1124 3827 1317 3882 dicitur
1356 3827 1468 3879 vult
1521 3839 1642 3896 esse
1694 3837 1965 3896 magnum.

404 3892 761 3961 Quamobrem
785 3915 1082 3967 quanquam
1120 3900 1218 3954 ista
1253 3897 1441 3951 blanda
1469 3894 1673 3946 vanitas
1703 3892 1840 3967 apud
1874 3907 1969 3946 eos

405 3969 580 4020 valeat
609 3969 699 4036 qui
726 3963 826 4036 ipsi
854 3963 1084 4024 illectant
1105 3979 1160 4023 et
1181 3970 1422 4027 invitant,
1453 3976 1628 4018 tamen
1654 3963 1813 4017 etiam
1844 3975 1968 4036 gra-

405 4037 577 4108 viores
623 4034 1111 4108 constantioresque
1140 4035 1460 4108 admonendi
1508 4041 1666 4108 sunt,
1699 4041 1757 4086 ut
1789 4034 1969 4108 anim-

408 4107 688 4161 advertant
715 4124 782 4162 ne
809 4109 996 4162 callida
1027 4103 1397 4163 assentatione
1437 4104 1732 4169 capiantur.
1772 4103 1971 4172 Aperte

409 4178 551 4229 enim
581 4178 885 4231 adulantem
917 4193 1076 4232 nemo
1105 4193 1208 4232 non
1232 4176 1391 4240 videt,
1417 4176 1514 4229 nisi
1545 4175 1632 4242 qui
1681 4172 1968 4227 admodum

404 4255 488 4299 cst
515 4261 726 4302 excors.
758 4249 992 4302 Callidus
1035 4250 1122 4303 ille
1171 4256 1227 4302 et
1261 4247 1498 4301 occultus
1527 4245 1787 4307 adulator,
1820 4259 1885 4296 ne
1911 4256 1970 4297 se

403 4315 657 4383 insinuet,
683 4318 921 4372 studiose
951 4319 1248 4372 cavendum
1270 4325 1382 4379 est;
1413 4330 1512 4370 nec
1558 4315 1701 4369 enim
1747 4311 1971 4368 faciliter

401 4389 722 4452 agnoscitur,
742 4390 935 4456 quippe
950 4389 1038 4456 qui
1061 4388 1220 4443 etiam
1251 4385 1575 4456 assentando
1605 4398 1748 4453 expc
1775 4384 1969 4456 adverj

399 4463 570 4520 setur,
609 4466 665 4512 et
711 4452 917 4526 litigare
969 4452 1029 4512 se
1077 4460 1331 4512 simulans
1381 4452 1859 4526 blanditur,'atque
1898 4452 1965 4526 ad

401 4533 702 4597 estremum
730 4523 819 4581 det
849 4542 1058 4592 manus,
1090 4529 1331 4597 vincique
1360 4541 1418 4597 se
1451 4526 1694 4597 patiatur,
1720 4532 1776 4577 ut
1801 4525 1846 4577 is
1871 4523 1958 4597 qui

400 4594 592 4649 illusus
620 4597 691 4649 sit
721 4597 838 4666 plus
872 4598 1064 4651 vicisse
1088 4594 1344 4652 videatur.
1397 4596 1532 4661 Quid
1561 4605 1738 4666 autem
1763 4594 1965 4663 turpius

398 4679 558 4733 quam
588 4663 774 4721 illudi?
799 4667 937 4734 quod
969 4681 1036 4722 ne
1056 4669 1280 4731 accidat,
1312 4667 1477 4734 magis
1503 4663 1795 4719 cavendum
1822 4671 1924 4734 est.

482 4734 655 4789 Virtus
701 4747 754 4791 et
782 4733 1028 4792 conciliat
1074 4737 1355 4803 amicitias,
1400 4733 1454 4788 et
1487 4743 1786 4788 conservat.
1820 4733 1875 4788 In
1901 4748 1966 4787 ea

399 4813 481 4858 est
529 4809 673 4861 enim
721 4822 900 4862 rerum
955 4817 1008 4861 et
1031 4822 1235 4862 morum
1276 4804 1669 4867 convenientia,
1712 4803 1763 4857 in
1791 4817 1853 4858 ea
1882 4811 1966 4858 est

395 4874 681 4941 stabilitas,
713 4877 764 4930 in
797 4893 856 4931 ea
887 4876 1208 4939 constantia,
1252 4893 1369 4942 qua:
1409 4891 1530 4928 cum
1579 4887 1639 4927 se
1674 4874 1865 4928 extulit
1911 4881 1966 4927 et

395 4946 634 4998 ostendit
671 4962 823 5001 suum
869 4948 1065 5012 lumen,
1097 4957 1152 5001 et
1193 4947 1333 5001 idem
1357 4944 1641 5012 aspexitct
1667 4944 1882 5012 agnovit
1909 4944 1961 4997 in

393 5014 524 5079 alio,
550 5018 615 5067 ad
641 5017 690 5069 id
713 5032 772 5072 se
797 5018 1066 5082 admovet,
1094 5018 1435 5082 vicissimque
1455 5014 1649 5081 accipit
1675 5014 1800 5067 illttd
1823 5014 1962 5082 quod

394 5084 452 5136 in
476 5086 646 5138 altero
670 5095 774 5151 est,
804 5103 869 5141 ex
900 5101 1005 5153 quo
1031 5088 1330 5141 exardescit
1353 5086 1466 5138 sive
1501 5098 1674 5146 amor,
1699 5084 1809 5138 sive
1831 5085 1962 5137 amio

394 5153 543 5206 citia.
581 5155 870 5224 Utrumque
891 5159 1030 5210 enim
1059 5156 1126 5210 ab
1155 5156 1380 5209 amando
1406 5154 1604 5209 dictum
1634 5163 1737 5208 est.
1769 5157 1962 5208 Amare

393 5225 538 5276 enim
568 5225 696 5278 nihil
726 5228 871 5280 aliud
892 5237 996 5291 est,
1054 5226 1153 5279 nisi
1181 5240 1302 5280 eum
1332 5225 1502 5292 ipsum
1547 5224 1766 5291 diligere
1803 5237 1960 5292 quem

394 5308 565 5364 amas,
590 5296 727 5348 nulla
779 5297 1002 5350 utilitate
1047 5296 1268 5364 quaesita
1301 5311 1315 5348 :
1345 5296 1441 5347 hac
1470 5308 1565 5364 nos
1595 5294 1962 5364 adolescentes

393 5363 766 5431 benevolentia
797 5381 955 5420 senes
986 5362 1288 5429 dileximus,
1322 5366 1434 5418 hinc
1461 5362 1619 5416 etiam
1649 5364 1816 5431 magis
1841 5362 1958 5416 elu-

390 5443 477 5487 cet
509 5427 644 5487 inter
671 5437 926 5501 aquales.
953 5435 1060 5492 Sed
1086 5427 1334 5503 quoniam
1365 5447 1450 5503 res
1475 5427 1959 5503 hutnante'l'ragiles

389 5505 714 5572 caducaeque
742 5513 886 5570 sunt,
926 5501 1140 5574 semper
1194 5507 1371 5559 omnia
1425 5501 1607 5558 btevia
1666 5502 1961 5557 tolerabilia

388 5586 511 5628 esse
538 5574 751 5640 debent,
783 5574 992 5631 etiamsi
1017 5590 1201 5643 magna
1233 5577 1360 5627 sint.

461 5643 570 5698 Vos
593 5654 774 5700 autem
801 5646 1006 5712 hortor,
1033 5655 1090 5700 ut
1107 5640 1178 5699 ita
1210 5646 1458 5697 virtutem
1484 5643 1688 5707 locetis,
1721 5640 1838 5696 sine
1856 5655 1958 5711 qua

388 5715 618 5770 amicitia
646 5731 766 5768 esse
796 5731 900 5770 non
926 5725 1125 5784 potest,
1149 5723 1206 5768 ut
1233 5729 1296 5768 ea
1337 5727 1580 5784 excepta,
1611 5714 1740 5768 nihil
1766 5713 1955 5767 amici-

386 5785 456 5836 tia
480 5786 831 5851 praastahilius
859 5783 1069 5852 putetis.
1101 5783 1170 5838 Et
1220 5784 1333 5840 haec
1376 5783 1642 5841 Sul'ﬁciant
1662 5785 1732 5839 de
1765 5783 1959 5839 Amici-

383 5855 480 5921 tia,
510 5859 744 5926 sequitur
775 5858 841 5912 de
869 5858 1166 5912 Senectute.

1067 418 1476 477 SENTENTUE
1516 415 2033 477 PHILOSOPHICIE
2072 417 2161 474 EX
2201 420 2538 477 CICERONIS
2574 420 2970 477 COLLECTIE.

392 538 526 592 ratio
549 545 604 591 et
645 534 938 604 diligentia,
981 531 1210 602 primum
1257 540 1315 587 ut
1358 528 1580 586 monitio
1624 527 1940 594 acerbitate,
1975 528 2019 588 Α

1995 3219 2043 3285 C

3495 421 3634 480 {074

2263 551 2343 606 Ex
2374 551 2450 607 Μ.
2482 550 2542 606 T.
2575 551 2834 607 Ciceronis
2860 552 2989 606 libro
3033 551 3096 605 de
3126 552 3417 608 Senectute.

2117 664 2394 735 Nunquam
2422 668 2550 721 satis
2577 667 2735 735 digne
2775 667 2977 721 laudari
3022 666 3355 733 philosophia
3401 667 3627 733 poterit,

2047 737 2131 790 cui
2156 737 2243 804 qui
2275 746 2469 801 pareat,
2517 754 2676 791 omne
2727 747 2935 806 tempus
2986 738 3159 792 :ctatis
3215 753 3324 790 suae
3367 740 3484 792 sine
3514 753 3628 790 mo-

2049 807 2196 860 lestia
2227 806 2394 868 possit
2423 809 2634 877 degere.
2669 808 2868 874 Quibus
2898 810 3038 861 enim
3088 808 3214 860 nihil
3266 817 3347 860 est
3394 808 3446 860 in
3493 808 3624 876 ipsis

2046 877 2257 958 apisad
2307 877 2442 932 bene
2491 880 2746 946 beateque
2796 879 3104 946 vivendum,
3162 877 3242 931 his
3293 877 3466 932 omnis
3495 885 3632 932 aetas

2047 955 2222 1016 gravis
2245 955 2347 1000 est.

2117 1016 2214 1083 Qui
2243 1027 2418 1070 autem
2449 1017 2622 1070 omnia
2652 1017 2786 1071 bona
2819 1035 2846 1071 a
2879 1018 3068 1086 seipsis
3113 1026 3321 1085 petunt,
3374 1017 3438 1072 iis
3489 1017 3621 1072 nihil

2053 1096 2222 1158 potest
2253 1090 2446 1140 malum
2480 1087 2666 1150 videri,
2693 1089 2832 1158 quod
2864 1097 3064 1142 naturae
3088 1090 3380 1142 necessitas
3407 1087 3624 1145 aderat.

2050 1158 2164 1223 Quo
2196 1157 2245 1209 in
2277 1173 2471 1221 genere
2517 1157 2753 1224 inprimis
2782 1168 2864 1212 est
2920 1160 3185 1222 senccius,
3218 1173 3376 1225 quam
3423 1169 3479 1212 ut
3507 1159 3624 1214 adi-

2053 1229 2318 1290 piscamur
2337 1243 2524 1282 oumes
2554 1235 2760 1292 optant,
2789 1229 3030 1282 eamdem
3060 1239 3314 1283 accusant
3343 1229 3613 1295 adeptam.

2051 1296 2217 1349 Tanta
2248 1307 2328 1349 cst
2377 1297 2746 1355 inconstantia.
2794 1300 3014 1353 stultitia
3064 1309 3223 1364 atque
3255 1299 3618 1365 perversitas!

2052 1367 2323 1431 Ubrepere
2338 1367 2544 1433 quidem
2560 1383 2674 1420 cam
2688 1369 2913 1431 aiunt,et
2927 1369 3251 1434 citiusquam
3269 1371 3630 1436 putavissent..

2128 1437 2285 1490 Pares
2312 1453 2430 1490 cum
2461 1437 2673 1507 pztribus
2696 1439 2861 1492 veteri
2893 1439 3174 1507 proverbio
3213 1436 3467 1495 facillime
3488 1453 3621 1497 con-

2054 1518 2342 1576 gregantur

2127 1576 2382 1630 Modcrati
2408 1577 2550 1629 enim
2582 1585 2636 1630 et
2659 1592 2762 1632 non
2793 1578 3060 1641 difﬁciles.
3093 1592 3191 1634 nec
3225 1578 3504 1636 inhumani
3533 1593 3629 1636 se-

2056 1662 2152 1702 ncs
2183 1648 2509 1701 tolerabilem
2531 1657 2693 1714 agunt
2713 1657 3067 1704 senectutem.

2127 1717 2504 1840 linptortunitas
2533 1728 2710 1772 autem
2764 1729 2819 1773 et
2871 1719 3232 1774 inhumanitas
3280 1722 3427 1777 omni
3478 1721 3625 1779 allati

2127 1801 2146 1839 α
2171 1802 2226 1839 es
2255 1802 2279 1839 a
2303 1796 2406 1840 est.

2059 1795 2279 1841 molesta
2303 1796 2406 1840 εει.

1990 1875 2037 1936 Β
2136 1857 2359 1920 Pronior
2386 1871 2514 1925 opes
2535 1858 2845 1936 etcopiam
2867 1871 2920 1915 et
2947 1863 3257 1936 dignitatem
3281 1860 3623 1936 tolerabilio-

2068 1942 2176 2001 rem
2207 1938 2533 2001 senec:_utem
2565 1929 2750 2001 videri,
2801 1931 2947 1985 aiunt
2989 1929 3246 1988 nonnulli.
3279 1932 3460 2001 Neque
3481 1932 3626 1987 enim

2066 1995 2118 2073 in
2147 2011 2351 2073 summa
2372 1997 2552 2073 inopia
2583 1999 2713 2073 levis
2746 2014 2864 2073 esse
2908 2013 3157 2058 senectus
3184 1995 3391 2073 potest;
3412 2017 3511 2057 ncc
3539 2017 3628 2056 sa-

2067 2067 2227 2136 pienti
2260 2066 2494 2135 quidem,
2541 2083 2639 2124 nec
2691 2070 2954 2139 insipienti
3008 2066 3255 2128 senectus
3307 2066 3371 2127 in
3415 2087 3634 2128 summa

2065 2151 2274 2204 quoque
2297 2139 2444 2202 cepta
2473 2152 2574 2208 non
2599 2141 2790 2206 gravis.
2815 2143 3101 2208 Aptissima
3124 2146 3349 2197 omnino
3372 2156 3479 2195 non
3504 2149 3638 2195 sunt

2065 2221 2215 2280 arma
2267 2207 2573 2268 senectutis.
2621 2219 2761 2263 artes
2809 2207 3054 2274 scilicet.
3111 2213 3637 2280 exercitationesque

2068 2278 2341 2339 virtutum,
2391 2293 2508 2340 qua:
2540 2280 2589 2330 in
2624 2281 2767 2332 omni
2794 2292 2950 2335 aetate
2977 2284 3154 2346 cultae,
3188 2298 3307 2337 cum
3357 2281 3448 2337 diu
3493 2278 3633 2335 mul-

2068 2354 2284 2424 tumque
2313 2347 2801 2424 vixeris,_mirilicos
2823 2351 3053 2424 alierunt
3081 2357 3300 2415 fructus,
3328 2368 3432 2424 non
3456 2351 3633 2406 solum

2068 2418 2190 2484 quia
2215 2431 2480 2489 nunquam
2511 2418 2781 2485 deserunt,
2813 2436 2878 2475 ne
2909 2423 2959 2476 in
2992 2432 3230 2478 extremo
3255 2423 3470 2489 quidem
3499 2431 3640 2475 teta-

2070 2488 2135 2540 tis
2169 2495 2406 2566 tempore
2456 2486 2779 2566 (quanquam
2835 2489 2892 2566 id;
2942 2493 3156 2566 quidem
3188 2486 3478 2566 maximum
3500 2493 3639 2566 est),

2070 2571 2250 2610 verum
2277 2558 2434 2609 etiam
2457 2572 2489 2624 q
2513 2558 2577 2611 tia
2604 2562 2928 2616 conscientia
2957 2563 3090 2618 bene
3130 2572 3260 2616 actas
3291 2565 3412 2616 vitae
3439 2558 3636 2616 multo.

2071 2640 2295 2700 rumque
2324 2626 2705 2682 beneﬁciorum
2731 2632 3029 2686 recordatio
3052 2633 3442 2700 jucundissima
3464 2643 3574 2686 est.

2139 2697 2254 2775 Non
2285 2710 2473 2749 omnes
2505 2711 2723 2765 possunt
2746 2714 2864 2755 esse
2893 2697 3171 2775 Scipiones
3201 2713 3293 2757 aut
3318 2702 3552 2767 Maximi,
3579 2710 3648 2758 ut

2075 2764 2285 2842 urbium
2308 2764 2726 2835 expugnatores,
2746 2780 2802 2824 ut
2820 2764 3094 2836 pedestres
3111 2775 3395 2829 navalesve
3414 2764 3643 2842 pugnas,

2072 2846 2142 2916 ut.
2159 2837 2294 2890 bella
2325 2849 2354 2916 a_
2384 2851 2444 2890 se
2470 2846 2636 2906 gesta,
2673 2849 2730 2893 ut
2772 2842 3069 2916 triumphos
3115 2837 3509 2899 recordentur:
3544 2837 3641 2916 Est

2072 2910 2441 2987 etiamquiete
2486 2918 2541 2987 et
2586 2923 2716 2978 pure
2769 2910 2951 2980 atque
2977 2915 3254 2987 eleganter
3277 2928 3410 2987 aeta:
3439 2913 3636 2987 anatis,

2072 2976 2281 3058 placida
2299 2990 2372 3058 'ac
2401 2975 2533 3031 levis
2574 2975 3094 3058 senectus,'qualem'
3128 2984 3431 3058 accepimus
3465 2975 3640 3037 Plato;

2073 3051 2177 3111 nis,
2225 3051 2311 3116 qui
2333 3062 2444 3119 uno
2472 3058 2527 3119 et
2555 3051 2914 3119 octuagesimo
2961 3069 3101 3107 anno
3129 3051 3369 3110 scribens
3399 3064 3654 3108 mortuus

2072 3126 2160 3198 est
2175 3132 2190 3182 ;
2223 3117 2741 3198 qualemnlsocratis'.
2767 3123 2855 3188 qui
2885 3138 3008 3177 eum
3039 3124 3230 3198 librum
3257 3125 3346 3193 qui
3377 3123 3638 3198 Panathe-

2078 3187 2261 3264 naicus
2290 3187 2817 3264 inscribiturquarto
2847 3201 2900 3246 et
2943 3187 3288 3264 nonagesimo
3337 3209 3477 3248 anno
3502 3193 3640 3247 scri-

2075 3257 2244 3333 psisse
2272 3257 2486 3333 dicitur,
2515 3257 2750 3333 vixitque
2796 3257 3211 3331 quinquennium
3242 3274 3446 3333 postea.
3475 3264 3640 3332 Cujus

2072 3326 2323 3406 magism
2379 3325 2682 3384 Leontinus
2697 3325 2919 3400 Gorgias
2942 3325 3156 3388 centum
3184 3325 3470 3402 et'septem
3492 3325 3642 3388 co'm-

2070 3398 2453 3472 pluvitannm,
2496 3412 2666 3472 neque
2714 3398 2944 3471 unquam
2992 3406 3044 3458 in
3091 3406 3275 3461 studio.
3324 3398 3424 3460 suo
3477 3413 3650 3472 atque.

2069 3483 2232 3546 opere
2251 3469 2505 3546 cessavit.
2534 3468 2630 3546 Qui
2661 3468 2968 3546 cumesse
2996 3489 3350 3541 quaereretur,
3395 3490 3489 3529 cur
3504 3468 3638 3546 tam

2071 3538 2162 3590 diu
2193 3539 2321 3591 velit
2343 3553 2464 3592 esse
2491 3538 2542 3591 in
2578 3539 2729 3614 vita_:
2762 3541 2903 3596 Nihil
2936 3538 3125 3607 habeo,
3153 3538 3340 3614 inquit,
3373 3544 3515 3614 quod
3546 3557 3638 3596 ac-

2070 3621 2251 3683 cusem
2283 3618 2629 3683 senectutem.
2665 3609 2984 3683 Pus-clarum
3026 3609 3364 3681 reSponsum,
3393 3609 3452 3667 et
3476 3611 3638 3665 docto

2071 3677 2286 3752 homine
2308 3676 2546 3752 dignum.
2579 3676 2684 3732 Sua
2716 3682 2873 3752 enim
2890 3682 3012 3736 vitia
3055 3676 3385 3752 insipientes,
3409 3691 3462 3736 et
3483 3696 3632 3736 suam

2069 3747 2276 3813 Culpam
2309 3747 2360 3798 in
2390 3756 2719 3819 senectutem
2747 3749 3046 3806 conferunt.
3085 3747 3283 3807 Ennius
3325 3751 3434 3819 jam
3463 3765 3632 3804 annos

2072 3831 2170 3868 Lxx
2217 3824 2392 3881 natus,
2419 3817 2488 3869 ita
2539 3816 2741 3872 ferebat
2788 3819 2894 3874 duo
2940 3836 3058 3891 quae
3101 3816 3350 3891 putantur
3398 3823 3635 3891 maxima

2070 3899 2257 3962 priora,
2290 3895 2654 3962 paupertatem
2678 3897 2731 3943 et
2757 3890 3110 3961 senectutem,
3160 3901 3216 3947 ut
3255 3893 3333 3948 eis
3363 3905 3498 3962 pene
3531 3890 3634 3946 de-

2071 3954 2252 4010 lectari
2275 3956 2560 4010 Videretur.

2139 4024 2350 4104 Etenim
2404 4041 2525 4080 cum
2572 4027 2898 4104 complector
2948 4033 3150 4104 animo,
3194 4040 3422 4102 quatuor
3445 4044 3634 4104 causas

2071 4102 2302 4164 reperio,
2328 4109 2422 4170 cur
2449 4109 2708 4170 senectus
2739 4103 2932 4154 misera
2964 4103 3202 4158 videatur
3234 4120 3246 4156 :
3280 4116 3462 4165 unam,
3486 4102 3632 4170 quod

2071 4173 2265 4242 avocet
2284 4183 2311 4217 a
2337 4165 2795 4242 rebusgerendis;
2822 4172 3065 4238 alteram,
3095 4173 3235 4242 quod
3259 4186 3452 4240 corpus
3477 4165 3636 4226 iaciat

2074 4235 2365 4302 inﬁrmius;
2397 4235 2626 4311 tertiam,
2658 4240 2798 4302 quod
2834 4245 3009 4309 privet
3038 4235 3153 4298 fere
3174 4235 3450 4308 omnibus;
3474 4255 3634 4311 quar-

2072 4311 2371 4385 tamtquod
2402 4307 2542 4361 haud
2574 4307 2923 4385 proculabsit
2947 4328 2974 4366 a
3004 4327 3196 4385 morte.
3231 4318 3294 4385 A_
3322 4307 3505 4368 rebus'
3527 4327 3633 4381 ge-

2071 4375 2252 4429 rendis
2279 4390 2528 4452 senectus
2543 4378 2801 4432 abstrahit
2819 4396 2887 4452 ;a
2921 4384 3144 4450 quibus?
3179 4391 3258 4438 An
3281 4383 3363 4438 his
3389 4398 3508 4452 qua:
3530 4375 3632 4450 ge-

2072 4458 2259 4499 runtur
2308 4447 2369 4525 in
2403 4445 2681 4515 juventute
2704 4455 2757 4525 et
2793 4445 3036 4525 viribus?
3065 4455 3233 4509 Nullas
3261 4471 3329 4509 ne
3358 4445 3630 4525 igiturres

2073 4527 2198 4570 Sunt
2239 4518 2435 4592 seniles
2468 4533 2602 4592 quae
2655 4520 2732 4572 vel
2787 4519 3016 4592 inlirmis
3068 4518 3406 4592 corporibus,
3449 4524 3629 4576 animo

1997 4569 2046 4630 ο
2074 4569 2253 4639 tamen
2283 4569 2751 4661 administrentur?
2781 4569 3406 4661 Nihil—igitur,

2067 4670 2126 4734 re
2154 4644 2382 4734 gerenda
2414 4672 2627 4734 cessare
2647 4644 3621 4734 senectutietiinnegaiitivSiiiiilesjsunt,

2066 4733 2126 4779 ut
2152 4733 2198 4780 si
2225 4725 2312 4795 qui
2340 4730 2753 4805 gubernatorem
2781 4731 2843 4805 in
2865 4725 3165 4805 navigando
3203 4735 3336 4805 nihil
3363 4748 3521 4801 agere
3542 4725 3625 4784 di-

2063 4805 2209 4873 cant,
2239 4812 2356 4873 cuin
2384 4798 2474 4851 alii
2497 4798 3070 4873 malos_scatidtint,alai
3101 4819 3195 4873 per
3223 4804 3366 4856 fores
3383 4798 3624 4867 cursent,

2063 4867 2151 4919 alii
2181 4866 2439 4921 sentinam
2468 4871 2813 4936 exhauriant;
2850 4866 2960 4928 ille'
2982 4866 3184 4939 autem,
3218 4889 3378 4928 manu
3415 4866 3623 4927 clavum

2066 4944 2272 5013 tenens,
2299 4939 2483 4991 sedeat
2511 4943 2721 5013 quietus
2754 4942 2804 4995 in
2833 4947 3012 5012 puppi.
3059 4945 3172 4998 Non
3231 4944 3354 4998 facit
3391 4957 3456 4997 ea
3507 4958 3626 5010 qua:

2057 5011 2302 5084 juvenes,
2333 5017 2387 5060 at
2417 5023 2543 5084 vero
2570 5011 2736 5084 multa
2758 5011 2958 5080 majora
2991 5024 3047 5068 et
3083 5014 3301 5068 meliora
3331 5014 3472 5066 facit.
3508 5015 3624 5066 Non

2064 5078 2285 5143 viribus,
2310 5085 2404 5130 aut
2430 5080 2730 5144 velocitate,
2755 5078 2854 5135 aut
2898 5085 3170 5138 celeritate
3220 5097 3507 5152 corporum
3538 5098 3625 5136 res

2064 5161 2269 5218 magna;
2295 5158 2570 5215 geruntur,
2603 5152 2694 5203 sed
2726 5155 2972 5216 Consilio,
3025 5154 3365 5218 auctoritate,
3409 5164 3624 5205 senten-

2065 5217 2157 5277 tia,
2185 5217 2512 5292 quibus_n0n
2543 5223 2701 5273 modo
2732 5236 2836 5274 non
2882 5223 3082 5292 orbari,
3113 5225 3206 5279 sed
3245 5217 3403 5278 etiam
3443 5221 3628 5292 augeri

2062 5297 2306 5341 senectus
2327 5289 2482 5342 solet.

2132 5356 2263 5431 Nam
2309 5368 2488 5431 manet
2541 5362 2796 5414 memoria
2843 5363 3080 5424 senibus,
3133 5363 3289 5417 modo
3321 5368 3629 5431 permaneat

2064 5427 2293 5479 studium
2319 5437 2372 5482 et
2401 5429 2684 5484 industria.
2715 5432 2966 5486 Memoria
3007 5435 3149 5489 enim
3204 5427 3477 5501 minuitur,
3519 5433 3630 5487 nisi

2061 5511 2176 5547 eam
2203 5513 2267 5550 ει
2277 5512 2477 5552 erceas.

2132 5565 2300 5620 Nemo
2320 5578 2401 5622 est
2431 5578 2535 5643 tam
2559 5583 2748 5643 senex,
2781 5571 2869 5640 qui
2898 5587 2958 5627 se
2986 5588 3184 5627 annum
3223 5589 3326 5628 non
3380 5583 3526 5643 putet
3551 5575 3628 5624 vi-

2065 5639 2526 5711 vere_posse;__scd
2556 5641 2693 5693 idem
2723 5657 2772 5694 in
2799 5639 2881 5695 his
2936 5645 3228 5710 elaborant,
3285 5639 3403 5711 qua}
3447 5646 3626 5696 sciunt

2063 5707 2277 5779 unmino
2300 5708 2434 5761 nihil
2463 5712 2527 5762 ad
2554 5724 2613 5763 se
2656 5713 2940 5778 pertinere.
2989 5713 3185 5767 Serunt
3213 5707 3470 5777 arbores,
3499 5727 3622 5779 qua:

2061 5777 2217 5855 alteri
2244 5781 2443 5855 smculo
2469 5777 2704 5855 prosunt,
2731 5790 2787 5834 ut
2818 5782 2886 5837 ait
2927 5784 3128 5838 Statius
3161 5798 3337 5838 nosner
3368 5784 3420 5836 in
3442 5777 3624 5855 Sene-

2064 5847 2268 5916 phebis.
2323 5849 2569 5919 Edepol,
2615 5861 2860 5907 senectus
2887 5855 2930 5910 si
2974 5855 3109 5911 nihil
3141 5855 3280 5910 aliud
3331 5851 3621 5923 quidquam
