4162 6212
573 389 710 448 1075

1031 389 1232 446 ΒεθΑῑ
1272 391 1725 450 YENEIMBILIS
1761 394 1911 452 OPP.
1954 394 2128 451 PARS
2165 396 2209 452 1.
2255 396 2446 455 SECT.
2491 398 2630 453 ll.--—
2673 398 2874 457 DUBiA
2919 400 3008 457 ET
3043 400 3315 457 SPURIA.

3673 405 3812 462 M78

566 505 682 558 vitii
712 509 958 572 apportet
1001 517 1184 557 secum
1227 518 1347 557 cum
1400 504 1631 569 advenit,
1686 521 1851 560 unum
1907 507 1956 558 id
2003 509 2136 562 satis
2166 515 2211 573 Α
2245 524 2358 560 rum
2385 509 2718 570 eversiones,
2754 510 2879 563 hinc
2927 525 3045 562 emn
3074 508 3316 562 hostibus
3344 507 3672 566 clandestina
3699 516 3807 566 mt-

567 585 672 634 est.
698 576 838 643 quod
867 574 956 626 diu
983 573 1210 628 vivendo
1241 577 1402 630 multa
1435 592 1552 642 quae
1581 591 1684 627 non
1717 578 1825 628 vult
1859 577 2023 630 videt.

635 645 862 699 litenim
891 645 1317 699 adolescentibus
1370 647 1505 698 bona
1551 647 1730 699 indole
1774 649 2016 712 prteditis
2039 664 2130 701 sa-

559 715 770 783 pientes
797 729 951 768 senes
966 716 1254 782 delectant,
1289 717 1561 777 leviorque
1584 720 1639 769 lit
1663 730 1914 770 senectus
1942 736 2130 772 eorum

557 789 645 854 qui
670 803 698 837 a
720 785 996 851 juventute
1023 788 1272 838 enlnntnr
1289 796 1340 838 et
1368 787 1677 854 diliguntur,
1705 790 1782 841 sic
1811 789 2123 843 adolescen-

561 870 640 908 tes
665 858 1167 926 senttmprzei-eptis
1188 856 1444 921 gaudent,
1469 858 1662 926 quibus
1687 857 1917 926 juvenes
1942 861 2004 912 ad
2026 863 2129 913 vir-

557 936 725 980 tutum
755 925 926 978 Studia
958 927 1240 979 duettntur.

627 997 877 1050 Solonem
905 997 1143 1052 versibus
1166 997 1480 1065 gloriantem
1511 999 1755 1058 vidimus.
1789 1000 1876 1066 qtti
1906 1015 1963 1054 se
1996 1016 2128 1065 quo-

568 1066 696 1122 tidie
719 1067 915 1134 aliquid
943 1067 1306 1120 addiscentem
1336 1068 1461 1121 dicit
1493 1084 1673 1122 senem
1703 1071 1837 1126 fieri.

624 1139 730 1191 Nec
762 1138 899 1190 hunc
927 1137 1143 1206 quidem
1176 1142 1335 1193 vires.
1374 1139 1420 1190 Is
1446 1139 1586 1191 enim
1647 1149 1764 1192 erat
1814 1144 1962 1194 locus
1990 1141 2128 1194 alter

553 1207 620 1261 de
644 1207 788 1260 vitiis
816 1212 1123 1271 senectutis,
1158 1210 1271 1274 plus
1303 1225 1459 1276 quam
1487 1210 1796 1264 adolescens
1823 1212 1960 1266 vires
1989 1213 2123 1263 tauri

551 1289 642 1330 ant
673 1279 972 1346 elephantis
1022 1280 1413 1332 desiderabam.
1472 1281 1738 1346 Quidquid
1779 1292 1881 1345 est,
1937 1297 2003 1336 eo
2049 1283 2122 1335 uti

553 1353 726 1410 decet,
755 1362 805 1402 et
838 1350 1088 1418 quidquid
1120 1366 1264 1415 agas.
1299 1365 1455 1419 agere
1485 1366 1576 1416 pro
1601 1352 1824 1405 viribus.

621 1420 727 1473 Nec
775 1421 866 1474 ulli
917 1421 1175 1474 bonorum
1233 1423 1425 1472 artium
1461 1423 1699 1490 magistri
1729 1439 1828 1474 non
1859 1423 1996 1474 beati
2025 1439 2122 1486 pti-

552 1493 717 1554 tandi,
739 1492 980 1557 quamvis
1002 1503 1396 1543 consenuerunt
1416 1491 1579 1549 vires.
1607 1499 1764 1560 atque
1787 1494 2120 1559 defecerunt,

548 1564 647 1612 etsi
701 1565 808 1629 ipsa
857 1563 968 1621 ista
1025 1561 1253 1614 dellexio
1311 1560 1501 1613 virium
1552 1563 1926 1616 adolescenti-.e
1983 1565 2122 1619 vitiis

548 1632 746 1700 stt-pius
773 1630 998 1687 efficitur
1033 1646 1189 1699 quam
1221 1633 1530 1684 senectutis.
1563 1633 1870 1688 Libidinosa
1923 1635 2119 1687 etenim

546 1715 598 1754 et
644 1706 1007 1772 intemperans
1049 1703 1403 1756 adolesrentia
1453 1701 1668 1758 elfctuut
1719 1721 1912 1771 corpus
1962 1706 2123 1759 tr.-~dit

545 1786 827 1828 setiecltttt.

616 1844 813 1899 Cursus
836 1852 918 1898 est
941 1854 1120 1898 certus
1151 1843 1321 1897 artatis
1353 1857 1400 1896 ct
1431 1859 1532 1898 una
1569 1846 1648 1896 via
1692 1854 1913 1914 naturae,
1945 1861 2115 1912 eaque

546 1916 798 1980 simplex,
831 1930 1030 1983 suaque
1063 1917 1296 1980 pr0pria.
1328 1915 1533 1984 Unique
1566 1917 1698 1981 parti
1729 1919 2113 1983 tempestivitas

547 1997 624 2038 est
658 1985 801 2052 data,
832 1996 886 2039 ιιι
914 1996 995 2039 est
1023 1985 1302 2038 infirmitas
1336 2002 1643 2054 puerorum,
1670 1998 1718 2040 et
1755 1986 1998 2044 ferocitas
2026 1990 2112 2054 ju-

550 2070 771 2120 vcttum,
799 2065 853 2108 et
881 2057 1112 2125 gravitas
1133 2056 1239 2124 jam
1270 2057 1563 2108 cntistatitis
1593 2059 1763 2110 (etatis
1791 2074 1804 2118 ;
1837 2061 1913 2111 sic
1943 2070 1994 2109 et
2033 2075 2119 2109 su-

551 2131 782 2180 nectutis
812 2129 1088 2180 maturitas
1123 2129 1360 2197 naturale
1390 2129 1488 2179 sibi
1519 2143 1552 2196 q
1577 2128 1735 2180 iidem
1771 2129 1946 2194 habet,
1976 2131 2115 2197 quod

547 2212 646 2251 Suo
677 2209 916 2257 tempore
943 2196 1141 2264 percipi
1166 2197 1377 2250 debeat.

623 2267 804 2322 Potest
843 2268 1158 2321 exercitatio
1183 2278 1234 2321 et
1285 2269 1632 2330 temperantia
1682 2268 1839 2320 etiam
1882 2269 1934 2322 in
1963 2285 2116 2324 sene-

549 2348 693 2408 ctute
723 2351 1046 2392 conservare
1075 2339 1273 2408 aliquid
1309 2339 1512 2407 pristini
1548 2340 1778 2392 roboris.
1829 2340 1943 2392 Non
1991 2350 2116 2396 sunt

546 2407 601 2462 in
629 2418 902 2464 senectute
932 2410 1088 2472 vires,
1125 2407 1223 2461 nec
1270 2410 1605 2476 postulantur
1633 2411 1846 2474 quidem
1893 2410 2034 2463 vires
2083 2427 2112 2464 a

542 2488 846 2536 senectute.
879 2478 1019 2548 Ergo
1042 2489 1094 2533 et
1123 2481 1325 2548 legibus
1351 2482 1568 2543 seriptis
1589 2491 1641 2532 et
1674 2482 1932 2534 institutis
1961 2493 2112 2536 vacat

545 2562 676 2602 a-tas
706 2566 917 2612 senum,
949 2561 998 2605 et
1029 2550 1340 2605 muneribus
1369 2551 1448 2603 his
1477 2565 1592 2618 qua:
1631 2563 1847 2616 possunt
1886 2552 2002 2604 sine
2034 2555 2112 2605 vi-

548 2622 696 2674 ribus
738 2622 1011 2678 sustineri.
1063 2620 1244 2688 Itaque
1275 2638 1379 2673 non
1412 2621 1570 2675 modo
1597 2622 1737 2690 quod
1771 2637 1874 2673 non
1925 2638 2113 2686 possu-

547 2707 691 2756 mus,
719 2693 812 2745 scd
844 2708 910 2746 ne
951 2702 1208 2761 quantum
1258 2705 1542 2760 possumus
1587 2692 1802 2760 quidem
1848 2695 2108 2758 cogimur.

544 2764 718 2832 Atque
740 2766 810 2818 ita
843 2763 992 2817 multi
1024 2773 1151 2818 sunt
1177 2761 1470 2816 imbecilles
1498 2777 1679 2824 senes,
1713 2770 1768 2814 ιιι
1799 2763 1998 2815 nullum
2029 2763 2112 2817 of-

548 2832 726 2886 ficium
751 2835 971 2888 omnino
1001 2845 1093 2887 aut
1123 2847 1315 2886 munus
1344 2833 1560 2902 exsequi
1593 2832 1819 2898 possint,
1843 2842 1898 2886 at
1921 2835 1968 2885 id
1992 2837 2110 2903 qui-

552 2903 674 2957 dem
704 2921 810 2958 non
841 2904 1112 2974 prepriuin
1143 2913 1226 2960 est
1266 2905 1451 2957 vitium
1483 2904 1794 2970 senectutis,
1827 2903 1920 2959 sed
1963 2918 2110 2959 cotu-

549 2990 708 3029 tnune
738 2974 1114 3031 invaletudinis
1135 2985 1189 3030 et
1212 2976 1529 3031 senectutis.
1765 3009 1779 3026 .

617 3045 752 3121 Quid
784 3047 987 3121 mirum
1011 3046 1170 3121 igitur
1196 3046 1514 3121 insenibus,
1545 3044 1592 3100 si
1637 3045 1831 3121 infirmi
1861 3055 1984 3121 sunt
2013 3047 2108 3100 ali-

541 3118 776 3189 quando,
823 3132 950 3189 cum
977 3117 1027 3170 id
1059 3131 1158 3189 nec
1206 3115 1574 3189 adolescentes
1619 3115 1831 3189 quidem
1872 3117 2110 3186 effugere

543 3188 784 3254 possint?
831 3187 1206 3244 Resistendum
1255 3187 1519 3240 senectuti
1550 3187 1653 3251 est,
1703 3188 1928 3255 ejusque
1973 3192 2098 3241 vitia

2241 578 2414 646 loquia
2441 581 2585 632 nasci
2618 581 2848 633 dicebat.
2872 581 3084 634 Nullum
3117 580 3349 644 denique
3379 581 3577 644 scelus,
3605 586 3807 638 nullum

2235 652 2431 701 malum
2476 649 2679 703 facinus
2707 666 2845 714 esse,
2876 649 2942 702 ad
2971 650 3113 719 quod
3165 650 3566 716 suscipiendum
3602 670 3701 703 non
3739 658 3805 705 li-

2234 720 2360 772 bido
2387 721 2674 784 voluptatis
2701 721 3013 787 impellerel.
3043 721 3237 776 Stntira
3265 730 3454 774 tremet
3476 724 3733 776 adulteria
3753 734 3810 778 et

2231 805 2394 843 ottinu
2444 795 2550 843 tale
2591 792 2850 859 flagitium
2901 791 3058 843 nullis
3101 791 3218 841 aliis
3266 791 3531 846 illecebris
3596 796 3804 849 incitari

2233 861 2333 912 nisi
2381 863 2759 929 voluptatibus.
2790 862 3033 930 Cumque
3057 861 3278 919 homini,
3304 861 3418 913 sive
3443 875 3650 926 natura,
3692 866 3807 921 sive

2234 930 2354 998 quis
2395 934 2527 984 deus
2561 931 2688 984 nihil
2734 943 2914 984 mente
2963 930 3321 998 prmstabilins
3367 931 3623 994 dedisset,
3682 935 3803 988 huic

2233 1003 2415 1054 divino
2467 1001 2673 1054 muneri
2724 1016 2788 1054 ac
2813 1002 2958 1053 dono
3005 1003 3133 1054 nihil
3205 1017 3326 1054 esse
3373 1012 3478 1054 tam
3531 1004 3803 1058 inimicum

2231 1087 2386 1134 qua."
2436 1073 2782 1138 voluptatem.
2824 1072 3007 1136 Neque
3056 1071 3198 1124 enim
3245 1069 3467 1125 libidine
3496 1074 3804 1129 dominante

2232 1144 2598 1208 temperantiae
2636 1144 2807 1195 locum
2839 1157 2982 1204 esse,
3017 1156 3186 1209 neque
3211 1141 3431 1194 omnino
3465 1142 3516 1193 in
3553 1144 3799 1211 volupta-

2231 1214 2294 1263 lis
2324 1229 2485 1276 regno
2510 1212 2756 1264 virtutem
2788 1227 2944 1276 posse
2968 1222 3290 1282 consistere.
3317 1213 3468 1275 Quod
3496 1229 3600 1279 quo
3626 1217 3798 1282 magis

2229 1283 2448 1351 intelligi
2483 1292 2684 1351 posset,
2716 1283 2918 1349 lingere
2963 1283 3144 1334 animo
3175 1281 3396 1346 jubebat
3440 1292 3582 1334 tanta
3609 1281 3800 1337 inclia-

2230 1360 2340 1404 tuttt
2392 1355 2621 1417 aliquem
2675 1355 2942 1420 voluptate
2987 1353 3278 1418 carperis,
3330 1363 3524 1419 quanta
3591 1357 3795 1420 percipi

2228 1435 2408 1486 posset
2440 1428 2692 1481 maxima.
2727 1424 2923 1476 nemini
2950 1423 3203 1476 censebat
3255 1423 3367 1475 fore
3401 1424 3617 1475 dubium
3659 1429 3790 1490 quin

2227 1494 2404 1546 tandiu
2439 1498 2504 1544 ita
2557 1496 2830 1560 gauderet,
2863 1494 3016 1545 nihil
3051 1493 3253 1556 agitare
3283 1507 3484 1556 mente,
3518 1494 3648 1546 nihil
3698 1511 3785 1549 ra-

2226 1564 2390 1621 tione.
2427 1564 2552 1616 nihil
2603 1567 2922 1631 cogitatione
2966 1564 3222 1630 consequi
3272 1573 3470 1628 posset.
3521 1565 3784 1627 Quocirca

2225 1636 2354 1686 nihil
2381 1650 2500 1688 esse
2525 1646 2627 1686 tam
2657 1636 2992 1694 detestabile,
3027 1645 3241 1699 tamque
3267 1633 3598 1698 pestiferum.
3627 1651 3793 1700 quam

2223 1717 2574 1774 vonptatem,
2625 1705 2890 1771 siquidem
2941 1719 3000 1756 ea
3050 1719 3170 1756 cum
3229 1702 3397 1770 major
3442 1714 3583 1756 esset
3627 1716 3791 1774 atque

2225 1772 2449 1839 longior.
2479 1790 2638 1828 omne
2685 1775 2848 1828 animi
2898 1776 3077 1826 lumen
3118 1775 3504 1839 exstingueret.
3555 1772 3786 1841 Impedit

2225 1861 2287 1896 au
2316 1862 2397 1899 ein
2425 1848 2588 1898 con-il
2617 1862 2702 1897 um
2732 1845 2971 1908 Voluptas
3001 1843 3191 1897 rationi
3233 1844 3468 1905 inimica,
3496 1859 3559 1898 ac
3587 1849 3792 1901 "Willis

2231 1919 2308 1980 (ιιι
2338 1918 2406 1968 ita
2437 1918 2633 1980 dicam)
2685 1916 2992 1981 perstringit
3031 1917 3234 1976 oculos,
3288 1927 3387 1966 nec
3433 1915 3590 1968 habet
3624 1917 3793 1969 ullum

2225 2002 2345 2037 cum
2378 1990 2569 2040 virtute
2592 1986 2995 2038 commercium.
3019 1988 3282 2046 Quorsum
3309 1983 3469 2050 igitur
3491 1996 3596 2038 tam
3624 1989 3792 2040 multa

2223 2057 2291 2108 de
2324 2057 2612 2124 voluptate,
2641 2061 2760 2122 quia
2813 2070 2918 2107 non
2949 2058 3106 2106 modo
3137 2054 3457 2119 vituperatio
3498 2057 3600 2108 ulla
3621 2093 3641 2118 ,
3684 2057 3787 2110 sed

2222 2128 2380 2180 etiam
2413 2144 2620 2180 summa
2651 2128 2764 2179 laus
2794 2125 3086 2179 senectutis
3113 2134 3217 2187 est,
3248 2125 3388 2191 quod
3422 2139 3513 2177 eas
3542 2125 3787 2192 volupta-

2224 2206 2303 2251 tes
2335 2201 2506 2251 nullas
2550 2211 2872 2267 magnopere
2899 2197 3254 2267 dv-sidcratet
3284 2207 3428 2247 caret
3459 2199 3652 2267 epulis,
3695 2212 3792 2248 ex-

2222 2271 2543 2335 structisque
2591 2265 2790 2321 minsis
2833 2278 2886 2318 et
2932 2265 3316 2335 frequentibus
3349 2266 3574 2329 poculis.
3624 2267 3788 2320 Caret

2219 2353 2348 2407 ergo
2380 2333 2686 2401 vin-olentia,
2718 2338 2982 2391 cruditate
3005 2347 3060 2389 et
3091 2333 3391 2389 insomniis.

2290 2406 2601 2478 Quanquam
2642 2419 2820 2462 autent
2853 2407 3219 2462 immoderatis
3245 2414 3393 2478 euret
3423 2406 3598 2468 epulis
3626 2421 3789 2478 sene-

2218 2487 2353 2540 ctus,
2389 2476 2612 2534 modicis
2643 2488 2817 2532 tamen
2849 2479 3112 2532 conviviis
3141 2476 3395 2529 delectari
3439 2487 3633 2541 potest.
3678 2477 3785 2531 Ne-

2217 2565 2324 2614 que
2353 2553 2587 2617 ipsorum
2637 2549 3006 2604 conviviorum
3053 2548 3463 2601 delet-tationem
3499 2549 3789 2609 voluptati-

2219 2620 2315 2675 bus
2344 2621 2588 2690 corporis
2614 2622 2778 2688 magis
2808 2635 2968 2688 quam
2994 2628 3135 2673 etetu
3173 2619 3464 2671 amicorum
3493 2627 3545 2670 et
3577 2633 3785 2671 sermo-

2217 2693 2375 2745 nibus
2401 2691 2574 2744 metiri
2607 2692 2887 2744 debemus.

2290 2762 2345 2816 Si
2370 2777 2496 2816 vero
2525 2771 2773 2816 senectus
2805 2762 2964 2814 habet
3001 2757 3198 2824 aliquid
3246 2767 3495 2827 tanquam
3526 2755 3780 2820 pabulum

2214 2833 2375 2902 stndai
2422 2844 2582 2902 atque
2632 2837 2924 2897 doctrinm,
2970 2830 3102 2884 nihzl
3151 2840 3236 2883 est
3283 2841 3455 2882 otiosa
3508 2838 3781 2883 st-uec-ute

2209 2900 2523 2972 jucundius.

2283 2975 2413 3042 Quae
2438 2985 2560 3030 sunt
2594 2975 2753 3043 igitur
2783 2974 3083 3043 epularum,
3107 2981 3193 3024 aut
3223 2971 3494 3033 ludorum,
3519 2979 3603 3020 aut
3633 2983 3777 3043 scor-

2215 3040 2390 3100 torum
2420 3040 2716 3116 voluptates
2740 3040 2860 3102 cuiu
2887 3048 2970 3099 his
2998 3043 3352 3116 voluptatibus
3379 3040 3772 3116 coitiparandte,

2213 3127 2369 3185 atque
2418 3112 2772 3187 haec-quidem
2824 3117 2998 3168 studia
3032 3115 3310 3178 doctrinm,
3357 3126 3476 3179 qua
3509 3112 3778 3176 prudenti-

2215 3190 2312 3240 hus
2341 3197 2394 3241 ct
2425 3188 2562 3241 bene
2610 3190 2869 3242 institutis
2900 3188 3093 3252 pariter
3141 3197 3260 3252 cum
3305 3191 3462 3233 actate
3505 3190 3774 3244 cresmtnt,

539 3235 813 3324 diligentia
831 3235 1653 3327 ’έδῑιῑιέέιῑξέιλίηῑῡιξιέεῖδιιιῑιιῑ
1686 3235 1926 3324 satis:
1962 3235 2098 3311 .35.;
2123 3235 2169 3297 c
2201 3235 2309 3328 ip};
2330 3235 3128 3328 .25.aa;.1e';.;;;.;n.:.itiait.
3154 3235 3329 3320 ιηιιςη-
3503 3259 3700 3328 atem.

542 3337 728 3382 contra
753 3330 1018 3392 morbum,
1049 3332 1128 3383 sic
1147 3338 1330 3382 contra
1358 3335 1711 3381 senectutem.
1746 3329 1993 3381 Habenda
2017 3340 2098 3383 est

541 3401 677 3452 ratio
701 3399 1048 3464 valetudinis;
1073 3397 1542 3453 exercitationibus
1565 3399 1817 3452 utendum
1838 3400 2095 3464 modicis;

541 3477 745 3524 tantum
774 3471 877 3524 cibi
921 3476 977 3523 et
1021 3471 1249 3536 potionis
1276 3469 1661 3533 adhibendum,
1697 3478 1754 3522 ut
1796 3469 2099 3522 reficiantur

542 3541 704 3605 vires,
763 3555 868 3593 non
917 3541 1308 3608 Opprimantur.
1358 3540 1464 3594 Nec
1507 3542 1644 3594 vero
1674 3540 1885 3607 corpori
1923 3543 2096 3594 solum

538 3611 960 3666 subveniendum
985 3621 1084 3676 est,
1136 3612 1230 3665 sed
1278 3610 1439 3664 etiam
1491 3612 1656 3664 menti
1714 3620 1873 3678 atque
1919 3612 2098 3663 animo

541 3684 710 3735 multo
742 3681 929 3751 magis.
965 3681 1093 3735 Nam
1127 3680 1238 3734 haec
1262 3695 1474 3751 quoque
1502 3681 1602 3734 nisi
1630 3682 2096 3751 tanquam_lumini

541 3755 720 3807 oleum
764 3748 1058 3821 instillaris,
1094 3748 1506 3821 exstinguuntur
1533 3760 1825 3806 senectute.
1877 3748 1942 3803 Et
1981 3765 2098 3805 cor-

543 3839 668 3888 pora
695 3823 908 3891 quidem
939 3820 1322 3892 defatigatione
1346 3821 1788 3876 exercitationum
1814 3823 2098 3892 ingraves-

539 3901 690 3958 cnnt,
721 3892 882 3947 animi
929 3891 1210 3948 autem’se
1253 3893 1858 3962 exercendoglevintur.
1900 3891 2098 3946 Scnilis

544 3970 642 4016 ista
674 3965 922 4028 stultitia,
953 3980 1071 4034 quas
1119 3963 1369 4016 deliratio
1411 3959 1670 4031 appellari
1701 3963 1856 4026 solet,
1906 3977 2097 4034 senum

545 4035 738 4088 levium
763 4044 864 4100 est,
899 4033 1004 4087 non
1027 4034 1290 4088 omnium.
1324 4033 1451 4086 Nam
1479 4045 1710 4101 quatuor
1742 4034 1878 4086 lilios
1910 4033 2099 4087 robus-

544 4117 648 4169 tos,
673 4113 729 4159 et
749 4107 982 4174 quinque
1004 4103 1160 4170 filias,
1185 4113 1382 4156 tantam
1407 4103 1644 4167 domum,
1666 4113 1720 4158 et
1741 4113 1913 4156 tantas
1927 4105 2098 4158 clien-

541 4177 673 4229 telas
706 4178 908 4243 Appius
939 4177 1152 4243 regebat
1180 4184 1234 4228 et
1261 4189 1423 4230 senex
1447 4182 1501 4225 et
1523 4189 1716 4230 ctecus.
1752 4174 2020 4228 Intentum
2045 4175 2096 4228 ei

540 4246 776 4300 animum
810 4259 1061 4314 tanquam
1109 4259 1291 4299 arcum
1325 4245 1570 4305 habebat,
1605 4260 1700 4300 nec
1751 4245 2100 4313 ianguescens

542 4315 926 4369 succumbebat
952 4320 1232 4370 senectuti.
1264 4315 1502 4369 Tenebat
1531 4330 1634 4368 non
1663 4317 1835 4367 solum
1867 4317 2098 4368 auctori-

543 4395 733 4453 tatem,
758 4387 856 4440 sed
897 4395 952 4440 et
982 4387 1259 4453 imperium
1308 4393 1358 4440 iu
1403 4401 1566 4450 suos;
1595 4387 1904 4440 metuebant
1931 4387 2095 4451 servi,

543 4459 928 4511 reverebantur
955 4456 1130 4519 liberi,
1161 4459 1380 4509 charum
1404 4470 1594 4509 omnes
1625 4457 1921 4518 habebant,
1954 4455 2098 4524 vige-

545 4528 634 4579 bat
681 4525 735 4580 in
782 4541 843 4582 ea
872 4528 1033 4579 domo
1083 4541 1198 4579 tuos
1237 4527 1437 4594 patrius
1477 4536 1532 4580 et
1561 4525 1866 4591 disciplina.
1918 4527 2098 4594 Itaque

2275 3329 2580 3395 Voluptates
2608 3332 2984 3399 agricolarum,
3015 3322 3479 3399 quibus__tt_taxime
3510 3321 3770 3399 delector,

2201 3401 2344 3452 nulla
2381 3392 2739 3466 iinpediuniur
2767 3392 3062 3459 senectute,
3086 3405 3138 3448 et
3169 3393 3296 3466 mihi
3325 3393 3389 3446 ad
3419 3392 3770 3466 sapientis_vi—

2200 3481 2306 3522 tam
2341 3461 2579 3534 proxime
2609 3472 2853 3525 videntur
2879 3467 3153 3522 accedere.
3188 3465 3395 3519 Habt-nt
3423 3464 3566 3516 enim
3596 3461 3762 3534 ratio-

2176 3533 2488 3594 'no-tncum
2523 3549 2684 3608 terra,
2739 3556 2856 3610 qua:
2908 3551 3176 3606 nunquam
3219 3536 3336 3610 sine
3387 3547 3544 3586 usura
3570 3533 3770 3610 Δηειιιιὶι

2199 3613 2338 3676 quod
2388 3613 2611 3679 accepit,
2664 3602 2965 3680 quanquam
3013 3602 3097 3662 me
3142 3605 3355 3680 quidem
3408 3602 3772 3680 non_fructus

2201 3673 2378 3752 modo,
2430 3673 2527 3735 sed
2553 3673 2710 3737 etiam
2742 3673 2905 3749 ipsius
2929 3691 3084 3734 terra:
3119 3673 3199 3730 vis
3221 3691 3282 3730 ac
3310 3685 3494 3752 natura
3515 3673 3766 3752 delectat.

2200 3744 2534 3826 Nequeer
2561 3744 2841 3826 segetibus
2857 3751 3053 3815 solum,
3095 3759 3152 3802 et
3190 3744 3377 3826 pratis,
3409 3757 3463 3826 et
3493 3744 3682 3826 vineis,
3718 3751 3772 3826 et

2197 3816 2429 3877 arbustis
2477 3841 2562 3879 res
2593 3816 2803 3878 rusticas
2832 3825 2970 3875 laetae
3013 3828 3158 3883 sunt,
3195 3818 3289 3871 sed
3319 3816 3488 3868 hortis
3515 3816 3685 3894 etiam
3718 3823 3771 3894 et

2202 3896 2473 3960 pomariis.
2505 3906 2616 3948 tum
2650 3894 2909 3964 pecudum
2942 3902 3115 3964 pastu,
3164 3897 3274 3942 tum
3323 3899 3480 3964 apum
3514 3898 3772 3936 exattnnt-

2201 3967 2318 4027 bus,
2368 3977 2424 4017 et
2474 3961 2661 4019 florum
2709 3965 2947 4018 omnium
2997 3962 3278 4015 varietate.
3334 3961 3478 4033 Ακςο
3525 3969 3768 4033 namque

2201 4036 2338 4087 bene
2367 4036 2510 4089 culto
2571 4037 2704 4090 nihil
2737 4045 2910 4102 potest
2954 4046 3052 4086 nec
3080 4045 3178 4084 usu
3217 4041 3344 4102 esse
3389 4026 3623 4102 uberius.
3673 4038 3771 4078 nec

2200 4105 2386 4176 specie
2428 4106 2687 4168 ornatius,
2739 4093 2845 4160 'nec
2896 4117 3081 4176 natura
3144 4097 3436 4176 pulchrius,
3489 4093 3764 4176 adoptem

2200 4174 2485 4229 fruendum
2519 4193 2622 4229 non
2655 4178 2814 4229 modo
2857 4174 3113 4237 retardat,
3145 4184 3326 4224 verum
3369 4172 3530 4219 etiam
3579 4172 3767 4218 invitat

2200 4254 2359 4314 atque
2384 4246 2618 4301 oblectat
2645 4257 2914 4301 senectus.
2947 4244 3061 4297 Mea
3089 4241 3301 4314 quidem
3327 4237 3587 4314 sententia
3627 4237 3763 4314 haud

2199 4305 2313 4370 scio
2352 4333 2419 4370 an
2449 4320 2551 4370 ulla
2584 4320 2686 4370 vita
2721 4321 2887 4381 possit
2915 4330 3036 4368 esse
3087 4305 3313 4366 beatior.
3365 4307 3548 4372 Neque
3594 4305 3765 4381 solum

2199 4386 2417 4455 quidem
2446 4387 2625 4442 ofﬁcio
2654 4380 2928 4440 hominum
2953 4385 3158 4455 cultura
3191 4395 3435 4455 agrorum
3462 4388 3544 4432 est
3570 4380 3767 4429 saluta-

2200 4452 2297 4520 ris,
2331 4459 2423 4511 sed
2453 4459 2803 4512 delectatione
2850 4465 2904 4510 et
2951 4454 3231 4509 saturitate
3273 4452 3532 4524 copiaque
3584 4462 3764 4524 rerum

2202 4530 2436 4580 omnium
2469 4544 2588 4596 qua:
2631 4529 2695 4581 ad
2730 4532 2888 4580 vitam
2922 4527 3214 4596 hominum,
3245 4521 3312 4575 ad
3359 4521 3558 4596 cultum
3579 4521 3769 4596 etiam

542 4607 793 4652 senectus
846 4597 1071 4651 honesta
1115 4587 1313 4662 est,'si
1360 4610 1588 4664 tte-psam
1619 4587 1876 4666 defendit,
1925 4597 1968 4648 si
2011 4587 2097 4664 jus
2123 4592 2173 4652 D
2200 4598 2419 4651 deorum
2453 4587 2736 4666 pertinent.
2781 4599 2889 4652 Hae
2916 4597 3074 4665 igitur
3099 4594 3306 4647 fortuna
3335 4592 3552 4644 senibus
3577 4587 3678 4640 frui
3704 4589 3769 4639 li-

540 4683 698 4721 suum
727 4667 938 4732 retinet,
968 4669 1010 4720 si
1047 4667 1161 4721 sine
1191 4667 1335 4732 vitio,
1365 4668 1409 4720 si
1437 4667 1563 4719 nulli
1594 4665 1887 4729 mancipata
1913 4676 2019 4732 est,
2049 4667 2093 4720 si

543 4752 713 4807 usque
737 4739 802 4792 ad
832 4748 1128 4792 extremum
1157 4738 1401 4808 spiritum
1442 4737 1748 4808 dominatur
1775 4735 1826 4789 in
1854 4751 2001 4790 suos.
2030 4737 2098 4789 Ut

541 4806 687 4864 enim
714 4811 1125 4872 adolescentem,
1158 4806 1207 4862 in
1231 4825 1336 4877 quo
1363 4806 1534 4861 senile
1557 4807 1777 4874 aliquid.
1801 4811 1878 4859 sic
1911 4821 2095 4861 senem

544 4883 595 4934 in
627 4896 731 4948 quo
772 4879 971 4950 aliquid
1000 4879 1376 4935 adolescentiae
1404 4881 1493 4946 sit,
1529 4880 1714 4950 probo.
1750 4877 1898 4943 Quod
1929 4879 1972 4929 si
2017 4893 2097 4930 se-

543 4967 754 5020 quetur,
786 4949 948 5004 senex
979 4965 1098 5003 esse
1126 4966 1349 5018 Corpore
1377 4958 1590 5016 posertt,
1615 4949 1793 5000 animo
1825 4963 2095 5020 nunquam

540 5019 664 5078 erit.
713 5024 804 5076 lla:
853 5033 976 5075 sunt
1022 5022 1430 5074 exercitationes
1473 5022 1686 5090 ingenii,
1743 5021 1854 5071 haec
1904 5019 2098 5072 mentis

539 5092 827 5157 curricula,
861 5094 913 5145 in
935 5091 1014 5144 bis
1040 5093 1336 5146 defuudans
1366 5101 1524 5158 atque
1566 5090 1814 5142 laborans
1857 5090 2097 5158 corporis

545 5166 690 5217 vires
737 5179 843 5217 non
896 5178 1218 5230 magtmpere
1273 5163 1563 5216 desiderat.
1620 5160 1803 5228 Neque
1854 5157 2098 5228 intelligit

541 5235 756 5302 quando
787 5233 1006 5298 obrepat
1027 5245 1297 5287 senectus.
1957 5270 1971 5302 ,ς

617 5303 954 5358 Senectutem
1001 5307 1297 5371 vituperant
1341 5303 1582 5373 quidam.
1631 5302 1695 5356 Et
1725 5303 1840 5362 haec
1881 5299 2096 5370 quidem

547 5377 701 5427 tertia
733 5373 1032 5442 objurgzitio
1059 5375 1369 5434 senectutis,
1401 5375 1540 5443 quod
1569 5389 1686 5426 eam
1711 5388 1895 5426 carere
1915 5374 2099 5424 dicunt

547 5444 940 5514 voluptatibus;
963 5444 1058 5498 sed
1083 5461 1116 5498 ο
1141 5445 1453 5514 praclarum
1478 5459 1670 5496 munus
1700 5443 1890 5514 aetatis,
1915 5444 1957 5493 si
1981 5444 2100 5514 qui-

547 5518 670 5568 dem
701 5513 752 5566 id
784 5520 955 5567 aulert
983 5513 1157 5579 nobis,
1183 5518 1322 5583 quod
1351 5523 1434 5569 e:-t
1461 5515 1512 5567 itt
1551 5513 1910 5567 adolescentia
1942 5513 2099 5583 vitio-

549 5586 843 5640 sissimum.
879 5585 1108 5655 Archyta
1148 5581 1291 5638 enim
1317 5585 1632 5637 Tarentinus
1664 5581 2100 5655 nullam_capita-

553 5658 736 5710 liorem
765 5663 988 5724 pestem,
1025 5652 1191 5722 quam
1225 5655 1547 5721 voluptatem
1586 5655 1828 5720 corporis
1876 5652 2103 5706 homini-

551 5731 652 5782 bus
672 5725 881 5782 diccbat
899 5740 928 5777 a
955 5734 1137 5777 natura
1168 5724 1364 5786 datam,
1387 5739 1540 5787 CUjUS
1563 5723 1918 5790 voluptatibus
1934 5725 2101 5777 avid-.2

553 5791 800 5852 libidines
832 5805 1032 5848 temere
1075 5805 1124 5847 et
1173 5794 1427 5848 effrenate
1471 5795 1533 5846 ad
1567 5796 1868 5860 potiendum
1913 5793 2098 5846 incita-

551 5879 694 5925 rent.
726 5869 857 5922 llittc
882 5865 1065 5936 patria:
1091 5865 1440 5935 proditiones,
1487 5869 1608 5917 hinc
1654 5879 1829 5918 rerum
1861 5863 2099 5933 publica-

2199 4676 2308 4732 cet,
2345 4684 2444 4723 nec
2472 4683 2566 4724 eos
2600 4671 2822 4737 impedit
2848 4683 2954 4733 quo
2975 4668 3151 4719 minus
3171 4675 3224 4737 et
3253 4671 3567 4716 cae-terarum
3591 4673 3768 4737 rerum

2196 4739 2369 4793 Studia
2402 4735 2823 4806 teneant,usque
2851 4739 2914 4790 ad
2948 4749 3154 4804 tempus
3180 4735 3421 4786 ultimum
3452 4735 3766 4808 senectutis.

2267 4811 2426 4863 Curio
2472 4810 2537 4863 ad
2586 4797 2769 4879 focuni
2817 4797 3345 4879 sedentipmagn‘uut
3393 4799 3510 4879 auri
3561 4797 3770 4879 pondus

2199 4878 2466 4935 Samnites
2495 4894 2614 4933 cum
2646 4878 2969 4943 attulissent,
2998 4870 3259 4944 repudiati
3291 4881 3435 4926 sunt.
3463 4870 3578 4944 Sen
3615 4870 3763 4944 enim

2197 4964 2386 5003 aurum
2419 4950 2617 5004 habere
2650 4939 2964 5017 pra-clarum
2992 4939 3147 5000 duxit
3177 4945 3276 4998 sibi
3308 4942 3496 5004 videri,
3531 4939 3633 5017 sed
3671 4953 3764 4992 au-

2198 5036 2314 5074 rum
2346 5023 2658 5075 habentibus
2693 5022 2978 5085 imperare.
3012 5018 3295 5071 Poteratne
3342 5023 3524 5067 tantus
3549 5024 3762 5064 animus

2193 5091 2482 5160 jucundam
2516 5106 2619 5144 non
2648 5091 2859 5143 efficere
2889 5091 3255 5142 senectutem?

2274 5161 2520 5234 Extrema
2550 5170 2681 5234 artas
2709 5163 2809 5213 hoc
2843 5161 3046 5234 beatior
3075 5168 3178 5223 est,
3201 5170 3369 5234 quam
3401 5153 3598 5234 media,
3620 5149 3762 5219 quod

2196 5233 2526 5286 auctoritatis
2557 5231 2750 5284 habeat
2779 5234 2897 5299 plus
2924 5229 3102 5282 minus
3131 5229 3210 5280 vel
3245 5226 3463 5299 labi-ris.

2269 5303 2416 5368 Apes
2444 5313 2527 5355 est
2553 5311 2728 5354 autem
2771 5293 3064 5354 Senectutis
3093 5305 3415 5368 auctoritas,
3444 5293 3603 5346 habet
3631 5305 3764 5359 prae

2197 5366 2380 5426 sertim
2413 5383 2660 5427 senectus
2692 5372 2949 5424 honorata
2974 5379 3170 5421 tantam
3200 5366 3597 5424 auctoritatem,
3623 5372 3678 5414 ut
3701 5377 3762 5415 ea

2200 5443 2365 5510 pluris
2391 5446 2459 5496 sit
2484 5458 2643 5510 quam
2685 5455 2873 5495 omnes
2900 5439 3277 5493 adolescentitc
3307 5440 3627 5502 voluptates.
3661 5431 3766 5486 Sed

2199 5517 2250 5568 iit
2297 5518 2436 5566 omni
2482 5513 2726 5567 oratione
2773 5517 3100 5564 mementote
3145 5524 3231 5561 tne
3261 5521 3378 5561 eam
3431 5512 3760 5559 senecmtem

2201 5585 2440 5645 laniare,
2483 5597 2603 5650 qua!
2649 5583 3013 5636 fundamentis
3060 5576 3434 5633 adolescentiae
3479 5582 3764 5628 constituta

2198 5656 2288 5709 sit.
2319 5654 2393 5708 Ex
2419 5667 2524 5720 quo
2553 5653 2682 5707 illud
2714 5651 2963 5715 efficitur,
2988 5650 3386 5720 tniseramesse
3412 5653 3764 5704 senectutem,

2198 5741 2316 5794 qua:
2342 5738 2400 5777 se
2429 5717 2671 5777 oratione
2698 5723 2954 5791 defendit.
2987 5719 3102 5774 Non
3140 5717 3282 5779 cani.
3316 5731 3422 5794 non
3464 5729 3633 5781 rugae,
3678 5726 3764 5794 re-

2201 5788 2358 5863 pente
2387 5803 2756 5849 auctoritatem
2778 5789 2992 5862 eripere
3015 5798 3256 5856 possunt,
3282 5788 3624 5863 sed‘hotieste
3650 5793 3768 5835 acta

2198 5859 2444 5938 Superior
2484 5872 2614 5919 tetas
2663 5859 2879 5920 fructus
2910 5865 3051 5933 capit
3096 5859 3426 5916 auctoritatis
3471 5864 3759 5912 extremos.
