4162 6212
402 393 541 449 ΜΠῚ

1030 390 1435 452 semesum
1472 388 1986 449 PlllLOSOPHlCIE
2026 390 2112 445 ex
2154 388 2496 447 crescens
2533 353 2937 447 consone.

3514 388 3535 441 i
3546 385 3651 443 078

400 503 527 559 "re
552 502 695 558 enim
725 501 840 569 ipsa
863 512 988 559 sunt
1013 497 1426 566 honorabiliora,
1450 517 1569 572 qua:
1595 500 1847 556 videntur
1874 500 1952 573 le-
1978 503 2025 561 Α
2054 501 2239 558 eadem
2270 504 2469 572 optime
2497 518 2618 573 que
2658 506 2962 571 composuit
3001 512 3185 558 natura
3217 501 3505 573 dissolvit,
3523 502 3640 557 .Iam

401 576 484 626 via
529 582 687 642 atque
713 574 1038 640 communia,
1067 577 1291 639 scilicet,
1339 574 1585 637 salutari,
1612 573 1812 641 appeti,
1853 572 1950 628 de-

312 694 315 695 .
400 642 544 709 cedi,
572 641 801 714 assurgi.
834 644 1049 711 deduci,
1077 647 1281 709 reduci,
1311 644 1539 706 consuli,
1566 658 1701 713 que
1729 652 1784 695 et
1822 641 1959 705 apud

403 728 501 768 nos
530 724 583 768 et
627 713 681 767 in
726 713 846 784 aliis
874 716 1201 780 civitatibus,
1250 724 1309 770 ut
1352 722 1579 784 quaeque
1630 727 1715 767 res
1761 714 1962 783 optime

402 794 605 856 tuor-ara
635 792 738 856 est,
770 783 844 839 ita
870 784 1273 856 diligentissime
1295 786 1664 856 observantur.

471 851 530 907 In
561 851 735 921 fragili
763 851 992 923 corpore
1013 855 1393 911 odiosa‘omnis
1422 852 1646 908 oﬂensio
1672 861 1773 907 est.

470 923 541 979 Ut
566 926 707 978 enim
739 939 844 979 non
870 940 1029 980 omne
1048 927 1249 995 viuum,
1277 925 1358 981 sic
1385 940 1490 981 non
1519 926 1694 983 ominis
1717 934 1844 989 tetas
1866 940 1961 979 na-

402 1002 538 1048 tura
571 1002 835 1049 vetustate
859 997 1144 1051 coacescit.
1383 1029 1395 1061 ι,
1602 1057 1613 1061 _
1660 1018 1663 1019 ν

471 1064 707 1136 Avaritia
739 1065 924 1136 senilis
949 1066 1073 1136 quid
1120 1057 1394 1129 sibiqelit'
1417 1080 1522 1119 non
1553 1057 1811 1134 in't'elllgo.
1859 1064 1962 1118 Po.

399 1143 506 1189 test
533 1135 675 1189 enim
712 1134 996 1205 quidquam
1045 1152 1165 1193 esse
1209 1136 1491 1193 absurdius
1531 1150 1689 1204 quam
1719 1150 1824 1204 quo
1855 1136 1960 1188 mi-

398 1220 501 1259 nus
532 1205 628 1258 viae
659 1214 842 1267 restat,
874 1221 939 1259 eo
968 1207 1293 1273 plusviatici
1325 1206 1602 1274 quzerere?
1630 1207 1827 1272 Quarta
1872 1222 1956 1257 re-

397 1284 505 1330 etat
533 1290 710 1335 causa,
738 1291 857 1344 qua
886 1278 1116 1331 maxime
1144 1292 1341 1345 angere
1366 1286 1525 1339 atque
1547 1276 1828 1331 sollicitam
1860 1276 1959 1329 ha-

400 1346 531 1399 bere
562 1353 797 1399 nostram
842 1356 1052 1401 a-tatem
1080 1347 1312 1404 videtur.
1347 1346 1785 1415 appropinquatio
1813 1362 1961 1400 mor-

399 1416 486 1475 tis.
520 1431 636 1487 qua;
665 1431 692 1466 a
722 1426 995 1472 senectute
1024 1433 1128 1472 non
1157 1430 1326 1487 potest
1362 1420 1517 1486 longe
1537 1416 1746 1471 abesse.
1858 1486 1870 1487 ί
1950 1438 1951 1441 η

471 1488 515 1540 U
565 1485 817 1540 miserum
865 1501 1072 1553 senem,
1104 1485 1190 1555 qui
1243 1485 1469 1541 mortem
1520 1486 1962 1543 contemnendam

398 1571 520 1611 esse
550 1557 599 1609 in
629 1566 734 1610 tam
765 1557 919 1626 longa
949 1567 1105 1612 atate
1145 1573 1248 1612 non
1281 1560 1490 1622 viderit,
1524 1573 1639 1626 qua:
1669 1567 1764 1610 aut
1810 1558 1964 1627 plane

401 1628 718 1698 negligenda
746 1636 852 1699 est,
895 1630 941 1682 si
982 1631 1277 1699 exstinguit
1323 1630 1540 1684 omnino
1578 1627 1834 1699 animum,
1877 1639 1966 1683 aut

398 1696 569 1769 etiam
593 1696 826 1763 Optanda
859 1700 1027 1754 multo
1057 1696 1239 1769 magis,
1277 1700 1322 1755 si
1353 1701 1529 1766 aliquo
1558 1713 1678 1752 eum
1722 1698 1963 1761 deducit,

398 1768 487 1839 ubi
530 1768 838 1839 sitluturus
888 1781 1140 1825 aeternus.
1169 1770 1329 1839 Atqui
1380 1779 1525 1824 certe
1567 1771 1781 1836 tertium
1830 1768 1961 1824 nihil

2068 574 2245 645 omnis
2275 572 2662 645 conglutinatio
2686 590 2873 631 recens
2890 589 3050 643 :egre,
3076 574 3369 645 inveterata
3389 572 3642 645 facillime

2062 643 2401 699 dissolvitur.
2428 644 2503 699 lta
2535 647 2591 699 lit
2621 654 2677 699 ut
2700 646 2856 701 facile
2886 645 3012 698 illud
3038 647 3197 698 breve
3229 644 3350 697 vita!
3373 644 3637 710 reliquum

2065 729 2163 769 nec
2192 716 2347 771 avide
2375 715 2732 783 appetendum
2759 717 3002 783 senibus,
3034 731 3132 769 nec
3156 716 3271 767 sine
3297 731 3456 768 causa
3482 714 3642 769 dide-

2064 785 2284 858 rendnm
2315 788 2413 851 sit;
2444 796 2694 858 vetatque
2727 787 3055 858 Pythamras
3087 785 3292 858 injussu
3341 785 3639 858 imperato-

2063 854 2160 978 τίεᾶ
2188 855 2286 910 hoc
2315 870 2416 923 εει,
2452 856 2564 921 Dei,
2601 857 2669 912 de
2701 854 2950 929 pra-sidio
3000 867 3051 911 et
3082 857 3314 911 statione
3354 856 3478 910 vitae
3526 858 3641 911 dis-

2063 938 2126 978 ce
2167 941 2280 978 ere.

2062 938 2280 979 cedere.

2135 995 2347 1070 Salonis
2369 998 2581 1065 quidem
2614 998 2868 1069 sapien‘is
2907 999 3174 1066 eulogium
3204 1008 3286 1053 est
3317 1012 3424 1070 quo
3452 1011 3511 1052 se
3542 1013 3640 1070 ne-

2063 1075 2151 1131 gat
2171 1065 2313 1121 velle
2340 1082 2488 1121 suam
2516 1065 2740 1122 [inertem
2765 1070 2951 1124 dolore
2980 1065 3272 1123 aulicorum
3305 1065 3359 1124 et
3383 1069 3636 1125 lamentis

2064 1151 2273 1191 vacare.
2316 1137 2421 1193 Sed
2464 1139 2602 1192 haud
2645 1140 2779 1208 seio,
2812 1156 2878 1193 an
2912 1140 3102 1195 melius
3136 1141 3338 1195 Ennius
3374 1155 3395 1195 :

2187 1249 2344 1314 ἕρπω
2359 1263 2437 1298 me
2460 1249 2686 1314 lacrymis
2705 1250 2907 1301 decoret
2927 1265 3088 1313 neque
3113 1252 3285 1302 funera
3309 1252 3453 1314 ﬂetu,

2190 1311 2333 1361 Faxit
2351 1325 2437 1361 cur
2460 1311 2605 1363 volito
2633 1316 2769 1362 vivus
2791 1327 2879 1375 per
2903 1311 3200 1364 oravirum-

2065 1415 2183 1471 Non
2211 1426 2393 1472 censet
2422 1416 2704 1486 lugendam
2735 1432 2857 1473 esse
2885 1426 3138 1485 mortem,
3171 1432 3329 1488 quam
3358 1418 3654 1479 immorta»

2066 1489 2189 1542 litas
2217 1500 2605 1555 (coaequatur.

2140 1559 2251 1613 [loc
2297 1559 2722 1631 praemeditatum
2773 1559 2841 1613 ab
2867 1559 3227 1631 adolescentia
3272 1559 3435 1616 debet
3477 1576 3665 1631 esse,

2067 1638 2294 1684 mortem
2326 1637 2383 1683 ut
2424 1630 2775 1699 negligamns,
2807 1633 2922 1685 sine
2965 1646 3063 1693 qua
3092 1630 3438 1687 meditatione
3488 1642 3649 1686 tunc.

2068 1701 2238 1768 quillo
2282 1713 2404 1754 esse
2445 1701 2626 1753 animo
2675 1716 2831 1756 nemo
2863 1710 3058 1767 potest.
3108 1700 3441 1755 Moriendum
3492 1703 3637 1759 enim

2068 1782 2274 1825 eertum
2305 1780 2407 1841 est,
2452 1781 2508 1825 et
2553 1773 2812 1825 incertum
2846 1787 2912 1825 an
2964 1771 3063 1826 hoc
3095 1773 3212 1841 ipsa
3256 1774 3365 1827 die.
3413 1772 3651 1831 Mortenr

401 1838 636 1894 inveniri
667 1848 864 1907 potest.
894 1839 1031 1908 Quid
1062 1842 1217 1917 igitur
1246 1838 1483 1917 timeam,
1513 1840 1557 1894 si
1572 1848 1680 1917 ‘ant
1728 1855 1833 1894 non
1852 1838 1966 1917 ini:
1994 1854 2039 1917 η
2071 1841 2232 1917 igitur
2256 1840 2400 1917 horis
2425 1841 2649 1909 singulis
2673 1844 3068 1917 impentle'rtem
3098 1838 3363 1909 metuens,
3400 1845 3522 1916 quis
3545 1860 3641 1915 po-

396 1924 486 1964 srr
530 1920 650 1979 post
695 1920 946 1977 mortem,
992 1908 1099 1964 aut
1122 1913 1309 1967 beatus
1357 1915 1518 1966 etiam
1569 1908 1775 1964 futurus
1822 1911 1962 1966 sim!

398 1979 710 2050 Quanquam
763 1981 883 2050 quis
930 1989 1143 2038 esttam
1206 1982 1427 2046 stultus,
1476 1991 1582 2034 tam
1631 1982 1714 2035 sui
1770 1979 1961 2045 fidens,

397 2049 643 2118 quamvis
672 2049 1008 2122 adolescens,
1038 2053 1123 2109 cui
1150 2052 1219 2107 sit
1247 2054 1581 2122 exploratum
1603 2065 1662 2105 se
1684 2051 1749 2105 ad
1776 2066 1965 2120 vespe-

399 2137 518 2175 rum
544 2136 664 2177 esse
691 2121 988 2191 victurum;
1016 2122 1141 2191 quin
1167 2121 1329 2178 etiam
1360 2132 1493 2177 a‘tas
1524 2123 1611 2177 illa
1642 2125 1809 2175 multo
1847 2124 1966 2191 plu-

400 2207 489 2246 res
520 2207 692 2263 quam
742 2202 926 2248 nostra
972 2195 1159 2249 mortis
1204 2207 1364 2249 casus
1404 2194 1579 2247 habet.
1635 2192 1862 2250 Faci‘ius
1911 2193 1962 2248 in

399 2262 617 2318 morbus
658 2264 898 2319 incidunt
943 2264 1333 2329 adolescentes,
1387 2264 1600 2332 gravius
1655 2274 1960 2334 a-gmLml,

402 2334 609 2388 tristius
636 2344 931 2412 curantur._
956 2336 1143 2412 itaque
1173 2335 1436 2412 perpauci
1468 2336 1683 2412 veniunt
1710 2335 1779 2412 ad
1807 2349 1963 2412 sene-

400 2413 626 2470 ctutem,
652 2406 795 2471 quod
820 2405 1112 2472 accideret,
1143 2406 1188 2461 si
1218 2407 1410 2460 melius
1436 2416 1488 2459 et
1534 2405 1857 2473 prudentius
1882 2406 1964 2460 vi-

400 2484 610 2528 verent.
639 2474 786 2532 Mens
831 2478 973 2531 enim
1006 2485 1056 2531 el
1093 2477 1228 2530 ratio
1270 2487 1323 2530 et
1350 2477 1629 2531 Consilium
1664 2475 1716 2528 in
1747 2475 1965 2529 senibus

401 2555 504 2600 est.
537 2546 690 2601 Omni
720 2548 893 2616 inquit
931 2547 1115 2611 Scipio
1142 2549 1284 2601 relati
1314 2557 1540 2601 mortem
1571 2560 1691 2601 esse
1718 2560 1960 2600 commu-

400 2631 547 2670 nem.
578 2618 648 2671 At
686 2629 865 2687 sperat
907 2620 1219 2671 adolescens
1265 2618 1358 2679 diu
1406 2632 1467 2673 se
1508 2631 1628 2672 esse
1659 2617 1919 2671 victurum
1947 2660 1960 2684 ,

398 2688 542 2755 quod
594 2702 813 2756 sperare
857 2687 1000 2744 idem
1048 2701 1212 2743 senes
1270 2703 1375 2742 non
1411 2698 1605 2756 potest,
1655 2688 1967 2756 insipienter

397 2768 601 2829 sperat.
647 2758 784 2825 Quid
811 2759 957 2814 enim
997 2759 1214 2813 stultius
1241 2773 1400 2829 quam
1441 2759 1642 2813 incerta
1674 2773 1770 2828 pro
1798 2760 1966 2813 certis

399 2828 621 2894 habere,
639 2829 767 2883 falsa
782 2843 879 2897 pro
898 2829 1071 2883 veris?
1090 2828 1327 2883 Atsenex
1344 2844 1411 2883 ne
1423 2829 1635 2898 quidem
1652 2829 1807 2884 habet
1823 2830 1963 2898 quod

396 2910 599 2965 sperat.
629 2902 698 2954 At
724 2909 809 2956 est
840 2915 906 2954 eo
934 2900 1156 2954 meliore
1181 2900 1508 2963 conditione,
1537 2915 1696 2969 quam
1747 2900 1963 2954 adoles-

396 2982 700 3041 cens,cum
731 2970 782 3025 il
812 2969 957 3041 quod
1000 2970 1088 3025 ille
1132 2978 1313 3036 sperat
1355 2969 1426 3025 sit
1467 2984 1824 3033 consecutus;
1874 2972 1967 3026 ille

396 3039 517 3112 vult
538 3040 627 3094 diu
650 3039 849 3106 vivere,
880 3042 965 3112 hic
989 3041 1081 3112 diu
1105 3041 1255 3112 vixit.
1288 3043 1620 3112 Quanquam,
1652 3056 1687 3094 o
1715 3040 1786 3095 dii
1817 3042 1963 3109 boni,

395 3111 525 3179 quid
554 3122 634 3165 est
662 3112 717 3166 in
746 3113 847 3164 vita
880 3111 1112 3166 hominis
1136 3111 1251 3166 diu?

2069 1912 2191 1966 terit
2212 1912 2391 1965 animo
2420 1926 2611 1967 securo
2632 1912 2971 1967 consistere?

2139 1983 2274 2037 Dum
2319 1997 2507 2056 sumus
2553 1982 2744 2038 inclusi
2783 1986 2834 2037 in
2869 1984 2956 2056 bis
2999 1985 3345 2055 compagibus
3372 1988 3642 2056 corporis,

2064 2054 2542 2126 munereguodam
2571 2055 2910 2126 necessitatis
2940 2065 2992 2108 et
3040 2054 3187 2125 gravi
3215 2072 3378 2121 opere
3420 2054 3640 2126 perfun-

2064 2126 2258 2195 gimur.
2294 2123 2387 2179 Est
2410 2126 2555 2183 enim
2582 2124 2818 2180 caelestis
2846 2123 3059 2179 animus
3084 2142 3148 2181 es
3177 2123 3441 2181 altissimo
3469 2128 3640 2182 domi-

2063 2195 2189 2249 cilio
2219 2198 2502 2265 depressus
2543 2206 2596 2250 et
2624 2197 2779 2265 quasi
2825 2196 3102 2252 demersus
3140 2198 3192 2251 in
3235 2207 3459 2261 terram,
3492 2199 3638 2253 obti-

2067 2280 2199 2320 nens
2221 2264 2415 2320 divina:
2440 2264 2653 2321 natura},
2670 2267 2843 2321 locum
2870 2268 3261 2336 aeternitatique
3281 2271 3632 2324 contrarium.

2064 2337 2169 2391 Sed
2200 2338 2363 2391 credo
2403 2335 2533 2393 deos
2563 2338 2889 2393 immortales
2917 2335 3184 2406 sparsisse
3202 2342 3410 2394 animos
3439 2341 3490 2394 in
3514 2355 3637 2394 coro

2067 2422 2194 2481 pora
2228 2407 2478 2481 humana,
2514 2418 2569 2462 ut
2592 2412 2882 2479 essentqui
2910 2419 3080 2481 terras
3104 2418 3400 2474 tuerentur,
3435 2412 3649 2481 quique

2064 2478 2360 2533 celestium
2385 2480 2630 2534 ordinem
2657 2478 3084 2550 contemplantes
3118 2478 3464 2536 imitarentur
3488 2478 3638 2547 eum,

2066 2560 2188 2621 vitae
2219 2551 2378 2621 modo
2402 2560 2563 2617 atque
2587 2550 2910 2607 constantia.
2938 2550 3046 2607 Nec
3070 2567 3156 2607 me
3188 2553 3323 2606 ratio
3347 2551 3557 2621 impulit
3579 2564 3639 2606 ut

2064 2618 2133 2673 ita
2164 2620 2465 2685 crederem,
2496 2622 2589 2675 sed
2620 2621 2909 2687 disputatio
2947 2626 3109 2677 etiam
3142 2633 3195 2677 et
3228 2618 3516 2677 auctoritas
3545 2640 3640 2679 ve-

2068 2700 2238 2767 terum
2266 2701 2321 2746 et
2364 2691 3207 2767 nobilium_pliilosopliorum,et
3237 2695 3291 2767 in
3324 2696 3510 2767 primis
3535 2692 3637 2767 Py-

2066 2759 2323 2829 thagorae,
2351 2764 2439 2830 qui
2466 2778 2530 2817 ex
2561 2759 2812 2818 universa
2835 2759 3015 2819 mente
3039 2765 3220 2819 divina
3247 2759 3511 2819 delibatos
3535 2759 3633 2821 nos

2063 2831 2270 2885 animos
2298 2832 2927 2905 haberedemonstravit.
2958 2835 3239 2905 Praeterea
3256 2834 3515 2905 Socratis,
3542 2838 3634 2905 qui

2062 2915 2322 2984 supremo
2342 2904 2464 2984 vita
2488 2903 2677 2984 dieue
2712 2904 3435 2984 imm'irtalitateanimorum
3459 2903 3635 2963 disseo

2063 2973 2189 3026 ruit.
2223 2973 2359 3042 Quid
2392 2976 2597 3031 multa?
2621 2973 2713 3032 Sic
2736 2976 2972 3044 persuasi
2999 2974 3257 3043 mihi,'tiic
3286 2978 3484 3043 sentio,
3508 2992 3651 3033 cum.

2065 3050 2212 3116 tanta
2238 3045 2525 3101 celebritas
2552 3047 2853 3101 animorum
2887 3049 2979 3111 sit,
3014 3058 3157 3104 tanta
3188 3047 3446 3103 memoria
3494 3064 3631 3116 prmo

2064 3115 2365 3188 tet-iterum,
2397 3116 2804 3188 futurorumque
2833 3117 3138 3188 prudentia,
3171 3128 3249 3174 tot
3276 3128 3440 3184 artes,
3470 3115 3635 3173 tantae

406 3228 409 3231 .
468 3181 598 3276 Mihi
622 3183 836 3276 quidem
870 3197 968 3276 nec
993 3182 1300 3276 dzuturqum
1328 3181 1617 3276 q-iidqnqm
1642 3182 1876 3276 Ividetur,
1906 3180 1959 3237 in
1988 3213 2035 3276 ϐ
2066 3186 2325 3253 scientiae,
2350 3180 2429 3241 tot
2455 3187 2691 3273 inventa,
2718 3180 3021 3257 'non'posse
3062 3180 3181 3276 eam
3227 3180 3469 3276 naturam
3512 3204 3633 3272 quae

394 3263 503 3319 quo
522 3261 602 3306 est
619 3254 829 3323 aliqdod
855 3262 1173 3309 extremum.
1192 3253 1325 3308 Cum
1347 3253 1487 3309 enim
1513 3255 1564 3308 id
1590 3255 1824 3317 advenit,
1848 3264 1959 3308 tum

395 3324 526 3376 illud
556 3322 972 3393 quodprteterit
1023 3324 1251 3389 efﬂuxit,
1285 3334 1490 3378 tantum
1524 3334 1764 3379 remanet
1793 3338 1960 3392 quan-

396 3401 510 3446 tum
564 3394 761 3449 virtute
809 3404 863 3449 et
917 3394 1211 3450 benefactis
1261 3406 1584 3450 consecutus
1634 3397 1732 3450 sis.
1804 3393 1959 3450 Hora:

392 3464 610 3530 quidem
640 3466 839 3519 cedunt
865 3475 919 3521 et
946 3465 1059 3519 dies
1090 3477 1143 3521 et
1172 3480 1385 3521 menses
1412 3476 1464 3520 et
1491 3465 1640 3525 anui.
1680 3479 1776 3520 nec
1818 3480 1958 3533 prae-

396 3534 612 3588 teritmn
644 3546 855 3604 tempus
882 3551 1114 3606 utiquam
1144 3537 1447 3592 revertitur.
1480 3538 1588 3591 Nec
1617 3539 1741 3606 quid
1768 3550 1961 3603 seqnao

396 3615 484 3675 tur
503 3606 628 3659 sciri
663 3616 855 3673 potest.
886 3606 1034 3674 Quod
1067 3608 1261 3673 cuique
1286 3609 1543 3675 temporis
1570 3612 1636 3661 ad
1671 3606 1957 3661 vivendum

390 3674 572 3742 datur,
603 3692 669 3731 eo
696 3678 855 3732 debet
880 3693 998 3733 esse
1024 3689 1326 3732 contentus.

467 3746 636 3800 Breve
687 3748 830 3804 enim
880 3760 1097 3816 tempus
1134 3751 1308 3802 aetatis
1357 3747 1486 3801 satis
1519 3746 1731 3817 longum
1762 3755 1845 3801 est
1890 3747 1955 3801 ad

393 3816 532 3871 bene
581 3818 912 3885 honesteque
959 3820 1279 3885 vivendum;
1327 3819 1409 3873 sin
1461 3816 1787 3885 processeris
1835 3818 1955 3871 ion-

390 3889 535 3953 gius,
570 3903 673 3943 non
720 3889 886 3957 magis
926 3890 1210 3944 dolendum
1259 3905 1416 3956 quam
1460 3889 1708 3955 agricolas
1751 3888 1953 3951 dolent,

394 3960 665 4027 prmterita
698 3962 845 4013 verni
874 3962 1126 4027 temporis
1158 3964 1440 4025 suavitate,
1473 3969 1713 4014 aestatem
1742 3967 1954 4011 autum-

392 4043 628 4098 numque
657 4031 889 4085 venisse.
938 4031 1041 4086 Vor
1070 4031 1211 4085 enim
1246 4040 1493 4098 tanquam
1537 4031 1951 4085 adolescentiam

390 4099 658 4169 signiﬁcat
686 4102 1026 4170 ostenditque
1057 4099 1260 4157 fructus
1301 4102 1531 4155 futuros.
1586 4100 1805 4169 lteliqua
1851 4114 1951 4152 au-

393 4182 501 4222 tem
554 4180 792 4239 tempora
832 4172 1168 4227 demetendis
1215 4173 1468 4227 fructibus
1511 4181 1568 4229 et
1597 4171 1952 4241 percipiendis

390 4244 790 4296 accommodata
836 4255 979 4297 sunt.
1029 4242 1251 4297 Fructus
1297 4253 1472 4298 autem
1520 4244 1807 4298 senectutis
1868 4252 1952 4297 est

389 4322 517 4366 ante
560 4323 831 4383 partorum
879 4314 1139 4368 bonorum
1165 4314 1317 4382 cepia
1354 4326 1407 4367 et
1453 4313 1729 4368 inemoria.
1759 4312 1950 4367 Omnia

390 4398 521 4453 vero
542 4398 661 4453 qua:
685 4386 975 4438 secundum
1006 4396 1247 4438 naturam
1282 4389 1433 4450 tiuut,
1465 4394 1588 4437 sunt
1629 4383 1871 4438 habenda
1895 4385 1950 4438 in

388 4452 569 4508 bouis.
620 4454 758 4519 Quid
809 4467 891 4508 est
940 4468 1117 4509 autem
1172 4468 1276 4508 tam
1327 4454 1615 4511 secundum
1662 4465 1946 4521 staturam,

386 4539 549 4592 quam
580 4525 801 4579 senibus
826 4526 1036 4580 emori?
1065 4527 1215 4593 Quod
1261 4527 1399 4580 idem
1430 4526 1694 4594 contingit
1738 4523 1948 4579 adoles-

385 4572 635 4650 EOnIibus
683 4572 1000 4651 adversanie
1042 4572 1719 4666 θῖ-ἶεμιιεῦαηιῖιηιιιῗτθ.
1764 4596 1945 4664 Itaque
1976 4572 2026 4633 υ

385 4666 759 4720 adolescentes
796 4668 933 4721 mori
975 4667 1102 4722 mihi
1146 4668 1225 4722 sic
1253 4667 1517 4731 videntur,
1548 4680 1604 4720 ut
1646 4681 1766 4721 cum
1795 4680 1946 4736 aquze

388 4736 732 4792 multitudine
779 4739 1007 4792 ﬂamma:
1051 4738 1131 4793 vis
1176 4741 1511 4807 opprimitur.
1556 4740 1726 4793 Senes
1767 4748 1947 4792 autem

384 4807 471 4862 sic
518 4822 641 4862 cum
688 4822 783 4862 sua
832 4818 1040 4876 SpOttle,
1074 4810 1218 4863 nulla
1272 4810 1319 4861 vi
1370 4811 1637 4875 adhibita,
1692 4823 1946 4863 consum-

386 4887 515 4951 plus
535 4878 672 4951 ignis
697 4877 1082 4948 exstinguitur.
1112 4879 1173 4934 Et
1204 4880 1354 4951 quasi
1387 4895 1541 4949 parua
1570 4893 1634 4934 ex
1669 4878 1949 4934 arboribus

385 4948 555 5003 cruda
585 4950 632 5003 si
681 4952 810 5014 sint,
844 4952 891 5003 vi
922 4948 1242 5017 evelluntur,
1292 4951 1337 5005 si
1370 4948 1577 5005 matura
1606 4959 1660 5006 et
1701 4951 1945 5018 decocta,

384 5019 665 5086 decidunt,
694 5024 772 5075 sic
803 5020 966 5075 vitam
996 5022 1426 5077 adolescentibus
1458 5025 1536 5075 vis
1565 5022 1759 5085 anlert,
1804 5023 1948 5075 seni‘

387 5089 491 5145 bus
521 5092 829 5158 maturitas,
854 5092 972 5159 qua:
999 5091 1104 5159 iam
1136 5094 1261 5146 mihi
1293 5102 1397 5145 tam
1425 5092 1655 5161 jucunda
1691 5101 1799 5156 est,
1840 5105 1948 5161 quo

386 5164 611 5238 propius
657 5163 989 5238 adrtnortem
1024 5165 1314 5238 accedam,
1346 5166 1495 5238 quisi
1540 5174 1734 5216 terram
1778 5162 1946 5238 videri

384 5231 591 5296 videar,
622 5242 679 5286 et
705 5233 993 5300 aliquando
1023 5234 1076 5287 in
1101 5243 1311 5301 portum
1335 5250 1399 5287 ex
1430 5236 1583 5302 longa
1610 5232 1947 5302 navigatione

385 5312 664 5357 venturus.
690 5302 995 5359 Senectutis
1033 5314 1214 5357 autem
1241 5305 1415 5358 nullus
1443 5315 1622 5358 certus
1650 5313 1733 5357 est
1757 5304 1944 5355 termi-

385 5387 531 5440 nus,
573 5383 826 5444 recteque
876 5378 931 5429 in
973 5388 1036 5430 ea
1086 5376 1299 5443 vivitur,
1351 5376 1524 5443 quoad
1565 5377 1739 5428 minus
1779 5374 1943 5428 ofticii

384 5444 608 5515 exsequi
659 5445 831 5515 possis
871 5454 927 5500 et
974 5444 1131 5511 tueri,
1175 5454 1229 5499 et
1276 5453 1387 5499 tuto
1434 5455 1660 5499 mortem
1705 5452 1946 5498 contem-

384 5529 537 5582 nere,
591 5529 659 5570 ex
710 5531 817 5585 quo
864 5517 925 5569 tit
952 5524 1011 5570 ut
1053 5517 1343 5571 animosior
1390 5516 1549 5571 etiam
1579 5516 1650 5571 sit
1697 5525 1948 5571 senectus

384 5587 930 5657 quamadolescentia
955 5597 1009 5640 et
1035 5587 1239 5642 fortior.

459 5656 565 5713 Sed
597 5658 810 5715 vivendi
839 5669 920 5713 est
949 5658 1070 5713 finis
1097 5658 1353 5728 optimus,
1382 5672 1503 5714 cum
1532 5656 1735 5728 integra
1764 5668 1945 5715 mente

383 5740 656 5798 certisque
682 5728 929 5785 sensibus
956 5744 1090 5799 opus
1114 5732 1225 5799 ipsa
1255 5745 1410 5784 suum
1436 5729 1623 5785 eadem
1653 5744 1774 5797 qua:
1808 5743 1940 5784 cen-

422 5800 663 5855 lutinavit
710 5811 899 5854 natura
943 5802 1220 5865 dissolvit;
1253 5812 1308 5856 ut
1353 5815 1541 5855 navem
1574 5811 1629 5855 et
1658 5800 1941 5854 aedilicium

405 5870 639 5928 “acilium:
670 5872 807 5929 idem
838 5871 1081 5943 destruit,
1110 5876 1195 5945 qui
1226 5875 1541 5940 construxit,
1565 5872 1639 5929 sic
1671 5873 1940 5929 hominem

2069 3268 2155 3310 res
2186 3265 2366 3313 tantas
2407 3260 2712 3315 contineret
2748 3273 2869 3315 esse
2916 3261 3220 3321 mortalem.
3269 3260 3420 3314 Plato
3463 3259 3635 3315 etiam

2061 3336 2247 3397 noster
2273 3328 2414 3397 apud
2447 3327 2855 3397 Xenophontem
2882 3335 3116 3388 moriens
3165 3331 3281 3386 bzec
3304 3330 3443 3386 dixit
3471 3346 3485 3385 :
3531 3331 3638 3386 No-

2059 3396 2152 3477 lite
2180 3396 2455 3466 arbitrari,
2487 3418 2520 3456 ο
2565 3396 2695 3456 mihi
2738 3402 3046 3477 cbarissimi
3093 3402 3208 3477 filii,
3241 3416 3437 3477 cumua
3481 3401 3646 3477 vobis.

2057 3467 2384 3540 discessero,
2412 3487 2498 3525 me
2525 3487 2784 3540 nusquam
2818 3482 2910 3528 aut
2939 3474 3143 3529 nullum
3174 3473 3310 3528 fore.
3352 3472 3463 3529 Nec
3486 3474 3635 3528 enim

2057 3538 2184 3593 dum
2208 3555 2353 3595 eram
2377 3538 2679 3607 vobiscum,
2709 3559 2832 3597 eum
2857 3544 3118 3599 videbatis
3143 3546 3378 3599 animum
3410 3543 3501 3612 qui
3530 3544 3655 3596 hos.

2056 3616 2205 3683 artus
2248 3612 2487 3680 regebat,
2510 3613 2605 3667 sed
2633 3627 2755 3668 esse
2784 3628 2907 3668 eum
2952 3615 3005 3668 in
3036 3614 3141 3669 hoc
3169 3629 3394 3683 corpore
3422 3628 3491 3668 ex
3544 3612 3643 3667 his

2058 3681 2217 3733 rebus
2242 3697 2376 3753 quas
2416 3684 2679 3751 gerebam.
2713 3683 3128 3753 into-lligebatis;
3166 3681 3414 3739 eumdem
3438 3752 3442 3753 ί
3468 3683 3630 3753 igitur

2055 3764 2177 3823 esse
2204 3751 2486 3817 creditote,
2529 3754 2689 3808 etiam
2734 3754 2779 3807 si
2810 3751 3013 3808 nullum
3045 3754 3315 3810 videbitis.
3362 3751 3630 3823 Milti'qui-

2056 3820 2175 3873 dem
2223 3823 2531 3887 persuaderi
2579 3839 2849 3893 nunquam
2903 3834 3111 3893 poterat
3142 3826 3353 3879 animos
3396 3820 3643 3878 dnm'iu.

2053 3894 2368 3958 corporibus
2413 3903 2595 3948 essent
2640 3895 2959 3950 mortalibus
2984 3894 3185 3962 vivere,
3232 3910 3355 3951 cum
3383 3894 3628 3950 exissent

2054 3975 2118 4043 es
2174 3964 2273 4028 eis,
2324 3965 2478 4017 mori.
2524 3963 2634 4021 Nec
2682 3981 2809 4045 vero
2849 3981 2977 4045 eun
3024 3968 3260 4021 animum
3317 3980 3463 4045 esse.
3496 3964 3629 4019 insi-

2056 4036 2327 4106 pietatem,
2378 4048 2520 4106 cum
2574 4052 2640 4089 ex
2702 4036 2975 4106 insipienti
3026 4052 3251 4106 corpore
3316 4036 3631 4102 evasisset,

2051 4102 2147 4156 sed
2179 4119 2303 4158 cum
2325 4104 2645 4179 admistione
2671 4102 2915 4177 corporis
2936 4102 3214 4174 liberatus,
3249 4123 3413 4179 purus
3456 4107 3621 4179 etin-

2053 4182 2331 4240 tegeressc
2344 4177 2619 4249 cmpisset,
2641 4190 2764 4233 tunc
2784 4193 2904 4234 esse
2927 4177 3442 4249 sapientem.'Atque
3462 4177 3623 4233 etiam

2052 4260 2173 4298 cum
2223 4259 2409 4303 natura
2439 4248 2668 4304 hominis
2698 4258 2871 4304 morte
2918 4250 3256 4313 dissolvitur,
3300 4260 3620 4305 ceterarum

2051 4329 2229 4369 rermn
2261 4318 2598 4391 perspicuum
2630 4333 2714 4391 est
2735 4336 2839 4389 quo
2859 4320 2978 4391 (sic)
3005 4319 3623 4391 nequediscedant.Ah-

2051 4397 2183 4440 eunt
2208 4404 2346 4441 enim
2374 4389 2496 4445 illuc
2515 4390 2693 4445 omnia
2725 4392 2865 4445 unde
2885 4389 3000 4445 orta
3028 4389 3170 4446 sunt.
3188 4393 3413 4447 Animus
3439 4400 3617 4445 autem

2052 4457 2219 4519 solus.
2251 4474 2485 4532 neccum
2508 4462 2679 4527 adest,
2707 4477 2807 4517 nec
2833 4477 2954 4517 cum
2979 4463 3480 4532 discedit,apparet.
3500 4463 3619 4516 lam

2053 4541 2181 4581 vera
2216 4530 2405 4586 videtis
2450 4533 2743 4607 niltil_t-sse
2791 4545 2962 4607 trior-te
3003 4536 3232 4607 similius
3261 4530 3614 4607 quamsom-

2052 4613 2212 4671 num,
2252 4608 2409 4671 atque
2437 4602 2817 4660 dormientium
2856 4604 3019 4658 animi
3066 4602 3295 4660 maxime
3341 4603 3618 4657 declarant

2053 4669 2383 4750 divinitate—tn
2414 4689 2564 4728 suam
2598 4692 2611 4728 :
2653 4691 2719 4750 es
2750 4690 2877 4750 quo
2902 4675 3211 4750 intelligitur
3244 4675 3401 4730 ῘδοῖῘθ
3424 4674 3614 4750 (19³³³⁸³

2052 4742 2213 4822 futuri
2240 4744 2366 4822 sint,
2392 4758 2512 4822 cum
2555 4760 2614 4799 se
2654 4742 2811 4822 plane
2833 4747 3060 4801 vinculis
3077 4742 3367 4822 corporum
3402 4747 3606 4799 relaxa-

2052 4812 2245 4868 verint.
2273 4812 2388 4867 Non
2409 4816 2552 4870 enim
2585 4812 2735 4873 multi
2758 4826 3073 4888 praestantes
3096 4812 3216 4879 viri.
3242 4832 3379 4890 quos
3418 4828 3608 4890 tinnie-

2050 4896 2175 4965 rare
2200 4900 2307 4965 non
2331 4895 2413 4940 est
2434 4901 2675 4965 ttcCesse,
2701 4883 2853 4965 tanta
2870 4897 3051 4941 essent
3070 4883 3276 4965 conati;
3287 4902 3420 4965 quae
3441 4883 3507 4939 ad
3526 4898 3617 4956 po-

2048 4959 2307 5028 steritatis
2366 4960 2677 5014 memoriam
2722 4960 3089 5028 pertinerent,
3138 4961 3244 5015 nisi
3282 4959 3616 5028 iudicassent

2049 5028 2260 5100 annuos
2286 5027 2614 5100 immortales
2645 5026 2763 5097 post
2801 5029 3110 5085 defuncmm
3143 5026 3335 5100 corpus
3357 5026 3628 5100 existere.

2049 5096 2235 5151 Nonne
2256 5098 2448 5151 melius
2471 5102 2639 5154 multo
2668 5101 2858 5155 fuisset
2882 5103 3112 5156 otiosam
3152 5096 3365 5160 teretem
3390 5110 3445 5154 et
3469 5099 3619 5168 quie-

2050 5175 2157 5221 tam
2186 5168 2302 5220 sine
2329 5169 2437 5221 ullo
2472 5171 2651 5226 labore
2693 5170 2925 5227 maximi
2961 5182 3016 5227 et
3044 5175 3392 5227 contentione
3438 5170 3616 5224 tradu-

2048 5239 2209 5293 cere?
2235 5238 2385 5304 Quod
2410 5241 2625 5309 quidem
2658 5244 2759 5298 nisi
2790 5245 2860 5298 ita
2885 5257 2945 5297 se
2970 5243 3193 5298 haberet
3222 5253 3281 5298 ut
3305 5242 3473 5297 animi
3522 5240 3623 5294 im-

2050 5310 2302 5383 mortales
2315 5321 2517 5383 esseut,
2541 5327 2645 5367 non
2669 5315 2853 5381 optimi
2875 5316 3133 5383 cujusque
3156 5315 3367 5369 animus
3388 5312 3628 5367 maxime

2049 5380 2113 5462 ad
2141 5380 2559 5462 imnturtalitatis
2586 5380 2809 5455 gloriam
2843 5380 3125 5462 niteretur.
3154 5384 3334 5462 Quid?
3363 5382 3504 5462 quod
3534 5397 3620 5435 sa-

2051 5454 2411 5525 pientissimus
2462 5454 2686 5523 quisque
2736 5455 3046 5525 aequissimo
3109 5459 3290 5511 animo
3341 5456 3617 5525 moritur,

2048 5522 2397 5595 stultissimus
2421 5520 2753 5595 iniquissimo
2773 5520 3015 5582 Y'Nanue
3039 5528 3249 5584 videtur
3274 5526 3428 5583 vobis
3453 5527 3497 5579 is
3520 5520 3627 5594 qui.

2051 5596 2181 5674 plus.
2212 5594 2488 5674 cernit,_et
2534 5597 2959 5674 longinsvidet,
2984 5612 3140 5674 nosse
3173 5613 3242 5674 se
3283 5599 3352 5674 ad
3392 5596 3616 5674 meliora

2050 5664 2337 5737 proﬁcisci,
2369 5666 2461 5722 ille
2491 5664 2668 5724 autem
2691 5671 2843 5737 cuius
2871 5664 3112 5725 obtusior
3141 5671 3210 5724 sit
3232 5671 3379 5725 acies
3402 5682 3508 5723 non
3537 5665 3619 5737 Vi:

2047 5733 2359 5808 dereiNon
2400 5738 2528 5792 libet
2568 5744 2711 5796 enim
2755 5733 2879 5795 inihi
2925 5740 3211 5808 deplorare
3243 5745 3428 5805 vitam,
3468 5733 3615 5806 quod

2050 5806 2201 5883 multi
2235 5806 2425 5883 indocti
2452 5824 2595 5880 saepe
2636 5812 2905 5877 fecerunt;
2940 5806 3110 5883 neque
3156 5826 3242 5868 me
3269 5812 3471 5866 vixisse
3497 5818 3611 5875 pinv

2052 5880 2202 5948 nitet,
2246 5880 2497 5949 quoniam
2532 5884 2599 5941 ita
2646 5885 2773 5955 vixi,
2824 5892 2880 5940 ut
2923 5880 3035 5939 nan
3073 5882 3271 5941 frustra
3296 5895 3379 5937 me
3420 5887 3632 5933 natum.
