4162 6212
588 338 724 396 1070

1043 335 1249 395 ιιευιε
1291 334 1733 395 VENERABiLlS
1770 336 1917 393 OPP.
1960 335 2133 393 PARS

2253 335 2445 393 SECT.
2488 336 2553 392 ll.
2592 364 2661 380 —-
2694 338 2895 394 DUBIA
2935 339 3021 394 ET
3063 336 3332 396 SPURIA.

3668 340 3797 399 t080

589 454 922 519 existimem;
946 462 1052 509 ete
1094 454 1199 507 vita
1232 453 1301 507 ita
1323 451 1545 523 discedo
1571 461 1817 522 tanquam
1864 469 1929 507 es
1958 452 2134 521 hospi-
2169 455 2217 514 Α
2313 449 2525 505 Modum
2557 467 2733 505 rerum
2778 453 2980 522 lingere
3029 468 3134 509 non
3181 456 3800 523 possumus,animorum

588 529 685 583 tio.
718 538 823 578 non
849 534 1098 592 tanquam
1123 539 1156 579 e
1179 524 1339 578 domo
1384 522 1756 578 Commorandi
1779 525 1921 577 enim
1950 533 2135 577 natura

587 596 941 648 diversorium
974 594 1147 657 nobis,
1178 609 1283 647 non
1330 595 1599 647 habitandi
1629 592 1798 647 dedit.
1829 595 1875 647 υ
1919 594 2144 662 praeciso

589 680 704 716 rum
734 666 899 728 diem,
923 680 1042 718 cum
1073 666 1137 717 ad
1162 663 1289 717 illud
1329 664 1631 718 divinorum
1668 666 1970 717 animorum
2011 679 2141 717 cou-

585 736 762 789 cilium
805 744 1111 802 cmtumqne
1152 735 1569 800 prolh-iscartljt
1598 736 1641 788 si
1686 734 1805 803 quis
1838 735 1975 788 Dens
2013 735 2141 786 mihi

586 805 839 871 largiatur
873 817 931 859 ut
969 821 1034 859 ex
1078 807 1173 858 hac
1218 813 1375 859 male
1417 820 1811 874 repuerascam,
1863 821 1961 858 nec
2019 819 2145 857 vero

589 877 746 929 velim
774 877 925 943 quasi
948 876 1174 930 decurso
1204 878 1374 941 spatio
1411 892 1439 926 a
1470 876 1614 929 calce
1642 878 1831 930 iterum
1862 876 1928 929 ad
1961 889 2144 928 carce-

585 961 672 999 res
697 948 951 1001 revocari.
981 945 1118 1012 Quid
1147 946 1287 998 enint
1332 946 1487 1001 habet
1522 946 1626 999 vita
1656 945 1964 999 commodi?
2005 944 2143 1011 Quid

588 1032 694 1070 non
729 1018 903 1084 potius
948 1016 1183 1071 laboris?
1213 1015 1367 1069 Levis
1411 1024 1492 1071 est
1526 1025 1795 1078 senectus,
1844 1031 1941 1070 nec
1970 1020 2143 1068 solum

584 1104 688 1141 non
712 1090 955 1147 molesta,
987 1087 1080 1141 sed
1102 1088 1262 1138 etiam
1284 1088 1539 1153 jucunda.
1567 1086 1717 1150 Quod
1754 1085 1795 1137 si
1823 1101 1925 1138 non
1957 1101 2145 1139 sumus

583 1160 909 1212 imtttortales
940 1155 1118 1219 futuri,
1150 1168 1327 1209 tamen
1355 1159 1617 1213 exstinctti
1668 1156 1870 1209 homini
1896 1170 1996 1210 suo
2016 1168 2149 1209 tem-

584 1242 711 1291 pore
735 1230 968 1295 optabile
988 1239 1088 1281 est.
1124 1227 1249 1279 Nam
1276 1228 1427 1280 habet
1460 1239 1646 1279 natura
1671 1239 1727 1278 ιιι
1755 1228 1975 1279 aliarum
2022 1241 2145 1280 0m-

584 1300 728 1351 uinm
756 1314 955 1363 rerum,
989 1296 1065 1352 sic
1095 1298 1301 1351 vivendi
1367 1300 1606 1350 modum.
1653 1298 1916 1351 Senectus
1964 1305 2143 1351 autem

580 1371 755 1422 :etatis
781 1378 865 1423 est
896 1367 1129 1433 peractio
1158 1376 1411 1435 tanquam
1444 1368 1657 1429 tabulae,
1688 1368 1841 1431 cujus
1882 1367 2143 1433 defatiga-

587 1443 787 1492 tionem
831 1439 1017 1508 fugere
1065 1437 1365 1503 debemus,
1417 1443 1715 1505 praesertim
1764 1438 2014 1507 adjuttCta
2062 1453 2144 1493 so.

579 1510 795 1563 cietate.

650 1579 717 1632 Et
762 1583 876 1633 haec
904 1577 973 1633 de
992 1585 1286 1641 senectute,
1317 1577 1382 1632 ad
1431 1594 1591 1646 quam
1634 1579 1835 1632 utinam
1868 1578 2145 1648 pervenio-

584 1664 729 1712 mus,
757 1656 812 1700 ttt
841 1663 902 1702 ea
932 1666 1053 1713 qua:
1081 1649 1217 1700 dicta
1244 1660 1366 1702 sunt
1388 1663 1446 1702 re
1474 1650 1679 1714 eapcrti
1715 1650 1939 1714 probare
1972 1648 2147 1714 possi-

581 1734 727 1842 ἓιιιε.
777 1718 1030 1799 Sequitur
1072 1717 1141 1774 de
1181 1717 1468 1774 Paraduxts
1505 1718 1746 1789 ejusdem
1790 1719 1947 1775 Μειτεὶ
1987 1720 2146 1775 Tullii

629 1803 878 1842 ICt‘l‘Ottls.

629 1803 703 1841 ICt‘
713 1803 878 1844 rents.

796 1898 875 1952 Ex
901 1897 979 1952 Μ.
1009 1896 1074 1952 Τ.
1099 1897 1355 1953 Ciceronis
1382 1898 1513 1954 libro
1536 1900 1598 1952 de
1626 1898 1936 1958 Paradozt's.

659 1989 795 2041 Nihil
829 1999 911 2042 est
953 1995 1056 2043 tam
1101 1989 1412 2043 incredibile
1456 1993 1600 2060 quod
1639 2006 1746 2044 non
1792 1993 2019 2048 dicendo
2060 1994 2152 2051 flat

588 2060 898 2134 probabile;
928 2062 1064 2134 nihil
1101 2070 1203 2113 tam
1234 2061 1533 2134 horridum,
1576 2060 1709 2116 nihil
1736 2071 1841 2118 tam
1866 2064 2146 2134 incultum,

588 2130 730 2195 quod
757 2145 860 2183 non
886 2131 1219 2197 splendescat
1246 2132 1507 2187 oratione.

658 2198 977 2276 Nunquam,
1017 2216 1103 2255 me
1142 2200 1374 2265 hercule,
1420 2216 1597 2271 neque
1652 2202 1927 2270 pecunias,
1978 2221 2150 2276 neque

588 2278 723 2346 tecta
768 2269 1066 2346 magniﬁca,
1095 2284 1267 2346 neque
1308 2287 1456 2341 opes,
1488 2269 1662 2346 tieque
1684 2275 1929 2341 imperia,
1974 2269 2149 2346 neque

592 2340 893 2408 voluptates
916 2343 965 2394 in
989 2341 1142 2395 bouis
1173 2342 1332 2396 rebus
1358 2343 1673 2409 expetendis
1708 2340 1828 2399 esse
1856 2346 2002 2400 duxi.

657 2409 911 2483 Potestne
957 2413 1153 2465 bonum
1194 2413 1386 2475 cuique
1438 2414 1577 2466 malo
1620 2428 1779 2481 esse,
1831 2422 1921 2467 aut
1974 2426 2149 2483 potest

589 2483 819 2549 quisque
847 2482 898 2533 itt
930 2483 1252 2535 abundantia
1275 2483 1532 2536 bonorum
1568 2484 1676 2549 ipse
1701 2499 1823 2539 esse
1846 2482 2058 2540 bonus?

660 2549 880 2621 irrideat
905 2549 949 2604 si
975 2552 1092 2618 quis
1123 2551 1235 2605 vult
1255 2593 1271 2614 ,
1317 2552 1434 2621 plus
1460 2556 1599 2617 apud
1629 2569 1714 2608 me
1745 2568 1865 2607 vera
1898 2557 2031 2609 ratio
2055 2572 2146 2612 va—

596 2619 725 2693 lebit
749 2634 908 2689 quant
939 2622 1077 2691 vulgi
1106 2619 1327 2688 opinio.
1359 2622 1541 2685 Neque
1577 2640 1676 2691 ego
1710 2640 1938 2693 unquam
1968 2626 2143 2684 dicam

585 2690 732 2765 illum
760 2695 894 2765 bona
920 2690 1210 2765 perdidisse
1233 2732 1248 2755 ,
1297 2694 1340 2745 si
1364 2693 1482 2761 quis
1509 2690 1689 2765 pecus
1737 2690 1823 2747 aut
1875 2700 2143 2765 suppelle-

582 2758 1053 2834 ctilemamiserit.
1073 2762 1179 2834 Nec
1203 2780 1305 2815 non
1336 2758 1478 2832 saepe
1507 2758 1730 2817 laudabo
1760 2765 1904 2819 illum
1931 2758 2141 2834 sipien-

589 2828 960 2906 tetn_Biantetn
990 2832 1202 2906 “cujus
1242 2848 1363 2906 cum
1395 2828 1613 2900 patriam
1661 2836 1883 2889 Prienen
1913 2828 2144 2906 cepisset

586 2899 753 2972 hostis
777 2943 792 2965 ,
839 2899 1126 2971 cmteriqne
1150 2903 1218 2956 ita
1243 2899 1513 2972 fugerent,
1550 2913 1606 2957 ιιι
1634 2906 1794 2957 tnnlta
1818 2906 1886 2959 de
1912 2899 2022 2961 suis
2051 2924 2138 2963 re-

582 2970 681 3047 bus
708 2983 885 3047 secum
918 2970 1270 3047 asportarent,
1305 2970 1590 3047 cutttessct
1616 2976 1919 3047 admonitus
1940 2993 1967 3029 a
1988 2993 2134 3047 quo-

584 3039 705 3113 dam
734 3048 793 3093 ut
832 3041 943 3113 ipse
977 3042 1115 3098 idem
1167 3044 1395 3097 faceret:
1426 3045 1535 3111 Ego
1566 3060 1714 3108 vero,
1759 3045 1946 3113 inquit,
1976 3039 2132 3103 fa'cio.

588 3106 719 3160 Nam
771 3106 947 3163 omnia
998 3128 1112 3166 mea
1162 3128 1370 3166 mecum
1421 3106 1592 3178 p6rtn.
1663 3106 2133 3172 tlletueclitdibria

583 3179 808 3257 fortuna:
838 3196 934 3257 nec
954 3196 1047 3235 sua
1074 3184 1283 3251 quidem
1316 3184 1550 3255 putarit,
1579 3201 1698 3257 quae
1726 3200 1822 3240 nos
1847 3187 2007 3242 etiam
2034 3204 2131 3257 ap-

580 3248 835 3316 pellamus
864 3252 1022 3307 bona.

653 3319 892 3398 Quidhest
916 3322 1073 3398 igitur
1095 3324 1112 3391 (
1137 3334 1339 3391 qureret
1376 3325 1567 3397 aliquis
1592 3330 1611 3398 ξ
1640 3326 1872 3381 bonum?
1926 3327 1982 3384 Si
2008 3330 2130 3398 quid

581 3398 726 3461 recte
780 3392 874 3461 lit,
925 3402 978 3445 et
1025 3394 1283 3459 honeste,
1331 3406 1385 3448 et
1407 3392 1525 3451 cuin
1568 3396 1756 3452 virtute
1784 3436 1800 3461 ,
1844 3398 1897 3452 id
1955 3392 2127 3456 solum

579 3459 1017 3535 opinnrbonutn.
1070 3463 1198 3517 Illud
1243 3478 1389 3520 arcte
1417 3466 1630 3535 quidam
1660 3459 1875 3534 tenent,
1905 3483 2127 3524 accura-

582 3534 738 3597 teque
762 3529 1078 3610 defendunt,
1104 3529 1446 3610 voluptatem
1462 3553 1581 3610 esse
1609 3529 1874 3610 summurn
1908 3540 2125 3609 bonum,

576 3600 949 3676 queqnidetn
990 3603 1117 3656 mitti
1160 3600 1259 3676 vos
1306 3609 1568 3676 pecudum
1617 3608 1825 3662 videtur
1848 3600 2124 3672 csse,n0ti

583 3666 876 3749 hominum.
906 3669 984 3749 Ἰςιι
1015 3687 1136 3727 cum
1167 3675 1259 3729 tibi
1289 3666 1401 3730 sive
1431 3677 1570 3749 Deus
1596 3677 1708 3733 sive
1734 3688 1906 3732 mater
1936 3679 1957 3749 (
1974 3666 2030 3734 ut
2052 3666 2123 3738 ita

578 3736 777 3821 dicunt)
804 3741 1040 3821 oinniunt
1068 3758 1244 3821 rerum
1274 3757 1457 3800 natum
1487 3748 1694 3821 dederit
1719 3736 1955 3821 animum
1973 3790 1988 3813 ,
2020 3736 2125 3821 quo

580 3807 709 3891 nihil
757 3815 1226 3891 e~t‘praestantius
1274 3831 1444 3884 neque
1484 3817 1755 3891 divinius,
1806 3818 1884 3871 sic
1921 3807 2123 3891 teipse

576 3879 796 3960 abjiczes
818 3888 979 3949 atque
1006 3895 1311 3960 prosternes
1400 3896 1457 3940 nt
1499 3885 1627 3960 nihil
1659 3879 1795 3960 inter
1824 3898 1875 3941 te
1902 3899 1956 3943 et
1987 3879 2118 3960 qua.

577 3948 867 4026 drupedent
898 3948 1053 4026 putes
1083 3948 1378 4026 interesse?
1401 3965 1458 4011 ut
1476 3959 1616 4011 enim
1647 3948 2120 4026 quisqnetnax'ime

691 4019 811 4101 boni
844 4022 1135 4101 particeps,
1170 4025 1239 4079 ita
1269 4026 1626 4101 et_l::ndabi_lis
1659 4019 1905 4101 maxime.
1937 4031 2120 4101 Neque

578 4096 661 4140 est
690 4089 853 4167 ullum
880 4091 1075 4167 bonum
1103 4095 1298 4167 dequo
1326 4097 1370 4150 is
1400 4097 1490 4167 qui
1547 4098 1597 4151 id
1628 4099 1851 4164 habeat,
1897 4089 2118 4158 honeste

577 4172 682 4241 non
712 4160 878 4241 possit
904 4163 1137 4229 gloriari.
1157 4160 1431 4241 Quidnam
1459 4168 1645 4241 horum
1668 4178 1752 4241 est
1778 4160 1843 4221 in
1874 4170 2117 4241 volupta-

573 4228 669 4281 te?
717 4228 1063 4305 melioremne
1117 4228 1318 4305 eflicit,
1355 4246 1447 4290 aut
1473 4237 1868 4292 laudabiliorem
1899 4228 2116 4298 virdtn?

570 4313 637 4349 an
666 4301 943 4377 quisquam
985 4301 1037 4356 in
1075 4304 1341 4377 potiundis
1372 4308 1728 4374 voluptatibus
1753 4310 2031 4377 gloriando
2060 4313 2112 4369 in

572 4370 949 4452 praedicatione
991 4386 1050 4425 se
1073 4370 1321 4452 :e‘lt‘eret}
1364 4370 1534 4452 atque
1572 4378 1617 4431 si
1663 4370 1945 4452 voluptas,
1992 4397 2112 4452 qua:

573 4436 857 4509 plurimum
889 4443 1189 4507 patrociniis
1219 4436 1536 4509 defenditur,
1567 4449 1726 4503 modo
1750 4436 1807 4502 hi
1831 4436 1988 4507 rebus
2010 4436 2105 4507 'bo:

2248 523 2462 575 modum
2493 532 2675 577 tenere
2704 538 3007 591 possumus.

2325 614 2464 689 Nihil
2491 630 2665 689 neque
2688 630 2863 689 meum
2890 626 2973 689 est
3002 630 3175 689 neque
3195 612 3518 689 cuiuspiam,
3547 619 3683 689 quod
3710 637 3799 676 au-

2250 683 2399 752 ferri,
2427 687 2567 753 quod
2590 685 2749 753 eripi,
2782 686 2921 754 quod
2950 683 3119 741 amitti
3148 683 3345 756 potest.

2317 777 2596 845 Quomodo
2624 777 2785 847 igitur
2823 788 2877 832 et
2906 780 2988 832 cui
3015 779 3226 833 tandem
3269 778 3355 832 hic
3383 779 3550 832 libero
3579 780 3795 846 impera-

2246 847 2359 911 bit,
2400 848 2486 916 qui
2536 864 2639 901 non
2689 858 2863 915 potest
2909 850 3020 903 suis
3068 850 3455 915 cupiditatibus
3498 851 3796 916 imperare?

2249 916 2502 971 Refrenet
2534 920 2763 984 primunt
2794 920 3041 973 libidines
3062 962 3074 979 ,
3105 930 3321 983 spernat
3353 921 3668 986 voluptates,
3694 922 3792 979 ira.

2244 988 2492 1041 cundiam
2520 999 2695 1043 teneat
2720 1030 2736 1049 ,
2767 996 3012 1043 coerceat
3042 989 3346 1050 avaritiam,
3372 1001 3424 1042 et
3445 999 3666 1043 caeteras
3684 995 3796 1045 ani-

2247 1060 2316 1111 mi
2352 1059 2498 1111 labes
2525 1061 2771 1126 repellat.
2802 1060 2952 1113 Tunc
2972 1059 3186 1127 incipiet
3219 1060 3342 1113 aliis
3370 1061 3655 1129 imperare.
3680 1076 3797 1120 cum

2246 1129 2360 1194 ipse
2393 1130 2801 1191 improbissimis
2832 1129 3061 1184 dominis
3089 1129 3339 1184 dedecori
3368 1140 3461 1183 aut
3491 1133 3792 1195 turpitudini

2245 1213 2432 1265 parere
2461 1198 2710 1265 desierit;
2738 1200 2863 1253 dom
2891 1200 3105 1269 quidem
3138 1200 3222 1254 his
3247 1200 3486 1262 ohedict,
3516 1216 3620 1252 non
3649 1203 3801 1258 modo

2245 1269 2560 1335 imperator,
2592 1274 2683 1323 sed
2716 1271 2849 1325 liber
2873 1271 3092 1324 omnino
3122 1269 3397 1325 habendus
3424 1285 3527 1323 non
3559 1269 3665 1324 erit

2313 1338 2523 1392 Dictum
2554 1349 2635 1394 est
2660 1341 2727 1393 ab
2750 1340 3122 1395 eruditissimis
3146 1380 3159 1401 .
3207 1339 3307 1393 nisi
3338 1340 3654 1408 sapientem,
3685 1342 3803 1397 libe-

2245 1424 2361 1462 rum
2384 1424 2505 1463 esse
2535 1412 2822 1465 neminem.
2850 1409 2987 1477 Quid
3025 1421 3107 1467 est
3137 1409 3278 1468 enim
3310 1409 3551 1475 libertus,
3580 1411 3678 1464 nisi
3706 1428 3798 1475 po-

2245 1487 2408 1550 testas
2460 1481 2668 1533 vivendi
2710 1492 2766 1534 ut
2811 1480 2983 1534 velis?
3029 1481 3162 1545 Quis
3203 1480 3363 1550 igitur
3408 1479 3535 1550 vivit
3577 1490 3632 1533 ut
3676 1484 3799 1547 vult,

2246 1548 2346 1602 nisi
2372 1550 2477 1621 qui,
2518 1558 2659 1605 recta
2701 1552 2964 1621 sequitur,
3015 1551 3106 1620 qui
3150 1548 3348 1621 gaudet
3376 1548 3592 1613 ofﬁciis,
3616 1550 3799 1621 cuiu-

2246 1619 2405 1691 veudi
2434 1620 2514 1673 via
2545 1619 2880 1676 considerata
2907 1619 3069 1687 atque
3099 1619 3312 1690 provisa
3338 1628 3444 1691 est,
3486 1622 3578 1689 qui
3604 1620 3801 1691 legibus

2246 1689 2459 1758 quidem
2493 1694 2589 1743 nisi
2624 1702 2839 1757 propter
2867 1704 3066 1746 metum
3100 1689 3268 1758 paret.
3299 1690 3393 1745 sed
3424 1704 3514 1744 eas
3542 1689 3797 1760 sequitur,

2177 1796 2228 1860 Β
2251 1770 2415 1860 illi“:
2425 1762 2570 1860 31"}!
2580 1763 2651 1860 Ῐέἓ
2695 1762 2836 1860 Ἰξὶἷῗέ
2860 1760 3800 1860 Ξξ12¹²ἱίξ..ξῖ¹ἱὶἷ¹ξῗ.³ἓξ¹ὶξὲἑ,’ἷξες

2253 1832 2340 1897 qui
2366 1832 2496 1886 nihil
2526 1832 2670 1891 facit,
2696 1832 2825 1885 nihil
2858 1832 3005 1898 dicit,
3044 1831 3173 1885 nihil
3203 1830 3677 1900 eogitatdeniqoe,
3707 1833 3799 1887 nisi

2252 1900 2476 1956 libenter
2505 1917 2566 1956 ac
2599 1904 2782 1965 libere,
2814 1902 2967 1971 cujus
2993 1904 3171 1956 omnia
3199 1902 3425 1956 consilia
3456 1916 3652 1969 resque
3688 1919 3800 1956 om-

2253 1984 2348 2041 nes
2396 1986 2529 2037 quas
2570 1974 2705 2041 gerit
2760 1972 2828 2024 al)
2874 1974 2991 2035 ipso
3040 1973 3460 2040 proficiscantur,
3498 1972 3805 2041 eodemun

2252 2039 2525 2110 feruntur?
2554 2039 2661 2096 Nec
2696 2051 2779 2095 est
2817 2044 2920 2095 ulla
2962 2056 3048 2097 res
3075 2058 3192 2109 qua:
3226 2043 3343 2110 plus
3371 2040 3509 2110 apud
3539 2057 3660 2095 eum
3690 2039 3801 2107 pol.

2250 2109 2358 2164 leat
2384 2126 2543 2180 qnam
2574 2112 2738 2179 ipsius
2763 2114 3005 2168 voluntas
3031 2122 3191 2180 atque
3212 2109 3489 2181 iudcium.
3508 2110 3610 2181 Cui
3628 2114 3802 2177 etiam,

2250 2194 2366 2247 qme
2384 2183 2487 2234 vim
2510 2185 2789 2236 maximam
2816 2184 3013 2236 habere
3027 2180 3240 2246 dicitur,
3269 2184 3477 2238 fortuna
3502 2180 3651 2235 cedit
3674 2185 3799 2251 ipsa.

2248 2253 2398 2305 Sicut
2426 2254 2637 2317 sapiens
2666 2254 2794 2306 dicit
2822 2262 2976 2320 poeta
3009 2270 3023 2307 :
3052 2252 3175 2307 Suis
3205 2253 3430 2320 quisque
3456 2252 3673 2320 ﬁngitur
3693 2268 3800 2303 rno-

2250 2319 2414 2391 ribtls.
2478 2323 2590 2377 Soli
2634 2323 2789 2390 igitur
2827 2319 2937 2375 illnc
2982 2324 3243 2391 contingit
3282 2319 3543 2391 sapienti,
3593 2331 3653 2376 ut
3675 2324 3799 2376 nihil

2250 2388 2407 2442 faciat
2429 2388 2803 2457 invitum—nihil
2829 2396 3035 2459 dolens,
3069 2388 3201 2447 nihil
3231 2388 3467 2447 coactus.
3502 2392 3657 2447 Unde
3676 2393 3797 2445 illud

2249 2459 2410 2531 breve
2438 2465 2792 2517 confitendum
2832 2473 2935 2530 est,
2962 2464 3059 2516 nisi
3084 2464 3172 2531 qui
3200 2464 3268 2517 ita
3298 2461 3522 2517 etl‘ectus
3546 2463 3647 2525 sit,
3686 2476 3829 2521 esse.

2248 2528 2467 2604 liberum
2500 2533 2789 2588 neminem.
2833 2528 2985 2589 Servi
3015 2528 3172 2602 igitur
3197 2532 3426 2604 improbi
3464 2547 3675 2598 omnes,
3704 2548 3800 2604 nec

2249 2601 2350 2673 hoc
2376 2610 2480 2673 tam
2512 2620 2570 2657 re
2598 2614 2678 2658 est
2706 2617 2863 2673 quam
2894 2604 3037 2658 dictu
3078 2601 3404 2672 inopinatum
3443 2614 3608 2670 atque
3647 2602 3800 2655 inira-

2247 2670 2366 2725 hile.
2411 2672 2523 2727 Non
2543 2675 2684 2730 enim
2715 2670 2785 2728 ita
2812 2675 2994 2729 dicunt
3027 2688 3124 2729 eos
3150 2670 3275 2733 esse
3303 2686 3487 2728 servos
3518 2682 3577 2726 ut
3604 2673 3798 2728 manci-

2246 2739 2349 2807 pia,
2382 2757 2499 2812 quin
2520 2754 2644 2799 sunt
2662 2746 2998 2799 dominorum
3020 2743 3159 2799 facta
3182 2760 3328 2798 nexu
3352 2752 3450 2800 aut
3473 2743 3657 2812 aliquo
3680 2740 3798 2811 iure

2243 2811 2421 2866 civili:
2452 2815 2546 2869 sed
2572 2814 2649 2869 sic
2678 2814 2914 2869 servitus
2941 2815 3044 2878 sit,
3081 2816 3221 2869 sicut
3248 2823 3332 2869 est
3350 2811 3657 2871 obedietttia
3686 2813 3791 2867 fra-

2242 2880 2313 2933 cti
2344 2883 2507 2938 animi
2532 2893 2691 2952 atque
2709 2885 2924 2952 abiecti,
2947 2893 3002 2941 et
3020 2886 3245 2941 arbitrio
3264 2883 3497 2939 carentis
3519 2897 3644 2937 suo.
3671 2882 3795 2950 Quis

2242 2964 2418 3025 neget,
2448 2956 2570 3010 licet
2599 2972 2772 3025 reges,
2800 2969 2988 3011 omnes
3007 2959 3171 3021 leves.
3198 2969 3385 3011 οηιιιεε
3404 2955 3659 3025 ευρίάυδο
3683 2970 3794 3025 09‘?

2240 3036 2338 3095 nes
2375 3023 2605 3093 denique
2658 3023 2928 3095 improbos
2974 3040 3094 3081 esse
3127 3026 3350 3081 servos?
3390 3025 3477 3095 ,An
3523 3024 3617 3095 ille
3666 3023 3793 3083 mihi

2241 3090 2375 3146 liber
2407 3090 2634 3161 videtur,
2667 3090 2749 3151 cui
2781 3096 2971 3151 mulier
3002 3098 3258 3165 imperat,
3282 3096 3365 3150 cui
3387 3094 3531 3165 leges
3552 3094 3791 3165 imponit.

2243 3166 2560 3234 praescribit,
2597 3177 2739 3221 vetat
2764 3207 2781 3229 ,
2812 3167 2959 3236 jubet
2988 3164 3128 3235 ψιοά
3158 3167 3385 3229 videtur,
3413 3164 3506 3236 qui
3528 3165 3663 3236 nihil
3693 3164 3791 3218 itu-

2240 3239 2442 3299 peranti
2476 3252 2672 3304 negare
2704 3234 2912 3304 itotest,
2954 3234 3086 3292 nihil
3117 3251 3365 3291 recusare
3391 3234 3592 3289 audi-tt
3621 3235 3676 3304 Si
3707 3249 3795 3301 po-

2238 3312 2360 3366 scit,
2407 3308 2639 3361 dandum
2672 3303 2783 3371 est;
2824 3308 2869 3362 si
2903 3317 3088 3370 Vocat,
3133 3308 3449 3361 veniendum
3478 3314 3584 3359 est.
3636 3303 3793 3373 Ejicit

2233 3373 2531 3439 abeuntem,
2584 3380 2811 3432 minatur
2858 3378 3330 3432 extimescendum.
3369 3376 3477 3444 Ego
3516 3389 3644 3429 vero
3692 3388 3793 3431 non

2234 3444 2389 3518 ismm
2407 3452 2563 3500 modo
2580 3464 2813 3509 servum,
2827 3449 2919 3503 sed
2937 3447 3314 3518 nequissimum
3336 3460 3568 3518 servum,
3587 3444 3794 3502 etiamsi

2232 3514 2284 3587 in
2334 3517 2655 3582 amplissima
2685 3520 2881 3574 familia
2922 3514 3077 3573 natus
3104 3518 3193 3583 sit,
3222 3517 3616 3587 appellandum,
3646 3525 3788 3587 puto.

2230 3586 2311 3656 An
2342 3588 2499 3641 etiam
2529 3604 2711 3643 eorum
2741 3593 2967 3644 servitus
2988 3590 3143 3643 dubia
3174 3584 3391 3656 e5t,'qui
3426 3585 3620 3653 βεευιίί
3641 3584 3790 3652 θηρί’

2226 3654 2394 3711 ditate
2420 3660 2616 3713 nullam
2645 3658 2997 3714 conditionem
3018 3671 3263 3714 recusant
3298 3654 3600 3713 durissima
3621 3660 3787 3711 servi-

2228 3725 2388 3781 tutis?
2418 3729 2747 3801 llzereditatis
2783 3745 2908 3798 spes
2940 3731 3079 3801 quod
3102 3729 3403 3801 iniquitatis
3427 3730 3479 3782 in
3505 3726 3788 3801 serviendo

2225 3811 2328 3870 non
2351 3800 2588 3866 suscipit,
2613 3816 2769 3866 quem
2792 3810 2974 3854 nutum
2993 3802 3266 3870 locupletis
3293 3800 3409 3854 orbi
3456 3814 3516 3870 se
3559 3800 3661 3870 vis
3684 3811 3787 3852 non

2223 3868 2506 3942 observat?
2528 3870 2781 3942 Loq-iitur
2808 3873 2873 3925 ad
2897 3872 3012 3942 ejus
3034 3868 3373 3942 voluntatem,
3406 3868 3789 3942 quidquiddoj

2224 3939 2513 3993 nuntiatum
2535 3938 2629 4004 sit,
2654 3942 2798 4005 facit,
2829 3938 3150 4006 assentetur,
3174 3940 3393 4003 assidet,
3420 3938 3627 3994 invitat.
3651 3938 3785 4004 Quid

2222 4010 2411 4080 horum
2433 4021 2514 4063 est
2545 4010 2718 4076 liberi,
2737 4012 2861 4079 quid
2883 4012 3111 4080 denique
3124 4011 3381 4065 servinon
3402 4012 3585 4064 inertis
3608 4012 3635 4061 ἳ
3653 4007 3787 4076 Quid

2212 4076 2325 4145 jam
2349 4078 2434 4132 illa
2461 4076 2897 4150 cupiditatum:
2920 4076 3128 4137 videtur
3139 4097 3257 4135 esse
3283 4081 3548 4135 liberalior
3568 4081 3789 4136 honoris

2217 4151 2488 4221 etimperii
2514 4152 2923 4219 provinciarum,
2938 4166 3094 4221 quam
3116 4152 3249 4206 dura
3260 4164 3339 4206 est
3366 4150 3603 4216 domina,
3625 4165 3786 4221 quam

2217 4217 2523 4290 imperiosa,
2541 4236 2696 4287 quam
2718 4217 3034 4278 vehemens!
3057 4222 3227 4276 lude:
3261 4236 3390 4277 vero
3410 4217 3667 4290 quantum
3688 4220 3786 4274 ha-

2214 4288 2304 4342 bet
2349 4290 2680 4345 dominatum
2707 4332 2724 4356 ,
2775 4306 2881 4359 quo
2927 4293 3116 4347 timore
3160 4288 3667 4358 nocentes‘afticit,
3717 4307 3786 4347 att

2214 4373 2319 4411 non
2343 4370 2425 4413 est
2458 4363 2629 4414 omnis
2658 4371 2832 4417 metus
2864 4362 3129 4417 servitus?
3172 4364 3359 4417 Omnis
3401 4362 3563 4416 animi
3592 4361 3788 4418 debiti-

2215 4436 2316 4495 tas,
2341 4438 2395 4483 et
2425 4430 2691 4487 humilitas
2716 4444 2770 4487 et
2798 4431 2950 4487 fracti
2980 4432 3258 4498 timiditas,
3288 4435 3518 4487 servitus
3543 4440 3652 4489 est.

573 4489 1196 4596 iiiiuibeih'aiiiui'éiﬁ
1218 4489 2111 4596 ἑὶἱιῐὲ“ἑέιῖὸήἰξῖ‹ῖτ”ἑὲἱ,’ἔὸἲῖιὲᾇῖέ
2138 4489 2193 4550 D
2301 4489 2444 4579 Nihil
2491 4525 2769 4596 quisquam
2819 4524 2998 4593 debet,
3042 4524 3140 4580 nisi
3183 4489 3324 4596 quod
3371 4533 3457 4581 est
3492 4535 3649 4596 turpe
3676 4540 3783 4581 non

570 4586 823 4662 mentem
859 4594 923 4662 οξ
971 4596 1067 4662 s_u_a
1106 4587 1234 4639 sede
1271 4598 1335 4662 _et
1376 4596 1515 4662 statu
1565 4586 1840 4662 dimovet,
1889 4586 2125 4660 pro'e'eto

572 4648 706 4730 nihil
747 4651 997 4730 estaliud
1027 4653 1163 4711 bene
1192 4666 1246 4711 et
1270 4658 1424 4713 beate
1452 4658 1651 4727 vivere,
1694 4660 1797 4714 nisi
1824 4648 2044 4719 honeste
2070 4676 2126 4720 et

566 4726 715 4772 recte
739 4726 937 4777 vivere.

639 4788 813 4869 Nemo
831 4795 1470 4869 potest_non_beatissintus
1491 4802 1838 4869 esse,qnique
1864 4803 1914 4857 in
1930 4817 1991 4857 se
2020 4819 2124 4859 uno

569 4873 667 4940 sua
695 4865 844 4942 ponit
869 4865 1066 4942 0tnnia_.
1099 4866 1194 4919 Cui
1237 4883 1359 4933 spes
1381 4868 1560 4942 omnis
1584 4865 1638 4924 et
1662 4865 1809 4925 ratio
1836 4884 1890 4926 et
1917 4878 2119 4942 cogita-

572 4933 866 5011 impendet
909 4950 973 5011 es
1026 4933 1261 5011 fortuna,
1307 4938 1428 5011 huic
1469 4940 1598 4993 nihil
1624 4954 1795 5007 potest
1818 4956 1937 4995 esse
1963 4933 2118 5006 dimi,

566 5000 812 5126 sith'iqufi
830 5009 969 5072 quod
1004 5008 1337 5073 exploratum
1367 5010 1557 5064 habeat
1588 5000 1991 5080 permansurum
2017 5000 2120 5070 sibi

621 5090 631 5120 ι
678 5090 727 5124 llt
816 5090 921 5126 etn.

563 5086 727 5124 ιιιιιιιιι
758 5086 921 5127 diem.

630 5142 769 5197 Mors
793 5145 1044 5200 terribilis
1066 5145 1147 5200 his
1172 5162 1396 5216 quorum
1428 5165 1549 5205 cum
1578 5150 1682 5204 vita
1711 5153 1888 5206 omnia
1916 5152 2120 5208 exstin-

561 5223 813 5290 Eduntur,
861 5232 989 5290 non,
1019 5216 1103 5290 his
1128 5234 1374 5290 __qnorunt
1423 5222 1591 5276 emori
1640 5224 1755 5276 laus
1786 5238 1892 5277 non
1919 5233 2115 5290 potest.

562 5279 1229 5372 {miliumterribileillis
1267 5290 1458 5372 quibus
1492 5292 1643 5372 quasi
1681 5293 1882 5372 circum
1898 5279 2117 5362 εὲτινιιιε

560 5358 643 5403 est
666 5351 937 5409 habitandi
971 5357 1150 5429 locus,
1195 5351 1300 5412 noti
1326 5362 1410 5414 his
1438 5351 1527 5429 qui
1554 5376 1767 5417 omnem
1790 5364 1976 5418 orbem
1997 5351 2117 5419 ἰιι-

556 5432 736 5475 rarum
769 5437 926 5476 unam
959 5427 1142 5480 urbem
1163 5443 1283 5483 esse
1303 5427 1501 5485 dicunt.

626 5489 704 5571 tlt-
727 5502 939 5571 peccata
962 5510 1066 5549 non
1094 5514 1276 5554 rerum
1305 5515 1522 5570 eventu,
1545 5501 1639 5557 sed
1667 5504 1809 5559 vitiis
1838 5502 2112 5561 hominum

553 5562 815 5615 metienda
841 5573 981 5617 sunt.

627 5634 861 5707 Quaevis
904 5643 985 5687 cst
1014 5649 1133 5703 quae
1178 5640 1346 5707 magis
1390 5654 1571 5697 arceat
1603 5641 1846 5698 homines
1869 5644 1936 5705 ab
1964 5646 2111 5701 omni

554 5701 912 5783 improbitate,
947 5701 1103 5773 quam
1136 5713 1180 5762 si
1208 5701 1475 5769 senserint
1517 5714 1717 5769 nullum
1746 5702 1873 5771 esse
1893 5714 1946 5770 itt
1974 5715 2111 5770 deli-

552 5774 649 5831 ctis
676 5774 981 5833 discrimen.

2230 4596 2473 4650 reddere.
2512 4592 2687 4661 'Qua'm
2718 4596 2862 4651 enim
2904 4592 3247 4664 intelligimus
3289 4596 3508 4651 divitem
3532 4635 3550 4661 ,
3583 4592 3643 4650 at
3683 4598 3782 4652 hoc

2228 4666 2447 4718 verbum
2479 4667 2530 4719 in
2559 4682 2666 4734 quo
2696 4666 2911 4721 homine
2949 4667 3231 4735 ponimus?
3269 4666 3470 4734 Opinor
3502 4670 3670 4734 ineo,
3695 4667 3781 4722 cui

2228 4746 2368 4788 tanta
2399 4737 2663 4802 possessio
2689 4747 2794 4800 est,
2826 4742 2883 4789 ιιι
2903 4737 2973 4792 ad
2998 4737 3291 4791 liberaliter
3312 4739 3595 4791 vivendum
3623 4740 3779 4792 tacite

2225 4813 2509 4858 Contentus
2537 4807 2627 4859 sit.
2657 4807 2757 4872 Qui
2790 4805 2923 4861 nihil
2951 4816 3177 4875 quaerat,
3206 4807 3337 4861 nihil
3369 4818 3617 4875 appetat,
3648 4807 3779 4863 nihil

2223 4886 2389 4945 optet,
2412 4876 2620 4929 animus
2666 4889 2876 4945 oportet
2907 4886 3024 4931 tuus
3063 4892 3124 4931 se
3149 4877 3352 4945 judicet
3379 4876 3597 4930 divitem
3622 4920 3639 4939 ,
3673 4894 3777 4931 non

2225 4944 2498 5015 hominum
2524 4944 2732 5012 sermo,
2766 4960 2939 5014 neque
2971 4944 3337 5013 possessiones
3364 4956 3501 5010 tum;
3527 4949 3614 5015 qui
3646 4948 3776 5002 nihil

2221 5014 2411 5069 deesse
2437 5015 2536 5068 sibi
2570 5025 2745 5083 putet,
2777 5017 2905 5071 nihil
2934 5025 3085 5070 curet
3113 5017 3339 5085 amplius
3359 5060 3375 5082 ,
3419 5016 3641 5070 satiatus
3670 5027 3773 5084 est,

2221 5093 2313 5156 aut
2353 5094 2634 5138 contentus
2674 5089 2831 5142 etiam
2861 5087 3078 5155 pecunia
3103 5131 3119 5156 ,
3167 5090 3405 5141 concedo
3431 5126 3448 5150 ,
3500 5087 3647 5141 dives
3670 5098 3771 5145 est.

2219 5152 2312 5208 Sin
2345 5165 2520 5209 autem
2554 5166 2767 5224 propter
2796 5152 3362 5224 aviditateot'pecttuize
3394 5159 3594 5211 nullum
3625 5173 3772 5225 qna-.-

2218 5234 2356 5278 stum
2405 5237 2607 5289 turpem
2658 5237 2829 5295 putas,
2870 5243 2991 5281 cum
3055 5228 3141 5284 isti
3200 5229 3374 5283 ordini
3426 5244 3530 5281 non
3583 5230 3775 5282 hones-

2222 5305 2305 5348 tus
2356 5298 2566 5364 quidem
2616 5299 2780 5366 pussit
2818 5312 2937 5353 esse
2992 5298 3131 5355 ullus
3163 5337 3179 5364 ,
3236 5299 3281 5353 si
3330 5298 3564 5363 quotidie
3626 5300 3769 5351 trau-

2217 5366 2331 5429 das,
2376 5367 2599 5435 decipis,
2649 5368 2841 5435 poscis,
2886 5369 3205 5438 pacisceris,
3247 5367 3457 5435 aufers,
3507 5370 3677 5435 rapis,
3723 5370 3767 5421 si

2219 5438 2394 5489 socios
2413 5439 2630 5505 spolias,
2675 5441 2922 5510 aerarium
2952 5442 3189 5510 expilas,
3223 5440 3267 5493 si
3296 5447 3613 5510 testamenta
3638 5454 3761 5491 am.-

2215 5520 2398 5581 corutn
2436 5518 2739 5581 exspectas
2764 5509 2976 5581 quidem
2996 5509 3033 5573 ,’
3057 5521 3216 5581 atque
3263 5509 3461 5581 teipse
3488 5511 3765 5581 suppetas,

2215 5575 2330 5630 haec
2362 5578 2907 5659 _utr’u_m.ahundantis,
2946 5595 3010 5633 an
3050 5575 3620 5659 egéntis__sig'tia_sttnt?
3642 5579 3766 5632 Ani-

2214 5647 2592 5718 mushominis
2620 5648 2767 5703 diros
2785 5691 2798 5711 ,
2831 5664 2938 5704 non
2966 5647 3367 5718 arca'appellari
3392 5649 3549 5711 solet,
3580 5664 3762 5718 quant-

2213 5715 2293 5768 γῆς
2319 5717 2406 5770 illa
2435 5719 2505 5772 sit
2531 5719 2720 5786 plena,
2769 5719 2896 5774 dum
2943 5729 2997 5775 te
3034 5715 3249 5775 inanem
3294 5718 3511 5785 videbo,
3548 5717 3760 5772 divitum

2214 5802 2318 5843 non
2342 5789 2557 5859 putabo.
2598 5787 2807 5850 Etenim
2828 5804 2896 5849 ex
2923 5805 2988 5849 eo
3012 5801 3270 5863 quantum
3307 5789 3497 5860 cuique
3522 5788 3652 5845 satis
3674 5797 3754 5844 ’σοι
