4162 6212
375 395 511 453 1081

1012 377 1420 453 SENTENTIA
1456 396 1940 455 PHILOSOPIIICA

2029 395 2106 452 EX
2141 392 2480 454 CICERONI:
2513 393 2921 456 COLLECT£.

3470 407 3496 462 I
3506 406 3611 464 089.

371 515 664 568 metiuntur
687 513 932 567 homines
959 511 1263 566 divitiarum
1295 510 1532 564 modum.
1590 511 1774 565 Filiam
1803 511 1925 580 quis
1950 512 2002 573 Α
2031 520 2305 578 permanet
2335 511 2674 578 incorruptus
2697 555 2712 578 ,
2759 527 2948 581 suique
2989 514 3176 567 similis
3203 557 3218 579 ,
3269 529 3492 572 necesse
3520 530 3605 576 est

372 586 552 648 habet,
603 585 828 650 pecunia
870 597 1006 648 opus
1048 591 1148 634 est.
1202 583 1362 643 Duas,
1389 582 1915 652 ntajnre;siplnres.

373 655 574 719 majore
611 658 794 706 etiam.
863 656 927 706 At
953 653 998 706 si
1031 655 1110 720 (ιιι
1132 653 1299 719 aiunt)
1344 653 1505 705 Danai
1538 654 1918 720 quinquaginta

371 727 480 776 sint
509 723 632 777 lilia:
673 721 865 786 alicui,
917 730 996 775 tot
1032 722 1184 776 dotes
1216 737 1457 790 magnam
1487 734 1729 790 quaerunt
1762 737 1922 786 pecu-

372 799 535 845 niam.
579 793 844 857 Quantum
887 791 1027 846 cnim
1067 792 1309 859 cuiquam
1349 806 1484 856 opus
1510 804 1590 845 est
1616 834 1630 853 ,
1663 792 1726 843 ad
1759 793 1808 844 id
1833 807 1920 845 ac-

370 862 759 926 commodatur,
803 871 858 916 ut
901 872 1023 915 ante
1060 862 1167 915 dixi
1191 903 1207 923 ,
1240 862 1540 914 divitiarum
1572 863 1777 914 modus.
1820 862 1918 927 Qui

372 930 535 1000 igitur
562 946 668 986 non
699 932 832 986 ﬁlias
857 932 1059 996 plures,
1100 933 1191 984 sed
1222 931 1635 985 innumerabiles
1664 931 1922 996 cupidita-

373 1003 455 1056 tes
479 1002 658 1062 habet.
689 1018 806 1068 quae
830 1002 976 1056 brevi
1009 1012 1246 1062 tempore
1267 1015 1483 1069 magnas
1510 1003 1691 1068 copias
1718 1003 1923 1056 exhau-

374 1073 482 1127 rire
511 1072 713 1140 possint
734 1113 748 1135 ,
780 1072 919 1126 hunc
945 1087 1044 1141 ego
1066 1072 1334 1136 quomodo
1374 1073 1650 1139 appellabo
1679 1072 1918 1138 divitem,

371 1157 494 1196 cum
526 1146 636 1210 ipse
663 1157 823 1212 egere
861 1157 918 1195 se
945 1142 1169 1195 sentiat?
1217 1142 1424 1195 Eten'm
1474 1141 1776 1194 divitiarum
1808 1142 1922 1193 rru-

373 1223 490 1266 ctus
519 1213 571 1266 in
600 1213 751 1278 copia
783 1223 903 1274 est,
955 1213 1160 1276 copiam
1202 1226 1376 1264 autem
1426 1211 1663 1264 declarat
1705 1213 1922 1264 satietas

373 1297 585 1345 rerum,
619 1293 778 1352 atque
815 1282 1157 1352 abundantia.
1214 1283 1344 1346 Quis
1367 1281 1838 1352 igizurtsiquidem
1867 1290 1923 1334 ιιι

372 1353 596 1421 quisque
639 1350 796 1421 quod
827 1351 1036 1419 plurimi
1081 1351 1150 1404 sit
1193 1352 1495 1418 possideat,
1529 1350 1599 1403 ita
1627 1351 1922 1421 ditissimus

371 1423 443 1474 sit
492 1419 806 1491 habendus)
853 1421 1058 1474 dubitet
1104 1422 1353 1490 quoniam
1383 1422 1434 1474 in
1482 1423 1673 1491 virtute
1718 1420 1918 1474 divitiae

371 1493 503 1553 sint.
535 1492 781 1558 quoniam
810 1494 949 1545 nulla
997 1493 1286 1555 possessio,
1328 1491 1469 1545 nulla
1500 1490 1580 1544 vis
1609 1491 1723 1547 auri
1753 1500 1807 1546 et
1832 1505 1924 1545 ar-

373 1563 519 1632 genti
553 1562 717 1624 pluris
741 1578 895 1629 quam
931 1562 1092 1614 virtus
1119 1561 1430 1632 aestimanda
1452 1570 1554 1614 est.

442 1632 488 1686 0
516 1634 586 1686 dii
611 1634 955 1695 immortales,
981 1647 1084 1683 non
1128 1631 1427 1700 intelligunt
1474 1630 1718 1684 homines
1765 1643 1922 1698 quam

375 1718 625 1771 magnum
653 1702 872 1772 vectigal
904 1705 973 1754 sit
1002 1700 1505 1772 parcimoniallltcr
1537 1700 1692 1765 igitur
1716 1711 1803 1772 est
1837 1701 1922 1755 dio

374 1772 500 1841 tior,
533 1773 618 1826 cui
640 1771 812 1838 deest,
837 1788 904 1826 an
925 1772 1010 1825 cui
1038 1781 1273 1839 superat,
1297 1771 1387 1838 qui
1409 1779 1532 1840 eget
1552 1786 1617 1823 an
1639 1771 1728 1839 qui
1757 1771 1926 1841 abun-

371 1839 494 1921 dat,
513 1843 597 1896 cui
628 1842 894 1921 posseado
939 1857 1046 1921 quo
1094 1841 1263 1921 major
1288 1850 1381 1921 est
1403 1879 1421 1904 ,
1451 1839 1533 1894 eo
1564 1843 1679 1921 plus
1706 1839 1926 1921 requirit
1960 1864 2003 1921 Β

371 1913 438 1965 ad
465 1929 524 1967 se
546 1912 819 1974 tuendam,
853 1929 918 1965 an
948 1912 1034 1978 qui
1060 1913 1171 1965 suis
1202 1910 1401 1965 viribus
1425 1924 1486 1964 se
1514 1910 1778 1966 sustinet?
1812 1912 1925 1965 Non

371 1983 722 2037 mstimatione
746 1997 938 2036 census
963 2026 972 2042 ,
1003 1996 1187 2036 verum
1216 1983 1354 2036 victu
1382 1988 1544 2044 atque
1567 1981 1712 2034 cultu
1741 1980 1929 2035 termi-

373 2062 532 2106 natur
563 2053 799 2121 pecunia:
830 2054 1035 2105 nitidus.
1093 2051 1207 2104 Non
1235 2066 1357 2105 es~ie
1381 2052 1632 2116 cupidum
1665 2051 1925 2117 pecuniae,

374 2139 482 2176 non
521 2138 641 2177 csse
686 2131 923 2177 tenacem
971 2121 1278 2186 vectigalis,
1325 2132 1636 2174 contentum
1666 2136 1791 2173 veru
1821 2122 1932 2175 suis

370 2206 493 2247 esse
538 2193 734 2254 rebus,
791 2195 1038 2246 maxima:
1083 2205 1205 2243 sunt
1254 2191 1672 2258 certissima‘qne
1713 2191 1927 2246 divitiae.

373 2261 582 2316 Etenim
607 2265 649 2316 si
669 2262 753 2316 isti
778 2262 955 2315 callidi
983 2276 1157 2315 rerum
1173 2264 1527 2315 aestimatores
1543 2272 1690 2326 prata
1714 2269 1935 2315 etareas

371 2334 629 2399 quasdam
659 2331 831 2402 magni
863 2334 1150 2402 aestimant,
1184 2331 1320 2397 quod
1351 2331 1398 2383 ei
1427 2328 1610 2398 generi
1641 2332 1936 2402 possessio-

373 2418 498 2456 num
545 2400 768 2456 tninime
810 2401 957 2470 quasi
1012 2404 1190 2456 noceri
1236 2403 1432 2468 possit,
1483 2412 1750 2468 quamth
1793 2400 1934 2454 :csti-

372 2473 558 2525 rnanda
591 2473 779 2537 virtus,
806 2487 924 2539 qua:
955 2487 1052 2524 nec
1077 2470 1208 2539 eripi
1251 2485 1347 2524 nec
1377 2471 1570 2537 surripi
1599 2479 1791 2536 potest,
1837 2486 1932 2524 nc-

370 2557 476 2610 que
506 2545 777 2612 naufragio
805 2557 976 2610 neque
1008 2541 1258 2596 incendio
1287 2540 1566 2612 amittitur,
1602 2555 1698 2591 nec
1736 2552 1936 2608 tempe-

368 2621 564 2666 statum
602 2611 712 2668 nec
747 2623 1040 2680 temporum
1091 2611 1487 2679 perturbatione
1532 2619 1782 2680 mutatur,
1834 2625 1934 2680 qua

372 2681 583 2752 praediti
613 2683 702 2748 qui
732 2679 876 2743 sunt,
922 2681 1019 2734 soli
1048 2692 1171 2735 sunt
1211 2680 1436 2741 divites,
1464 2680 1562 2733 soli
1592 2679 1732 2752 enim
1768 2679 1937 2752 possit-

370 2749 502 2805 ilcut
529 2768 616 2807 res
647 2764 696 2805 ct
726 2751 1025 2805 fructuosas
1051 2761 1106 2807 et
1132 2753 1488 2814 sempiternas
1511 2788 1528 2812 ,
1557 2749 1762 2816 solique
1792 2749 1934 2820 quod

369 2831 456 2875 est
485 2822 756 2889 proprium
802 2822 1126 2883 divitiarum,
1175 2820 1412 2874 contenti
1443 2829 1568 2872 sunt
1594 2824 1754 2872 rebus
1779 2820 1930 2884 suis;

371 2892 504 2946 satis
529 2905 650 2946 esse
680 2900 866 2957 putant
894 2892 1032 2961 quod
1063 2902 1144 2945 est
1174 2930 1189 2956 ,
1239 2891 1366 2944 nihil
1396 2899 1670 2961 appetunt,
1704 2891 1846 2943 nulla
1879 2907 1936 2944 re

368 2973 568 3027 egent,
611 2962 741 3016 nihil
787 2961 889 3014 sibi
915 2960 1115 3017 deesse
1159 2961 1436 3025 sentiunt,
1484 2960 1613 3012 nihil
1639 2963 1934 3028 requirunt.

367 3029 602 3101 lmprobi
628 3042 805 3101 autem
836 3042 887 3086 ct
912 3032 1056 3086 avari
1085 3033 1335 3101 quoniam
1368 3032 1596 3084 incertas
1625 3038 1783 3098 atque
1810 3045 1937 3084 casu

370 3097 572 3169 positas
615 3097 979 3169 possessiones
1032 3097 1248 3165 habent,
1307 3109 1361 3155 et
1411 3101 1530 3168 plus
1575 3097 1788 3168 semper
1837 3114 1933 3167 ap-

368 3179 578 3242 petunt,
612 3187 708 3226 nec
732 3187 918 3226 eorum
947 3174 1227 3238 quisquam
1250 3173 1425 3242 adhuc
1446 3170 1688 3242 inventus
1719 3182 1827 3242 est,
1843 3171 1934 3242 cui

369 3239 512 3309 quod
537 3240 697 3297 habet
721 3243 855 3295 satis
878 3250 989 3305 est;
1036 3257 1142 3294 non
1171 3239 1333 3294 modo
1354 3256 1458 3293 non
1482 3239 1680 3304 capitisi
1711 3255 1774 3293 ac
1801 3241 1939 3293 divi-

370 3321 452 3365 tes
476 3351 492 3372 .
541 3312 632 3366 sed
662 3312 820 3366 etiam
853 3312 1042 3375 inopes
1070 3326 1134 3364 ac
1162 3325 1424 3378 pauperes
1455 3309 1753 3362 aestimandi
1794 3320 1939 3366 sunt.

369 3381 440 3436 Et
469 3382 586 3436 hzec
614 3383 680 3434 de
711 3380 1002 3437 Paradoxis
1025 3419 1042 3444 .
1087 3383 1328 3450 sequitur
1356 3395 1497 3435 nunc
1541 3379 1611 3434 de
1631 3379 1942 3448 questioni-

370 3451 471 3506 bus
498 3451 832 3507 Tusculanis.

441 3602 526 3660 Ea:
549 3604 715 3678 primo
736 3604 868 3660 libro
893 3603 1301 3678 Tusculanarum
1326 3602 1663 3677 quastionnm
1694 3601 1772 3658 Π.
1800 3601 1868 3658 Τ.

1013 3675 1291 3730 Ciceronis.

442 3808 627 3866 Facile
666 3817 752 3872 est
795 3807 1012 3865 vincere
1055 3824 1161 3863 non
1203 3814 1582 3876 repugnantes.
1639 3805 1813 3860 Bonos
1843 3806 1940 3861 alit

338 3920 342 3923 -
369 3889 534 3944 artes,
582 3894 876 3946 omnesque
905 3879 1240 3935 incendimur
1260 3876 1326 3930 ad
1346 3875 1525 3931 istudia
1549 3875 1716 3946 gloria
1741 3876 1936 3946 laudis,

367 3949 652 4021 iacentque
681 3965 744 4004 ca
771 3945 987 4018 semper
1013 3964 1130 4014 quae
1155 3948 1296 4021 apud
1327 3962 1459 4021 quos
1493 3945 1881 4021 improbantur.

368 4016 692 4146 iiuﬂulninil
735 4031 819 4076 est
865 4016 1310 4091 intemperantis,
1354 4016 1622 4072 abutentis
1660 4026 1715 4072 ut
1753 4017 1862 4072 otio
1885 4026 1940 4073 et

456 4105 583 4146 crta.

415 4092 583 4146 tteria.

443 4160 777 4217 Moriendum
805 4171 890 4217 est
917 4159 1186 4215 omnibus.
1236 4157 1367 4226 Quae
1396 4157 1539 4210 enim
1561 4155 1717 4210 nobis
1747 4155 1800 4210 in
1832 4155 1934 4210 vita

371 4239 551 4300 potest
576 4246 697 4287 esse
725 4232 1027 4301 iucunditas
1051 4272 1066 4294 ,
1108 4244 1228 4301 cum
1256 4229 1372 4301 dies
1402 4239 1453 4301 et
1477 4237 1662 4301 noctes
1689 4227 1934 4301 cogitan-

368 4296 614 4372 dumgslt
652 4296 1025 4372 jamjamessc
1065 4298 1445 4372 moriendum?
1492 4296 1794 4372 Antiquitas
1831 4309 1936 4364 quo

409 4369 602 4443 rapina,
637 4365 822 4427 aberat
859 4371 926 4425 ab
955 4379 1076 4425 ortu
1103 4380 1156 4422 et
1184 4369 1365 4443 divina.
1394 4365 1667 4443 progenie,
1703 4367 1804 4421 hoc
1824 4380 1932 4422 tne-

409 4387 589 4437 roiuus
637 4387 822 4427 ancrat
859 4387 926 4425 an
955 4387 1076 4425 ortu
1103 4387 1156 4422 et
1184 4387 1362 4422 uivina
1394 4387 1576 4436 progei

368 4387 476 4496 iius
496 4456 558 4495 ea
584 4442 810 4496 fortasse
835 4456 956 4511 quae
977 4448 1131 4494 erant
1156 4453 1279 4511 vera
1303 4437 1576 4511 cernebat.

440 4510 591 4565 Nulla
621 4526 752 4580 gens
777 4504 882 4565 tam
922 4509 1032 4564 fera
1059 4549 1075 4575 ,
1121 4509 1280 4580 nemo
1308 4507 1584 4580 hominum
1607 4514 1713 4558 tam
1744 4504 1928 4580 imma-

371 4556 462 4634 ni;
471 4556 970 4649 Γ
977 4556 992 4564 ’
1004 4556 1154 4633 nitu"
1703 4556 1919 4643 opinio.
1954 4556 2003 4615 ι)

368 4644 512 4707 Multi
541 4644 621 4706 de'
645 4652 749 4706 diis
795 4666 953 4719 prava
1001 4651 1258 4705 sentiunt.
1303 4648 1359 4702 Id
1385 4647 1528 4703 enim
1558 4644 1747 4700 vitioso
1770 4660 1922 4719 more

369 4722 510 4784 ellici
533 4722 692 4778 solet.
729 4716 928 4776 Omnes
963 4723 1066 4774 non
1114 4733 1236 4774 esse
1277 4720 1382 4771 vim
1429 4727 1482 4770 et
1511 4725 1751 4768 naturam
1781 4716 1923 4769 divi-

370 4808 494 4847 nam
514 4789 870 4858 arbitrantur;
904 4790 1151 4846 uec'vero
1180 4789 1232 4843 id
1261 4787 1491 4858 colluvie
1517 4785 1792 4858 hominum
1834 4796 1926 4842 aut

367 4861 664 4916 consensus
691 4857 863 4916 ellicit
881 4903 897 4926 ,
927 4877 1031 4914 non
1057 4857 1316 4914 institutis
1336 4857 1516 4926 opinio
1537 4866 1619 4910 est
1639 4857 1925 4910 confirma-

370 4939 574 5002 ta,non
608 4933 832 5002 legibus.
889 4930 1045 4985 Omni
1078 4943 1253 4984 autem
1306 4929 1357 5002 in
1401 4942 1460 4981 re
1503 4939 1771 4980 consensu
1811 4940 1926 4980 om-

368 4999 516 5058 nium
542 5003 774 5071 gentium
804 5001 888 5057 lex
916 5010 1117 5055 natura:
1149 4999 1373 5066 putanda
1405 5004 1506 5052 est.

441 5071 573 5140 Qua
599 5081 683 5127 est
707 5073 899 5127 melior
929 5074 979 5123 in
1005 5071 1276 5123 hominum
1305 5073 1738 5140 generenatura,
1768 5079 1925 5140 quam

367 5135 556 5209 eor-Tun
583 5149 671 5209 qui
700 5157 760 5197 se
787 5155 940 5196 natos
964 5142 1030 5194 ad
1062 5135 1613 5209 ltotuines‘juvandos,
1650 5137 1924 5209 tutandos,

367 5204 1155 5285 conservandosarbitrantur2
1195 5204 1340 5285 Abiit
1380 5209 1445 5258 ad
1491 5204 1924 5285 deosoﬂerculcs,

369 5286 639 5351 nunquam
685 5281 901 5337 abiisset
946 5280 1046 5351 nisi
1072 5320 1087 5346 ,
1136 5293 1259 5334 cunt
1304 5281 1445 5333 inter
1491 5275 1732 5329 homines
1760 5285 1924 5341 esset,

368 5370 486 5426 earn
504 5350 611 5406 'sibi
634 5355 769 5407 viain
799 5350 1131 5426 munivisset.
1439 5415 1451 5426 ⁸
1783 5412 1814 5426 ἐ,

439 5424 608 5479 Nemo
650 5439 878 5491 unquam
920 5421 1038 5474 sine
1083 5433 1273 5489 magna
1316 5430 1411 5485 spe
1439 5415 1846 5470 immortalitatis
1869 5428 1929 5470 se

367 5493 557 5550 oleret
581 5507 674 5560 pro
699 5495 867 5564 patria
892 5493 964 5564 ad
987 5499 1236 5564 mortem.

442 5559 613 5638 Magni
636 5559 927 5638 autemest
952 5559 1177 5630 ingenii,
1210 5571 1461 5638 revocare
1487 5564 1726 5638 tuentem
1753 5570 1782 5608 a
1804 5567 1929 5610 sen-

364 5625 555 5697 sibus:
563 5641 619 5688 et
637 5625 1426 5701 cogitationem'consuetudine
1438 5638 1442 5645 '
1453 5625 1738 5680 abducere.

435 5703 605 5831 Suam
634 5699 859 5773 quisque
887 5701 1028 5756 norit
1046 5710 1237 5767 artem,
1269 5700 1322 5752 in
1356 5699 1454 5750 hac
1477 5709 1534 5749 se
1558 5701 1827 5774 exerceat.

484 5773 684 5831 ibilest
728 5773 909 5831 animo
937 5770 1173 5825 velocius
1197 5809 1214 5831 ,
1248 5768 1391 5824 nulla
1429 5773 1513 5819 est
1535 5765 1780 5818 celeritas
1808 5781 1827 5818 ‹

484 5765 684 5833 ibiles't
728 5765 1173 5844 animovclocius
1197 5765 1391 5832 ,’uu|la
1429 5765 1780 5844 esteem-itas
1808 5776 1928 5844 quas

365 5846 538 5915 possit
592 5861 714 5902 cuin
772 5843 934 5900 animi
985 5841 1264 5897 celeritate
1330 5837 1708 5902 cantendcrcg‘
1734 5837 1847 5905 qui,
1879 5837 1927 5889 si

1961 3208 2010 3269 ο

2031 582 2100 634 ita
2131 581 2352 646 teratur,
2401 591 2460 636 ut
2509 593 2756 650 penetret
2795 592 2850 638 et
2880 583 3080 638 dividat
3105 601 3263 640 omne
3303 590 3498 643 coelum
3526 609 3541 644 :
3571 607 3603 646 a

2024 665 2129 724 quo
2158 651 2385 724 quidem
2403 654 2590 724 animo
2635 654 2964 721 philosophia
2990 695 3003 713 ,
3041 664 3290 724 tanquam
3337 658 3406 711 ab
3434 660 3605 716 oculis

2020 721 2307 793 caliginem
2337 721 2593 788 dispulit,
2641 733 2698 776 ut
2721 726 2899 779 omnia
2928 740 3119 792 supera
3141 721 3161 782 ,⁷
3181 725 3369 788 infera,
3409 729 3600 793 prima,

2020 791 2194 844 media
2221 832 2234 854 ,
2262 792 2448 844 ultima
2476 793 2799 848 videremus.
2853 796 3078 848 Prorsus
3117 795 3231 851 hac
3258 791 3441 852 divina
3473 791 3601 855 mihi

2021 861 2227 914 videtur
2260 865 2360 925 vis,
2388 879 2506 929 quae
2538 872 2614 917 tot
2638 878 2724 919 res
2754 864 2974 929 efficiat,
3006 875 3060 917 et
3085 874 3287 920 tantas.

2093 931 2352 1002 Nccvero
2399 934 2536 986 Deus
2583 935 2696 1002 ipse
2740 938 2828 1002 qui
2863 935 3180 999 intelligitur
3209 951 3238 989 a
3271 937 3449 1002 nobis,
3484 940 3589 991 alio

2023 1002 2181 1074 modo
2209 1001 2428 1069 intelligi
2455 1001 2630 1068 potest
2654 1049 2668 1066 ,
2727 1005 2825 1058 nisi
2870 1019 3020 1058 mens
3060 1008 3227 1059 soluta
3259 1001 3503 1074 quadam
3532 1019 3588 1064 et

2025 1071 2191 1125 libera
2219 1075 2593 1140 segregatione
2625 1075 2690 1127 ab
2716 1076 2860 1128 omni
2881 1078 3225 1130 concretione
3253 1071 3490 1132 mortali.

2092 1141 2357 1206 Socrates,
2389 1158 2510 1213 cum
2539 1159 2672 1210 pene
2701 1146 2752 1198 in
2779 1160 2938 1198 manu
2962 1143 3071 1213 jam
3105 1144 3433 1199 mortiferum
3462 1147 3591 1203 illud

2023 1219 2232 1287 teneret
2258 1212 2525 1287 poculum,
2552 1215 2848 1287 locutusita
2877 1212 2988 1279 est,
3022 1223 3080 1268 ut
3121 1231 3224 1268 non
3270 1217 3335 1268 ad
3358 1229 3594 1287 inLortem

2024 1281 2183 1345 trudi,
2217 1296 2400 1334 verum
2427 1283 2477 1335 in
2503 1286 2694 1339 ctelum
2719 1285 2987 1338 videretur
3015 1287 3327 1339 ascendere.
3354 1281 3592 1342 ltisnim

2023 1353 2271 1405 censebat
2295 1391 2310 1412 ,
2341 1353 2518 1417 itaque
2542 1356 2788 1408 disseruit
2816 1357 2947 1408 duas
2969 1369 3086 1406 esse
3109 1358 3222 1409 vias
3245 1357 3590 1422 duplicesque

2023 1435 2211 1475 crtrsus
2255 1422 2551 1493 animarum
2605 1439 2832 1490 corpore
2875 1424 3271 1480 excedentium.
3326 1424 3459 1478 Nam
3500 1427 3593 1493 qui

2023 1506 2081 1543 se
2109 1491 2351 1543 humanis
2377 1493 2520 1544 vitiis
2548 1494 3041 1556 contaminassent,
3073 1503 3126 1548 et
3155 1509 3214 1549 se
3243 1504 3382 1548 totos
3409 1491 3589 1550 libidi-

2026 1560 2182 1614 nibus
2225 1561 2491 1614 dedissent
2517 1600 2533 1628 ,
2566 1565 2758 1632 quibus
2787 1565 2969 1616 caecati
3001 1563 3082 1618 vel
3108 1563 3418 1619 domesticis
3448 1567 3586 1622 vitiis

2024 1641 2184 1698 atque
2232 1631 2444 1701 llagitiis
2485 1648 2544 1687 se
2587 1631 3041 1701 impiinavissent,
3110 1634 3192 1688 vel
3239 1635 3290 1688 in
3322 1637 3594 1700 republica

2029 1700 2273 1753 violanda
2307 1702 2519 1756 fraudes
2569 1700 2918 1771 ittespiabiles
2964 1707 3370 1771 concepissent,
3404 1705 3469 1760 iis
3499 1707 3596 1760 tle-

2027 1771 2168 1822 vium
2193 1772 2459 1837 quoddam
2493 1773 2589 1826 iter
2611 1787 2732 1829 esse
2753 1775 3016 1828 seclusum
3053 1789 3082 1826 a
3105 1777 3330 1829 concilio
3349 1775 3593 1832 deorum.

2028 1841 2128 1915 Qui
2158 1851 2347 1915 autem
2397 1857 2457 1915 se
2482 1843 2720 1915 integros
2746 1853 3026 1912 castosque
3049 1845 3436 1911 servavissent,
3465 1849 3592 1915 qui-

2033 1913 2130 1963 bus
2155 1911 2338 1983 iuisset
2369 1911 2743 1967 minimacum
2792 1915 3108 1980 corporibus
3137 1916 3408 1983 contagio,
3448 1911 3595 1969 sese-

2033 1995 2133 2052 que
2154 1983 2219 2032 ab
2252 1981 2334 2034 his
2355 1996 2570 2050 semper
2601 1993 2967 2048 revocassent,
3001 1991 3290 2052 essentque
3310 1981 3371 2036 in
3402 2000 3593 2048 corpo‘

2021 2049 2180 2105 Tibus
2223 2049 2665 2106 humauis’vitam
2723 2052 2912 2106 imitati
2958 2049 3220 2118 deorum,
3273 2053 3354 2107 bis
3379 2055 3446 2107 ad
3477 2056 3601 2110 illos

2033 2137 2062 2173 a
2091 2120 2282 2244 quibus
2313 2134 2489 2175 essent
2523 2126 2769 2190 protecti,
2796 2123 3024 2176 reditum
3057 2124 3210 2178 facile
3243 2133 3450 2191 patere.

2087 2241 2097 2244 -
2127 2190 2233 2243 ‘ato
2258 2202 2432 2244 autem
2473 2193 2551 2244 sic
2589 2193 2720 2244 abiit
2765 2209 2796 2244 e
2836 2198 2937 2244 vita
2958 2235 2974 2244 .
3007 2201 3064 2244 ut
3092 2207 3305 2244 causam
3336 2209 3450 2244 mor

2085 2190 2233 2257 ,ϐειιο
2258 2202 2432 2245 autem
2473 2193 2551 2247 sic
2589 2193 2720 2246 abiit
2765 2209 2796 2247 e
2836 2198 2937 2246 vita
2958 2235 2974 2259 ,
3007 2201 3064 2246 ut
3092 2190 3305 2246 causam
3336 2191 3598 2247 moriendi

2036 2270 2245 2313 nactum
2273 2275 2330 2314 se
2357 2277 2474 2316 esse
2499 2262 2771 2329 gauderet.
2826 2259 2955 2315 Tota
2984 2265 3124 2317 enim
3159 2262 3592 2328 pltilosOplmrutn

2033 2332 2138 2382 vita
2169 2335 2547 2385 commentatio
2576 2333 2761 2388 mortis
2783 2343 2886 2388 est.
2915 2332 3042 2386 Nam
3064 2333 3190 2401 quid
3219 2334 3360 2386 aliud
3389 2335 3602 2399 agimus

2033 2415 2151 2454 cum
2177 2415 2205 2453 a
2238 2401 2527 2467 voluptate,
2555 2402 2603 2454 id
2626 2412 2707 2456 est
2727 2418 2754 2454 τι
2773 2418 3019 2471 corpore,
3041 2419 3160 2457 cum
3189 2418 3218 2456 a
3246 2419 3302 2458 re
3323 2404 3596 2468 familiari,

2033 2486 2150 2537 quzc
2181 2481 2262 2522 est
2291 2471 2529 2541 ministra
2561 2483 2616 2526 et.
2653 2472 2848 2527 famula
2877 2474 3141 2541 corporis,
3172 2488 3289 2529 cum
3318 2490 3346 2525 a
3380 2475 3593 2539 repub.,

2034 2555 2153 2593 cum
2168 2555 2192 2589 a
2212 2540 2422 2607 negotio
2435 2545 2577 2595 omni
2597 2558 2907 2598 revocamus
2919 2540 3178 2606 animum,
3193 2543 3339 2610 quid,
3358 2545 3596 2610 inquam,

2037 2621 2146 2663 tum
2176 2611 2382 2677 agimus
2402 2652 2419 2675 ,
2465 2613 2566 2665 nisi
2614 2614 2850 2666 animum
2896 2615 2960 2666 ad
2991 2613 3226 2681 seipsum
3253 2617 3597 2678 advocemus,

2035 2694 2219 2734 secum
2253 2694 2371 2733 csse
2391 2681 2633 2749 cogimus
2655 2725 2668 2743 ,
2694 2685 3033 2751 maximeque
3064 2700 3092 2735 a
3125 2697 3349 2751 corpore
3388 2683 3599 2736 seduci—

2036 2751 2190 2802 mus?
2214 2765 2498 2806 secernere
2524 2761 2700 2808 autem
2725 2769 2752 2804 a
2777 2767 3002 2816 corpore
3023 2753 3283 2816 animum,
3318 2767 3416 2806 nec
3445 2754 3600 2820 quid-

2035 2835 2190 2887 quam
2221 2831 2305 2873 est
2335 2819 2495 2882 aliud,
2531 2823 2629 2875 nisi
2655 2824 2818 2876 emori
2845 2823 3069 2876 discere.
3116 2823 3293 2889 Quare
3318 2823 3419 2876 hoc
3447 2819 3598 2877 com-

2036 2903 2335 2944 metuentur
2356 2931 2370 2952 ,
2408 2891 2534 2945 mihi
2565 2895 2758 2957 crede,
2789 2893 3394 2962 disiungamusquenos
3423 2908 3451 2944 a
3481 2908 3604 2946 cor-

2039 2962 2251 3025 poribus
2278 3001 2291 3021 .
2343 2962 2393 3014 id
2423 2972 2504 3014 est
2530 3002 2547 3024 ,
2593 2961 3005 3016 consuescamus
3046 2964 3197 3015 mori.
3251 2961 3360 3016 Hoc
3381 2973 3436 3015 et
3465 2965 3590 3016 dum

2035 3033 2236 3085 erimus
2281 3032 2331 3084 iu
2383 3035 2583 3093 terris,
2633 3035 2736 3086 erit
2785 3033 2861 3086 illi
2887 3035 3090 3087 crnlesti
3124 3035 3244 3085 vita:
3269 3033 3484 3097 simile,
3536 3042 3593 3087 et

2036 3115 2157 3152 cum
2191 3100 2313 3153 illuc
2339 3116 2403 3155 ex
2433 3101 2514 3155 his
2549 3101 2768 3156 vinculis
2794 3104 2974 3157 emissi
3002 3103 3253 3167 ferentur,
3282 3105 3454 3155 minus
3491 3115 3602 3155 tar-

2039 3169 2253 3239 dabitur
2281 3185 2467 3224 cursus
2494 3174 2815 3226 anitnnrum.
2845 3173 2959 3237 Quo
2984 3188 3104 3226 cum
3134 3173 3457 3239 venerimus,
3491 3181 3601 3227 tum

2044 3238 2272 3312 denique
2302 3241 2563 3294 vivemus.
2629 3242 2759 3296 Nam
2793 3243 2904 3296 hmc
2939 3242 3155 3312 quidem
3188 3245 3293 3297 vita
3322 3257 3466 3298 mors
3495 3254 3601 3311 est,

2043 3324 2201 3381 quam
2231 3311 2502 3381 lamentari
2536 3327 2739 3378 posses,
2770 3313 2813 3366 si
2839 3311 3050 3367 liberet.

2113 3381 2287 3451 Tanta
2307 3380 2535 3434 charitas
2579 3397 2657 3435 est
2705 3384 2886 3451 patria:
2912 3424 2925 3445 ,
2957 3393 3011 3436 ut
3039 3397 3157 3437 eam
3183 3397 3289 3436 non
3312 3396 3472 3437 sensu
3503 3399 3597 3436 no-

2043 3460 2175 3513 stro,
2201 3450 2293 3503 sed
2321 3452 2491 3502 saluto
2539 3450 3030 3517 ipsius’metiamur.
3071 3453 3251 3521 Itaque
3284 3468 3387 3505 non
3416 3454 3590 3506 deter-

2043 3521 2435 3590 rctsapientctn
2485 3537 2657 3585 mors,
2719 3537 2835 3590 qum
2901 3531 3114 3589 prapter
3164 3525 3393 3575 incertos
3438 3537 3595 3578 casus

2040 3589 2276 3656 quotidte
2329 3589 2599 3653 imminet,
2651 3600 2704 3645 et
2732 3589 2945 3660 propter
2977 3593 3291 3646 brevitatem
3315 3593 3433 3644 vita:
3458 3609 3594 3646 nuu-

2040 3674 2199 3727 quam
2225 3668 2396 3722 potest
2424 3661 2579 3727 longe
2616 3661 2804 3715 abesse
2830 3701 2842 3719 .
2876 3663 3156 3728 quominus
3187 3667 3237 3713 in
3271 3678 3427 3714 omne
3458 3675 3595 3714 tem-

2039 3743 2138 3800 pus
2165 3729 2386 3794 reipubl.
2419 3733 2637 3800 suisque
2666 3733 2928 3796 consulat,
2951 3741 3004 3786 et
3031 3734 3392 3799 pasteritateut
3423 3732 3594 3800 ipsum

2037 3799 2190 3866 cujus
2232 3813 2447 3853 sensum
2487 3799 2764 3856 habiturus
2810 3817 2916 3855 non
2958 3801 3047 3868 sit,
3079 3803 3145 3855 ad
3176 3816 3234 3857 se
3259 3812 3400 3870 putet
3431 3799 3596 3871 perti-

2037 3883 2188 3923 nere.

2108 3938 2302 3992 Natura
2343 3939 2420 3993 sic
2457 3952 2516 3995 se
2563 3939 2761 4007 habet,
2811 3949 2868 3994 ut
2914 3941 3183 4008 quomodo
3205 3941 3412 3996 initium
3440 3941 3597 3996 nobis

2037 4012 2274 4065 omnium
2303 4024 2481 4064 rerum
2510 4021 2658 4064 ortus
2683 4023 2864 4064 noster
2882 4012 3056 4074 alfert,
3073 4014 3160 4066 sic
3181 4015 3384 4066 exitum
3413 4028 3556 4066 mors
3581 4030 3596 4078 ;

2036 4095 2156 4148 quae
2201 4090 2258 4133 ut
2305 4080 2436 4134 nihil
2479 4081 2732 4148 pertinuit
2764 4083 2832 4134 ad
2863 4097 2960 4136 nos
2985 4091 3109 4136 ante
3135 4095 3335 4151 ortum,
3363 4085 3443 4136 sic
3465 4085 3597 4137 nihil

2038 4161 2155 4220 post
2182 4160 2406 4204 mortem
2430 4152 2494 4204 ad
2524 4166 2620 4204 nos
2646 4152 2954 4219 pertinebit.
3083 4219 3087 4220 ν
3378 4209 3380 4211 ,

2110 4222 2238 4287 Quae
2267 4235 2396 4292 vero
2416 4229 2547 4276 retas
2569 4220 2726 4287 longa
2753 4230 2855 4284 est,
2884 4230 2975 4276 aut
3005 4219 3130 4292 quid
3152 4221 3374 4277 omnino
3396 4221 3597 4277 homini

2037 4291 2286 4360 longum?
2335 4290 2525 4345 Nonne
2572 4292 2730 4345 modo
2777 4307 2989 4359 pueros,
3024 4290 3202 4347 'modo
3229 4294 3598 4348 adolescentes

2035 4362 2088 4416 in
2111 4377 2268 4416 cursu
2297 4376 2327 4415 a
2359 4371 2508 4432 tergo
2539 4362 2856 4430 insequens,
2887 4377 2984 4418 nec
3011 4365 3322 4432 opinantes,
3346 4374 3591 4418 assecuta

2034 4442 2118 4486 est
2139 4431 2423 4485 senectus?
2464 4432 2570 4486 Sed
2614 4433 2739 4499 quia
2786 4433 2914 4487 nihil
2959 4431 3099 4488 ultra
3145 4437 3400 4490 trahemus
3427 4477 3442 4498 ,
3487 4433 3589 4488 hoc

2036 4502 2249 4570 longum
2269 4502 2494 4555 dicimus
2513 4543 2531 4567 ,
2579 4504 2758 4556 omnia
2793 4503 2891 4558 ista
2922 4506 3141 4571 perinde
3171 4514 3228 4559 ut
3254 4508 3445 4572 cuique
3473 4508 3597 4560 data

2026 4581 2170 4637 sunt,
2200 4587 2296 4640 pro
2320 4584 2429 4625 rata
2459 4581 2606 4640 parte
2628 4573 2733 4626 vita
2760 4575 2913 4642 longa
2936 4585 3026 4629 aut
3053 4579 3229 4630 brevis
3251 4576 3517 4628 dicuntur.

2097 4666 2154 4720 Si
2184 4663 2540 4746 exspectando
2565 4674 2637 4745 et
2663 4665 3016 4746 desiderando
3045 4666 3338 4746 pendemus
3393 4665 3587 4719 animis

2025 4744 2083 4790 ct
2109 4737 2408 4789 cruciamur
2426 4744 2479 4788 et
2500 4735 2764 4805 angimur,
2795 4739 2926 4801 proh
2951 4737 3020 4788 dii
3039 4735 3401 4798 immortales,
3427 4750 3588 4803 quam

2026 4805 2330 4872 Optabiliter
2374 4806 2501 4859 illud
2559 4807 2661 4858 iter
2715 4805 3000 4858 ineundum
3052 4820 3174 4860 esse
3221 4805 3384 4857 debet
3415 4847 3432 4870 ,
3488 4819 3600 4872 quo

2027 4876 2271 4931 conlecto
2315 4877 2459 4930 nulla
2515 4875 2716 4944 reliqua
2757 4890 2885 4929 cura
2915 4914 2932 4942 ,
2989 4876 3130 4929 nulla
3173 4875 3476 4929 sollicitudo
3529 4875 3602 4928 sit

2028 4947 2236 5003 futura!

2097 5036 2212 5090 Non
2253 5034 2625 5090 miserabiliter
2672 5035 2754 5089 vir
2779 5035 2954 5090 clarus
2998 5036 3274 5090 emoritur.
3322 5032 3432 5088 Nec
3456 5031 3602 5086 enim

2031 5121 2260 5173 unquam
2288 5115 2427 5158 nouo
2448 5109 2731 5172 quidquam
2756 5107 2880 5159 mali
2902 5111 3118 5160 evenire
3140 5115 3333 5174 potest,
3358 5118 3457 5158 nec
3480 5104 3608 5158 vivo

2029 5192 2128 5230 nec
2157 5185 2388 5246 mortuo,
2430 5189 2527 5228 nec
2567 5190 2795 5243 unquam
2825 5175 2941 5243 ejus
2991 5191 3126 5229 resa
3171 5176 3274 5229 diis
3319 5179 3600 5246 immortaf

2027 5248 2163 5300 libus
2196 5243 2563 5312 'ncgligentur.
2609 5246 2716 5298 Nos
2770 5253 2947 5298 autem
3002 5255 3299 5313 teneamus,
3353 5255 3409 5298 ut
3464 5243 3598 5299 nihil

2028 5329 2343 5371 censeamus
2386 5329 2507 5370 esse
2535 5317 2753 5376 malum.
2811 5315 2948 5383 quod
2981 5315 3047 5367 sit
3097 5330 3125 5366 a
3176 5328 3361 5368 natura
3407 5316 3590 5367 datum

2027 5388 2273 5440 omnibus
2323 5387 2784 5454 intelligamusque
2826 5385 2873 5439 si
2917 5399 3064 5439 mors
3113 5386 3309 5438 malum
3357 5386 3447 5452 sit,
3475 5397 3597 5439 esse

2029 5459 2227 5511 malum
2258 5455 2660 5524 sempiternum.
2713 5454 2842 5508 Nam
2888 5456 3011 5508 vita:
3041 5455 3248 5508 misera:
3275 5467 3421 5509 mors
3475 5455 3596 5508 linis

2029 5543 2148 5582 esse
2178 5525 2406 5580 videtur.
2438 5525 2579 5581 Mors
2626 5526 2673 5580 si
2704 5537 2786 5580 est
2815 5524 3034 5592 misera,
3086 5524 3208 5583 ﬁnis
3250 5524 3430 5580 nullus
3471 5537 3594 5579 esse

2065 5606 2223 5652 οιοει.

2029 5613 2415 5735 positionum
2443 5679 2633 5720 sensus
2661 5665 2877 5732 abierit,
2926 5673 3104 5720 tamen
3131 5665 3356 5719 summis
3385 5673 3438 5718 et
3459 5675 3592 5735 pro-

2031 5736 2159 5807 priis
2190 5733 2344 5791 bonis
2387 5736 2556 5790 laudis
2585 5745 2639 5788 ct
2661 5736 2865 5806 gloria,
2908 5736 3150 5806 quamvis
3191 5750 3300 5794 non
3335 5733 3598 5796 sentiant,

2031 5818 2222 5865 mortui
2253 5821 2360 5864 non
2388 5808 2661 5863 carebunt.
