4162 6212
565 386 707 444 i083

1094 385 1297 444 BENE
1338 386 1784 469 VENERABILIS
1821 387 1970 445 OPP.
2011 386 2121 444 PAI

2225 386 2267 442 ι.
2298 386 2488 447 secr.
2532 387 2693 445 u.—
2727 350 2932 446 num
2969 386 3058 446 er
3096 387 3369 462 srunta.

3654 389 3783 448 1084

629 498 746 553 Non
764 498 905 554 enim
946 505 1051 552 tam
1090 501 1333 555 cumulus
1384 499 1643 557 bonorum
1685 498 1956 571 iucundus
2010 514 2134 559 esse
2164 501 2213 561 Α
2239 497 2340 554 Viri
2371 500 2618 555 volumus
2667 512 2809 567 csso,
2840 499 3093 571 quoniam
3148 514 3179 554 ι
3205 500 3341 562 viris
3384 498 3551 567 virtus
3602 516 3815 569 nentes.

559 579 761 640 potest,
793 586 948 637 quam
983 574 1202 624 molesta
1248 572 1525 627 discessio.

632 640 883 694 llomines
912 650 1135 695 mortem
1168 642 1247 694 vel
1276 651 1463 706 optare
1489 642 1767 709 incipiam,
1826 641 1906 695 vel
1941 642 2132 697 timere

557 712 836 764 desistant.
853 710 982 764 Nam
1005 714 1048 765 si
1068 727 1305 766 summus
1323 712 1409 765 ille
1429 711 1545 765 dies
1566 729 1669 766 non
1690 713 2129 775 exstinctinnem,

556 782 651 834 sed
682 782 1156 835 commutationem
1189 782 1341 835 alti-rt
1368 782 1495 848 loci,
1522 785 1646 851 quid
1676 783 1963 849 optabilius
1992 783 2016 831 ἲ
2048 786 2131 836 sin

553 861 730 905 autem
758 852 966 920 perimit
985 862 1035 903 et
1069 854 1210 907 delet
1238 853 1476 914 omnino,
1502 855 1625 920 quid
1656 856 1850 907 melius
1882 868 2042 921 quam
2074 856 2126 906 in

556 924 743 975 mediis
782 923 901 975 vitae
952 922 1223 976 laboribus
1251 922 1671 988 obdormiscere,
1723 933 1780 977 et
1821 928 1889 975 ita
1922 938 2133 976 conve-

555 996 733 1046 niente
776 1008 984 1046 sommo
1033 995 1300 1061 consepiri
1350 997 1697 1061 sempiterno.
1742 995 1890 1059 Quod
1942 994 1987 1047 si
2020 994 2131 1059 fiat,

552 1064 742 1117 molior
766 1072 851 1119 est
882 1064 1037 1118 Ennii
1062 1079 1219 1134 quam
1250 1064 1463 1119 Solonis
1491 1067 1687 1121 oratio.
1719 1065 1814 1120 llic
1841 1066 1984 1118 enim
2019 1079 2121 1117 no-

550 1146 665 1187 ΗΕΓ
692 1148 709 1190 ζ

817 1238 897 1276 me
918 1225 1142 1289 lacrymis
1159 1225 1574 1292 deeoret(tnquit)
1589 1239 1681 1278 nec
1703 1226 1872 1278 funera
1896 1228 2042 1291 fletu,

718 1302 743 1336 ιι
792 1326 804 1336 .

718 1302 804 1338 ιιι.

620 1389 691 1442 At
735 1403 864 1444 vero
890 1389 975 1444 ille
1021 1392 1285 1460 sapiens:

641 1481 773 1546 liora
794 1494 903 1531 mea
925 1494 988 1531 ne
1011 1488 1177 1532 careat
1192 1484 1435 1546 lacrxmis,
1462 1482 1733 1546 linquamus
1752 1485 1922 1533 amicis

643 1543 925 1602 Honorem,
949 1554 1001 1593 ut
1021 1546 1280 1594 celebrent.
1304 1543 1478 1593 funera
1503 1543 1611 1594 eum
1638 1546 1848 1607 gemitu.

619 1625 723 1681 Noe
749 1642 877 1681 vero
897 1628 941 1682 si
962 1629 1085 1698 quid
1102 1628 1204 1683 tale
1220 1630 1497 1695 acciderit,
1516 1639 1569 1683 ut
1590 1643 1617 1682 a
1639 1630 1744 1683 Deo
1760 1629 2125 1684 denuntiatum

548 1698 813 1761 videatur,
852 1706 911 1751 ιιι
936 1714 1189 1754 executus
1209 1715 1241 1755 e
1268 1698 1373 1753 vita
1405 1702 1533 1762 laeti,
1573 1708 1628 1752 et
1654 1710 1872 1768 agentes
1925 1701 2126 1767 gratias

547 1782 860 1833 parcamus,
890 1772 1166 1838 emittique
1184 1782 1284 1824 nos
1314 1784 1344 1823 e
1370 1769 1609 1824 custodia
1634 1778 1690 1824 et
1707 1769 1872 1823 levari
1897 1771 2127 1829 vinculis

546 1839 886 1905 arbitremur,
909 1849 964 1893 ιιι
986 1849 1076 1893 aut
1125 1840 1177 1894 in
1218 1852 1472 1893 atternam
1499 1851 1555 1895 et
1609 1841 1767 1907 plane
1796 1842 1846 1893 in
1880 1849 2116 1895 nostram

546 1908 761 1963 domum
815 1911 1183 1981 remigremus.
1228 1919 1320 1964 aut
1370 1911 1515 1965 omni
1553 1924 1713 1965 sensu
1768 1912 2119 1981 molestiaque

545 1994 843 2035 careamus.
871 1979 965 2035 Sin
1005 1990 1183 2035 autem
1214 1980 1342 2034 nihil
1372 1981 1798 2046 denuntiabitur,
1848 1997 1915 2035 eo
1944 1979 2119 2038 tamen

543 2049 712 2119 simus
740 2053 951 2119 animo,
979 2061 1037 2104 ut
1067 2053 1217 2107 illum
1249 2052 1554 2106 horribilem
1596 2051 1743 2106 diem
1797 2052 1916 2107 aliis
1964 2055 2120 2108 nobis
2164 2087 2169 2091 ο

544 2117 777 2193 faustum
811 2117 1077 2193 putemus,
1111 2123 1348 2191 nihilque
1378 2124 1428 2177 in
1458 2124 1614 2177 malis
1644 2124 1923 2187 ducamus,
1975 2124 2115 2193 quod

545 2190 616 2243 sit
644 2190 725 2264 vel
774 2206 804 2245 a
858 2191 960 2246 diis
993 2190 1403 2264 inmortalibus
1457 2195 1600 2248 vela
1654 2202 1844 2248 natura
1899 2190 2122 2264 parente

543 2262 782 2315 omnium
831 2263 1199 2318 constitutum.
1254 2262 1369 2317 Non
1418 2265 1566 2319 enim
1614 2272 1818 2319 temere
1868 2262 1968 2319 nec
2011 2264 2123 2321 for-

545 2331 679 2385 tuito
707 2331 826 2386 facti
856 2344 910 2388 et
935 2334 1098 2388 creati
1127 2348 1332 2388 sumus.
1369 2333 1586 2389 Portum
1619 2334 1798 2398 itaque
1843 2336 1996 2389 nobis
2027 2352 2120 2404 pa-

549 2412 721 2474 ratum
760 2405 1155 2474 etprofugium
1189 2412 1454 2471 putemus,
1486 2420 1594 2473 quo
1620 2407 1821 2459 utinam
1844 2406 1975 2461 velis
2002 2421 2121 2474 pas-

542 2472 619 2547 sis
663 2472 883 2542 pervehl
914 2474 1100 2547 liceat.
1147 2475 1207 2529 Si
1243 2476 1387 2547 enim
1429 2472 1741 2547 reflantibus
1782 2478 1956 2530 ventis
1997 2472 2124 2547 reji-

544 2546 975 2615 ciemur,‘tamen
1005 2544 1193 2601 eodem
1217 2546 1373 2615 paulo
1384 2545 1584 2601 tardius
1607 2544 1904 2600 referamur
1928 2544 2120 2602 neces-

544 2628 604 2667 se
630 2622 732 2670 est.
752 2613 904 2687 Quod
926 2627 1102 2670 autem
1130 2613 1379 2672 omnibus
1403 2629 1624 2673 necesse
1642 2627 1748 2687 est,
1772 2618 1823 2672 id
1854 2632 1923 2674 ne
1954 2623 2122 2674 mise-

544 2699 661 2737 rum
692 2685 781 2740 uni
804 2699 927 2741 esse
958 2696 1149 2756 potest.

612 2759 846 2829 Agamus
874 2772 936 2810 ea
967 2756 1324 2829 potissimum,
1371 2771 1491 2829 qure
1539 2758 1862 2816 levationem
1888 2759 2125 2816 habeant

542 2827 936 2902 mgritudinum,
968 2828 1330 2902 formidinum,
1364 2827 1736 2902 cupiditatum,
1766 2833 1855 2902 qui
1887 2834 1939 2887 in
1968 2833 2114 2886 omni

542 2896 877 2968 philosophia
898 2906 982 2954 est
1010 2899 1215 2956 fructus
1239 2896 1559 2955 uberrimus.

541 3048 626 3108 Ex
652 3051 782 3109 libro
807 3053 1028 3109 secundo
1056 3051 1463 3181 Testiélunarem
1491 3056 1825 3127 qmstionum
1856 3055 1935 3112 Μ.
1971 3057 2117 3114 Tull.

1237 3142 1472 3181 iceronts.

1237 3142 1472 3181 iteratus.

614 3257 840 3315 Difficile
868 3269 951 3316 est
996 3259 1139 3315 enim
1188 3261 1242 3315 in
1294 3258 1632 3330 philoSOphia
1683 3275 1847 3327 pauca
1899 3276 2021 3316 esse

541 3340 688 3395 nota,
743 3333 964 3387 cuinon
993 3332 1101 3385 sint
1139 3342 1236 3386 aut
1293 3331 1545 3400 pleraque
1590 3344 1683 3383 aut
1736 3330 1937 3386 omnin.
1986 3334 2118 3387 Nam

539 3416 642 3457 nec
691 3416 857 3468 pauca
909 3403 1010 3458 nisi
1067 3416 1099 3458 e
1145 3402 1328 3457 multis
1379 3400 1502 3470 eligi
1559 3413 1803 3470 possunt,
1866 3418 1967 3458 nec
2028 3404 2119 3471 qtti

544 3487 710 3541 pauca
742 3473 998 3543 percepit,
1025 3487 1129 3527 non
1154 3472 1292 3527 idem
1327 3474 1527 3544 reliqua
1557 3475 1746 3528 eodem
1776 3476 1954 3530 studio
1982 3490 2118 3544 per-
2170 3522 2177 3531 ,η

535 3552 807 3600 sequetur.

611 3562 862 3685 N'afixliini
905 3612 957 3670 id
986 3613 1129 3682 quod
1160 3614 1313 3668 vitari
1344 3627 1449 3668 non
1498 3621 1673 3685 potest
1718 3614 1926 3682 metuit,
1963 3613 2008 3669 is
2038 3612 2123 3669 vi-

542 3698 669 3756 sere
694 3687 876 3740 animo
916 3688 1099 3756 quieto
1131 3688 1278 3740 nullo
1314 3686 1472 3740 modo
1514 3695 1713 3755 potest.
1738 3686 1861 3756 iScd
1888 3688 1977 3756 qui
2010 3702 2116 3741 non

543 3754 704 3809 tnodo
726 3757 851 3824 quia
882 3754 1105 3812 necesse
1128 3768 1210 3812 est
1241 3756 1403 3822 mori,
1436 3754 1622 3811 verum
1676 3755 1836 3811 etiam
1884 3754 2006 3822 quia
2038 3761 2119 3811 tti-

544 3825 621 3909 ιιιι
652 3826 812 3881 habet
842 3845 989 3882 mors
1026 3827 1181 3909 quod
1206 3831 1284 3909 ,ιιι
1337 3824 1687 3909 horrendum,
1708 3836 1960 3909 _mottem
1987 3843 2115 3909 “non

543 3895 715 3959 timet.
762 3914 1010 3968 magnum
1044 3890 1090 3953 is
1117 3897 1219 3952 sibi
1251 3898 1561 3967 praesidiarii
1608 3896 1675 3950 ad
1707 3898 1919 3953 beatam
1949 3890 2115 3953 vllam

540 3977 835 4032 cutttparat.

612 4037 843 4093 Eﬂectus
867 4038 1188 4107 eloquentia:
1211 4047 1295 4095 est
1319 4038 1648 4094 audientium
1676 4034 2017 4107 approbatio.

615 4106 794 4163 Efllcit
814 4110 917 4166 hoc
944 4106 1304 4179 philosophia,
1346 4108 1573 4177 scilicet,
1606 4106 1851 4164 medetur
1878 4110 2114 4173 animus.

541 4178 731 4234 inanes
759 4178 1432 4243 sollicitudines'detrahit.
1477 4179 1855 4251 cupiditatibus
1899 4180 2115 4251 liberat,

520 4250 692 4320 .pellit
713 4251 955 4321 timores,
987 4253 1154 4321 fortes
1178 4253 1319 4306 enim
1369 4266 1475 4307 non
1523 4251 1680 4321 modo
1711 4249 1923 4305 fortuna
1967 4249 2120 4321 adju-

544 4329 655 4387 vat,
690 4332 745 4375 ut
773 4329 854 4377 est
884 4320 939 4375 in
968 4320 1137 4376 veteri
1169 4320 1475 4391 proverbio,
1502 4320 1597 4375 sed
1629 4322 1799 4375 multo
1829 4321 1997 4390 magis
2028 4320 2110 4376 ra-

542 4393 643 4457 tio,
675 4405 794 4460 qua
835 4391 1151 4461 quibusdam
1172 4390 1342 4464 quasi
1373 4392 1655 4464 praeceptis
1685 4392 1971 4447 confirmat
2010 4390 2119 4447 vita

542 4460 884 4517 fortitudinis.

561 4472 884 4517 ortttudints.

611 4532 745 4588 Nam
773 4542 832 4588 ιιι
848 4547 978 4605 ager
994 4532 1239 4601 quamvis
1268 4531 1461 4590 fertilis
1489 4533 1607 4589 sine
1633 4533 1839 4588 cultura
1869 4534 2110 4589 fructuo-

538 4586 632 4660 sos
659 4586 1138 4674 estatiuiiotsa,
1165 4586 1245 4661 sic
1283 4586 1947 4660 statstat-ai.suaints:
1970 4586 2097 4659 ea.
2138 4586 2191 4646 Β

539 4684 657 4745 tura
686 4684 864 4731 autem
894 4675 1056 4730 animi
1083 4677 1419 4745 philosttphia
1451 4686 1553 4741 est,
1585 4677 1702 4729 hzec
1724 4676 1958 4729 extrahit
1982 4689 2106 4731 vera

539 4744 821 4813 radicitus,
850 4754 908 4801 et
947 4744 1212 4817 prmparat
1254 4750 1465 4801 animos
1494 4747 1557 4799 ad
1601 4755 1715 4817 sata
1744 4747 2106 4814 suscipienda,

539 4831 710 4887 eaque
737 4816 959 4872 mandat
978 4818 1084 4882 his,
1111 4828 1167 4871 et
1192 4825 1250 4871 ut
1274 4817 1347 4873 ita
1376 4820 1574 4884 dicam,
1604 4816 1756 4885 serit,
1783 4833 1900 4887 quae
1926 4818 2107 4875 adulta

542 4887 749 4944 fructus
772 4888 1074 4945 uberrimos
1105 4888 1299 4944 ferant.

613 4957 934 5016 Firmandus
960 4967 1046 5015 est
1072 4962 1285 5013 animus
1314 4957 1379 5011 ad
1414 4956 1654 5011 dolorem
1688 4955 1992 5015 ferendum.

614 5031 743 5089 Sine
792 5032 1071 5101 prudentia
1118 5045 1189 5086 ne
1220 5027 1444 5100 intelligi
1488 5029 1705 5099 quidem
1762 5029 1870 5084 ulla
1918 5032 2109 5097 virtus,

539 5102 734 5157 nedum
762 5116 884 5156 esse
914 5111 1110 5169 potest.

537 5242 562 5298 ι
609 5174 989 5241 Temperantia
1032 5187 1139 5226 non
1170 5170 1312 5229 sinet
1359 5179 1411 5227 te
1440 5169 1727 5243 quidquam
1760 5170 2112 5227 immoderate

561 5258 735 5298 acere.

561 5258 735 5298 acere.

613 5313 954 5369 Consuetudo
976 5312 1119 5367 enim
1148 5311 1409 5377 laborum,
1437 5312 1838 5381 perpessionem
1863 5309 2109 5366 dolorum

541 5381 704 5439 ellieit
729 5383 1044 5440 faciliorem.
1072 5382 1206 5439 Nam
1256 5382 1398 5437 ferre
1447 5386 1708 5445 laborem,
1760 5391 2111 5437 contemnere

545 5455 735 5511 tuluus
778 5454 1111 5509 consuetudo
1138 5454 1317 5508 docet.
1363 5452 1778 5509 Consuetudinis
1807 5453 1949 5507 enim
1992 5467 2110 5506 ma-

544 5540 646 5594 gna
673 5525 751 5578 vis
771 5534 875 5579 est.
904 5527 1003 5591 Qui
1030 5524 1169 5579 bene
1198 5524 1422 5579 instituti
1446 5537 1593 5592 sunt,
1628 5522 1873 5593 accipere
1901 5526 2109 5595 plagam

543 5597 751 5653 malunt
787 5611 945 5666 quam
979 5596 1206 5664 turpiter
1243 5596 1432 5651 vitare.

613 5664 895 5737 Appellata
922 5677 1003 5721 est
1030 5680 1060 5737 a
1095 5668 1209 5737 viro
1241 5666 1446 5737 virtus;
1478 5665 1577 5721 viri
1602 5675 1783 5721 autem
1834 5664 2107 5736 proprium

542 5735 774 5798 maxime
818 5747 900 5793 est
932 5735 1206 5800 fortitudo,
1253 5736 1408 5804 cujus
1453 5751 1674 5792 munera
1718 5745 1843 5792 sunt
1873 5738 2107 5791 maxima

539 5814 669 5875 duo,
708 5809 934 5876 scilicet,
981 5807 1171 5861 mortis
1210 5806 1514 5876 dolorisque
1553 5809 1905 5875 contemptio.
1942 5807 2109 5862 Uten-

544 5874 668 5937 dum
697 5892 781 5937 est
811 5874 967 5950 igitur
995 5878 1061 5933 iis
1101 5878 1144 5932 si
1177 5874 1387 5933 virtutis
1416 5874 1716 5950 coxitpotes,
1742 5874 1823 5933 vel
1854 5879 2030 5949 potius
2058 5876 2107 5933 si

2068 3219 2197 3319 elc

2236 582 2316 624 εει
2349 579 2607 625 mutuata.

2307 639 2447 695 Nihil
2474 641 2633 695 habet
2672 648 2857 716 natura
2890 644 3269 716 pr:cstantius,_
3300 640 3431 716 nihil
3463 642 3599 711 quod
3631 646 3784 716 magis

2235 719 2469 777 expetat,
2500 727 2656 781 quam
2684 714 3045 784 honestatem,
3075 728 3231 783 quam
3258 712 3495 780 laudem,
3535 728 3684 784 quam
3710 712 3787 774 di-

2237 785 2518 851 gnitatem,
2552 797 2710 851 quam
2738 782 2921 835 decus.

2307 850 2414 905 Nos
2443 851 2487 904 si
2512 850 2606 918 pes
2631 852 2923 916 condoluit,
2950 854 2993 904 si
3016 851 3173 920 dens,
3204 853 3299 907 sed
3323 854 3405 909 fac
3434 862 3599 908 totum
3621 855 3789 913 dolere

2234 935 2453 994 corpus,
2490 925 2631 976 ferre
2678 938 2781 975 non
2837 936 3138 989 possumus.
3190 924 3383 991 Opinio
3432 934 3514 977 est
3562 929 3787 994 quantam

2233 992 2539 1064 effeminata
2568 1008 2628 1045 ac
2652 994 2805 1050 levis.
2833 1008 2930 1046 nec
2950 994 3003 1047 in
3029 995 3217 1048 dolore
3243 995 3408 1061 magis
3432 992 3592 1064 quam
3614 996 3797 1053 eadem

2234 1061 2287 1115 in
2320 1063 2608 1129 voluptate.
2640 1064 2753 1118 Hoc
2779 1066 2923 1117 enim
2952 1066 3183 1118 maxime
3210 1065 3260 1118 in
3290 1061 3475 1119 dolore
3505 1075 3587 1118 est
3615 1070 3785 1133 provio

2233 1132 2487 1206 dendnm,
2540 1150 2607 1188 ne
2635 1134 2761 1199 quid
2802 1135 3031 1206 abiecte.
3062 1149 3129 1189 ne
3160 1132 3293 1206 quid,
3328 1134 3530 1198 timide,
3581 1132 3645 1190 ne
3672 1139 3788 1206 quid

2235 1202 2443 1274 ignave,
2474 1220 2541 1258 ne
2568 1206 2693 1272 quid
2737 1205 3012 1258 serviliter
3053 1205 3491 1274 mntiebriterque
3519 1202 3787 1263 faciamus.

2235 1273 2587 1345 lngetniscere
2614 1289 2996 1342 nonnunquam
3030 1278 3147 1331 viro
3171 1288 3488 1330 concessum
3517 1286 3618 1339 est,
3644 1279 3790 1345 idque

2232 1356 2377 1416 raro,
2403 1343 2634 1413 eiulatus
2666 1361 2734 1401 ne
2765 1345 2973 1398 mulieri
2998 1346 3234 1414 quidem.
3264 1346 3372 1401 Nec
3398 1362 3528 1401 vero
3570 1343 3801 1416 unquam

2232 1412 2532 1481 ingetniscit
2556 1417 2638 1470 vir
2667 1416 2818 1470 fortis
2846 1431 2909 1469 ac
2951 1412 3190 1484 sapiens,
3224 1417 3325 1470 nisi
3359 1417 3497 1471 forte
3525 1427 3584 1471 ut
3624 1412 3787 1472 inten-

2232 1484 2322 1537 dat
2350 1500 2408 1538 se
2453 1488 2518 1539 ad
2569 1486 2900 1551 firmitatem,
2949 1498 3002 1540 ut
3034 1487 3088 1540 in
3119 1488 3293 1540 stadio
3321 1502 3573 1541 cursores
3614 1490 3798 1544 esclﬂ

2232 1567 2379 1608 mant
2423 1572 2583 1623 quam
2634 1558 2867 1612 maxime
2914 1567 3155 1625 possunt.
3210 1556 3431 1610 Faciunt
3485 1558 3625 1613 idem
3670 1576 3783 1615 cum

2230 1638 2551 1699 exercentur
2586 1626 2822 1699 athletae.
2858 1628 3069 1699 i’ngiles
3099 1642 3227 1699 vero
3266 1628 3423 1681 etiam
3456 1644 3581 1683 eum
3604 1630 3790 1685 feriunt

2230 1696 2595 1770 adversarium
2625 1699 2702 1770 in
2745 1696 3011 1770 iactandis
3062 1698 3311 1753 caestibus
3339 1740 3355 1762 ,
3415 1699 3785 1770 ingemiscant,

2231 1768 2508 1837 nonAquod
2550 1768 2765 1823 doleant
2790 1768 2971 1822 animo
3011 1782 3079 1823 ne
3115 1772 3485 1835 succumbant,
3535 1768 3630 1824 sed
3671 1776 3783 1837 quia

2231 1835 2594 1911 profundenda
2623 1854 2753 1895 voce
2779 1853 2939 1911 omne
2966 1853 3158 1907 corpus
3204 1840 3520 1904 intenditur,
3554 1835 3791 1911 venitqne

2224 1908 2375 1978 plaga
2422 1911 2805 1964 vehementior.
2855 1910 2987 1963 Cum
3042 1921 3219 1963 autem
3277 1911 3410 1963 nihil
3460 1908 3796 1966 imminuatur

2219 1977 2443 2050 doloris.
2472 1994 2569 2034 cur
2589 1980 2781 2034 frustra
2803 1988 2985 2050 turpes
3010 1993 3130 2035 esse
3156 1978 3442 2035 volumus?
3472 1980 3610 2048 Quid
3638 1983 3791 2037 etiam

2218 2060 2304 2102 est
2334 2049 2458 2104 fletu
2490 2051 2732 2105 muliebri
2765 2053 2881 2105 viro
2898 2049 3156 2118 turpius?

2290 2119 2448 2190 Saepe
2474 2120 2617 2175 enim
2650 2122 2801 2175 multi
2841 2122 3049 2193 quiaut
3079 2127 3297 2191 propter
3324 2121 3569 2176 victoriae
3602 2123 3798 2193 cupidi.

2221 2196 2409 2257 tatem,
2450 2201 2543 2246 aut
2573 2203 2789 2261 propter
2812 2192 3001 2263 gloria:
3026 2206 3286 2255 amorem,
3313 2202 3403 2245 aut
3438 2194 3600 2247 etiam
3630 2192 3686 2249 ut
3709 2197 3792 2262 jus

2220 2275 2377 2333 suum
2430 2272 2485 2322 et
2539 2262 2840 2317 libertatem
2894 2272 3157 2328 tenerent,
3212 2264 3431 2316 vulnera
3478 2268 3800 2333 exceperunt

2221 2330 2456 2399 fortiter,
2484 2343 2536 2387 et
2566 2336 2834 2398 tulerunt;
2881 2334 3045 2389 iidem
3076 2335 3276 2388 omissa
3307 2330 3677 2397 contentione.
3707 2340 3799 2388 do-

2222 2403 2395 2457 lorem
2414 2406 2597 2486 morbi
2627 2405 2771 2486 ferre
2809 2420 2913 2486 non
2962 2418 3203 2486 possunt.
3248 2404 3624 2486 Nequemenim
3652 2406 3793 2460 illum

2221 2490 2381 2542 quem
2412 2473 2569 2530 facile
2599 2476 2849 2542 tulerant,
2878 2473 3088 2530 ratione
3116 2487 3205 2530 aut
3244 2475 3505 2543 sapientia
3551 2478 3795 2541 tulerant,

2219 2544 2315 2600 sed
2343 2546 2520 2601 studio
2549 2548 2723 2613 potius
2751 2554 2806 2600 et
2832 2545 3020 2616 gloria.
3048 2546 3105 2601 Si
3134 2550 3311 2599 omnia
3353 2545 3604 2614 fugienda
3631 2549 3792 2615 torpi-

2224 2616 2424 2671 tudinis
2456 2616 2916 2685 adipiscendaeque
2965 2617 3259 2672 honestatis
3305 2629 3465 2671 causa
3516 2617 3793 2684 faciamus,

2222 2702 2329 2740 non
2363 2689 2523 2740 modo
2551 2688 2796 2741 stimulos
2825 2686 3049 2753 doloris,
3095 2689 3191 2745 sed
3229 2688 3390 2745 etiam
3439 2688 3663 2743 fulmina
3694 2689 3797 2743 for-

2223 2766 2366 2812 tuna:
2394 2766 2819 2813 contemnamus.

2224 2871 2310 2930 Ex
2336 2873 2467 2930 libro
2496 2875 2644 2929 tertio
2691 2872 3099 2929 Tusculanarum
3141 2876 3478 2942 quastione»:
3525 2873 3608 2930 Μ.
3657 2874 3795 2932 Tulf.

2871 2943 3150 3000 Ciceronis.

2295 3041 2432 3097 Suttt
2459 3040 2600 3095 enim
2633 3036 2861 3108 ingeniis
2905 3038 3104 3092 nostris
3151 3036 3354 3108 semina
3406 3037 3589 3093 innata
3632 3041 3803 3095 virtu-

2225 3121 2360 3177 tum,
2404 3124 2525 3180 quae
2563 3110 2606 3163 si
2638 3106 2945 3180 adolescere
2976 3110 3181 3180 liceret,
3213 3106 3324 3172 ipsa
3370 3124 3468 3163 nos
3496 3111 3561 3163 ad
3594 3113 3797 3165 beatam

2228 3183 2391 3235 vitam
2422 3177 2620 3236 natura
2674 3177 3009 3248 perduceret.
3062 3178 3213 3233 Nunc
3239 3187 3418 3234 autem
3458 3182 3619 3235 simul
3646 3192 3798 3247 atque

2230 3253 2358 3308 editi
2390 3253 2441 3306 in
2478 3255 2651 3306 lucem
2692 3259 2746 3305 et
2772 3254 3002 3318 suscepti
3034 3264 3240 3313 sumus,
3276 3251 3327 3303 in
3372 3253 3517 3305 otuni
3548 3254 3799 3306 continuo

2229 3325 2514 3393 pravitate,
2542 3330 2596 3376 et
2633 3322 2686 3374 in
2718 3336 2926 3393 summa
2953 3320 3266 3393 opinionum
3297 3324 3650 3390 perversitate
3680 3337 3798 3377 ver-

2220 3390 2421 3456 samnr,
2465 3403 2517 3447 ut
2550 3407 2684 3461 pene
2715 3406 2835 3446 cum
2869 3392 3006 3445 lacte
3035 3390 3257 3444 nutricis
3298 3407 3534 3449 errorem
3585 3395 3795 3448 suxisse

2224 3464 2533 3525 videamur;
2560 3477 2683 3518 cum
2714 3476 2841 3516 vero
2881 3461 3191 3531 parentibus
3221 3461 3434 3520 redditi.
3465 3464 3663 3516 deinde
3692 3480 3798 3517 ma-

2217 3534 2397 3604 gistris
2428 3533 2605 3589 traditi
2635 3546 2843 3595 sumus,
2878 3530 2989 3584 tum
3030 3530 3101 3584 ita
3145 3532 3624 3604 variismimbuimur
3649 3547 3796 3589 erro-

2220 3601 2388 3670 ribus,
2421 3616 2481 3659 ut
2512 3604 2730 3659 vanitati
2762 3604 2959 3657 veritas
3015 3613 3070 3656 et
3093 3601 3329 3673 opinioni
3351 3606 3682 3658 confirmata:
3706 3620 3792 3659 na-

2222 3683 2336 3731 tura
2369 3676 2481 3744 ipsa
2512 3675 2688 3730 cedat.

2292 3741 2515 3800 Animus
2551 3759 2713 3815 aeger,
2745 3752 2803 3815 ut
2830 3741 2905 3797 ait
2926 3742 3151 3810 Ennius,
3180 3757 3396 3812 semper
3417 3753 3582 3813 errat,
3618 3758 3791 3814 neque

2218 3819 2329 3887 pati
2362 3831 2536 3885 neque
2561 3814 3005 3887 perpetipotest;
3033 3828 3229 3887 cupere
3271 3830 3538 3887 nunquam
3569 3817 3788 3881 desinit.

2219 3884 2459 3956 profecto
2486 3884 2649 3956 animi
2678 3886 2942 3940 medicina
2972 3892 3055 3938 est
3085 3886 3444 3953 philosophia.
3474 3884 3593 3941 Non
3615 3889 3789 3941 autem

2217 3954 2406 4013 omnes
2428 3954 2518 4029 qui
2556 3970 2753 4029 curare
2774 3958 2914 4025 passi
2945 3968 3005 4010 se
3022 3968 3169 4029 sunt,
3199 3957 3453 4029 continuo
3472 3957 3639 4029 etiam
3665 3971 3794 4011 con-

2217 4026 2523 4094 valescunt;
2569 4026 2736 4081 animi
2787 4034 2966 4080 autem
3015 4026 3103 4095 qui
3156 4041 3215 4081 se
3262 4028 3440 4080 sanari
3481 4028 3790 4096 voluerunt,

2217 4100 2607 4169 praeceptisque
2659 4106 2939 4168 parentum
2980 4100 3251 4169 paruerint
3299 4098 3626 4169 sapientum,
3677 4100 3794 4153 sine

2218 4164 2324 4223 ulla
2351 4164 2681 4224 dubitatione
2705 4164 2989 4222 sanantur.
3007 4164 3077 4221 Et
3089 4168 3189 4222 nisi
3219 4180 3439 4221 sanatus
3461 4168 3529 4221 sit
3551 4168 3787 4235 animus,

2217 4241 2359 4307 quod
2383 4243 2500 4293 sine
2531 4237 2863 4309 philosophia
2894 4237 3009 4292 fieri
3036 4252 3142 4292 non
3172 4245 3372 4309 potest,
3395 4237 3514 4292 ﬂuis
3542 4239 3789 4295 miseria-

2216 4324 2338 4364 rum
2370 4313 2544 4365 nullus
2570 4318 2675 4364 est.

2288 4380 2473 4436 Munus
2503 4380 2665 4435 animi
2694 4388 2796 4441 est.
2812 4380 3022 4433 ratione
3040 4376 3176 4433 bene
3198 4378 3272 4432 uti
3293 4394 3308 4445 ;
3330 4388 3385 4434 et
3400 4379 3656 4448 sapientis
3677 4379 3787 4435 ani-

2219 4465 2339 4505 mus
2366 4453 2435 4506 ita
2453 4465 2664 4519 semper
2692 4449 2912 4504 affectus
2933 4460 3037 4514 est,
3059 4459 3115 4502 ιιι
3138 4450 3341 4504 ratione
3364 4452 3567 4517 Optime
3589 4460 3785 4506 utatur.

2291 4521 2552 4577 Videntur
2575 4519 2716 4576 enim
2744 4524 2923 4574 omnia
2952 4520 3227 4589 repentina
3269 4521 3538 4589 graviora.

2286 4591 2681 4648 Prtentcditatio
2746 4590 3045 4645 futurorum
3108 4594 3371 4645 malorum
3430 4591 3560 4646 lenit
3604 4606 3791 4649 eorum

2214 4662 2524 4729 adventum,
2552 4677 2671 4733 qua
2702 4662 2970 4717 venientia
3006 4662 3163 4730 longe
3187 4670 3314 4715 ante
3344 4662 3565 4733 videris.

2283 4736 2653 4804 Anaxagoram
2682 4733 2856 4788 ferunt
2886 4733 3127 4787 nuntiata
3174 4743 3346 4786 morte
3395 4732 3490 4787 filii
3535 4732 3737 4790 dixisse
3766 4750 3786 4789 :

2211 4804 2459 4861 Sciebam
2505 4819 2592 4859 me
2618 4804 2865 4873 genuisse
2912 4804 3218 4857 mortalem.
3249 4804 3381 4870 Quae
3406 4818 3508 4857 vos
3548 4804 3783 4860 declarat

2212 4876 2281 4932 iis
2309 4892 2429 4931 esse
2455 4877 2570 4930 lucc
2597 4875 2809 4939 acerba,
2839 4887 2868 4926 a
2898 4875 3090 4941 quibus
3116 4887 3223 4927 non
3256 4878 3464 4928 fuerant
3500 4878 3761 4941 cogitata.

2286 4948 2426 5017 Ergo
2455 4948 2506 5000 id
2552 4945 2765 5017 quidem
2813 4958 2917 4998 non
2956 4944 3200 5008 dubium,
3263 4948 3388 5017 quin
3436 4946 3617 5017 omnia
3667 4959 3783 5016 qua

2214 5015 2638 5088 mala'putentur
2664 5016 2783 5088 sint
2802 5017 3090 5083 improvisa
3130 5015 3399 5088 graviora.
3432 5015 3653 5088 Multum
3681 5015 3785 5071 ita-

2211 5105 2317 5157 que
2341 5085 2560 5156 possunt
2590 5086 2822 5157 provisio
2849 5088 3011 5157 animi
3035 5094 3092 5139 et
3113 5086 3432 5154 praeparatio
3454 5085 3518 5139 ad
3542 5087 3783 5139 minuen-

2211 5156 2340 5213 dum
2372 5160 2632 5213 dolorem.
2664 5156 2805 5210 Nihil
2853 5156 2997 5209 eniut
3035 5167 3119 5209 est
3167 5156 3311 5225 quod
3368 5166 3477 5209 tam
3527 5157 3784 5211 obtundat

2212 5231 2493 5299 elevetque
2514 5226 2905 5296 aegritudinem,
2937 5236 3377 5299 quatnAperpetua
3421 5228 3474 5280 in
3504 5230 3647 5299 omni
3676 5228 3781 5279 vita

2212 5296 2484 5373 cogitatio,
2512 5299 2641 5353 nihil
2662 5312 2792 5373 esse
2811 5298 2961 5373 quod
3002 5296 3246 5351 accidere
3267 5313 3372 5350 non
3399 5298 3590 5373 possit,
3618 5310 3783 5367 quam

2212 5368 2490 5427 meditatio
2534 5368 2854 5424 conditiOuis
2887 5370 3152 5431 humanm,
3187 5382 3356 5437 quam,
3378 5370 3501 5422 vitae
3524 5369 3604 5421 lex
3628 5382 3779 5421 como

2214 5442 2576 5511 mentatioque
2606 5439 2853 5508 parendi,
2882 5453 3000 5507 quat
3025 5436 3258 5511 non__hoc
3286 5436 3460 5511 alfcrt,
3486 5450 3545 5493 ut
3572 5450 3783 5511 semper

2212 5508 2556 5577 mereamur,
2584 5512 2678 5564 sed
2709 5521 2765 5562 ut
2796 5524 3089 5577 nunquam.
3121 5508 3300 5577 Neque
3328 5510 3471 5563 enim
3495 5510 3583 5576 qui
3607 5521 3779 5560 rerum

2215 5596 2493 5652 naturam,
2536 5582 2619 5649 qui
2656 5580 2778 5634 vita:
2833 5580 3166 5642 varietatem,
3215 5580 3307 5647 qui
3362 5580 3778 5652 imbecillitatem

2210 5655 2421 5726 generis
2466 5650 2685 5726 humani
2729 5654 2950 5717 cogitat,
3004 5660 3194 5726 mteret
3222 5664 3343 5726 cum
3400 5650 3517 5703 hac
3563 5650 3785 5726 cogitat,

2210 5720 2305 5782 Sed
2331 5724 2539 5780 facilius
2584 5723 2708 5785 fert,
2751 5736 2874 5774 cum
2905 5720 3100 5775 accidit
3142 5720 3283 5790 quod
3333 5735 3493 5790 posse
3538 5720 3781 5790 accidere

2209 5799 2299 5852 diu
2326 5796 2679 5867 cogitaverit:
2728 5805 2847 5861 quae
2889 5789 3293 5867 cogitatio’una
3337 5789 3574 5847 maxime
3619 5789 3778 5845 uiole-

2209 5870 2339 5926 stias
2368 5862 2554 5925 oinnes
2580 5873 2827 5922 extenuat
2858 5872 2910 5918 et
2937 5862 3113 5919 diluit.
