4162 6212
397 421 537 480 i085

1055 421 1467 479 ΒΕΝΤΕΝΤΙᾹΞ
1508 423 1947 483 ιιιιιιοεοιιιιις

2063 426 2156 482 EX
2194 425 2530 482 CICERONIS
2568 424 2962 483 (ΣΟιιΕϐτιΕ.

3523 430 3660 490 1088

468 541 602 608 Quid
634 550 714 596 est
740 550 827 595 aut
853 555 1079 610 nequius
1099 552 1189 594 aut
1216 541 1424 608 turpius
1441 542 1745 597 etl‘eminato
1776 544 1923 597 viro?
1988 544 2171 603 A.lnte
2217 542 2400 596 beatos
2430 544 2615 607 el’llcit,
2647 542 2895 611 idemque
2938 541 3237 596 concitatus
3262 553 3317 596 ει
3349 544 3652 603 abstractus

470 614 709 667 Hostium
767 613 1077 679 repentinus
1141 613 1397 666 adventus
1453 614 1620 681 magis
1669 613 1959 679 aliquando

396 686 704 744 conturbat,
728 698 884 747 quam
906 691 1263 747 exspectatus,
1294 692 1343 736 et
1370 688 1531 737 maris
1558 687 1731 738 subita
1761 694 1962 753 tempe-

394 766 529 817 stas,
553 768 712 819 quam
741 759 863 805 ante
895 753 1117 818 praevisa
1148 764 1307 807 terret
1340 756 1646 820 navigantes
1672 756 1960 808 vehemen-

395 827 521 890 tius,
553 834 605 878 et
635 822 895 889 ejusmodi
927 831 1051 875 sunt
1090 822 1359 891 pleraque.
1388 825 1489 878 Sed
1528 840 1649 878 cum
1678 825 1961 894 diligenter

394 911 496 949 nec
524 894 861 964 opinaturum
903 903 1143 946 naturam
1172 895 1500 961 consideres,
1531 895 1658 948 nihil
1699 896 1840 949 aliud
1874 911 1958 950 re-

394 962 697 1036 peries'nisi
727 962 939 1036 quidem
972 965 1149 1017 omnia
1184 966 1359 1036 subita
1392 966 1558 1018 videri
1586 966 1811 1036 maiora.

464 1036 676 1091 Sensim
714 1034 856 1089 enim
885 1042 941 1088 et
977 1034 1298 1101 pedetentim
1345 1044 1399 1089 et
1436 1034 1780 1103 progrediens
1808 1046 1956 1091 eate-

394 1118 523 1162 nuat
566 1108 737 1168 dolor,
789 1118 895 1157 non
948 1119 1057 1172 quo
1086 1104 1196 1174 ipsa
1247 1120 1331 1159 res
1372 1107 1635 1159 immutari
1667 1108 1837 1160 soleat
1864 1117 1957 1160 aut

395 1179 583 1247 possit,
614 1176 710 1231 sed
736 1176 786 1229 id
828 1174 968 1242 quod
998 1178 1136 1228 ratio
1178 1175 1455 1247 debuerat,
1499 1191 1627 1232 usus
1653 1177 1809 1232 docet
1858 1180 1960 1232 mi-

392 1246 521 1303 nora
551 1261 692 1313 esse,
720 1261 837 1311 quae
864 1247 970 1298 sint
991 1247 1099 1297 visa
1134 1246 1353 1313 majora.

462 1316 815 1387 Tolerabilius
867 1314 992 1369 fere!
1044 1315 1461 1387 iucmnmodnm,
1510 1316 1598 1385 qui
1645 1317 1958 1387 cognoverit

391 1388 612 1444 necesse
648 1400 767 1439 esse
795 1385 994 1440 homini
1038 1386 1148 1439 tale
1176 1387 1299 1456 quid
1328 1388 1595 1441 accidere.

463 1459 535 1512 Ea
559 1458 702 1511 enim
735 1456 849 1526 iege
887 1456 994 1509 nati
1024 1472 1229 1519 sumus,
1260 1466 1317 1510 ut
1343 1471 1502 1511 nemo
1544 1459 1595 1510 in
1639 1470 1952 1526 perpetuum

394 1545 516 1585 esse
546 1536 725 1596 posset
758 1542 950 1592 expers
986 1527 1133 1580 mali.
1176 1527 1311 1585 Nam
1356 1528 1596 1583 mortalis
1640 1543 1799 1581 nemo
1848 1536 1932 1581 est

387 1615 549 1671 quem
579 1611 682 1651 non
721 1597 932 1671 attingit
962 1597 1113 1651 dolor
1152 1600 1495 1671 morbosque.

459 1672 589 1724 Acta
619 1679 749 1722 aetas
774 1666 996 1722 honeste
1025 1682 1088 1721 ac
1113 1669 1389 1737 splendide
1418 1677 1615 1721 tantam
1644 1667 1793 1721 atteri
1821 1683 1951 1721 con-

386 1740 708 1794 solationem
740 1747 797 1791 ut
831 1754 925 1793 em
954 1739 1045 1807 qui
1074 1738 1142 1793 ita
1190 1738 1441 1801 vixerint,
1474 1751 1564 1791 aut
1594 1754 1700 1792 non
1729 1741 1955 1808 attingat

384 1811 668 1880 agritudo,
699 1818 791 1862 aut
826 1809 1015 1863 leviter
1056 1818 1253 1878 pungat
1289 1811 1448 1862 animi
1480 1811 1653 1863 dolor.

459 1881 658 1935 Pueros
684 1894 811 1935 vero
838 1889 889 1933 et
918 1890 1116 1934 matres
1144 1891 1197 1935 et
1226 1880 1461 1950 magisn-i
1492 1882 1653 1934 etiam
1689 1878 1953 1950 Castigare

391 1953 592 2013 solent,
639 1964 738 2004 nec
770 1950 946 2005 verbis
969 1953 1164 2016 solum,
1209 1953 1301 2004 sed
1342 1955 1501 2005 etiam
1546 1951 1877 2017 verberibus,
1909 1950 1952 2004 si
1990 1950 2019 1991 ’τ

388 2024 517 2092 quid
544 2027 595 2074 in
636 2022 933 2074 domestico
984 2022 1123 2077 luctu
1169 2021 1388 2076 hilarius
1431 2021 1500 2074 ab
1550 2022 1615 2077 iis
1645 2021 1842 2074 factum
1873 2030 1956 2075 est

378 2104 474 2147 aut
497 2095 715 2156 dictum,
748 2095 955 2158 plorare
985 2102 1202 2162 cogunt.

452 2163 855 2231 TlteOpltrastus
884 2162 1116 2218 moriens
1145 2177 1426 2218 accusasse
1456 2170 1698 2216 naturam
1727 2162 1941 2226 dicitur,

375 2236 520 2303 quod
550 2232 721 2287 cervis
742 2242 797 2287 et
817 2234 1120 2287 cornicibus
1144 2236 1305 2289 vitam
1348 2235 1681 2296 diuturnam,
1724 2249 1949 2302 quorum

378 2306 433 2359 id
460 2306 592 2358 nihil
643 2303 967 2367 interesset;
1012 2304 1319 2359 hominibus
1357 2319 1582 2374 quorum
1612 2307 1844 2358 maxime
1871 2304 1953 2359 in-

378 2376 678 2439 terfuisset,
710 2385 817 2428 tam
846 2375 1091 2444 exiguam
1118 2375 1281 2430 vitam
1327 2376 1585 2429 dedisset.
1642 2376 1878 2441 Quorum
1907 2376 1950 2429 si

372 2457 508 2500 aetas
548 2445 806 2515 potuisset
847 2459 969 2501 esse
1012 2446 1372 2516 longinquior,
1405 2450 1641 2500 futurum
1672 2445 1842 2516 fuisse
1889 2456 1947 2502 ιιι

373 2517 627 2575 omnibus
652 2517 899 2583 perfectis
928 2515 1154 2581 artibus,
1184 2524 1331 2571 omni
1371 2517 1634 2581 doctrina,
1674 2515 1949 2572 hominum

371 2587 485 2641 vita
525 2586 850 2643 erudiretur.
894 2586 1225 2654 Querebatur
1250 2588 1410 2658 igitur
1439 2602 1497 2642 se
1530 2595 1675 2653 tunc,
1704 2603 1828 2642 cum
1861 2590 1949 2642 illa

371 2658 558 2713 videre
583 2658 836 2725 cepisset
862 2658 1150 2729 castiugni.

450 2729 773 2783 Fractarum
808 2726 933 2783 illud
965 2726 1066 2793 est,
1094 2731 1219 2785 etsi
1252 2731 1472 2798 qnmris,
1504 2739 1707 2784 rectum
1734 2745 1947 2799 quoque

369 2807 430 2853 et
459 2812 669 2863 verum,
695 2806 753 2851 ιιι
779 2813 874 2855 eos
902 2801 991 2867 qui
1031 2800 1184 2855 nobis
1205 2800 1504 2855 charissimi
1532 2814 1651 2854 esse
1686 2801 1942 2869 debeant,

375 2884 533 2938 aque
580 2884 646 2924 ac
683 2871 1043 2937 nosmetipsos
1073 2886 1351 2926 amemus:
1400 2882 1452 2922 at
1501 2885 1629 2924 vero
1672 2872 1787 2937 plus
1832 2871 1945 2928 ﬁeri

369 2944 519 2994 nullo
550 2950 705 3008 pacto
733 2948 926 3009 potest.
955 2942 1031 2995 Ne.
1050 2943 1337 3008 optandum
1366 2944 1581 3009 quidem
1611 2952 1693 2995 est
1727 2944 1777 2994 in
1810 2945 1947 2996 auii-

367 3012 495 3065 cttia
526 3020 584 3066 ut
610 3026 696 3066 tne
719 3011 818 3081 ille
847 3013 965 3081 plus
990 3026 1147 3079 quam
1173 3027 1235 3067 se
1256 3022 1419 3077 amet,
1447 3022 1504 3066 et
1530 3027 1629 3081 ego
1660 3012 1803 3066 illum
1828 3014 1947 3080 plus

365 3096 528 3153 quam
575 3096 681 3137 me.
716 3080 1051 3137 Perturbatio
1092 3086 1235 3138 enim
1265 3086 1412 3149 vitm,
1462 3087 1507 3138 si
1548 3080 1617 3137 iIa
1654 3085 1746 3145 sit,
1783 3092 1948 3153 atque

365 3152 674 3208 ultimorum
696 3154 936 3207 omnium
965 3164 1345 3223 consequetur.

444 3225 535 3278 Est
584 3223 727 3278 enim
769 3224 1038 3292 proin-ium
1089 3226 1329 3281 stultitia
1376 3224 1443 3281 ali

366 3309 521 3360 nere,
550 3296 791 3348 oblivisci
818 3309 1058 3350 suorum.

444 3367 571 3421 Haec
590 3365 761 3419 oitiria
785 3377 914 3421 sunt
934 3366 1346 3430 consolantium,
1372 3367 1559 3421 tollere
1580 3366 1952 3433 mgritudinem

367 3434 633 3500 funditus,
666 3445 755 3490 aut
784 3440 995 3501 sedare,
1025 3448 1117 3492 aut
1139 3439 1420 3493 detrahi-re
1443 3455 1600 3506 quam
1633 3439 1948 3506 plurimum,

285 3540 288 3543 η
367 3521 464 3561 aut
491 3508 847 3576 supprimere,
876 3522 975 3561 nec
1002 3512 1103 3576 pati
1132 3525 1349 3563 manare
1373 3510 1602 3577 longius,
1632 3522 1723 3561 aut
1753 3511 1817 3559 ad
1844 3510 1950 3561 alia

368 3580 673 3632 traducere.
708 3578 1038 3633 Sumendqu
1067 3592 1274 3645 tempus
1300 3589 1385 3634 est
1413 3595 1520 3634 non
1550 3582 1729 3632 minus
1753 3580 1804 3631 in
1836 3580 1955 3632 ani-

366 3661 581 3721 morum
608 3649 810 3721 morbis
847 3665 1006 3718 quam
1035 3652 1086 3702 in
1113 3665 1418 3719 corporum.

440 3720 579 3790 Quid
605 3718 785 3790 autem
816 3722 1153 3790 praclarum,
1188 3718 1292 3773 non
1322 3721 1463 3774 idem
1496 3719 1724 3773 arduum
1750 3718 1773 3772 ’ἓ
1824 3718 1947 3774 llaec

365 3805 435 3847 ea
467 3789 625 3847 tertio
648 3789 834 3860 Tusc.,
861 3802 1157 3862 sequuntur
1182 3807 1245 3846 ex
1275 3805 1484 3860 quarto.

368 3927 456 3987 Ea:
480 3925 611 3985 libro
634 3938 817 4000 quarto
846 3927 1258 4059 Tusculanarum
1289 3929 1641 3998 Quaestionum
1682 3928 1759 3986 ΙΙ.
1798 3928 1843 3985 Τ
1847 3929 1948 3985 ιιι.

1060 4018 1297 4057 iceram.

1060 4018 1297 4057 ιεενοιιιι.

442 4136 513 4195 lit
537 4138 677 4195 bona
716 4148 906 4197 natura
930 4139 1255 4212 appetimus,
1283 4142 1365 4198 sic
1388 4154 1420 4196 a
1450 4138 1609 4196 malis
1636 4144 1827 4212 natura
1858 4136 1955 4194 de-

368 4210 654 4283 clinamus.
697 4208 1451 4283 Omniutn'perturbationum
1511 4223 1700 4266 natura
1747 4208 1951 4265 fontem

368 4295 494 4337 esse
530 4281 713 4338 dicunt
756 4281 1248 4354 intemperantiam,
1280 4298 1398 4354 quin
1444 4293 1529 4338 cst
1558 4297 1590 4337 a
1619 4291 1729 4354 tota
1771 4290 1953 4336 mente

368 4361 428 4407 et
455 4362 600 4407 recta
629 4355 840 4408 ratione
862 4352 1114 4409 defectio.
1161 4352 1773 4422 Nant'quemadmodum
1804 4362 1950 4407 tem-

370 4423 616 4493 perantia
646 4426 800 4480 sedat
826 4426 1184 4495 appetitiones
1211 4440 1419 4489 omnes,
1461 4432 1519 4478 et
1547 4425 1713 4479 el'licit
1755 4430 1812 4477 ut
1836 4425 1951 4495 haec

367 4491 534 4565 recte:
559 4496 756 4551 rationi
786 4491 1030 4565 paieant,
1070 4506 1454 4565 consumatque
1491 4496 1824 4549 considerata
1851 4491 1948 4564 ju-

366 4564 507 4619 dicia
538 4566 757 4633 tuentis,
783 4564 861 4621 Sic
888 4566 1011 4621 huic
1048 4566 1264 4621 inimica
1292 4564 1697 4636 intemperantia
1725 4580 1939 4620 omnem

366 4635 552 4691 animi.
578 4646 777 4692 statum
825 4637 1141 4703 inﬂammat,
1176 4635 1479 4703 conturbat,
1512 4637 1712 4692 incitat.
1760 4636 1940 4706 Itaque

364 4717 422 4762 et
462 4708 807 4777 aegritudines
833 4720 889 4764 et
929 4721 1104 4764 metus
1128 4717 1185 4762 et
1230 4710 1451 4778 reliqua:
1506 4709 1937 4778 perturbationes

365 4793 559 4833 omnes
583 4780 872 4851 gignuntur
896 4795 960 4839 ex
996 4794 1082 4834 ea.

440 4849 703 4906 Omnibus
730 4855 873 4905 enim
904 4864 1132 4919 quorum
1170 4866 1320 4907 mens
1351 4850 1603 4904 abhorret
1633 4864 1662 4902 a
1707 4849 1936 4916 ratione,

365 4931 585 4989 semper
626 4922 818 4989 aliquis
856 4924 980 4977 aliis
1022 4924 1200 4988 dolor,
1242 4923 1362 4976 aliis
1409 4932 1582 4977 terror
1638 4925 1934 4990 impendet.

366 4991 545 5063 llonio
566 4990 709 5063 frugi
734 4991 913 5063 omnia
945 5002 1091 5049 recte
1120 4994 1266 5048 facit.

437 5061 585 5134 Quid
622 5061 767 5118 enim
798 5061 1045 5118 videatur
1074 5067 1123 5119 ei
1155 5079 1405 5134 magnum
1448 5079 1503 5119 tn
1542 5063 1703 5119 rebus
1748 5062 1936 5117 huma-

364 5131 474 5200 nis,
505 5133 592 5187 cui
623 5135 898 5189 teternitas
944 5137 1121 5189 omnis
1164 5131 1436 5204 totiusque
1485 5136 1665 5188 mundi
1700 5147 1825 5189 nota
1866 5135 1940 5189 sit

366 5204 699 5273 magnitudo.
729 5204 862 5260 Nam
890 5205 1019 5274 quid
1047 5214 1140 5260 aut
1163 5206 1215 5260 in
1258 5207 1451 5259 studiis
1477 5206 1723 5259 humanis
1762 5215 1857 5258 aut
1883 5205 1935 5258 in

366 5285 479 5328 tam
517 5289 705 5345 exigua
752 5275 1013 5332 brevitate
1040 5280 1160 5331 vita:
1216 5290 1466 5345 magnum
1509 5277 1737 5345 sapienti
1767 5276 1934 5329 videri

367 5354 565 5413 potest,
590 5347 681 5417 qui
711 5363 924 5415 semper
970 5347 1154 5401 animo
1200 5347 1279 5400 sic
1314 5346 1564 5411 excubat,
1607 5359 1662 5400 ut
1708 5349 1756 5402 ei
1807 5347 1936 5400 nihil

366 5417 721 5487 improvisum
748 5421 991 5473 accidere
1016 5418 1209 5488 possit,
1249 5417 1380 5471 nihil
1423 5419 1778 5488 inopinatum,
1808 5418 1935 5471 nihil

365 5488 588 5542 omnino
628 5489 867 5544 novum?
910 5487 1070 5557 atque
1118 5490 1260 5543 idem
1310 5487 1626 5542 acerrimam
1659 5490 1712 5543 iu
1748 5504 1939 5544 omnes

368 5572 551 5628 partes
574 5558 745 5616 aciem
786 5558 1035 5624 intendit,
1084 5570 1141 5616 ut
1169 5573 1385 5627 semper
1413 5559 1591 5613 videat
1617 5561 1802 5615 sedem
1834 5559 1935 5614 sibi

365 5644 431 5684 ac
470 5631 645 5683 locum
685 5631 804 5687 sine
850 5631 1119 5696 molestia,
1160 5637 1322 5699 atque
1368 5644 1568 5700 angore
1610 5630 1845 5696 vivendi,
1879 5638 1937 5683 ut

366 5715 741 5773 quemcunque
778 5715 962 5773 casum
993 5701 1203 5773 fortuna
1234 5701 1526 5763 invexerit,
1563 5701 1707 5757 hunc
1732 5713 1856 5769 apte
1881 5712 1938 5759 et

366 5772 550 5839 quiete
576 5771 733 5827 terat.
760 5771 915 5841 Quod
960 5774 1005 5828 si
1034 5772 1215 5834 iactet,
1266 5788 1372 5827 non
1401 5774 1714 5841 iegﬁtudine
1761 5773 1935 5827 solum

368 5843 598 5914 vacabit,
641 5844 736 5899 sed
784 5846 948 5899 etiam
998 5843 1490 5914 perturbationibus
1535 5845 1782 5898 omnibus
1813 5844 1935 5899 reli-

366 5915 509 5983 quis.
540 5912 632 5970 llis
656 5922 833 5972 autem
865 5912 1060 5973 vacans
1099 5916 1310 5973 animus
1333 5914 1567 5989 perfecte
1596 5926 1757 5987 atque
1777 5916 1933 5972 abso-

2064 617 2131 667 ah
2168 616 2368 684 integra
2399 622 2652 681 certaque
2676 615 2904 673 ratione.
2937 628 3040 665 non
3070 615 3426 669 constantiam
3468 619 3643 672 solum

2066 688 2286 747 amittit,
2319 701 2501 739 verum
2541 689 2699 738 etiam
2738 685 3046 741 sanitatem.

2138 755 2428 822 lmpunitas
2451 766 2789 822 peccatorum
2808 757 2928 808 data
2959 755 3166 808 videtur
3191 755 3271 807 eis
3300 756 3388 824 qui
3411 766 3463 809 et
3490 758 3643 821 igno-

2062 826 2280 879 miniam
2314 835 2368 877 et
2397 826 2667 879 infamiam
2702 829 2880 880 ferunt
2900 828 3018 880 sine
3044 826 3255 888 dolore,
3290 828 3523 880 morderi
3556 840 3641 884 est

2061 898 2254 951 melius
2302 895 2651 951 conscientia.
3076 940 3077 943 η

2134 968 2187 1021 In
2208 965 2455 1019 omnibus
2473 968 2579 1020 lere
2604 970 2762 1022 rebus
2782 966 3207 1022 mediocritatem
3231 980 3352 1023 esse
3370 968 3633 1037 optimam

2058 1038 2388 1092 existimant.

2131 1107 2423 1177 Nequeiest
2468 1106 2612 1159 enim
2644 1106 2746 1160 ulla
2808 1106 3081 1173 fortitudo,
3133 1122 3254 1177 quze
3301 1106 3526 1161 rationis
3557 1119 3642 1163 est

2055 1192 2275 1244 expers.
2302 1176 2721 1231 Contemnendm
2748 1188 2871 1232 sunt
2897 1176 3157 1231 humanas
3177 1191 3281 1241 res,
3314 1179 3633 1247 negligenda

2057 1263 2202 1303 mors
2245 1258 2348 1313 est,
2403 1249 2646 1313 patibiles
2690 1257 2746 1303 et
2794 1248 3004 1301 labores
3052 1258 3107 1303 et
3135 1248 3349 1301 dolores
3382 1253 3624 1316 putandi.

2061 1320 2184 1373 llmc
2233 1334 2354 1372 cum
2393 1320 2679 1373 constituta
2732 1320 2838 1371 sint
2880 1316 3088 1385 iudicio
3143 1328 3302 1386 atque
3359 1322 3627 1374 constanti

2055 1392 2355 1454 sententia,
2402 1400 2578 1444 tamen
2617 1396 2700 1443 est
2747 1390 2970 1443 robusta
3000 1389 3089 1443 illa
3135 1398 3190 1445 et
3216 1388 3425 1443 stabilis
3471 1390 3624 1444 torti-

2057 1462 2205 1513 tudo.

2128 1530 2266 1587 Utile
2291 1538 2376 1585 est
2404 1529 2547 1585 enim
2573 1528 2650 1584 ttti
2682 1536 2827 1583 motu
2850 1529 3035 1592 animi,
3065 1532 3157 1600 qui
3182 1531 3255 1585 uti
3287 1531 3495 1587 ratione
3524 1547 3630 1587 non

2054 1613 2248 1668 potest.

2126 1670 2237 1724 Non
2260 1671 2401 1725 enim
2427 1673 2702 1734 suscipere
2750 1670 2849 1738 ipsi
2876 1669 3220 1739 mgritudtnes
3249 1683 3466 1737 propter
3488 1672 3625 1737 alios

2051 1739 2329 1805 debemus,
2359 1742 2450 1795 sed
2479 1743 2613 1794 alios
2640 1743 2682 1794 si
2718 1756 3001 1809 possumus
3041 1742 3221 1795 levare
3252 1743 3590 1809 aegritudine.

2133 1811 2566 1884 Adhibitaratio
2606 1812 2777 1884 cernit
2812 1812 2938 1879 quid
2965 1816 3225 1881 optimum
3258 1814 3350 1878 sit,
3383 1817 3628 1884 neglecta

2058 1882 2241 1936 multis
2269 1882 2570 1947 implicatur
2594 1882 2891 1935 erroribtts.

2131 1951 2224 2005 Est
2250 1964 2426 2005 autem
2462 1954 2604 2005 utilis
2629 1951 2695 2005 ad
2726 1951 3150 2016 persuadendum
3181 1966 3244 2005 ea
3274 1967 3391 2021 quae
3422 1954 3636 2011 accide-

2057 2034 2180 2077 runt
2226 2023 2353 2077 terri
2399 2032 2454 2077 ει
2482 2038 2640 2092 posse
2682 2031 2737 2076 et
2764 2030 3043 2091 oportere,
3074 2023 3410 2078 enumeratio
3438 2039 3627 2080 eorum

2053 2096 2141 2164 qui
2168 2096 2428 2147 tulerunt.

2125 2166 2239 2219 Sint
2275 2178 2403 2218 sane
2448 2167 2546 2218 ista
2573 2164 2715 2219 bona
2744 2179 2864 2233 qute
2907 2171 3182 2231 putantur,
3212 2163 3463 2227 honores,
3491 2165 3631 2220 divi-

2054 2236 2166 2298 tiae,
2198 2235 2497 2303 voluptates
2528 2247 2862 2304 cieteraque;
2918 2244 3093 2306 tamen
3140 2235 3192 2289 in
3233 2236 3314 2289 eis
3345 2237 3476 2304 ipsis
3526 2250 3624 2306 po-

2055 2306 2254 2362 tieodis
2283 2308 2564 2360 exsultans
2589 2306 2935 2377 gestiensque
2969 2305 3145 2359 laetitia
3196 2305 3364 2372 turpis
3405 2316 3509 2360 est.
3563 2305 3633 2364 Ut

2051 2382 2096 2433 si
2130 2378 2353 2434 irridere
2380 2393 2696 2432 concessum
2723 2379 2815 2441 sit,
2849 2380 3180 2441 vituperetur
3204 2386 3380 2431 tamen
3406 2377 3628 2431 cachin-

2054 2449 2219 2503 natio.
2253 2449 2452 2501 Eodem
2494 2449 2638 2502 enim
2670 2449 2796 2503 vitio
2819 2460 2898 2505 εει
2932 2448 3123 2503 elt'nsio
3153 2450 3317 2501 animi
3349 2448 3400 2500 in
3429 2448 3637 2516 hetitia,

2050 2536 2159 2591 quo
2190 2520 2241 2572 in
2274 2520 2460 2591 dolore
2485 2518 2819 2591 contractio,
2858 2520 3155 2591 eademque
3180 2521 3397 2591 levitate
3420 2518 3629 2582 cupidi-

2053 2588 2139 2643 t'as
2168 2596 2251 2642 nat
2281 2588 2333 2641 in
2372 2589 2693 2657 appetendo,
2717 2604 2822 2658 qua
2864 2590 3046 2644 laetitia
3089 2595 3142 2643 lu
3174 2588 3421 2642 fruendo.
3470 2590 3533 2642 Et
3581 2596 3638 2645 ιιι

2051 2663 2210 2714 nimis
2258 2658 2441 2712 attlirti
2490 2657 2758 2724 molestia,
2792 2660 2871 2714 sic
2900 2661 3063 2714 animi
3101 2658 3229 2714 elati
3281 2659 3462 2712 laetitia
3504 2657 3630 2729 jure

2044 2729 2351 2799 iudicantur
2380 2729 2544 2785 leves.
2577 2733 2645 2784 Et
2691 2740 2747 2783 ut
2793 2742 2979 2796 turpes
3007 2738 3133 2783 sunt
3160 2731 3247 2797 qui
3294 2730 3525 2783 eliernnt
3570 2744 3629 2783 se

2049 2803 2252 2865 laetitia,
2291 2809 2402 2854 tum
2427 2817 2546 2855 cum
2583 2800 2830 2855 fruuntur
2860 2801 3104 2856 venereis
3133 2800 3522 2866 voluptatibus,
3551 2800 3629 2854 sic

2050 2870 2301 2941 ﬂagitiosi
2334 2872 2423 2937 qui
2456 2888 2548 2927 eas
2605 2871 2939 2926 inﬂammato
2984 2872 3166 2926 animo
3218 2873 3625 2941 concupiscunt.

2050 2943 2175 2997 llzec
2198 2956 2261 2995 ex
2287 2953 2479 3012 quarto
2497 2984 2512 3009 ,
2562 2950 2860 3012 sequuntur
2891 2958 3034 2998 nunc
3062 2957 3128 2998 ea
3156 2940 3341 3011 quinto
3365 2952 3418 2996 et
3439 2942 3629 2995 ultimo

2050 3014 2211 3069 libro.
2808 3048 2813 3051 ι

2205 3104 2292 3161 Ea:
2346 3106 2475 3161 libro
2513 3105 2689 3176 quinto
2732 3104 3140 3162 Tusculanarum
3181 3104 3263 3162 Μ.
3308 3104 3451 3161 Tull.

2704 3177 2986 3234 Ciceronis.

1450 3240 1603 3276 orum
1652 3240 1775 3276 Villa
1822 3240 1942 3276 cer-

1652 3234 1699 3276 vi
1734 3234 1739 3236 '
1918 3254 1942 3267 ο

1485 3240 1603 3279 mm
1706 3234 1775 3280 ua
1822 3240 1915 3280 cer
1970 3254 2020 3319 ο
2128 3292 2377 3348 Omnium
2419 3295 2671 3350 vitiorum
2703 3302 3151 3363 peccatorumque
3182 3300 3485 3363 "mlmmm
3515 3305 3637 3357 om.

2056 3365 2141 3420 nis
2170 3380 2198 3417 a
2225 3368 2559 3434 philosophia
2592 3362 2819 3435 petenda
2850 3365 3118 3420 correctio
3146 3372 3249 3427 est,
3277 3362 3433 3431 cuius
3463 3362 3514 3416 in
3543 3364 3629 3415 si-

2054 3452 2181 3491 tiunt
2212 3451 2333 3490 cum
2372 3451 2400 3488 a
2432 3436 2617 3505 primis
2646 3437 2973 3501 temporibus
3005 3435 3178 3487 aetatis
3208 3436 3628 3505 nostrzevolttu-

2054 3510 2179 3560 tatis
2209 3503 2554 3575 studiumque
2583 3507 2952 3574 compulisset,
2998 3506 3081 3558 bis
3128 3503 3460 3575 gravissimis
3488 3504 3629 3555 casi-

2053 3577 2153 3631 bus
2183 3578 2235 3630 in
2266 3572 2515 3632 eumdem
2550 3572 2759 3642 portum
2787 3589 2858 3644 ex,
2877 3590 2983 3644 quo
3011 3572 3225 3628 eramus
3254 3572 3493 3644 egressi,
3512 3588 3626 3623 ma-

2052 3661 2152 3717 gna
2177 3646 2361 3717 iactati
2387 3656 2703 3717 tempestate
2731 3642 3089 3717 confugimus.
3135 3644 3181 3698 0
3211 3646 3341 3717 vitae
3390 3642 3629 3717 philoso-

2056 3713 2334 3783 phia'dutt,
2368 3734 2401 3773 o
2434 3713 2647 3770 virtutis
2686 3713 3005 3784 indagatrix,
3055 3713 3624 3784 eapultriaquegvitio-

2053 3788 2211 3842 rum!
2258 3787 2393 3852 Quid
2427 3802 2530 3840 non
2562 3785 2719 3839 modo
2749 3782 2866 3849 nos,
2904 3787 2998 3840 sed
3044 3782 3265 3839 omnino
3296 3783 3398 3837 vita
3422 3822 3425 3825 η
3448 3782 3627 3836 homi-

2052 3871 2183 3933 num
2223 3859 2341 3911 sine
2368 3866 2421 3933 te
2460 3870 2581 3933 esse
2611 3856 2908 3933 potuisset}
2954 3856 3034 3910 Τιι
3064 3855 3223 3933 urbes
3252 3853 3526 3925 peperisti,
3570 3862 3629 3933 ιιι

2054 3926 2341 3995 dissipatos
2387 3928 2634 3982 homines
2682 3928 2737 3982 in
2783 3927 3094 3981 societatem
3124 3927 3246 3980 vitae
3291 3926 3624 3995 convocasti,

2054 4006 2110 4051 tu
2135 3994 2232 4054 eos
2259 4000 2402 4052 inter
2445 4013 2505 4052 se
2534 3998 2707 4066 primo
2750 3996 3055 4062 domiciliis,
3101 3996 3297 4051 deinde
3337 3994 3626 4063 coniugiis,

2055 4078 2166 4123 tum
2198 4069 2491 4124 litterarum
2536 4075 2591 4123 et
2628 4082 2820 4123 vocum
2864 4066 3248 4124 communione
3271 4066 3495 4134 iunxisti
3520 4082 3536 4131 ;
3566 4077 3627 4121 ιιι

2054 4140 2321 4194 inventrix
2361 4140 2569 4210 legum;
2599 4146 2659 4210 tu
2689 4140 2942 4210 magistra
2986 4153 3194 4194 morum
3239 4146 3294 4195 ει
3319 4138 3621 4210 disciplinas

2052 4210 2218 4266 fuisti.
2262 4210 2343 4266 Ad
2386 4208 2439 4265 te
2485 4208 2843 4279 confugimus,
2872 4224 2902 4264 a
2948 4219 3002 4266 te
3038 4224 3193 4279 opem
3225 4211 3479 4279 petimus,
3526 4208 3621 4264 tibi

2054 4296 2174 4349 nos,
2205 4292 2261 4337 ιιι
2281 4291 2456 4345 antea,
2490 4296 2680 4352 magna
2705 4298 2773 4337 ex
2804 4289 2971 4351 parte,
3002 4279 3082 4337 sic
3109 4294 3255 4336 nunc

2051 4360 2245 4424 tosque
2291 4353 2570 4407 tradimus.
2619 4354 2713 4409 Est
2740 4362 2921 4408 autem
2951 4366 3089 4407 unus
3131 4352 3247 4408 dies
3293 4352 3429 4424 bene
3480 4359 3535 4405 et
3559 4364 3626 4405 ex

2052 4421 2334 4493 praeceptis
2374 4423 2483 4495 tuis
2511 4432 2684 4495 actus,
2732 4439 2871 4495 pene
2916 4425 3012 4479 toti
3043 4421 3427 4479 immortalitati
3467 4431 3617 4477 ante-

2053 4495 2351 4564 ponendos.
2384 4493 2550 4565 Cujus
2577 4493 2747 4565 igitur
2766 4496 2941 4563 potius
2982 4494 3176 4563 opibus
3204 4506 3417 4548 utamur
3458 4507 3621 4561 quam

2052 4567 2179 4630 tuis,
2203 4580 2321 4636 quae
2344 4574 2400 4622 et
2426 4570 2550 4619 vita:
2579 4566 3014 4637 tranquillitatem
3046 4567 3235 4637 largita
3259 4566 3423 4637 nobis
3435 4575 3522 4637 es,
3565 4572 3624 4617 et

2047 4635 2306 4692 terrorem
2330 4637 2519 4691 mortis
2546 4635 2827 4692 sustulisti.
2850 4635 2993 4691 Cave
3017 4635 3159 4692 enim
3193 4644 3346 4704 putes
3375 4635 3540 4688 ullam
3567 4638 3620 4687 in

2043 4708 2374 4777 philosophia
2397 4722 2582 4763 vocem
2609 4710 2861 4763 emissam
2890 4707 3199 4771 clariorem,
3231 4707 3467 4777 ullumve
3491 4718 3617 4759 esse

2040 4776 2397 4848 philosophia:
2444 4779 2766 4850 promissum
2797 4779 3019 4834 uberius
3065 4787 3157 4832 aut
3207 4776 3404 4850 maius,
3458 4790 3620 4845 quam

2039 4851 2155 4977 hunc
2196 4868 2296 4906 vox
2339 4847 2727 4914 est,'virtutem
2754 4854 2888 4906 satis
2935 4865 3091 4922 posse
3120 4849 3186 4904 ad
3234 4847 3391 4903 beate
3439 4851 3627 4918 vivene

2079 4938 2186 4976 um.

2079 4938 2186 4976 um.

2110 4992 2285 5048 Motus
2337 4993 2623 5048 turbulenti
2666 4993 3089 5065 iactationesque
3136 4993 3437 5049 animorum
3491 4990 3627 5047 inci-

2040 5073 2162 5118 tata:
2192 5073 2246 5118 et
2269 5068 2466 5133 impetu
2497 5066 2891 5121 inconsiderato
2919 5066 3076 5122 elatae
3096 5066 3356 5121 rationem
3378 5065 3616 5115 omnium

2037 5136 2376 5204 repellentes,
2424 5135 2546 5190 vitae
2595 5136 2764 5190 beatae
2813 5137 3010 5190 nullam
3040 5148 3244 5205 partem
3295 5136 3653 5202 relinquunty

2036 5206 2166 5270 Quis
2193 5209 2336 5260 enim
2370 5214 2563 5275 potest,
2584 5216 2807 5261 mortem
2826 5216 2919 5261 aut
2937 5205 3174 5261 dolorem
3199 5217 3465 5269 metuens,
3486 5218 3621 5269 qun-

2038 5290 2155 5329 rum
2183 5276 2411 5330 alterum
2456 5292 2669 5345 semper
2693 5276 2863 5342 adest,
2897 5278 3126 5331 alterum
3156 5292 3369 5346 semper
3407 5277 3619 5341 impen-

2036 5347 2149 5411 det,
2178 5360 2299 5401 esse
2328 5363 2431 5401 non
2465 5348 2659 5403 miser?
2687 5347 2836 5418 Quod
2867 5349 2909 5402 si
2934 5348 3099 5413 idem,
3132 5351 3272 5418 quod
3307 5348 3620 5415 plerumque

2038 5417 2117 5480 lit,
2165 5429 2548 5485 paupertatem,
2604 5416 2978 5485 ignominiam,
3036 5416 3307 5473 infantiam
3356 5420 3524 5480 timet,
3573 5420 3621 5470 si
3665 5481 3668 5484 ξ

2036 5488 2387 5560 debilitatem,
2432 5488 2750 5552 caecitatem,
2782 5490 2828 5542 si
2858 5491 3088 5559 denique
3129 5492 3267 5560 quod
3299 5504 3405 5545 non
3436 5492 3624 5559 singua

2036 5558 2102 5633 iis
2132 5557 2453 5633 hominibus,
2486 5564 2581 5613 sed
2628 5559 2931 5628 potentibus
2975 5557 3204 5630 populis,
3235 5577 3378 5633 saepe
3405 5557 3614 5616 contin-

2033 5631 2128 5701 git,
2184 5629 2526 5701 servitutem,
2579 5640 2868 5698 potestea
2917 5629 3110 5687 timens
3162 5648 3285 5689 esse
3316 5629 3613 5701 'quisquam

2036 5698 2262 5771 beatus?
2303 5701 2439 5766 Quid
2465 5701 2555 5771 qui
2588 5717 2693 5755 non
2726 5704 2886 5757 modo
2923 5716 2986 5757 ea
3028 5705 3198 5758 iutura
3231 5698 3398 5770 timet,
3426 5698 3610 5771 verum

2032 5772 2194 5825 etiam
2228 5761 2346 5826 t‘ertw
2366 5761 2703 5841 sustinetque
2746 5774 3063 5841 praesentia?
3103 5778 3241 5831 addc
3285 5761 3474 5832 eodem
3525 5787 3626 5828 ει·Δ

2033 5842 2173 5907 sitia,
2205 5844 2395 5907 luctus,
2422 5846 2701 5914 orbitates,
2729 5848 2817 5914 qui
2848 5849 3006 5901 rebus
3050 5850 3133 5900 his
3160 5844 3359 5903 fractus
3401 5847 3588 5913 mgritu

2034 5914 2161 5970 dtnc
2188 5916 2348 5971 etiam
2378 5915 2614 5986 eliditur,
2652 5913 2833 5988 potest
2880 5917 3091 5975 tandem
3124 5935 3245 5976 ese
3293 5934 3396 5974 non
3431 5918 3622 5970 miscr-

3329 4280 3503 4335 enitus
3537 4290 3622 4335 ιιι-
3716 4328 3726 4335 .
