4162 6212
551 429 570 483 1
581 427 683 484 087

1005 426 1211 482 θεωις
1254 421 1706 482 VENERABILIS
1743 419 1894 476 OPP.
1939 416 2116 473 PARS
2158 412 2220 470 ll.
2253 409 2447 470 SECT.
2509 412 2550 468 1.
2593 444 2663 456 --
2701 411 2905 469 DUBIA
2948 411 3034 467 ET
3073 409 3343 468 SPURIA.

3650 411 3778 469 1088

547 544 760 602 rimus?
783 541 917 606 Ouid
949 557 1076 596 vero
1106 542 1251 595 illum
1282 557 1435 609 quem
1486 541 1787 596 libidinibus
1818 537 2113 591 inﬂamma-
2142 538 2186 591 Α
2219 528 2472 609 vittatam,
2498 535 2597 609 3"}
2642 543 2838 609 πονιειη
2881 527 3139 607 πνίιίῇεεο
3181 526 3462 609 νίάεδξειζβ
3492 525 3662 578 mulli!
3712 535 3772 609 ξιξ

548 628 658 670 tttm
687 625 734 666 et
766 612 1023 667 furentem
1053 612 1317 674 videmus,
1345 613 1519 665 omnia
1567 611 1748 677 rapide
1777 617 2112 677 appetentem

547 701 666 736 cum
698 683 996 751 inexplebili
1045 683 1350 746 cupiditate,
1392 696 1600 750 quoque
1629 675 2116 751 allluentinsviiluu

549 765 721 821 platea
775 754 1009 820 undique
1061 751 1300 814 hauriat,
1357 767 1422 804 eo
1477 751 1686 815 gravius
1740 750 2116 821 ardentiusque

547 815 837 885 sitientem,
886 815 1063 875 nonne
1112 833 1254 876 recte
1300 823 1652 874 miserrimum
1700 820 1940 872 dixeris?
1978 815 2114 882 Quid

546 895 717 947 elatus
767 893 856 944 ille
903 892 1136 950 levitate,
1196 891 1442 956 inanique
1494 892 1668 943 lautitia
1719 889 2011 947 exsultans,
2062 897 2116 956 et

550 973 751 1016 teme-re
795 963 1050 1029 gestiens,
1102 974 1274 1014 nonne
1305 955 1450 1014 tanto
1495 960 1759 1024 miserior,
1788 967 1986 1024 quanto
2015 955 2114 1029 sibi

553 1033 761 1086 videtur
790 1025 1027 1085 beatior?
1061 1031 1218 1099 Ergo,
1263 1041 1317 1084 ut
1357 1031 1405 1082 hi
1437 1030 1640 1090 miseri,
1690 1029 1767 1083 sic
1814 1039 2011 1099 contra
2042 1025 2115 1078 illi

553 1103 712 1164 beati,
758 1118 891 1166 quos
940 1102 1066 1152 nulli
1101 1095 1274 1156 nicius
1322 1108 1541 1162 terrent,
1573 1100 1728 1152 nulla:
1775 1095 2116 1158 aegritudines

550 1174 802 1234 exedunt,
835 1171 991 1224 nullm
1020 1170 1263 1224 libidines
1291 1173 1530 1232 incitant,
1585 1170 1740 1223 nulla!
1779 1168 1954 1219 futiles
1987 1167 2116 1219 lati-

553 1245 638 1293 tim
660 1243 1006 1302 exsultantes,
1041 1241 1302 1308 languidis
1350 1239 1694 1307 liquefaciunt
1736 1237 2113 1302 voluptatibus.

548 1311 700 1377 Quod
739 1311 783 1365 si
813 1322 895 1365 est
945 1311 1032 1378 qui
1091 1315 1197 1364 vim
1252 1313 1496 1372 lortnna',
1530 1308 1616 1372 qui
1648 1308 1820 1359 omnia
1859 1312 2113 1378 humana,

548 1396 668 1449 qum
695 1383 886 1448 cuique
927 1377 1170 1436 accidere
1217 1391 1454 1445 possunt,
1502 1378 1794 1431 tolerabilia
1837 1377 2017 1449 ducat,
2050 1390 2113 1449 es

550 1446 656 1516 quo
685 1467 782 1504 nec
803 1446 979 1504 'timor
1003 1465 1144 1516 eum,
1194 1465 1292 1504 nec
1331 1464 1494 1510 angor
1521 1451 1760 1517 a'tingat,
1796 1448 2040 1513 idemque
2069 1446 2115 1500 si

553 1522 680 1574 nihil
720 1520 1079 1585 concupiscet,
1111 1521 1153 1573 si
1186 1521 1328 1574 nulla
1359 1519 1610 1573 etii-ratur
1653 1518 1812 1571 animi
1846 1517 1987 1569 inani
2023 1533 2116 1569 vo-

555 1592 772 1656 luptate,
805 1590 928 1658 quid
958 1598 1039 1644 est
1065 1605 1160 1643 cur
1189 1591 1373 1644 beatus
1401 1605 1501 1642 non
1535 1590 1642 1640 sit?
1693 1591 1752 1641 Et
1785 1589 1826 1642 si
1859 1588 1972 1640 base
2011 1588 2118 1641 vir-

556 1669 666 1712 tute
692 1661 1018 1726 elliciuntttr,
1045 1661 1170 1728 quid
1210 1670 1291 1716 est
1332 1675 1428 1715 cur
1459 1665 1621 1712 \irtus
1652 1659 1763 1727 ipsa
1811 1672 1902 1727 per
1929 1670 1988 1712 se
2012 1673 2115 1711 non

551 1731 745 1785 elliciat
777 1731 996 1785 beatos?

622 1800 804 1867 Neque
829 1801 971 1854 enim
1004 1800 1160 1853 linem
1193 1815 1459 1866 nunquam
1489 1798 1683 1853 invenit
1718 1798 1897 1851 libido.

2215 614 2368 650 suum
2400 598 2674 650 arbitrium
2710 599 2929 657 referre,
2961 599 3069 651 suis
3098 611 3237 650 stare
3259 596 3504 662 jtttliciis;
3530 611 3630 662 quo
3653 597 3771 659 quid

2215 671 2279 718 sit
2313 668 2535 722 beatius.
2571 669 2695 719 mihi
2729 681 2874 722 certe
2903 667 2952 720 in
2985 678 3214 720 mentem
3244 667 3425 719 venire
3457 681 3558 715 non
3593 677 3773 727 potest.

2214 737 2290 790 Ne
2314 747 2491 790 mente
2510 736 2722 803 qttidein
2749 739 2821 789 uti
2849 753 3147 804 possumus,
3173 737 3337 788 tnultu
3360 737 3478 789 cibo
3496 746 3543 786 et
3576 737 3777 800 potione

2217 807 2405 872 repleti
2462 823 2559 862 nec
2587 822 2817 874 unquam
2848 808 2975 860 mihi
3007 810 3198 876 placuit
3231 808 3310 860 bis
3343 807 3395 860 in
3426 806 3512 860 die
3550 818 3773 859 saturum

2217 878 2353 929 lieri.

2285 947 2561 1011 Quomodo
2610 944 2842 1013 jucunda
2893 948 2996 999 vita
3038 960 3157 1001 esse
3209 953 3403 1016 potest,
3433 959 3462 996 ει
3505 959 3604 1015 qua
3651 945 3780 1000 absit

2217 1017 2518 1085 prudentia,
2547 1018 2684 1068 absit
2715 1017 3050 1070 moderatio?

2293 1085 2413 1139 Dies
2441 1087 2669 1149 deticiet,
2703 1089 2746 1139 si
2775 1087 2929 1140 velim
2978 1086 3304 1153 paupertatis
3346 1099 3556 1136 musam
3605 1083 3781 1140 defen-

2216 1154 2374 1218 dere;
2405 1169 2583 1222 aperta
2614 1155 2754 1209 enim
2806 1171 2888 1210 res
2919 1167 3021 1219 est,
3052 1167 3106 1211 et
3134 1155 3366 1223 quotidie
3415 1171 3510 1207 nos
3550 1155 3659 1218 ipsa
3689 1171 3780 1207 na-

2218 1233 2332 1275 tura
2356 1228 2624 1286 admonet,
2648 1241 2802 1295 quam
2829 1227 3027 1293 paucis,
3052 1241 3210 1292 quam
3235 1226 3408 1288 parvis
3435 1225 3594 1279 rebus
3614 1233 3779 1292 egeat,

2217 1309 2443 1361 quamve
2485 1297 2700 1349 vilibus.
2733 1295 2867 1348 Num
2900 1297 3056 1363 igitur
3085 1296 3405 1362 ignobilitas,
3437 1304 3529 1347 aut
3576 1295 3781 1347 ltumili~

2218 1374 2320 1426 tas,
2351 1374 2439 1416 aut
2469 1370 2626 1420 etiam
2669 1367 2938 1434 popularis
2985 1366 3212 1419 oll'cnsio
3242 1365 3536 1431 sapientem
3583 1365 3784 1417 beatum

2218 1448 2335 1487 esse
2364 1435 2697 1499 prohibebit?
2722 1437 2836 1489 vide
2861 1451 2926 1489 ne
2949 1437 3064 1501 plus
3089 1436 3480 1489 commendatio
3508 1435 3558 1485 in
3586 1435 3786 1500 vulgus,

2217 1517 2264 1557 et
2289 1504 2414 1625 ΙΙιςιξε
2442 1522 2558 1583 qua:
2585 1508 2849 1574 expetitur
2888 1507 3078 1576 gloria,
3110 1504 3366 1560 molestia:
3418 1504 3614 1559 habeat
3639 1518 3788 1573 quam

2219 1589 2282 1625 νυ
2307 1587 2522 1625 ιιοιτιιιε.

2219 1587 2522 1637 voluptatis.

2293 1648 2370 1696 An
2403 1646 2641 1697 tibicines
2670 1645 2830 1711 hique
2860 1647 2948 1713 qtti
2991 1644 3180 1698 lidibus
3230 1653 3476 1708 utuntur,
3522 1657 3639 1706 suo,
3689 1656 3788 1697 non

2220 1715 2574 1767 multitudinis
2603 1716 2844 1777 arbirio,
2890 1725 3078 1769 cantus
3120 1729 3472 1783 numerosque
3515 1716 3792 1766 moderan-

2221 1786 2352 1836 tur?
2386 1784 2470 1836 Vir
2504 1786 2713 1851 sapiens
2759 1786 2922 1838 multo
2964 1788 3167 1851 majore
3217 1794 3333 1838 arte
3383 1784 3656 1852 prmditus,
3691 1797 3790 1836 non

623 1853 788 1923 Actite
808 1853 1126 1937 disputantis
1154 1873 1277 1924 illud
1300 1853 1403 1934 εει,
1433 1886 1538 1923 non
1558 1870 1680 1936 quid
1709 1869 1930 1939 quisque
1956 1867 2116 1935 dicat,
2153 1873 2196 1932 Β
2223 1853 2714 1939 ιιυξά,νε,τίεδί)ιιιξιιι
2746 1857 2833 1917 εει.
2873 1856 2965 1909 sed
2995 1855 3119 1939 quid
3165 1855 3288 1908 velit
3317 1854 3788 1939 νυιευξειοιειίτεβο

549 1940 640 1994 sed
675 1941 795 2008 qttid
818 1943 1006 2003 cuique
1031 1942 1310 1994 dicendum
1342 1941 1427 2004 sit,
1461 1942 1662 1993 vidi-re.

620 2011 874 2064 Omnibus
930 2013 1072 2064 enim
1129 2011 1412 2063 virtutibus
1471 2011 1756 2064 instinctos
1784 2019 1837 2064 et
1878 2020 2116 2074 ornatos,

551 2087 664 2136 tum
689 2089 973 2146 sapientes,
1008 2090 1116 2134 tum
1142 2083 1285 2134 viros
1312 2081 1476 2134 bonos
1499 2080 1747 2134 dicimus.

624 2148 739 2204 Non
764 2167 826 2204 ex
851 2150 1070 2213 singulis
1100 2152 1315 2204 vocibus
1346 2149 1643 2216 philosotilti
1666 2152 1940 2220 spectandi
1969 2166 2115 2220 sunt,

550 2220 643 2275 sed
672 2235 735 2273 ex
759 2221 1108 2289 perpetuitate
1129 2231 1288 2287 atque
1317 2224 1638 2275 constantia.

623 2291 752 2345 Rem
792 2292 931 2344 enim
959 2293 1150 2358 opinor
1175 2290 1400 2360 spectari
1428 2301 1697 2359 oportere,
1728 2306 1833 2344 non
1864 2293 2042 2345 verba.

623 2360 750 2414 Nam
778 2363 861 2414 cui
891 2363 1005 2414 viro
1053 2378 1116 2414 ex
1147 2364 1322 2428 seipso
1351 2371 1472 2427 apta
1526 2370 1648 2412 sunt
1674 2362 1873 2426 omnia,
1903 2377 2022 2429 quae
2050 2361 2117 2416 ad

549 2431 701 2486 beate
748 2431 1025 2484 vivendum
1059 2433 1256 2496 ferunt,
1305 2445 1403 2484 nec
1449 2445 1703 2500 suspensa
1759 2432 1982 2485 aliorum
2029 2444 2119 2485 aut

552 2501 692 2556 bono
721 2515 847 2554 casu
878 2511 965 2554 aut
992 2501 1258 2556 contrario
1289 2503 1518 2569 pendere
1547 2516 1610 2553 ex
1641 2502 1857 2555 alti-rius
1889 2505 2115 2568 eventis,

551 2581 802 2626 etctrare
830 2580 1111 2639 coguntur,
1156 2571 1278 2626 huic
1317 2572 1517 2635 optime
1561 2571 1764 2624 vivendi
1799 2572 1932 2624 ratio
1973 2587 2121 2626 cum-

552 2653 730 2709 parata
757 2653 858 2693 est.
891 2642 1070 2708 Neque
1108 2643 1249 2695 enim
1294 2641 1560 2694 laetabitur
1590 2656 1817 2707 unquam
1849 2655 1944 2695 nec
1986 2656 2121 2696 mm-

553 2712 686 2765 rebit
715 2712 889 2776 nimis,
918 2711 1006 2779 qui
1047 2726 1257 2780 semper
1286 2711 1337 2766 in
1387 2710 1563 2779 seipse
1590 2725 1801 2765 onmem
1847 2725 1996 2781 spem
2036 2728 2122 2767 reo

553 2782 698 2849 punit
719 2781 819 2834 sui.

624 2851 892 2905 llumanus
932 2852 1138 2906 animus
1167 2851 1447 2917 decerptus
1489 2865 1556 2905 ex
1586 2860 1762 2905 mente
1791 2851 1967 2905 divina
1997 2867 2117 2907 cum

550 2920 658 2974 alio
691 2921 857 2984 nullo,
905 2921 1003 2975 nisi
1031 2936 1150 2974 cum
1180 2919 1294 2988 ipso
1323 2921 1452 2988 lleo,
1493 2923 1537 2974 si
1590 2921 1690 2974 hoc
1736 2919 1816 2974 las
1845 2932 1924 2974 est
1952 2922 2020 2975 dii
2041 2933 2115 2985 tu,

551 2990 844 3058 comparari
875 3000 1070 3060 potest.
1124 2991 1217 3044 llic
1271 2991 1430 3059 igitur
1471 2993 1515 3043 sl
1571 3001 1652 3043 est
1697 2991 1957 3056 excultus,
1989 3001 2044 3045 et
2075 2993 2119 3048 si

549 3061 665 3128 ejus
694 3061 831 3115 acies
863 3071 1041 3117 curata
1075 3061 1143 3116 ita
1171 3069 1272 3126 est,
1302 3071 1360 3114 ut
1395 3076 1459 3115 ne
1485 3073 1776 3114 caecat-titur
1825 3066 2118 3129 erroribus,

552 3133 610 3185 lit
635 3131 862 3197 perlecta
887 3147 1057 3196 meus,
1085 3132 1134 3186 id
1156 3141 1260 3195 est,
1289 3133 1527 3184 absoluta
1557 3133 1710 3191 ratio,
1735 3147 1850 3197 qum
1876 3133 2012 3184 idem
2037 3143 2119 3187 est

2295 1925 2515 1992 lujnrias
2562 1925 2783 1978 fortuna:
2825 1941 2953 1993 quas
3006 1924 3142 1978 ferre
3183 1939 3436 1991 nequeas.
3478 1923 3793 1993 diﬂugiendo

2223 1997 2514 2058 relinquas.
2564 1995 2628 2046 Et
2673 1996 2786 2047 haec
2828 1992 3088 2048 Salliciaill
3131 2010 3197 2048 ex
3250 1995 3644 2061 Qumstionibus
3692 1992 3797 2048 Tu-

2222 2065 2453 2118 sculanis
2485 2065 2645 2117 Marci
2677 2065 2830 2118 Tullii
2859 2065 3154 2119 Ciceronis.

2316 2175 2398 2230 Ea:
2422 2177 2550 2230 libro
2579 2187 2718 2231 sexto
2748 2178 2810 2231 de
2845 2175 3120 2246 Republica
3153 2173 3227 2228 Μ.
3256 2173 3396 2230 Tull.
3424 2174 3702 2231 Ciceronis.

2295 2287 2379 2341 Fit
2412 2290 2553 2342 enim
2584 2303 2724 2356 sirpe
2767 2286 2877 2342 fere
2921 2297 2978 2342 ut
3021 2289 3366 2357 cogitationes
3409 2303 3786 2358 sermonesque

2223 2361 2387 2413 nostri
2437 2360 2640 2420 pariant
2670 2359 2864 2425 aliquid
2915 2360 2965 2412 in
3017 2374 3224 2423 somno,
3256 2361 3411 2426 quale
3461 2361 3531 2413 de
3565 2360 3787 2413 llomero

2223 2429 2407 2483 scribit
2438 2430 2654 2490 Ennius,
2686 2430 2752 2482 de
2799 2445 2905 2498 quo
2954 2429 3199 2484 tidelicet
3241 2429 3542 2498 Saepissime
3576 2431 3794 2499 vigilans

2223 2501 2428 2553 solebat
2450 2500 2685 2566 cogit-are
2714 2510 2763 2552 et
2798 2500 2958 2564 loqui.

2292 2568 2549 2622 Omnibus
2571 2570 2657 2633 qui
2709 2571 2930 2635 patriam
2983 2569 3436 2632 conservaverint,
3478 2569 3796 2638 adiuverint,

2221 2640 2486 2696 auxerint.
2519 2652 2722 2692 certum
2764 2654 2884 2694 esse
2915 2643 2964 2690 in
2995 2641 3133 2693 cmlo
3160 2640 3436 2692 delinitqu
3486 2642 3684 2702 locum,
3715 2642 3798 2696 ubi

2224 2708 2362 2762 beati
2391 2710 2718 2774 sempiterno
2744 2724 2859 2762 mtto
2911 2708 3179 2770 fruantur;
3231 2710 3362 2761 nihil
3412 2718 3495 2763 est
3542 2712 3686 2764 enim
3727 2712 3797 2765 illi

2225 2779 2443 2845 principi
2477 2779 2604 2843 Deo,
2635 2781 2719 2842 qui
2746 2794 2957 2831 omnem
3004 2779 3255 2832 mundum
3297 2780 3452 2847 regit,
3478 2783 3622 2846 quod
3674 2782 3790 2848 qui-

2221 2849 2343 2900 dem
2383 2848 2433 2901 in
2466 2855 2620 2903 terris
2658 2851 2744 2902 liat
2773 2849 3059 2916 acceptius,
3090 2863 3245 2917 quam
3275 2850 3494 2903 concilia
3524 2859 3797 2917 aptusque

2224 2917 2494 2971 hominum
2548 2918 2668 2985 jure
2723 2920 2926 2980 sociati,
2979 2935 3097 2988 qua:
3149 2919 3389 2972 civitales
3444 2923 3794 2984 appellantur,

2223 2989 2410 3042 barum
2455 2999 2692 3045 rectores
2739 3000 2792 3044 et
2831 2997 3236 3045 conservatores
3285 2988 3410 3046 hinc
3440 2993 3664 3060 protecti
3702 2992 3799 3046 huc

2222 3071 2582 3113 revertentur.

2294 3129 2354 3182 lli
2387 3132 2566 3182 vivunt
2596 3131 2682 3198 qui
2717 3145 2747 3183 e
2785 3143 3067 3198 corporum
3093 3131 3316 3184 vinculis
3355 3142 3604 3198 tanquam
3631 3145 3662 3184 e
3690 3146 3800 3184 caro

551 3203 690 3270 quod
723 3203 906 3276 virtus.
943 3203 1071 3255 Etsi
1103 3216 1262 3256 omne
1301 3201 1512 3276 beatum
1543 3211 1624 3254 est
1659 3200 1742 3253 cui
1777 3202 1907 3254 nihil
1943 3202 2115 3276 deest,
2147 3213 2192 3276 (ς
2225 3213 2347 3252 cere
2371 3202 2735 3268 evolaverunt,
2771 3212 2946 3255 vestra
2988 3215 3118 3255 vero
3160 3203 3249 3271 qui
3274 3200 3466 3256 dicitur
3497 3202 3627 3269 vita,
3659 3215 3800 3256 mers

554 3273 766 3340 etquod
799 3274 850 3324 in
901 3286 1001 3326 suo
1029 3287 1224 3340 genete
1273 3274 1539 3339 expletum
1583 3279 1743 3335 atque
1791 3273 2116 3327 cumulatum

552 3352 654 3404 est,
683 3342 732 3394 id
753 3340 921 3395 virtus
941 3353 1021 3395 est
1050 3342 1343 3411 proprium,
1369 3351 1512 3396 certe
1531 3354 1717 3395 omnes
1747 3342 1954 3396 virtutis
1982 3357 2026 3397 ci
2049 3359 2122 3397 m-

553 3420 705 3480 potes
734 3411 903 3464 beata:
930 3423 1074 3464 sunt.

625 3480 760 3546 Quid
799 3482 940 3534 enim
966 3482 1117 3536 deest
1165 3482 1228 3534 ad
1275 3483 1409 3534 bene
1454 3481 1712 3546 beateque
1756 3480 2040 3536 vivendum
2069 3483 2119 3538 ei

551 3553 640 3618 qui
671 3551 888 3604 conlidit
935 3553 1046 3605 suis
1089 3552 1263 3617 bonis,
1307 3560 1398 3604 aut
1425 3549 1516 3619 qni
1544 3549 1754 3612 diftidit,
1789 3550 1974 3604 beatus
2001 3566 2123 3608 esse

551 3623 672 3688 quis
702 3621 909 3686 potest?
943 3621 1193 3675 Volumus
1223 3623 1363 3675 enim
1414 3635 1533 3675 eunt
1562 3622 1649 3687 qui
1702 3621 1888 3674 beatus
1916 3625 2004 3682 sit,
2037 3634 2122 3676 tu-

554 3702 665 3744 tum
693 3706 833 3752 esse.
878 3691 1359 3758 inexpugnabilem,
1403 3697 1608 3755 septum
1640 3701 1796 3759 atque
1835 3692 2120 3758 munitum,

553 3777 657 3816 tton
692 3772 747 3814 ut
777 3776 941 3829 parvo
967 3771 1109 3815 metu
1143 3765 1394 3828 przrditus
1421 3763 1509 3821 sit,
1537 3759 1632 3813 sed
1661 3770 1714 3812 ut
1745 3760 1908 3815 nullo.

622 3831 735 3886 Non
767 3841 889 3884 sunt
927 3835 1058 3886 bona
1089 3832 1312 3886 dicenda
1364 3846 1465 3885 nec
1507 3829 1769 3899 habenda,
1815 3831 2005 3899 quibus
2031 3830 2126 3886 ab-

551 3903 838 3956 undantem
867 3900 990 3955 licet
1027 3916 1148 3956 esse
1193 3901 1567 3955 miserrimum.
1616 3897 1698 3953 An
1744 3897 1952 3954 dubitas
1997 3903 2126 3970 quin

553 3982 809 4040 praestans
837 3973 1158 4037 valetudine,
1188 3972 1407 4037 viribus,
1454 3971 1644 4029 fortun,
1688 3973 1963 4024 acerrimis
1988 3972 2128 4026 inte-

551 4041 900 4110 gerritnisque
925 4041 1192 4108 sensibus,
1222 4043 1359 4095 adde
1384 4041 1567 4106 etiam,
1595 4040 1639 4092 si
1673 4040 1818 4102 libet,
1848 4041 2128 4108 pernicita-

554 4123 658 4165 tem
700 4125 751 4164 et
782 4112 1134 4176 velocitatem,
1191 4111 1257 4164 da
1304 4111 1538 4173 divitias,
1592 4111 1840 4169 honores,
1883 4110 2126 4176 imperia,

552 4195 702 4249 Opes,
741 4180 986 4251 gloriam,
1037 4181 1083 4236 si
1113 4179 1273 4236 fuerit
1303 4182 1346 4235 is
1385 4181 1474 4248 qui
1519 4180 1846 4251 haecgliabet,
1878 4181 2125 4248 iujustus,

554 4249 933 4315 intemperans,
969 4252 1204 4316 timidus,
1255 4252 1430 4306 hebeti
1479 4249 1691 4319 ingenio
1733 4257 1893 4318 atque
1959 4251 2122 4317 nullo,

556 4319 894 4375 dubltabisne
924 4330 979 4375 tu
1007 4335 1131 4375 eum
1159 4320 1517 4374 miserrimum
1551 4319 1770 4374 dicere?

629 4392 719 4443 Sic
773 4389 1016 4460 ptinet-pe
1063 4392 1150 4445 ille
1195 4390 1541 4460 philowpititc
1589 4390 1907 4453 disserebat,
1956 4392 2129 4458 qualis

555 4460 808 4527 cujusque
829 4457 1047 4515 eﬂectus
1073 4471 1236 4526 esset,
1264 4457 1422 4513 taletn
1451 4476 1569 4516 esse
1617 4461 1914 4524 hominem;
1956 4457 2127 4529 qualis

555 4541 729 4585 autem
758 4533 915 4598 homo
945 4532 1056 4598 ipse
1082 4542 1246 4592 esset,
1279 4535 1438 4584 talem
1482 4546 1604 4584 esse
1643 4529 1758 4598 ejus
1787 4533 2079 4584 orationem
2108 4547 2123 4595 ;

556 4597 784 4652 orationi
811 4605 985 4652 autent
1015 4597 1150 4654 facta
1180 4601 1469 4663 simillima,
1517 4597 1684 4653 factis
1716 4604 1839 4652 vita.
1891 4602 2126 4655 Allectus

556 4679 730 4722 autem
755 4668 917 4722 animi
950 4669 1000 4724 in
1053 4670 1193 4724 bono
1240 4671 1352 4722 viro
1399 4669 1692 4732 laudabilis,
1724 4681 1776 4723 et
1819 4673 1923 4723 vita
1968 4672 2128 4738 igitur

558 4739 836 4795 laudabitis
884 4738 1006 4794 boui
1055 4740 1150 4794 viri
1176 4751 1226 4794 et
1255 4741 1484 4807 honesti,
1539 4739 1821 4809 exquibus
1866 4742 2125 4796 bonorum

557 4809 763 4866 beatum
797 4809 953 4861 vitam
986 4825 1104 4863 esse
1131 4811 1490 4864 concluditur.

633 4878 721 4933 Vir
751 4887 1092 4946 temperatus,
1122 4890 1392 4940 constans,
1420 4879 1536 4934 sine
1565 4889 1733 4945 metu,
1761 4881 1879 4933 sine
1913 4881 2128 4948 mgritu-

557 4948 704 5015 dine,
725 4950 841 5003 sine
858 4950 1134 5004 alacritate
1158 4950 1285 5012 ulla,
1308 4950 1424 5004 sine
1450 4949 1686 5012 libidine,
1709 4964 1885 5003 nonne
1907 4951 2128 5004 beatus?

558 5020 718 5074 Beata
747 5018 854 5071 vita
883 5019 1182 5085 laudabilis,
1213 5034 1310 5072 nec
1337 5020 1622 5088 quidquam
1649 5023 1767 5075 sine
1792 5021 1984 5076 virtute
2016 5022 2130 5074 lau-

556 5089 750 5143 dabile.
784 5090 939 5143 Beata
971 5089 1128 5156 igitur
1158 5091 1227 5143 ita
1256 5089 1360 5142 vita
1392 5091 1583 5145 virtute
1606 5089 1905 5144 conﬁcitur.

594 5157 844 5237 .AEtenim
875 5166 934 5211 ut
953 5158 1333 5215 stultilia.etsi
1359 5160 1560 5237 adepta
1589 5168 1672 5214 est
1695 5159 1842 5229 quod
1871 5159 2126 5237 concupi-

553 5229 965 5300 vit,_nur_tquam
999 5242 1056 5281 se
1084 5238 1267 5300 tamen
1293 5229 1428 5284 satis
1458 5241 1813 5286 consecutam
1843 5240 2020 5300 putat,
2053 5229 2136 5288 sic

557 5294 834 5362 sapientia
857 5311 1077 5365 semper
1115 5314 1183 5353 eo
1214 5298 1469 5355 Contenta
1500 5309 1607 5360 est,
1641 5301 1784 5370 quod
1820 5294 2136 5368 adest,ne-

556 5378 662 5432 que
695 5379 820 5417 cum
870 5382 1112 5439 unquam
1148 5372 1234 5424 sui
1269 5371 1525 5439 pmuitet.
1562 5371 1652 5428 Sic
1693 5389 1753 5428 se
1788 5390 1876 5430 res
1913 5373 2081 5428 habet
2110 5387 2128 5426 :

558 5445 610 5487 te
645 5443 760 5492 tua.
785 5449 873 5490 me
902 5437 1177 5493 delectant
1209 5437 1350 5494 mea.

630 5503 920 5626 Nunqua‘m
953 5518 1203 5564 naturam
1232 5526 1350 5566 mos
1378 5511 1570 5579 vincit,
1600 5520 1683 5567 est
1709 5513 1854 5568 enim
1894 5529 1960 5569 ea
1988 5528 2134 5570 sem-

631 5590 657 5626 l’
697 5589 840 5626 ιιινιρ
865 5593 920 5626 a.

556 5589 1004 5725 pega'jiigitct'iiiest
1020 5647 1170 5725 enim
1197 5651 1662 5725 pr0prinm,nih_i_l
1687 5653 1834 5722 quod
1858 5655 2129 5725 paenitere

554 5716 728 5790 possit
756 5715 956 5790 facere,
979 5718 1117 5773 nihil
1145 5715 1412 5783 invitum:
1437 5715 1749 5790 splendide,
1775 5715 2120 5790 constanter,

556 5786 822 5865 graviter.
850 5786 1314 5865 honeste_omnia,
1346 5786 1484 5865 nihil
1517 5793 1588 5865 ita
1619 5807 1938 5865 exrspeCtare
1969 5786 2128 5865 quasi

555 5867 710 5911 certo
734 5857 1005 5926 futurum,
1021 5859 1162 5916 nihil
1181 5874 1307 5915 cum
1327 5863 1607 5932 acciderit,
1627 5857 1907 5930 admirari,
1929 5857 2127 5922 ut'ino~

2155 4567 2204 4626 D

2223 3279 2327 3322 CSI.

2291 3337 2402 3392 Nisi
2442 3339 2584 3394 enim
2633 3338 2793 3404 Deus,
2826 3342 2869 3395 is
2917 3341 3066 3410 cujus
3112 3340 3211 3395 hoc
3241 3343 3491 3409 templum
3523 3351 3607 3396 est
3644 3355 3798 3396 omne

2223 3410 2359 3477 quod
2402 3411 2687 3474 ευιιδιιίρὶε,
2742 3411 2856 3466 istis
2896 3420 2946 3466 te
2983 3413 3220 3479 corporis
3259 3413 3513 3465 custodiis
3542 3414 3797 3466 liberave-

2225 3479 2316 3543 rit,
2351 3480 2454 3533 huc
2484 3480 2576 3532 tibi
2604 3481 2778 3533 aditus
2809 3491 2988 3547 patere
3017 3498 3122 3535 non
3153 3491 3341 3548 pateat.
3377 3481 3630 3537 Homines
3658 3497 3797 3536 cntnt

2224 3561 2348 3600 sunt
2377 3552 2475 3603 bac
2502 3551 2618 3622 lege
2657 3552 2916 3620 generati,
2949 3554 3034 3619 qui
3067 3562 3340 3622 tuerentur
3382 3552 3530 3606 illum
3561 3555 3795 3622 globum,

2224 3632 2385 3690 quem
2413 3621 2463 3672 in
2497 3621 2596 3673 hoc
2645 3621 2840 3688 templo
2873 3624 3101 3676 medium
3141 3621 3287 3675 vides
3330 3636 3450 3690 qua:
3503 3621 3644 3676 terra
3673 3622 3801 3676 dici-

2227 3696 2332 3753 tur,
2377 3689 2565 3758 hisque
2614 3691 2823 3746 animus
2872 3693 3027 3746 datus
3077 3700 3158 3746 est
3203 3706 3268 3746 ex
3319 3692 3424 3746 illis
3459 3691 3801 3757 sempiternis

2229 3757 2454 3827 ignibus,
2481 3757 2604 3827 qua:
2641 3762 2821 3816 sidera
2851 3771 2903 3816 et
2945 3762 3127 3816 stellas
3156 3762 3377 3830 \Otllil,
3410 3777 3530 3830 qua:
3560 3763 3801 3816 rotunda

2226 3837 2280 3882 et
2307 3831 2556 3898 globosae,
2591 3831 2782 3884 divinis
2818 3834 3066 3886 animata:
3095 3833 3381 3893 mentibus,
3421 3833 3652 3887 circulos
3679 3846 3802 3887 suos

2229 3901 2492 3968 orbesque
2540 3900 2831 3956 conliciunt
2872 3902 3167 3956 celeritate?
3193 3903 3446 3956 mirabili.
3493 3904 3673 3968 Quare
3711 3901 3802 3956 tibi

2229 3967 2378 4039 l'ubli
2409 3980 2459 4022 et
2492 3969 2593 4039 piis
2635 3972 2880 4026 omnibus
2911 3972 3217 4026 retinendus
3245 3975 3454 4027 animus
3481 3967 3563 4026 est
3609 3973 3665 4028 in
3709 3988 3802 4028 cu-

2227 4038 2397 4111 s_t0dia
2421 4038 2682 4111 corporis,
2714 4056 2814 4096 nec
2841 4041 3044 4110 injussu
3067 4043 3183 4111 ejus
3204 4057 3232 4094 a
3262 4055 3370 4110 quo
3413 4042 3502 4097 ille
3529 4053 3613 4098 est
3653 4043 3804 4098 uobis

2229 4107 2404 4180 datus,
2445 4107 2525 4163 οι
2561 4109 2792 4165 hominis
2819 4107 2922 4166 vita
2969 4107 3301 4180 migrandum
3348 4121 3449 4175 est,
3495 4127 3562 4166 ne
3611 4127 3804 4168 munus

2232 4176 2519 4250 humanum
2573 4183 2895 4250 assignatum
2939 4195 2971 4236 ι
3021 4176 3129 4236 σεο
3181 4183 3450 4250 defugisse
3492 4182 3799 4238 videamini.

2231 4248 2334 4302 Sed
2373 4248 2954 4323 sic,Sciplii,ju5titiam
2983 4252 3118 4316 cole,
3150 4262 3203 4323 et
3234 4248 3482 4320 pietatem
3529 4269 3650 4320 qua
3684 4269 3802 4310 cum

2233 4333 2418 4397 magna
2462 4335 2513 4373 ιιι
2565 4322 2965 4400 parentibus_et
3013 4322 3337 4400 propinquis,
3383 4331 3494 4378 tum
3539 4325 3594 4378 in
3635 4328 3802 4394 patria

2231 4392 2458 4441 maxime
2486 4401 2588 4452 est,
2619 4404 2681 4443 ea
2714 4392 2816 4444 vita
2846 4393 2926 4444 via
2957 4401 3039 4444 est
3076 4392 3126 4445 in
3153 4406 3370 4446 emtum.

2303 4456 2427 4530 llatc
2455 4461 2692 4514 cudestia
2731 4475 2944 4530 semper
2980 4472 3240 4529 spectato,
3284 4462 3373 4515 illa
3417 4461 3647 4518 humana
3677 4479 3802 4519 con-

2233 4529 2474 4600 temnito.
2503 4530 2580 4582 'l‘n
2610 4532 2753 4584 enim
2800 4546 2958 4600 quam
3002 4533 3363 4586 celebritatem
3413 4536 3680 4589 sermonis
3706 4535 3803 4589 bo-

2232 4598 2428 4651 minum
2456 4639 2479 4671 ,_
2507 4611 2622 4671 aut
2660 4598 2830 4664 quam
2870 4608 3221 4669 expetendam
3269 4603 3521 4669 consequi
3575 4606 3796 4671 gloriam
3871 4619 3874 4621 ‘

2229 4678 2400 4748 potes,
2435 4669 2581 4748 vides
2613 4670 2837 4748 habitari
2867 4686 3002 4748 rarts
3025 4682 3082 4748 et
3113 4673 3349 4739 angustis
3376 4672 3427 4724 in
3468 4669 3623 4748 locis,
3665 4687 3720 4748 et
3747 4677 3798 4731 in

2227 4738 2355 4804 ιιι-ιε
2383 4738 2530 4806 quasi
2558 4741 2798 4806 maculis,
2833 4740 2919 4793 ubi
2965 4738 3251 4807 habitatur,
3281 4751 3455 4795 vastas
3485 4738 3797 4801 solitudines

2228 4808 2550 4878 iuterjectas,
2583 4813 2784 4875 hosque
2825 4811 2917 4878 qui
2961 4812 3196 4866 incolunt
3221 4826 3328 4865 non
3373 4813 3533 4866 modo
3561 4813 3794 4870 interru-

2231 4886 2345 4943 ptns
2387 4880 2458 4931 ita
2499 4893 2641 4942 esse,
2671 4889 2730 4932 ut
2756 4880 2885 4934 nihil
2932 4881 3070 4936 inter
3105 4883 3248 4950 ipsos
3299 4882 3368 4935 ab
3413 4882 3532 4935 aliis
3569 4885 3636 4938 ad
3664 4887 3798 4940 alios

2227 4961 2447 5002 manere
2480 4952 2678 5016 possit;
2717 4951 2810 5003 sed
2856 4952 3045 5021 partim
3071 4953 3334 5021 obliquos,
3383 4953 3574 5019 partim
3625 4965 3800 5009 trans-

2229 5030 2430 5080 versus,
2456 5023 2646 5095 partim
2675 5033 2860 5074 omnes
2883 5019 3144 5095 adversus
3173 5019 3512 5095 stat-evobis,
3546 5038 3578 5077 ι
3606 5026 3799 5095 quibus

2225 5096 2468 5159 spectare
2495 5087 2714 5156 gloriam
2740 5098 2885 5144 certe
2911 5092 3112 5146 nullam
3143 5091 3383 5159 potestis.

2297 5156 2419 5234 Non
2441 5159 2596 5234 modo
2625 5174 2748 5214 non-
2776 5169 3052 5234 eternium,
3095 5156 3191 5216 sed
3239 5174 3310 5217 ne
3347 5162 3648 5217 diuturnam
3679 5163 3799 5234 qui-

2227 5225 2346 5282 dem
2371 5229 2591 5296 gloriam
2621 5230 2830 5297 assequi
2863 5244 3165 5298 possumus.

2300 5298 2459 5364 lgitur
2487 5298 2593 5370 alte
2621 5309 2863 5366 spectare
2901 5300 2946 5353 si
2985 5301 3149 5368 voles,
3173 5308 3332 5370 atque
3358 5300 3494 5356 hanc
3533 5302 3716 5358 sedem
3741 5312 3794 5360 et

2225 5377 2497 5439 meritam
2531 5367 2748 5439 domum
2802 5373 3085 5436 contueri,
3131 5367 3304 5439 neque
3358 5383 3410 5427 te
3463 5375 3793 5429 sermonibus

2231 5435 2371 5504 vulgi
2400 5436 2634 5501 dederis,
2663 5453 2769 5512 nec
2790 5439 2840 5492 itt
2867 5435 3099 5508 prztniis
3122 5435 3365 5512 humanis
3383 5456 3531 5510 spem
3557 5445 3796 5512 posueris

2226 5520 2406 5580 rerum
2432 5515 2662 5580 tuarum,
2691 5509 2804 5580 suis
2841 5516 2896 5564 te
2937 5511 3201 5580 illecebris
3229 5509 3438 5580 oportet
3482 5509 3594 5578 ipsa
3626 5517 3789 5569 virtus

2229 5576 2404 5654 trahat
2426 5575 2496 5654 ad
2527 5579 2921 5654 verumdecus.
2951 5579 3101 5647 Quod
3152 5581 3220 5636 de
3263 5575 3440 5654 iegatii
3489 5575 3791 5654 loquantur,

2226 5645 2327 5715 ipsi
2356 5645 2590 5718 videant,
2631 5647 2726 5718 sed
2768 5645 3052 5718 loquentur
3085 5660 3286 5706 tamen.
3314 5651 3507 5716 Sermo
3530 5645 3674 5707 eiii
3707 5645 3794 5707 ille

2226 5716 2400 5793 omnis
2419 5725 2475 5772 et
2501 5716 2759 5793 angustiis
2782 5716 3009 5787 cingitur
3030 5721 3432 5793 bis‘reg’touum,
3458 5736 3595 5793 quas
3624 5724 3789 5778 vides.

2227 5784 2339 5858 μεθ
2361 5784 2592 5858 unquam
2612 5787 2681 5843 de
2710 5788 2818 5843 ullo
2840 5784 3088 5858 perennis
3111 5784 3228 5858 fuit',
3253 5784 3498 5846 obruitur
3519 5794 3787 5850 hominem

2233 5855 2468 5925 interitu,
2500 5857 2766 5915 oblivione
2793 5855 3114 5929 pnstcritatis
3142 5855 3516 5933 exstinguitur.
