4162 6212
306 381 333 435 1
343 380 448 438 095

376 492 608 546 Bellator
638 490 789 546 fortis
819 488 908 560 qui
934 504 992 547 se
1023 489 1217 559 poterit
1246 503 1526 559 superare.

373 563 464 617 Bis
488 570 697 631 gratum
728 559 931 629 tribuit,
962 562 1053 629 qui
1080 561 1219 627 quod
1256 562 1419 615 debet
1447 560 1555 616 cito
1575 559 1770 614 reddit.

375 633 610 688 Blandus
635 634 925 687 mansuetis
952 636 1050 695 sis.
1074 632 1452 693 districtusmte
1481 632 1748 699 superbis.

382 704 557 759 Bestia
584 704 819 757 crudelis
840 714 944 767 est,
970 717 1063 756 cor
1094 717 1275 770 pravte
1304 704 1563 756 mulieris.

376 775 566 829 Bibere
584 783 638 828 et
661 774 981 827 manducare
1004 772 1133 826 nulli
1160 788 1475 827 com-essum
1501 782 1583 827 est
1604 770 1671 826 ad
1704 773 1883 837 gulam

295 845 643 912 explendam,
673 845 766 899 sed
794 844 859 898 ad
890 844 1082 898 famem
1110 845 1363 913 sitimque
1388 846 1837 911 restringendam.

375 916 554 970 Bonus
600 931 707 969 non
738 925 849 980 est,
899 930 1057 984 quem
1096 916 1357 970 malorum
1408 915 1727 985 improbitas
1780 930 1884 968 non

300 986 572 1058 probavit.

1077 1080 1120 1136 C

373 1193 616 1251 Charitas
661 1211 767 1253 non
809 1204 891 1250 est
937 1195 1007 1248 ab
1051 1193 1160 1249 ullo
1203 1191 1590 1264 cxtorquenda,
1622 1191 1715 1247 sed
1757 1206 1878 1247 enm

299 1266 575 1324 baneliciis
612 1265 963 1335 exquirenda.

377 1339 623 1391 Charitas
654 1338 859 1399 patiens
883 1347 985 1399 est,
1016 1336 1242 1405 benigna
1272 1342 1377 1391 est.

373 1407 616 1463 Charitas
645 1410 818 1476 aperit
848 1406 1240 1461 multitudinem
1274 1418 1631 1473 peccatorum.

372 1480 575 1532 Charus
606 1492 761 1532 nemo
789 1493 917 1531 suos
943 1477 1161 1531 C‘xristo
1193 1493 1503 1546 praeponere
1542 1477 1726 1531 debet.

373 1550 784 1632 (yelienarrant
820 1550 1040 1618 gloriam
1074 1548 1187 1613 Dei,
1213 1560 1266 1602 et
1294 1562 1457 1618 opera
1485 1563 1737 1601 manuum
1765 1546 1885 1615 ejus

300 1620 584 1675 ann'nutiat
619 1620 1034 1673 ﬁrmamentum.

370 1691 506 1745 Cum
538 1692 711 1745 electo
734 1693 935 1746 electus
964 1689 1107 1753 eris,
1137 1697 1191 1742 ct
1228 1703 1348 1741 cum
1380 1702 1634 1759 perverso
1667 1703 1886 1756 perver-

299 1762 450 1816 teris.

375 1832 483 1912 Cor
508 1830 797 1912 contritum
829 1840 882 1883 et
914 1828 1249 1910 humiliatum
1292 1830 1431 1912 Deus
1463 1844 1568 1912 non
1597 1828 1876 1912 despiciet.
1916 1853 1961 1912 Β

326 1922 333 1929 ο
371 1903 688 1957 Cousiderat
716 1913 961 1971 peccator
986 1902 1214 1969 justum,
1256 1910 1311 1954 ct
1336 1901 1527 1969 quwrit
1560 1900 1885 1954 utoitilicare

298 1988 445 2028 cum.
1715 2028 1719 2032 .

372 2042 520 2096 Caliv
549 2043 599 2097 in
632 2058 790 2095 manu
826 2041 1035 2096 Domini
1062 2042 1166 2095 vini
1200 2044 1331 2095 meri
1367 2040 1555 2107 plenus
1588 2039 1769 2094 misto.

373 2113 711 2167 Conﬁtentini
760 2112 984 2165 Domino
1030 2113 1284 2177 quoniam
1331 2113 1520 2175 bonus,
1552 2112 1802 2180 quoniam
1838 2113 1888 2165 in

298 2188 559 2251 arculum
590 2184 956 2237 misericordia
982 2182 1120 2251 ejus.

300 2254 513 2378 Ducunt
535 2255 747 2308 dederit
769 2254 995 2308 dilectus
1016 2250 1133 2308 Suis
1154 2267 1427 2317 somnum,
1452 2267 1579 2309 ecce
1605 2250 1891 2307 hgrrrditas

386 2341 535 2378 lﬂllll.

386 2341 535 2379 lﬂllll.

371 2395 614 2449 Custodit
646 2398 787 2450 Deus
824 2408 1014 2448 omnes
1044 2394 1329 2462 diligentes
1356 2408 1437 2459 se,
1467 2404 1519 2447 et
1546 2408 1735 2448 omnes
1769 2408 1893 2461 pec-

304 2477 516 2521 catores
541 2466 834 2530 disperdet.

373 2535 508 2590 Cum
538 2536 666 2591 lacis
711 2539 1135 2607 elocutosynam,
1162 2534 1364 2589 nesciat
1384 2534 1606 2589 sinistra
1649 2548 1733 2589 tua
1766 2535 1891 2606 quid

304 2606 467 2660 faciat
492 2608 676 2661 dextra
708 2619 816 2660 tua.

370 2678 583 2731 (Icelum
609 2688 663 2730 ct
694 2688 832 2732 terra
864 2676 1193 2744 transibunt,
1240 2676 1402 2730 verba
1446 2683 1628 2729 autem
1663 2676 1754 2730 Dei
1786 2691 1891 2732 non

299 2749 625 2802 transibunt.

374 2818 561 2873 Caicus
586 2819 629 2872 si
658 2833 802 2873 ca-co
830 2817 1078 2872 ducatum
1112 2816 1366 2886 praebeat,
1400 2815 1559 2871 ambo
1600 2817 1653 2871 in
1679 2816 1893 2873 foveam

295 2893 519 2944 cadunt.

370 2959 638 3029 Cogitatio
687 2957 906 3014 humani
956 2958 1133 3014 cordis
1184 2972 1351 3028 prona
1397 2969 1480 3014 est
1508 2958 1560 3013 in
1600 2957 1798 3014 malum
1825 2958 1893 3014 ab

301 3029 661 3085 adolescentia
689 3045 807 3084 sua.

374 3099 595 3155 Curatio
620 3114 835 3155 cessare
866 3100 990 3155 facit
1032 3109 1249 3169 peccata
1282 3099 1535 3154 maxima.

372 3172 509 3224 Cum
540 3172 836 3237 placuerint
863 3172 1088 3226 Domino
1118 3172 1216 3225 vite
1250 3171 1502 3239 hominis,
1527 3169 1725 3226 inimici
1753 3186 1886 3242 quo-

298 3257 408 3313 que
434 3242 547 3309 ejus
576 3252 956 3313 convertentur
981 3244 1286 3313 adparent.

371 3312 735 3383 Cogitationes
759 3314 1023 3383 iustorum
1048 3312 1268 3381 judicia.

297 3452 356 3511 ω
373 3381 483 3508 (iiut-
510 3381 649 3453 regis
676 3382 732 3437 in
757 3396 915 3437 manu
945 3382 1064 3451 Dei,
1087 3384 1388 3452 ubicunque
1412 3382 1643 3439 voluerit
1671 3381 1890 3439 inclinat

364 3470 396 3507 u
440 3493 453 3507 .

364 3470 453 3507 ua.

370 3522 668 3581 Considera
699 3537 859 3590 opera
894 3523 1009 3588 Dei,
1041 3524 1182 3593 quod
1228 3540 1389 3581 nemo
1429 3527 1597 3595 possit
1623 3539 1745 3581 eum
1771 3539 1891 3579 cor-

298 3597 497 3667 rigere,
530 3609 688 3664 quem
717 3595 805 3648 ille
834 3594 1161 3667 despexerit.

370 3664 617 3722 Cir-culus
662 3680 869 3721 aureus.
902 3667 959 3720 in
998 3666 1215 3723 naribus
1260 3664 1396 3732 suis,
1426 3666 1623 3721 mulier
1668 3666 1892 3735 pulchra

299 3744 357 3792 et
385 3738 547 3791 fatua.

370 3809 478 3862 Cor
506 3804 738 3861 hominis
764 3805 998 3871 disponit
1024 3806 1165 3862 viam
1196 3821 1374 3875 suam,
1416 3806 1511 3862 sed
1559 3805 1766 3860 Domini
1807 3814 1892 3861 est

297 3876 533 3947 dirigere
558 3892 775 3947 gressus
801 3878 939 3948 ejus.

342 3945 850 4072 bC’t'irrsapientioni
883 3948 972 4003 ubi
1012 3946 1227 4003 tristitia
1265 3956 1369 4014 est,
1394 3953 1451 4002 et
1485 3961 1581 4003 cor
1603 3945 1889 4002 stultorum

378 4034 392 4071 t
447 4035 490 4072 ae
519 4031 632 4071 tua.

299 4019 392 4073 ubi
425 4019 632 4073 laetitia.

374 4088 483 4143 Cor
509 4087 651 4158 quod
683 4086 839 4143 novit
862 4088 1271 4144 amaritudinem
1300 4090 1495 4143 animae
1518 4102 1653 4156 suae,
1683 4087 1735 4140 in
1764 4102 1894 4158 gau-

298 4157 392 4213 dio
418 4157 538 4228 ejus
565 4174 668 4213 non
700 4160 1013 4214 miscebitur
1040 4172 1348 4215 extraneos.

372 4230 700 4285 Convertere
729 4232 794 4283 ad
826 4230 1128 4296 Dominum,
1161 4242 1217 4285 et
1247 4233 1489 4297 relinque
1532 4240 1748 4297 peccata
1779 4239 1889 4286 tua.

367 4300 503 4354 Cani
529 4309 655 4355 sunt
677 4302 1152 4367 sensusbominis,
1194 4313 1250 4355 et
1291 4312 1420 4355 aetas
1464 4305 1759 4356 senectutis
1785 4304 1891 4356 vita

300 4369 665 4426 immaculata.

374 4439 473 4494 Cui
506 4442 729 4495 multum
760 4443 940 4509 datur,
970 4445 1197 4496 multum
1218 4442 1288 4495 ab
1311 4456 1376 4497 eo
1404 4441 1654 4509 exigitur.

334 4510 759 4592 .Confortamiui
810 4515 865 4568 in
916 4514 1182 4581 Domino,
1233 4523 1290 4567 et
1330 4514 1382 4566 in
1434 4513 1668 4580 potentia
1720 4511 1890 4568 virtus

295 4595 439 4650 ejus.

372 4650 546 4708 Corde
588 4654 826 4711 creditur
866 4655 931 4709 ad
957 4654 1238 4726 justitiam,
1272 4668 1363 4709 ore
1408 4661 1585 4709 autem
1622 4652 1892 4710 confessio

297 4721 361 4776 fit
389 4725 454 4777 ad
480 4726 727 4781 salutem.
959 4721 973 4726 ⁷
1384 4728 1387 4729 ⁷

367 4791 511 4867 Caro
554 4796 886 4867 concupiscit
931 4796 1188 4852 adversus
1231 4794 1501 4867 spiritum,
1534 4794 1752 4865 spiritus
1789 4808 1889 4850 au—

298 4872 411 4918 tem
436 4866 693 4922 adversus
720 4866 959 4924 Carnem.

369 4934 582 5008 corpus
629 4941 773 5005 quod
817 4938 1181 5007 corrumpitur
1232 4945 1485 5008 aggravat
1524 4937 1779 5001 animam,
1832 4947 1890 4993 et

294 5004 553 5077 deprimit
576 5004 793 5062 sensum
822 5012 985 5063 multa
1010 5004 1354 5077 cogitantem.

373 5076 739 5145 Corrumpunt
768 5093 945 5135 mores
974 5075 1146 5134 bonos
1170 5075 1434 5145 colloquia
1467 5077 1628 5132 mala.

370 5143 717 5219 conﬁtemini
770 5152 1083 5203 alterutrum
1134 5143 1351 5219 peccata
1399 5158 1596 5216 vestra,
1646 5158 1699 5203 et
1736 5158 1888 5206 orate

295 5229 396 5285 pro
423 5217 654 5273 invicem
685 5230 741 5273 ut
770 5222 1071 5273 salvemiui.

368 5286 504 5361 Cum
531 5287 672 5361 Deus
699 5292 877 5344 omnia
910 5291 1088 5346 facere
1114 5289 1301 5360 possit,
1324 5290 1523 5345 malum
1552 5297 1733 5347 tamen
1760 5290 1886 5361 quia

296 5356 435 5411 nihil
460 5366 566 5425 est,
596 5360 770 5415 facere
800 5377 903 5414 non
933 5356 1131 5428 potest;

368 5428 610 5502 Credens
642 5431 805 5485 Deum
833 5435 1012 5486 omnia
1041 5446 1197 5501 posse
1224 5440 1501 5501 praestare,
1530 5433 1694 5502 petita
1723 5432 1886 5488 citius

295 5511 536 5553 meretur
566 5501 831 5557 obtinere.

368 5569 565 5624 Contra
611 5570 779 5626 Deum
828 5584 1107 5628 consulum
1156 5587 1256 5627 nec
1296 5586 1545 5644 magnum
1586 5586 1687 5629 nec
1722 5572 1883 5629 mini-

368 5712 549 5789 Causa.
567 5726 699 5789 quze
720 5728 825 5766 non
855 5714 1201 5783 prtuvidetur,
1241 5727 1347 5771 non
1392 5714 1653 5785 permittit
1695 5730 1885 5789 quem-

294 5794 455 5852 quam
484 5780 551 5835 ad
578 5785 797 5838 meliora
824 5780 1104 5851 prolicere.

368 5852 625 5910 Coactum
654 5857 928 5913 servitium
961 5857 1103 5917 Deus
1127 5872 1237 5915 non
1264 5856 1479 5930 quaerit.

1519 374 2061 434 PIlOVERBlDRUM
2102 373 2327 432 LIBER.

1915 497 1965 551 Α
2061 487 2254 541 Custos
2275 486 2537 541 castitatis
2564 495 2648 543 est
2679 485 2848 542 virtus
2878 485 3223 543 humilitatis.

1915 3209 1963 3272 C

3445 376 3584 434 M96

1993 626 2008 655 ⁸
2033 556 2185 682 ’,οῖδα
2213 558 2274 682 inl
2294 557 2517 612 crimina
2548 556 2751 630 majora
2781 561 3007 626 corruit,
3039 560 3127 630 qui
3176 574 3335 627 parva
3377 575 3475 632 pro
3503 566 3583 621 ni-

1993 644 2103 682 mo
2167 644 2248 682 nct
2280 668 2293 681 .

1993 630 2103 682 hilo
2129 630 2293 682 ducit.

2062 699 2234 775 caput
2260 708 2343 754 est
2375 698 2679 767 discordim,
2708 715 2827 770 quae
2855 714 2922 754 ex
2951 701 3328 755 communibus
3369 707 3582 775 propria

1989 772 2168 826 studet
2194 769 2392 825 facere.

2061 840 2397 895 Continenlia
2431 856 2535 895 non
2566 841 2832 909 corporis,
2856 841 2950 896 sed
2980 841 3144 896 animi
3169 853 3251 897 est
3282 846 3472 900 virtus.

2061 911 2300 965 Consilio
2325 925 2461 977 opus
2490 922 2572 964 est
2601 911 2762 966 facto.

2060 981 2353 1037 Coiicordia
2384 995 2562 1049 parvae
2607 997 2696 1038 res
2733 990 3002 1050 crescunt,
3032 982 3301 1038 discordia
3330 988 3574 1043 maxim:

1989 1053 2319 1108 dilabuntur.

2062 1123 2350 1178 Commoda
2377 1138 2603 1195 qumque
2628 1139 2749 1177 cum
2778 1123 3060 1187 habentur,
3094 1139 3256 1195 parra
3294 1128 3576 1195 videntur;

1989 1209 2114 1248 cum
2145 1211 2270 1248 vero
2301 1192 2588 1258 defuerint,
2618 1204 2877 1263 apparent
2904 1206 3099 1262 quinta
3132 1194 3362 1251 fuerunt.

2060 1264 2248 1340 Carnis
2296 1267 2568 1340 virginitas
2617 1267 2857 1340 quamvis
2901 1267 2970 1340 sit
3016 1267 3202 1340 cadica
3248 1270 3439 1340 virtus,
3475 1286 3582 1326 non

1992 1335 2214 1403 prude~t
2235 1338 2483 1404 cuiquam
2514 1337 2632 1388 sine
2671 1336 2864 1388 tuentis
2891 1336 3221 1405 virginitate.

2061 1406 2400 1460 Consuetudo
2432 1407 2566 1459 mala
2602 1407 2685 1458 vix
2722 1415 2812 1460 aut
2844 1423 3111 1473 nunquam
3143 1419 3449 1476 superatur.

2061 1476 2268 1532 leutu
2301 1492 2407 1531 non
2441 1484 2680 1531 animum
2711 1487 2937 1542 mutant,
2973 1478 3065 1547 qtti
3096 1490 3248 1535 trans
3279 1496 3427 1535 mare
3452 1497 3579 1538 cur-

1989 1558 2133 1600 runt.

2053 1618 2267 1697 Crescit
2298 1632 2450 1673 amor
2487 1617 2713 1684 nummi,
2744 1628 3002 1688 quantum
3054 1620 3167 1689 ipsa
3219 1622 3443 1691 pecunia
3472 1638 3590 1681 cre-

1989 1698 2111 1742 εειι.

2060 1759 2259 1835 Confer
2280 1777 2437 1835 opem
2462 1763 2673 1816 miseris
2697 1775 3069 1829 quamcunque
3094 1762 3264 1828 rales,
3286 1776 3341 1818 et
3372 1764 3577 1835 egenis.

2061 1828 2224 1897 Copia
2259 1828 2514 1886 virtutum
2548 1828 2759 1887 constat
2786 1847 2980 1900 corpus
3016 1836 3154 1887 velut
3187 1849 3373 1888 Unum.

2062 1901 2277 1955 Crunen
2311 1904 2514 1971 mquale
2543 1905 2905 1970 committunt,
2932 1913 2989 1956 et
3017 1904 3061 1957 is
3089 1905 3179 1969 qui
3213 1907 3373 1960 alicui
3402 1906 3587 1964 detra-

1993 1970 2090 2029 hit.
2127 1981 2182 2025 et
2208 1974 2296 2041 qni
2327 1970 2693 2037 delraltentein
2726 1974 2952 2026 libenter
2983 1978 3150 2029 audit.

2061 2042 2195 2095 Cum
2225 2044 2410 2098 dolore
2438 2045 2799 2098 abscindenda
2828 2053 2975 2106 sunt,
3000 2060 3121 2113 qua:
3144 2058 3147 2061 λ
3170 2046 3360 2101 leviter
3398 2050 3579 2105 sanari

1994 2128 2098 2165 non
2130 2124 2373 2181 possunt.

2065 2182 2231 2255 Cujus
2259 2187 2485 2255 quisque
2514 2185 2637 2240 facit
2665 2199 2850 2254 opera,
2881 2184 2998 2252 ejus
3029 2198 3251 2241 vocatur
3283 2187 3441 2243 filius.

2061 2253 2159 2308 Cui
2188 2253 2501 2323 gratum'sit
2533 2259 2704 2311 v-icari
2746 2256 2884 2309 lilius
2932 2256 3047 2321 Dei,
3087 2270 3373 2314 veneretur
3418 2259 3583 2314 Deum

1995 2333 2051 2377 υι
2075 2333 2298 2388 vallem,
2329 2328 2527 2381 faciens
2550 2328 2668 2395 ejus
2692 2330 3035 2380 voluntatem.

2065 2395 2358 2469 Captivitas
2401 2408 2483 2453 est
2532 2400 2783 2465 inasima,
2833 2397 2924 2452 ubi
2966 2398 3160 2452 animae
3206 2402 3435 2469 captivae
3484 2402 3584 2457 du-

1994 2476 2208 2525 cuntur.

2064 2536 2276 2616 Cadcns
2306 2548 2520 2616 apertos
2541 2540 2725 2616 oculos
2756 2538 2935 2603 habet,
2958 2539 3045 2616 qui
3077 2550 3222 2596 recte
3253 2541 3468 2611 quidem
3500 2543 3581 2599 lo-

1993 2609 2086 2677 qui
2113 2609 2237 2671 scit.
2262 2615 2356 2665 sed
2387 2622 2532 2665 recte
2560 2613 2738 2664 vivere
2764 2613 3081 2666 contemnit.

2064 2679 2635 2753 cupienshagnoscere
2677 2691 2871 2753 quanta
2904 2682 2993 2736 Dei
3024 2683 3190 2749 gratia
3229 2681 3298 2737 sit
3326 2683 3468 2739 circa
3498 2700 3583 2753 se,

1995 2747 2244 2821 inspiciat
2272 2747 2442 2812 alios;
2466 2762 2521 2806 et
2543 2752 2971 2821 quantiscunqne
3000 2747 3114 2821 plus
3146 2754 3345 2809 habere
3371 2771 3431 2810 se
3457 2747 3584 2815 seti;

1995 2818 2207 2893 seritiu
2232 2824 2510 2893 sospitate,
2538 2818 2619 2876 vel
2651 2818 3019 2891 intelligentia,
3048 2825 3130 2879 vel
3162 2826 3214 2878 in
3244 2826 3585 2893 possessione

1995 2888 2221 3013 alicujus
2262 2892 2363 2958 rei,
2409 2895 2571 2948 tantis
2618 2894 2753 2948 sciat
2788 2888 2848 2948 se
2885 2907 3007 2949 esse
3049 2888 3296 2951 ditiorem
3331 2898 3379 2950 in
3410 2903 3583 2969 gratia

2078 2975 2111 3011 t.

2065 3028 2377 3106 Communis
2416 3034 2634 3090 morbus
2658 3036 3017 3106 communiter
3044 3046 3133 3092 est
3155 3037 3474 3106 abigendos.

2066 3098 2366 3175 Corrigete
2398 3108 2651 3172 primum,
2678 3105 2763 3175 qui
2794 3120 2971 3163 rector
2999 3110 3075 3161 sis
3101 3098 3350 3163 aliorum.

2066 3174 2407 3249 Conveniens
2434 3177 2558 3249 quid
2580 3179 2650 3232 sit
2680 3174 3010 3246 perpendere
3030 3180 3282 3235 convenit
3302 3181 3471 3238 omni.

2061 3244 2397 3317 Compatitur
2421 3247 2549 3302 nulli
2580 3249 2669 3317 qui
2682 3244 2803 3302 non
2831 3250 2930 3303 sibi
2960 3251 3062 3305 scit
3092 3253 3360 3307 misereri.

2060 3313 2211 3369 Cum
2226 3325 2387 3387 caput
2410 3313 2655 3388 aegrotat,
2680 3332 2883 3389 corpus
2908 3320 3068 3375 simul
3093 3336 3253 3377 omne
3277 3323 3507 3381 laborat.

2763 3454 2808 3510 D

2065 3585 2320 3641 Dominus
2343 3587 2413 3643 de
2453 3588 2592 3643 caelo
2619 3590 2874 3658 prospicit
2915 3604 3077 3659 super
3107 3589 3242 3644 filios
3272 3592 3572 3659 hominum,

1993 3666 2050 3710 ut
2069 3660 2254 3729 yideat
2291 3659 2335 3711 si
2369 3668 2452 3712 est
2480 3659 2781 3729 intelligens
2805 3670 2896 3713 aut
2924 3663 3201 3727 requirens
3234 3662 3423 3715 Deum.

2067 3726 2321 3801 Dominus
2345 3726 2866 3801 interrogat'jnstnm
2898 3740 2951 3784 et
2983 3726 3241 3798 impium;
3274 3734 3363 3801 qui
3392 3742 3579 3789 autem

1991 3796 2163 3869 diligit
2191 3798 2546 3869 iniquitatem,
2576 3796 2691 3855 edit
2714 3803 2944 3855 animam
2973 3796 3144 3855 suam.

2065 3867 2322 3991 [Eminus
2368 3869 2517 3924 dabit
2569 3876 2790 3927 verbum
2844 3872 3335 3941 evangelizantibus
3381 3874 3576 3931 virtute

2065 3955 2082 3991 t
2129 3954 2180 3991 a.

1990 3947 2180 3993 multa.

2068 4008 2321 4064 Dominus
2350 4009 2608 4067 virtutem
2640 4012 2837 4081 populo
2865 4027 2964 4069 suo
2990 4013 3156 4071 dabit.
3202 4014 3458 4072 Dominus
3487 4019 3578 4073 bc-

1990 4082 2189 4151 nedtcit
2216 4082 2408 4148 populo
2436 4097 2535 4136 suo
2565 4088 2617 4137 in
2647 4099 2793 4151 pace.

2067 4149 2323 4206 Dominus
2341 4152 2444 4207 scit
2461 4149 2813 4224 cogitationes
2837 4154 3132 4221 hominum,
3153 4156 3403 4227 quoniam
3431 4175 3580 4215 trante

2068 4291 2246 4372 Dulcis
2273 4304 2323 4347 et
2373 4307 2571 4372 rectus
2596 4295 2871 4372 Dominus,
2900 4309 3118 4367 propter
3147 4296 3251 4356 hoc
3279 4298 3450 4372 legem
3477 4302 3578 4358 da-

1993 4362 2071 4419 bit
2100 4366 2532 4434 delinquentibus
2559 4369 2611 4421 in
2644 4367 2750 4421 via.

2068 4436 2205 4507 Deus
2230 4435 2389 4503 jndex
2413 4436 2611 4507 justus,
2639 4437 2790 4491 fortis
2814 4447 2868 4493 et
2898 4438 3126 4507 patiens.

2068 4505 2322 4579 Dominus
2354 4505 2605 4563 virtutum
2634 4509 2749 4578 ipse
2772 4520 2858 4563 est
2886 4505 2976 4564 res
3005 4511 3210 4579 gloriae.

1920 4572 1975 4633 D
2070 4576 2207 4629 Deus
2237 4579 2519 4632 ntanileste
2547 4572 2745 4639 veniet.
2777 4588 2833 4633 et
2862 4594 2963 4633 non
2994 4572 3191 4636 ᾗιοὴιι.

2069 4646 2267 4721 Divitcs
2293 4659 2552 4721 eguerunt
2579 4658 2636 4704 et
2664 4654 2987 4712 esurierunt.
3034 4653 3368 4721 inquirentcs
3395 4664 3576 4711 autem

1995 4716 2275 4772 Dominum
2315 4716 2420 4773 non
2446 4720 2750 4774 minuentur
2774 4721 2918 4775 omni
2949 4722 3106 4776 bono.

1990 4859 2042 4914 ά.
2065 4789 2339 4911 υῗιςεοιπυ
2367 4790 2421 4844 iu
2449 4791 2695 4859 Domino,
2728 4804 2782 4846 et
2810 4791 2960 4847 dabit
3003 4792 3097 4848 ubi
3140 4794 3424 4864 petitiones
3450 4811 3576 4854 cor-

2028 4876 2073 4914 ιε
2124 4875 2199 4913 ω.

2028 4869 2073 4914 is
2101 4869 2199 4913 ιω.

2065 4932 2279 4985 Declina
2308 4946 2334 4982 a
2368 4930 2527 4989 malo.
2555 4939 2611 4986 et
2642 4933 2721 4987 fac
2749 4934 2969 4989 bonum.

2066 5002 2195 5056 Date
2224 5014 2275 5057 et
2305 5002 2520 5056 dabitur
2548 5006 2717 5057 vobis.

2064 5071 2346 5140 Dimittitc,
2381 5084 2435 5127 et
2458 5072 2756 5129 dimittetur
2782 5076 2957 5131 vobis.

2063 5142 2206 5197 Deus
2234 5157 2340 5198 non
2368 5152 2453 5198 est
2478 5156 2834 5213 mortuorum,
2865 5149 2959 5203 sed
2989 5147 3303 5204 viventium.
3330 5188 3335 5191 -

2068 5214 2268 5283 Dignus
2298 5223 2380 5267 est
2407 5230 2686 5285 operarius
2713 5220 2962 5273 mercede
2990 5233 3108 5273 sua.

2064 5285 2259 5353 Diliges
2290 5284 2570 5339 Dominum
2598 5284 2764 5340 Deum
2798 5302 2941 5343 tuum
2964 5304 3028 5343 es
3053 5299 3163 5343 toto
3183 5290 3344 5344 corde
3374 5302 3483 5355 tuo,
3518 5301 3574 5346 ct

1985 5363 2190 5432 “tota
2218 5355 2392 5432 anima
2425 5368 2531 5423 tua,
2561 5368 2616 5432 et
2646 5361 2945 5425 proximum
2975 5371 3121 5413 tuum
3153 5360 3292 5414 sicut
3320 5362 3566 5432 teipsum.

2060 5426 2204 5498 Deus
2234 5428 2406 5480 lidelis
2438 5440 2492 5481 et
2520 5430 2722 5496 absque
2753 5432 2855 5483 ulla
2888 5432 3187 5498 iniquitate.

1984 5497 2317 5628 blDominus
2348 5513 2639 5569 pauperem
2677 5499 2803 5555 facit
2844 5509 2900 5555 et
2941 5497 3097 5570 ditat,
3126 5500 3372 5557 bumiliat
3399 5512 3454 5559 et
3478 5519 3568 5558 su-

2046 5584 2146 5622 ima
2177 5607 2190 5619 .

2023 5574 2190 5628 limat.

2057 5637 2315 5766 Daganus
2344 5642 2649 5713 mortiﬁcat,
2683 5643 2933 5711 viviticat,
2964 5642 3181 5701 deducit
3228 5642 3297 5701 ad
3344 5641 3565 5709 inferos,

2063 5728 2089 5765 Γ
2272 5747 2288 5763 .

1984 5723 2041 5771 et
2063 5720 2288 5766 reduc".

2056 5779 2399 5909 itﬁumotime,
2432 5795 2485 5843 et
2515 5787 2761 5843 mandata
2790 5787 2909 5855 eius
2937 5788 3183 5852 observa,
3210 5789 3311 5843 hoc
3338 5796 3420 5841 cst
3446 5798 3565 5842 omo

2056 5872 2068 5909 ι
2135 5865 2218 5904 Ulli
2259 5889 2275 5906 ο

1986 5856 2068 5914 nis
2098 5856 2275 5909 homo.
