  <div class='ocr_page' id='page_1' title='image "/cluster/home/n/w/nwhite01/storage/ocr_20150623/90/hvd.32044054758933/577.png"; bbox 0 0 4162 6212; ppageno 0'>
   <div class='ocr_carea' id='block_1_1' title="bbox 557 380 697 440">
    <p class='ocr_par' dir='ltr' id='par_1_1' title="bbox 557 380 697 440">
     <span class='ocr_line' id='line_1_1' title="bbox 557 380 697 440; baseline -0.029 0"><span class='ocrx_word' id='word_1_1' title='bbox 557 380 697 440; x_wconf 68' lang='lat' dir='ltr'><strong>I099</strong></span> 
     </span>
    </p>
   </div>
   <div class='ocr_carea' id='block_1_2' title="bbox 1022 372 3338 439">
    <p class='ocr_par' dir='ltr' id='par_1_2' title="bbox 1022 372 3338 439">
     <span class='ocr_line' id='line_1_2' title="bbox 1022 372 3338 439; baseline -0.003 -2"><span class='ocrx_word' id='word_1_2' title='bbox 1022 380 1225 437; x_wconf 61' lang='lat' dir='ltr'><strong>BEDE</strong></span> <span class='ocrx_word' id='word_1_3' title='bbox 1266 378 1721 439; x_wconf 74' lang='lat' dir='ltr'><strong>VENERABILIS</strong></span> <span class='ocrx_word' id='word_1_4' title='bbox 1757 377 1907 436; x_wconf 81' lang='lat' dir='ltr'><strong>OI’P.</strong></span> <span class='ocrx_word' id='word_1_5' title='bbox 1948 376 2125 435; x_wconf 74' lang='lat' dir='ltr'><strong>PARS</strong></span> <span class='ocrx_word' id='word_1_6' title='bbox 2162 376 2204 434; x_wconf 85' lang='grc' dir='ltr'><strong>ι.</strong></span> <span class='ocrx_word' id='word_1_7' title='bbox 2243 374 2436 431; x_wconf 83' lang='lat' dir='ltr'><strong>SECT.</strong></span> <span class='ocrx_word' id='word_1_8' title='bbox 2477 375 2541 431; x_wconf 93' lang='lat' dir='ltr'><strong>II.</strong></span> <span class='ocrx_word' id='word_1_9' title='bbox 2580 402 2650 417; x_wconf 92' lang='lat'><strong><em>—</em></strong></span> <span class='ocrx_word' id='word_1_10' title='bbox 2690 373 2899 433; x_wconf 76' lang='lat' dir='ltr'><strong>DUBIA</strong></span> <span class='ocrx_word' id='word_1_11' title='bbox 2939 372 3028 431; x_wconf 75' lang='grc' dir='ltr'><strong>ΕΤ</strong></span> <span class='ocrx_word' id='word_1_12' title='bbox 3066 373 3338 431; x_wconf 76' lang='lat' dir='ltr'><strong>SPURIA.</strong></span> 
     </span>
    </p>
   </div>
   <div class='ocr_carea' id='block_1_3' title="bbox 3686 377 3826 435">
    <p class='ocr_par' dir='ltr' id='par_1_3' title="bbox 3686 377 3826 435">
     <span class='ocr_line' id='line_1_3' title="bbox 3686 377 3826 435; baseline 0.021 -3"><span class='ocrx_word' id='word_1_13' title='bbox 3686 377 3826 435; x_wconf 76' lang='grc' dir='ltr'><strong>ιιοο</strong></span> 
     </span>
    </p>
   </div>
   <div class='ocr_carea' id='block_1_4' title="bbox 615 487 3433 566">
    <p class='ocr_par' dir='ltr' id='par_1_4' title="bbox 615 487 3433 566">
     <span class='ocr_line' id='line_1_4' title="bbox 615 487 3433 566; baseline -0.004 -13"><span class='ocrx_word' id='word_1_14' title='bbox 615 500 676 553; x_wconf 79' lang='lat' dir='ltr'><strong>In</strong></span> <span class='ocrx_word' id='word_1_15' title='bbox 711 509 964 554; x_wconf 73' lang='lat' dir='ltr'><strong>memoria</strong></span> <span class='ocrx_word' id='word_1_16' title='bbox 997 508 1196 553; x_wconf 68' lang='lat' dir='ltr'><strong>aeterna</strong></span> <span class='ocrx_word' id='word_1_17' title='bbox 1227 498 1329 552; x_wconf 88' lang='lat' dir='ltr'><strong>erit</strong></span> <span class='ocrx_word' id='word_1_18' title='bbox 1364 496 1559 566; x_wconf 84' lang='lat' dir='ltr'><strong>justus,</strong></span> <span class='ocrx_word' id='word_1_19' title='bbox 1592 493 1662 550; x_wconf 89' lang='lat' dir='ltr'><strong>ab</strong></span> <span class='ocrx_word' id='word_1_20' title='bbox 1688 491 1962 550; x_wconf 87' lang='lat' dir='ltr'><strong>auditi&#39;oue</strong></span> <span class='ocrx_word' id='word_1_21' title='bbox 1993 491 2129 548; x_wconf 85' lang='lat' dir='ltr'><strong>mala</strong></span> <span class='ocrx_word' id='word_1_22' title='bbox 2160 494 2211 554; x_wconf 73' lang='grc' dir='ltr'>Α</span> <span class='ocrx_word' id='word_1_23' title='bbox 2238 489 2444 566; x_wconf 79' lang='lat' dir='ltr'><strong>volunt,</strong></span> <span class='ocrx_word' id='word_1_24' title='bbox 2470 488 2568 566; x_wconf 84' lang='lat' dir='ltr'><strong>ipsi</strong></span> <span class='ocrx_word' id='word_1_25' title='bbox 2601 502 2733 544; x_wconf 89' lang='lat' dir='ltr'><strong>vero</strong></span> <span class='ocrx_word' id='word_1_26' title='bbox 2760 487 2896 566; x_wconf 81' lang='lat' dir='ltr'><strong>alios</strong></span> <span class='ocrx_word' id='word_1_27' title='bbox 2931 487 3159 566; x_wconf 81' lang='lat' dir='ltr'><strong>tolerare</strong></span> <span class='ocrx_word' id='word_1_28' title='bbox 3186 493 3433 566; x_wconf 82' lang='lat' dir='ltr'><strong>renuunt.</strong></span> 
     </span>
    </p>
   </div>
   <div class='ocr_carea' id='block_1_5' title="bbox 549 572 919 627">
    <p class='ocr_par' dir='ltr' id='par_1_5' title="bbox 549 572 919 627">
     <span class='ocr_line' id='line_1_5' title="bbox 549 572 919 627; baseline -0.008 -2"><span class='ocrx_word' id='word_1_29' title='bbox 549 586 658 625; x_wconf 80' lang='lat' dir='ltr'><strong>rion</strong></span> <span class='ocrx_word' id='word_1_30' title='bbox 692 572 919 627; x_wconf 76' lang='lat' dir='ltr'><strong>timebit.</strong></span> 
     </span>
    </p>
   </div>
   <div class='ocr_carea' id='block_1_6' title="bbox 630 635 2045 712">
    <p class='ocr_par' dir='ltr' id='par_1_6' title="bbox 630 635 2045 712">
     <span class='ocr_line' id='line_1_6' title="bbox 630 635 2045 712; baseline -0.006 -16"><span class='ocrx_word' id='word_1_31' title='bbox 630 642 687 698; x_wconf 92' lang='lat' dir='ltr'><strong>In</strong></span> <span class='ocrx_word' id='word_1_32' title='bbox 718 640 975 712; x_wconf 73' lang='lat' dir='ltr'><strong>patientia</strong></span> <span class='ocrx_word' id='word_1_33' title='bbox 1004 646 1178 694; x_wconf 81' lang='lat' dir='ltr'><strong>vestra</strong></span> <span class='ocrx_word' id='word_1_34' title='bbox 1205 638 1547 712; x_wconf 85' lang='lat' dir='ltr'><strong>possidebitis</strong></span> <span class='ocrx_word' id='word_1_35' title='bbox 1576 635 1783 693; x_wconf 86' lang='lat' dir='ltr'><strong>animas</strong></span> <span class='ocrx_word' id='word_1_36' title='bbox 1813 639 2045 689; x_wconf 74' lang='lat' dir='ltr'><strong>vestias.</strong></span> 
     </span>
    </p>
   </div>
   <div class='ocr_carea' id='block_1_7' title="bbox 630 705 2136 781">
    <p class='ocr_par' dir='ltr' id='par_1_7' title="bbox 630 705 2136 781">
     <span class='ocr_line' id='line_1_7' title="bbox 630 705 2136 781; baseline -0.007 -12"><span class='ocrx_word' id='word_1_37' title='bbox 630 705 827 781; x_wconf 79' lang='lat' dir='ltr'><strong>Impius</strong></span> <span class='ocrx_word' id='word_1_38' title='bbox 863 726 983 766; x_wconf 86' lang='lat' dir='ltr'><strong>cum</strong></span> <span class='ocrx_word' id='word_1_39' title='bbox 1034 712 1085 765; x_wconf 90' lang='lat' dir='ltr'><strong>in</strong></span> <span class='ocrx_word' id='word_1_40' title='bbox 1137 705 1457 781; x_wconf 79' lang='lat' dir='ltr'><strong>profundum</strong></span> <span class='ocrx_word' id='word_1_41' title='bbox 1517 719 1857 780; x_wconf 70' lang='lat' dir='ltr'><strong>peccatorum</strong></span> <span class='ocrx_word' id='word_1_42' title='bbox 1906 705 2136 771; x_wconf 75' lang='lat' dir='ltr'><strong>venerit,</strong></span> 
     </span>
    </p>
   </div>
   <div class='ocr_carea' id='block_1_8' title="bbox 553 790 881 840">
    <p class='ocr_par' dir='ltr' id='par_1_8' title="bbox 553 790 881 840">
     <span class='ocr_line' id='line_1_8' title="bbox 553 790 881 840; baseline -0.006 -2"><span class='ocrx_word' id='word_1_43' title='bbox 553 790 881 840; x_wconf 60' lang='lat' dir='ltr'><strong>COIIICIIIINL</strong></span> 
     </span>
    </p>
   </div>
   <div class='ocr_carea' id='block_1_9' title="bbox 633 846 2139 919">
    <p class='ocr_par' dir='ltr' id='par_1_9' title="bbox 633 846 2139 919">
     <span class='ocr_line' id='line_1_9' title="bbox 633 846 2139 919; baseline -0.005 -9"><span class='ocrx_word' id='word_1_44' title='bbox 633 857 685 910; x_wconf 87' lang='lat' dir='ltr'><strong>In</strong></span> <span class='ocrx_word' id='word_1_45' title='bbox 708 852 1022 907; x_wconf 85' lang='lat' dir='ltr'><strong>malevolam</strong></span> <span class='ocrx_word' id='word_1_46' title='bbox 1049 851 1276 906; x_wconf 88' lang='lat' dir='ltr'><strong>animam</strong></span> <span class='ocrx_word' id='word_1_47' title='bbox 1304 866 1408 904; x_wconf 88' lang='lat' dir='ltr'><strong>non</strong></span> <span class='ocrx_word' id='word_1_48' title='bbox 1453 848 1697 905; x_wconf 88' lang='lat' dir='ltr'><strong>introibit</strong></span> <span class='ocrx_word' id='word_1_49' title='bbox 1720 846 2008 919; x_wconf 77' lang='lat' dir='ltr'><strong>sapientia,</strong></span> <span class='ocrx_word' id='word_1_50' title='bbox 2038 861 2139 905; x_wconf 86' lang='lat' dir='ltr'><strong>nec</strong></span> 
     </span>
    </p>
   </div>
   <div class='ocr_carea' id='block_1_10' title="bbox 559 920 1675 990">
    <p class='ocr_par' dir='ltr' id='par_1_10' title="bbox 559 920 1675 990">
     <span class='ocr_line' id='line_1_10' title="bbox 559 920 1675 990; baseline -0.004 -11"><span class='ocrx_word' id='word_1_51' title='bbox 559 925 821 982; x_wconf 73' lang='lat' dir='ltr'><strong>habitabit</strong></span> <span class='ocrx_word' id='word_1_52' title='bbox 850 924 901 977; x_wconf 89' lang='lat' dir='ltr'><strong>iii</strong></span> <span class='ocrx_word' id='word_1_53' title='bbox 931 937 1157 989; x_wconf 82' lang='lat' dir='ltr'><strong>corpore</strong></span> <span class='ocrx_word' id='word_1_54' title='bbox 1182 922 1395 977; x_wconf 85' lang='lat' dir='ltr'><strong>subdito</strong></span> <span class='ocrx_word' id='word_1_55' title='bbox 1422 920 1675 990; x_wconf 72' lang='lat' dir='ltr'><strong>peccatis.</strong></span> 
     </span>
    </p>
   </div>
   <div class='ocr_carea' id='block_1_11' title="bbox 630 992 2102 1053">
    <p class='ocr_par' dir='ltr' id='par_1_11' title="bbox 630 992 2102 1053">
     <span class='ocr_line' id='line_1_11' title="bbox 630 992 2102 1053; baseline -0.005 -3"><span class='ocrx_word' id='word_1_56' title='bbox 630 996 833 1050; x_wconf 78' lang='lat' dir='ltr'><strong>Invidia</strong></span> <span class='ocrx_word' id='word_1_57' title='bbox 865 993 1060 1053; x_wconf 77' lang='lat' dir='ltr'><strong>diaboli</strong></span> <span class='ocrx_word' id='word_1_58' title='bbox 1092 1009 1237 1048; x_wconf 88' lang='lat' dir='ltr'><strong>mors</strong></span> <span class='ocrx_word' id='word_1_59' title='bbox 1268 992 1485 1047; x_wconf 74' lang='lat' dir='ltr'><strong>intravit</strong></span> <span class='ocrx_word' id='word_1_60' title='bbox 1523 993 1573 1046; x_wconf 91' lang='lat' dir='ltr'><strong>in</strong></span> <span class='ocrx_word' id='word_1_61' title='bbox 1601 994 1786 1046; x_wconf 87' lang='lat' dir='ltr'><strong>orbem</strong></span> <span class='ocrx_word' id='word_1_62' title='bbox 1812 998 2102 1045; x_wconf 88' lang='lat' dir='ltr'><strong>terrarum.</strong></span> 
     </span>
    </p>
   </div>
   <div class='ocr_carea' id='block_1_12' title="bbox 630 1060 2139 1133">
    <p class='ocr_par' dir='ltr' id='par_1_12' title="bbox 630 1060 2139 1133">
     <span class='ocr_line' id='line_1_12' title="bbox 630 1060 2139 1133; baseline -0.004 -11"><span class='ocrx_word' id='word_1_63' title='bbox 630 1066 872 1122; x_wconf 77' lang='lat' dir='ltr'><strong>Infernus</strong></span> <span class='ocrx_word' id='word_1_64' title='bbox 903 1076 956 1122; x_wconf 86' lang='lat' dir='ltr'><strong>et</strong></span> <span class='ocrx_word' id='word_1_65' title='bbox 986 1065 1213 1133; x_wconf 78' lang='lat' dir='ltr'><strong>perditio</strong></span> <span class='ocrx_word' id='word_1_66' title='bbox 1243 1079 1421 1119; x_wconf 84' lang='lat' dir='ltr'><strong>coram</strong></span> <span class='ocrx_word' id='word_1_67' title='bbox 1453 1064 1705 1130; x_wconf 88' lang='lat' dir='ltr'><strong>Domino,</strong></span> <span class='ocrx_word' id='word_1_68' title='bbox 1737 1068 1942 1132; x_wconf 88' lang='lat' dir='ltr'><strong>quanto</strong></span> <span class='ocrx_word' id='word_1_69' title='bbox 1970 1060 2139 1131; x_wconf 86' lang='lat' dir='ltr'><strong>magis</strong></span> 
     </span>
    </p>
   </div>
   <div class='ocr_carea' id='block_1_13' title="bbox 560 1133 1305 1193">
    <p class='ocr_par' dir='ltr' id='par_1_13' title="bbox 560 1133 1305 1193">
     <span class='ocr_line' id='line_1_13' title="bbox 560 1133 1305 1193; baseline -0.008 0"><span class='ocrx_word' id='word_1_70' title='bbox 560 1139 720 1193; x_wconf 83' lang='lat' dir='ltr'><strong>corda</strong></span> <span class='ocrx_word' id='word_1_71' title='bbox 755 1139 984 1192; x_wconf 82' lang='lat' dir='ltr'><strong>ﬁliorum</strong></span> <span class='ocrx_word' id='word_1_72' title='bbox 1012 1133 1305 1189; x_wconf 78' lang='lat' dir='ltr'><strong>hominum.</strong></span> 
     </span>
    </p>
   </div>
   <div class='ocr_carea' id='block_1_14' title="bbox 634 1201 2143 1278">
    <p class='ocr_par' dir='ltr' id='par_1_14' title="bbox 634 1201 2143 1278">
     <span class='ocr_line' id='line_1_14' title="bbox 634 1201 2143 1278; baseline -0.004 -14"><span class='ocrx_word' id='word_1_73' title='bbox 634 1209 773 1265; x_wconf 89' lang='lat' dir='ltr'><strong>Inter</strong></span> <span class='ocrx_word' id='word_1_74' title='bbox 801 1210 1061 1278; x_wconf 89' lang='lat' dir='ltr'><strong>superbos</strong></span> <span class='ocrx_word' id='word_1_75' title='bbox 1086 1220 1297 1273; x_wconf 81' lang='lat' dir='ltr'><strong>semper</strong></span> <span class='ocrx_word' id='word_1_76' title='bbox 1323 1204 1496 1275; x_wconf 72' lang='lat' dir='ltr'><strong>iurgia</strong></span> <span class='ocrx_word' id='word_1_77' title='bbox 1524 1214 1667 1271; x_wconf 87' lang='lat' dir='ltr'><strong>sunt,</strong></span> <span class='ocrx_word' id='word_1_78' title='bbox 1698 1201 1789 1274; x_wconf 90' lang='lat' dir='ltr'><strong>qui</strong></span> <span class='ocrx_word' id='word_1_79' title='bbox 1819 1212 1997 1259; x_wconf 88' lang='lat' dir='ltr'><strong>autem</strong></span> <span class='ocrx_word' id='word_1_80' title='bbox 2019 1216 2143 1259; x_wconf 89' lang='lat' dir='ltr'><strong>cuu-</strong></span> 
     </span>
    </p>
   </div>
   <div class='ocr_carea' id='block_1_15' title="bbox 560 1278 1713 1349">
    <p class='ocr_par' dir='ltr' id='par_1_15' title="bbox 560 1278 1713 1349">
     <span class='ocr_line' id='line_1_15' title="bbox 560 1278 1713 1349; baseline -0.005 -14"><span class='ocrx_word' id='word_1_81' title='bbox 560 1292 645 1335; x_wconf 71' lang='lat' dir='ltr'><strong>cta</strong></span> <span class='ocrx_word' id='word_1_82' title='bbox 677 1289 839 1349; x_wconf 72' lang='lat' dir='ltr'><strong>agunt</strong></span> <span class='ocrx_word' id='word_1_83' title='bbox 862 1278 1113 1337; x_wconf 84' lang='lat' dir='ltr'><strong>consilio.</strong></span> <span class='ocrx_word' id='word_1_84' title='bbox 1142 1288 1400 1349; x_wconf 80' lang='lat' dir='ltr'><strong>reguntur</strong></span> <span class='ocrx_word' id='word_1_85' title='bbox 1431 1278 1713 1346; x_wconf 73' lang='lat' dir='ltr'><strong>sapientia.</strong></span> 
     </span>
    </p>
   </div>
   <div class='ocr_carea' id='block_1_16' title="bbox 634 1343 2143 1419">
    <p class='ocr_par' dir='ltr' id='par_1_16' title="bbox 634 1343 2143 1419">
     <span class='ocr_line' id='line_1_16' title="bbox 634 1343 2143 1419; baseline -0.003 -14"><span class='ocrx_word' id='word_1_86' title='bbox 634 1351 689 1406; x_wconf 90' lang='lat' dir='ltr'><strong>In</strong></span> <span class='ocrx_word' id='word_1_87' title='bbox 712 1343 958 1407; x_wconf 75' lang='lat' dir='ltr'><strong>omnibus</strong></span> <span class='ocrx_word' id='word_1_88' title='bbox 988 1343 1238 1419; x_wconf 76' lang='lat' dir='ltr'><strong>operibus</strong></span> <span class='ocrx_word' id='word_1_89' title='bbox 1271 1347 1370 1402; x_wconf 69' lang='lat' dir='ltr'><strong>tuis</strong></span> <span class='ocrx_word' id='word_1_90' title='bbox 1418 1343 1715 1401; x_wconf 85' lang='lat' dir='ltr'><strong>memorare</strong></span> <span class='ocrx_word' id='word_1_91' title='bbox 1743 1343 2056 1411; x_wconf 87' lang='lat' dir='ltr'><strong>novissima,</strong></span> <span class='ocrx_word' id='word_1_92' title='bbox 2087 1353 2143 1402; x_wconf 90' lang='lat' dir='ltr'><strong>et</strong></span> 
     </span>
    </p>
   </div>
   <div class='ocr_carea' id='block_1_17' title="bbox 560 1419 1329 1487">
    <p class='ocr_par' dir='ltr' id='par_1_17' title="bbox 560 1419 1329 1487">
     <span class='ocr_line' id='line_1_17' title="bbox 560 1419 1329 1487; baseline 0.001 -15"><span class='ocrx_word' id='word_1_93' title='bbox 560 1423 612 1476; x_wconf 83' lang='lat' dir='ltr'><strong>in</strong></span> <span class='ocrx_word' id='word_1_94' title='bbox 643 1429 900 1477; x_wconf 67' lang='lat' dir='ltr'><strong>aeternum</strong></span> <span class='ocrx_word' id='word_1_95' title='bbox 930 1435 1034 1473; x_wconf 86' lang='lat' dir='ltr'><strong>nun</strong></span> <span class='ocrx_word' id='word_1_96' title='bbox 1067 1419 1329 1487; x_wconf 76' lang='lat' dir='ltr'><strong>peccabis.</strong></span> 
     </span>
    </p>
   </div>
   <div class='ocr_carea' id='block_1_18' title="bbox 636 1485 1824 1558">
    <p class='ocr_par' dir='ltr' id='par_1_18' title="bbox 636 1485 1824 1558">
     <span class='ocr_line' id='line_1_18' title="bbox 636 1485 1824 1558; baseline -0.006 -11"><span class='ocrx_word' id='word_1_97' title='bbox 636 1494 693 1547; x_wconf 90' lang='lat' dir='ltr'><strong>In</strong></span> <span class='ocrx_word' id='word_1_98' title='bbox 727 1493 828 1547; x_wconf 86' lang='lat' dir='ltr'><strong>[ine</strong></span> <span class='ocrx_word' id='word_1_99' title='bbox 858 1485 1089 1545; x_wconf 78' lang='lat' dir='ltr'><strong>hominis</strong></span> <span class='ocrx_word' id='word_1_100' title='bbox 1117 1489 1402 1544; x_wconf 84' lang='lat' dir='ltr'><strong>denudatio</strong></span> <span class='ocrx_word' id='word_1_101' title='bbox 1430 1502 1651 1557; x_wconf 88' lang='lat' dir='ltr'><strong>operum</strong></span> <span class='ocrx_word' id='word_1_102' title='bbox 1681 1485 1824 1558; x_wconf 85' lang='lat' dir='ltr'><strong>ejus.</strong></span> 
     </span>
    </p>
   </div>
   <div class='ocr_carea' id='block_1_19' title="bbox 635 1558 1926 1618">
    <p class='ocr_par' dir='ltr' id='par_1_19' title="bbox 635 1558 1926 1618">
     <span class='ocr_line' id='line_1_19' title="bbox 635 1558 1926 1618; baseline -0.005 0"><span class='ocrx_word' id='word_1_103' title='bbox 635 1564 692 1618; x_wconf 90' lang='lat' dir='ltr'><strong>In</strong></span> <span class='ocrx_word' id='word_1_104' title='bbox 721 1564 809 1617; x_wconf 90' lang='lat' dir='ltr'><strong>die</strong></span> <span class='ocrx_word' id='word_1_105' title='bbox 839 1562 1100 1617; x_wconf 86' lang='lat' dir='ltr'><strong>buiiorum</strong></span> <span class='ocrx_word' id='word_1_106' title='bbox 1129 1576 1196 1615; x_wconf 86' lang='lat' dir='ltr'><strong>ne</strong></span> <span class='ocrx_word' id='word_1_107' title='bbox 1227 1562 1507 1613; x_wconf 77' lang='lat' dir='ltr'><strong>immemor</strong></span> <span class='ocrx_word' id='word_1_108' title='bbox 1533 1558 1610 1614; x_wconf 85' lang='lat' dir='ltr'><strong>sis</strong></span> <span class='ocrx_word' id='word_1_109' title='bbox 1640 1561 1926 1613; x_wconf 86' lang='lat' dir='ltr'><strong>malorum.</strong></span> 
     </span>
    </p>
   </div>
   <div class='ocr_carea' id='block_1_20' title="bbox 638 1631 1583 1700">
    <p class='ocr_par' dir='ltr' id='par_1_20' title="bbox 638 1631 1583 1700">
     <span class='ocr_line' id='line_1_20' title="bbox 638 1631 1583 1700; baseline -0.004 -13"><span class='ocrx_word' id='word_1_110' title='bbox 638 1634 847 1689; x_wconf 89' lang='lat' dir='ltr'><strong>Initium</strong></span> <span class='ocrx_word' id='word_1_111' title='bbox 879 1636 1052 1686; x_wconf 87' lang='lat' dir='ltr'><strong>omnis</strong></span> <span class='ocrx_word' id='word_1_112' title='bbox 1082 1633 1282 1700; x_wconf 84' lang='lat' dir='ltr'><strong>peccati</strong></span> <span class='ocrx_word' id='word_1_113' title='bbox 1314 1631 1583 1698; x_wconf 84' lang='lat' dir='ltr'><strong>superbia.</strong></span> 
     </span>
    </p>
   </div>
   <div class='ocr_carea' id='block_1_21' title="bbox 640 1701 1573 1758">
    <p class='ocr_par' dir='ltr' id='par_1_21' title="bbox 640 1701 1573 1758">
     <span class='ocr_line' id='line_1_21' title="bbox 640 1701 1573 1758; baseline -0.003 0"><span class='ocrx_word' id='word_1_114' title='bbox 640 1706 695 1758; x_wconf 90' lang='lat' dir='ltr'><strong>In</strong></span> <span class='ocrx_word' id='word_1_115' title='bbox 725 1704 1005 1758; x_wconf 75' lang='lat' dir='ltr'><strong>desideriis</strong></span> <span class='ocrx_word' id='word_1_116' title='bbox 1036 1713 1117 1756; x_wconf 81' lang='lat' dir='ltr'><strong>est</strong></span> <span class='ocrx_word' id='word_1_117' title='bbox 1146 1701 1320 1756; x_wconf 86' lang='lat' dir='ltr'><strong>omnis</strong></span> <span class='ocrx_word' id='word_1_118' title='bbox 1350 1703 1573 1756; x_wconf 84' lang='lat' dir='ltr'><strong>otiosus.</strong></span> 
     </span>
    </p>
   </div>
   <div class='ocr_carea' id='block_1_22' title="bbox 637 1773 1715 1842">
    <p class='ocr_par' dir='ltr' id='par_1_22' title="bbox 637 1773 1715 1842">
     <span class='ocr_line' id='line_1_22' title="bbox 637 1773 1715 1842; baseline -0.004 -13"><span class='ocrx_word' id='word_1_119' title='bbox 637 1774 690 1829; x_wconf 89' lang='lat' dir='ltr'><strong>In</strong></span> <span class='ocrx_word' id='word_1_120' title='bbox 723 1774 1057 1842; x_wconf 83' lang='lat' dir='ltr'><strong>multiloquio</strong></span> <span class='ocrx_word' id='word_1_121' title='bbox 1088 1788 1191 1826; x_wconf 87' lang='lat' dir='ltr'><strong>non</strong></span> <span class='ocrx_word' id='word_1_122' title='bbox 1219 1773 1393 1827; x_wconf 82' lang='lat' dir='ltr'><strong>deerit</strong></span> <span class='ocrx_word' id='word_1_123' title='bbox 1420 1780 1715 1840; x_wconf 82' lang='lat' dir='ltr'><strong>peccatum.</strong></span> 
     </span>
    </p>
   </div>
   <div class='ocr_carea' id='block_1_23' title="bbox 640 1838 2221 1926">
    <p class='ocr_par' dir='ltr' id='par_1_23' title="bbox 640 1838 2221 1926">
     <span class='ocr_line' id='line_1_23' title="bbox 640 1838 2221 1926; baseline -0.003 -25"><span class='ocrx_word' id='word_1_124' title='bbox 640 1847 694 1901; x_wconf 91' lang='lat' dir='ltr'><strong>In</strong></span> <span class='ocrx_word' id='word_1_125' title='bbox 731 1846 880 1926; x_wconf 76' lang='lat' dir='ltr'><strong>omni</strong></span> <span class='ocrx_word' id='word_1_126' title='bbox 920 1838 1037 1900; x_wconf 84' lang='lat' dir='ltr'><strong>loco</strong></span> <span class='ocrx_word' id='word_1_127' title='bbox 1075 1843 1214 1897; x_wconf 86' lang='lat' dir='ltr'><strong>oculi</strong></span> <span class='ocrx_word' id='word_1_128' title='bbox 1248 1838 1458 1898; x_wconf 81' lang='lat' dir='ltr'><strong>Domini</strong></span> <span class='ocrx_word' id='word_1_129' title='bbox 1496 1839 1932 1912; x_wconf 85' lang='lat' dir='ltr'><strong>contemplantur</strong></span> <span class='ocrx_word' id='word_1_130' title='bbox 1973 1838 2141 1897; x_wconf 82' lang='lat' dir='ltr'><strong>bmtos</strong></span> <span class='ocrx_word' id='word_1_131' title='bbox 2177 1866 2221 1926; x_wconf 71' lang='grc' dir='ltr'>Β</span> 
     </span>
    </p>
   </div>
   <div class='ocr_carea' id='block_1_24' title="bbox 561 1920 831 1971">
    <p class='ocr_par' dir='ltr' id='par_1_24' title="bbox 561 1920 831 1971">
     <span class='ocr_line' id='line_1_24' title="bbox 561 1920 831 1971; baseline -0.007 0"><span class='ocrx_word' id='word_1_132' title='bbox 561 1925 614 1971; x_wconf 87' lang='lat' dir='ltr'><strong>ct</strong></span> <span class='ocrx_word' id='word_1_133' title='bbox 642 1920 831 1971; x_wconf 89' lang='lat' dir='ltr'><strong>malos.</strong></span> 
     </span>
    </p>
   </div>
   <div class='ocr_carea' id='block_1_25' title="bbox 636 1981 2144 2051">
    <p class='ocr_par' dir='ltr' id='par_1_25' title="bbox 636 1981 2144 2051">
     <span class='ocr_line' id='line_1_25' title="bbox 636 1981 2144 2051; baseline -0.001 -10"><span class='ocrx_word' id='word_1_134' title='bbox 636 1989 693 2041; x_wconf 91' lang='lat' dir='ltr'><strong>In</strong></span> <span class='ocrx_word' id='word_1_135' title='bbox 742 1984 993 2041; x_wconf 85' lang='lat' dir='ltr'><strong>omnibus</strong></span> <span class='ocrx_word' id='word_1_136' title='bbox 1037 1983 1390 2039; x_wconf 79' lang='lat' dir='ltr'><strong>exbibeamus</strong></span> <span class='ocrx_word' id='word_1_137' title='bbox 1445 1982 1815 2051; x_wconf 76' lang='lat' dir='ltr'><strong>nosmetipsos</strong></span> <span class='ocrx_word' id='word_1_138' title='bbox 1864 1981 2002 2038; x_wconf 84' lang='lat' dir='ltr'><strong>sicut</strong></span> <span class='ocrx_word' id='word_1_139' title='bbox 2048 1981 2144 2039; x_wconf 85' lang='lat' dir='ltr'><strong>Dei</strong></span> 
     </span>
    </p>
   </div>
   <div class='ocr_carea' id='block_1_26' title="bbox 564 2057 855 2113">
    <p class='ocr_par' dir='ltr' id='par_1_26' title="bbox 564 2057 855 2113">
     <span class='ocr_line' id='line_1_26' title="bbox 564 2057 855 2113; baseline -0.014 0"><span class='ocrx_word' id='word_1_140' title='bbox 564 2057 855 2113; x_wconf 74' lang='lat' dir='ltr'><strong>ministros.</strong></span> 
     </span>
    </p>
   </div>
   <div class='ocr_carea' id='block_1_27' title="bbox 642 2122 2144 2197">
    <p class='ocr_par' dir='ltr' id='par_1_27' title="bbox 642 2122 2144 2197">
     <span class='ocr_line' id='line_1_27' title="bbox 642 2122 2144 2197; baseline -0.002 -16"><span class='ocrx_word' id='word_1_141' title='bbox 642 2129 696 2182; x_wconf 90' lang='lat' dir='ltr'><strong>In</strong></span> <span class='ocrx_word' id='word_1_142' title='bbox 734 2128 836 2182; x_wconf 72' lang='lat' dir='ltr'><strong>line</strong></span> <span class='ocrx_word' id='word_1_143' title='bbox 865 2126 984 2197; x_wconf 84' lang='lat' dir='ltr'><strong>ipso</strong></span> <span class='ocrx_word' id='word_1_144' title='bbox 1012 2136 1196 2195; x_wconf 81' lang='lat' dir='ltr'><strong>peccat</strong></span> <span class='ocrx_word' id='word_1_145' title='bbox 1233 2123 1416 2192; x_wconf 79' lang='lat' dir='ltr'><strong>homo,</strong></span> <span class='ocrx_word' id='word_1_146' title='bbox 1448 2122 1592 2195; x_wconf 89' lang='lat' dir='ltr'><strong>quod</strong></span> <span class='ocrx_word' id='word_1_147' title='bbox 1624 2135 1850 2195; x_wconf 81' lang='lat' dir='ltr'><strong>peccare</strong></span> <span class='ocrx_word' id='word_1_148' title='bbox 1887 2123 2066 2192; x_wconf 84' lang='lat' dir='ltr'><strong>vellet,</strong></span> <span class='ocrx_word' id='word_1_149' title='bbox 2096 2124 2144 2179; x_wconf 89' lang='lat' dir='ltr'><strong>si</strong></span> 
     </span>
    </p>
   </div>
   <div class='ocr_carea' id='block_1_28' title="bbox 564 2200 1041 2265">
    <p class='ocr_par' dir='ltr' id='par_1_28' title="bbox 564 2200 1041 2265">
     <span class='ocr_line' id='line_1_28' title="bbox 564 2200 1041 2265; baseline -0.015 -9"><span class='ocrx_word' id='word_1_150' title='bbox 564 2200 734 2256; x_wconf 89' lang='lat' dir='ltr'><strong>inulte</strong></span> <span class='ocrx_word' id='word_1_151' title='bbox 763 2204 1041 2265; x_wconf 87' lang='lat' dir='ltr'><strong>potuisset.</strong></span> 
     </span>
    </p>
   </div>
   <div class='ocr_carea' id='block_1_29' title="bbox 639 2265 2069 2338">
    <p class='ocr_par' dir='ltr' id='par_1_29' title="bbox 639 2265 2069 2338">
     <span class='ocr_line' id='line_1_29' title="bbox 639 2265 2069 2338; baseline -0.003 -13"><span class='ocrx_word' id='word_1_152' title='bbox 639 2270 842 2325; x_wconf 88' lang='lat' dir='ltr'><strong>Inteiita</strong></span> <span class='ocrx_word' id='word_1_153' title='bbox 880 2268 1201 2338; x_wconf 79' lang='lat' dir='ltr'><strong>supplicatio</strong></span> <span class='ocrx_word' id='word_1_154' title='bbox 1226 2266 1462 2323; x_wconf 85' lang='lat' dir='ltr'><strong>dormire</strong></span> <span class='ocrx_word' id='word_1_155' title='bbox 1498 2279 1595 2321; x_wconf 89' lang='lat' dir='ltr'><strong>cor</strong></span> <span class='ocrx_word' id='word_1_156' title='bbox 1621 2265 1876 2321; x_wconf 86' lang='lat' dir='ltr'><strong>mundum</strong></span> <span class='ocrx_word' id='word_1_157' title='bbox 1909 2273 2069 2338; x_wconf 83' lang='lat' dir='ltr'><strong>vetat.</strong></span> 
     </span>
    </p>
   </div>
   <div class='ocr_carea' id='block_1_30' title="bbox 642 2336 2142 2407">
    <p class='ocr_par' dir='ltr' id='par_1_30' title="bbox 642 2336 2142 2407">
     <span class='ocr_line' id='line_1_30' title="bbox 642 2336 2142 2407; baseline -0.005 -11"><span class='ocrx_word' id='word_1_158' title='bbox 642 2336 1088 2396; x_wconf 28' lang='lat' dir='ltr'><strong>Invocandus‘est</strong></span> <span class='ocrx_word' id='word_1_159' title='bbox 1118 2339 1257 2392; x_wconf 83' lang='lat' dir='ltr'><strong>Deus</strong></span> <span class='ocrx_word' id='word_1_160' title='bbox 1282 2338 1501 2407; x_wconf 71' lang='lat' dir='ltr'><strong>iugiter,</strong></span> <span class='ocrx_word' id='word_1_161' title='bbox 1536 2349 1595 2391; x_wconf 92' lang='lat' dir='ltr'><strong>ut</strong></span> <span class='ocrx_word' id='word_1_162' title='bbox 1621 2338 1948 2407; x_wconf 83' lang='lat' dir='ltr'><strong>voluntatem</strong></span> <span class='ocrx_word' id='word_1_163' title='bbox 1986 2336 2142 2391; x_wconf 87' lang='lat' dir='ltr'><strong>simul</strong></span> 
     </span>
    </p>
   </div>
   <div class='ocr_carea' id='block_1_31' title="bbox 568 2406 2139 2478">
    <p class='ocr_par' dir='ltr' id='par_1_31' title="bbox 568 2406 2139 2478">
     <span class='ocr_line' id='line_1_31' title="bbox 568 2406 2139 2478; baseline -0.003 -10"><span class='ocrx_word' id='word_1_164' title='bbox 568 2422 624 2468; x_wconf 89' lang='lat' dir='ltr'><strong>et</strong></span> <span class='ocrx_word' id='word_1_165' title='bbox 671 2412 977 2467; x_wconf 78' lang='lat' dir='ltr'><strong>facultatem</strong></span> <span class='ocrx_word' id='word_1_166' title='bbox 1020 2410 1155 2463; x_wconf 86' lang='lat' dir='ltr'><strong>bene</strong></span> <span class='ocrx_word' id='word_1_167' title='bbox 1184 2406 1374 2478; x_wconf 82' lang='lat' dir='ltr'><strong>agendi</strong></span> <span class='ocrx_word' id='word_1_168' title='bbox 1415 2408 1568 2462; x_wconf 89' lang='lat' dir='ltr'><strong>nobis</strong></span> <span class='ocrx_word' id='word_1_169' title='bbox 1594 2418 1847 2471; x_wconf 66' lang='lat' dir='ltr'><strong>praestare</strong></span> <span class='ocrx_word' id='word_1_170' title='bbox 1872 2406 2139 2477; x_wconf 74' lang='lat' dir='ltr'><strong>dignetur.</strong></span> 
     </span>
    </p>
   </div>
   <div class='ocr_carea' id='block_1_32' title="bbox 644 2477 2144 2548">
    <p class='ocr_par' dir='ltr' id='par_1_32' title="bbox 644 2477 2144 2548">
     <span class='ocr_line' id='line_1_32' title="bbox 644 2477 2144 2548; baseline -0.003 -11"><span class='ocrx_word' id='word_1_171' title='bbox 644 2482 767 2537; x_wconf 89' lang='lat' dir='ltr'><strong>Ideo</strong></span> <span class='ocrx_word' id='word_1_172' title='bbox 797 2495 985 2536; x_wconf 87' lang='lat' dir='ltr'><strong>omnes</strong></span> <span class='ocrx_word' id='word_1_173' title='bbox 1040 2477 1319 2535; x_wconf 83' lang='lat' dir='ltr'><strong>diabolicae</strong></span> <span class='ocrx_word' id='word_1_174' title='bbox 1367 2478 1676 2533; x_wconf 84' lang='lat' dir='ltr'><strong>tentationis</strong></span> <span class='ocrx_word' id='word_1_175' title='bbox 1721 2477 1993 2533; x_wconf 84' lang='lat' dir='ltr'><strong>molestias</strong></span> <span class='ocrx_word' id='word_1_176' title='bbox 2038 2478 2144 2548; x_wconf 89' lang='lat' dir='ltr'><strong>pati</strong></span> 
     </span>
    </p>
   </div>
   <div class='ocr_carea' id='block_1_33' title="bbox 571 2548 2144 2621">
    <p class='ocr_par' dir='ltr' id='par_1_33' title="bbox 571 2548 2144 2621">
     <span class='ocr_line' id='line_1_33' title="bbox 571 2548 2144 2621; baseline -0.001 -16"><span class='ocrx_word' id='word_1_177' title='bbox 571 2555 957 2621; x_wconf 88' lang='lat' dir='ltr'><strong>permittimur,</strong></span> <span class='ocrx_word' id='word_1_178' title='bbox 981 2562 1037 2605; x_wconf 91' lang='lat' dir='ltr'><strong>ut</strong></span> <span class='ocrx_word' id='word_1_179' title='bbox 1062 2550 1309 2605; x_wconf 87' lang='lat' dir='ltr'><strong>omnibus</strong></span> <span class='ocrx_word' id='word_1_180' title='bbox 1340 2551 1557 2603; x_wconf 86' lang='lat' dir='ltr'><strong>easdem</strong></span> <span class='ocrx_word' id='word_1_181' title='bbox 1590 2548 1866 2605; x_wconf 78' lang='lat' dir='ltr'><strong>molestias</strong></span> <span class='ocrx_word' id='word_1_182' title='bbox 1896 2550 2144 2619; x_wconf 54' lang='lat' dir='ltr'><strong>patienti.</strong></span> 
     </span>
    </p>
   </div>
   <div class='ocr_carea' id='block_1_34' title="bbox 568 2621 1610 2692">
    <p class='ocr_par' dir='ltr' id='par_1_34' title="bbox 568 2621 1610 2692">
     <span class='ocr_line' id='line_1_34' title="bbox 568 2621 1610 2692; baseline -0.007 -11"><span class='ocrx_word' id='word_1_183' title='bbox 568 2626 670 2681; x_wconf 88' lang='lat' dir='ltr'><strong>bus</strong></span> <span class='ocrx_word' id='word_1_184' title='bbox 700 2626 929 2692; x_wconf 83' lang='lat' dir='ltr'><strong>cninpat&#39;i</strong></span> <span class='ocrx_word' id='word_1_185' title='bbox 959 2630 1015 2677; x_wconf 92' lang='lat' dir='ltr'><strong>et</strong></span> <span class='ocrx_word' id='word_1_186' title='bbox 1039 2622 1328 2676; x_wconf 85' lang='lat' dir='ltr'><strong>condolere</strong></span> <span class='ocrx_word' id='word_1_187' title='bbox 1355 2621 1610 2675; x_wconf 76' lang='lat' dir='ltr'><strong>sciamus.</strong></span> 
     </span>
    </p>
   </div>
   <div class='ocr_carea' id='block_1_35' title="bbox 641 2688 2147 2764">
    <p class='ocr_par' dir='ltr' id='par_1_35' title="bbox 641 2688 2147 2764">
     <span class='ocr_line' id='line_1_35' title="bbox 641 2688 2147 2764; baseline -0.003 -15"><span class='ocrx_word' id='word_1_188' title='bbox 641 2696 746 2750; x_wconf 90' lang='lat' dir='ltr'><strong>Iter</strong></span> <span class='ocrx_word' id='word_1_189' title='bbox 792 2688 1006 2764; x_wconf 74' lang='lat' dir='ltr'><strong>longum</strong></span> <span class='ocrx_word' id='word_1_190' title='bbox 1037 2702 1256 2760; x_wconf 78' lang='lat' dir='ltr'><strong>agentes</strong></span> <span class='ocrx_word' id='word_1_191' title='bbox 1300 2691 1493 2761; x_wconf 80' lang='lat' dir='ltr'><strong>majori</strong></span> <span class='ocrx_word' id='word_1_192' title='bbox 1521 2691 1853 2761; x_wconf 78' lang='lat' dir='ltr'><strong>providentia</strong></span> <span class='ocrx_word' id='word_1_193' title='bbox 1908 2688 2147 2761; x_wconf 80' lang='lat' dir='ltr'><strong>indigent</strong></span> 
     </span>
    </p>
   </div>
   <div class='ocr_carea' id='block_1_36' title="bbox 569 2764 1379 2837">
    <p class='ocr_par' dir='ltr' id='par_1_36' title="bbox 569 2764 1379 2837">
     <span class='ocr_line' id='line_1_36' title="bbox 569 2764 1379 2837; baseline -0.006 -18"><span class='ocrx_word' id='word_1_194' title='bbox 569 2781 731 2837; x_wconf 89' lang='lat' dir='ltr'><strong>quam</strong></span> <span class='ocrx_word' id='word_1_195' title='bbox 762 2779 930 2837; x_wconf 81' lang='lat' dir='ltr'><strong>prOpe</strong></span> <span class='ocrx_word' id='word_1_196' title='bbox 963 2764 1379 2837; x_wconf 65' lang='lat' dir='ltr'><strong>proﬁciscentes.</strong></span> 
     </span>
    </p>
   </div>
   <div class='ocr_carea' id='block_1_37' title="bbox 637 2831 2145 2905">
    <p class='ocr_par' dir='ltr' id='par_1_37' title="bbox 637 2831 2145 2905">
     <span class='ocr_line' id='line_1_37' title="bbox 637 2831 2145 2905; baseline -0.004 -15"><span class='ocrx_word' id='word_1_197' title='bbox 637 2838 709 2890; x_wconf 85' lang='lat' dir='ltr'><strong>lia</strong></span> <span class='ocrx_word' id='word_1_198' title='bbox 739 2831 792 2889; x_wconf 74' lang='lat' dir='ltr'><strong>ei</strong></span> <span class='ocrx_word' id='word_1_199' title='bbox 818 2837 1061 2890; x_wconf 87' lang='lat' dir='ltr'><strong>monachi</strong></span> <span class='ocrx_word' id='word_1_200' title='bbox 1087 2836 1283 2904; x_wconf 72' lang='lat' dir='ltr'><strong>iugiter</strong></span> <span class='ocrx_word' id='word_1_201' title='bbox 1317 2832 1425 2887; x_wconf 88' lang='lat' dir='ltr'><strong>Deo</strong></span> <span class='ocrx_word' id='word_1_202' title='bbox 1452 2833 1752 2905; x_wconf 75' lang='lat' dir='ltr'><strong>servientes</strong></span> <span class='ocrx_word' id='word_1_203' title='bbox 1786 2831 1955 2905; x_wconf 85' lang='lat' dir='ltr'><strong>magis</strong></span> <span class='ocrx_word' id='word_1_204' title='bbox 1985 2838 2145 2903; x_wconf 89' lang='lat' dir='ltr'><strong>egent</strong></span> 
     </span>
    </p>
   </div>
   <div class='ocr_carea' id='block_1_38' title="bbox 566 2902 1713 2976">
    <p class='ocr_par' dir='ltr' id='par_1_38' title="bbox 566 2902 1713 2976">
     <span class='ocr_line' id='line_1_38' title="bbox 566 2902 1713 2976; baseline -0.001 -15"><span class='ocrx_word' id='word_1_205' title='bbox 566 2908 833 2976; x_wconf 76' lang='lat' dir='ltr'><strong>provideri</strong></span> <span class='ocrx_word' id='word_1_206' title='bbox 862 2920 1019 2975; x_wconf 87' lang='lat' dir='ltr'><strong>quam</strong></span> <span class='ocrx_word' id='word_1_207' title='bbox 1048 2902 1228 2959; x_wconf 78' lang='lat' dir='ltr'><strong>eieieri</strong></span> <span class='ocrx_word' id='word_1_208' title='bbox 1260 2906 1427 2958; x_wconf 88' lang='lat' dir='ltr'><strong>libere</strong></span> <span class='ocrx_word' id='word_1_209' title='bbox 1452 2902 1713 2960; x_wconf 80' lang='lat' dir='ltr'><strong>viventes.</strong></span> 
     </span>
    </p>
   </div>
   <div class='ocr_carea' id='block_1_39' title="bbox 639 2972 2146 3046">
    <p class='ocr_par' dir='ltr' id='par_1_39' title="bbox 639 2972 2146 3046">
     <span class='ocr_line' id='line_1_39' title="bbox 639 2972 2146 3046; baseline -0.003 -14"><span class='ocrx_word' id='word_1_210' title='bbox 639 2977 849 3033; x_wconf 85' lang='lat' dir='ltr'><strong>Inlinito</strong></span> <span class='ocrx_word' id='word_1_211' title='bbox 880 2972 1047 3031; x_wconf 78' lang='lat' dir='ltr'><strong>labori</strong></span> <span class='ocrx_word' id='word_1_212' title='bbox 1074 2976 1255 3030; x_wconf 84' lang='lat' dir='ltr'><strong>Iiiiitus</strong></span> <span class='ocrx_word' id='word_1_213' title='bbox 1281 2984 1725 3046; x_wconf 81' lang='lat' dir='ltr'><strong>quantuscunque</strong></span> <span class='ocrx_word' id='word_1_214' title='bbox 1747 2975 1819 3030; x_wconf 88' lang='lat' dir='ltr'><strong>sit</strong></span> <span class='ocrx_word' id='word_1_215' title='bbox 1841 2972 2146 3044; x_wconf 87' lang='lat' dir='ltr'><strong>comparari</strong></span> 
     </span>
    </p>
   </div>
   <div class='ocr_carea' id='block_1_40' title="bbox 568 3050 771 3111">
    <p class='ocr_par' dir='ltr' id='par_1_40' title="bbox 568 3050 771 3111">
     <span class='ocr_line' id='line_1_40' title="bbox 568 3050 771 3111; baseline 0.005 -9"><span class='ocrx_word' id='word_1_216' title='bbox 568 3050 771 3111; x_wconf 82' lang='lat' dir='ltr'><strong>nequit.</strong></span> 
     </span>
    </p>
   </div>
   <div class='ocr_carea' id='block_1_41' title="bbox 641 3114 2144 3188">
    <p class='ocr_par' dir='ltr' id='par_1_41' title="bbox 641 3114 2144 3188">
     <span class='ocr_line' id='line_1_41' title="bbox 641 3114 2144 3188; baseline -0.002 -15"><span class='ocrx_word' id='word_1_217' title='bbox 641 3117 929 3173; x_wconf 83' lang='lat' dir='ltr'><strong>Iiivisiliilia</strong></span> <span class='ocrx_word' id='word_1_218' title='bbox 982 3115 1074 3172; x_wconf 86' lang='lat' dir='ltr'><strong>Dei</strong></span> <span class='ocrx_word' id='word_1_219' title='bbox 1112 3131 1207 3188; x_wconf 90' lang='lat' dir='ltr'><strong>per</strong></span> <span class='ocrx_word' id='word_1_220' title='bbox 1246 3130 1307 3172; x_wconf 91' lang='lat' dir='ltr'><strong>ea</strong></span> <span class='ocrx_word' id='word_1_221' title='bbox 1348 3130 1467 3185; x_wconf 74' lang='lat' dir='ltr'><strong>qua:</strong></span> <span class='ocrx_word' id='word_1_222' title='bbox 1512 3114 1655 3171; x_wconf 82' lang='lat' dir='ltr'><strong>facta</strong></span> <span class='ocrx_word' id='word_1_223' title='bbox 1698 3125 1823 3173; x_wconf 85' lang='lat' dir='ltr'><strong>sunt</strong></span> <span class='ocrx_word' id='word_1_224' title='bbox 1874 3114 2144 3171; x_wconf 86' lang='lat' dir='ltr'><strong>intellecta</strong></span> 
     </span>
    </p>
   </div>
   <div class='ocr_carea' id='block_1_42' title="bbox 569 3188 993 3255">
    <p class='ocr_par' dir='ltr' id='par_1_42' title="bbox 569 3188 993 3255">
     <span class='ocr_line' id='line_1_42' title="bbox 569 3188 993 3255; baseline -0.005 -10"><span class='ocrx_word' id='word_1_225' title='bbox 569 3188 993 3255; x_wconf 84' lang='lat' dir='ltr'><strong>conspiciuntur.</strong></span> 
     </span>
    </p>
   </div>
   <div class='ocr_carea' id='block_1_43' title="bbox 634 3257 2025 3328">
    <p class='ocr_par' dir='ltr' id='par_1_43' title="bbox 634 3257 2025 3328">
     <span class='ocr_line' id='line_1_43' title="bbox 634 3257 2025 3328; baseline -0.003 -13"><span class='ocrx_word' id='word_1_226' title='bbox 634 3260 845 3315; x_wconf 89' lang='lat' dir='ltr'><strong>Inlirnia</strong></span> <span class='ocrx_word' id='word_1_227' title='bbox 876 3258 1056 3314; x_wconf 87' lang='lat' dir='ltr'><strong>mundi</strong></span> <span class='ocrx_word' id='word_1_228' title='bbox 1084 3258 1243 3328; x_wconf 78' lang='lat' dir='ltr'><strong>elegit</strong></span> <span class='ocrx_word' id='word_1_229' title='bbox 1270 3258 1414 3328; x_wconf 87' lang='lat' dir='ltr'><strong>Deus</strong></span> <span class='ocrx_word' id='word_1_230' title='bbox 1444 3266 1501 3311; x_wconf 88' lang='lat' dir='ltr'><strong>ut</strong></span> <span class='ocrx_word' id='word_1_231' title='bbox 1527 3257 1817 3313; x_wconf 81' lang='lat' dir='ltr'><strong>contundat</strong></span> <span class='ocrx_word' id='word_1_232' title='bbox 1848 3258 2025 3313; x_wconf 92' lang='lat' dir='ltr'><strong>fortia.</strong></span> 
     </span>
    </p>
   </div>
   <div class='ocr_carea' id='block_1_44' title="bbox 634 3327 1857 3387">
    <p class='ocr_par' dir='ltr' id='par_1_44' title="bbox 634 3327 1857 3387">
     <span class='ocr_line' id='line_1_44' title="bbox 634 3327 1857 3387; baseline -0.003 0"><span class='ocrx_word' id='word_1_233' title='bbox 634 3332 845 3387; x_wconf 86' lang='lat' dir='ltr'><strong>Initium</strong></span> <span class='ocrx_word' id='word_1_234' title='bbox 871 3331 1130 3384; x_wconf 85' lang='lat' dir='ltr'><strong>bonorum</strong></span> <span class='ocrx_word' id='word_1_235' title='bbox 1160 3327 1425 3384; x_wconf 78' lang='lat' dir='ltr'><strong>confessio</strong></span> <span class='ocrx_word' id='word_1_236' title='bbox 1454 3338 1538 3384; x_wconf 71' lang='lat' dir='ltr'><strong>est</strong></span> <span class='ocrx_word' id='word_1_237' title='bbox 1571 3329 1857 3384; x_wconf 87' lang='lat' dir='ltr'><strong>malorum.</strong></span> 
     </span>
    </p>
   </div>
   <div class='ocr_carea' id='block_1_45' title="bbox 636 3399 2140 3471">
    <p class='ocr_par' dir='ltr' id='par_1_45' title="bbox 636 3399 2140 3471">
     <span class='ocr_line' id='line_1_45' title="bbox 636 3399 2140 3471; baseline 0 -16"><span class='ocrx_word' id='word_1_238' title='bbox 636 3402 907 3457; x_wconf 74' lang='lat' dir='ltr'><strong>Incassum</strong></span> <span class='ocrx_word' id='word_1_239' title='bbox 936 3415 1062 3455; x_wconf 77' lang='lat' dir='ltr'><strong>caro</strong></span> <span class='ocrx_word' id='word_1_240' title='bbox 1090 3401 1361 3471; x_wconf 85' lang='lat' dir='ltr'><strong>altligitur,</strong></span> <span class='ocrx_word' id='word_1_241' title='bbox 1393 3399 1437 3455; x_wconf 87' lang='lat' dir='ltr'><strong>si</strong></span> <span class='ocrx_word' id='word_1_242' title='bbox 1466 3415 1617 3455; x_wconf 87' lang='lat' dir='ltr'><strong>mens</strong></span> <span class='ocrx_word' id='word_1_243' title='bbox 1641 3399 2003 3470; x_wconf 81' lang='lat' dir='ltr'><strong>voluptatibus</strong></span> <span class='ocrx_word' id='word_1_244' title='bbox 2032 3414 2140 3455; x_wconf 87' lang='lat' dir='ltr'><strong>non</strong></span> 
     </span>
    </p>
   </div>
   <div class='ocr_carea' id='block_1_46' title="bbox 565 3473 877 3529">
    <p class='ocr_par' dir='ltr' id='par_1_46' title="bbox 565 3473 877 3529">
     <span class='ocr_line' id='line_1_46' title="bbox 565 3473 877 3529; baseline -0.013 0"><span class='ocrx_word' id='word_1_245' title='bbox 565 3473 877 3529; x_wconf 84' lang='lat' dir='ltr'><strong>reluctatur.</strong></span> 
     </span>
    </p>
   </div>
   <div class='ocr_carea' id='block_1_47' title="bbox 638 3542 2137 3611">
    <p class='ocr_par' dir='ltr' id='par_1_47' title="bbox 638 3542 2137 3611">
     <span class='ocr_line' id='line_1_47' title="bbox 638 3542 2137 3611; baseline -0.001 -13"><span class='ocrx_word' id='word_1_246' title='bbox 638 3542 944 3599; x_wconf 85' lang='lat' dir='ltr'><strong>lnuocentia</strong></span> <span class='ocrx_word' id='word_1_247' title='bbox 976 3556 1102 3598; x_wconf 86' lang='lat' dir='ltr'><strong>vera</strong></span> <span class='ocrx_word' id='word_1_248' title='bbox 1132 3548 1234 3605; x_wconf 89' lang='lat' dir='ltr'><strong>est,</strong></span> <span class='ocrx_word' id='word_1_249' title='bbox 1266 3557 1382 3611; x_wconf 78' lang='lat' dir='ltr'><strong>qure</strong></span> <span class='ocrx_word' id='word_1_250' title='bbox 1411 3556 1508 3596; x_wconf 87' lang='lat' dir='ltr'><strong>nec</strong></span> <span class='ocrx_word' id='word_1_251' title='bbox 1536 3542 1637 3597; x_wconf 87' lang='lat' dir='ltr'><strong>sibi</strong></span> <span class='ocrx_word' id='word_1_252' title='bbox 1676 3556 1780 3598; x_wconf 88' lang='lat' dir='ltr'><strong>nec</strong></span> <span class='ocrx_word' id='word_1_253' title='bbox 1808 3542 1930 3598; x_wconf 87' lang='lat' dir='ltr'><strong>aliis</strong></span> <span class='ocrx_word' id='word_1_254' title='bbox 1962 3554 2137 3600; x_wconf 89' lang='lat' dir='ltr'><strong>nocet.</strong></span> 
     </span>
    </p>
   </div>
   <div class='ocr_carea' id='block_1_48' title="bbox 644 3612 2140 3681">
    <p class='ocr_par' dir='ltr' id='par_1_48' title="bbox 644 3612 2140 3681">
     <span class='ocr_line' id='line_1_48' title="bbox 644 3612 2140 3681; baseline 0.001 -14"><span class='ocrx_word' id='word_1_255' title='bbox 644 3614 933 3669; x_wconf 86' lang='lat' dir='ltr'><strong>Iracundus</strong></span> <span class='ocrx_word' id='word_1_256' title='bbox 958 3628 1079 3668; x_wconf 89' lang='lat' dir='ltr'><strong>cum</strong></span> <span class='ocrx_word' id='word_1_257' title='bbox 1108 3615 1264 3668; x_wconf 75' lang='lat' dir='ltr'><strong>irasci</strong></span> <span class='ocrx_word' id='word_1_258' title='bbox 1293 3613 1537 3680; x_wconf 80' lang='lat' dir='ltr'><strong>desierit,</strong></span> <span class='ocrx_word' id='word_1_259' title='bbox 1569 3621 1695 3669; x_wconf 88' lang='lat' dir='ltr'><strong>tunc</strong></span> <span class='ocrx_word' id='word_1_260' title='bbox 1722 3612 1942 3681; x_wconf 71' lang='lat' dir='ltr'><strong>sibimet</strong></span> <span class='ocrx_word' id='word_1_261' title='bbox 1968 3616 2140 3669; x_wconf 83' lang='lat' dir='ltr'><strong>maxi—</strong></span> 
     </span>
    </p>
   </div>
   <div class='ocr_carea' id='block_1_49' title="bbox 570 3685 957 3742">
    <p class='ocr_par' dir='ltr' id='par_1_49' title="bbox 570 3685 957 3742">
     <span class='ocr_line' id='line_1_49' title="bbox 570 3685 957 3742; baseline -0.016 0"><span class='ocrx_word' id='word_1_262' title='bbox 570 3699 662 3742; x_wconf 86' lang='lat' dir='ltr'><strong>me</strong></span> <span class='ocrx_word' id='word_1_263' title='bbox 693 3685 957 3739; x_wconf 85' lang='lat' dir='ltr'><strong>irascitur.</strong></span> 
     </span>
    </p>
   </div>
   <div class='ocr_carea' id='block_1_50' title="bbox 636 3753 2139 3825">
    <p class='ocr_par' dir='ltr' id='par_1_50' title="bbox 636 3753 2139 3825">
     <span class='ocr_line' id='line_1_50' title="bbox 636 3753 2139 3825; baseline -0.001 -14"><span class='ocrx_word' id='word_1_264' title='bbox 636 3757 927 3811; x_wconf 80' lang='lat' dir='ltr'><strong>Iracundus</strong></span> <span class='ocrx_word' id='word_1_265' title='bbox 956 3753 1167 3810; x_wconf 85' lang='lat' dir='ltr'><strong>etiamsi</strong></span> <span class='ocrx_word' id='word_1_266' title='bbox 1208 3764 1474 3810; x_wconf 89' lang='lat' dir='ltr'><strong>mortuum</strong></span> <span class='ocrx_word' id='word_1_267' title='bbox 1506 3755 1749 3821; x_wconf 81' lang='lat' dir='ltr'><strong>suscitet,</strong></span> <span class='ocrx_word' id='word_1_268' title='bbox 1784 3755 1914 3811; x_wconf 88' lang='lat' dir='ltr'><strong>nulli</strong></span> <span class='ocrx_word' id='word_1_269' title='bbox 1947 3755 2139 3825; x_wconf 80' lang='lat' dir='ltr'><strong>placet.</strong></span> 
     </span>
    </p>
   </div>
   <div class='ocr_carea' id='block_1_51' title="bbox 637 3826 2138 3897">
    <p class='ocr_par' dir='ltr' id='par_1_51' title="bbox 637 3826 2138 3897">
     <span class='ocr_line' id='line_1_51' title="bbox 637 3826 2138 3897; baseline -0.003 -15"><span class='ocrx_word' id='word_1_270' title='bbox 637 3826 965 3883; x_wconf 88' lang='lat' dir='ltr'><strong>Itileliciores</strong></span> <span class='ocrx_word' id='word_1_271' title='bbox 1027 3838 1182 3897; x_wconf 12' lang='lat' dir='ltr'><strong>sunt,</strong></span> <span class='ocrx_word' id='word_1_272' title='bbox 1216 3826 1339 3881; x_wconf 88' lang='lat' dir='ltr'><strong>mali</strong></span> <span class='ocrx_word' id='word_1_273' title='bbox 1394 3841 1513 3881; x_wconf 86' lang='lat' dir='ltr'><strong>cum</strong></span> <span class='ocrx_word' id='word_1_274' title='bbox 1568 3828 1746 3895; x_wconf 90' lang='lat' dir='ltr'><strong>cupita</strong></span> <span class='ocrx_word' id='word_1_275' title='bbox 1801 3826 2138 3897; x_wconf 87' lang='lat' dir='ltr'><strong>perfeceriiit,</strong></span> 
     </span>
    </p>
   </div>
   <div class='ocr_carea' id='block_1_52' title="bbox 565 3893 1952 3969">
    <p class='ocr_par' dir='ltr' id='par_1_52' title="bbox 565 3893 1952 3969">
     <span class='ocr_line' id='line_1_52' title="bbox 565 3893 1952 3969; baseline -0.003 -14"><span class='ocrx_word' id='word_1_276' title='bbox 565 3912 729 3969; x_wconf 87' lang='lat' dir='ltr'><strong>quam</strong></span> <span class='ocrx_word' id='word_1_277' title='bbox 756 3898 799 3969; x_wconf 80' lang='lat' dir='ltr'><strong>si</strong></span> <span class='ocrx_word' id='word_1_278' title='bbox 827 3914 886 3953; x_wconf 87' lang='lat' dir='ltr'><strong>ea</strong></span> <span class='ocrx_word' id='word_1_279' title='bbox 918 3911 1035 3963; x_wconf 82' lang='lat' dir='ltr'><strong>quae</strong></span> <span class='ocrx_word' id='word_1_280' title='bbox 1065 3893 1287 3969; x_wconf 88' lang='lat' dir='ltr'><strong>cupiunt</strong></span> <span class='ocrx_word' id='word_1_281' title='bbox 1305 3896 1543 3969; x_wconf 79' lang='lat' dir='ltr'><strong>implere</strong></span> <span class='ocrx_word' id='word_1_282' title='bbox 1574 3893 1679 3951; x_wconf 80' lang='lat' dir='ltr'><strong>non</strong></span> <span class='ocrx_word' id='word_1_283' title='bbox 1711 3893 1952 3967; x_wconf 76' lang='lat' dir='ltr'><strong>possent.</strong></span> 
     </span>
    </p>
   </div>
   <div class='ocr_carea' id='block_1_53' title="bbox 642 3968 2145 4040">
    <p class='ocr_par' dir='ltr' id='par_1_53' title="bbox 642 3968 2145 4040">
     <span class='ocr_line' id='line_1_53' title="bbox 642 3968 2145 4040; baseline -0.001 -17"><span class='ocrx_word' id='word_1_284' title='bbox 642 3968 969 4040; x_wconf 78' lang='lat' dir='ltr'><strong>Iiifeliciorcs</strong></span> <span class='ocrx_word' id='word_1_285' title='bbox 1006 3977 1131 4022; x_wconf 89' lang='lat' dir='ltr'><strong>sunt</strong></span> <span class='ocrx_word' id='word_1_286' title='bbox 1167 3968 1257 4038; x_wconf 87' lang='lat' dir='ltr'><strong>qui</strong></span> <span class='ocrx_word' id='word_1_287' title='bbox 1296 3968 1519 4033; x_wconf 77' lang='lat' dir='ltr'><strong>iaciunt,</strong></span> <span class='ocrx_word' id='word_1_288' title='bbox 1547 3983 1707 4038; x_wconf 82' lang='lat' dir='ltr'><strong>quam</strong></span> <span class='ocrx_word' id='word_1_289' title='bbox 1743 3968 1836 4040; x_wconf 85' lang='lat' dir='ltr'><strong>qui</strong></span> <span class='ocrx_word' id='word_1_290' title='bbox 1874 3968 2145 4038; x_wconf 88' lang='lat' dir='ltr'><strong>patiuntur</strong></span> 
     </span>
    </p>
   </div>
   <div class='ocr_carea' id='block_1_54' title="bbox 568 4037 843 4096">
    <p class='ocr_par' dir='ltr' id='par_1_54' title="bbox 568 4037 843 4096">
     <span class='ocr_line' id='line_1_54' title="bbox 568 4037 843 4096; baseline -0.007 0"><span class='ocrx_word' id='word_1_291' title='bbox 568 4037 843 4096; x_wconf 84' lang='lat' dir='ltr'><strong>iniuriam.</strong></span> 
     </span>
    </p>
   </div>
   <div class='ocr_carea' id='block_1_55' title="bbox 620 4055 2143 4179">
    <p class='ocr_par' dir='ltr' id='par_1_55' title="bbox 620 4055 2143 4179">
     <span class='ocr_line' id='line_1_55' title="bbox 620 4055 2143 4179; baseline -0.001 -14"><span class='ocrx_word' id='word_1_292' title='bbox 620 4055 1261 4179; x_wconf 51' lang='grc' dir='ltr'><strong>ωίὲιῖῗὲηέοηειιιιίεεειιιιιὶειι</strong></span> <span class='ocrx_word' id='word_1_293' title='bbox 1298 4109 1527 4164; x_wconf 83' lang='lat' dir='ltr'><strong>carnalis</strong></span> <span class='ocrx_word' id='word_1_294' title='bbox 1575 4115 1774 4179; x_wconf 89' lang='lat' dir='ltr'><strong>quanto</strong></span> <span class='ocrx_word' id='word_1_295' title='bbox 1811 4108 2014 4165; x_wconf 78' lang='lat' dir='ltr'><strong>diutius</strong></span> <span class='ocrx_word' id='word_1_296' title='bbox 2050 4120 2143 4163; x_wconf 75' lang='lat' dir='ltr'><strong>ar-</strong></span> 
     </span>
    </p>
   </div>
   <div class='ocr_carea' id='block_1_56' title="bbox 569 4179 1946 4250">
    <p class='ocr_par' dir='ltr' id='par_1_56' title="bbox 569 4179 1946 4250">
     <span class='ocr_line' id='line_1_56' title="bbox 569 4179 1946 4250; baseline -0.001 -14"><span class='ocrx_word' id='word_1_297' title='bbox 569 4182 697 4237; x_wconf 82' lang='lat' dir='ltr'><strong>dere</strong></span> <span class='ocrx_word' id='word_1_298' title='bbox 730 4181 1072 4250; x_wconf 88' lang='lat' dir='ltr'><strong>permittitur,</strong></span> <span class='ocrx_word' id='word_1_299' title='bbox 1105 4189 1250 4235; x_wconf 85' lang='lat' dir='ltr'><strong>tanto</strong></span> <span class='ocrx_word' id='word_1_300' title='bbox 1277 4179 1545 4235; x_wconf 89' lang='lat' dir='ltr'><strong>diflicilius</strong></span> <span class='ocrx_word' id='word_1_301' title='bbox 1572 4180 1946 4250; x_wconf 68' lang='lat' dir='ltr'><strong>exstinguitur.</strong></span> 
     </span>
    </p>
   </div>
   <div class='ocr_carea' id='block_1_57' title="bbox 643 4250 1704 4320">
    <p class='ocr_par' dir='ltr' id='par_1_57' title="bbox 643 4250 1704 4320">
     <span class='ocr_line' id='line_1_57' title="bbox 643 4250 1704 4320; baseline 0 -16"><span class='ocrx_word' id='word_1_302' title='bbox 643 4250 888 4320; x_wconf 87' lang='lat' dir='ltr'><strong>Ingratus</strong></span> <span class='ocrx_word' id='word_1_303' title='bbox 914 4267 1050 4305; x_wconf 90' lang='lat' dir='ltr'><strong>unus</strong></span> <span class='ocrx_word' id='word_1_304' title='bbox 1078 4250 1260 4305; x_wconf 89' lang='lat' dir='ltr'><strong>multis</strong></span> <span class='ocrx_word' id='word_1_305' title='bbox 1287 4250 1494 4305; x_wconf 82' lang='lat' dir='ltr'><strong>miseris</strong></span> <span class='ocrx_word' id='word_1_306' title='bbox 1525 4258 1704 4304; x_wconf 91' lang='lat' dir='ltr'><strong>nocet.</strong></span> 
     </span>
    </p>
   </div>
   <div class='ocr_carea' id='block_1_58' title="bbox 646 4320 1927 4390">
    <p class='ocr_par' dir='ltr' id='par_1_58' title="bbox 646 4320 1927 4390">
     <span class='ocr_line' id='line_1_58' title="bbox 646 4320 1927 4390; baseline 0 -15"><span class='ocrx_word' id='word_1_307' title='bbox 646 4322 790 4390; x_wconf 88' lang='lat' dir='ltr'><strong>Iiiopi</strong></span> <span class='ocrx_word' id='word_1_308' title='bbox 822 4321 1135 4376; x_wconf 80' lang='lat' dir='ltr'><strong>beneﬁcium</strong></span> <span class='ocrx_word' id='word_1_309' title='bbox 1169 4324 1249 4376; x_wconf 85' lang='lat' dir='ltr'><strong>bis</strong></span> <span class='ocrx_word' id='word_1_310' title='bbox 1274 4322 1382 4384; x_wconf 86' lang='lat' dir='ltr'><strong>dat,</strong></span> <span class='ocrx_word' id='word_1_311' title='bbox 1415 4320 1502 4389; x_wconf 85' lang='lat' dir='ltr'><strong>qui</strong></span> <span class='ocrx_word' id='word_1_312' title='bbox 1531 4322 1622 4375; x_wconf 86' lang='lat' dir='ltr'><strong>dat</strong></span> <span class='ocrx_word' id='word_1_313' title='bbox 1648 4320 1927 4377; x_wconf 86' lang='lat' dir='ltr'><strong>celeriter.</strong></span> 
     </span>
    </p>
   </div>
   <div class='ocr_carea' id='block_1_59' title="bbox 644 4391 1758 4459">
    <p class='ocr_par' dir='ltr' id='par_1_59' title="bbox 644 4391 1758 4459">
     <span class='ocr_line' id='line_1_59' title="bbox 644 4391 1758 4459; baseline -0.002 -12"><span class='ocrx_word' id='word_1_314' title='bbox 644 4391 837 4459; x_wconf 78' lang='lat' dir='ltr'><strong>limpia:</strong></span> <span class='ocrx_word' id='word_1_315' title='bbox 868 4406 1051 4459; x_wconf 85' lang='lat' dir='ltr'><strong>parva,</strong></span> <span class='ocrx_word' id='word_1_316' title='bbox 1081 4391 1319 4446; x_wconf 71' lang='lat' dir='ltr'><strong>avaritiae</strong></span> <span class='ocrx_word' id='word_1_317' title='bbox 1338 4391 1529 4447; x_wconf 75' lang='lat' dir='ltr'><strong>desunt</strong></span> <span class='ocrx_word' id='word_1_318' title='bbox 1557 4395 1758 4446; x_wconf 82' lang='lat' dir='ltr'><strong>omnia.</strong></span> 
     </span>
    </p>
   </div>
   <div class='ocr_carea' id='block_1_60' title="bbox 644 4461 2140 4533">
    <p class='ocr_par' dir='ltr' id='par_1_60' title="bbox 644 4461 2140 4533">
     <span class='ocr_line' id='line_1_60' title="bbox 644 4461 2140 4533; baseline 0.001 -18"><span class='ocrx_word' id='word_1_319' title='bbox 644 4461 893 4533; x_wconf 79' lang='lat' dir='ltr'><strong>Inimicos</strong></span> <span class='ocrx_word' id='word_1_320' title='bbox 938 4461 1157 4533; x_wconf 80' lang='lat' dir='ltr'><strong>diligere</strong></span> <span class='ocrx_word' id='word_1_321' title='bbox 1196 4476 1360 4532; x_wconf 83' lang='lat' dir='ltr'><strong>grave</strong></span> <span class='ocrx_word' id='word_1_322' title='bbox 1400 4465 1613 4531; x_wconf 80' lang='lat' dir='ltr'><strong>quidem</strong></span> <span class='ocrx_word' id='word_1_323' title='bbox 1658 4470 1743 4518; x_wconf 87' lang='lat' dir='ltr'><strong>est</strong></span> <span class='ocrx_word' id='word_1_324' title='bbox 1793 4470 2140 4533; x_wconf 62' lang='lat' dir='ltr'><strong>prsceptuin,</strong></span> 
     </span>
    </p>
   </div>
   <div class='ocr_carea' id='block_1_61' title="bbox 574 4532 1219 4604">
    <p class='ocr_par' dir='ltr' id='par_1_61' title="bbox 574 4532 1219 4604">
     <span class='ocr_line' id='line_1_61' title="bbox 574 4532 1219 4604; baseline -0.003 -14"><span class='ocrx_word' id='word_1_325' title='bbox 574 4534 670 4590; x_wconf 81' lang='lat' dir='ltr'><strong>sed</strong></span> <span class='ocrx_word' id='word_1_326' title='bbox 697 4532 897 4604; x_wconf 81' lang='lat' dir='ltr'><strong>grande</strong></span> <span class='ocrx_word' id='word_1_327' title='bbox 926 4532 1219 4602; x_wconf 67' lang='lat' dir='ltr'><strong>praemium.</strong></span> 
     </span>
    </p>
   </div>
   <div class='ocr_carea' id='block_1_62' title="bbox 645 4602 1997 4676">
    <p class='ocr_par' dir='ltr' id='par_1_62' title="bbox 645 4602 1997 4676">
     <span class='ocr_line' id='line_1_62' title="bbox 645 4602 1997 4676; baseline -0.001 -16"><span class='ocrx_word' id='word_1_328' title='bbox 645 4602 971 4676; x_wconf 75' lang='lat' dir='ltr'><strong>Iniprovidus</strong></span> <span class='ocrx_word' id='word_1_329' title='bbox 1003 4605 1156 4659; x_wconf 86' lang='lat' dir='ltr'><strong>miles</strong></span> <span class='ocrx_word' id='word_1_330' title='bbox 1186 4604 1375 4676; x_wconf 79' lang='lat' dir='ltr'><strong>fortem</strong></span> <span class='ocrx_word' id='word_1_331' title='bbox 1405 4616 1464 4658; x_wconf 87' lang='lat' dir='ltr'><strong>se</strong></span> <span class='ocrx_word' id='word_1_332' title='bbox 1488 4603 1541 4658; x_wconf 90' lang='lat' dir='ltr'><strong>in</strong></span> <span class='ocrx_word' id='word_1_333' title='bbox 1568 4617 1699 4676; x_wconf 85' lang='lat' dir='ltr'><strong>pace</strong></span> <span class='ocrx_word' id='word_1_334' title='bbox 1717 4602 1997 4676; x_wconf 76' lang='lat' dir='ltr'><strong>gloriatur.</strong></span> 
     </span>
    </p>
   </div>
   <div class='ocr_carea' id='block_1_63' title="bbox 643 4674 2144 4746">
    <p class='ocr_par' dir='ltr' id='par_1_63' title="bbox 643 4674 2144 4746">
     <span class='ocr_line' id='line_1_63' title="bbox 643 4674 2144 4746; baseline 0.001 -15"><span class='ocrx_word' id='word_1_335' title='bbox 643 4674 754 4731; x_wconf 81' lang='lat' dir='ltr'><strong>Illis</strong></span> <span class='ocrx_word' id='word_1_336' title='bbox 796 4674 1136 4730; x_wconf 89' lang='lat' dir='ltr'><strong>dimittuntur</strong></span> <span class='ocrx_word' id='word_1_337' title='bbox 1184 4674 1442 4741; x_wconf 87' lang='lat' dir='ltr'><strong>minima,</strong></span> <span class='ocrx_word' id='word_1_338' title='bbox 1512 4675 1603 4743; x_wconf 90' lang='lat' dir='ltr'><strong>qui</strong></span> <span class='ocrx_word' id='word_1_339' title='bbox 1647 4676 1851 4746; x_wconf 83' lang='lat' dir='ltr'><strong>majora</strong></span> <span class='ocrx_word' id='word_1_340' title='bbox 1897 4674 2144 4732; x_wconf 78' lang='lat' dir='ltr'><strong>districto</strong></span> 
     </span>
    </p>
   </div>
   <div class='ocr_carea' id='block_1_64' title="bbox 573 4752 1086 4814">
    <p class='ocr_par' dir='ltr' id='par_1_64' title="bbox 573 4752 1086 4814">
     <span class='ocr_line' id='line_1_64' title="bbox 573 4752 1086 4814; baseline -0.006 -11"><span class='ocrx_word' id='word_1_341' title='bbox 573 4752 830 4803; x_wconf 71' lang='lat' dir='ltr'><strong>Ileverunt</strong></span> <span class='ocrx_word' id='word_1_342' title='bbox 854 4755 1086 4814; x_wconf 85' lang='lat' dir='ltr'><strong>peccata.</strong></span> 
     </span>
    </p>
   </div>
   <div class='ocr_carea' id='block_1_65' title="bbox 642 4814 2132 4886">
    <p class='ocr_par' dir='ltr' id='par_1_65' title="bbox 642 4814 2132 4886">
     <span class='ocr_line' id='line_1_65' title="bbox 642 4814 2132 4886; baseline -0.001 -14"><span class='ocrx_word' id='word_1_343' title='bbox 642 4816 701 4872; x_wconf 92' lang='lat' dir='ltr'><strong>In</strong></span> <span class='ocrx_word' id='word_1_344' title='bbox 733 4817 884 4871; x_wconf 86' lang='lat' dir='ltr'><strong>malis</strong></span> <span class='ocrx_word' id='word_1_345' title='bbox 911 4830 1133 4886; x_wconf 86' lang='lat' dir='ltr'><strong>sperare</strong></span> <span class='ocrx_word' id='word_1_346' title='bbox 1171 4814 1331 4882; x_wconf 85' lang='lat' dir='ltr'><strong>bona,</strong></span> <span class='ocrx_word' id='word_1_347' title='bbox 1360 4828 1516 4870; x_wconf 88' lang='lat' dir='ltr'><strong>nemo</strong></span> <span class='ocrx_word' id='word_1_348' title='bbox 1542 4815 1643 4870; x_wconf 86' lang='lat' dir='ltr'><strong>nisi</strong></span> <span class='ocrx_word' id='word_1_349' title='bbox 1688 4816 1946 4873; x_wconf 89' lang='lat' dir='ltr'><strong>innocens</strong></span> <span class='ocrx_word' id='word_1_350' title='bbox 1973 4815 2132 4871; x_wconf 84' lang='lat' dir='ltr'><strong>solet.</strong></span> 
     </span>
    </p>
   </div>
   <div class='ocr_carea' id='block_1_66' title="bbox 642 4886 2124 4958">
    <p class='ocr_par' dir='ltr' id='par_1_66' title="bbox 642 4886 2124 4958">
     <span class='ocr_line' id='line_1_66' title="bbox 642 4886 2124 4958; baseline -0.001 -15"><span class='ocrx_word' id='word_1_351' title='bbox 642 4886 700 4943; x_wconf 90' lang='lat' dir='ltr'><strong>In</strong></span> <span class='ocrx_word' id='word_1_352' title='bbox 731 4888 915 4943; x_wconf 87' lang='lat' dir='ltr'><strong>multis</strong></span> <span class='ocrx_word' id='word_1_353' title='bbox 964 4886 1157 4958; x_wconf 79' lang='lat' dir='ltr'><strong>frustra</strong></span> <span class='ocrx_word' id='word_1_354' title='bbox 1207 4886 1439 4958; x_wconf 85' lang='lat' dir='ltr'><strong>laborat,</strong></span> <span class='ocrx_word' id='word_1_355' title='bbox 1487 4888 1577 4955; x_wconf 89' lang='lat' dir='ltr'><strong>qui</strong></span> <span class='ocrx_word' id='word_1_356' title='bbox 1622 4899 1716 4943; x_wconf 85' lang='lat' dir='ltr'><strong>sua</strong></span> <span class='ocrx_word' id='word_1_357' title='bbox 1754 4889 1923 4958; x_wconf 80' lang='lat' dir='ltr'><strong>magis</strong></span> <span class='ocrx_word' id='word_1_358' title='bbox 1966 4903 2124 4958; x_wconf 88' lang='lat' dir='ltr'><strong>quam</strong></span> 
     </span>
    </p>
   </div>
   <div class='ocr_carea' id='block_1_67' title="bbox 574 4955 1431 5029">
    <p class='ocr_par' dir='ltr' id='par_1_67' title="bbox 574 4955 1431 5029">
     <span class='ocr_line' id='line_1_67' title="bbox 574 4955 1431 5029; baseline -0.009 -12"><span class='ocrx_word' id='word_1_359' title='bbox 574 4976 636 5018; x_wconf 84' lang='lat' dir='ltr'><strong>se</strong></span> <span class='ocrx_word' id='word_1_360' title='bbox 674 4959 847 5029; x_wconf 89' lang='lat' dir='ltr'><strong>ipsum</strong></span> <span class='ocrx_word' id='word_1_361' title='bbox 881 4958 990 5029; x_wconf 90' lang='lat' dir='ltr'><strong>Deo</strong></span> <span class='ocrx_word' id='word_1_362' title='bbox 1016 4957 1209 5011; x_wconf 82' lang='lat' dir='ltr'><strong>otl‘erre</strong></span> <span class='ocrx_word' id='word_1_363' title='bbox 1233 4955 1431 5029; x_wconf 81' lang='lat' dir='ltr'><strong>studet.</strong></span> 
     </span>
    </p>
   </div>
   <div class='ocr_carea' id='block_1_68' title="bbox 648 5026 1795 5095">
    <p class='ocr_par' dir='ltr' id='par_1_68' title="bbox 648 5026 1795 5095">
     <span class='ocr_line' id='line_1_68' title="bbox 648 5026 1795 5095; baseline -0.004 -9"><span class='ocrx_word' id='word_1_364' title='bbox 648 5026 708 5086; x_wconf 79' lang='lat' dir='ltr'><strong>In</strong></span> <span class='ocrx_word' id='word_1_365' title='bbox 734 5045 923 5084; x_wconf 89' lang='lat' dir='ltr'><strong>vanum</strong></span> <span class='ocrx_word' id='word_1_366' title='bbox 954 5028 1177 5093; x_wconf 84' lang='lat' dir='ltr'><strong>laborat,</strong></span> <span class='ocrx_word' id='word_1_367' title='bbox 1200 5026 1290 5095; x_wconf 88' lang='lat' dir='ltr'><strong>qui</strong></span> <span class='ocrx_word' id='word_1_368' title='bbox 1317 5041 1515 5082; x_wconf 55' lang='lat' dir='ltr'><strong>caecum</strong></span> <span class='ocrx_word' id='word_1_369' title='bbox 1548 5028 1795 5083; x_wconf 87' lang='lat' dir='ltr'><strong>honorat.</strong></span> 
     </span>
    </p>
   </div>
   <div class='ocr_carea' id='block_1_69' title="bbox 646 5097 2138 5170">
    <p class='ocr_par' dir='ltr' id='par_1_69' title="bbox 646 5097 2138 5170">
     <span class='ocr_line' id='line_1_69' title="bbox 646 5097 2138 5170; baseline 0 -14"><span class='ocrx_word' id='word_1_370' title='bbox 646 5100 896 5169; x_wconf 67' lang='lat' dir='ltr'><strong>Iniuriam</strong></span> <span class='ocrx_word' id='word_1_371' title='bbox 943 5112 1185 5170; x_wconf 72' lang='lat' dir='ltr'><strong>magnam</strong></span> <span class='ocrx_word' id='word_1_372' title='bbox 1225 5097 1463 5170; x_wconf 79' lang='lat' dir='ltr'><strong>Creatori</strong></span> <span class='ocrx_word' id='word_1_373' title='bbox 1509 5097 1655 5167; x_wconf 87' lang='lat' dir='ltr'><strong>facit,</strong></span> <span class='ocrx_word' id='word_1_374' title='bbox 1698 5099 1789 5170; x_wconf 86' lang='lat' dir='ltr'><strong>qui</strong></span> <span class='ocrx_word' id='word_1_375' title='bbox 1836 5109 2138 5156; x_wconf 83' lang='lat' dir='ltr'><strong>creaturam</strong></span> 
     </span>
    </p>
   </div>
   <div class='ocr_carea' id='block_1_70' title="bbox 582 5168 1448 5240">
    <p class='ocr_par' dir='ltr' id='par_1_70' title="bbox 582 5168 1448 5240">
     <span class='ocr_line' id='line_1_70' title="bbox 582 5168 1448 5240; baseline -0.002 -15"><span class='ocrx_word' id='word_1_376' title='bbox 582 5168 743 5226; x_wconf 86' lang='lat' dir='ltr'><strong>ullam</strong></span> <span class='ocrx_word' id='word_1_377' title='bbox 775 5168 1048 5240; x_wconf 82' lang='lat' dir='ltr'><strong>plusquam</strong></span> <span class='ocrx_word' id='word_1_378' title='bbox 1079 5170 1228 5223; x_wconf 90' lang='lat' dir='ltr'><strong>illuni</strong></span> <span class='ocrx_word' id='word_1_379' title='bbox 1260 5168 1448 5238; x_wconf 87' lang='lat' dir='ltr'><strong>diligit.</strong></span> 
     </span>
    </p>
   </div>
   <div class='ocr_carea' id='block_1_71' title="bbox 647 5239 1923 5311">
    <p class='ocr_par' dir='ltr' id='par_1_71' title="bbox 647 5239 1923 5311">
     <span class='ocr_line' id='line_1_71' title="bbox 647 5239 1923 5311; baseline -0.001 -15"><span class='ocrx_word' id='word_1_380' title='bbox 647 5239 876 5307; x_wconf 82' lang='lat' dir='ltr'><strong>Imperat</strong></span> <span class='ocrx_word' id='word_1_381' title='bbox 900 5251 991 5296; x_wconf 88' lang='lat' dir='ltr'><strong>aut</strong></span> <span class='ocrx_word' id='word_1_382' title='bbox 1018 5241 1179 5296; x_wconf 84' lang='lat' dir='ltr'><strong>servit</strong></span> <span class='ocrx_word' id='word_1_383' title='bbox 1208 5239 1429 5311; x_wconf 81' lang='lat' dir='ltr'><strong>collecta</strong></span> <span class='ocrx_word' id='word_1_384' title='bbox 1460 5239 1680 5309; x_wconf 88' lang='lat' dir='ltr'><strong>pecunia</strong></span> <span class='ocrx_word' id='word_1_385' title='bbox 1707 5239 1923 5311; x_wconf 89' lang='lat' dir='ltr'><strong>cuique.</strong></span> 
     </span>
    </p>
   </div>
   <div class='ocr_carea' id='block_1_72' title="bbox 646 5309 1837 5380">
    <p class='ocr_par' dir='ltr' id='par_1_72' title="bbox 646 5309 1837 5380">
     <span class='ocr_line' id='line_1_72' title="bbox 646 5309 1837 5380; baseline 0.002 -16"><span class='ocrx_word' id='word_1_386' title='bbox 646 5311 855 5365; x_wconf 77' lang='lat' dir='ltr'><strong>Invidus</strong></span> <span class='ocrx_word' id='word_1_387' title='bbox 884 5313 1101 5366; x_wconf 79' lang='lat' dir='ltr'><strong>alterius</strong></span> <span class='ocrx_word' id='word_1_388' title='bbox 1126 5309 1405 5367; x_wconf 85' lang='lat' dir='ltr'><strong>marcescit</strong></span> <span class='ocrx_word' id='word_1_389' title='bbox 1433 5312 1591 5366; x_wconf 87' lang='lat' dir='ltr'><strong>rebus</strong></span> <span class='ocrx_word' id='word_1_390' title='bbox 1619 5309 1837 5380; x_wconf 79' lang='lat' dir='ltr'><strong>opimis.</strong></span> 
     </span>
    </p>
   </div>
   <div class='ocr_carea' id='block_1_73' title="bbox 649 5381 2031 5450">
    <p class='ocr_par' dir='ltr' id='par_1_73' title="bbox 649 5381 2031 5450">
     <span class='ocr_line' id='line_1_73' title="bbox 649 5381 2031 5450; baseline 0.001 -14"><span class='ocrx_word' id='word_1_391' title='bbox 649 5382 874 5448; x_wconf 85' lang='lat' dir='ltr'><strong>Impedit</strong></span> <span class='ocrx_word' id='word_1_392' title='bbox 908 5381 987 5437; x_wconf 88' lang='lat' dir='ltr'><strong>ira</strong></span> <span class='ocrx_word' id='word_1_393' title='bbox 1017 5384 1251 5437; x_wconf 86' lang='lat' dir='ltr'><strong>animum</strong></span> <span class='ocrx_word' id='word_1_394' title='bbox 1284 5394 1350 5436; x_wconf 90' lang='lat' dir='ltr'><strong>ne</strong></span> <span class='ocrx_word' id='word_1_395' title='bbox 1376 5382 1542 5450; x_wconf 87' lang='lat' dir='ltr'><strong>possit</strong></span> <span class='ocrx_word' id='word_1_396' title='bbox 1575 5395 1797 5437; x_wconf 90' lang='lat' dir='ltr'><strong>cernere</strong></span> <span class='ocrx_word' id='word_1_397' title='bbox 1823 5397 2031 5437; x_wconf 82' lang='lat' dir='ltr'><strong>verum.</strong></span> 
     </span>
    </p>
   </div>
   <div class='ocr_carea' id='block_1_74' title="bbox 649 5452 2144 5575">
    <p class='ocr_par' dir='ltr' id='par_1_74' title="bbox 649 5452 2144 5575">
     <span class='ocr_line' id='line_1_74' title="bbox 649 5452 2144 5575; baseline 0.005 -70"><span class='ocrx_word' id='word_1_398' title='bbox 649 5453 808 5575; x_wconf 51' lang='lat' dir='ltr'><strong>lili‘ipia</strong></span> <span class='ocrx_word' id='word_1_399' title='bbox 854 5467 1080 5524; x_wconf 67' lang='lat' dir='ltr'><strong>quisque</strong></span> <span class='ocrx_word' id='word_1_400' title='bbox 1119 5452 1381 5521; x_wconf 75' lang='lat' dir='ltr'><strong>studens,</strong></span> <span class='ocrx_word' id='word_1_401' title='bbox 1431 5455 1615 5521; x_wconf 85' lang='lat' dir='ltr'><strong>nequit</strong></span> <span class='ocrx_word' id='word_1_402' title='bbox 1664 5454 1719 5509; x_wconf 93' lang='lat' dir='ltr'><strong>in</strong></span> <span class='ocrx_word' id='word_1_403' title='bbox 1765 5452 1979 5509; x_wconf 80' lang='lat' dir='ltr'><strong>Christo</strong></span> <span class='ocrx_word' id='word_1_404' title='bbox 2026 5453 2144 5512; x_wconf 78' lang='lat' dir='ltr'><strong>fore</strong></span> 
     </span>
     <span class='ocr_line' id='line_1_75' title="bbox 649 5537 825 5575; baseline 0 0"><span class='ocrx_word' id='word_1_405' title='bbox 649 5539 675 5575; x_wconf 85' lang='grc' dir='ltr'><strong>ιι</strong></span> <span class='ocrx_word' id='word_1_406' title='bbox 716 5537 825 5575; x_wconf 72' lang='grc'><strong>8118.</strong></span> 
     </span>
    </p>
   </div>
   <div class='ocr_carea' id='block_1_75' title="bbox 599 5537 825 5579">
    <p class='ocr_par' dir='ltr' id='par_1_75' title="bbox 599 5537 825 5579">
     <span class='ocr_line' id='line_1_76' title="bbox 599 5537 825 5579; baseline -0.004 -3"><span class='ocrx_word' id='word_1_407' title='bbox 599 5537 825 5579; x_wconf 72' lang='lat' dir='ltr'><strong>tl&#39;lJtICIIS.</strong></span> 
     </span>
    </p>
   </div>
   <div class='ocr_carea' id='block_1_76' title="bbox 580 5541 1991 5667">
    <p class='ocr_par' dir='ltr' id='par_1_76' title="bbox 580 5541 1991 5667">
     <span class='ocr_line' id='line_1_77' title="bbox 599 5541 825 5576; baseline -0.004 0"><span class='ocrx_word' id='word_1_408' title='bbox 599 5541 710 5576; x_wconf 78' lang='lat' dir='ltr'><strong>i&#39;uu</strong></span> <span class='ocrx_word' id='word_1_409' title='bbox 750 5541 825 5576; x_wconf 82' lang='lat' dir='ltr'><strong>IIS.</strong></span> 
     </span>
     <span class='ocr_line' id='line_1_78' title="bbox 580 5541 1991 5667; baseline 0.001 -20"><span class='ocrx_word' id='word_1_410' title='bbox 580 5541 864 5667; x_wconf 50' lang='lat' dir='ltr'><strong>“Insidiae</strong></span> <span class='ocrx_word' id='word_1_411' title='bbox 889 5594 1114 5667; x_wconf 9' lang='lat' dir='ltr'><strong>plenum,</strong></span> <span class='ocrx_word' id='word_1_412' title='bbox 1128 5608 1288 5667; x_wconf 82' lang='lat' dir='ltr'><strong>super</strong></span> <span class='ocrx_word' id='word_1_413' title='bbox 1313 5609 1500 5650; x_wconf 85' lang='lat' dir='ltr'><strong>omnes</strong></span> <span class='ocrx_word' id='word_1_414' title='bbox 1530 5602 1738 5651; x_wconf 82' lang='lat' dir='ltr'><strong>constat</strong></span> <span class='ocrx_word' id='word_1_415' title='bbox 1769 5608 1991 5667; x_wconf 84' lang='lat' dir='ltr'><strong>egenus.</strong></span> 
     </span>
    </p>
   </div>
   <div class='ocr_carea' id='block_1_77' title="bbox 648 5664 2036 5733">
    <p class='ocr_par' dir='ltr' id='par_1_77' title="bbox 648 5664 2036 5733">
     <span class='ocr_line' id='line_1_79' title="bbox 648 5664 2036 5733; baseline 0.003 -14"><span class='ocrx_word' id='word_1_416' title='bbox 648 5664 900 5720; x_wconf 77' lang='lat' dir='ltr'><strong>Indurore</strong></span> <span class='ocrx_word' id='word_1_417' title='bbox 927 5665 1018 5719; x_wconf 86' lang='lat' dir='ltr'><strong>Dei</strong></span> <span class='ocrx_word' id='word_1_418' title='bbox 1046 5664 1173 5720; x_wconf 86' lang='lat' dir='ltr'><strong>nihil</strong></span> <span class='ocrx_word' id='word_1_419' title='bbox 1204 5666 1340 5722; x_wconf 87' lang='lat' dir='ltr'><strong>aIiuJ</strong></span> <span class='ocrx_word' id='word_1_420' title='bbox 1372 5679 1473 5733; x_wconf 70' lang='grc' dir='ltr'><strong>εει,</strong></span> <span class='ocrx_word' id='word_1_421' title='bbox 1504 5667 1605 5722; x_wconf 86' lang='lat' dir='ltr'><strong>nisi</strong></span> <span class='ocrx_word' id='word_1_422' title='bbox 1635 5680 1737 5721; x_wconf 89' lang='lat' dir='ltr'><strong>non</strong></span> <span class='ocrx_word' id='word_1_423' title='bbox 1766 5664 2036 5724; x_wconf 74' lang='lat' dir='ltr'><strong>misereri.</strong></span> 
     </span>
    </p>
   </div>
   <div class='ocr_carea' id='block_1_78' title="bbox 652 5737 1728 5804">
    <p class='ocr_par' dir='ltr' id='par_1_78' title="bbox 652 5737 1728 5804">
     <span class='ocr_line' id='line_1_80' title="bbox 652 5737 1728 5804; baseline 0.003 -15"><span class='ocrx_word' id='word_1_424' title='bbox 652 5737 941 5791; x_wconf 74' lang='lat' dir='ltr'><strong>IncraSi-ata</strong></span> <span class='ocrx_word' id='word_1_425' title='bbox 966 5750 1091 5789; x_wconf 85' lang='lat' dir='ltr'><strong>caro</strong></span> <span class='ocrx_word' id='word_1_426' title='bbox 1118 5747 1292 5804; x_wconf 77' lang='lat' dir='ltr'><strong>gustat</strong></span> <span class='ocrx_word' id='word_1_427' title='bbox 1318 5738 1556 5794; x_wconf 79' lang='lat' dir='ltr'><strong>cmicstia</strong></span> <span class='ocrx_word' id='word_1_428' title='bbox 1587 5752 1728 5793; x_wconf 77' lang='lat' dir='ltr'><strong>raro.</strong></span> 
     </span>
    </p>
   </div>
   <div class='ocr_carea' id='block_1_79' title="bbox 651 5808 1785 5876">
    <p class='ocr_par' dir='ltr' id='par_1_79' title="bbox 651 5808 1785 5876">
     <span class='ocr_line' id='line_1_81' title="bbox 651 5808 1785 5876; baseline 0.005 -19"><span class='ocrx_word' id='word_1_429' title='bbox 651 5808 791 5863; x_wconf 83' lang='lat' dir='ltr'><strong>Inter</strong></span> <span class='ocrx_word' id='word_1_430' title='bbox 820 5812 1001 5876; x_wconf 80' lang='lat' dir='ltr'><strong>epulas</strong></span> <span class='ocrx_word' id='word_1_431' title='bbox 1029 5808 1243 5860; x_wconf 83' lang='lat' dir='ltr'><strong>dillicile</strong></span> <span class='ocrx_word' id='word_1_432' title='bbox 1270 5819 1514 5863; x_wconf 87' lang='lat' dir='ltr'><strong>servatur</strong></span> <span class='ocrx_word' id='word_1_433' title='bbox 1545 5811 1785 5863; x_wconf 84' lang='lat' dir='ltr'><strong>castitas.</strong></span> 
     </span>
    </p>
   </div>
   <div class='ocr_carea' id='block_1_80' title="bbox 650 5878 2139 5948">
    <p class='ocr_par' dir='ltr' id='par_1_80' title="bbox 650 5878 2139 5948">
     <span class='ocr_line' id='line_1_82' title="bbox 650 5878 2139 5948; baseline 0.003 -15"><span class='ocrx_word' id='word_1_434' title='bbox 650 5878 848 5935; x_wconf 67' lang='lat' dir='ltr'><strong>Iulianii</strong></span> <span class='ocrx_word' id='word_1_435' title='bbox 891 5890 1026 5948; x_wconf 83' lang='lat' dir='ltr'><strong>pene</strong></span> <span class='ocrx_word' id='word_1_436' title='bbox 1073 5892 1258 5936; x_wconf 84' lang='lat' dir='ltr'><strong>omnes</strong></span> <span class='ocrx_word' id='word_1_437' title='bbox 1295 5893 1354 5936; x_wconf 86' lang='lat' dir='ltr'><strong>se</strong></span> <span class='ocrx_word' id='word_1_438' title='bbox 1398 5880 1615 5947; x_wconf 77' lang='lat' dir='ltr'><strong>quidem</strong></span> <span class='ocrx_word' id='word_1_439' title='bbox 1667 5882 1734 5937; x_wconf 83' lang='lat' dir='ltr'><strong>ab</strong></span> <span class='ocrx_word' id='word_1_440' title='bbox 1776 5881 1893 5940; x_wconf 80' lang='lat' dir='ltr'><strong>aliis</strong></span> <span class='ocrx_word' id='word_1_441' title='bbox 1924 5882 2139 5941; x_wconf 84' lang='lat' dir='ltr'><strong>tolerati</strong></span> 
     </span>
    </p>
   </div>
   <div class='ocr_carea' id='block_1_81' title="bbox 2260 558 3823 632">
    <p class='ocr_par' dir='ltr' id='par_1_81' title="bbox 2260 558 3823 632">
     <span class='ocr_line' id='line_1_83' title="bbox 2260 558 3823 632; baseline 0.003 -21"><span class='ocrx_word' id='word_1_442' title='bbox 2260 566 2261 569; x_wconf 78' lang='lat'>‘</span> <span class='ocrx_word' id='word_1_443' title='bbox 2314 558 2600 614; x_wconf 74' lang='grc' dir='ltr'><strong>Ιιιιίηιιίιιιε</strong></span> <span class='ocrx_word' id='word_1_444' title='bbox 2629 559 2809 632; x_wconf 82' lang='lat' dir='ltr'><strong>carnis</strong></span> <span class='ocrx_word' id='word_1_445' title='bbox 2835 560 2881 613; x_wconf 85' lang='lat' dir='ltr'><strong>si</strong></span> <span class='ocrx_word' id='word_1_446' title='bbox 2906 560 3171 628; x_wconf 86' lang='lat' dir='ltr'><strong>patienter</strong></span> <span class='ocrx_word' id='word_1_447' title='bbox 3190 561 3537 626; x_wconf 83' lang='lat' dir='ltr'><strong>sustineatur,</strong></span> <span class='ocrx_word' id='word_1_448' title='bbox 3559 568 3645 615; x_wconf 80' lang='lat' dir='ltr'><strong>est</strong></span> <span class='ocrx_word' id='word_1_449' title='bbox 3667 575 3823 632; x_wconf 79' lang='lat' dir='ltr'><strong>quasi</strong></span> 
     </span>
    </p>
   </div>
   <div class='ocr_carea' id='block_1_82' title="bbox 2240 630 2766 700">
    <p class='ocr_par' dir='ltr' id='par_1_82' title="bbox 2240 630 2766 700">
     <span class='ocr_line' id='line_1_84' title="bbox 2240 630 2766 700; baseline -0.002 -18"><span class='ocrx_word' id='word_1_450' title='bbox 2240 632 2578 700; x_wconf 80' lang='lat' dir='ltr'><strong>purgatorius</strong></span> <span class='ocrx_word' id='word_1_451' title='bbox 2608 630 2766 697; x_wconf 83' lang='lat' dir='ltr'><strong>ignis.</strong></span> 
     </span>
    </p>
   </div>
   <div class='ocr_carea' id='block_1_83' title="bbox 2314 698 3828 772">
    <p class='ocr_par' dir='ltr' id='par_1_83' title="bbox 2314 698 3828 772">
     <span class='ocr_line' id='line_1_85' title="bbox 2314 698 3828 772; baseline 0.001 -17"><span class='ocrx_word' id='word_1_452' title='bbox 2314 701 2433 757; x_wconf 83' lang='lat' dir='ltr'><strong>Illos</strong></span> <span class='ocrx_word' id='word_1_453' title='bbox 2473 710 2751 771; x_wconf 79' lang='lat' dir='ltr'><strong>exspectat</strong></span> <span class='ocrx_word' id='word_1_454' title='bbox 2776 698 2968 771; x_wconf 89' lang='lat' dir='ltr'><strong>gloria,</strong></span> <span class='ocrx_word' id='word_1_455' title='bbox 3000 699 3090 770; x_wconf 89' lang='lat' dir='ltr'><strong>qui</strong></span> <span class='ocrx_word' id='word_1_456' title='bbox 3121 698 3388 757; x_wconf 85' lang='lat' dir='ltr'><strong>laboriosa</strong></span> <span class='ocrx_word' id='word_1_457' title='bbox 3422 712 3614 772; x_wconf 86' lang='lat' dir='ltr'><strong>gerunt</strong></span> <span class='ocrx_word' id='word_1_458' title='bbox 3644 714 3828 757; x_wconf 82' lang='lat' dir='ltr'><strong>certa-</strong></span> 
     </span>
    </p>
   </div>
   <div class='ocr_carea' id='block_1_84' title="bbox 2239 772 2403 827">
    <p class='ocr_par' dir='ltr' id='par_1_84' title="bbox 2239 772 2403 827">
     <span class='ocr_line' id='line_1_86' title="bbox 2239 772 2403 827; baseline 0 -1"><span class='ocrx_word' id='word_1_459' title='bbox 2239 772 2403 827; x_wconf 87' lang='lat' dir='ltr'><strong>mina.</strong></span> 
     </span>
    </p>
   </div>
   <div class='ocr_carea' id='block_1_85' title="bbox 3021 863 3050 923">
    <p class='ocr_par' dir='ltr' id='par_1_85' title="bbox 3021 863 3050 923">
     <span class='ocr_line' id='line_1_87' title="bbox 3021 863 3050 923; baseline 0 0"><span class='ocrx_word' id='word_1_460' title='bbox 3021 863 3050 923; x_wconf 90' lang='lat' dir='ltr'><strong>J</strong></span> 
     </span>
    </p>
   </div>
   <div class='ocr_carea' id='block_1_86' title="bbox 2310 974 3831 1048">
    <p class='ocr_par' dir='ltr' id='par_1_86' title="bbox 2310 974 3831 1048">
     <span class='ocr_line' id='line_1_88' title="bbox 2310 974 3831 1048; baseline 0.002 -17"><span class='ocrx_word' id='word_1_461' title='bbox 2310 975 2467 1031; x_wconf 73' lang='lat' dir='ltr'><strong>Juxta</strong></span> <span class='ocrx_word' id='word_1_462' title='bbox 2495 984 2580 1032; x_wconf 86' lang='lat' dir='ltr'><strong>est</strong></span> <span class='ocrx_word' id='word_1_463' title='bbox 2606 975 2864 1032; x_wconf 87' lang='lat' dir='ltr'><strong>Dominus</strong></span> <span class='ocrx_word' id='word_1_464' title='bbox 2888 974 2972 1033; x_wconf 87' lang='lat' dir='ltr'><strong>bis</strong></span> <span class='ocrx_word' id='word_1_465' title='bbox 3000 975 3090 1048; x_wconf 91' lang='lat' dir='ltr'><strong>qui</strong></span> <span class='ocrx_word' id='word_1_466' title='bbox 3122 974 3376 1033; x_wconf 83' lang='lat' dir='ltr'><strong>tribulato</strong></span> <span class='ocrx_word' id='word_1_467' title='bbox 3405 982 3531 1031; x_wconf 85' lang='lat' dir='ltr'><strong>sunt</strong></span> <span class='ocrx_word' id='word_1_468' title='bbox 3559 975 3741 1041; x_wconf 85' lang='lat' dir='ltr'><strong>corde.</strong></span> <span class='ocrx_word' id='word_1_469' title='bbox 3775 988 3831 1034; x_wconf 83' lang='lat' dir='ltr'><strong>et</strong></span> 
     </span>
    </p>
   </div>
   <div class='ocr_carea' id='block_1_87' title="bbox 2242 1047 2971 1117">
    <p class='ocr_par' dir='ltr' id='par_1_87' title="bbox 2242 1047 2971 1117">
     <span class='ocr_line' id='line_1_89' title="bbox 2242 1047 2971 1117; baseline 0 -15"><span class='ocrx_word' id='word_1_470' title='bbox 2242 1047 2470 1104; x_wconf 88' lang='lat' dir='ltr'><strong>burniles</strong></span> <span class='ocrx_word' id='word_1_471' title='bbox 2499 1049 2689 1117; x_wconf 86' lang='lat' dir='ltr'><strong>spiritu</strong></span> <span class='ocrx_word' id='word_1_472' title='bbox 2723 1049 2971 1104; x_wconf 84' lang='lat' dir='ltr'><strong>salvabit.</strong></span> 
     </span>
    </p>
   </div>
   <div class='ocr_carea' id='block_1_88' title="bbox 2295 1095 3829 1201">
    <p class='ocr_par' dir='ltr' id='par_1_88' title="bbox 2295 1095 3829 1201">
     <span class='ocr_line' id='line_1_90' title="bbox 2295 1095 3829 1201; baseline 0.001 -27"><span class='ocrx_word' id='word_1_473' title='bbox 2295 1095 2467 1201; x_wconf 42' lang='grc' dir='ltr'><strong>ῖΪᾷξῆ</strong></span> <span class='ocrx_word' id='word_1_474' title='bbox 2988 1095 3171 1174; x_wconf 82' lang='lat' dir='ltr'><strong>curam</strong></span> <span class='ocrx_word' id='word_1_475' title='bbox 3203 1127 3369 1185; x_wconf 87' lang='lat' dir='ltr'><strong>tuam,</strong></span> <span class='ocrx_word' id='word_1_476' title='bbox 3399 1125 3452 1172; x_wconf 82' lang='lat' dir='ltr'><strong>et</strong></span> <span class='ocrx_word' id='word_1_477' title='bbox 3476 1116 3591 1189; x_wconf 79' lang='lat' dir='ltr'><strong>ipse</strong></span> <span class='ocrx_word' id='word_1_478' title='bbox 3613 1124 3667 1174; x_wconf 88' lang='lat' dir='ltr'><strong>te</strong></span> <span class='ocrx_word' id='word_1_479' title='bbox 3694 1134 3829 1175; x_wconf 78' lang='lat' dir='ltr'><strong>enu-</strong></span> 
     </span>
    </p>
   </div>
   <div class='ocr_carea' id='block_1_89' title="bbox 2244 1200 3641 1330">
    <p class='ocr_par' dir='ltr' id='par_1_89' title="bbox 2244 1200 3641 1330">
     <span class='ocr_line' id='line_1_91' title="bbox 2244 1200 3641 1330; baseline -0.002 -14"><span class='ocrx_word' id='word_1_480' title='bbox 2244 1200 2513 1316; x_wconf 53' lang='lat' dir='ltr'><strong>miiidicia</strong></span> <span class='ocrx_word' id='word_1_481' title='bbox 2545 1258 2757 1317; x_wconf 89' lang='lat' dir='ltr'><strong>Domini</strong></span> <span class='ocrx_word' id='word_1_482' title='bbox 2785 1275 2909 1316; x_wconf 88' lang='lat' dir='ltr'><strong>vera</strong></span> <span class='ocrx_word' id='word_1_483' title='bbox 2936 1259 3225 1330; x_wconf 76' lang='lat' dir='ltr'><strong>iustiﬁcata</strong></span> <span class='ocrx_word' id='word_1_484' title='bbox 3252 1261 3304 1314; x_wconf 92' lang='lat' dir='ltr'><strong>in</strong></span> <span class='ocrx_word' id='word_1_485' title='bbox 3334 1259 3641 1323; x_wconf 85' lang='lat' dir='ltr'><strong>semetipsa.</strong></span> 
     </span>
    </p>
   </div>
   <div class='ocr_carea' id='block_1_90' title="bbox 2310 1330 3826 1401">
    <p class='ocr_par' dir='ltr' id='par_1_90' title="bbox 2310 1330 3826 1401">
     <span class='ocr_line' id='line_1_92' title="bbox 2310 1330 3826 1401; baseline 0.001 -14"><span class='ocrx_word' id='word_1_486' title='bbox 2310 1331 2495 1387; x_wconf 88' lang='lat' dir='ltr'><strong>Justus</strong></span> <span class='ocrx_word' id='word_1_487' title='bbox 2527 1343 2581 1387; x_wconf 89' lang='lat' dir='ltr'><strong>ut</strong></span> <span class='ocrx_word' id='word_1_488' title='bbox 2612 1333 2785 1401; x_wconf 89' lang='lat' dir='ltr'><strong>palma</strong></span> <span class='ocrx_word' id='word_1_489' title='bbox 2819 1332 3052 1400; x_wconf 83' lang='lat' dir='ltr'><strong>ﬂorebit,</strong></span> <span class='ocrx_word' id='word_1_490' title='bbox 3105 1341 3160 1385; x_wconf 93' lang='lat' dir='ltr'><strong>ut</strong></span> <span class='ocrx_word' id='word_1_491' title='bbox 3190 1334 3383 1386; x_wconf 86' lang='lat' dir='ltr'><strong>cedrus</strong></span> <span class='ocrx_word' id='word_1_492' title='bbox 3413 1330 3601 1385; x_wconf 87' lang='lat' dir='ltr'><strong>Libani</strong></span> <span class='ocrx_word' id='word_1_493' title='bbox 3634 1332 3826 1388; x_wconf 61' lang='lat' dir='ltr'><strong>multi.</strong></span> 
     </span>
    </p>
   </div>
   <div class='ocr_carea' id='block_1_91' title="bbox 2242 1401 2546 1474">
    <p class='ocr_par' dir='ltr' id='par_1_91' title="bbox 2242 1401 2546 1474">
     <span class='ocr_line' id='line_1_93' title="bbox 2242 1401 2546 1474; baseline 0.007 -18"><span class='ocrx_word' id='word_1_494' title='bbox 2242 1401 2546 1474; x_wconf 79' lang='lat' dir='ltr'><strong>plicabitur.</strong></span> 
     </span>
    </p>
   </div>
   <div class='ocr_carea' id='block_1_92' title="bbox 2314 1472 3681 1543">
    <p class='ocr_par' dir='ltr' id='par_1_92' title="bbox 2314 1472 3681 1543">
     <span class='ocr_line' id='line_1_94' title="bbox 2314 1472 3681 1543; baseline -0.001 -14"><span class='ocrx_word' id='word_1_495' title='bbox 2314 1472 2497 1529; x_wconf 84' lang='lat' dir='ltr'><strong>Justus</strong></span> <span class='ocrx_word' id='word_1_496' title='bbox 2518 1488 2599 1542; x_wconf 89' lang='lat' dir='ltr'><strong>es,</strong></span> <span class='ocrx_word' id='word_1_497' title='bbox 2625 1472 2868 1536; x_wconf 88' lang='lat' dir='ltr'><strong>Domine.</strong></span> <span class='ocrx_word' id='word_1_498' title='bbox 2901 1482 2955 1526; x_wconf 87' lang='lat' dir='ltr'><strong>et</strong></span> <span class='ocrx_word' id='word_1_499' title='bbox 2986 1484 3190 1528; x_wconf 83' lang='lat' dir='ltr'><strong>rectum</strong></span> <span class='ocrx_word' id='word_1_500' title='bbox 3219 1472 3475 1543; x_wconf 73' lang='lat' dir='ltr'><strong>judicium</strong></span> <span class='ocrx_word' id='word_1_501' title='bbox 3503 1486 3681 1530; x_wconf 89' lang='lat' dir='ltr'><strong>tuum.</strong></span> 
     </span>
    </p>
   </div>
   <div class='ocr_carea' id='block_1_93' title="bbox 2313 1543 3828 1618">
    <p class='ocr_par' dir='ltr' id='par_1_93' title="bbox 2313 1543 3828 1618">
     <span class='ocr_line' id='line_1_95' title="bbox 2313 1543 3828 1618; baseline 0.001 -20"><span class='ocrx_word' id='word_1_502' title='bbox 2313 1543 2584 1618; x_wconf 84' lang='lat' dir='ltr'><strong>Justoruni</strong></span> <span class='ocrx_word' id='word_1_503' title='bbox 2616 1555 2801 1618; x_wconf 78' lang='lat' dir='ltr'><strong>semita</strong></span> <span class='ocrx_word' id='word_1_504' title='bbox 2833 1545 2982 1618; x_wconf 79' lang='lat' dir='ltr'><strong>quasi</strong></span> <span class='ocrx_word' id='word_1_505' title='bbox 3017 1546 3113 1618; x_wconf 58' lang='lat' dir='ltr'><strong>Ius</strong></span> <span class='ocrx_word' id='word_1_506' title='bbox 3135 1545 3424 1612; x_wconf 74' lang='lat' dir='ltr'><strong>Splendcus</strong></span> <span class='ocrx_word' id='word_1_507' title='bbox 3455 1546 3721 1618; x_wconf 82' lang='lat' dir='ltr'><strong>procedit,</strong></span> <span class='ocrx_word' id='word_1_508' title='bbox 3769 1552 3828 1601; x_wconf 88' lang='lat' dir='ltr'><strong>et</strong></span> 
     </span>
    </p>
   </div>
   <div class='ocr_carea' id='block_1_94' title="bbox 2243 1606 3248 1682">
    <p class='ocr_par' dir='ltr' id='par_1_94' title="bbox 2243 1606 3248 1682">
     <span class='ocr_line' id='line_1_96' title="bbox 2243 1606 3248 1682; baseline -0.002 -11"><span class='ocrx_word' id='word_1_509' title='bbox 2243 1614 2439 1671; x_wconf 85' lang='lat' dir='ltr'><strong>crescit</strong></span> <span class='ocrx_word' id='word_1_510' title='bbox 2472 1629 2639 1682; x_wconf 79' lang='lat' dir='ltr'><strong>usque</strong></span> <span class='ocrx_word' id='word_1_511' title='bbox 2668 1615 2735 1668; x_wconf 86' lang='lat' dir='ltr'><strong>ad</strong></span> <span class='ocrx_word' id='word_1_512' title='bbox 2770 1606 3248 1682; x_wconf 53' lang='lat' dir='ltr'><strong>per&#39;l‘ectam&#39;diein.</strong></span> 
     </span>
    </p>
   </div>
   <div class='ocr_carea' id='block_1_95' title="bbox 2314 1685 3667 1757">
    <p class='ocr_par' dir='ltr' id='par_1_95' title="bbox 2314 1685 3667 1757">
     <span class='ocr_line' id='line_1_97' title="bbox 2314 1685 3667 1757; baseline -0.002 -15"><span class='ocrx_word' id='word_1_513' title='bbox 2314 1686 2578 1742; x_wconf 79' lang='lat' dir='ltr'><strong>Judiciuiii</strong></span> <span class='ocrx_word' id='word_1_514' title='bbox 2604 1685 2945 1740; x_wconf 86' lang='lat' dir='ltr'><strong>durissimum</strong></span> <span class='ocrx_word' id='word_1_515' title='bbox 2978 1686 3032 1739; x_wconf 92' lang='lat' dir='ltr'><strong>in</strong></span> <span class='ocrx_word' id='word_1_516' title='bbox 3062 1685 3144 1740; x_wconf 89' lang='lat' dir='ltr'><strong>bis</strong></span> <span class='ocrx_word' id='word_1_517' title='bbox 3170 1685 3260 1757; x_wconf 90' lang='lat' dir='ltr'><strong>qui</strong></span> <span class='ocrx_word' id='word_1_518' title='bbox 3292 1699 3527 1756; x_wconf 64' lang='lat' dir='ltr'><strong>prin-sunt</strong></span> <span class='ocrx_word' id='word_1_519' title='bbox 3555 1687 3667 1744; x_wconf 82' lang='lat' dir='ltr'><strong>Iiet.</strong></span> 
     </span>
    </p>
   </div>
   <div class='ocr_carea' id='block_1_96' title="bbox 2315 1756 2898 1812">
    <p class='ocr_par' dir='ltr' id='par_1_96' title="bbox 2315 1756 2898 1812">
     <span class='ocr_line' id='line_1_98' title="bbox 2315 1756 2898 1812; baseline -0.005 0"><span class='ocrx_word' id='word_1_520' title='bbox 2315 1757 2499 1812; x_wconf 80' lang='lat' dir='ltr'><strong>Justus</strong></span> <span class='ocrx_word' id='word_1_521' title='bbox 2522 1772 2585 1811; x_wconf 77' lang='lat' dir='ltr'><strong>ex</strong></span> <span class='ocrx_word' id='word_1_522' title='bbox 2620 1756 2722 1810; x_wconf 79' lang='lat' dir='ltr'><strong>title</strong></span> <span class='ocrx_word' id='word_1_523' title='bbox 2754 1757 2898 1810; x_wconf 77' lang='lat' dir='ltr'><strong>vivit.</strong></span> 
     </span>
    </p>
   </div>
   <div class='ocr_carea' id='block_1_97' title="bbox 2316 1826 3831 1901">
    <p class='ocr_par' dir='ltr' id='par_1_97' title="bbox 2316 1826 3831 1901">
     <span class='ocr_line' id='line_1_99' title="bbox 2316 1826 3831 1901; baseline 0.001 -18"><span class='ocrx_word' id='word_1_524' title='bbox 2316 1828 2453 1883; x_wconf 85' lang='lat' dir='ltr'><strong>Justi</strong></span> <span class='ocrx_word' id='word_1_525' title='bbox 2486 1828 2801 1901; x_wconf 85' lang='lat' dir='ltr'><strong>vocabulum</strong></span> <span class='ocrx_word' id='word_1_526' title='bbox 2832 1843 2935 1882; x_wconf 91' lang='lat' dir='ltr'><strong>non</strong></span> <span class='ocrx_word' id='word_1_527' title='bbox 2963 1826 3179 1898; x_wconf 82' lang='lat' dir='ltr'><strong>amittit,</strong></span> <span class='ocrx_word' id='word_1_528' title='bbox 3212 1829 3302 1898; x_wconf 89' lang='lat' dir='ltr'><strong>qui</strong></span> <span class='ocrx_word' id='word_1_529' title='bbox 3330 1844 3424 1899; x_wconf 83' lang='lat' dir='ltr'><strong>per</strong></span> <span class='ocrx_word' id='word_1_530' title='bbox 3453 1829 3831 1901; x_wconf 72' lang='lat' dir='ltr'><strong>paenitentiam</strong></span> 
     </span>
    </p>
   </div>
   <div class='ocr_carea' id='block_1_98' title="bbox 2247 1898 2747 1967">
    <p class='ocr_par' dir='ltr' id='par_1_98' title="bbox 2247 1898 2747 1967">
     <span class='ocr_line' id='line_1_100' title="bbox 2247 1898 2747 1967; baseline -0.008 -13"><span class='ocrx_word' id='word_1_531' title='bbox 2247 1912 2461 1964; x_wconf 80' lang='lat' dir='ltr'><strong>semper</strong></span> <span class='ocrx_word' id='word_1_532' title='bbox 2499 1898 2747 1967; x_wconf 86' lang='lat' dir='ltr'><strong>resurgit.</strong></span> 
     </span>
    </p>
   </div>
   <div class='ocr_carea' id='block_1_99' title="bbox 2314 1966 3826 2037">
    <p class='ocr_par' dir='ltr' id='par_1_99' title="bbox 2314 1966 3826 2037">
     <span class='ocr_line' id='line_1_101' title="bbox 2314 1966 3826 2037; baseline 0 -12"><span class='ocrx_word' id='word_1_533' title='bbox 2314 1967 2579 2034; x_wconf 77' lang='lat' dir='ltr'><strong>Ji~_iitnium</strong></span> <span class='ocrx_word' id='word_1_534' title='bbox 2628 1984 2733 2022; x_wconf 85' lang='lat' dir='ltr'><strong>non</strong></span> <span class='ocrx_word' id='word_1_535' title='bbox 2780 1978 2863 2021; x_wconf 87' lang='lat' dir='ltr'><strong>est</strong></span> <span class='ocrx_word' id='word_1_536' title='bbox 2908 1966 3140 2037; x_wconf 76' lang='lat' dir='ltr'><strong>perfecta</strong></span> <span class='ocrx_word' id='word_1_537' title='bbox 3171 1969 3356 2036; x_wconf 86' lang='lat' dir='ltr'><strong>virtus,</strong></span> <span class='ocrx_word' id='word_1_538' title='bbox 3392 1974 3487 2025; x_wconf 88' lang='lat' dir='ltr'><strong>sed</strong></span> <span class='ocrx_word' id='word_1_539' title='bbox 3535 1971 3826 2026; x_wconf 85' lang='lat' dir='ltr'><strong>multarum</strong></span> 
     </span>
    </p>
   </div>
   <div class='ocr_carea' id='block_1_100' title="bbox 2245 2039 2959 2093">
    <p class='ocr_par' dir='ltr' id='par_1_100' title="bbox 2245 2039 2959 2093">
     <span class='ocr_line' id='line_1_102' title="bbox 2245 2039 2959 2093; baseline -0.003 0"><span class='ocrx_word' id='word_1_540' title='bbox 2245 2040 2498 2093; x_wconf 83' lang='lat' dir='ltr'><strong>virtutum</strong></span> <span class='ocrx_word' id='word_1_541' title='bbox 2532 2039 2959 2092; x_wconf 75' lang='lat' dir='ltr'><strong>[undante-iitum.</strong></span> 
     </span>
    </p>
   </div>
   <div class='ocr_carea' id='block_1_101' title="bbox 2317 2108 3828 2179">
    <p class='ocr_par' dir='ltr' id='par_1_101' title="bbox 2317 2108 3828 2179">
     <span class='ocr_line' id='line_1_103' title="bbox 2317 2108 3828 2179; baseline 0.001 -12"><span class='ocrx_word' id='word_1_542' title='bbox 2317 2110 2529 2167; x_wconf 77' lang='lat' dir='ltr'><strong>JuStitia</strong></span> <span class='ocrx_word' id='word_1_543' title='bbox 2580 2110 2807 2162; x_wconf 85' lang='lat' dir='ltr'><strong>bumana</strong></span> <span class='ocrx_word' id='word_1_544' title='bbox 2840 2118 2945 2162; x_wconf 86' lang='lat' dir='ltr'><strong>tam</strong></span> <span class='ocrx_word' id='word_1_545' title='bbox 2978 2108 3179 2179; x_wconf 78' lang='lat' dir='ltr'><strong>fragilis</strong></span> <span class='ocrx_word' id='word_1_546' title='bbox 3207 2117 3313 2176; x_wconf 87' lang='lat' dir='ltr'><strong>est,</strong></span> <span class='ocrx_word' id='word_1_547' title='bbox 3340 2118 3400 2164; x_wconf 88' lang='lat' dir='ltr'><strong>ut</strong></span> <span class='ocrx_word' id='word_1_548' title='bbox 3425 2112 3601 2179; x_wconf 85' lang='lat' dir='ltr'><strong>potius</strong></span> <span class='ocrx_word' id='word_1_549' title='bbox 3628 2116 3828 2168; x_wconf 85' lang='lat' dir='ltr'><strong>remis-</strong></span> 
     </span>
    </p>
   </div>
   <div class='ocr_carea' id='block_1_102' title="bbox 2245 2181 3828 2251">
    <p class='ocr_par' dir='ltr' id='par_1_102' title="bbox 2245 2181 3828 2251">
     <span class='ocr_line' id='line_1_104' title="bbox 2245 2181 3828 2251; baseline 0.004 -18"><span class='ocrx_word' id='word_1_550' title='bbox 2245 2181 2398 2236; x_wconf 81' lang='lat' dir='ltr'><strong>sione</strong></span> <span class='ocrx_word' id='word_1_551' title='bbox 2439 2189 2776 2251; x_wconf 84' lang='lat' dir='ltr'><strong>peccatoruin</strong></span> <span class='ocrx_word' id='word_1_552' title='bbox 2818 2190 3047 2246; x_wconf 81' lang='lat' dir='ltr'><strong>constet,</strong></span> <span class='ocrx_word' id='word_1_553' title='bbox 3090 2196 3250 2249; x_wconf 86' lang='lat' dir='ltr'><strong>quam</strong></span> <span class='ocrx_word' id='word_1_554' title='bbox 3290 2184 3616 2251; x_wconf 79' lang='lat' dir='ltr'><strong>perfectione</strong></span> <span class='ocrx_word' id='word_1_555' title='bbox 3660 2186 3828 2239; x_wconf 77' lang='lat' dir='ltr'><strong>virtu-</strong></span> 
     </span>
    </p>
   </div>
   <div class='ocr_carea' id='block_1_103' title="bbox 2246 2260 3832 2393">
    <p class='ocr_par' dir='ltr' id='par_1_103' title="bbox 2246 2260 3832 2393">
     <span class='ocr_line' id='line_1_105' title="bbox 2246 2260 3832 2393; baseline 0.003 -16"><span class='ocrx_word' id='word_1_556' title='bbox 2246 2260 2525 2392; x_wconf 55' lang='grc' dir='ltr'><strong>ιωῗιιεξὶῑιειι</strong></span> <span class='ocrx_word' id='word_1_557' title='bbox 2567 2319 2952 2377; x_wconf 85' lang='lat' dir='ltr'><strong>attendendum</strong></span> <span class='ocrx_word' id='word_1_558' title='bbox 2994 2331 3188 2393; x_wconf 89' lang='lat' dir='ltr'><strong>quanta</strong></span> <span class='ocrx_word' id='word_1_559' title='bbox 3218 2321 3317 2379; x_wconf 81' lang='lat' dir='ltr'><strong>Dei</strong></span> <span class='ocrx_word' id='word_1_560' title='bbox 3350 2323 3522 2393; x_wconf 82' lang='lat' dir='ltr'><strong>gratia</strong></span> <span class='ocrx_word' id='word_1_561' title='bbox 3550 2324 3622 2381; x_wconf 89' lang='lat' dir='ltr'><strong>sit</strong></span> <span class='ocrx_word' id='word_1_562' title='bbox 3647 2325 3832 2381; x_wconf 82' lang='lat' dir='ltr'><strong>nobis-</strong></span> 
     </span>
    </p>
   </div>
   <div class='ocr_carea' id='block_1_104' title="bbox 2244 2407 2385 2449">
    <p class='ocr_par' dir='ltr' id='par_1_104' title="bbox 2244 2407 2385 2449">
     <span class='ocr_line' id='line_1_106' title="bbox 2244 2407 2385 2449; baseline -0.021 0"><span class='ocrx_word' id='word_1_563' title='bbox 2244 2407 2385 2449; x_wconf 73' lang='lat' dir='ltr'><strong>CIIII].</strong></span> 
     </span>
    </p>
   </div>
   <div class='ocr_carea' id='block_1_105' title="bbox 3016 2502 3059 2560">
    <p class='ocr_par' dir='ltr' id='par_1_105' title="bbox 3016 2502 3059 2560">
     <span class='ocr_line' id='line_1_107' title="bbox 3016 2502 3059 2560; baseline 0 0"><span class='ocrx_word' id='word_1_564' title='bbox 3016 2502 3059 2560; x_wconf 83' lang='grc' dir='ltr'><strong>ι,</strong></span> 
     </span>
    </p>
   </div>
   <div class='ocr_carea' id='block_1_106' title="bbox 2316 2617 3385 2691">
    <p class='ocr_par' dir='ltr' id='par_1_106' title="bbox 2316 2617 3385 2691">
     <span class='ocr_line' id='line_1_108' title="bbox 2316 2617 3385 2691; baseline 0.002 -16"><span class='ocrx_word' id='word_1_565' title='bbox 2316 2617 2549 2691; x_wconf 65' lang='grc' dir='ltr'><strong>ιιωιθιυι·</strong></span> <span class='ocrx_word' id='word_1_566' title='bbox 2574 2635 2668 2675; x_wconf 87' lang='lat' dir='ltr'><strong>cor</strong></span> <span class='ocrx_word' id='word_1_567' title='bbox 2697 2621 3052 2691; x_wconf 61' lang='lat' dir='ltr'><strong>qua&#39;rcntium</strong></span> <span class='ocrx_word' id='word_1_568' title='bbox 3080 2619 3385 2677; x_wconf 89' lang='lat' dir='ltr'><strong>Dominum.</strong></span> 
     </span>
    </p>
   </div>
   <div class='ocr_carea' id='block_1_107' title="bbox 2318 2690 3677 2753">
    <p class='ocr_par' dir='ltr' id='par_1_107' title="bbox 2318 2690 3677 2753">
     <span class='ocr_line' id='line_1_109' title="bbox 2318 2690 3677 2753; baseline 0.003 -8"><span class='ocrx_word' id='word_1_569' title='bbox 2318 2690 2425 2745; x_wconf 71' lang='lat' dir='ltr'><strong>Lex</strong></span> <span class='ocrx_word' id='word_1_570' title='bbox 2462 2692 2666 2745; x_wconf 87' lang='lat' dir='ltr'><strong>Domini</strong></span> <span class='ocrx_word' id='word_1_571' title='bbox 2698 2690 3057 2753; x_wconf 82' lang='lat' dir='ltr'><strong>immaculata.</strong></span> <span class='ocrx_word' id='word_1_572' title='bbox 3100 2704 3419 2748; x_wconf 83' lang='lat' dir='ltr'><strong>convertens</strong></span> <span class='ocrx_word' id='word_1_573' title='bbox 3447 2707 3677 2749; x_wconf 80' lang='lat' dir='ltr'><strong>animos.</strong></span> 
     </span>
    </p>
   </div>
   <div class='ocr_carea' id='block_1_108' title="bbox 2319 2760 3820 2833">
    <p class='ocr_par' dir='ltr' id='par_1_108' title="bbox 2319 2760 3820 2833">
     <span class='ocr_line' id='line_1_110' title="bbox 2319 2760 3820 2833; baseline 0.003 -18"><span class='ocrx_word' id='word_1_574' title='bbox 2319 2760 2608 2817; x_wconf 75' lang='lat' dir='ltr'><strong>Lzetabitur</strong></span> <span class='ocrx_word' id='word_1_575' title='bbox 2648 2761 2828 2833; x_wconf 87' lang='lat' dir='ltr'><strong>justus</strong></span> <span class='ocrx_word' id='word_1_576' title='bbox 2877 2767 2929 2817; x_wconf 90' lang='lat' dir='ltr'><strong>iii</strong></span> <span class='ocrx_word' id='word_1_577' title='bbox 2960 2761 3201 2828; x_wconf 80' lang='lat' dir='ltr'><strong>Domino,</strong></span> <span class='ocrx_word' id='word_1_578' title='bbox 3252 2772 3308 2819; x_wconf 91' lang='lat' dir='ltr'><strong>et</strong></span> <span class='ocrx_word' id='word_1_579' title='bbox 3351 2765 3588 2831; x_wconf 83' lang='lat' dir='ltr'><strong>sperabit</strong></span> <span class='ocrx_word' id='word_1_580' title='bbox 3632 2766 3685 2819; x_wconf 89' lang='lat' dir='ltr'><strong>in</strong></span> <span class='ocrx_word' id='word_1_581' title='bbox 3714 2763 3820 2819; x_wconf 77' lang='lat' dir='ltr'><strong>Do—</strong></span> 
     </span>
    </p>
   </div>
   <div class='ocr_carea' id='block_1_109' title="bbox 2246 2832 3463 2895">
    <p class='ocr_par' dir='ltr' id='par_1_109' title="bbox 2246 2832 3463 2895">
     <span class='ocr_line' id='line_1_111' title="bbox 2246 2832 3463 2895; baseline 0 -10"><span class='ocrx_word' id='word_1_582' title='bbox 2246 2832 2414 2895; x_wconf 84' lang='lat' dir='ltr'><strong>mino,</strong></span> <span class='ocrx_word' id='word_1_583' title='bbox 2442 2843 2496 2888; x_wconf 90' lang='lat' dir='ltr'><strong>et</strong></span> <span class='ocrx_word' id='word_1_584' title='bbox 2528 2835 2877 2888; x_wconf 83' lang='lat' dir='ltr'><strong>laudabuntur</strong></span> <span class='ocrx_word' id='word_1_585' title='bbox 2902 2848 3089 2887; x_wconf 84' lang='lat' dir='ltr'><strong>omnes</strong></span> <span class='ocrx_word' id='word_1_586' title='bbox 3122 2834 3252 2889; x_wconf 87' lang='lat' dir='ltr'><strong>recti</strong></span> <span class='ocrx_word' id='word_1_587' title='bbox 3280 2837 3463 2889; x_wconf 86' lang='lat' dir='ltr'><strong>corde.</strong></span> 
     </span>
    </p>
   </div>
   <div class='ocr_carea' id='block_1_110' title="bbox 2320 2903 3572 2971">
    <p class='ocr_par' dir='ltr' id='par_1_110' title="bbox 2320 2903 3572 2971">
     <span class='ocr_line' id='line_1_112' title="bbox 2320 2903 3572 2971; baseline 0.002 -14"><span class='ocrx_word' id='word_1_588' title='bbox 2320 2904 2430 2957; x_wconf 83' lang='lat' dir='ltr'><strong>Lux</strong></span> <span class='ocrx_word' id='word_1_589' title='bbox 2460 2916 2578 2957; x_wconf 77' lang='lat' dir='ltr'><strong>orta</strong></span> <span class='ocrx_word' id='word_1_590' title='bbox 2607 2912 2691 2959; x_wconf 84' lang='lat' dir='ltr'><strong>est</strong></span> <span class='ocrx_word' id='word_1_591' title='bbox 2711 2914 2874 2971; x_wconf 72' lang='lat' dir='ltr'><strong>iusto,</strong></span> <span class='ocrx_word' id='word_1_592' title='bbox 2907 2913 2963 2958; x_wconf 88' lang='lat' dir='ltr'><strong>et</strong></span> <span class='ocrx_word' id='word_1_593' title='bbox 2989 2903 3148 2958; x_wconf 84' lang='lat' dir='ltr'><strong>reciis</strong></span> <span class='ocrx_word' id='word_1_594' title='bbox 3176 2905 3339 2961; x_wconf 87' lang='lat' dir='ltr'><strong>corde</strong></span> <span class='ocrx_word' id='word_1_595' title='bbox 3366 2905 3572 2959; x_wconf 64' lang='lat' dir='ltr'><strong>laetitia.</strong></span> 
     </span>
    </p>
   </div>
   <div class='ocr_carea' id='block_1_111' title="bbox 2319 2974 3828 3047">
    <p class='ocr_par' dir='ltr' id='par_1_111' title="bbox 2319 2974 3828 3047">
     <span class='ocr_line' id='line_1_113' title="bbox 2319 2974 3828 3047; baseline 0.003 -18"><span class='ocrx_word' id='word_1_596' title='bbox 2319 2974 2574 3047; x_wconf 83' lang='lat' dir='ltr'><strong>Lapidem</strong></span> <span class='ocrx_word' id='word_1_597' title='bbox 2622 2990 2780 3045; x_wconf 88' lang='lat' dir='ltr'><strong>quem</strong></span> <span class='ocrx_word' id='word_1_598' title='bbox 2830 2977 3251 3047; x_wconf 10' lang='lat' dir='ltr'><strong>reproﬁbaverunt</strong></span> <span class='ocrx_word' id='word_1_599' title='bbox 3314 2975 3689 3047; x_wconf 68' lang='lat' dir='ltr'><strong>aediﬁcantes,</strong></span> <span class='ocrx_word' id='word_1_600' title='bbox 3737 2976 3828 3033; x_wconf 83' lang='lat' dir='ltr'><strong>hic</strong></span> 
     </span>
    </p>
   </div>
   <div class='ocr_carea' id='block_1_112' title="bbox 2249 3043 3019 3115">
    <p class='ocr_par' dir='ltr' id='par_1_112' title="bbox 2249 3043 3019 3115">
     <span class='ocr_line' id='line_1_114' title="bbox 2249 3043 3019 3115; baseline 0 -15"><span class='ocrx_word' id='word_1_601' title='bbox 2249 3043 2422 3115; x_wconf 83' lang='lat' dir='ltr'><strong>factus</strong></span> <span class='ocrx_word' id='word_1_602' title='bbox 2449 3055 2531 3099; x_wconf 86' lang='lat' dir='ltr'><strong>est</strong></span> <span class='ocrx_word' id='word_1_603' title='bbox 2557 3044 2611 3099; x_wconf 91' lang='lat' dir='ltr'><strong>iu</strong></span> <span class='ocrx_word' id='word_1_604' title='bbox 2636 3043 2795 3113; x_wconf 77' lang='lat' dir='ltr'><strong>eaput</strong></span> <span class='ocrx_word' id='word_1_605' title='bbox 2818 3046 3019 3115; x_wconf 87' lang='lat' dir='ltr'><strong>anguli.</strong></span> 
     </span>
    </p>
   </div>
   <div class='ocr_carea' id='block_1_113' title="bbox 2318 3114 3829 3186">
    <p class='ocr_par' dir='ltr' id='par_1_113' title="bbox 2318 3114 3829 3186">
     <span class='ocr_line' id='line_1_115' title="bbox 2318 3114 3829 3186; baseline 0.001 -15"><span class='ocrx_word' id='word_1_606' title='bbox 2318 3114 2555 3171; x_wconf 84' lang='lat' dir='ltr'><strong>Labores</strong></span> <span class='ocrx_word' id='word_1_607' title='bbox 2583 3131 2835 3171; x_wconf 86' lang='lat' dir='ltr'><strong>uiantium</strong></span> <span class='ocrx_word' id='word_1_608' title='bbox 2857 3114 3064 3172; x_wconf 87' lang='lat' dir='ltr'><strong>tuarum</strong></span> <span class='ocrx_word' id='word_1_609' title='bbox 3099 3116 3222 3186; x_wconf 87' lang='lat' dir='ltr'><strong>quia</strong></span> <span class='ocrx_word' id='word_1_610' title='bbox 3244 3115 3609 3183; x_wconf 83' lang='lat' dir='ltr'><strong>maiiducabis,</strong></span> <span class='ocrx_word' id='word_1_611' title='bbox 3635 3118 3829 3173; x_wconf 78' lang='lat' dir='ltr'><strong>beatus</strong></span> 
     </span>
    </p>
   </div>
   <div class='ocr_carea' id='block_1_114' title="bbox 2169 3186 2830 3285">
    <p class='ocr_par' dir='ltr' id='par_1_114' title="bbox 2169 3186 2830 3285">
     <span class='ocr_line' id='line_1_116' title="bbox 2169 3186 2830 3285; baseline 0 0"><span class='ocrx_word' id='word_1_612' title='bbox 2169 3221 2214 3285; x_wconf 66' lang='grc' dir='ltr'><strong>(ι</strong></span> <span class='ocrx_word' id='word_1_613' title='bbox 2249 3186 2830 3285; x_wconf 55' lang='grc' dir='ltr'><strong>εδιθξὲῗεὲθηὲἓξίςξῗίῑ</strong></span> 
     </span>
    </p>
   </div>
   <div class='ocr_carea' id='block_1_115' title="bbox 2316 3257 3716 3329">
    <p class='ocr_par' dir='ltr' id='par_1_115' title="bbox 2316 3257 3716 3329">
     <span class='ocr_line' id='line_1_117' title="bbox 2316 3257 3716 3329; baseline 0.001 -19"><span class='ocrx_word' id='word_1_614' title='bbox 2316 3257 2442 3329; x_wconf 79' lang='lat' dir='ltr'><strong>Lata</strong></span> <span class='ocrx_word' id='word_1_615' title='bbox 2474 3267 2528 3312; x_wconf 89' lang='lat' dir='ltr'><strong>et</strong></span> <span class='ocrx_word' id='word_1_616' title='bbox 2556 3260 2785 3329; x_wconf 83' lang='lat' dir='ltr'><strong>spatiosa</strong></span> <span class='ocrx_word' id='word_1_617' title='bbox 2818 3260 2899 3313; x_wconf 87' lang='lat' dir='ltr'><strong>via</strong></span> <span class='ocrx_word' id='word_1_618' title='bbox 2940 3268 3023 3315; x_wconf 88' lang='lat' dir='ltr'><strong>est</strong></span> <span class='ocrx_word' id='word_1_619' title='bbox 3046 3274 3162 3328; x_wconf 62' lang='lat' dir='ltr'><strong>qui:</strong></span> <span class='ocrx_word' id='word_1_620' title='bbox 3192 3258 3335 3313; x_wconf 84' lang='lat' dir='ltr'><strong>ducit</strong></span> <span class='ocrx_word' id='word_1_621' title='bbox 3366 3258 3430 3313; x_wconf 88' lang='lat' dir='ltr'><strong>ad</strong></span> <span class='ocrx_word' id='word_1_622' title='bbox 3463 3268 3716 3314; x_wconf 76' lang='lat' dir='ltr'><strong>mortem.</strong></span> 
     </span>
    </p>
   </div>
   <div class='ocr_carea' id='block_1_116' title="bbox 2314 3327 3836 3393">
    <p class='ocr_par' dir='ltr' id='par_1_116' title="bbox 2314 3327 3836 3393">
     <span class='ocr_line' id='line_1_118' title="bbox 2314 3327 3836 3393; baseline 0.003 -11"><span class='ocrx_word' id='word_1_623' title='bbox 2314 3327 2513 3384; x_wconf 70' lang='lat' dir='ltr'><strong>Luceut</strong></span> <span class='ocrx_word' id='word_1_624' title='bbox 2541 3327 2629 3383; x_wconf 61' lang='lat' dir='ltr'><strong>lo&#39;x</strong></span> <span class='ocrx_word' id='word_1_625' title='bbox 2678 3340 2853 3385; x_wconf 85' lang='lat' dir='ltr'><strong>vestra</strong></span> <span class='ocrx_word' id='word_1_626' title='bbox 2899 3327 3080 3385; x_wconf 85' lang='lat' dir='ltr'><strong>coram</strong></span> <span class='ocrx_word' id='word_1_627' title='bbox 3132 3330 3451 3393; x_wconf 79' lang='lat' dir='ltr'><strong>hominibus,</strong></span> <span class='ocrx_word' id='word_1_628' title='bbox 3505 3342 3561 3383; x_wconf 88' lang='lat' dir='ltr'><strong>iit</strong></span> <span class='ocrx_word' id='word_1_629' title='bbox 3611 3332 3836 3386; x_wconf 83' lang='lat' dir='ltr'><strong>videant</strong></span> 
     </span>
    </p>
   </div>
   <div class='ocr_carea' id='block_1_117' title="bbox 2246 3398 3831 3472">
    <p class='ocr_par' dir='ltr' id='par_1_117' title="bbox 2246 3398 3831 3472">
     <span class='ocr_line' id='line_1_119' title="bbox 2246 3398 3831 3472; baseline 0.001 -19"><span class='ocrx_word' id='word_1_630' title='bbox 2246 3414 2408 3472; x_wconf 70' lang='lat' dir='ltr'><strong>onera</strong></span> <span class='ocrx_word' id='word_1_631' title='bbox 2445 3407 2620 3454; x_wconf 87' lang='lat' dir='ltr'><strong>vestra</strong></span> <span class='ocrx_word' id='word_1_632' title='bbox 2664 3398 2798 3455; x_wconf 85' lang='lat' dir='ltr'><strong>bona</strong></span> <span class='ocrx_word' id='word_1_633' title='bbox 2825 3443 2842 3471; x_wconf 90' lang='lat'><strong>,</strong></span> <span class='ocrx_word' id='word_1_634' title='bbox 2876 3415 2930 3458; x_wconf 87' lang='lat' dir='ltr'><strong>et</strong></span> <span class='ocrx_word' id='word_1_635' title='bbox 2969 3400 3271 3472; x_wconf 75' lang='lat' dir='ltr'><strong>gloriﬁcent</strong></span> <span class='ocrx_word' id='word_1_636' title='bbox 3307 3399 3518 3456; x_wconf 84' lang='lat' dir='ltr'><strong>Patrem</strong></span> <span class='ocrx_word' id='word_1_637' title='bbox 3561 3412 3831 3469; x_wconf 82' lang='lat' dir='ltr'><strong>vestrum,</strong></span> 
     </span>
    </p>
   </div>
   <div class='ocr_carea' id='block_1_118' title="bbox 2244 3470 2723 3540">
    <p class='ocr_par' dir='ltr' id='par_1_118' title="bbox 2244 3470 2723 3540">
     <span class='ocr_line' id='line_1_120' title="bbox 2244 3470 2723 3540; baseline 0 -17"><span class='ocrx_word' id='word_1_638' title='bbox 2244 3471 2333 3540; x_wconf 89' lang='lat' dir='ltr'><strong>qui</strong></span> <span class='ocrx_word' id='word_1_639' title='bbox 2362 3470 2415 3524; x_wconf 90' lang='lat' dir='ltr'><strong>iu</strong></span> <span class='ocrx_word' id='word_1_640' title='bbox 2443 3474 2597 3526; x_wconf 70' lang='lat' dir='ltr'><strong>cuuis</strong></span> <span class='ocrx_word' id='word_1_641' title='bbox 2621 3480 2723 3525; x_wconf 82' lang='lat' dir='ltr'><strong>est.</strong></span> 
     </span>
    </p>
   </div>
   <div class='ocr_carea' id='block_1_119' title="bbox 2318 3540 3833 3615">
    <p class='ocr_par' dir='ltr' id='par_1_119' title="bbox 2318 3540 3833 3615">
     <span class='ocr_line' id='line_1_121' title="bbox 2318 3540 3833 3615; baseline 0.003 -20"><span class='ocrx_word' id='word_1_642' title='bbox 2318 3544 2548 3615; x_wconf 67' lang='lat' dir='ltr'><strong>Les__per</strong></span> <span class='ocrx_word' id='word_1_643' title='bbox 2593 3541 2808 3613; x_wconf 78' lang='lat' dir='ltr'><strong>Moysen</strong></span> <span class='ocrx_word' id='word_1_644' title='bbox 2834 3540 2955 3598; x_wconf 89' lang='lat' dir='ltr'><strong>data</strong></span> <span class='ocrx_word' id='word_1_645' title='bbox 2985 3551 3067 3599; x_wconf 79' lang='lat' dir='ltr'><strong>est</strong></span> <span class='ocrx_word' id='word_1_646' title='bbox 3095 3541 3265 3615; x_wconf 84' lang='lat' dir='ltr'><strong>gratia</strong></span> <span class='ocrx_word' id='word_1_647' title='bbox 3304 3550 3359 3599; x_wconf 90' lang='lat' dir='ltr'><strong>et</strong></span> <span class='ocrx_word' id='word_1_648' title='bbox 3387 3552 3585 3598; x_wconf 83' lang='lat' dir='ltr'><strong>veritas</strong></span> <span class='ocrx_word' id='word_1_649' title='bbox 3617 3559 3713 3613; x_wconf 84' lang='lat' dir='ltr'><strong>per</strong></span> <span class='ocrx_word' id='word_1_650' title='bbox 3737 3542 3833 3599; x_wconf 62' lang='lat' dir='ltr'><strong>Jeo</strong></span> 
     </span>
    </p>
   </div>
   <div class='ocr_carea' id='block_1_120' title="bbox 2244 3610 2977 3669">
    <p class='ocr_par' dir='ltr' id='par_1_120' title="bbox 2244 3610 2977 3669">
     <span class='ocr_line' id='line_1_122' title="bbox 2244 3610 2977 3669; baseline 0 -2"><span class='ocrx_word' id='word_1_651' title='bbox 2244 3628 2363 3667; x_wconf 82' lang='lat' dir='ltr'><strong>sum</strong></span> <span class='ocrx_word' id='word_1_652' title='bbox 2395 3610 2665 3667; x_wconf 77' lang='lat' dir='ltr'><strong>Christum</strong></span> <span class='ocrx_word' id='word_1_653' title='bbox 2680 3610 2831 3667; x_wconf 57' lang='lat' dir='ltr'><strong>&#39;tacta</strong></span> <span class='ocrx_word' id='word_1_654' title='bbox 2872 3625 2977 3669; x_wconf 88' lang='lat' dir='ltr'><strong>est.</strong></span> 
     </span>
    </p>
   </div>
   <div class='ocr_carea' id='block_1_121' title="bbox 2318 3682 3720 3747">
    <p class='ocr_par' dir='ltr' id='par_1_121' title="bbox 2318 3682 3720 3747">
     <span class='ocr_line' id='line_1_123' title="bbox 2318 3682 3720 3747; baseline 0 -10"><span class='ocrx_word' id='word_1_655' title='bbox 2318 3682 2578 3738; x_wconf 76' lang='lat' dir='ltr'><strong>Levemus</strong></span> <span class='ocrx_word' id='word_1_656' title='bbox 2603 3684 2763 3739; x_wconf 86' lang='lat' dir='ltr'><strong>corda</strong></span> <span class='ocrx_word' id='word_1_657' title='bbox 2795 3695 2977 3738; x_wconf 86' lang='lat' dir='ltr'><strong>nostra</strong></span> <span class='ocrx_word' id='word_1_658' title='bbox 3005 3697 3125 3739; x_wconf 89' lang='lat' dir='ltr'><strong>cum</strong></span> <span class='ocrx_word' id='word_1_659' title='bbox 3154 3682 3399 3747; x_wconf 82' lang='lat' dir='ltr'><strong>manibus</strong></span> <span class='ocrx_word' id='word_1_660' title='bbox 3425 3684 3491 3738; x_wconf 88' lang='lat' dir='ltr'><strong>ad</strong></span> <span class='ocrx_word' id='word_1_661' title='bbox 3524 3684 3720 3738; x_wconf 78' lang='lat' dir='ltr'><strong>I):uin.</strong></span> 
     </span>
    </p>
   </div>
   <div class='ocr_carea' id='block_1_122' title="bbox 2317 3754 3832 3827">
    <p class='ocr_par' dir='ltr' id='par_1_122' title="bbox 2317 3754 3832 3827">
     <span class='ocr_line' id='line_1_124' title="bbox 2317 3754 3832 3827; baseline 0.002 -19"><span class='ocrx_word' id='word_1_662' title='bbox 2317 3754 2426 3809; x_wconf 83' lang='lat' dir='ltr'><strong>Leo</strong></span> <span class='ocrx_word' id='word_1_663' title='bbox 2474 3767 2692 3825; x_wconf 78' lang='lat' dir='ltr'><strong>regens</strong></span> <span class='ocrx_word' id='word_1_664' title='bbox 2721 3764 2774 3810; x_wconf 92' lang='lat' dir='ltr'><strong>et</strong></span> <span class='ocrx_word' id='word_1_665' title='bbox 2815 3770 3000 3810; x_wconf 73' lang='lat' dir='ltr'><strong>rursus</strong></span> <span class='ocrx_word' id='word_1_666' title='bbox 3045 3759 3287 3812; x_wconf 79' lang='lat' dir='ltr'><strong>esuriens</strong></span> <span class='ocrx_word' id='word_1_667' title='bbox 3336 3770 3583 3827; x_wconf 87' lang='lat' dir='ltr'><strong>princeps</strong></span> <span class='ocrx_word' id='word_1_668' title='bbox 3633 3756 3832 3826; x_wconf 79' lang='lat' dir='ltr'><strong>impius</strong></span> 
     </span>
    </p>
   </div>
   <div class='ocr_carea' id='block_1_123' title="bbox 2246 3829 3035 3897">
    <p class='ocr_par' dir='ltr' id='par_1_123' title="bbox 2246 3829 3035 3897">
     <span class='ocr_line' id='line_1_125' title="bbox 2246 3829 3035 3897; baseline -0.001 -17"><span class='ocrx_word' id='word_1_669' title='bbox 2246 3839 2409 3897; x_wconf 85' lang='lat' dir='ltr'><strong>super</strong></span> <span class='ocrx_word' id='word_1_670' title='bbox 2441 3829 2693 3894; x_wconf 85' lang='lat' dir='ltr'><strong>populum</strong></span> <span class='ocrx_word' id='word_1_671' title='bbox 2726 3840 3035 3897; x_wconf 88' lang='lat' dir='ltr'><strong>pauperem.</strong></span> 
     </span>
    </p>
   </div>
   <div class='ocr_carea' id='block_1_124' title="bbox 2321 3894 3391 3965">
    <p class='ocr_par' dir='ltr' id='par_1_124' title="bbox 2321 3894 3391 3965">
     <span class='ocr_line' id='line_1_126' title="bbox 2321 3894 3391 3965; baseline 0.001 -14"><span class='ocrx_word' id='word_1_672' title='bbox 2321 3894 2523 3965; x_wconf 87' lang='lat' dir='ltr'><strong>Lingua</strong></span> <span class='ocrx_word' id='word_1_673' title='bbox 2548 3894 2866 3963; x_wconf 81' lang='lat' dir='ltr'><strong>sapientium</strong></span> <span class='ocrx_word' id='word_1_674' title='bbox 2901 3906 3058 3951; x_wconf 90' lang='lat' dir='ltr'><strong>ornat</strong></span> <span class='ocrx_word' id='word_1_675' title='bbox 3086 3896 3391 3953; x_wconf 83' lang='lat' dir='ltr'><strong>scientiam.</strong></span> 
     </span>
    </p>
   </div>
   <div class='ocr_carea' id='block_1_125' title="bbox 2317 3965 3826 4041">
    <p class='ocr_par' dir='ltr' id='par_1_125' title="bbox 2317 3965 3826 4041">
     <span class='ocr_line' id='line_1_127' title="bbox 2317 3965 3826 4041; baseline 0.001 -20"><span class='ocrx_word' id='word_1_676' title='bbox 2317 3965 2886 4041; x_wconf 17' lang='lat' dir='ltr'><strong>Laiiipas‘coiitempta</strong></span> <span class='ocrx_word' id='word_1_677' title='bbox 2924 3968 3063 4036; x_wconf 87' lang='lat' dir='ltr'><strong>apud</strong></span> <span class='ocrx_word' id='word_1_678' title='bbox 3093 3969 3441 4039; x_wconf 80' lang='lat' dir='ltr'><strong>cogitationes</strong></span> <span class='ocrx_word' id='word_1_679' title='bbox 3469 3966 3697 4023; x_wconf 80' lang='lat' dir='ltr'><strong>divitum</strong></span> <span class='ocrx_word' id='word_1_680' title='bbox 3729 3982 3826 4041; x_wconf 61' lang='lat' dir='ltr'><strong>pa.</strong></span> 
     </span>
    </p>
   </div>
   <div class='ocr_carea' id='block_1_126' title="bbox 2254 4038 3119 4104">
    <p class='ocr_par' dir='ltr' id='par_1_126' title="bbox 2254 4038 3119 4104">
     <span class='ocr_line' id='line_1_128' title="bbox 2254 4038 3119 4104; baseline 0.001 -12"><span class='ocrx_word' id='word_1_681' title='bbox 2254 4048 2366 4092; x_wconf 84' lang='lat' dir='ltr'><strong>rata</strong></span> <span class='ocrx_word' id='word_1_682' title='bbox 2395 4049 2475 4091; x_wconf 84' lang='lat' dir='ltr'><strong>est</strong></span> <span class='ocrx_word' id='word_1_683' title='bbox 2505 4038 2570 4091; x_wconf 85' lang='lat' dir='ltr'><strong>ad</strong></span> <span class='ocrx_word' id='word_1_684' title='bbox 2603 4048 2810 4104; x_wconf 84' lang='lat' dir='ltr'><strong>tempus</strong></span> <span class='ocrx_word' id='word_1_685' title='bbox 2839 4047 3119 4093; x_wconf 85' lang='lat' dir='ltr'><strong>statutum.</strong></span> 
     </span>
    </p>
   </div>
   <div class='ocr_carea' id='block_1_127' title="bbox 2320 4107 3231 4178">
    <p class='ocr_par' dir='ltr' id='par_1_127' title="bbox 2320 4107 3231 4178">
     <span class='ocr_line' id='line_1_129' title="bbox 2320 4107 3231 4178; baseline 0.002 -17"><span class='ocrx_word' id='word_1_686' title='bbox 2320 4107 2521 4178; x_wconf 80' lang='lat' dir='ltr'><strong>Lingua</strong></span> <span class='ocrx_word' id='word_1_687' title='bbox 2554 4109 2833 4175; x_wconf 81' lang='lat' dir='ltr'><strong>placabilis</strong></span> <span class='ocrx_word' id='word_1_688' title='bbox 2861 4107 3059 4175; x_wconf 84' lang='lat' dir='ltr'><strong>lignum</strong></span> <span class='ocrx_word' id='word_1_689' title='bbox 3090 4112 3231 4164; x_wconf 74' lang='lat' dir='ltr'><strong>vitia.</strong></span> 
     </span>
    </p>
   </div>
   <div class='ocr_carea' id='block_1_128' title="bbox 2319 4176 3503 4248">
    <p class='ocr_par' dir='ltr' id='par_1_128' title="bbox 2319 4176 3503 4248">
     <span class='ocr_line' id='line_1_130' title="bbox 2319 4176 3503 4248; baseline 0.001 -16"><span class='ocrx_word' id='word_1_690' title='bbox 2319 4176 2520 4233; x_wconf 76' lang='lat' dir='ltr'><strong>Littera</strong></span> <span class='ocrx_word' id='word_1_691' title='bbox 2548 4178 2763 4241; x_wconf 83' lang='lat' dir='ltr'><strong>occidit,</strong></span> <span class='ocrx_word' id='word_1_692' title='bbox 2792 4180 3009 4248; x_wconf 88' lang='lat' dir='ltr'><strong>spiritus</strong></span> <span class='ocrx_word' id='word_1_693' title='bbox 3045 4192 3223 4236; x_wconf 87' lang='lat' dir='ltr'><strong>autem</strong></span> <span class='ocrx_word' id='word_1_694' title='bbox 3251 4179 3503 4237; x_wconf 74' lang='lat' dir='ltr'><strong>viviﬁcat.</strong></span> 
     </span>
    </p>
   </div>
   <div class='ocr_carea' id='block_1_129' title="bbox 2321 4247 3359 4315">
    <p class='ocr_par' dir='ltr' id='par_1_129' title="bbox 2321 4247 3359 4315">
     <span class='ocr_line' id='line_1_131' title="bbox 2321 4247 3359 4315; baseline 0.001 -11"><span class='ocrx_word' id='word_1_695' title='bbox 2321 4247 2525 4304; x_wconf 81' lang='lat' dir='ltr'><strong>Laudet</strong></span> <span class='ocrx_word' id='word_1_696' title='bbox 2552 4259 2605 4303; x_wconf 90' lang='lat' dir='ltr'><strong>te</strong></span> <span class='ocrx_word' id='word_1_697' title='bbox 2628 4247 2856 4315; x_wconf 85' lang='lat' dir='ltr'><strong>alietius,</strong></span> <span class='ocrx_word' id='word_1_698' title='bbox 2882 4259 2937 4304; x_wconf 87' lang='lat' dir='ltr'><strong>et</strong></span> <span class='ocrx_word' id='word_1_699' title='bbox 2962 4265 3066 4304; x_wconf 88' lang='lat' dir='ltr'><strong>non</strong></span> <span class='ocrx_word' id='word_1_700' title='bbox 3097 4266 3158 4304; x_wconf 88' lang='lat' dir='ltr'><strong>os</strong></span> <span class='ocrx_word' id='word_1_701' title='bbox 3187 4262 3359 4306; x_wconf 82' lang='lat' dir='ltr'><strong>tuuui.</strong></span> 
     </span>
    </p>
   </div>
   <div class='ocr_carea' id='block_1_130' title="bbox 2321 4319 3829 4394">
    <p class='ocr_par' dir='ltr' id='par_1_130' title="bbox 2321 4319 3829 4394">
     <span class='ocr_line' id='line_1_132' title="bbox 2321 4319 3829 4394; baseline 0.004 -20"><span class='ocrx_word' id='word_1_702' title='bbox 2321 4319 2620 4394; x_wconf 83' lang='lat' dir='ltr'><strong>Loquimini</strong></span> <span class='ocrx_word' id='word_1_703' title='bbox 2671 4324 2948 4394; x_wconf 77' lang='lat' dir='ltr'><strong>veritatem</strong></span> <span class='ocrx_word' id='word_1_704' title='bbox 2998 4326 3362 4392; x_wconf 83' lang='lat' dir='ltr'><strong>unusquisque</strong></span> <span class='ocrx_word' id='word_1_705' title='bbox 3410 4336 3531 4378; x_wconf 89' lang='lat' dir='ltr'><strong>cuiu</strong></span> <span class='ocrx_word' id='word_1_706' title='bbox 3580 4326 3829 4394; x_wconf 78' lang='lat' dir='ltr'><strong>proximo</strong></span> 
     </span>
    </p>
   </div>
   <div class='ocr_carea' id='block_1_131' title="bbox 2250 4392 3416 4459">
    <p class='ocr_par' dir='ltr' id='par_1_131' title="bbox 2250 4392 3416 4459">
     <span class='ocr_line' id='line_1_133' title="bbox 2250 4392 3416 4459; baseline 0 -14"><span class='ocrx_word' id='word_1_707' title='bbox 2250 4404 2373 4453; x_wconf 86' lang='lat' dir='ltr'><strong>suo,</strong></span> <span class='ocrx_word' id='word_1_708' title='bbox 2406 4392 2653 4459; x_wconf 85' lang='lat' dir='ltr'><strong>quoniam</strong></span> <span class='ocrx_word' id='word_1_709' title='bbox 2683 4405 2868 4445; x_wconf 83' lang='lat' dir='ltr'><strong>suiiius</strong></span> <span class='ocrx_word' id='word_1_710' title='bbox 2897 4392 3122 4447; x_wconf 87' lang='lat' dir='ltr'><strong>invicem</strong></span> <span class='ocrx_word' id='word_1_711' title='bbox 3156 4393 3416 4447; x_wconf 83' lang='lat' dir='ltr'><strong>membra.</strong></span> 
     </span>
    </p>
   </div>
   <div class='ocr_carea' id='block_1_132' title="bbox 2323 4461 3831 4533">
    <p class='ocr_par' dir='ltr' id='par_1_132' title="bbox 2323 4461 3831 4533">
     <span class='ocr_line' id='line_1_134' title="bbox 2323 4461 3831 4533; baseline 0.004 -18"><span class='ocrx_word' id='word_1_712' title='bbox 2323 4461 2528 4533; x_wconf 80' lang='lat' dir='ltr'><strong>Lingua</strong></span> <span class='ocrx_word' id='word_1_713' title='bbox 2551 4462 2593 4515; x_wconf 85' lang='lat' dir='ltr'><strong>si</strong></span> <span class='ocrx_word' id='word_1_714' title='bbox 2627 4477 2731 4515; x_wconf 90' lang='lat' dir='ltr'><strong>non</strong></span> <span class='ocrx_word' id='word_1_715' title='bbox 2758 4461 3118 4532; x_wconf 87' lang='lat' dir='ltr'><strong>restringitur,</strong></span> <span class='ocrx_word' id='word_1_716' title='bbox 3146 4478 3481 4533; x_wconf 86' lang='lat' dir='ltr'><strong>nequaquam</strong></span> <span class='ocrx_word' id='word_1_717' title='bbox 3511 4464 3603 4520; x_wconf 91' lang='lat' dir='ltr'><strong>ubi</strong></span> <span class='ocrx_word' id='word_1_718' title='bbox 3632 4464 3831 4521; x_wconf 81' lang='lat' dir='ltr'><strong>cecidit</strong></span> 
     </span>
    </p>
   </div>
   <div class='ocr_carea' id='block_1_133' title="bbox 2248 4530 3403 4603">
    <p class='ocr_par' dir='ltr' id='par_1_133' title="bbox 2248 4530 3403 4603">
     <span class='ocr_line' id='line_1_135' title="bbox 2248 4530 3403 4603; baseline 0.003 -20"><span class='ocrx_word' id='word_1_719' title='bbox 2248 4530 2412 4603; x_wconf 84' lang='lat' dir='ltr'><strong>jacet,</strong></span> <span class='ocrx_word' id='word_1_720' title='bbox 2434 4530 2533 4587; x_wconf 74' lang='lat' dir='ltr'><strong>Sed</strong></span> <span class='ocrx_word' id='word_1_721' title='bbox 2564 4547 2772 4603; x_wconf 81' lang='lat' dir='ltr'><strong>semper</strong></span> <span class='ocrx_word' id='word_1_722' title='bbox 2799 4533 2863 4586; x_wconf 86' lang='lat' dir='ltr'><strong>ad</strong></span> <span class='ocrx_word' id='word_1_723' title='bbox 2895 4530 3156 4588; x_wconf 79' lang='lat' dir='ltr'><strong>deteriora</strong></span> <span class='ocrx_word' id='word_1_724' title='bbox 3191 4530 3403 4589; x_wconf 79' lang='lat' dir='ltr'><strong>labitur.</strong></span> 
     </span>
    </p>
   </div>
   <div class='ocr_carea' id='block_1_134' title="bbox 2176 4597 3829 4677">
    <p class='ocr_par' dir='ltr' id='par_1_134' title="bbox 2176 4597 3829 4677">
     <span class='ocr_line' id='line_1_136' title="bbox 2176 4597 3829 4677; baseline 0.001 -18"><span class='ocrx_word' id='word_1_725' title='bbox 2176 4597 2226 4659; x_wconf 87' lang='lat' dir='ltr'><strong>D</strong></span> <span class='ocrx_word' id='word_1_726' title='bbox 2249 4597 2264 4603; x_wconf 78' lang='grc'><em>’</em></span> <span class='ocrx_word' id='word_1_727' title='bbox 2320 4597 2500 4672; x_wconf 76' lang='lat' dir='ltr'><strong>Lupus</strong></span> <span class='ocrx_word' id='word_1_728' title='bbox 2525 4597 3038 4677; x_wconf 24' lang='lat' dir='ltr'><strong>adveiiiens‘iiidicat</strong></span> <span class='ocrx_word' id='word_1_729' title='bbox 3061 4620 3165 4674; x_wconf 91' lang='lat' dir='ltr'><strong>quo</strong></span> <span class='ocrx_word' id='word_1_730' title='bbox 3190 4606 3372 4660; x_wconf 86' lang='lat' dir='ltr'><strong>animo</strong></span> <span class='ocrx_word' id='word_1_731' title='bbox 3396 4604 3619 4676; x_wconf 63' lang='lat' dir='ltr'><strong>quilibet</strong></span> <span class='ocrx_word' id='word_1_732' title='bbox 3646 4616 3829 4677; x_wconf 79' lang='lat' dir='ltr'><strong>pastor</strong></span> 
     </span>
    </p>
   </div>
   <div class='ocr_carea' id='block_1_135' title="bbox 2246 4673 3154 4744">
    <p class='ocr_par' dir='ltr' id='par_1_135' title="bbox 2246 4673 3154 4744">
     <span class='ocr_line' id='line_1_137' title="bbox 2246 4673 3154 4744; baseline 0.002 -17"><span class='ocrx_word' id='word_1_733' title='bbox 2246 4688 2411 4742; x_wconf 87' lang='lat' dir='ltr'><strong>super</strong></span> <span class='ocrx_word' id='word_1_734' title='bbox 2434 4676 2606 4744; x_wconf 78' lang='lat' dir='ltr'><strong>gregis</strong></span> <span class='ocrx_word' id='word_1_735' title='bbox 2632 4673 2928 4729; x_wconf 84' lang='lat' dir='ltr'><strong>custodiam</strong></span> <span class='ocrx_word' id='word_1_736' title='bbox 2955 4673 3154 4729; x_wconf 85' lang='lat' dir='ltr'><strong>stabat.</strong></span> 
     </span>
    </p>
   </div>
   <div class='ocr_carea' id='block_1_136' title="bbox 2318 4744 3827 4815">
    <p class='ocr_par' dir='ltr' id='par_1_136' title="bbox 2318 4744 3827 4815">
     <span class='ocr_line' id='line_1_138' title="bbox 2318 4744 3827 4815; baseline 0.003 -16"><span class='ocrx_word' id='word_1_737' title='bbox 2318 4746 2559 4800; x_wconf 88' lang='lat' dir='ltr'><strong>Lucerna</strong></span> <span class='ocrx_word' id='word_1_738' title='bbox 2584 4744 2826 4814; x_wconf 88' lang='lat' dir='ltr'><strong>corporis</strong></span> <span class='ocrx_word' id='word_1_739' title='bbox 2851 4754 2936 4801; x_wconf 90' lang='lat' dir='ltr'><strong>est</strong></span> <span class='ocrx_word' id='word_1_740' title='bbox 2960 4746 3167 4815; x_wconf 79' lang='lat' dir='ltr'><strong>oculos,</strong></span> <span class='ocrx_word' id='word_1_741' title='bbox 3195 4745 3289 4802; x_wconf 79' lang='lat' dir='ltr'><strong>lux</strong></span> <span class='ocrx_word' id='word_1_742' title='bbox 3316 4756 3497 4802; x_wconf 79' lang='lat' dir='ltr'><strong>autem</strong></span> <span class='ocrx_word' id='word_1_743' title='bbox 3522 4748 3722 4803; x_wconf 81' lang='lat' dir='ltr'><strong>mentis</strong></span> <span class='ocrx_word' id='word_1_744' title='bbox 3745 4762 3827 4802; x_wconf 77' lang='lat' dir='ltr'><strong>sa-</strong></span> 
     </span>
    </p>
   </div>
   <div class='ocr_carea' id='block_1_137' title="bbox 2246 4816 2782 4886">
    <p class='ocr_par' dir='ltr' id='par_1_137' title="bbox 2246 4816 2782 4886">
     <span class='ocr_line' id='line_1_139' title="bbox 2246 4816 2782 4886; baseline 0.002 -17"><span class='ocrx_word' id='word_1_745' title='bbox 2246 4817 2443 4886; x_wconf 89' lang='lat' dir='ltr'><strong>pientia</strong></span> <span class='ocrx_word' id='word_1_746' title='bbox 2469 4816 2782 4885; x_wconf 81' lang='lat' dir='ltr'><strong>spiritualis.</strong></span> 
     </span>
    </p>
   </div>
   <div class='ocr_carea' id='block_1_138' title="bbox 2318 4886 3753 4957">
    <p class='ocr_par' dir='ltr' id='par_1_138' title="bbox 2318 4886 3753 4957">
     <span class='ocr_line' id='line_1_140' title="bbox 2318 4886 3753 4957; baseline 0.001 -15"><span class='ocrx_word' id='word_1_747' title='bbox 2318 4886 2595 4957; x_wconf 60' lang='lat' dir='ltr'><strong>Lacryma‘.</strong></span> <span class='ocrx_word' id='word_1_748' title='bbox 2626 4888 2832 4942; x_wconf 78' lang='lat' dir='ltr'><strong>veniam</strong></span> <span class='ocrx_word' id='word_1_749' title='bbox 2862 4899 2967 4942; x_wconf 90' lang='lat' dir='ltr'><strong>non</strong></span> <span class='ocrx_word' id='word_1_750' title='bbox 2998 4887 3286 4957; x_wconf 87' lang='lat' dir='ltr'><strong>postulant,</strong></span> <span class='ocrx_word' id='word_1_751' title='bbox 3323 4886 3419 4944; x_wconf 84' lang='lat' dir='ltr'><strong>sed</strong></span> <span class='ocrx_word' id='word_1_752' title='bbox 3452 4900 3753 4945; x_wconf 84' lang='lat' dir='ltr'><strong>merentur.</strong></span> 
     </span>
    </p>
   </div>
   <div class='ocr_carea' id='block_1_139' title="bbox 2315 4957 3828 5028">
    <p class='ocr_par' dir='ltr' id='par_1_139' title="bbox 2315 4957 3828 5028">
     <span class='ocr_line' id='line_1_141' title="bbox 2315 4957 3828 5028; baseline 0.003 -16"><span class='ocrx_word' id='word_1_753' title='bbox 2315 4957 2512 5013; x_wconf 78' lang='lat' dir='ltr'><strong>Laudis</strong></span> <span class='ocrx_word' id='word_1_754' title='bbox 2549 4962 2796 5013; x_wconf 72' lang='lat' dir='ltr'><strong>humana:</strong></span> <span class='ocrx_word' id='word_1_755' title='bbox 2838 4960 3043 5028; x_wconf 86' lang='lat' dir='ltr'><strong>avidos,</strong></span> <span class='ocrx_word' id='word_1_756' title='bbox 3075 4958 3270 5015; x_wconf 70' lang='lat' dir='ltr'><strong>divinat</strong></span> <span class='ocrx_word' id='word_1_757' title='bbox 3321 4961 3690 5016; x_wconf 80' lang='lat' dir='ltr'><strong>retributionis</strong></span> <span class='ocrx_word' id='word_1_758' title='bbox 3740 4975 3828 5016; x_wconf 84' lang='lat' dir='ltr'><strong>re-</strong></span> 
     </span>
    </p>
   </div>
   <div class='ocr_carea' id='block_1_140' title="bbox 2245 5030 2619 5097">
    <p class='ocr_par' dir='ltr' id='par_1_140' title="bbox 2245 5030 2619 5097">
     <span class='ocr_line' id='line_1_142' title="bbox 2245 5030 2619 5097; baseline 0 -16"><span class='ocrx_word' id='word_1_759' title='bbox 2245 5030 2385 5097; x_wconf 80' lang='lat' dir='ltr'><strong>spuit</strong></span> <span class='ocrx_word' id='word_1_760' title='bbox 2408 5043 2619 5083; x_wconf 86' lang='lat' dir='ltr'><strong>munus.</strong></span> 
     </span>
    </p>
   </div>
   <div class='ocr_carea' id='block_1_141' title="bbox 2313 5096 3203 5169">
    <p class='ocr_par' dir='ltr' id='par_1_141' title="bbox 2313 5096 3203 5169">
     <span class='ocr_line' id='line_1_143' title="bbox 2313 5096 3203 5169; baseline 0 -15"><span class='ocrx_word' id='word_1_761' title='bbox 2313 5096 2488 5155; x_wconf 85' lang='lat' dir='ltr'><strong>Labor</strong></span> <span class='ocrx_word' id='word_1_762' title='bbox 2518 5098 2788 5169; x_wconf 85' lang='lat' dir='ltr'><strong>improbus</strong></span> <span class='ocrx_word' id='word_1_763' title='bbox 2810 5100 2983 5155; x_wconf 88' lang='lat' dir='ltr'><strong>omnia</strong></span> <span class='ocrx_word' id='word_1_764' title='bbox 3017 5101 3203 5156; x_wconf 90' lang='lat' dir='ltr'><strong>vincit.</strong></span> 
     </span>
    </p>
   </div>
   <div class='ocr_carea' id='block_1_142' title="bbox 2319 5170 3825 5244">
    <p class='ocr_par' dir='ltr' id='par_1_142' title="bbox 2319 5170 3825 5244">
     <span class='ocr_line' id='line_1_144' title="bbox 2319 5170 3825 5244; baseline 0.004 -19"><span class='ocrx_word' id='word_1_765' title='bbox 2319 5171 2460 5225; x_wconf 71' lang='lat' dir='ltr'><strong>Laeta</strong></span> <span class='ocrx_word' id='word_1_766' title='bbox 2505 5172 2674 5242; x_wconf 84' lang='lat' dir='ltr'><strong>magis</strong></span> <span class='ocrx_word' id='word_1_767' title='bbox 2702 5185 2862 5240; x_wconf 86' lang='lat' dir='ltr'><strong>quam</strong></span> <span class='ocrx_word' id='word_1_768' title='bbox 2906 5172 3080 5227; x_wconf 81' lang='lat' dir='ltr'><strong>tristia</strong></span> <span class='ocrx_word' id='word_1_769' title='bbox 3107 5170 3372 5244; x_wconf 80' lang='lat' dir='ltr'><strong>quosdam</strong></span> <span class='ocrx_word' id='word_1_770' title='bbox 3414 5170 3664 5230; x_wconf 80' lang='lat' dir='ltr'><strong>homines</strong></span> <span class='ocrx_word' id='word_1_771' title='bbox 3703 5187 3825 5231; x_wconf 77' lang='lat' dir='ltr'><strong>eor-</strong></span> 
     </span>
    </p>
   </div>
   <div class='ocr_carea' id='block_1_143' title="bbox 2245 5251 3532 5393">
    <p class='ocr_par' dir='ltr' id='par_1_143' title="bbox 2245 5251 3532 5393">
     <span class='ocr_line' id='line_1_145' title="bbox 2245 5251 3532 5393; baseline 0.003 -26"><span class='ocrx_word' id='word_1_772' title='bbox 2245 5251 2763 5393; x_wconf 52' lang='lat' dir='ltr'><strong>.assiduus</strong></span> <span class='ocrx_word' id='word_1_773' title='bbox 2787 5310 3037 5393; x_wconf 61' lang='lat' dir='ltr'><strong>carnales</strong></span> <span class='ocrx_word' id='word_1_774' title='bbox 3065 5311 3320 5393; x_wconf 75' lang='lat' dir='ltr'><strong>deprimit</strong></span> <span class='ocrx_word' id='word_1_775' title='bbox 3347 5322 3532 5371; x_wconf 59' lang='lat' dir='ltr'><strong>natus.</strong></span> 
     </span>
    </p>
   </div>
   <div class='ocr_carea' id='block_1_144' title="bbox 2314 5382 3822 5457">
    <p class='ocr_par' dir='ltr' id='par_1_144' title="bbox 2314 5382 3822 5457">
     <span class='ocr_line' id='line_1_146' title="bbox 2314 5382 3822 5457; baseline 0.005 -22"><span class='ocrx_word' id='word_1_776' title='bbox 2314 5382 2474 5457; x_wconf 75' lang='lat' dir='ltr'><strong>Liber</strong></span> <span class='ocrx_word' id='word_1_777' title='bbox 2500 5392 2582 5438; x_wconf 73' lang='lat' dir='ltr'><strong>est</strong></span> <span class='ocrx_word' id='word_1_778' title='bbox 2609 5383 2897 5457; x_wconf 76' lang='lat' dir='ltr'><strong>dicendos,</strong></span> <span class='ocrx_word' id='word_1_779' title='bbox 2931 5386 2985 5437; x_wconf 88' lang='lat' dir='ltr'><strong>in</strong></span> <span class='ocrx_word' id='word_1_780' title='bbox 3013 5398 3119 5453; x_wconf 90' lang='lat' dir='ltr'><strong>quo</strong></span> <span class='ocrx_word' id='word_1_781' title='bbox 3142 5382 3353 5441; x_wconf 80' lang='lat' dir='ltr'><strong>nullum</strong></span> <span class='ocrx_word' id='word_1_782' title='bbox 3393 5394 3581 5457; x_wconf 74' lang='lat' dir='ltr'><strong>regnat</strong></span> <span class='ocrx_word' id='word_1_783' title='bbox 3607 5384 3822 5443; x_wconf 81' lang='lat' dir='ltr'><strong>vitium.</strong></span> 
     </span>
    </p>
   </div>
   <div class='ocr_carea' id='block_1_145' title="bbox 2315 5453 3821 5535">
    <p class='ocr_par' dir='ltr' id='par_1_145' title="bbox 2315 5453 3821 5535">
     <span class='ocr_line' id='line_1_147' title="bbox 2315 5453 3821 5535; baseline 0.003 -25"><span class='ocrx_word' id='word_1_784' title='bbox 2315 5453 2498 5523; x_wconf 87' lang='lat' dir='ltr'><strong>Longo</strong></span> <span class='ocrx_word' id='word_1_785' title='bbox 2541 5467 2638 5507; x_wconf 88' lang='lat' dir='ltr'><strong>usu</strong></span> <span class='ocrx_word' id='word_1_786' title='bbox 2660 5454 2998 5535; x_wconf 32' lang='lat' dir='ltr'><strong>.disceuduni</strong></span> <span class='ocrx_word' id='word_1_787' title='bbox 3030 5458 3135 5521; x_wconf 86' lang='lat' dir='ltr'><strong>cs&#39;l,</strong></span> <span class='ocrx_word' id='word_1_788' title='bbox 3161 5457 3292 5529; x_wconf 83' lang='lat' dir='ltr'><strong>quid</strong></span> <span class='ocrx_word' id='word_1_789' title='bbox 3330 5453 3524 5528; x_wconf 69' lang='lat' dir='ltr'><strong>cuique</strong></span> <span class='ocrx_word' id='word_1_790' title='bbox 3564 5458 3709 5529; x_wconf 72' lang='lat' dir='ltr'><strong>loqui</strong></span> <span class='ocrx_word' id='word_1_791' title='bbox 3739 5459 3821 5514; x_wconf 82' lang='lat' dir='ltr'><strong>vel</strong></span> 
     </span>
    </p>
   </div>
   <div class='ocr_carea' id='block_1_146' title="bbox 2244 5534 2750 5581">
    <p class='ocr_par' dir='ltr' id='par_1_146' title="bbox 2244 5534 2750 5581">
     <span class='ocr_line' id='line_1_148' title="bbox 2244 5534 2750 5581; baseline -0.002 -1"><span class='ocrx_word' id='word_1_792' title='bbox 2244 5534 2422 5581; x_wconf 88' lang='lat' dir='ltr'><strong>tacere</strong></span> <span class='ocrx_word' id='word_1_793' title='bbox 2447 5534 2750 5580; x_wconf 82' lang='lat' dir='ltr'><strong>conveniat.</strong></span> 
     </span>
    </p>
   </div>
   <div class='ocr_carea' id='block_1_147' title="bbox 2314 5595 3389 5666">
    <p class='ocr_par' dir='ltr' id='par_1_147' title="bbox 2314 5595 3389 5666">
     <span class='ocr_line' id='line_1_149' title="bbox 2314 5595 3389 5666; baseline 0 -15"><span class='ocrx_word' id='word_1_794' title='bbox 2314 5597 2545 5651; x_wconf 81' lang='lat' dir='ltr'><strong>Lucrum</strong></span> <span class='ocrx_word' id='word_1_795' title='bbox 2572 5608 2724 5665; x_wconf 81' lang='lat' dir='ltr'><strong>turpe</strong></span> <span class='ocrx_word' id='word_1_796' title='bbox 2754 5606 2806 5650; x_wconf 93' lang='lat' dir='ltr'><strong>ut</strong></span> <span class='ocrx_word' id='word_1_797' title='bbox 2833 5595 3175 5665; x_wconf 87' lang='lat' dir='ltr'><strong>dispendium</strong></span> <span class='ocrx_word' id='word_1_798' title='bbox 3200 5596 3389 5666; x_wconf 88' lang='lat' dir='ltr'><strong>fugito.</strong></span> 
     </span>
    </p>
   </div>
   <div class='ocr_carea' id='block_1_148' title="bbox 2314 5666 3599 5736">
    <p class='ocr_par' dir='ltr' id='par_1_148' title="bbox 2314 5666 3599 5736">
     <span class='ocr_line' id='line_1_150' title="bbox 2314 5666 3599 5736; baseline 0.002 -15"><span class='ocrx_word' id='word_1_799' title='bbox 2314 5666 2470 5721; x_wconf 88' lang='lat' dir='ltr'><strong>Levis</strong></span> <span class='ocrx_word' id='word_1_800' title='bbox 2497 5675 2656 5736; x_wconf 85' lang='lat' dir='ltr'><strong>atque</strong></span> <span class='ocrx_word' id='word_1_801' title='bbox 2685 5670 2993 5722; x_wconf 87' lang='lat' dir='ltr'><strong>inconstans</strong></span> <span class='ocrx_word' id='word_1_802' title='bbox 3021 5667 3151 5722; x_wconf 90' lang='lat' dir='ltr'><strong>nibil</strong></span> <span class='ocrx_word' id='word_1_803' title='bbox 3180 5671 3367 5724; x_wconf 83' lang='lat' dir='ltr'><strong>avibus</strong></span> <span class='ocrx_word' id='word_1_804' title='bbox 3392 5666 3599 5723; x_wconf 73' lang='lat' dir='ltr'><strong>diﬂert.</strong></span> 
     </span>
    </p>
   </div>
   <div class='ocr_carea' id='block_1_149' title="bbox 2241 5737 3815 5867">
    <p class='ocr_par' dir='ltr' id='par_1_149' title="bbox 2241 5737 3815 5867">
     <span class='ocr_line' id='line_1_151' title="bbox 2241 5737 3815 5867; baseline 0.004 -76"><span class='ocrx_word' id='word_1_805' title='bbox 2241 5809 2275 5867; x_wconf 57' lang='grc' dir='ltr'><em>ά</em></span> <span class='ocrx_word' id='word_1_806' title='bbox 2310 5737 2460 5863; x_wconf 56' lang='lat' dir='ltr'><strong>tLicet</strong></span> <span class='ocrx_word' id='word_1_807' title='bbox 2505 5738 2687 5793; x_wconf 88' lang='lat' dir='ltr'><strong>multis</strong></span> <span class='ocrx_word' id='word_1_808' title='bbox 2732 5742 2838 5792; x_wconf 84' lang='lat' dir='ltr'><strong>vita</strong></span> <span class='ocrx_word' id='word_1_809' title='bbox 2888 5750 2976 5794; x_wconf 89' lang='lat' dir='ltr'><strong>tua</strong></span> <span class='ocrx_word' id='word_1_810' title='bbox 3026 5740 3251 5808; x_wconf 83' lang='lat' dir='ltr'><strong>placeat,</strong></span> <span class='ocrx_word' id='word_1_811' title='bbox 3298 5740 3391 5797; x_wconf 69' lang='lat' dir='ltr'><strong>tibi</strong></span> <span class='ocrx_word' id='word_1_812' title='bbox 3443 5740 3657 5810; x_wconf 71' lang='lat' dir='ltr'><strong>placere</strong></span> <span class='ocrx_word' id='word_1_813' title='bbox 3712 5757 3815 5797; x_wconf 79' lang='lat' dir='ltr'><strong>non</strong></span> 
     </span>
     <span class='ocr_line' id='line_1_152' title="bbox 2278 5818 2419 5867; baseline -0.028 0"><span class='ocrx_word' id='word_1_814' title='bbox 2278 5825 2308 5867; x_wconf 86' lang='lat' dir='ltr'><strong>e</strong></span> <span class='ocrx_word' id='word_1_815' title='bbox 2345 5818 2419 5863; x_wconf 90' lang='lat' dir='ltr'><strong>et.</strong></span> 
     </span>
    </p>
   </div>
   <div class='ocr_carea' id='block_1_150' title="bbox 2278 5818 2419 5867">
    <p class='ocr_par' dir='ltr' id='par_1_150' title="bbox 2278 5818 2419 5867">
     <span class='ocr_line' id='line_1_153' title="bbox 2278 5818 2419 5867; baseline -0.028 0"><span class='ocrx_word' id='word_1_816' title='bbox 2278 5818 2419 5867; x_wconf 80' lang='lat' dir='ltr'><strong>eaet.</strong></span> 
     </span>
    </p>
   </div>
   <div class='ocr_carea' id='block_1_151' title="bbox 2312 5878 3674 5953">
    <p class='ocr_par' dir='ltr' id='par_1_151' title="bbox 2312 5878 3674 5953">
     <span class='ocr_line' id='line_1_154' title="bbox 2312 5878 3674 5953; baseline 0.002 -16"><span class='ocrx_word' id='word_1_817' title='bbox 2312 5879 2542 5937; x_wconf 83' lang='lat' dir='ltr'><strong>Lucrum</strong></span> <span class='ocrx_word' id='word_1_818' title='bbox 2572 5878 2689 5938; x_wconf 81' lang='lat' dir='ltr'><strong>sine</strong></span> <span class='ocrx_word' id='word_1_819' title='bbox 2716 5880 2915 5938; x_wconf 85' lang='lat' dir='ltr'><strong>damno</strong></span> <span class='ocrx_word' id='word_1_820' title='bbox 2940 5880 3161 5939; x_wconf 81' lang='lat' dir='ltr'><strong>alterius</strong></span> <span class='ocrx_word' id='word_1_821' title='bbox 3193 5880 3309 5939; x_wconf 88' lang='lat' dir='ltr'><strong>tieri</strong></span> <span class='ocrx_word' id='word_1_822' title='bbox 3337 5895 3442 5939; x_wconf 87' lang='lat' dir='ltr'><strong>non</strong></span> <span class='ocrx_word' id='word_1_823' title='bbox 3476 5890 3674 5953; x_wconf 76' lang='lat' dir='ltr'><strong>potest.</strong></span> 
     </span>
    </p>
   </div>
  </div>
