4162 6212
389 396 523 458 ΗΜ

461 512 722 571 Libidinis
750 514 979 581 impetus
1004 508 1337 566 abstinentiae
1375 505 1595 575 expellit
1625 507 1813 562 virtus.

460 585 738 641 Lntentem
787 576 1088 652 superbiam
1135 582 1209 637 nil
1253 580 1421 649 magis
1484 593 1587 632 non
1631 576 1960 646 comprimit,

301 666 326 685 ο
387 673 546 729 quam
573 657 727 729 culpa
763 666 968 729 patetis.

464 720 714 782 Lascivus
745 720 950 790 juvenis
977 733 1095 793 eget
1122 732 1176 776 ut
1201 720 1390 793 crebro
1418 729 1719 793 moneatur.

466 801 631 863 Leges
660 797 904 865 antimias
933 810 998 848 ne
1019 792 1467 865 transgrediendo
1498 792 1758 865 resolvas.

464 861 669 941 Laudat
697 861 804 922 rite
826 867 1010 941 Deum,
1040 864 1129 934 qui
1158 861 1476 941 fore-diligit
1504 861 1677 941 illum.
1721 929 1733 941 .

466 939 647 995 Laude
675 946 854 993 manet
881 932 1096 1005 dignus,
1129 935 1216 1002 qui
1258 934 1440 1007 nititur
1465 947 1586 987 esse
1618 932 1900 1007 benignus.

468 1010 701 1064 Lumbns
733 1002 1026 1079 praecingit,
1057 1006 1147 1079 qui
1177 1004 1352 1079 carnis
1383 1012 1505 1079 vota
1540 1002 1836 1079 restringit.
1906 1066 1941 1079 η

465 1082 712 1149 Languor
734 1066 1024 1133 'insolitus'
1055 1066 1324 1132 insolitum
1374 1072 1534 1129 etiam
1564 1071 1758 1143 quierit
1801 1066 1977 1124 medi-

393 1153 530 1209 cinae
555 1164 742 1221 genus.
806 1164 808 1166 ν

469 1356 690 1426 Magnus
719 1354 975 1412 Dominus
1014 1363 1222 1418 noster,
1252 1359 1306 1406 et
1335 1361 1527 1420 magna
1555 1346 1727 1402 virtus
1760 1344 1900 1416 ejus,
1928 1350 1984 1399 et

400 1428 677 1496 sapientia:
716 1427 831 1495 ejus
863 1441 964 1480 non
994 1435 1076 1480 est
1101 1437 1374 1496 numerus.

471 1492 726 1554 Mirabilis
749 1492 891 1553 Deus
922 1497 973 1549 iu
1002 1492 1356 1570 san_ctis_sui_s_.
1468 1559 1481 1570 _
1543 1558 1557 1570 .
1677 1566 1689 1570 Α
1878 1555 1894 1570 ,

472 1570 690 1640 Magnus
720 1571 973 1640 Dominus
1019 1576 1073 1640 et
1101 1563 1382 1620 laudabilis
1429 1558 1610 1624 nimis,
1641 1566 1696 1614 et
1717 1558 1986 1625 magnitu-

400 1641 543 1696 dinis
559 1635 685 1710 ejus
715 1655 819 1710 non
845 1647 925 1710 est
948 1635 1089 1710 linis.

475 1706 832 1765 Misericordia
862 1709 1069 1763 Domini
1101 1706 1254 1774 plena
1283 1712 1364 1759 est
1393 1711 1557 1758 terra.

476 1781 656 1852 Magna
687 1796 847 1851 opera
875 1770 1383 1846 Domini,'e1quisit:i
1404 1776 1455 1828 in
1476 1784 1665 1828 omnes
1682 1770 1986 1825 voluntates

403 1868 537 1907 θιιιθ.

432 1870 835 1978 J"iriisericordia
866 1919 1076 1974 Domini
1116 1919 1183 1973 ab
1210 1927 1431 1980 :eteruo,
1459 1923 1513 1970 et
1543 1927 1713 1980 usque
1739 1909 1792 1966 in
1820 1919 1979 1965 teter—

407 2009 533 2048 num
560 2007 718 2065 super
747 1996 992 2047 timentes
1020 2005 1167 2045 eum.
1416 2055 1429 2065 _
1511 2063 1519 2065 Α
1593 2053 1608 2065 α

479 2055 802 2118 Mutoaliitur
833 2071 1100 2128 peccator,
1133 2067 1188 2114 et
1217 2072 1320 2113 non
1351 2055 1558 2121 solvet;
1587 2055 1765 2122 justus
1806 2057 1986 2106 autem

409 2134 715 2192 miseretur.
747 2142 802 2188 et
833 2134 1048 2186 tribuet.

481 2203 976 2275 Misericordiamet
1003 2202 1282 2275 veritatem
1313 2196 1484 2269 diligit
1510 2195 1671 2275 Deus.
1762 2261 1796 2275 η
1907 2261 1921 2275 _
1945 2261 1959 2274 _

487 2276 662 2329 Multae
691 2273 1059 2328 tribulationes
1097 2271 1388 2341 iustorum,
1411 2261 1486 2324 ἐι
1523 2267 1591 2322 de
1630 2261 1883 2320 omnibus
1907 2261 1989 2317 bis

409 2345 655 2400 liberabit
681 2359 776 2397 eos
801 2345 1076 2397 Dominus.

484 2416 639 2469 Multa
669 2412 1218 2486 ﬂugettapeceatnris,
1245 2417 1549 2486 sperantem
1573 2414 1751 2462 autem
1799 2403 1856 2460 in
1884 2400 1990 2458 Do.

407 2488 556 2541 mino
585 2482 949 2540 miserit-ordia
979 2482 1350 2538 circumdabit.

482 2558 760 2611 Miserator
794 2564 850 2611 et
892 2556 1197 2610 misericors
1223 2553 1386 2618 Deus,
1419 2551 1631 2621 patiens
1655 2557 1710 2605 et
1760 2545 1988 2602 multum

410 2641 736 2682 mISQ’I‘ICOTS.

483 2698 623 2753 Mors
656 2705 994 2765 peccatorum
1024 2698 1284 2766 pessima;
1312 2702 1366 2751 et
1393 2692 1482 2762 qui
1510 2690 1738 2747 oderunt
1758 2687 1988 2760 justum,

410 2770 740 2824 delittmient.

484 2785 783 2893 Mlzqiigtst
813 2837 1080 2892 modicum
1122 2836 1269 2906 justo
1313 2848 1474 2906 super
1501 2831 1712 2888 divitias
1741 2836 1992 2901 peccato-

411 2925 527 2964 rum
560 2909 772 2963 multas.

484 2979 734 3049 Majorem
755 2979 1070 3049 charitatem
1095 2991 1255 3031 nemo
1277 2975 1458 3049 habet,
1483 2987 1640 3045 quam
1671 2980 1730 3026 ut
1755 2969 1990 3025 animam

413 3048 572 3106 suam
597 3058 756 3118 ponat
781 3048 897 3119 quis
925 3063 1022 3118 pro
1051 3049 1239 3122 amicis
1270 3048 1435 3122 suis._
1726 3121 1729 3122 ν
1791 3112 1820 3122 ,ε

489 3112 849 3175 Mercenarius
895 3112 1043 3173 videt
1089 3121 1272 3189 lupum
1318 3116 1642 3181 venientem,
1683 3121 1740 3168 et
1775 3112 1996 3168 dimittit

413 3205 564 3253 oves,
597 3204 648 3244 et
682 3190 833 3258 fugit.

488 3262 676 3317 Melior
703 3257 785 3316 est
816 3259 1118 3316 obedientia
1149 3272 1307 3325 quam
1338 3257 1590 3312 victimae.

489 3333 704 3385 Meliora
746 3342 870 3385 sunt
899 3333 1116 3386 vulnera
1146 3320 1434 3400 diligentis,
1465 3342 1623 3397 quam
1656 3320 1991 3380 fraudulenta

415 3402 595 3457 oscula
624 3401 690 3456 od
699 3403 874 3457 icntis.

490 3470 678 3526 Melior
719 3484 802 3526 est
847 3472 1052 3541 patiens
1097 3471 1213 3526 viro
1261 3469 1418 3534 forti,
1461 3479 1516 3540 et
1553 3467 1642 3540 qui
1690 3464 1996 3522 dominatur

417 3546 602 3597 animo
627 3558 748 3609 suo,
776 3555 1138 3612 expugnatore
1165 3542 1395 3596 urbium.

491 3613 675 3668 Melior
702 3603 782 3667 est
809 3603 1043 3669 bitccella
1067 3613 1206 3667 sicea
1233 3627 1354 3666 cum
1377 3609 1591 3681 gaudio,
1619 3622 1780 3680 quam
1805 3603 1995 3658 domus

419 3684 570 3754 plena
605 3687 832 3738 victimis
859 3683 979 3737 cum
1003 3683 1201 3753 jurgio.

492 3755 686 3809 Musica
717 3760 769 3808 in
801 3755 965 3818 luctu,
997 3750 1294 3822 importuna
1324 3750 1579 3822 narratio.

492 3825 679 3880 Melior
704 3835 789 3880 est
814 3820 1190 3894 imquitaslviri
1219 3837 1378 3894 quam
1416 3820 1750 3894 benefaciens
1777 3820 1993 3894 mulier.

492 3895 683 3951 Melius
711 3903 796 3950 est
829 3891 1096 3950 humiliari
1131 3907 1253 3948 cuni
1305 3891 1544 3956 mitibus,
1570 3906 1729 3960 quam
1757 3891 1997 3947 dividere

420 3967 588 4034 spolia
615 3981 739 4021 cum
766 3967 1032 4033 superbis.

493 4037 677 4092 Melius
703 4045 788 4092 est
814 4030 892 4092 ire
920 4036 985 4091 ad
1015 4035 1234 4090 domum
1266 4036 1459 4098 luctus,
1490 4045 1650 4102 quam
1681 4031 1749 4086 ad
1778 4030 1995 4089 domum

418 4122 669 4166 COIIVIVIIo

493 4179 680 4234 Melius
724 4188 807 4234 est
856 4193 886 4234 a
931 4175 1176 4247 sapiente
1223 4172 1462 4244 cerripi,
1508 4185 1667 4243 quam
1709 4172 1996 4228 stultorum

419 4251 723 4305 adulatione
749 4250 941 4317 decipi.

493 4320 748 4374 Memoria
783 4313 914 4390 jusii
947 4333 1067 4373 cum
1100 4315 1366 4379 laudibus,
1396 4324 1450 4367 et
1479 4327 1676 4369 nomen
1708 4313 1994 4383 impiorum

462 4400 711 4445 ntrescet.

423 4406 756 4517 “digitulo
784 4460 1055 4516 Creatoris
1083 4458 1156 4511 tui
1177 4457 1228 4511 in
1256 4455 1448 4511 diebus
1470 4453 1762 4522 iuventutis
1791 4462 1917 4509 ture.

493 4532 673 4585 Militia
701 4547 781 4587 εει
808 4536 913 4586 vita
946 4530 1175 4585 hominis
1202 4542 1363 4596 super
1393 4534 1611 4594 terram,
1642 4533 1698 4580 et
1718 4525 1858 4579 sicut
1879 4526 1994 4581 dies

421 4603 735 4657 mercenarii
767 4605 879 4656 dies
904 4602 1039 4671 ejus.

493 4671 635 4726 Mors
664 4685 717 4728 et
743 4675 843 4727 vita
879 4667 1202 4726 in'manibtts
1228 4667 1442 4738 lingua.

493 4745 711 4818 Multum
739 4747 879 4818 valet
907 4742 1211 4810 deprecatio
1236 4736 1365 4808 justi
1395 4736 1631 4792 assidua.
1864 4807 1876 4818 .

493 4816 763 4870 Modicum
791 4813 1110 4869 fermentum
1144 4824 1308 4864 totam
1349 4823 1579 4862 massam
1610 4813 1921 4875 corrumpit.

494 4885 722 4940 Mundus
752 4885 962 4946 transit,
990 4892 1045 4937 et
1071 4880 1500 4949 concupiscentia
1524 4877 1674 4946 ejus;
1705 4877 1795 4946 qui
1822 4887 1999 4932 autem

423 4956 552 5012 facit
579 4960 902 5010 voluntatem
928 4953 1045 5021 Dei,
1073 4961 1255 5006 manet
1297 4953 1348 5003 in
1373 4961 1654 5003 aeternum.

495 5047 688 5104 Melius
717 5055 801 5102 est
832 5060 937 5099 non
969 5043 1167 5097 habere
1196 5039 1338 5112 quod
1386 5039 1609 5103 tribuas,
1639 5055 1798 5109 quam
1825 5039 2001 5107 impu-

423 5120 614 5192 denter
644 5129 833 5192 petere
853 5116 993 5185 quod
1018 5113 1136 5192 des.
1455 5179 1469 5192 .
1570 5181 1582 5192 ⁸

497 5179 684 5246 Μοιιιῖί
712 5196 795 5244 est
822 5179 957 5240 bene
986 5185 1149 5249 vinci,
1178 5196 1337 5250 quam
1365 5179 1504 5234 male
1535 5181 1770 5236 vincere.

500 5261 688 5315 Melius
716 5267 798 5313 est
829 5259 975 5325 prius
1026 5256 1203 5308 facere
1233 5252 1372 5322 quod
1410 5252 1609 5318 evenit,
1637 5265 1794 5320 quam
1823 5261 2004 5321 postea

429 5334 552 5387 mali
582 5329 704 5384 facti
734 5326 1062 5398 pmiiitearis.

499 5421 832 5478 Mendacium
873 5435 978 5474 non
1017 5425 1122 5482 est,
1151 5430 1273 5469 cum
1301 5410 1369 5468 de
1411 5413 1572 5467 rebus
1609 5411 2006 5468 insensibilibus

431 5498 585 5567 quasi
616 5495 684 5548 de
718 5492 1065 5548 seusibilibus
1105 5487 1330 5557 mystice
1359 5483 1646 5553 loquimur.

501 5587 800 5646 Mirandum
839 5584 996 5640 simul
1027 5590 1087 5656 et
1109 5577 1418 5656 dolendum,
1443 5575 1585 5656 quod
1626 5575 1824 5646 plures,
1857 5573 2006 5656 quasi

431 5664 685 5727 religiosi,
730 5674 758 5712 a
805 5658 938 5712 cibis
982 5652 1295 5726 quibusdam
1324 5649 1674 5727 abstinentes,
1695 5661 1826 5727 suos
1856 5649 2005 5727 quasi

430 5719 681 5786 scelerati
713 5730 948 5799 pessima
969 5719 1194 5799 quoique
1223 5734 1388 5799 agere
1409 5720 1555 5799 omni
1584 5719 1744 5771 modo
1771 5720 2006 5799 student.

505 5787 802 5856 Mirandum
865 5787 1279 5864 dolendumque'
1318 5789 1664 5844 nihilominus
1734 5798 1789 5842 et
1856 5787 2005 5864 illud,

437 5873 580 5945 quod
623 5870 836 5943 plurimi
875 5862 1189 5923 simulantes
1227 5875 1286 5918 se
1330 5873 1426 5932 pro
1469 5870 1804 5930 peccatorum
1854 5862 2006 5913 venia

1611 393 1787 452 PROV’
1797 392 1881 450 ER
1891 391 2149 450 BIOBUM
2190 390 2410 448 LIBER.

3513 389 3653 445 “02

1990 507 2038 566 Α
2068 502 2283 558 visitare
2310 509 2493 556 sancta
2519 507 2573 554 et
2603 497 2785 567 procul
2817 498 2986 566 posita
3017 501 3157 561 loca.
3186 514 3308 554 cum
3339 498 3534 556 iuerint
3561 520 3649 560 re-

2077 572 2216 627 versi
2250 573 2417 627 multo
2449 569 2658 641 pejores
2685 570 2817 622 ﬁunt
2846 584 3002 636 quam
3048 581 3223 641 antea.

2147 643 2318 698 Mores
2343 651 2395 694 et
2423 639 2598 697 studia
2629 648 2892 695 rectorum
2922 649 2976 693 et
3002 639 3361 710 subiectorum
3392 643 3652 712 qualitate

2074 712 2447 778 inspiciuntur.

2147 783 2343 851 Majora
2380 782 2602 838 crimina
2642 789 2698 836 et
2743 780 2896 834 tarde
2944 780 3207 837 credenda
3257 791 3526 837 suntcum
3558 800 3655 839 au-

2076 853 2316 920 diuntur,
2347 863 2401 908 et
2428 854 2587 908 citius
2629 851 2892 921 punienda
2923 867 3045 907 cuni
3071 851 3333 909 veraciter
3361 868 3631 923 agnoscun

2076 933 2184 978 tur.

2149 995 2337 1049 Melius
2364 1002 2448 1049 est
2469 991 2818 1065 rusticitatem
2847 991 3041 1048 habere
3067 1003 3326 1062 sanctum,
3356 1009 3516 1065 quam
3546 999 3663 1055 elo.

2077 1067 2346 1132 quentiarn
2381 1063 2757 1133 peccatricem.

2152 1135 2322 1189 Mollis
2372 1143 2426 1189 et
2471 1134 2762 1189 dissolutus
2813 1150 2918 1190 non
2967 1134 3068 1202 vir,
3099 1135 3192 1190 sed
3226 1137 3416 1192 mulier
3461 1149 3543 1196 est
3573 1143 3655 1195 iti-

2079 1208 2304 1262 centius.

2156 1277 2345 1330 Mulier
2373 1275 2504 1329 dans
2531 1290 2748 1343 operam
2778 1275 2976 1341 virtuti,
3007 1277 3089 1330 vir
3117 1284 3288 1342 potest
3313 1279 3439 1334 dici.

2160 1347 2345 1471 Lugius
2376 1355 2458 1401 est
2503 1344 2682 1401 facere
2727 1346 3012 1402 divortium
3062 1362 3182 1401 cum
3229 1347 3466 1417 homine,
3508 1369 3664 1420 quam

2160 1433 2202 1471 fil
2277 1431 2342 1471 co

2081 1431 2146 1473 Cll
2154 1433 2202 1471 fil
2232 1431 2342 1471 uco

2153 1488 2339 1542 Manus
2366 1487 2632 1556 pauperis,
2663 1486 3101 1557 gazophylacium
3132 1486 3329 1544 Christi
3350 1500 3450 1544 est.

2158 1559 2291 1613 Male
2309 1557 2598 1611 Sabbatum
2615 1559 2868 1623 celebrat,
2889 1558 2976 1628 qui
2997 1575 3023 1611 a
3045 1559 3196 1613 bonis
3217 1561 3468 1627 operibus
3495 1563 3665 1615 vacat.

2159 1629 2345 1698 Magna
2376 1642 2496 1695 pars
2520 1628 2883 1700 intelligentiae.
2912 1631 3050 1684 scire
3075 1630 3199 1700 quid
3230 1632 3454 1686 nescias.

2159 1700 2342 1766 Magna
2367 1700 2627 1769 securitas
2656 1709 2735 1752 est
2760 1699 2960 1764 cordis,
2992 1700 3159 1754 aliena
3190 1717 3294 1756 non
3322 1710 3591 1769 appetere.

2158 1769 2339 1843 Militis
2377 1768 2664 1837 cujuslibet
2703 1769 2955 1825 fortitudo
2980 1786 3085 1827 non
3129 1768 3455 1843 agnoscitur,
3489 1774 3587 1828 nisi
3617 1777 3671 1830 in

2013 1863 2062 1924 Β
2088 1840 2248 1924 bello.

2162 1911 2295 1986 Mala
2328 1925 2473 1966 mors
2502 1908 2734 1980 putanda
2762 1925 2867 1966 non
2896 1919 3000 1975 est,
3029 1927 3187 1982 quam
3217 1912 3352 1969 bona
3397 1915 3498 1970 vita
3533 1931 3643 1986 prre

2086 1983 2268 2038 cessit.

2169 2053 2337 2124 Maius
2364 2051 2452 2107 ubi
2479 2065 2538 2106 se
2557 2051 2771 2124 simulat
2801 2050 3022 2124 bonum,
3051 2051 3122 2108 ibi
3150 2062 3235 2110 est
3253 2055 3533 2124 pessimus.

2161 2121 2294 2178 Male
2314 2123 2627 2192 imperando
2656 2136 2924 2177 summum
2956 2123 3237 2191 imperium
3254 2121 3538 2183 amittitur.

2164 2193 2299 2247 Mala
2328 2191 2650 2248 conscientia
2682 2209 2944 2262 nusquam
2975 2195 3256 2262 requiescit
3284 2210 3490 2250 secura.

2161 2263 2401 2319 Mortuus
2427 2263 2549 2317 huic
2571 2263 2765 2318 mundo
2795 2264 2868 2318 nil
2893 2266 2994 2320 scit
3030 2265 3130 2319 nisi
3160 2266 3338 2320 vivere
3362 2267 3596 2322 Christo.

2159 2333 2402 2403 Magnum
2429 2341 2701 2389 certamen
2719 2335 3008 2402 juvenilem
3035 2337 3249 2392 vincere
3270 2352 3507 2392 carnem.

2163 2405 2394 2460 Maxima
2424 2405 2482 2459 fit
2510 2407 2696 2473 pestis.
2725 2420 2848 2461 cuin
2871 2417 3051 2475 pastor
3083 2407 3183 2461 erit
3211 2408 3450 2474 puerilis.

2161 2476 2307 2531 Mens
2330 2475 2463 2531 levis
2491 2490 2553 2530 ac
2583 2475 2786 2545 fragilis
2814 2476 2921 2532 cito
2963 2477 3159 2542 perfert
3203 2479 3452 2534 scandala
3480 2481 3678 2536 carnis.

2165 2547 2312 2602 Mens
2334 2558 2545 2602 assueta
2574 2551 2747 2610 malis,
2780 2545 2863 2600 vix
2888 2547 3145 2616 eripietur
3166 2548 3233 2601 ab
3261 2550 3390 2605 illis.

2164 2618 2306 2673 Mors
2327 2628 2380 2672 et
2408 2618 2636 2683 perditio
2665 2616 2885 2672 dicenda
2915 2627 2999 2671 est
3032 2633 3172 2673 cteca
3201 2618 3384 2674 libido.

2161 2689 2395 2744 Maxime
2415 2687 2758 2758 quaerendum
2790 2688 2928 2758 quod
2953 2702 3164 2759 semper
3188 2692 3290 2747 erit
3321 2690 3677 2748 retinendum.

2872 2844 2915 2900 Ν

2163 2956 2319 3041 Novit
2367 2957 2622 3014 Dominus
2646 2956 3103 3030 viam,iustorum,
3147 2967 3204 3012 et
3255 2957 3356 3013 iter
3400 2958 3682 3026 impiorum

2095 3032 2307 3154 p832“.
2326 3098 2564 3154 aemulari
2592 3100 2645 3153 in
2675 3111 2742 3154 eo
2769 3099 2856 3166 qui
2887 3108 3231 3168 prosperatur
3261 3099 3316 3154 in
3366 3099 3448 3154 via
3477 3114 3594 3167 sua,
3631 3101 3683 3154 in

2097 3169 2310 3224 homine
2337 3169 2569 3224 faciente
2601 3169 2912 3238 injustitias.

2016 3221 2065 3287 ε
2118 3221 2127 3223 ⁷
2860 3221 2914 3294 et
2935 3237 3132 3303 mulus,
3151 3238 3346 3309 quibus
3367 3253 3472 3295 non
3491 3250 3574 3297 est
3605 3241 3684 3296 in-

2097 3310 2366 3367 tellectus.

2167 3382 2338 3437 Nolite
2368 3395 2586 3451 sperare
2612 3378 2666 3438 in
2697 3380 2996 3450 iniquitate,
3027 3387 3082 3436 et
3107 3379 3320 3449 rapinas
3351 3379 3518 3437 nolite
3545 3396 3681 3436 con-

2093 3466 2393 3520 ciipisi-ere.

2169 3522 2280 3577 Nisi
2314 3523 2568 3576 Dominus
2596 3522 2908 3577 custodierit
2937 3522 3232 3588 civitatem,
3277 3520 3473 3577 frustra
3496 3521 3677 3592 vigilat

2094 3592 2448 3664 quicustodit
2471 3609 2612 3647 eam.

2166 3663 2282 3734 Non
2304 3665 2536 3717 solvatur
2559 3678 2646 3717 res
2673 3678 2767 3731 per
2798 3662 3016 3734 multam
3046 3664 3318 3734 virtutem.

2165 3733 2341 3788 Nolite
2364 3733 2636 3788 confidere
2674 3740 2726 3786 itt
2754 3733 3105 3802 principibus,
3128 3731 3179 3786 in
3209 3732 3333 3786 filiis
3372 3731 3676 3802 hominum,

2096 3801 2147 3856 in
2167 3805 2357 3858 auibus
2384 3819 2488 3857 non
2515 3811 2599 3858 est
2624 3805 2788 3857 salus.

2213 3888 2332 3928 emo
2355 3875 2521 3928 bonus
2543 3875 2643 3928 nisi
2670 3874 2822 3929 solus
2847 3873 3004 3927 Deus.

2166 3943 2280 3999 Non
2314 3950 2364 3999 lit
2395 3946 2511 3999 solo
2560 3960 2695 4013 parte
2735 3944 2862 3999 vivit
2905 3946 3087 4011 homo,
3118 3941 3212 4000 sed
3254 3941 3308 3997 in
3337 3942 3483 3999 omni
3514 3944 3675 3999 verbo

2095 4016 2234 4084 quod
2266 4015 2500 4085 procedit
2525 4015 2592 4070 de
2621 4030 2714 4070 ore
2744 4015 2858 4069 Dei.

2166 4084 2282 4141 Non
2308 4096 2392 4156 est
2416 4101 2548 4156 opus
2577 4087 2722 4141 sanis
2742 4084 3002 4151 medicus,
3046 4085 3139 4140 sed
3167 4084 3321 4156 male
3340 4085 3668 4140 habentibus.

2168 4156 2278 4210 Nisi
2307 4155 2425 4229 quis
2451 4155 2667 4213 renatus
2691 4158 2848 4229 fuerit
2867 4172 2932 4229 ex
2962 4174 3095 4229 aqua
3124 4167 3178 4211 et
3198 4155 3408 4223 spiritu,
3441 4171 3546 4209 non
3575 4174 3671 4228 [m-

2096 4236 2203 4283 test
2233 4228 2454 4282 introire
2484 4231 2537 4282 in
2561 4243 2778 4298 regnum
2815 4227 2928 4282 Dei.

2165 4298 2334 4368 Nemo
2360 4308 2535 4368 potest
2557 4297 2762 4352 duobus
2792 4299 3022 4353 dominis
3052 4297 3271 4354 servire.

2164 4367 2280 4441 Non
2305 4367 2476 4438 potest
2507 4371 2667 4428 arbor
2693 4371 2828 4423 bona
2858 4369 3060 4423 fructus
3080 4370 3248 4425 malos
3270 4369 3465 4435 facere,
3496 4385 3674 4441 neque

2093 4439 2255 4494 arbor
2284 4441 2422 4494 mala
2451 4441 2652 4495 fructus
2680 4441 2847 4494 bonus
2879 4441 3074 4494 facere.

2172 4510 2398 4566 Necesse
2421 4521 2504 4566 est
2534 4519 2593 4566 ut
2623 4511 2828 4564 veniant
2855 4512 3126 4576 scandala,
3149 4526 3230 4566 vs:
3254 4520 3433 4569 autem
3473 4511 3675 4568 homini

2025 4573 2078 4635 D
2101 4579 2186 4652 illi
2207 4596 2299 4650 per
2323 4597 2480 4652 quem
2510 4582 2816 4635 scandalum
2841 4584 3002 4636 venit.

2172 4651 2286 4705 Non
2312 4664 2394 4707 est
2419 4654 2710 4722 discipulus
2732 4667 2891 4720 super
2919 4651 3250 4719 magistrum.

2171 4722 2312 4794 Nihil
2357 4734 2599 4793 opertum
2651 4724 2792 4794 quod
2833 4738 2937 4778 tioii
2978 4724 3276 4789 reveletur,
3323 4733 3374 4778 et
3409 4725 3675 4779 occultum

2100 4793 2242 4863 quod
2271 4809 2375 4848 non
2403 4795 2621 4849 sciatur.

2175 4863 2344 4919 Nemo
2374 4868 2586 4919 mittens
2626 4879 2839 4919 manum
2884 4879 3033 4920 suam
3062 4863 3127 4918 ad
3166 4873 3425 4930 aratrum,
3453 4873 3507 4920 et
3529 4861 3676 4932 aspi-

2102 4933 2249 4989 ciens
2278 4947 2440 5000 retro,
2471 4946 2625 5005 aptus
2653 4945 2737 4990 est
2761 4950 2925 5005 regno
2953 4936 3072 4990 Dei.

2174 5005 2252 5061 Ne
2275 5007 2450 5061 tardes
2478 5007 2715 5061 converti
2744 5007 2809 5059 ad
2838 5009 3136 5060 Dominuzu.

2177 5076 2290 5131 Non
2320 5085 2403 5132 est
2428 5079 2671 5144 speciosa
2698 5081 2809 5131 laus
2841 5080 2891 5130 in
2921 5093 3014 5131 ore
3040 5074 3354 5142 peccatoris.

2175 5149 2290 5201 ani
2334 5148 2599 5217 negligere
2637 5147 2972 5217 disciplinam
3003 5147 3232 5213 Domini,
3264 5159 3320 5201 et
3347 5162 3416 5202 ne
3443 5143 3680 5212 fatigeris

2101 5234 2224 5289 curn
2245 5219 2314 5272 ab
2337 5233 2403 5273 eo
2429 5219 2689 5289 argueris.

2175 5288 2294 5343 Noli
2340 5286 2562 5356 arguere
2597 5291 2917 5354 derisorem,
2967 5303 3035 5343 ne
3060 5286 3236 5344 oderit
3265 5297 3352 5353 te;
3386 5294 3547 5359 argue
3590 5301 3677 5341 sa-

2107 5358 2356 5428 pientem,
2378 5371 2432 5413 et
2449 5360 2631 5430 diliget
2647 5369 2718 5414 te.

2179 5430 2296 5485 Non
2326 5437 2409 5485 est
2450 5429 2611 5485 homo
2651 5429 2827 5502 justus
2864 5444 3025 5500 super
3049 5441 3270 5497 terram,
3310 5435 3401 5498 qui
3431 5429 3555 5486 facit
3579 5429 3681 5484 beo

2106 5517 2256 5565 nunt,
2286 5510 2341 5554 ct
2361 5515 2464 5556 non
2489 5513 2692 5569 peccet.

2176 5571 2328 5626 Novit
2351 5574 2527 5642 justus
2554 5578 2760 5627 animas
2782 5570 3143 5640 iumentorum
3195 5586 3435 5640 suorum,
3478 5570 3689 5626 viscera

2106 5653 2282 5697 autem
2305 5643 2588 5709 impiorum
2615 5645 2872 5697 crudelia.

2181 5716 2296 5769 Non
2326 5721 2631 5783 agnoscitur
2657 5717 2710 5769 in
2758 5714 2911 5769 bouis
2940 5715 3162 5780 amicus,
3196 5730 3293 5771 nec
3334 5710 3679 5768 absconditur

2108 5784 2159 5840 in
2183 5786 2335 5838 malis
2353 5783 2616 5839 inintiCos.

2179 5856 2288 5911 Nec.
2316 5871 2495 5910 eorum
2523 5870 2668 5913 casco
2692 5870 2857 5928 ponas
2882 5855 3281 5913 olicndiculum.
