4162 6212
572 389 714 444 1105

1032 380 1236 437 ΒΕὓιΕ
1278 377 1728 434 \‘ENERABILIS
1766 376 1920 433 OPP.
1963 374 2141 432 PARS
2181 378 2220 431 l.
2262 373 2458 432 SECT.
2486 375 2546 431 ll.
2579 404 2647 416 —
2677 376 2885 434 DUBIA
2929 377 3015 435 ΕΤ
3056 376 3327 437 SPURIA.

3685 375 3830 444 tto!

636 500 750 555 Non
795 497 907 552 vult
938 497 1073 552 Deus
1103 505 1327 550 mortem
1361 494 1678 565 peccatoris,
1707 493 1805 551 sed
1836 502 1893 548 ut
1923 508 2142 550 conver-
2170 496 2219 556 Α
2322 490 2395 545 Os
2417 492 2554 569 iusti
2569 491 2919 569 meditabitur
2933 493 3273 564 sapientiam,
3307 503 3363 552 et
3388 493 3569 569 lingua
3601 496 3718 568 eius
3743 504 3827 557 lo-

567 582 705 626 tatur
731 579 782 624 et
814 569 972 622 vivat.

637 640 778 694 Nihil
805 640 855 692 in
880 648 1019 693 terra
1050 636 1104 691 fit
1135 637 1249 691 sine
1279 649 1462 690 causa.

641 709 794 766 Novit
827 710 1081 764 Dominus
1101 708 1190 775 qui
1218 716 1345 762 sunt
1373 706 1510 774 ejus.

641 781 754 836 Non
781 780 954 834 solum
982 778 1058 832 rei
1089 774 1211 832 stmt
1240 779 1328 848 qui
1353 777 1552 830 faciunt
1582 775 1742 842 mala,
1777 774 1870 830 sed
1892 775 1981 847 qui
2010 789 2142 830 con-

568 852 802 907 sentiunt
827 850 1161 904 facientibus.

635 921 808 976 Nemo
829 920 1194 982 coronabitur,
1221 917 1319 971 nisi
1349 915 1439 982 qui
1468 915 1702 985 legitime
1730 917 2033 971 certaverit.

639 991 755 1047 Noli
785 990 973 1044 vincia
1007 991 1168 1052 malo,
1194 989 1288 1042 sed
1322 989 1471 1042 vince
1501 990 1553 1042 in
1579 987 1718 1041 bono
1744 987 1961 1040 malum.

639 1061 816 1117 Nolite
857 1059 1076 1130 diligere
1099 1059 1377 1124 mundum,
1404 1073 1575 1130 neque
1611 1072 1674 1112 ea
1703 1073 1821 1128 quae
1865 1058 1915 1111 in
1949 1056 2146 1112 mundo

565 1142 707 1187 ιιιιιι.

639 1201 813 1258 Nolite
837 1199 1014 1254 mirari
1038 1201 1081 1253 si
1103 1199 1214 1254 odit
1235 1211 1331 1252 vos
1359 1197 1609 1253 mundus.

639 1271 810 1329 Nemo
840 1274 979 1340 quod
1029 1286 1180 1325 suum
1211 1279 1294 1325 est
1319 1278 1543 1338 quierat,
1600 1266 1692 1324 scd
1745 1267 1888 1338 quod
1930 1267 2147 1323 alterius

569 1344 958 1398 tantummodo.

641 1413 755 1468 Non
787 1413 1071 1482 diligamus
1102 1411 1266 1466 verbo
1295 1425 1467 1480 neque
1514 1407 1712 1478 lingua,
1763 1409 1856 1464 sed
1887 1424 2051 1480 opere
2096 1418 2152 1464 et

567 1485 808 1539 veritate.

639 1553 752 1608 Non
781 1561 862 1607 est
893 1566 1240 1622 personarum
1269 1559 1517 1617 acceptor
1547 1549 1725 1622 Deus,
1754 1549 1844 1603 sed
1904 1551 1953 1604 in
2005 1551 2149 1606 omni

569 1632 729 1690 gente
773 1623 860 1693 qui
895 1618 1051 1678 timet
1087 1624 1284 1688 Deum,
1330 1633 1382 1675 et
1424 1631 1676 1690 operatur
1706 1618 1965 1689 justitiam
1990 1661 2004 1686 ,
2061 1635 2150 1675 aco

554 1703 753 1760 ceptus
785 1704 866 1748 est
894 1695 990 1748 illi.

641 1763 780 1818 Nihil
810 1763 1068 1820 infelicius
1098 1761 1351 1816 felicitate
1384 1762 1736 1830 peccantium.

639 1833 825 1888 Nitens
853 1836 989 1889 cutis
1018 1833 1285 1887 sordidum
1318 1831 1644 1885 demonstrat
1676 1832 1937 1886 animum.

641 1903 754 1958 Non
779 1915 857 1958 est
879 1919 1062 1958 secura
1096 1905 1272 1958 Lrtitia
1304 1902 1355 1955 in
1397 1903 1590 1955 divinis
1615 1903 1817 1972 paginis
1857 1903 2021 1956 multa
2052 1915 2142 1956 co-

570 1989 849 2042 gnoscere,
873 1974 964 2028 sed
992 1973 1199 2041 cognita
1230 1973 1520 2026 custodire.

644 2044 810 2100 Nosse
837 2057 888 2101 et
918 2059 1072 2112 posse
1095 2045 1227 2097 bona
1258 2043 1400 2110 prius
1430 2041 1692 2111 incognita
1721 2041 2142 2112 atqueimpossi-

569 2113 717 2180 bilis,
745 2114 1074 2170 demonstrat
1099 2115 1280 2181 gratia:
1311 2127 1557 2182 superum
1579 2114 1735 2168 dona.

569 2255 590 2308 τ
641 2185 723 2267 Nil
745 2193 827 2240 est
849 2197 954 2240 tam
986 2183 1136 2239 facile
1156 2185 1296 2255 quod
1328 2198 1433 2237 non
1468 2186 1554 2237 liat
1586 2183 1826 2250 dil’licile,
1872 2183 1918 2238 si
1949 2183 2146 2238 invitus

589 2271 750 2308 aetas.

589 2271 750 2310 aCllS.

644 2327 810 2381 Nemo
841 2325 892 2379 in
915 2324 1072 2379 alium
1100 2325 1401 2395 priusquam
1431 2325 1482 2379 in
1515 2339 1572 2378 se
1595 2325 1764 2394 ipsum
1797 2332 2000 2393 peccat.

639 2395 915 2463 Nunquam
950 2396 1085 2449 Deus
1115 2408 1346 2451 mentem
1386 2395 1608 2461 deserit,
1638 2410 1756 2464 quae
1797 2405 2013 2465 pcccata
2051 2410 2142 2448 sua

567 2467 828 2522 veraciter
856 2468 1111 2535 agnoscit.

640 2536 822 2592 Nescit
848 2534 980 2606 pene
1011 2537 1133 2604 quid
1165 2536 1315 2592 labor
1338 2536 1427 2598 sit.
1461 2536 1549 2605 qui
1581 2549 1848 2604 nunquam
1879 2534 2019 2590 circa
2038 2536 2140 2604 spi-

568 2607 788 2662 rituales
813 2608 1072 2676 nequitias
1101 2619 1305 2660 certare
1330 2607 1551 2662 studuit.

643 2674 968 2746 Negligcnita
1000 2684 1052 2732 et
1075 2677 1317 2731 Otiositas
1345 2677 1617 2732 hominem
1661 2674 1880 2730 trahunt
1916 2675 1983 2730 ad
2014 2675 2146 2730 inte-

569 2749 752 2803 ritum.

643 2817 754 2874 Nisi
783 2817 901 2884 quis
921 2816 972 2872 in
1009 2816 1108 2873 lldc
1130 2827 1182 2872 et
1201 2832 1296 2887 spe
1319 2817 1566 2874 fundatus
1589 2815 1851 2884 fuerit,ad
1872 2815 2147 2872 charitatis

569 2903 712 2943 verte
743 2890 940 2942 cultum
969 2903 1070 2942 non
1102 2889 1359 2942 aSCendit.

643 2959 779 3013 Nulli
807 2959 887 3014 vel
920 2963 1060 3013 male
1077 2960 1159 3012 vel
1184 2961 1318 3013 bene
1344 2957 1602 3026 contingit
1631 2967 1848 3026 propter
1863 2972 1922 3012 se
1947 2957 2144 3023 solum,

575 3029 670 3086 sed
686 3039 743 3084 ut
761 3030 918 3083 simul
942 3030 1029 3084 alii
1044 3033 1378 3100 corrigantur
1401 3029 1856 3100 aut'consolentur
1870 3027 2142 3100 perillum.

645 3100 890 3168 Nequitia
918 3100 1115 3153 diaboli
1142 3098 1315 3168 qualis
1347 3104 1398 3154 in
1424 3101 1524 3154 Joh
1575 3099 1735 3152 fuisse
1785 3098 1997 3167 legitur,
2029 3100 2147 3152 talis

575 3171 629 3226 in
651 3185 838 3226 onmes
856 3170 1094 3224 homines
1115 3173 1236 3236 erit,
1265 3171 1308 3224 si
1335 3179 1535 3225 tantum
1562 3170 1914 3236 permittatur.

645 3241 812 3296 Nemo
857 3241 909 3294 iu
959 3241 1192 3294 Ecclesia
1221 3242 1447 3310 amplius
1479 3250 1656 3305 uocet,
1695 3255 1852 3308 quam
1885 3238 1976 3308 qui
2029 3254 2148 3308 per-

574 3327 727 3367 verse
754 3325 917 3380 agens
945 3310 1177 3380 regimen
1203 3319 1366 3366 tenet.

645 3380 760 3436 Non
785 3378 1066 3435 multitudo
1097 3391 1456 3446 peceatorum,
1482 3381 1576 3435 sed
1606 3380 1850 3448 impietas
1879 3378 2148 3434 hominem

570 3453 717 3509 ducit
741 3453 807 3505 ad
839 3452 1285 3520 desperationem.

642 3523 759 3578 Non
785 3533 866 3576 est
890 3519 948 3576 in
969 3522 1196 3576 hominis
1229 3532 1487 3590 potestate
1510 3519 1610 3574 vita
1644 3519 1804 3575 illius.

643 3592 728 3649 Nil
751 3592 999 3663 cuiquam
1028 3594 1253 3659 proderit
1283 3596 1530 3647 :estimari
1549 3603 1784 3661 sanctus,
1801 3606 1921 3646 cum
1939 3603 2042 3645 non
2059 3591 2148 3646 sit.

643 3665 724 3718 Nil
752 3677 899 3731 petas
929 3666 1386 3732 quod.negaturus
1411 3677 1488 3717 es.

645 3729 812 3789 Nimis
840 3729 1068 3788 dolenda
1101 3729 1462 3800 praesumptio,
1508 3732 1646 3800 quod
1691 3746 1754 3787 ea
1800 3732 1937 3786 mala
1977 3729 2151 3787 facere

576 3814 908 3878 prrestttnunt
935 3803 1247 3878 tlltristiani,
1280 3819 1398 3878 quae
1418 3811 1764 3857 exsecrantur
1796 3803 2006 3871 pagani.

646 3875 778 3930 Nam
822 3874 1104 3929 Christiani
1139 3875 1230 3929 Dei
1268 3874 1350 3927 sui
1380 3885 1787 3942 sanctorumque
1814 3889 2030 3926 suorum
2059 3873 2152 3928 de-

571 3955 786 4001 struunt
825 3945 1186 4011 monasteria,
1234 3945 1417 4014 pagani
1463 3957 1640 3999 autem
1686 3959 1781 3998 sua
1830 3955 2151 3999 venerantur

571 4017 731 4072 idola.

646 4087 758 4141 Nion
785 4087 929 4140 vivas
958 4085 1114 4140 aliter
1143 4085 1194 4139 in
1227 4084 1532 4152 solitudine,
1563 4085 1717 4139 aliter
1748 4086 1800 4140 in
1828 4085 1958 4138 foro.

647 4157 727 4212 Nil
755 4161 892 4212 scire
923 4159 1006 4210 vel
1033 4172 1241 4219 curare,
1278 4156 1378 4210 hoc
1407 4167 1487 4209 est
1519 4169 1786 4209 mortuum
1817 4157 2011 4208 vivere.

641 4229 811 4295 Negat
829 4227 928 4281 sibi
960 4227 1090 4297 ipst-,
1125 4229 1248 4295 quid
1272 4227 1410 4297 quod
1432 4226 1647 4280 diflieite
1672 4237 1751 4279 est
1785 4227 1931 4294 petit.

645 4298 786 4353 Nulli
808 4301 1050 4365 imponas
1077 4299 1218 4365 quod
1251 4297 1360 4364 ipse
1393 4298 1497 4366 pati
1531 4314 1633 4350 non
1663 4311 1855 4364 possm.

645 4368 810 4424 Nemo
826 4370 1173 4436 periculosius
1188 4378 1368 4438 peccat
1383 4365 1539 4436 quam
1554 4383 1640 4436 qui
1657 4377 1871 4435 peccata
1887 4365 2147 4423 defendit.

648 4440 816 4495 Nemo
850 4440 1041 4492 nobilis
1062 4439 1162 4491 nisi
1185 4455 1339 4506 quem
1372 4439 1612 4491 nobilitat
1645 4438 1829 4491 virtus.

648 4509 760 4565 Nisi
791 4509 908 4578 quis
931 4510 1171 4579 timorem
1218 4523 1561 4576 amoremque
1589 4507 1678 4561 Dei
1710 4515 1833 4562 ante
1863 4523 1920 4564 se
1953 4506 2150 4579 jngiter

577 4587 760 4652 ponat,
783 4577 894 4634 cito
917 4579 970 4633 in
996 4577 1210 4652 aliquod
1230 4588 1512 4652 peccatum
1541 4579 1750 4632 labitur.

647 4651 815 4707 Nemo
830 4664 888 4706 se
908 4648 1038 4706 satis
1069 4648 1242 4703 metiri
1270 4650 1541 4718 praevalet,
1586 4651 1683 4702 nisi
1717 4649 1939 4704 alterum
1971 4651 2146 4704 consi-

573 4725 743 4778 deret.

647 4792 729 4847 Nil
776 4805 1022 4862 magnum
1067 4797 1150 4844 est
1195 4786 1249 4843 in
1289 4789 1444 4844 rebus
1493 4787 1738 4843 humanis
1788 4787 1887 4843 nisi
1938 4791 2149 4846 animus

576 4877 763 4933 magna
788 4863 1104 4933 despiciens.

647 4931 762 4988 Non
791 4931 951 4988 homo
979 4947 1083 4986 non
1114 4945 1299 5000 aurum
1334 4938 1582 5000 poterunt
1623 4931 1749 4983 dare
1771 4944 1994 5000 qumque
2027 4931 2149 4985 bea-

580 5018 711 5070 tum,
738 5005 833 5058 sed
865 5005 1060 5057 virtute
1091 4999 1182 5055 Dei
1211 4999 1454 5054 consistit
1479 5001 1580 5054 vita
1614 5002 1772 5055 beati.

649 5077 731 5130 Nil
760 5082 979 5144 peccant
1003 5072 1165 5144 oculi,
1192 5073 1234 5124 si
1266 5085 1429 5144 mens
1447 5072 1569 5144 velit
1593 5070 1675 5125 his
1705 5071 1989 5144 dominari.

647 5141 774 5200 Non'
791 5145 981 5216 poterit
1009 5141 1111 5196 dici
1141 5157 1298 5212 quam
1327 5141 1486 5216 multa
1518 5142 1587 5196 sit
1612 5156 1698 5196 ars
1729 5141 1951 5197 inimici.

649 5216 731 5270 Nil
757 5213 943 5270 credas
970 5223 1169 5279 actum,
1191 5227 1312 5265 cum
1355 5213 1638 5282 quidquam
1671 5223 1834 5267 restat
1863 5214 2148 5280 agendum.

647 5286 730 5340 Nil
760 5288 972 5354 prodest
992 5283 1241 5337 didicisse
1270 5282 1493 5347 bonum,
1519 5283 1618 5336 nisi
1647 5282 1836 5338 feceris
1858 5283 2006 5339 illud.

651 5355 728 5410 Ne
750 5357 959 5410 tardare
987 5356 1136 5415 velis.
1175 5368 1216 5406 si
1245 5369 1401 5422 quem
1423 5363 1738 5409 convertere
1766 5358 1956 5423 possis.

655 5424 768 5479 Non
809 5433 894 5478 est
918 5425 1078 5479 multa
1108 5425 1284 5479 sciens
1325 5423 1634 5486 laudandus,
1663 5423 1753 5477 sed
1785 5427 1918 5479 bene
1942 5426 2150 5480 vivens.

654 5495 810 5550 Nisus
838 5499 1117 5550 stultorqu
1148 5509 1241 5565 par
1263 5509 1474 5562 semper
1496 5505 1638 5550 amat
1665 5499 1955 5554 sociorum.

1355 5626 1401 5682 0

652 5763 802 5818 Oculi
839 5763 1043 5819 Domini
1074 5775 1237 5832 super
1263 5762 1457 5832 justas,
1483 5771 1538 5818 et
1563 5777 1724 5821 aures
1751 5763 1868 5834 ejus
1896 5765 1945 5822 in
1975 5781 2160 5836 preces

579 5849 784 5891 COI'UIII.

2249 571 2442 630 quetttr
2465 562 2743 630 judicium.

2249 700 2278 755 ἠ
2318 634 2634 755 υέρὲετγειῄι
2664 644 2910 703 peccator
2929 634 3153 705 justum,
3174 645 3227 691 et
3256 636 3500 692 stridebit
3528 654 3689 709 super
3706 656 3832 697 eum

2285 717 2350 755 en
2381 718 2391 752 l
2438 718 2496 755 us
2523 718 2655 755 suis.

2285 711 2496 757 entibus
2523 711 2655 758 suis.

2252 841 2264 852 .
2318 774 2868 852 Omniaquaacunque
2894 776 3359 852 voluit_Dotninus_
3383 777 3500 833 fecit
3530 781 3582 835 in
3610 784 3756 837 celo
3779 794 3835 839 et

2249 845 2302 896 in
2324 851 2493 917 terra,
2520 845 2570 898 in
2595 845 2728 898 mari
2758 855 2813 917 et
2840 846 2889 898 in
2915 847 3162 902 omnibus
3183 849 3411 917 ahyssis.

2317 910 2488 983 Omne
2512 929 2731 983 regnum
2760 915 2812 968 in
2846 917 3022 982 seipso
3052 910 3278 972 divisum
3308 919 3667 975 desolabitur.

2316 981 2510 1060 Omnis
2533 981 2783 1050 plantatio
2797 981 2953 1056 quam
2973 1003 3078 1041 non
3105 988 3359 1058 plantabit
3384 989 3541 1044 Pater
3563 993 3827 1060 caelestis,

2247 1053 2625 1110 eradicaliitur.

2319 1123 2507 1198 Omnis
2536 1127 2631 1198 qni
2655 1123 2780 1198 facit
2808 1137 3104 1195 peccatum.
3132 1143 3320 1183 servus
3348 1138 3430 1184 est
3462 1139 3688 1198 peccati.

2319 1193 2502 1269 Omnis
2547 1193 3052 1269 quipetit‘accipit,
3082 1208 3135 1251 et
3179 1202 3267 1269 qui
3301 1193 3488 1269 quatri't
3518 1200 3742 1268 invenit,
3775 1211 3832 1258 et

2252 1264 2480 1334 pulsanti
2509 1266 2798 1333 aperietur.

2277 1403 2285 1414 _
2319 1335 2505 1414 Omnis
2525 1336 2614 1414 qui
2647 1351 2706 1390 se
2737 1337 2934 1392 exaltat
2963 1336 3347 1404 bumiliabitur,
3372 1349 3424 1394 ct
3453 1340 3545 1411 qui
3575 1357 3634 1397 se
3657 1342 3835 1398 humi.

2251 1404 2344 1458 liat
2372 1405 2712 1460 exaltabitur.

2329 1474 2705 1548 Oninisarbor
2726 1492 2844 1544 qua:
2873 1493 2974 1531 non
3015 1478 3140 1534 facit
3169 1478 3400 1535 fructum
3431 1480 3653 1548 bonum,
3679 1483 3832 1542 esci-

2253 1544 2406 1599 detnr
2436 1555 2488 1598 et
2519 1546 2570 1599 in
2594 1546 2764 1615 ignem
2789 1548 3049 1603 mittetur.

2323 1615 2478 1691 Omni
2508 1617 2724 1691 habenti
2765 1619 2993 1691 dabitur,
3028 1621 3094 1674 ab
3122 1636 3187 1675 eo
3211 1630 3386 1676 autem
3416 1622 3502 1691 qui
3534 1637 3641 1679 non
3675 1624 3836 1679 habet

2252 1695 2304 1740 et
2332 1687 2471 1752 quod
2505 1688 2663 1741 habet
2685 1689 2958 1742 auferetur
2979 1693 3047 1744 ah
3067 1707 3155 1745 ea.

2322 1756 2493 1828 Omne
2521 1768 2795 1824 peccatum
2828 1771 2879 1812 et
2909 1761 3236 1828 blasphemia
3273 1763 3573 1818 remittetur
3603 1763 3836 1821 homini-

2179 1849 2222 1907 Β
2254 1826 2372 1907 bus,
2397 1827 2623 1907 spiritus
2655 1841 2830 1882 autem
2865 1826 3191 1907 blasphemia
3223 1849 3324 1887 non
3345 1837 3680 1907 remittetur.

2318 1897 2482 1950 Ora;e
2505 1913 2570 1951 tte
2603 1897 2720 1966 fuga
2752 1908 2925 1953 vestra
2952 1897 3039 1954 tiat
3071 1901 3245 1956 hieme
3278 1905 3356 1958 vel
3381 1905 3636 1960 Sabbato.

2317 1966 2507 2019 Omnia
2540 1969 2811 2032 possibilia
2843 1981 2967 2024 sunt
2999 1974 3258 2026 credenti.

2251 2115 2268 2159 ι
2317 2036 2746 2162 ἓιιᾶῃίιεῗιρυιέ
2771 2041 2997 2097 benedic
3028 2041 3215 2109 Deum,
3245 2052 3300 2098 et
3327 2053 3448 2114 pete
3468 2045 3535 2100 ab
3554 2059 3619 2101 eo
3640 2055 3698 2099 ut
3719 2045 3832 2101 vias

2274 2123 2331 2160 ua
2433 2124 2558 2162 irtaa
2591 2146 2602 2159 .

2318 2124 2366 2160 is
2393 2124 2491 2161 uiri
2534 2124 2602 2162 at.

2318 2124 2744 2299 υιιιᾶιὶἷυειοάίιι
2783 2194 2938 2236 serva
2978 2197 3073 2238 cor
3115 2194 3282 2251 tuum,
3326 2187 3447 2255 quia
3489 2202 3552 2242 ex
3585 2187 3704 2256 ipso
3724 2190 3832 2243 vita

2318 2261 2404 2299 DCC
2447 2264 2456 2299 I
2490 2287 2503 2299 .

2270 2263 2503 2302 ›ι·ο‹;ευιι.

2270 2261 2503 2302 πορεαιι.

2250 2263 2264 2317 ι
2318 2321 2477 2394 Omni
2496 2320 2711 2390 negotio
2741 2327 2952 2390 tempus
2973 2333 3074 2394 est,
3106 2333 3161 2379 et
3185 2326 3574 2394 Opportunitas.

2249 2390 2514 2512 mbOmuia
2543 2393 2623 2443 tae
2653 2405 2773 2445 cum
2796 2393 3042 2460 consilio,
3084 2403 3138 2450 et
3161 2390 3280 2467 post
3305 2395 3500 2451 factum
3525 2415 3630 2454 non
3659 2400 3834 2471 pcul-

2343 2474 2407 2511 is.

2343 2474 2407 2511 ις.

2318 2529 2503 2584 Omnis
2523 2531 2782 2600 sapientia
2811 2547 2840 2586 a
2873 2533 3099 2590 Domino
3131 2536 3240 2591 Deo
3270 2544 3371 2603 est,
3390 2547 3442 2593 et
3471 2553 3591 2594 cum
3623 2539 3716 2594 illo
3735 2540 3835 2595 fuit

2245 2612 2473 2665 setttper.

2321 2671 2512 2752 Odium
2560 2670 2785 2727 suscitat
2826 2673 2998 2741 rixas,
3042 2684 3096 2731 et
3135 2677 3384 2732 universa
3422 2678 3616 2736 delicta
3658 2685 3834 2752 operit

2247 2738 2495 2795 Charitas.

2319 2811 2506 2888 Omnia
2533 2820 2788 2888 operatur
2815 2829 2950 2869 unus
2979 2825 3138 2887 atque
3163 2817 3302 2871 idem
3326 2819 3564 2888 spiritus,
3591 2822 3835 2878 dividens

2247 2880 2470 2946 singulis
2495 2892 2650 2950 prout
2679 2886 2809 2938 vult.

2320 2954 2865 3029 Omnequodcuuqne
2909 2957 3078 3011 facitis
3125 2959 3175 3011 in
3217 2959 3378 3013 verbo
3406 2971 3498 3014 aut
3544 2962 3597 3015 in
3645 2979 3830 3029 opere.

2249 3023 2426 3101 omnia
2457 3025 2508 3101 in
2541 3026 2756 3101 nomine
2783 3023 2989 3080 Domini
3020 3029 3146 3083 .Iesu
3171 3068 3186 3093 ,
3229 3035 3427 3101 gratias
3467 3023 3694 3100 agentes
3718 3023 3831 3089 Deo

2249 3099 2303 3145 et
2335 3091 2474 3162 l'atri
2509 3108 2602 3162 per
2633 3096 2823 3160 ipsum.

2175 3199 2221 3262 ϐ
2321 3161 2520 3243 Omnes
2551 3166 2826 3244 unanimes
2859 3169 2907 3221 in
2930 3169 3172 3222 oratione
3203 3180 3393 3236 estote,
3419 3175 3835 3241 compatientes,

2253 3231 2596 3285 fraternitatis
2636 3249 2937 3285 alitalm'es-
2983 3241 3352 3285 misericordis;
3435 3246 3660 3285 mmlpeti
3737 3246 3835 3285 lm.

2302 3236 2596 3354 alteruitatis
2636 3249 2938 3305 amatores,
2983 3241 3388 3312 misericordes,
3435 3236 3697 3309 modesti,
3737 3236 3838 3298 hu;

2309 3317 2420 3354 tes.

2252 3317 2420 3356 mites.

2281 3443 2291 3454 ν
2320 3375 2490 3455 Omne
2518 3378 2776 3455 gaudium
2804 3376 3104 3436 existimate
3149 3397 3273 3436 cum
3309 3383 3362 3438 in
3394 3387 3717 3442 tentationes
3743 3401 3835 3440 va-

2251 3450 2358 3497 rias
2391 3450 2704 3505 incidentis.

2322 3512 2506 3586 Onniis
2537 3519 2622 3585 qui
2653 3517 2763 3572 odit
2787 3518 3001 3575 fratrem
3031 3534 3208 3586 suum,
3240 3523 3504 3579 homicida
3526 3538 3629 3580 est.

2321 3581 2780 3662 Qbedire'oportet
2811 3589 2919 3662 Deo
2949 3593 3113 3660 magis
3135 3581 3292 3662 quam
3325 3597 3650 3650 hominibus.

2319 3653 2488 3708 Omne
2514 3653 2694 3711 datum
2719 3660 3000 3733 optimum,
3037 3653 3102 3716 'et
3122 3653 3280 3717 o'mne
3308 3665 3508 3720 donum
3539 3669 3834 3733 perfectum

2250 3722 2528 3780 desursmn
2560 3737 2664 3794 est,
2696 3722 3027 3785 descendetis
3051 3747 3080 3785 a
3108 3733 3260 3788 Patre
3291 3722 3570 3790 lmuiuuni.

2329 3799 2526 3850 Oculus
2553 3813 2660 3852 non
2689 3799 2841 3863 vidit,
2875 3817 2927 3856 et
2956 3817 3100 3856 auris
3128 3820 3231 3856 non
3259 3806 3481 3868 audivit,
3528 3823 3628 3861 nec
3658 3809 3709 3861 in
3738 3825 3834 3863 cor

2557 3871 2798 3924 ascendit
2849 3886 2968 3942 quae
3043 3877 3360 3943 praeparavit
3409 3863 3550 3933 Deus
3599 3880 3831 3951 diligen-

2277 3951 2392 3990 IDUS
2419 3953 2498 3992 80.

2322 4005 2509 4084 Omnia
2528 4009 2732 4084 munda
2759 4012 2991 4081 mundis,
3039 4013 3396 4084 coinquinatis
3423 4028 3597 4075 autem
3616 4029 3673 4076 et
3708 4021 3829 4076 inli-

2251 4075 2458 4130 delibus
2489 4081 2613 4133 nihil
2634 4096 2709 4135 erit
2733 4075 3013 4137 mundum.

2322 4147 2508 4222 Omnia
2538 4152 2721 4213 licent,
2744 4158 2834 4206 sed
2868 4169 2970 4206 ntm
2995 4154 3171 4208 omnia
3195 4158 3506 4222 expediunt.

2321 4217 2507 4288 Omnis
2531 4222 2821 4276 inﬁdelium
2851 4226 2954 4276 vita
2987 4217 3384 4288 peccatuni'est.

2322 4287 2574 4344 Otiositas
2593 4295 2800 4346 inimica
2821 4307 2902 4346 est
2932 4287 3144 4350 tritinia).

2325 4357 2512 4412 Omnis
2538 4361 2654 4415 dies
2683 4365 2830 4417 velut
2851 4365 3068 4418 ultimus
3100 4368 3407 4423 tractandus
3425 4381 3527 4425 est.

2323 4429 2564 4513 Otiosum
2621 4436 2867 4513 verbum.
2891 4447 2992 4495 est,
3019 4436 3162 4502 quod
3185 4452 3277 4513 aut
3323 4442 3705 4513 rationejttsta
3737 4464 3832 4506 ne-

2251 4503 2537 4574 cessitatis,
2566 4511 2656 4556 aut
2685 4503 2974 4559 intentione
3000 4523 3098 4574 pta:
3127 4508 3365 4563 utilitatis
3391 4503 3559 4569 caret:

2321 4571 2641 4649 Obsequium
2671 4577 2892 4649 amicos,
2923 4571 3118 4630 veritas
3145 4580 3322 4633 odium
3347 4585 3505 4649 parit.

2322 4641 2642 4717 Occasiones
2669 4645 2858 4699 deesse
2887 4662 2993 4700 non
3025 4659 3246 4714 possunt
3269 4641 3542 4717 perituris.

2305 4710 2547 4797 .Omn‘ino
2572 4723 2733 4780 errat,
2773 4718 2860 4785 qui
2894 4732 2986 4786 per
3016 4710 3203 4788 pacem
3234 4710 3289 4773 εἰ
3315 4723 3482 4777 otium
3524 4740 3584 4780 se
3614 4729 3830 4797 assequi

2251 4781 2574 4850 lt‘imnphum
2601 4797 2764 4851 putat.

2319 4853 2503 4935 Omnis
2526 4856 2701 4935 divina
2747 4859 3020 4924 percussio
3039 4867 3130 4911 aut
3159 4861 3400 4935 purgatio
3429 4873 3512 4918 est
3534 4866 3656 4920 vite
3689 4884 3830 4935 pr:-

2252 4927 2554 4998 sen‘tis,gaut
2584 4927 2790 4979 initiutn
2817 4943 2986 4994 pinna:
3011 4927 3304 4998 sequentis.

2323 4992 2572 5066 Oratione
2597 4992 2844 5051 continua
2869 4992 3188 5066 superantur
3220 5002 3365 5056 vitia.

2317 5061 2493 5185 apere
2521 5066 2705 5120 melius
2729 5085 2884 5137 quam
2918 5061 3090 5124 verbis
3125 5071 3260 5125 Deus
3282 5074 3525 5132 laudatur
3549 5085 3600 5132 et
3631 5081 3828 5149 pradi-

2251 5146 2420 5188 εειυτ.

2325 5203 2481 5286 Oculi
2494 5207 2797 5286 petulantes
2828 5209 3007 5264 cordis
3037 5209 3294 5267 luxuriosi
3321 5224 3473 5286 psunt
3499 5219 3826 5286 proditores.

2323 5274 2554 5357 Occulta:
2581 5288 2635 5330 et
2669 5280 2861 5349 jngiter
2889 5284 3420 5357 perpetrateculpm
3452 5274 3831 5357 ni'ereutur,‘ut

2255 5356 2407 5412 reges
2430 5355 2773 5414 pastoresque
2804 5354 3032 5415 perversi
3061 5354 3470 5410 constituantur.

2324 5417 2512 5537 Omnlia
2544 5420 2665 5473 lidei
2696 5433 3004 5491 argumenta
3030 5437 3058 5474 a
3089 5423 3370 5491 praeit-ritis
3396 5427 3557 5483 rebus
3598 5441 3721 5483 sunt
3745 5447 3828 5486 as.

2324 5499 2459 5537 ment
2483 5503 2532 5537 a.

2254 5498 2532 5541 sumenda.

2328 5556 2500 5631 Omne
2527 5563 2664 5627 quod
2695 5570 2775 5615 est
2801 5559 3024 5631 justum,
3053 5565 3244 5618 merito
3274 5565 3379 5622 dici
3403 5568 3541 5622 valet
3571 5585 3759 5627 unum.

2330 5629 2595 5683 Orandutu
2623 5629 2857 5699 semper,
2889 5650 2954 5686 ne
2973 5636 3286 5688 sedncatnur
3312 5641 3380 5688 ab
3406 5637 3579 5694 hoste.

2330 5698 2486 5771 Omni
2517 5698 3025 5771 pratlatosubjectus
3047 5705 3120 5756 sis
3149 5705 3298 5771 quasi
3327 5707 3558 5765 tLhristo.

2331 5768 2376 5844 ρ
2403 5770 2613 5844 quantis
2639 5773 2782 5826 curis
2804 5768 2954 5827 tuens
2982 5768 3180 5844 indiget
3207 5778 3452 5832 omnibus
3483 5784 3650 5835 horia.

2333 5837 2406 5894 Oa
2432 5842 2570 5910 quod
2600 5844 2868 5912 incutitur,
2895 5837 3122 5899 animum
3142 5845 3385 5918 jugulare
3407 5847 3656 5908 refertur.
