4162 6212
365 394 504 468 1105

1145 517 1182 571 1⁵

446 645 616 716 Prope
638 656 723 702 est
768 648 1020 703 Dominus
1044 648 1292 704 omnibus
1319 646 1688 703 invocantibus
1719 661 1840 703 eum
1893 647 1944 700 in

376 718 622 772 veritate.

411 785 689 867 .Pretiosa
757 789 808 845 in
857 797 1143 858 conspectu
1190 786 1400 843 Domini
1453 802 1597 843 mors
1640 797 1945 844 sanctorum

373 869 510 921 eius.

451 926 680 983 Prohibe
707 928 938 998 linguam
969 938 1111 983 tuam
1141 943 1170 983 a
1214 928 1376 993 malo,
1405 936 1460 983 et
1489 925 1623 982 labia
1656 938 1742 983 tua
1773 941 1841 982 ue
1870 927 1949 982 lo-

377 1008 605 1066 quantur
633 1000 834 1056 dolum.

453 1068 708 1139 Patientia
742 1084 1028 1136 pauperum
1056 1084 1160 1123 non
1191 1069 1377 1139 peribit
1405 1068 1457 1123 in
1487 1069 1666 1124 linem.

454 1138 644 1210 Petite,
693 1148 748 1194 et
795 1141 1006 1193 dabitur
1028 1137 1214 1210 vobis;
1256 1139 1496 1210 quaerite,
1529 1147 1584 1194 et
1629 1137 1948 1204 invenietis;

381 1209 601 1275 pulsate,
630 1219 684 1262 et
712 1211 980 1278 aperietur
1005 1209 1178 1264 vobis.

453 1278 722 1334 Perfectus
748 1277 920 1334 omnis
945 1281 1066 1344 erit,
1097 1281 1142 1334 si
1171 1283 1241 1334 sit
1266 1280 1403 1334 sicut
1431 1279 1682 1346 magister
1705 1277 1844 1348 ejus.

455 1348 648 1471 Po't'ens
707 1358 789 1405 est
847 1349 985 1406 Deus
1043 1350 1110 1405 de
1172 1350 1431 1420 lapidibus
1493 1347 1752 1405 suscitare
1815 1347 1954 1404 filios

455 1435 519 1471 ira
564 1435 627 1471 CB.

380 1420 627 1473 Abrabze.

456 1491 678 1545 Percute
721 1489 886 1545 filium
936 1498 1084 1545 tuum
1133 1491 1296 1561 virga,
1345 1499 1399 1546 et
1446 1488 1697 1545 liberabis
1726 1487 1953 1544 animam

378 1574 497 1628 ejus
521 1574 548 1611 a
581 1570 770 1615 morte.

456 1629 579 1684 Plus
627 1630 838 1698 proﬁcit
884 1632 1151 1699 correptio
1198 1632 1334 1698 apud
1392 1630 1704 1700 prudentem
1733 1675 1746 1700 ,
1797 1643 1955 1699 quam

380 1710 594 1769 centum
628 1701 790 1769 plaga:
817 1701 954 1769 apud
983 1704 1224 1758 stultnrn.

455 1768 696 1839 Perversi
731 1768 942 1826 difficile
970 1775 1330 1839 corriguntur.

1577 405 2113 462 PBOVERBIORUM
2160 405 2381 460 LIBER.

1975 517 2023 578 Α
2121 513 2247 635 illus
2288 520 2412 568 sunt
2455 510 2704 566 laudandi
2752 509 3145 566 benefacientes
3195 524 3352 580 quam
3401 510 3622 565 benedi-

2048 599 2142 635 ce"
2171 597 2248 635 es.

2048 597 2248 638 centes.

3480 399 3619 454 H06

2120 653 2348 707 Pecunia
2397 660 2522 707 tunc
2565 651 2623 704 lit
2668 650 2956 721 pretiosa,
2985 666 3106 706 cum
3155 664 3250 721 pro
3300 649 3392 706 Dei
3438 664 3627 706 amore

2050 726 2302 776 translata
2331 723 2382 776 in
2414 723 2546 775 alios
2572 721 2763 776 desinit
2791 719 3067 788 possideri.

2122 791 2339 846 Plurimi
2366 790 2662 858 infamiam,
2693 793 2843 861 pauci
2872 806 2997 847 vero
3021 799 3273 848 verentur
3293 800 3474 847 reatus
3491 802 3624 845 con-

2049 864 2348 918 scientiam.

2124 934 2312 986 Pacem
2339 947 2457 986 cum
2488 930 2787 986 hominibus
2815 931 3030 996 habeas,
3076 930 3271 988 bellum
3303 946 3421 988 cum
3451 930 3618 986 vitiis.

2125 1001 2370 1056 Pecunia:
2402 1004 2661 1070 imperare
2691 1014 2920 1070 oportet,
2952 1018 3057 1057 non
3088 1005 3307 1058 servire.

2127 1072 2418 1143 Paupertas
2445 1073 2635 1143 anim-se
2663 1073 2832 1143 major
2859 1088 3015 1142 quam
3040 1074 3277 1143 corporis
3306 1082 3514 1128 exstat.

2127 1142 2357 1213 Percans
2387 1142 2621 1213 quotidie
2648 1141 2861 1196 studeat
2890 1157 3011 1197 mox
3049 1159 3108 1197 se
3138 1141 3412 1213 reparare.

2126 1211 2398 1266 Perfectus
2427 1211 2577 1266 miles
2609 1222 2794 1278 pensat
2821 1214 3118 1281 sapissirne
3144 1211 3307 1269 vires.

2126 1282 2393 1353 Perversee
2408 1283 2674 1336 mentisua
2706 1285 2858 1350 culpa
2895 1295 2976 1337 est
3005 1289 3236 1338 maxima
3271 1300 3447 1353 ptena.

2057 1423 2069 1435 ν
2129 1352 2372 1422 Praeceps
2418 1355 2483 1408 ad
2539 1353 2742 1418 risum,
2799 1367 3033 1423 praeceps
3082 1352 3290 1424 quoque
3339 1357 3504 1410 fertur
3559 1353 3625 1409 ad

2057 1438 2207 1478 tram.

2134 1493 2414 1558 Promptus
2447 1493 2528 1545 vel
2563 1492 2728 1546 facilis
2760 1492 2824 1546 ad
2856 1493 2993 1547 risus
3031 1494 3302 1548 schemata
3334 1511 3400 1550 ne
3427 1500 3520 1552 sis.

2135 1562 2381 1633 Pluribus
2412 1562 2646 1617 intentus
2675 1562 2851 1633 minor
2878 1572 2958 1616 est
2984 1562 3051 1633 ad
3080 1565 3283 1633 singula
3314 1579 3521 1621 sensos.

2130 1632 2372 1690 Praesens
2401 1633 2506 1689 vita
2532 1634 2729 1699 brevis,
2756 1632 2850 1689 sed
2884 1635 2991 1688 vita
3024 1632 3195 1688 futura
3229 1638 3493 1704 perennis.

2826 1749 2872 1815 Ω

460 1838 709 1924 Princeps
735 1843 823 1924 qui
855 1842 1079 1924 libenter
1097 1838 1244 1897 audit
1269 1844 1426 1897 verba
1453 1841 1739 1908 mendacii,
1769 1857 1955 1898 omnes
1990 1866 2033 1924 Β
2130 1840 2500 1924 91121111102113
2529 1840 2688 1923 lsrael
2721 1841 2858 1924 Deus
2890 1840 2972 1924 his
3001 1840 3092 1910 qui
3124 1848 3270 1921 recto
3298 1842 3631 1924 sunteorde.

385 1908 659 1981 ministros
691 1910 850 1967 habet
877 1913 1086 1981 impios.

458 1979 559 2052 Per
588 1995 707 2052 quas
736 1985 854 2052 quis
883 1979 1087 2050 peccat,
1121 1998 1212 2052 per
1242 1983 1355 2038 haec
1381 1991 1437 2040 et
1465 1989 1761 2048 torquetur.

459 2049 672 2105 Pondus
696 2049 1004 2118 et'pondus,
1035 2049 1280 2107 mensura
1326 2062 1382 2109 et
1428 2066 1707 2118 mensura,
1757 2063 1961 2107 utrum-

386 2133 490 2189 que
515 2120 870 2178 abominabile
897 2134 976 2178 est
1003 2134 1127 2177 ante
1158 2123 1345 2178 Deum.

459 2188 685 2262 Probata
713 2191 878 2249 virtus
905 2193 1124 2262 corripit
1157 2197 1490 2262 insipientes.

463 2259 686 2342 Propter
716 2273 933 2332 peccata
966 2259 1142 2335 populi
1171 2259 1392 2334 regnare.
1424 2266 1549 2320 facit
1579 2264 1834 2320 Dominus
1865 2264 1960 2336 hy-

386 2343 641 2402 pocritam
652 2373 664 2387 .

464 2401 717 2458 Peccator
764 2403 846 2459 vel
897 2418 1027 2474 puer
1076 2414 1288 2461 centum
1337 2421 1594 2462 annorum
1648 2406 1958 2461 maledictus

465 2541 726 2614 Pugnabit
751 2545 895 2600 orbis
923 2552 1184 2602 terrarum
1214 2555 1396 2602 contra
1428 2549 1748 2604 insenSutos.

465 2615 587 2683 Po~t
615 2618 1074 2683 concupiscentias
1106 2626 1220 2672 tuas
1247 2632 1350 2672 non
1377 2634 1490 2674 eas.

461 2682 688 2754 Probata
716 2682 950 2754 spiritus,
982 2688 1026 2743 si
1056 2703 1119 2742 ex
1153 2688 1259 2742 Deo
1288 2690 1414 2743 sint.

463 2751 760 2828 Prudentia
774 2759 953 2813 carnis
979 2773 1124 2815 mors
1154 2767 1258 2824 est,
1286 2759 1562 2828 prudentia
1591 2768 1767 2814 autem
1795 2756 1962 2828 spiri-

386 2831 471 2877 tus
501 2826 601 2878 vita
629 2835 678 2880 et
713 2842 834 2894 pax.

459 2894 661 2971 Petitis,
685 2907 745 2971 et
767 2913 876 2971 non
902 2899 1160 2971 accipitis,
1191 2915 1254 2956 eo
1281 2900 1420 2971 quod
1454 2901 1589 2956 male
1616 2900 1825 2969 petatis.

459 2965 734 3037 Plenitudo
765 2965 894 3037 legis
923 2977 1002 3023 est
1019 2965 1267 3027 dilectio.

460 3033 560 3088 Per
578 3038 783 3159 stultas
816 3033 1180 3096 tribulationes
1201 3049 1408 3112 oportet
1439 3056 1534 3096 nos
1559 3041 1758 3097 intrare
1789 3043 1839 3097 in
1871 3055 1957 3095 re-

460 3120 548 3159 um
621 3125 686 3159 Cl.

381 3119 548 3174 gnum
578 3119 686 3161 Det.

461 3175 745 3253 Peccantes
789 3194 970 3235 coram
1022 3181 1267 3237 omnibus
1313 3192 1624 3253 arguantur,
1674 3194 1731 3238 ut
1778 3184 1956 3237 cmteri

388 3259 587 3300 metum
619 3249 866 3304 habeant.

459 3317 620 3372 Positi
665 3321 716 3374 in
761 3320 966 3394 deliciis
1011 3321 1288 3379 attendere
1331 3333 1601 3393 nequeunt
1644 3333 1841 3394 quanta
1891 3324 1959 3378 sit

386 3400 542 3456 pmna
572 3393 840 3458 perennis.

460 3458 564 3511 l’ax
596 3475 717 3534 vera
748 3471 830 3517 est
850 3461 1099 3534 dicenda,
1131 3478 1249 3520 cum
1279 3465 1495 3534 Spiritus
1524 3472 1577 3520 et
1614 3478 1737 3519 caro
1765 3479 1960 3520 cunt-e-

388 3528 541 3582 niunt
568 3533 709 3583 omni
742 3531 916 3586 modo.

458 3598 716 3656 Pacificas
747 3602 903 3656 homo
933 3602 1070 3657 ﬁlius
1105 3601 1194 3657 Dei
1227 3615 1460 3660 meretur
1490 3605 1689 3659 vocari.

461 3668 794 3744 Parentesin
826 3682 1026 3744 tantum
1075 3674 1329 3744 diligendi
1375 3684 1500 3729 sunt
1546 3685 1598 3730 et
1640 3675 1955 3742 honorandi,

385 3747 640 3808 quantum
671 3741 742 3796 illi
769 3743 995 3814 subjecti
1021 3757 1143 3799 sunt
1172 3741 1382 3801 summo
1411 3747 1574 3801 Patri.

460 3827 697 3888 Praelatis
734 3847 797 3888 ac
850 3836 1147 3890 senioribus
1196 3838 1304 3890 suis
1357 3837 1668 3891 inobediens
1726 3846 1960 3892 meretur

583 3901 696 3970 ipse
723 3905 968 3972 praelatus
1014 3906 1173 3962 fuerit
1221 3907 1502 3978 aliquibus,
1533 3908 1602 3962 ab
1647 3909 1724 3961 eis
1770 3906 1956 3963 eadem

483 3987 494 4023 t
559 3987 638 4027 ur.

483 3987 638 4027 lallﬂ'.

461 4061 645 4138 Pastor
671 4065 892 4138 quilibet
920 4066 1072 4138 fugit,
1100 4083 1222 4124 cum
1275 4067 1529 4138 subjectis
1557 4068 1805 4124 solatium
1834 4069 1959 4126 sub-

390 4133 572 4205 traltit,
601 4144 690 4188 aut
717 4133 1026 4205 injustitiain
1057 4140 1238 4192 videns
1267 4133 1737 4193 non'eoutradicit.

462 4200 565 4278 Par
589 4200 908 4278 supplicium
939 4207 1212 4273 subibunt,
1242 4211 1328 4278 qui
1362 4211 1556 4276 pariter
1585 4221 1959 4277 peccaverunt.

459 4270 775 4352 Poenite'ntia
807 4292 930 4332 vera
960 4287 1042 4332 est
1067 4289 1120 4332 et
1151 4270 1446 4349 perpetrata
1497 4270 1636 4334 mala
1685 4281 1960 4352 plangere,

389 4350 442 4395 et
470 4343 762 4414 plangenda
795 4363 899 4402 non
932 4343 1255 4416 perpetrare.

463 4432 674 4512 Publica
719 4437 1146 4512 culpa,7pnblica
1177 4441 1338 4496 etiam
1384 4416 1955 4512 indiget'pmuitentia.

466 4502 655 4560 Pinnas
703 4502 1060 4592 gravissit'nas.
1091 4515 1410 4582 quandoque
1457 4502 1838 4592 sdntjassuri,
1869 4517 1957 4592 qui

2129 1913 2360 1979 Qumrite
2396 1911 2695 1979 Dominum,
2742 1921 2796 1967 et
2825 1909 3250 1977 contirnianrini;
3281 1909 3506 1980 quterite
3551 1909 3629 1964 fa-

2059 1983 2192 2038 ciem
2223 1981 2341 2050 ejus
2366 1996 2595 2049 semper.

2128 2054 2360 2118 Qnazrite
2390 2052 2689 2117 Dominum,
2721 2060 2776 2107 et
2802 2052 2940 2107 vivet
2971 2052 3145 2106 anima
3179 2059 3375 2106 vestra.

2131 2121 2230 2189 Qui
2263 2121 2461 2176 timetis
2493 2121 2793 2187 Dominum,
2827 2122 3035 2178 laudate
3064 2136 3208 2178 eum.

2130 2193 2229 2261 Qui
2257 2193 2468 2261 diligitis
2497 2193 2795 2260 Dominum,
2828 2194 2972 2248 odite
2999 2193 3212 2246 malum.

2132 2261 2409 2336 Quomodo
2459 2263 2743 2336 miseretur
2791 2277 2939 2336 pater
2987 2264 3235 2336 liliorum,
3273 2261 3518 2336 misertus
3548 2270 3635 2336 est

2063 2334 2313 2386 Dominus
2365 2333 2672 2390 timentibus
2719 2331 2805 2405 se,
2851 2336 3097 2406 quoniam
3141 2334 3254 2403 ipse
3281 2331 3529 2403 cognovit
3575 2333 3634 2383 tl-

2059 2417 2328 2473 gmentutn
2359 2413 2617 2458 nostrum.

2132 2475 2232 2539 Qui
2265 2489 2364 2528 non
2399 2473 2603 2543 accepit
2645 2476 2694 2528 in
2740 2489 2875 2529 vano
2906 2474 3132 2528 animam
3164 2488 3334 2538 suam,
3371 2487 3467 2527 nec
3489 2471 3634 2542 jura-

2061 2544 2215 2668 vitDin
2247 2544 2369 2625 dolo
2397 2549 2639 2612 proximo
2665 2561 2782 2612 suo,
2829 2546 2912 2602 ltic
2955 2546 3182 2614 accipiet
3213 2544 3631 2600 benedictionem

2061 2630 2090 2667 a
2170 2630 2366 2668 01111110.

2061 2630 2090 2667 3
2127 2630 2366 2668 uomuto.

2133 2685 2261 2749 Quis
2307 2687 2440 2740 sicut
2483 2686 2737 2741 Dominus
2769 2687 2908 2743 Deus
2940 2696 3139 2752 noster,
3174 2683 3263 2754 qui
3300 2685 3350 2740 in
3382 2684 3504 2740 altis
3535 2683 3634 2738 lia-

2063 2756 2295 2827 bitat,_et
2335 2756 2550 2810 humilia
2584 2760 2797 2827 reSpicit
2830 2759 2881 2812 in
2914 2759 3050 2814 caelo
3079 2766 3132 2812 et
3163 2757 3213 2810 in
3245 2757 3419 2827 terra?

2131 2825 2229 2892 Qui
2280 2829 2544 2882 seminant
2586 2828 2640 2882 in
2677 2825 2966 2900 'lacrymis,
3013 2829 3066 2883 in
3115 2826 3471 2890 exsultatione
3525 2840 3638 2879 me-

2064 2905 2193 2951 teut.

2130 2966 2366 3033 Quaerite
2397 2968 2620 3040 primum
2648 2983 2870 3037 regnum
2901 2969 3016 3037 Dei,
3047 2977 3099 3026 et
3124 2966 3380 3040 justitiam
3412 2965 3550 3036 ejus,
3583 2975 3642 3020 et

2064 3036 2178 3108 haec
2206 3041 2382 3092 omnia
2400 3036 2730 3108 ‘adjicientur
2763 3040 2936 3096 vobis.

2121 3107 2231 3188 .Qui
2284 3105 2704 3180 perseveraverit
2751 3125 2918 3181 usque
2962 3111 3014 3166 in
3071 3112 3270 3176 tinem,
3324 3107 3408 3162 hic
3458 3105 3642 3163 salvus-

2061 3189 2180 3231 Ofli.

2134 3249 2262 3316 Quae
2311 3250 2654 3324 impossibilia
2702 3260 2827 3307 sunt
2873 3252 3011 3324 apud
3054 3253 3317 3317 homines,
3367 3249 3641 3321 possibilia

2064 3331 2187 3372 sunt
2216 3321 2355 3386 apud
2389 3323 2573 3376 Deum.

2133 3390 2231 3456 Qui
2262 3400 2344 3446 est
2370 3407 2432 3446 ex
2466 3392 2591 3458 Deo,
2628 3391 2784 3446 verba
2816 3391 2907 3447 Det
2938 3394 3104 3447 audit.

2133 3462 2272 3527 Quid
2321 3464 2534 3530 prodeSt
2583 3463 2805 3527 homini,
2837 3465 2880 3516 si
2921 3463 3223 3517 universum
3270 3463 3521 3516 mundum
3555 3461 3636 3514 lu-

2063 3543 2258 3596 cretur,
2291 3534 2480 3587 animae
2512 3548 2638 3586 vero
2666 3548 2776 3587 suae
2808 3533 3180 3587 detrimentum
3212 3533 3468 3596 patiatur?

2134 3600 2302 3667 Quam
2336 3603 2484 3657 dabit
2513 3601 2669 3655 homo
2689 3606 3158 3657 commutationem
3190 3617 3284 3670 pro
3312 3603 3481 3655 anima
3507 3601 3638 3654 sua?

2064 3740 2074 3750 _
2132 3673 2233 3751 Qui
2280 3672 2475 3727 dixerit
2517 3673 2667 3728 fratri
2714 3688 2811 3728 suo
2857 3673 3038 3739 Fatue,
3080 3687 3204 3729 reus
3236 3674 3338 3727 erit
3382 3673 3638 3742 gehennae

2063 3755 2218 3809 tgnts.

2131 3812 2231 3875 Qui
2275 3813 2389 3866 odit
2419 3813 2646 3867 animam
2692 3827 2839 3868 suam
2887 3813 2940 3869 in
2989 3813 3089 3869 hoc
3133 3813 3350 3882 mundo,
3382 3811 3435 3868 in
3475 3812 3637 3867 vitam

2063 3891 2314 3937 mteruum
2344 3886 2572 3938 custodit
2601 3899 2738 3938 eam.

2130 3951 2284 4026 Quod
2315 3955 2451 4026 Deus
2475 3953 2752 4024 conjunxit
2774 3952 2934 4008 homo
2963 3971 3067 4011 non
3096 3964 3330 4026 separet.

2062 4093 2093 4147 Γ
2131 4025 2231 4088 Qui
2275 4025 2503 4080 infidelis
2546 4036 2628 4080 est
2671 4028 2721 4079 in
2760 4025 3002 4093 minimo,
3042 4035 3096 4081 et
3136 4024 3188 4081 in
3228 4025 3413 4097 majori
3447 4024 3661 4081 infide--

2081 4109 2124 4147 lS
2152 4105 2251 4147 est.

2081 4109 2124 4148 lS
2152 4105 2251 4147 est.

2131 4164 2490 4237 Quasiscclus
2519 4165 2826 4237 idololatriae
2856 4178 2966 4233 est,
2984 4169 3091 4222 Deo
3115 4167 3253 4222 nolle
3275 4181 3630 4237 acquiescere.

2131 4235 2365 4309 Quaerite
2410 4236 2686 4292 Dominum
2731 4241 2857 4293 dum
2904 4237 3126 4295 inveniri
3169 4235 3368 4309 potest,
3394 4238 3640 4293 invocato

2059 4317 2181 4360 eum
2213 4307 2333 4359 dum
2368 4321 2529 4375 prope
2558 4317 2655 4361 est.

2130 4375 2229 4444 Qui
2259 4379 2497 4446 sequitur
2523 4379 2801 4446 justitiam,
2835 4378 3072 4446 diligitur.
3095 4395 3122 4434 a
3173 4380 3413 4435 Domino.

2134 4448 2233 4513 Qui
2265 4448 2540 4524 abscondit
2571 4450 2776 4524 scelera
2806 4464 2924 4524 sua,
2953 4465 3057 4524 non
3089 4450 3390 4524 dirigetur;
3419 4466 3632 4524 quiau-

2067 4524 2172 4571 tem
2202 4519 2480 4574 confessus
2508 4518 2669 4575 fuerit
2703 4529 2759 4576 et
2787 4520 3062 4592 reliquerit
3089 4535 3172 4588 ea,
3201 4518 3634 4576 inisericordiam

389 4589 614 4656 ηοξ-βω
661 4576 949 4656 sceleribus
976 4576 1359 4656 suisjrenuun't
1394 4597 1548 4656 parva
1580 4576 1783 4652 flagella
1826 4576 1955 4654 pati.
1992 4576 2041 4635 D
2064 4600 2434 4656 consequetur.

462 4645 656 4722 Plenus
683 4663 874 4722 venter
894 4649 1043 4704 facile
1070 4653 1304 4719 distiutat
1330 4645 1656 4722 de'jejuniis.

463 4714 761 4839 l’erfectum
789 4720 968 4775 odium
999 4730 1104 4790 est,
1128 4714 1268 4793 quod
1294 4738 1392 4778 nec
1410 4714 1611 4793 iustitia
1637 4739 1733 4780 nec
1758 4726 1965 4782 ratione

387 4801 510 4840 care
538 4823 554 4840 .

463 4823 741 4912 Peccatum
775 4869 992 4938 peccato
1019 4862 1290 4938 adjicit-1,
1316 4879 1435 4918 cum
1465 4865 1518 4920 id
1549 4865 1686 4936 quod
1720 4869 1966 4938 nequiter

388 4938 594 4999 gestum
625 4939 707 4981 est
735 4933 980 4999 nequiter
1008 4935 1168 4987 etiam
1201 4934 1521 4990 defenditur.

460 4997 708 5078 Probatio
766 4997 920 5057 bona
968 5003 1288 5072 voluntatis,
1353 5009 1493 5060 nolle
1558 5019 1778 5075 peccare
1843 5024 1962 5063 cum

387 5079 851 5213 Wizvidendum
877 5150 956 5197 est
987 5143 1196 5198 cunctis
1226 5159 1320 5213 pro
1361 5145 1455 5200 Dei
1501 5159 1685 5200 amore
1711 5146 1850 5202 licita
1881 5165 1964 5204 re-

393 5206 772 5278 linquentibus,
804 5226 871 5265 ne
901 5216 1075 5278 tepide
1103 5206 1343 5270 viventes
1373 5217 1437 5272 ad
1482 5216 1662 5271 illicita
1693 5229 1962 5276 corruant.

419 5358 440 5401 ⁸
462 5276 569 5332 Pro
597 5281 851 5346 qualitate
876 5276 1200 5339 audientium
1233 5287 1449 5342 formari
1471 5286 1632 5342 debet
1661 5302 1838 5342 sermo
1865 5291 1963 5344 do-

385 5362 418 5402 c
443 5363 617 5401 orum.

461 5417 647 5496 Pravis
695 5421 930 5496 moribus
973 5438 1186 5493 semper
1229 5427 1405 5496 gravis
1432 5436 1513 5480 est
1545 5426 1648 5480 vita
1681 5427 1960 5484 bonorum.

385 5487 954 5628 "Ptelegaltstnqumdam
984 5487 1215 5550 animam
1231 5487 1508 5566 "polluunt,
1553 5501 1798 5567 quaedam
1839 5514 1965 5554 vero

448 5628 771 5710 Priusquam
803 5634 1078 5710 promittas
1126 5636 1385 5710 delibera,
1428 5653 1495 5694 ne
1536 5650 1655 5709 post
1706 5640 1963 5709 promissa

392 5702 610 5754 minime
637 5702 846 5770 expleta
877 5709 1100 5760 mendax
1131 5708 1350 5763 dicaris.

459 5770 758 5849 Periculum
790 5789 1057 5844 nunquam
1088 5779 1205 5834 sine
1235 5781 1470 5849 periculo
1500 5781 1749 5838 vincitur.

456 5830 743 5900 Prudentia
777 5830 952 5900 rerum
983 5830 1426 5909 exitus"

2135 4658 2235 4734 Qui
2267 4659 2438 4734 diligit
2460 4661 2812 4734 disciplinam,
2842 4663 3010 4734 diligit
3037 4673 3090 4716 et
3115 4661 3447 4734 sapientiam.

2135 4729 2233 4804 Qui
2263 4729 2417 4804 offert
2444 4731 2755 4804 sacriﬁcium
2783 4749 2850 4787 ex
2873 4729 3462 4801 substantiapauperis,
3483 4733 3632 4804 quasi

2065 4799 2166 4872 qui;
2185 4800 2421 4855 vlctimut
2449 4801 2611 4855 lilium
2644 4803 2696 4856 in
2723 4815 3009 4872 conspectu
3043 4799 3208 4870 patris
3231 4799 3335 4857 sui.

2134 4869 2234 4935 Qui
2268 4876 2474 4947 avertit
2517 4887 2699 4947 aurem
2746 4869 2897 4928 suam
2942 4888 3008 4927 ne
3038 4869 3217 4928 audiat
3244 4873 3438 4947 legem,
3465 4873 3648 4927 oratio-

2065 4937 2178 5006 ejus
2205 4941 2304 4993 erit
2327 4941 2690 4996 exsecrabilis.

2135 5010 2294 5083 Quasi
2327 5022 2609 5080 tempestas
2635 5013 2827 5083 impius
2856 5017 3163 5083 pertransit.

2134 5082 2261 5145 Qua:
2291 5099 2394 5157 non
2424 5082 2722 5157 congregas'
2743 5086 2792 5137 in
2818 5082 3111 5154 jdventute,
3148 5085 3414 5157 quomodo
3443 5098 3504 5140 ea
3537 5084 3632 5139 Ita-

2065 5150 2192 5204 bere
2224 5152 2419 5217 poteris
2450 5153 2502 5206 in
2529 5150 2824 5210 senectute.

2133 5219 2232 5291 Qui
2264 5238 2459 5287 pronus
2485 5237 2567 5278 est
2595 5224 2659 5276 ad
2693 5226 3130 5291 misericordiam,
3165 5227 3522 5282 benedicetur.

2263 5293 2408 5367 fratri
2439 5307 2537 5346 suo
2569 5306 2712 5367 parat
2742 5298 2968 5364 foveam,
3001 5290 3338 5367 ipseincidet
3376 5298 3429 5352 itt
3461 5298 3602 5353 illam
3623 5338 3641 5359 ,

2133 5363 2231 5436 Qui
2267 5364 2470 5436 modica
2500 5366 2720 5431 spernit,
2755 5363 3271 5436 paulatitn'decidet.

2133 5429 2230 5497 Qui
2259 5433 2358 5486 sibi
2393 5429 2618 5502 nequam
2645 5429 2861 5500 est,'cui
2891 5438 3060 5492 bonus
3103 5438 3238 5491 erit?

2133 5502 2496 5569 Quodcunque
2545 5514 2718 5571 potest
2764 5523 2948 5561 manus
3000 5517 3083 5562 tua
3132 5509 3329 5574 facere,
3376 5508 3633 5564 instanter

2064 5587 2309 5650 operare2
2335 5576 2453 5640 quia
2487 5589 2584 5628 nec
2611 5589 2746 5643 cpus
2777 5593 2872 5633 nec
2901 5578 3035 5633 ratio
3063 5593 3160 5632 nec
3191 5580 3446 5650 sapientia
3476 5591 3637 5635 erunt

2062 5641 2198 5711 apud
2219 5641 2448 5714 inferos,
2480 5659 2584 5712 quo
2611 5641 2667 5698 tu
2698 5663 2971 5714 properas.

2132 5711 2233 5784 Qui
2265 5716 2430 5781 Parcit
2461 5711 2641 5784 virgae,
2668 5711 2776 5771 odit
2799 5711 2990 5774 illium.

2064 5782 2230 5907 uigili
2283 5784 2469 5840 timent
2496 5782 2658 5841 Deum
2685 5827 2701 5856 ,
2752 5802 2856 5846 non
2903 5800 3056 5848 erunt
3104 5791 3441 5849 incredibiles
3468 5789 3632 5846 verbo

2065 5870 2078 5906 1
2210 5892 2224 5907 .

2065 5869 2224 5908 "ill".
