  <div class='ocr_page' id='page_1' title='image "/cluster/home/n/w/nwhite01/storage/ocr_20150623/90/hvd.32044054758933/582.png"; bbox 0 0 4162 6212; ppageno 0'>
   <div class='ocr_carea' id='block_1_1' title="bbox 473 323 599 382">
    <p class='ocr_par' dir='ltr' id='par_1_1' title="bbox 473 323 599 382">
     <span class='ocr_line' id='line_1_1' title="bbox 473 323 599 382; baseline 0 -1"><span class='ocrx_word' id='word_1_1' title='bbox 473 323 599 382; x_wconf 76' lang='lat' dir='ltr'><strong>H09</strong></span> 
     </span>
    </p>
   </div>
   <div class='ocr_carea' id='block_1_2' title="bbox 1673 307 2468 370">
    <p class='ocr_par' dir='ltr' id='par_1_2' title="bbox 1673 307 2468 370">
     <span class='ocr_line' id='line_1_2' title="bbox 1673 307 2468 370; baseline -0.01 0"><span class='ocrx_word' id='word_1_2' title='bbox 1673 307 2203 370; x_wconf 68' lang='grc' dir='ltr'>Ριιονειιιιιοιιυιι</span> <span class='ocrx_word' id='word_1_3' title='bbox 2248 308 2468 365; x_wconf 81' lang='lat' dir='ltr'><strong>LIBER.</strong></span> 
     </span>
    </p>
   </div>
   <div class='ocr_carea' id='block_1_3' title="bbox 3580 295 3717 352">
    <p class='ocr_par' dir='ltr' id='par_1_3' title="bbox 3580 295 3717 352">
     <span class='ocr_line' id='line_1_3' title="bbox 3580 295 3717 352; baseline -0.015 0"><span class='ocrx_word' id='word_1_4' title='bbox 3580 295 3717 352; x_wconf 68' lang='grc' dir='ltr'>σιω</span> 
     </span>
    </p>
   </div>
   <div class='ocr_carea' id='block_1_4' title="bbox 536 415 3477 502">
    <p class='ocr_par' dir='ltr' id='par_1_4' title="bbox 536 415 3477 502">
     <span class='ocr_line' id='line_1_4' title="bbox 536 415 3477 502; baseline -0.007 -14"><span class='ocrx_word' id='word_1_5' title='bbox 536 434 694 502; x_wconf 79' lang='lat' dir='ltr'><strong>[legis</strong></span> <span class='ocrx_word' id='word_1_6' title='bbox 722 448 865 489; x_wconf 83' lang='lat' dir='ltr'><strong>enim</strong></span> <span class='ocrx_word' id='word_1_7' title='bbox 894 446 1088 487; x_wconf 84' lang='lat' dir='ltr'><strong>nomen</strong></span> <span class='ocrx_word' id='word_1_8' title='bbox 1129 434 1312 487; x_wconf 89' lang='lat' dir='ltr'><strong>monet</strong></span> <span class='ocrx_word' id='word_1_9' title='bbox 1341 428 1717 502; x_wconf 14' lang='lat' dir='ltr'><strong>utrcommissa</strong></span> <span class='ocrx_word' id='word_1_10' title='bbox 1751 433 2027 496; x_wconf 86' lang='lat' dir='ltr'><strong>regantur.</strong></span> <span class='ocrx_word' id='word_1_11' title='bbox 2062 427 2110 483; x_wconf 77' lang='grc' dir='ltr'><strong>Α</strong></span> <span class='ocrx_word' id='word_1_12' title='bbox 2208 420 2558 502; x_wconf 59' lang='lat' dir='ltr'><strong>Simulatnres</strong></span> <span class='ocrx_word' id='word_1_13' title='bbox 2577 424 2630 474; x_wconf 87' lang='lat' dir='ltr'><strong>et</strong></span> <span class='ocrx_word' id='word_1_14' title='bbox 2676 418 2854 502; x_wconf 77' lang='lat' dir='ltr'><strong>callidi</strong></span> <span class='ocrx_word' id='word_1_15' title='bbox 2877 424 3168 497; x_wconf 59' lang='lat' dir='ltr'><strong>provocant</strong></span> <span class='ocrx_word' id='word_1_16' title='bbox 3197 415 3327 466; x_wconf 85' lang='lat' dir='ltr'><strong>iram</strong></span> <span class='ocrx_word' id='word_1_17' title='bbox 3364 415 3477 502; x_wconf 62' lang='lat' dir='ltr'><strong>Dei.</strong></span> 
     </span>
    </p>
   </div>
   <div class='ocr_carea' id='block_1_5' title="bbox 538 499 1726 562">
    <p class='ocr_par' dir='ltr' id='par_1_5' title="bbox 538 499 1726 562">
     <span class='ocr_line' id='line_1_5' title="bbox 538 499 1726 562; baseline -0.007 -1"><span class='ocrx_word' id='word_1_18' title='bbox 538 499 717 562; x_wconf 82' lang='lat' dir='ltr'><strong>Rebus</strong></span> <span class='ocrx_word' id='word_1_19' title='bbox 745 506 797 561; x_wconf 86' lang='lat' dir='ltr'><strong>in</strong></span> <span class='ocrx_word' id='word_1_20' title='bbox 827 503 1064 560; x_wconf 79' lang='lat' dir='ltr'><strong>adversis</strong></span> <span class='ocrx_word' id='word_1_21' title='bbox 1093 516 1161 559; x_wconf 88' lang='lat' dir='ltr'><strong>ne</strong></span> <span class='ocrx_word' id='word_1_22' title='bbox 1191 509 1370 557; x_wconf 82' lang='lat' dir='ltr'><strong>motus</strong></span> <span class='ocrx_word' id='word_1_23' title='bbox 1396 499 1726 554; x_wconf 86' lang='lat' dir='ltr'><strong>destituaris.</strong></span> 
     </span>
    </p>
   </div>
   <div class='ocr_carea' id='block_1_6' title="bbox 1238 657 1278 714">
    <p class='ocr_par' dir='ltr' id='par_1_6' title="bbox 1238 657 1278 714">
     <span class='ocr_line' id='line_1_6' title="bbox 1238 657 1278 714; baseline 0 0"><span class='ocrx_word' id='word_1_24' title='bbox 1238 657 1278 714; x_wconf 89' lang='lat' dir='ltr'><strong>S</strong></span> 
     </span>
    </p>
   </div>
   <div class='ocr_carea' id='block_1_7' title="bbox 534 764 2038 836">
    <p class='ocr_par' dir='ltr' id='par_1_7' title="bbox 534 764 2038 836">
     <span class='ocr_line' id='line_1_7' title="bbox 534 764 2038 836; baseline -0.009 -5"><span class='ocrx_word' id='word_1_25' title='bbox 534 774 749 831; x_wconf 74' lang='lat' dir='ltr'><strong>Serrite</strong></span> <span class='ocrx_word' id='word_1_26' title='bbox 802 772 1026 830; x_wconf 86' lang='lat' dir='ltr'><strong>Domino</strong></span> <span class='ocrx_word' id='word_1_27' title='bbox 1073 771 1125 825; x_wconf 90' lang='lat' dir='ltr'><strong>in</strong></span> <span class='ocrx_word' id='word_1_28' title='bbox 1176 768 1406 836; x_wconf 85' lang='lat' dir='ltr'><strong>timore,</strong></span> <span class='ocrx_word' id='word_1_29' title='bbox 1437 774 1493 824; x_wconf 88' lang='lat' dir='ltr'><strong>et</strong></span> <span class='ocrx_word' id='word_1_30' title='bbox 1533 765 1772 822; x_wconf 77' lang='lat' dir='ltr'><strong>exultate</strong></span> <span class='ocrx_word' id='word_1_31' title='bbox 1812 764 1861 822; x_wconf 92' lang='lat' dir='ltr'><strong>ei</strong></span> <span class='ocrx_word' id='word_1_32' title='bbox 1917 779 2038 821; x_wconf 87' lang='lat' dir='ltr'><strong>cum</strong></span> 
     </span>
    </p>
   </div>
   <div class='ocr_carea' id='block_1_8' title="bbox 471 856 723 902">
    <p class='ocr_par' dir='ltr' id='par_1_8' title="bbox 471 856 723 902">
     <span class='ocr_line' id='line_1_8' title="bbox 471 856 723 902; baseline -0.016 -1"><span class='ocrx_word' id='word_1_33' title='bbox 471 856 723 902; x_wconf 86' lang='lat' dir='ltr'><strong>tremore.</strong></span> 
     </span>
    </p>
   </div>
   <div class='ocr_carea' id='block_1_9' title="bbox 542 908 1701 976">
    <p class='ocr_par' dir='ltr' id='par_1_9' title="bbox 542 908 1701 976">
     <span class='ocr_line' id='line_1_9' title="bbox 542 908 1701 976; baseline -0.01 -3"><span class='ocrx_word' id='word_1_34' title='bbox 542 916 870 973; x_wconf 77' lang='lat' dir='ltr'><strong>Sacriﬁcium</strong></span> <span class='ocrx_word' id='word_1_35' title='bbox 904 913 1012 969; x_wconf 90' lang='lat' dir='ltr'><strong>Deo</strong></span> <span class='ocrx_word' id='word_1_36' title='bbox 1042 911 1262 976; x_wconf 75' lang='lat' dir='ltr'><strong>spiritus</strong></span> <span class='ocrx_word' id='word_1_37' title='bbox 1289 908 1701 965; x_wconf 83' lang='lat' dir='ltr'><strong>contribulatus.</strong></span> 
     </span>
    </p>
   </div>
   <div class='ocr_carea' id='block_1_10' title="bbox 539 978 1652 1056">
    <p class='ocr_par' dir='ltr' id='par_1_10' title="bbox 539 978 1652 1056">
     <span class='ocr_line' id='line_1_10' title="bbox 539 978 1652 1056; baseline -0.009 -13"><span class='ocrx_word' id='word_1_38' title='bbox 539 987 621 1043; x_wconf 89' lang='lat' dir='ltr'><strong>Sit</strong></span> <span class='ocrx_word' id='word_1_39' title='bbox 647 986 816 1056; x_wconf 81' lang='lat' dir='ltr'><strong>gloria</strong></span> <span class='ocrx_word' id='word_1_40' title='bbox 847 984 1053 1056; x_wconf 78' lang='lat' dir='ltr'><strong>Domini</strong></span> <span class='ocrx_word' id='word_1_41' title='bbox 1082 984 1134 1056; x_wconf 83' lang='lat' dir='ltr'><strong>in</strong></span> <span class='ocrx_word' id='word_1_42' title='bbox 1163 980 1420 1056; x_wconf 65' lang='lat' dir='ltr'><strong>accidunt</strong></span> <span class='ocrx_word' id='word_1_43' title='bbox 1448 978 1652 1035; x_wconf 71' lang='lat' dir='ltr'><strong>srecnli.</strong></span> 
     </span>
    </p>
   </div>
   <div class='ocr_carea' id='block_1_11' title="bbox 540 1047 2041 1113">
    <p class='ocr_par' dir='ltr' id='par_1_11' title="bbox 540 1047 2041 1113">
     <span class='ocr_line' id='line_1_11' title="bbox 540 1047 2041 1113; baseline -0.008 0"><span class='ocrx_word' id='word_1_44' title='bbox 540 1059 620 1113; x_wconf 89' lang='lat' dir='ltr'><strong>Sit</strong></span> <span class='ocrx_word' id='word_1_45' title='bbox 649 1047 862 1113; x_wconf 53' lang='lat' dir='ltr'><strong>&#39;nomen</strong></span> <span class='ocrx_word' id='word_1_46' title='bbox 909 1053 1116 1109; x_wconf 84' lang='lat' dir='ltr'><strong>Domini</strong></span> <span class='ocrx_word' id='word_1_47' title='bbox 1164 1051 1503 1107; x_wconf 74' lang='lat' dir='ltr'><strong>benedictum</strong></span> <span class='ocrx_word' id='word_1_48' title='bbox 1549 1064 1615 1105; x_wconf 79' lang='lat' dir='ltr'><strong>ex</strong></span> <span class='ocrx_word' id='word_1_49' title='bbox 1666 1047 1768 1103; x_wconf 88' lang='lat' dir='ltr'><strong>hoc</strong></span> <span class='ocrx_word' id='word_1_50' title='bbox 1812 1058 1952 1100; x_wconf 87' lang='lat' dir='ltr'><strong>nunc</strong></span> <span class='ocrx_word' id='word_1_51' title='bbox 1983 1053 2041 1101; x_wconf 91' lang='lat' dir='ltr'><strong>et</strong></span> 
     </span>
    </p>
   </div>
   <div class='ocr_carea' id='block_1_12' title="bbox 473 1126 997 1197">
    <p class='ocr_par' dir='ltr' id='par_1_12' title="bbox 473 1126 997 1197">
     <span class='ocr_line' id='line_1_12' title="bbox 473 1126 997 1197; baseline -0.01 -13"><span class='ocrx_word' id='word_1_52' title='bbox 473 1142 641 1197; x_wconf 74' lang='lat' dir='ltr'><strong>usque</strong></span> <span class='ocrx_word' id='word_1_53' title='bbox 670 1130 720 1181; x_wconf 91' lang='lat' dir='ltr'><strong>in</strong></span> <span class='ocrx_word' id='word_1_54' title='bbox 742 1126 997 1182; x_wconf 75' lang='lat' dir='ltr'><strong>saeculum</strong></span> 
     </span>
    </p>
   </div>
   <div class='ocr_carea' id='block_1_13' title="bbox 544 1185 2041 1266">
    <p class='ocr_par' dir='ltr' id='par_1_13' title="bbox 544 1185 2041 1266">
     <span class='ocr_line' id='line_1_13' title="bbox 544 1185 2041 1266; baseline -0.008 -13"><span class='ocrx_word' id='word_1_55' title='bbox 544 1185 699 1253; x_wconf 77' lang='lat' dir='ltr'><strong>Salus</strong></span> <span class='ocrx_word' id='word_1_56' title='bbox 720 1198 982 1266; x_wconf 82' lang='lat' dir='ltr'><strong>iustorum</strong></span> <span class='ocrx_word' id='word_1_57' title='bbox 1028 1211 1057 1250; x_wconf 89' lang='lat' dir='ltr'><strong>a</strong></span> <span class='ocrx_word' id='word_1_58' title='bbox 1089 1192 1346 1261; x_wconf 84' lang='lat' dir='ltr'><strong>Domino,</strong></span> <span class='ocrx_word' id='word_1_59' title='bbox 1377 1198 1434 1249; x_wconf 88' lang='lat' dir='ltr'><strong>et</strong></span> <span class='ocrx_word' id='word_1_60' title='bbox 1474 1196 1743 1262; x_wconf 74' lang='lat' dir='ltr'><strong>protector</strong></span> <span class='ocrx_word' id='word_1_61' title='bbox 1769 1201 1959 1245; x_wconf 85' lang='lat' dir='ltr'><strong>eorum</strong></span> <span class='ocrx_word' id='word_1_62' title='bbox 1985 1185 2041 1242; x_wconf 84' lang='lat' dir='ltr'><strong>in</strong></span> 
     </span>
    </p>
   </div>
   <div class='ocr_carea' id='block_1_14' title="bbox 476 1266 1974 1341">
    <p class='ocr_par' dir='ltr' id='par_1_14' title="bbox 476 1266 1974 1341">
     <span class='ocr_line' id='line_1_14' title="bbox 476 1266 1974 1341; baseline 0.011 -25"><span class='ocrx_word' id='word_1_63' title='bbox 476 1278 714 1341; x_wconf 71' lang='lat' dir='ltr'><strong>tempore</strong></span> <span class='ocrx_word' id='word_1_64' title='bbox 742 1266 1119 1341; x_wconf 68' lang='lat' dir='ltr'><strong>tribulationis.</strong></span> <span class='ocrx_word' id='word_1_65' title='bbox 1150 1335 1163 1341; x_wconf 32' lang='grc' dir='ltr'><strong>Δ</strong></span> <span class='ocrx_word' id='word_1_66' title='bbox 1292 1333 1308 1341; x_wconf 86' lang='lat'>_</span> <span class='ocrx_word' id='word_1_67' title='bbox 1461 1340 1469 1341; x_wconf 16' lang='grc' dir='ltr'>ί</span> <span class='ocrx_word' id='word_1_68' title='bbox 1580 1333 1593 1341; x_wconf 90' lang='lat'>_</span> <span class='ocrx_word' id='word_1_69' title='bbox 1747 1332 1759 1341; x_wconf 88' lang='lat'>_</span> <span class='ocrx_word' id='word_1_70' title='bbox 1960 1326 1974 1341; x_wconf 83' lang='lat'><strong>.</strong></span> 
     </span>
    </p>
   </div>
   <div class='ocr_carea' id='block_1_15' title="bbox 552 1332 2043 1402">
    <p class='ocr_par' dir='ltr' id='par_1_15' title="bbox 552 1332 2043 1402">
     <span class='ocr_line' id='line_1_15' title="bbox 552 1332 2043 1402; baseline -0.007 -7"><span class='ocrx_word' id='word_1_71' title='bbox 552 1332 743 1395; x_wconf 74' lang='lat' dir='ltr'><strong>Suavis</strong></span> <span class='ocrx_word' id='word_1_72' title='bbox 777 1339 1030 1393; x_wconf 81' lang='lat' dir='ltr'><strong>Dominus</strong></span> <span class='ocrx_word' id='word_1_73' title='bbox 1076 1333 1369 1402; x_wconf 82' lang='lat' dir='ltr'><strong>universis,</strong></span> <span class='ocrx_word' id='word_1_74' title='bbox 1419 1340 1477 1391; x_wconf 87' lang='lat' dir='ltr'><strong>et</strong></span> <span class='ocrx_word' id='word_1_75' title='bbox 1525 1332 1895 1391; x_wconf 78' lang='lat' dir='ltr'><strong>miserationes</strong></span> <span class='ocrx_word' id='word_1_76' title='bbox 1924 1332 2043 1400; x_wconf 85' lang='lat' dir='ltr'><strong>ejus</strong></span> 
     </span>
    </p>
   </div>
   <div class='ocr_carea' id='block_1_16' title="bbox 474 1410 1194 1477">
    <p class='ocr_par' dir='ltr' id='par_1_16' title="bbox 474 1410 1194 1477">
     <span class='ocr_line' id='line_1_16' title="bbox 474 1410 1194 1477; baseline -0.004 -12"><span class='ocrx_word' id='word_1_77' title='bbox 474 1424 635 1476; x_wconf 80' lang='lat' dir='ltr'><strong>super</strong></span> <span class='ocrx_word' id='word_1_78' title='bbox 658 1410 837 1464; x_wconf 87' lang='lat' dir='ltr'><strong>omnia</strong></span> <span class='ocrx_word' id='word_1_79' title='bbox 863 1423 1024 1477; x_wconf 80' lang='lat' dir='ltr'><strong>opera</strong></span> <span class='ocrx_word' id='word_1_80' title='bbox 1052 1410 1194 1475; x_wconf 81' lang='lat' dir='ltr'><strong>eius.</strong></span> 
     </span>
    </p>
   </div>
   <div class='ocr_carea' id='block_1_17' title="bbox 556 1469 2041 1549">
    <p class='ocr_par' dir='ltr' id='par_1_17' title="bbox 556 1469 2041 1549">
     <span class='ocr_line' id='line_1_17' title="bbox 556 1469 2041 1549; baseline -0.007 -13"><span class='ocrx_word' id='word_1_81' title='bbox 556 1478 789 1549; x_wconf 74' lang='lat' dir='ltr'><strong>Spiritus</strong></span> <span class='ocrx_word' id='word_1_82' title='bbox 809 1469 1036 1534; x_wconf 68' lang='lat' dir='ltr'><strong>ubi&#39;vult</strong></span> <span class='ocrx_word' id='word_1_83' title='bbox 1063 1469 1250 1543; x_wconf 68' lang='lat' dir='ltr'><strong>s&#39;pirat,</strong></span> <span class='ocrx_word' id='word_1_84' title='bbox 1300 1484 1355 1533; x_wconf 86' lang='lat' dir='ltr'><strong>et</strong></span> <span class='ocrx_word' id='word_1_85' title='bbox 1388 1489 1572 1549; x_wconf 71' lang='lat' dir='ltr'><strong>vocem</strong></span> <span class='ocrx_word' id='word_1_86' title='bbox 1600 1473 1718 1545; x_wconf 88' lang='lat' dir='ltr'><strong>eius</strong></span> <span class='ocrx_word' id='word_1_87' title='bbox 1747 1471 1923 1537; x_wconf 89' lang='lat' dir='ltr'><strong>audis,</strong></span> <span class='ocrx_word' id='word_1_88' title='bbox 1947 1469 2041 1527; x_wconf 85' lang='lat' dir='ltr'><strong>sed</strong></span> 
     </span>
    </p>
   </div>
   <div class='ocr_carea' id='block_1_18' title="bbox 474 1547 1506 1617">
    <p class='ocr_par' dir='ltr' id='par_1_18' title="bbox 474 1547 1506 1617">
     <span class='ocr_line' id='line_1_18' title="bbox 474 1547 1506 1617; baseline -0.006 -10"><span class='ocrx_word' id='word_1_89' title='bbox 474 1566 581 1607; x_wconf 84' lang='lat' dir='ltr'><strong>non</strong></span> <span class='ocrx_word' id='word_1_90' title='bbox 604 1547 713 1617; x_wconf 77' lang='lat' dir='ltr'><strong>scis</strong></span> <span class='ocrx_word' id='word_1_91' title='bbox 732 1549 874 1610; x_wconf 82' lang='lat' dir='ltr'><strong>unde</strong></span> <span class='ocrx_word' id='word_1_92' title='bbox 899 1550 1099 1616; x_wconf 81' lang='lat' dir='ltr'><strong>veniat,</strong></span> <span class='ocrx_word' id='word_1_93' title='bbox 1127 1556 1184 1602; x_wconf 89' lang='lat' dir='ltr'><strong>et</strong></span> <span class='ocrx_word' id='word_1_94' title='bbox 1205 1563 1309 1617; x_wconf 87' lang='lat' dir='ltr'><strong>quo</strong></span> <span class='ocrx_word' id='word_1_95' title='bbox 1330 1547 1506 1617; x_wconf 84' lang='lat' dir='ltr'><strong>vadat.</strong></span> 
     </span>
    </p>
   </div>
   <div class='ocr_carea' id='block_1_19' title="bbox 546 1612 2044 1691">
    <p class='ocr_par' dir='ltr' id='par_1_19' title="bbox 546 1612 2044 1691">
     <span class='ocr_line' id='line_1_19' title="bbox 546 1612 2044 1691; baseline -0.007 -15"><span class='ocrx_word' id='word_1_96' title='bbox 546 1614 779 1691; x_wconf 80' lang='lat' dir='ltr'><strong>Spiritus</strong></span> <span class='ocrx_word' id='word_1_97' title='bbox 804 1632 885 1675; x_wconf 78' lang='lat' dir='ltr'><strong>est</strong></span> <span class='ocrx_word' id='word_1_98' title='bbox 915 1612 1158 1685; x_wconf 56' lang='lat' dir='ltr'><strong>Deus,“</strong></span> <span class='ocrx_word' id='word_1_99' title='bbox 1185 1612 1281 1691; x_wconf 48' lang='lat' dir='ltr'><strong>eos</strong></span> <span class='ocrx_word' id='word_1_100' title='bbox 1308 1616 1398 1687; x_wconf 92' lang='lat' dir='ltr'><strong>qui</strong></span> <span class='ocrx_word' id='word_1_101' title='bbox 1428 1616 1650 1671; x_wconf 84' lang='lat' dir='ltr'><strong>adorant</strong></span> <span class='ocrx_word' id='word_1_102' title='bbox 1675 1628 1821 1680; x_wconf 86' lang='lat' dir='ltr'><strong>eum,</strong></span> <span class='ocrx_word' id='word_1_103' title='bbox 1851 1612 1904 1668; x_wconf 89' lang='lat' dir='ltr'><strong>in</strong></span> <span class='ocrx_word' id='word_1_104' title='bbox 1933 1612 2044 1683; x_wconf 87' lang='lat' dir='ltr'><strong>spi-</strong></span> 
     </span>
    </p>
   </div>
   <div class='ocr_carea' id='block_1_20' title="bbox 476 1688 1419 1759">
    <p class='ocr_par' dir='ltr' id='par_1_20' title="bbox 476 1688 1419 1759">
     <span class='ocr_line' id='line_1_20' title="bbox 476 1688 1419 1759; baseline -0.003 -13"><span class='ocrx_word' id='word_1_105' title='bbox 476 1688 665 1747; x_wconf 58' lang='lat' dir='ltr'><strong>ritu&#39;et</strong></span> <span class='ocrx_word' id='word_1_106' title='bbox 691 1691 917 1747; x_wconf 82' lang='lat' dir='ltr'><strong>veritate</strong></span> <span class='ocrx_word' id='word_1_107' title='bbox 943 1697 1157 1759; x_wconf 90' lang='lat' dir='ltr'><strong>oportet</strong></span> <span class='ocrx_word' id='word_1_108' title='bbox 1174 1688 1419 1743; x_wconf 87' lang='lat' dir='ltr'><strong>adorare.</strong></span> 
     </span>
    </p>
   </div>
   <div class='ocr_carea' id='block_1_21' title="bbox 2214 486 3712 573">
    <p class='ocr_par' dir='ltr' id='par_1_21' title="bbox 2214 486 3712 573">
     <span class='ocr_line' id='line_1_21' title="bbox 2214 486 3712 573; baseline -0.003 -28"><span class='ocrx_word' id='word_1_109' title='bbox 2214 491 2564 573; x_wconf 74' lang='lat' dir='ltr'><strong>Solitudinem</strong></span> <span class='ocrx_word' id='word_1_110' title='bbox 2589 490 2812 560; x_wconf 66' lang='lat' dir='ltr'><strong>quierit,</strong></span> <span class='ocrx_word' id='word_1_111' title='bbox 2863 487 2950 556; x_wconf 90' lang='lat' dir='ltr'><strong>qui</strong></span> <span class='ocrx_word' id='word_1_112' title='bbox 2981 500 3100 541; x_wconf 87' lang='lat' dir='ltr'><strong>cum</strong></span> <span class='ocrx_word' id='word_1_113' title='bbox 3132 486 3500 539; x_wconf 73' lang='lat' dir='ltr'><strong>innocentibus</strong></span> <span class='ocrx_word' id='word_1_114' title='bbox 3523 486 3712 541; x_wconf 86' lang='lat' dir='ltr'><strong>vivere</strong></span> 
     </span>
    </p>
   </div>
   <div class='ocr_carea' id='block_1_22' title="bbox 2143 572 3710 693">
    <p class='ocr_par' dir='ltr' id='par_1_22' title="bbox 2143 572 3710 693">
     <span class='ocr_line' id='line_1_22' title="bbox 2143 572 3710 693; baseline -0.007 0"><span class='ocrx_word' id='word_1_115' title='bbox 2143 572 2597 693; x_wconf 14' lang='lat' dir='ltr'><strong>cingiiitilitudioes</strong></span> <span class='ocrx_word' id='word_1_116' title='bbox 2663 645 2841 686; x_wconf 86' lang='lat' dir='ltr'><strong>rerum</strong></span> <span class='ocrx_word' id='word_1_117' title='bbox 2892 628 3159 682; x_wconf 87' lang='lat' dir='ltr'><strong>variarum</strong></span> <span class='ocrx_word' id='word_1_118' title='bbox 3191 625 3257 681; x_wconf 90' lang='lat' dir='ltr'><strong>ad</strong></span> <span class='ocrx_word' id='word_1_119' title='bbox 3303 625 3710 682; x_wconf 76' lang='lat' dir='ltr'><strong>:edilicationem</strong></span> 
     </span>
    </p>
   </div>
   <div class='ocr_carea' id='block_1_23' title="bbox 2142 699 3167 772">
    <p class='ocr_par' dir='ltr' id='par_1_23' title="bbox 2142 699 3167 772">
     <span class='ocr_line' id='line_1_23' title="bbox 2142 699 3167 772; baseline -0.004 -14"><span class='ocrx_word' id='word_1_120' title='bbox 2142 710 2380 758; x_wconf 82' lang='lat' dir='ltr'><strong>nostram</strong></span> <span class='ocrx_word' id='word_1_121' title='bbox 2406 702 2603 772; x_wconf 87' lang='lat' dir='ltr'><strong>iugiter</strong></span> <span class='ocrx_word' id='word_1_122' title='bbox 2631 699 2990 772; x_wconf 66' lang='lat' dir='ltr'><strong>proponenda:</strong></span> <span class='ocrx_word' id='word_1_123' title='bbox 3019 706 3167 772; x_wconf 82' lang='lat' dir='ltr'><strong>sunt.</strong></span> 
     </span>
    </p>
   </div>
   <div class='ocr_carea' id='block_1_24' title="bbox 2212 767 3707 839">
    <p class='ocr_par' dir='ltr' id='par_1_24' title="bbox 2212 767 3707 839">
     <span class='ocr_line' id='line_1_24' title="bbox 2212 767 3707 839; baseline -0.005 -9"><span class='ocrx_word' id='word_1_124' title='bbox 2212 773 2363 831; x_wconf 86' lang='lat' dir='ltr'><strong>Sicut</strong></span> <span class='ocrx_word' id='word_1_125' title='bbox 2387 767 2533 827; x_wconf 67' lang='lat' dir='ltr'><strong>cauis</strong></span> <span class='ocrx_word' id='word_1_126' title='bbox 2558 767 2778 831; x_wconf 82' lang='lat' dir='ltr'><strong>revertit</strong></span> <span class='ocrx_word' id='word_1_127' title='bbox 2802 769 2867 823; x_wconf 88' lang='lat' dir='ltr'><strong>ad</strong></span> <span class='ocrx_word' id='word_1_128' title='bbox 2894 770 3154 824; x_wconf 87' lang='lat' dir='ltr'><strong>vomitum</strong></span> <span class='ocrx_word' id='word_1_129' title='bbox 3185 783 3363 835; x_wconf 88' lang='lat' dir='ltr'><strong>suum,</strong></span> <span class='ocrx_word' id='word_1_130' title='bbox 3396 767 3473 825; x_wconf 88' lang='lat' dir='ltr'><strong>sic</strong></span> <span class='ocrx_word' id='word_1_131' title='bbox 3498 767 3707 839; x_wconf 88' lang='lat' dir='ltr'><strong>impru-</strong></span> 
     </span>
    </p>
   </div>
   <div class='ocr_carea' id='block_1_25' title="bbox 2140 842 2965 899">
    <p class='ocr_par' dir='ltr' id='par_1_25' title="bbox 2140 842 2965 899">
     <span class='ocr_line' id='line_1_25' title="bbox 2140 842 2965 899; baseline -0.005 -1"><span class='ocrx_word' id='word_1_132' title='bbox 2140 842 2275 898; x_wconf 85' lang='lat' dir='ltr'><strong>dens</strong></span> <span class='ocrx_word' id='word_1_133' title='bbox 2304 842 2582 899; x_wconf 79' lang='lat' dir='ltr'><strong>stultitiam</strong></span> <span class='ocrx_word' id='word_1_134' title='bbox 2608 857 2757 896; x_wconf 84' lang='lat' dir='ltr'><strong>suam</strong></span> <span class='ocrx_word' id='word_1_135' title='bbox 2791 844 2965 895; x_wconf 90' lang='lat' dir='ltr'><strong>iterat.</strong></span> 
     </span>
    </p>
   </div>
   <div class='ocr_carea' id='block_1_26' title="bbox 2211 908 3703 985">
    <p class='ocr_par' dir='ltr' id='par_1_26' title="bbox 2211 908 3703 985">
     <span class='ocr_line' id='line_1_26' title="bbox 2211 908 3703 985; baseline -0.004 -16"><span class='ocrx_word' id='word_1_136' title='bbox 2211 910 2359 970; x_wconf 87' lang='lat' dir='ltr'><strong>Sicut</strong></span> <span class='ocrx_word' id='word_1_137' title='bbox 2411 929 2547 985; x_wconf 89' lang='lat' dir='ltr'><strong>aqua</strong></span> <span class='ocrx_word' id='word_1_138' title='bbox 2603 911 2898 982; x_wconf 71' lang='lat' dir='ltr'><strong>exstinguit</strong></span> <span class='ocrx_word' id='word_1_139' title='bbox 2958 908 3178 980; x_wconf 84' lang='lat' dir='ltr'><strong>ignem,</strong></span> <span class='ocrx_word' id='word_1_140' title='bbox 3234 910 3303 965; x_wconf 89' lang='lat' dir='ltr'><strong>ita</strong></span> <span class='ocrx_word' id='word_1_141' title='bbox 3356 912 3703 981; x_wconf 77' lang='lat' dir='ltr'><strong>eleemosyna</strong></span> 
     </span>
    </p>
   </div>
   <div class='ocr_carea' id='block_1_27' title="bbox 2142 996 3709 1181">
    <p class='ocr_par' dir='ltr' id='par_1_27' title="bbox 2142 996 3709 1181">
     <span class='ocr_line' id='line_1_27' title="bbox 2142 996 3709 1181; baseline -0.003 -71"><span class='ocrx_word' id='word_1_142' title='bbox 2142 996 2522 1181; x_wconf 47' lang='lat' dir='ltr'><strong>Lmsﬂméus</strong></span> <span class='ocrx_word' id='word_1_143' title='bbox 2547 1068 2738 1109; x_wconf 86' lang='lat' dir='ltr'><strong>nomen</strong></span> <span class='ocrx_word' id='word_1_144' title='bbox 2762 1052 2963 1109; x_wconf 88' lang='lat' dir='ltr'><strong>habere</strong></span> <span class='ocrx_word' id='word_1_145' title='bbox 2984 1050 3101 1107; x_wconf 87' lang='lat' dir='ltr'><strong>sine</strong></span> <span class='ocrx_word' id='word_1_146' title='bbox 3125 1048 3399 1120; x_wconf 84' lang='lat' dir='ltr'><strong>operibus,</strong></span> <span class='ocrx_word' id='word_1_147' title='bbox 3426 1050 3555 1105; x_wconf 86' lang='lat' dir='ltr'><strong>nulli</strong></span> <span class='ocrx_word' id='word_1_148' title='bbox 3590 1064 3709 1121; x_wconf 88' lang='lat' dir='ltr'><strong>pro-</strong></span> 
     </span>
     <span class='ocr_line' id='line_1_28' title="bbox 2177 1137 2285 1181; baseline 0 0"><span class='ocrx_word' id='word_1_149' title='bbox 2177 1137 2285 1181; x_wconf 86' lang='lat' dir='ltr'><strong>est.</strong></span> 
     </span>
    </p>
   </div>
   <div class='ocr_carea' id='block_1_28' title="bbox 2144 1137 3713 1322">
    <p class='ocr_par' dir='ltr' id='par_1_28' title="bbox 2144 1137 3713 1322">
     <span class='ocr_line' id='line_1_29' title="bbox 2144 1137 3713 1322; baseline -0.004 -69"><span class='ocrx_word' id='word_1_150' title='bbox 2144 1137 2436 1322; x_wconf 46' lang='lat' dir='ltr'><strong>:eSgpiens</strong></span> <span class='ocrx_word' id='word_1_151' title='bbox 2484 1204 2588 1261; x_wconf 86' lang='lat' dir='ltr'><strong>est,</strong></span> <span class='ocrx_word' id='word_1_152' title='bbox 2639 1197 2726 1264; x_wconf 86' lang='lat' dir='ltr'><strong>qui</strong></span> <span class='ocrx_word' id='word_1_153' title='bbox 2773 1193 2929 1251; x_wconf 77' lang='lat' dir='ltr'><strong>factis</strong></span> <span class='ocrx_word' id='word_1_154' title='bbox 2971 1191 3087 1259; x_wconf 86' lang='lat' dir='ltr'><strong>plus</strong></span> <span class='ocrx_word' id='word_1_155' title='bbox 3138 1206 3298 1261; x_wconf 85' lang='lat' dir='ltr'><strong>quam</strong></span> <span class='ocrx_word' id='word_1_156' title='bbox 3349 1194 3527 1248; x_wconf 86' lang='lat' dir='ltr'><strong>verbis</strong></span> <span class='ocrx_word' id='word_1_157' title='bbox 3576 1192 3713 1247; x_wconf 85' lang='lat' dir='ltr'><strong>alios</strong></span> 
     </span>
     <span class='ocr_line' id='line_1_30' title="bbox 2180 1277 2317 1322; baseline -0.007 0"><span class='ocrx_word' id='word_1_158' title='bbox 2180 1277 2317 1322; x_wconf 87' lang='lat' dir='ltr'><strong>ocet.</strong></span> 
     </span>
    </p>
   </div>
   <div class='ocr_carea' id='block_1_29' title="bbox 2180 1277 3710 1405">
    <p class='ocr_par' dir='ltr' id='par_1_29' title="bbox 2180 1277 3710 1405">
     <span class='ocr_line' id='line_1_31' title="bbox 2180 1277 3710 1405; baseline -0.004 -10"><span class='ocrx_word' id='word_1_159' title='bbox 2180 1277 2371 1395; x_wconf 48' lang='lat' dir='ltr'><strong>Galus</strong></span> <span class='ocrx_word' id='word_1_160' title='bbox 2408 1344 2495 1393; x_wconf 87' lang='lat' dir='ltr'><strong>est</strong></span> <span class='ocrx_word' id='word_1_161' title='bbox 2537 1334 2784 1402; x_wconf 87' lang='lat' dir='ltr'><strong>divitum,</strong></span> <span class='ocrx_word' id='word_1_162' title='bbox 2819 1332 3111 1391; x_wconf 89' lang='lat' dir='ltr'><strong>subvenire</strong></span> <span class='ocrx_word' id='word_1_163' title='bbox 3139 1334 3547 1389; x_wconf 81' lang='lat' dir='ltr'><strong>necessitatibus</strong></span> <span class='ocrx_word' id='word_1_164' title='bbox 3578 1347 3710 1405; x_wconf 83' lang='lat' dir='ltr'><strong>pau-</strong></span> 
     </span>
    </p>
   </div>
   <div class='ocr_carea' id='block_1_30' title="bbox 2145 1424 3566 1549">
    <p class='ocr_par' dir='ltr' id='par_1_30' title="bbox 2145 1424 3566 1549">
     <span class='ocr_line' id='line_1_32' title="bbox 2145 1424 3566 1549; baseline -0.004 -15"><span class='ocrx_word' id='word_1_165' title='bbox 2145 1424 2450 1549; x_wconf 54' lang='grc' dir='ltr'>Ρθὲξιῐὲἱῖιςιι</span> <span class='ocrx_word' id='word_1_166' title='bbox 2477 1477 2820 1535; x_wconf 71' lang='lat' dir='ltr'><strong>contumelia:</strong></span> <span class='ocrx_word' id='word_1_167' title='bbox 2846 1475 3014 1530; x_wconf 88' lang='lat' dir='ltr'><strong>virtus</strong></span> <span class='ocrx_word' id='word_1_168' title='bbox 3038 1473 3250 1549; x_wconf 79' lang='lat' dir='ltr'><strong>repellit</strong></span> <span class='ocrx_word' id='word_1_169' title='bbox 3274 1474 3566 1549; x_wconf 66' lang='lat' dir='ltr'><strong>patientiae.</strong></span> 
     </span>
    </p>
   </div>
   <div class='ocr_carea' id='block_1_31' title="bbox 2214 1544 3707 1620">
    <p class='ocr_par' dir='ltr' id='par_1_31' title="bbox 2214 1544 3707 1620">
     <span class='ocr_line' id='line_1_33' title="bbox 2214 1544 3707 1620; baseline -0.001 -19"><span class='ocrx_word' id='word_1_170' title='bbox 2214 1544 2536 1619; x_wconf 74' lang='lat' dir='ltr'><strong>Scorpiones</strong></span> <span class='ocrx_word' id='word_1_171' title='bbox 2579 1551 2685 1607; x_wconf 89' lang='lat' dir='ltr'><strong>dici</strong></span> <span class='ocrx_word' id='word_1_172' title='bbox 2732 1557 2976 1620; x_wconf 80' lang='lat' dir='ltr'><strong>possunt,</strong></span> <span class='ocrx_word' id='word_1_173' title='bbox 3003 1546 3092 1614; x_wconf 89' lang='lat' dir='ltr'><strong>qui</strong></span> <span class='ocrx_word' id='word_1_174' title='bbox 3118 1546 3271 1601; x_wconf 86' lang='lat' dir='ltr'><strong>benis</strong></span> <span class='ocrx_word' id='word_1_175' title='bbox 3299 1544 3524 1620; x_wconf 76' lang='lat' dir='ltr'><strong>quidem</strong></span> <span class='ocrx_word' id='word_1_176' title='bbox 3550 1546 3599 1620; x_wconf 80' lang='lat' dir='ltr'><strong>in</strong></span> <span class='ocrx_word' id='word_1_177' title='bbox 3631 1544 3707 1600; x_wconf 54' lang='lat' dir='ltr'><strong>fac</strong></span> 
     </span>
    </p>
   </div>
   <div class='ocr_carea' id='block_1_32' title="bbox 2143 1615 3716 1746">
    <p class='ocr_par' dir='ltr' id='par_1_32' title="bbox 2143 1615 3716 1746">
     <span class='ocr_line' id='line_1_34' title="bbox 2143 1615 3716 1746; baseline -0.004 -70"><span class='ocrx_word' id='word_1_178' title='bbox 2143 1620 2229 1746; x_wconf 55' lang='lat' dir='ltr'><strong>fie</strong></span> <span class='ocrx_word' id='word_1_179' title='bbox 2255 1615 2365 1676; x_wconf 85' lang='lat' dir='ltr'><strong>non</strong></span> <span class='ocrx_word' id='word_1_180' title='bbox 2392 1621 2687 1689; x_wconf 86' lang='lat' dir='ltr'><strong>resistunt,</strong></span> <span class='ocrx_word' id='word_1_181' title='bbox 2734 1615 2835 1676; x_wconf 75' lang='lat' dir='ltr'><strong>sed</strong></span> <span class='ocrx_word' id='word_1_182' title='bbox 2864 1632 2985 1672; x_wconf 78' lang='lat' dir='ltr'><strong>mox</strong></span> <span class='ocrx_word' id='word_1_183' title='bbox 3028 1631 3153 1672; x_wconf 89' lang='lat' dir='ltr'><strong>cum</strong></span> <span class='ocrx_word' id='word_1_184' title='bbox 3184 1615 3509 1671; x_wconf 76' lang='lat' dir='ltr'><strong>recesserint</strong></span> <span class='ocrx_word' id='word_1_185' title='bbox 3537 1616 3716 1671; x_wconf 84' lang='lat' dir='ltr'><strong>detra-</strong></span> 
     </span>
     <span class='ocr_line' id='line_1_35' title="bbox 2164 1698 2297 1746; baseline -0.015 0"><span class='ocrx_word' id='word_1_186' title='bbox 2164 1698 2297 1746; x_wconf 84' lang='lat' dir='ltr'><strong>iunt.</strong></span> 
     </span>
    </p>
   </div>
   <div class='ocr_carea' id='block_1_33' title="bbox 548 1752 3719 1836">
    <p class='ocr_par' dir='ltr' id='par_1_33' title="bbox 548 1752 3719 1836">
     <span class='ocr_line' id='line_1_36' title="bbox 548 1752 3719 1836; baseline -0.002 -20"><span class='ocrx_word' id='word_1_187' title='bbox 548 1763 603 1818; x_wconf 90' lang='lat' dir='ltr'><strong>Si</strong></span> <span class='ocrx_word' id='word_1_188' title='bbox 633 1775 819 1817; x_wconf 86' lang='lat' dir='ltr'><strong>manus</strong></span> <span class='ocrx_word' id='word_1_189' title='bbox 843 1769 931 1836; x_wconf 78' lang='lat' dir='ltr'><strong>tua</strong></span> <span class='ocrx_word' id='word_1_190' title='bbox 956 1752 1038 1836; x_wconf 71' lang='lat' dir='ltr'><strong>vel</strong></span> <span class='ocrx_word' id='word_1_191' title='bbox 1066 1773 1158 1830; x_wconf 84' lang='lat' dir='ltr'><strong>pes</strong></span> <span class='ocrx_word' id='word_1_192' title='bbox 1187 1771 1307 1814; x_wconf 88' lang='lat' dir='ltr'><strong>tuus</strong></span> <span class='ocrx_word' id='word_1_193' title='bbox 1334 1755 1661 1815; x_wconf 77' lang='lat' dir='ltr'><strong>scandalizet</strong></span> <span class='ocrx_word' id='word_1_194' title='bbox 1690 1763 1763 1824; x_wconf 84' lang='lat' dir='ltr'><strong>te,</strong></span> <span class='ocrx_word' id='word_1_195' title='bbox 1785 1752 2039 1812; x_wconf 80' lang='lat' dir='ltr'><strong>abscinde</strong></span> <span class='ocrx_word' id='word_1_196' title='bbox 2066 1774 2117 1836; x_wconf 75' lang='grc' dir='ltr'><strong>Β</strong></span> <span class='ocrx_word' id='word_1_197' title='bbox 2216 1761 2587 1836; x_wconf 77' lang='lat' dir='ltr'><strong>semetipsum</strong></span> <span class='ocrx_word' id='word_1_198' title='bbox 2616 1760 2884 1836; x_wconf 66' lang='lat' dir='ltr'><strong>abnegat,</strong></span> <span class='ocrx_word' id='word_1_199' title='bbox 2927 1758 3017 1829; x_wconf 90' lang='lat' dir='ltr'><strong>qui</strong></span> <span class='ocrx_word' id='word_1_200' title='bbox 3044 1800 3062 1827; x_wconf 89' lang='lat'><strong>,</strong></span> <span class='ocrx_word' id='word_1_201' title='bbox 3123 1757 3319 1836; x_wconf 86' lang='lat' dir='ltr'><strong>relicto_</strong></span> <span class='ocrx_word' id='word_1_202' title='bbox 3339 1756 3567 1836; x_wconf 72' lang='lat' dir='ltr'><strong>carnalis</strong></span> <span class='ocrx_word' id='word_1_203' title='bbox 3596 1756 3719 1836; x_wconf 61' lang='lat' dir='ltr'><strong>vim;</strong></span> 
     </span>
    </p>
   </div>
   <div class='ocr_carea' id='block_1_34' title="bbox 480 1830 1162 1901">
    <p class='ocr_par' dir='ltr' id='par_1_34' title="bbox 480 1830 1162 1901">
     <span class='ocr_line' id='line_1_37' title="bbox 480 1830 1162 1901; baseline -0.009 -13"><span class='ocrx_word' id='word_1_204' title='bbox 480 1831 633 1888; x_wconf 77' lang='lat' dir='ltr'><strong>illum</strong></span> <span class='ocrx_word' id='word_1_205' title='bbox 662 1842 713 1888; x_wconf 88' lang='lat' dir='ltr'><strong>et</strong></span> <span class='ocrx_word' id='word_1_206' title='bbox 744 1830 943 1901; x_wconf 73' lang='lat' dir='ltr'><strong>proiice</strong></span> <span class='ocrx_word' id='word_1_207' title='bbox 968 1833 1063 1885; x_wconf 76' lang='lat' dir='ltr'><strong>alis</strong></span> <span class='ocrx_word' id='word_1_208' title='bbox 1090 1840 1162 1885; x_wconf 92' lang='lat' dir='ltr'><strong>te.</strong></span> 
     </span>
    </p>
   </div>
   <div class='ocr_carea' id='block_1_35' title="bbox 545 1896 2039 1963">
    <p class='ocr_par' dir='ltr' id='par_1_35' title="bbox 545 1896 2039 1963">
     <span class='ocr_line' id='line_1_38' title="bbox 545 1896 2039 1963; baseline -0.005 -6"><span class='ocrx_word' id='word_1_209' title='bbox 545 1904 637 1959; x_wconf 82' lang='lat' dir='ltr'><strong>Sic</strong></span> <span class='ocrx_word' id='word_1_210' title='bbox 666 1896 804 1958; x_wconf 80' lang='lat' dir='ltr'><strong>Deus</strong></span> <span class='ocrx_word' id='word_1_211' title='bbox 827 1896 1011 1957; x_wconf 76' lang='lat' dir='ltr'><strong>dilexit</strong></span> <span class='ocrx_word' id='word_1_212' title='bbox 1042 1900 1318 1963; x_wconf 85' lang='lat' dir='ltr'><strong>mundum.</strong></span> <span class='ocrx_word' id='word_1_213' title='bbox 1364 1908 1422 1954; x_wconf 87' lang='lat' dir='ltr'><strong>ut</strong></span> <span class='ocrx_word' id='word_1_214' title='bbox 1452 1899 1645 1955; x_wconf 79' lang='lat' dir='ltr'><strong>Filium</strong></span> <span class='ocrx_word' id='word_1_215' title='bbox 1674 1908 1829 1952; x_wconf 88' lang='lat' dir='ltr'><strong>suum</strong></span> <span class='ocrx_word' id='word_1_216' title='bbox 1856 1896 2039 1963; x_wconf 85' lang='lat' dir='ltr'><strong>unige-</strong></span> 
     </span>
    </p>
   </div>
   <div class='ocr_carea' id='block_1_36' title="bbox 478 1970 2039 2039">
    <p class='ocr_par' dir='ltr' id='par_1_36' title="bbox 478 1970 2039 2039">
     <span class='ocr_line' id='line_1_39' title="bbox 478 1970 2039 2039; baseline -0.006 -10"><span class='ocrx_word' id='word_1_217' title='bbox 478 1973 646 2029; x_wconf 88' lang='lat' dir='ltr'><strong>nitum</strong></span> <span class='ocrx_word' id='word_1_218' title='bbox 672 1973 843 2035; x_wconf 87' lang='lat' dir='ltr'><strong>daret,</strong></span> <span class='ocrx_word' id='word_1_219' title='bbox 878 1980 935 2027; x_wconf 89' lang='lat' dir='ltr'><strong>ut</strong></span> <span class='ocrx_word' id='word_1_220' title='bbox 954 1971 1129 2026; x_wconf 89' lang='lat' dir='ltr'><strong>omnis</strong></span> <span class='ocrx_word' id='word_1_221' title='bbox 1157 1973 1244 2036; x_wconf 89' lang='lat' dir='ltr'><strong>qui</strong></span> <span class='ocrx_word' id='word_1_222' title='bbox 1273 1971 1442 2025; x_wconf 83' lang='lat' dir='ltr'><strong>credit</strong></span> <span class='ocrx_word' id='word_1_223' title='bbox 1474 1972 1526 2026; x_wconf 91' lang='lat' dir='ltr'><strong>in</strong></span> <span class='ocrx_word' id='word_1_224' title='bbox 1553 1970 1754 2039; x_wconf 87' lang='lat' dir='ltr'><strong>ipsum,</strong></span> <span class='ocrx_word' id='word_1_225' title='bbox 1780 1981 1885 2021; x_wconf 92' lang='lat' dir='ltr'><strong>non</strong></span> <span class='ocrx_word' id='word_1_226' title='bbox 1919 1980 2039 2037; x_wconf 87' lang='lat' dir='ltr'><strong>pcr-</strong></span> 
     </span>
    </p>
   </div>
   <div class='ocr_carea' id='block_1_37' title="bbox 474 2042 1419 2107">
    <p class='ocr_par' dir='ltr' id='par_1_37' title="bbox 474 2042 1419 2107">
     <span class='ocr_line' id='line_1_40' title="bbox 474 2042 1419 2107; baseline -0.008 -4"><span class='ocrx_word' id='word_1_227' title='bbox 474 2056 589 2107; x_wconf 77' lang='lat' dir='ltr'><strong>ell.</strong></span> <span class='ocrx_word' id='word_1_228' title='bbox 614 2044 710 2101; x_wconf 86' lang='lat' dir='ltr'><strong>sed</strong></span> <span class='ocrx_word' id='word_1_229' title='bbox 742 2044 935 2099; x_wconf 87' lang='lat' dir='ltr'><strong>habeat</strong></span> <span class='ocrx_word' id='word_1_230' title='bbox 960 2042 1120 2096; x_wconf 83' lang='lat' dir='ltr'><strong>vitam</strong></span> <span class='ocrx_word' id='word_1_231' title='bbox 1143 2051 1419 2097; x_wconf 71' lang='lat' dir='ltr'><strong>aeternam.</strong></span> 
     </span>
    </p>
   </div>
   <div class='ocr_carea' id='block_1_38' title="bbox 548 2104 2041 2198">
    <p class='ocr_par' dir='ltr' id='par_1_38' title="bbox 548 2104 2041 2198">
     <span class='ocr_line' id='line_1_41' title="bbox 548 2104 2041 2198; baseline -0.007 -27"><span class='ocrx_word' id='word_1_232' title='bbox 548 2104 605 2171; x_wconf 85' lang='lat' dir='ltr'><strong>Si</strong></span> <span class='ocrx_word' id='word_1_233' title='bbox 630 2113 925 2198; x_wconf 71' lang='lat' dir='ltr'><strong>peccaverit</strong></span> <span class='ocrx_word' id='word_1_234' title='bbox 955 2114 1025 2198; x_wconf 78' lang='lat' dir='ltr'><strong>_in</strong></span> <span class='ocrx_word' id='word_1_235' title='bbox 1076 2121 1128 2166; x_wconf 91' lang='lat' dir='ltr'><strong>te</strong></span> <span class='ocrx_word' id='word_1_236' title='bbox 1173 2112 1338 2198; x_wconf 57' lang='lat' dir='ltr'><strong>{mter</strong></span> <span class='ocrx_word' id='word_1_237' title='bbox 1379 2124 1501 2167; x_wconf 86' lang='lat' dir='ltr'><strong>tuus</strong></span> <span class='ocrx_word' id='word_1_238' title='bbox 1524 2150 1542 2177; x_wconf 93' lang='lat'><strong>,</strong></span> <span class='ocrx_word' id='word_1_239' title='bbox 1583 2108 1717 2165; x_wconf 86' lang='lat' dir='ltr'><strong>vade</strong></span> <span class='ocrx_word' id='word_1_240' title='bbox 1743 2118 1797 2165; x_wconf 91' lang='lat' dir='ltr'><strong>et</strong></span> <span class='ocrx_word' id='word_1_241' title='bbox 1829 2104 2041 2178; x_wconf 83' lang='lat' dir='ltr'><strong>corripe</strong></span> 
     </span>
    </p>
   </div>
   <div class='ocr_carea' id='block_1_39' title="bbox 476 2181 1351 2254">
    <p class='ocr_par' dir='ltr' id='par_1_39' title="bbox 476 2181 1351 2254">
     <span class='ocr_line' id='line_1_42' title="bbox 476 2181 1351 2254; baseline -0.005 -13"><span class='ocrx_word' id='word_1_242' title='bbox 476 2200 604 2241; x_wconf 79' lang='lat' dir='ltr'><strong>eum</strong></span> <span class='ocrx_word' id='word_1_243' title='bbox 634 2181 773 2241; x_wconf 88' lang='lat' dir='ltr'><strong>inter</strong></span> <span class='ocrx_word' id='word_1_244' title='bbox 798 2193 849 2241; x_wconf 88' lang='lat' dir='ltr'><strong>to</strong></span> <span class='ocrx_word' id='word_1_245' title='bbox 876 2192 931 2240; x_wconf 89' lang='lat' dir='ltr'><strong>et</strong></span> <span class='ocrx_word' id='word_1_246' title='bbox 955 2184 1128 2254; x_wconf 82' lang='lat' dir='ltr'><strong>ipsum</strong></span> <span class='ocrx_word' id='word_1_247' title='bbox 1156 2181 1351 2239; x_wconf 86' lang='lat' dir='ltr'><strong>solum.</strong></span> 
     </span>
    </p>
   </div>
   <div class='ocr_carea' id='block_1_40' title="bbox 549 2249 2043 2324">
    <p class='ocr_par' dir='ltr' id='par_1_40' title="bbox 549 2249 2043 2324">
     <span class='ocr_line' id='line_1_43' title="bbox 549 2249 2043 2324; baseline -0.004 -13"><span class='ocrx_word' id='word_1_248' title='bbox 549 2256 779 2312; x_wconf 84' lang='lat' dir='ltr'><strong>Sanctus</strong></span> <span class='ocrx_word' id='word_1_249' title='bbox 805 2249 1021 2324; x_wconf 77' lang='lat' dir='ltr'><strong>spiritus</strong></span> <span class='ocrx_word' id='word_1_250' title='bbox 1047 2254 1342 2322; x_wconf 70' lang='lat' dir='ltr'><strong>disciplina:</strong></span> <span class='ocrx_word' id='word_1_251' title='bbox 1370 2252 1532 2324; x_wconf 77' lang='lat' dir='ltr'><strong>fugiet</strong></span> <span class='ocrx_word' id='word_1_252' title='bbox 1556 2251 1760 2324; x_wconf 76' lang='lat' dir='ltr'><strong>(ictum,</strong></span> <span class='ocrx_word' id='word_1_253' title='bbox 1784 2260 1840 2306; x_wconf 90' lang='lat' dir='ltr'><strong>et</strong></span> <span class='ocrx_word' id='word_1_254' title='bbox 1866 2249 2043 2305; x_wconf 84' lang='lat' dir='ltr'><strong>aulert</strong></span> 
     </span>
    </p>
   </div>
   <div class='ocr_carea' id='block_1_41' title="bbox 476 2322 1790 2397">
    <p class='ocr_par' dir='ltr' id='par_1_41' title="bbox 476 2322 1790 2397">
     <span class='ocr_line' id='line_1_44' title="bbox 476 2322 1790 2397; baseline -0.005 -16"><span class='ocrx_word' id='word_1_255' title='bbox 476 2341 539 2387; x_wconf 84' lang='lat' dir='ltr'><strong>se</strong></span> <span class='ocrx_word' id='word_1_256' title='bbox 560 2340 589 2397; x_wconf 84' lang='lat' dir='ltr'><strong>a</strong></span> <span class='ocrx_word' id='word_1_257' title='bbox 612 2322 903 2397; x_wconf 82' lang='lat' dir='ltr'><strong>cogitation</strong></span> <span class='ocrx_word' id='word_1_258' title='bbox 927 2326 1026 2380; x_wconf 87' lang='lat' dir='ltr'><strong>bus</strong></span> <span class='ocrx_word' id='word_1_259' title='bbox 1053 2338 1172 2395; x_wconf 73' lang='lat' dir='ltr'><strong>qua:</strong></span> <span class='ocrx_word' id='word_1_260' title='bbox 1202 2326 1473 2397; x_wconf 77' lang='lat' dir='ltr'><strong>suntsine</strong></span> <span class='ocrx_word' id='word_1_261' title='bbox 1498 2322 1790 2380; x_wconf 86' lang='lat' dir='ltr'><strong>intellectu.</strong></span> 
     </span>
    </p>
   </div>
   <div class='ocr_carea' id='block_1_42' title="bbox 550 2396 1441 2464">
    <p class='ocr_par' dir='ltr' id='par_1_42' title="bbox 550 2396 1441 2464">
     <span class='ocr_line' id='line_1_45' title="bbox 550 2396 1441 2464; baseline -0.007 -10"><span class='ocrx_word' id='word_1_262' title='bbox 550 2396 821 2463; x_wconf 77' lang='lat' dir='ltr'><strong>Sapientis</strong></span> <span class='ocrx_word' id='word_1_263' title='bbox 848 2397 990 2452; x_wconf 89' lang='lat' dir='ltr'><strong>oculi</strong></span> <span class='ocrx_word' id='word_1_264' title='bbox 1016 2396 1070 2451; x_wconf 90' lang='lat' dir='ltr'><strong>in</strong></span> <span class='ocrx_word' id='word_1_265' title='bbox 1097 2396 1275 2464; x_wconf 81' lang='lat' dir='ltr'><strong>capite</strong></span> <span class='ocrx_word' id='word_1_266' title='bbox 1301 2396 1441 2463; x_wconf 87' lang='lat' dir='ltr'><strong>ejus.</strong></span> 
     </span>
    </p>
   </div>
   <div class='ocr_carea' id='block_1_43' title="bbox 550 2463 2043 2535">
    <p class='ocr_par' dir='ltr' id='par_1_43' title="bbox 550 2463 2043 2535">
     <span class='ocr_line' id='line_1_46' title="bbox 550 2463 2043 2535; baseline -0.003 -11"><span class='ocrx_word' id='word_1_267' title='bbox 550 2466 759 2524; x_wconf 88' lang='lat' dir='ltr'><strong>Sentite</strong></span> <span class='ocrx_word' id='word_1_268' title='bbox 786 2468 853 2522; x_wconf 89' lang='lat' dir='ltr'><strong>de</strong></span> <span class='ocrx_word' id='word_1_269' title='bbox 884 2468 1108 2523; x_wconf 87' lang='lat' dir='ltr'><strong>Domino</strong></span> <span class='ocrx_word' id='word_1_270' title='bbox 1129 2463 1183 2522; x_wconf 87' lang='lat' dir='ltr'><strong>in</strong></span> <span class='ocrx_word' id='word_1_271' title='bbox 1209 2465 1446 2522; x_wconf 85' lang='lat' dir='ltr'><strong>bonitate</strong></span> <span class='ocrx_word' id='word_1_272' title='bbox 1473 2504 1490 2530; x_wconf 91' lang='lat'><strong>,</strong></span> <span class='ocrx_word' id='word_1_273' title='bbox 1537 2464 1669 2522; x_wconf 89' lang='lat' dir='ltr'><strong>etin</strong></span> <span class='ocrx_word' id='word_1_274' title='bbox 1698 2463 2043 2535; x_wconf 86' lang='lat' dir='ltr'><strong>simplicitate</strong></span> 
     </span>
    </p>
   </div>
   <div class='ocr_carea' id='block_1_44' title="bbox 475 2537 1091 2607">
    <p class='ocr_par' dir='ltr' id='par_1_44' title="bbox 475 2537 1091 2607">
     <span class='ocr_line' id='line_1_47' title="bbox 475 2537 1091 2607; baseline -0.005 -13"><span class='ocrx_word' id='word_1_275' title='bbox 475 2539 655 2595; x_wconf 81' lang='lat' dir='ltr'><strong>cordis</strong></span> <span class='ocrx_word' id='word_1_276' title='bbox 675 2537 898 2607; x_wconf 69' lang='lat' dir='ltr'><strong>quaerite</strong></span> <span class='ocrx_word' id='word_1_277' title='bbox 922 2538 1091 2593; x_wconf 89' lang='lat' dir='ltr'><strong>illum.</strong></span> 
     </span>
    </p>
   </div>
   <div class='ocr_carea' id='block_1_45' title="bbox 550 2608 1436 2676">
    <p class='ocr_par' dir='ltr' id='par_1_45' title="bbox 550 2608 1436 2676">
     <span class='ocr_line' id='line_1_48' title="bbox 550 2608 1436 2676; baseline 0 -11"><span class='ocrx_word' id='word_1_278' title='bbox 550 2609 759 2665; x_wconf 79' lang='lat' dir='ltr'><strong>Stultus</strong></span> <span class='ocrx_word' id='word_1_279' title='bbox 790 2608 965 2664; x_wconf 74' lang='lat' dir='ltr'><strong>verbis</strong></span> <span class='ocrx_word' id='word_1_280' title='bbox 994 2624 1098 2664; x_wconf 82' lang='lat' dir='ltr'><strong>non</strong></span> <span class='ocrx_word' id='word_1_281' title='bbox 1129 2608 1436 2676; x_wconf 74' lang='lat' dir='ltr'><strong>corrigitur.</strong></span> 
     </span>
    </p>
   </div>
   <div class='ocr_carea' id='block_1_46' title="bbox 548 2675 2040 2749">
    <p class='ocr_par' dir='ltr' id='par_1_46' title="bbox 548 2675 2040 2749">
     <span class='ocr_line' id='line_1_49' title="bbox 548 2675 2040 2749; baseline -0.003 -13"><span class='ocrx_word' id='word_1_282' title='bbox 548 2680 777 2749; x_wconf 81' lang='lat' dir='ltr'><strong>Sapiens</strong></span> <span class='ocrx_word' id='word_1_283' title='bbox 800 2694 896 2736; x_wconf 88' lang='lat' dir='ltr'><strong>cor</strong></span> <span class='ocrx_word' id='word_1_284' title='bbox 922 2690 974 2734; x_wconf 91' lang='lat' dir='ltr'><strong>et</strong></span> <span class='ocrx_word' id='word_1_285' title='bbox 1006 2675 1337 2749; x_wconf 83' lang='lat' dir='ltr'><strong>intelligibile</strong></span> <span class='ocrx_word' id='word_1_286' title='bbox 1372 2679 1606 2749; x_wconf 78' lang='lat' dir='ltr'><strong>abstinet</strong></span> <span class='ocrx_word' id='word_1_287' title='bbox 1632 2693 1696 2735; x_wconf 86' lang='lat' dir='ltr'><strong>se</strong></span> <span class='ocrx_word' id='word_1_288' title='bbox 1730 2693 1759 2732; x_wconf 84' lang='lat' dir='ltr'><strong>a</strong></span> <span class='ocrx_word' id='word_1_289' title='bbox 1785 2675 2040 2749; x_wconf 75' lang='lat' dir='ltr'><strong>peccatis.</strong></span> 
     </span>
    </p>
   </div>
   <div class='ocr_carea' id='block_1_47' title="bbox 551 2747 2042 2821">
    <p class='ocr_par' dir='ltr' id='par_1_47' title="bbox 551 2747 2042 2821">
     <span class='ocr_line' id='line_1_50' title="bbox 551 2747 2042 2821; baseline -0.004 -13"><span class='ocrx_word' id='word_1_290' title='bbox 551 2747 788 2808; x_wconf 85' lang='lat' dir='ltr'><strong>Stultitia</strong></span> <span class='ocrx_word' id='word_1_291' title='bbox 811 2750 1061 2821; x_wconf 84' lang='lat' dir='ltr'><strong>colligata</strong></span> <span class='ocrx_word' id='word_1_292' title='bbox 1090 2747 1251 2806; x_wconf 80' lang='lat' dir='ltr'><strong>estin</strong></span> <span class='ocrx_word' id='word_1_293' title='bbox 1280 2748 1442 2806; x_wconf 89' lang='lat' dir='ltr'><strong>corde</strong></span> <span class='ocrx_word' id='word_1_294' title='bbox 1470 2751 1618 2819; x_wconf 88' lang='lat' dir='ltr'><strong>pueri</strong></span> <span class='ocrx_word' id='word_1_295' title='bbox 1642 2789 1656 2815; x_wconf 80' lang='lat'><strong>,</strong></span> <span class='ocrx_word' id='word_1_296' title='bbox 1703 2758 1759 2804; x_wconf 89' lang='lat' dir='ltr'><strong>et</strong></span> <span class='ocrx_word' id='word_1_297' title='bbox 1784 2748 1929 2818; x_wconf 78' lang='lat' dir='ltr'><strong>virga</strong></span> <span class='ocrx_word' id='word_1_298' title='bbox 1959 2747 2042 2802; x_wconf 88' lang='lat' dir='ltr'><strong>di-</strong></span> 
     </span>
    </p>
   </div>
   <div class='ocr_carea' id='block_1_48' title="bbox 479 2820 1103 2949">
    <p class='ocr_par' dir='ltr' id='par_1_48' title="bbox 479 2820 1103 2949">
     <span class='ocr_line' id='line_1_51' title="bbox 479 2820 1103 2887; baseline -0.002 -11"><span class='ocrx_word' id='word_1_299' title='bbox 479 2820 716 2887; x_wconf 71' lang='lat' dir='ltr'><strong>sciplinae</strong></span> <span class='ocrx_word' id='word_1_300' title='bbox 743 2820 796 2876; x_wconf 84' lang='lat' dir='ltr'><strong>fu</strong></span> <span class='ocrx_word' id='word_1_301' title='bbox 837 2820 1103 2878; x_wconf 79' lang='lat' dir='ltr'><strong>ahiteam.</strong></span> 
     </span>
     <span class='ocr_line' id='line_1_52' title="bbox 552 2838 1103 2949; baseline -0.004 -1"><span class='ocrx_word' id='word_1_302' title='bbox 552 2893 760 2948; x_wconf 83' lang='lat' dir='ltr'><strong>Statcra</strong></span> <span class='ocrx_word' id='word_1_303' title='bbox 788 2838 973 2949; x_wconf 42' lang='lat' dir='ltr'><strong>dolosa</strong></span> <span class='ocrx_word' id='word_1_304' title='bbox 1004 2894 1103 2947; x_wconf 90' lang='lat' dir='ltr'><strong>abo</strong></span> 
     </span>
    </p>
   </div>
   <div class='ocr_carea' id='block_1_49' title="bbox 552 2890 2042 2961">
    <p class='ocr_par' dir='ltr' id='par_1_49' title="bbox 552 2890 2042 2961">
     <span class='ocr_line' id='line_1_53' title="bbox 552 2890 2042 2961; baseline -0.004 -13"><span class='ocrx_word' id='word_1_305' title='bbox 552 2893 760 2948; x_wconf 83' lang='lat' dir='ltr'><strong>Statcra</strong></span> <span class='ocrx_word' id='word_1_306' title='bbox 788 2890 973 2949; x_wconf 86' lang='lat' dir='ltr'><strong>dolosa</strong></span> <span class='ocrx_word' id='word_1_307' title='bbox 1004 2892 1329 2947; x_wconf 87' lang='lat' dir='ltr'><strong>abominatio</strong></span> <span class='ocrx_word' id='word_1_308' title='bbox 1348 2899 1433 2948; x_wconf 87' lang='lat' dir='ltr'><strong>est</strong></span> <span class='ocrx_word' id='word_1_309' title='bbox 1456 2890 1596 2961; x_wconf 87' lang='lat' dir='ltr'><strong>apud</strong></span> <span class='ocrx_word' id='word_1_310' title='bbox 1621 2890 1805 2957; x_wconf 88' lang='lat' dir='ltr'><strong>Deum,</strong></span> <span class='ocrx_word' id='word_1_311' title='bbox 1831 2898 1885 2945; x_wconf 91' lang='lat' dir='ltr'><strong>et</strong></span> <span class='ocrx_word' id='word_1_312' title='bbox 1907 2900 2042 2958; x_wconf 79' lang='lat' dir='ltr'><strong>pon-</strong></span> 
     </span>
    </p>
   </div>
   <div class='ocr_carea' id='block_1_50' title="bbox 483 2964 1259 3033">
    <p class='ocr_par' dir='ltr' id='par_1_50' title="bbox 483 2964 1259 3033">
     <span class='ocr_line' id='line_1_54' title="bbox 483 2964 1259 3033; baseline 0 -14"><span class='ocrx_word' id='word_1_313' title='bbox 483 2964 585 3019; x_wconf 85' lang='lat' dir='ltr'><strong>dus</strong></span> <span class='ocrx_word' id='word_1_314' title='bbox 611 2977 820 3033; x_wconf 61' lang='lat' dir='ltr'><strong>squum</strong></span> <span class='ocrx_word' id='word_1_315' title='bbox 851 2964 1096 3018; x_wconf 76' lang='lat' dir='ltr'><strong>voluntas</strong></span> <span class='ocrx_word' id='word_1_316' title='bbox 1122 2964 1259 3032; x_wconf 78' lang='lat' dir='ltr'><strong>eius.</strong></span> 
     </span>
    </p>
   </div>
   <div class='ocr_carea' id='block_1_51' title="bbox 550 3031 2039 3104">
    <p class='ocr_par' dir='ltr' id='par_1_51' title="bbox 550 3031 2039 3104">
     <span class='ocr_line' id='line_1_55' title="bbox 550 3031 2039 3104; baseline -0.003 -15"><span class='ocrx_word' id='word_1_317' title='bbox 550 3031 773 3104; x_wconf 85' lang='lat' dir='ltr'><strong>Sapiens</strong></span> <span class='ocrx_word' id='word_1_318' title='bbox 817 3044 873 3090; x_wconf 90' lang='lat' dir='ltr'><strong>ut</strong></span> <span class='ocrx_word' id='word_1_319' title='bbox 920 3032 1002 3090; x_wconf 85' lang='lat' dir='ltr'><strong>sol</strong></span> <span class='ocrx_word' id='word_1_320' title='bbox 1032 3031 1345 3103; x_wconf 81' lang='lat' dir='ltr'><strong>permanet,</strong></span> <span class='ocrx_word' id='word_1_321' title='bbox 1386 3031 1584 3088; x_wconf 84' lang='lat' dir='ltr'><strong>stultus</strong></span> <span class='ocrx_word' id='word_1_322' title='bbox 1623 3040 1798 3086; x_wconf 83' lang='lat' dir='ltr'><strong>autem</strong></span> <span class='ocrx_word' id='word_1_323' title='bbox 1831 3040 1884 3083; x_wconf 95' lang='lat' dir='ltr'><strong>ut</strong></span> <span class='ocrx_word' id='word_1_324' title='bbox 1916 3031 2039 3085; x_wconf 85' lang='lat' dir='ltr'><strong>luna</strong></span> 
     </span>
    </p>
   </div>
   <div class='ocr_carea' id='block_1_52' title="bbox 478 3115 727 3159">
    <p class='ocr_par' dir='ltr' id='par_1_52' title="bbox 478 3115 727 3159">
     <span class='ocr_line' id='line_1_56' title="bbox 478 3115 727 3159; baseline 0.012 -2"><span class='ocrx_word' id='word_1_325' title='bbox 478 3115 727 3159; x_wconf 75' lang='lat' dir='ltr'><strong>mutatur.</strong></span> 
     </span>
    </p>
   </div>
   <div class='ocr_carea' id='block_1_53' title="bbox 551 3171 1904 3245">
    <p class='ocr_par' dir='ltr' id='par_1_53' title="bbox 551 3171 1904 3245">
     <span class='ocr_line' id='line_1_57' title="bbox 551 3171 1904 3245; baseline -0.001 -16"><span class='ocrx_word' id='word_1_326' title='bbox 551 3174 730 3245; x_wconf 81' lang='lat' dir='ltr'><strong>Semel</strong></span> <span class='ocrx_word' id='word_1_327' title='bbox 757 3175 989 3245; x_wconf 88' lang='lat' dir='ltr'><strong>loquitur</strong></span> <span class='ocrx_word' id='word_1_328' title='bbox 1018 3172 1183 3240; x_wconf 83' lang='lat' dir='ltr'><strong>Deus,</strong></span> <span class='ocrx_word' id='word_1_329' title='bbox 1214 3181 1268 3229; x_wconf 87' lang='lat' dir='ltr'><strong>et</strong></span> <span class='ocrx_word' id='word_1_330' title='bbox 1296 3172 1530 3229; x_wconf 83' lang='lat' dir='ltr'><strong>secundo</strong></span> <span class='ocrx_word' id='word_1_331' title='bbox 1559 3171 1904 3245; x_wconf 13' lang='lat' dir='ltr'><strong>nonrrepetit.</strong></span> 
     </span>
    </p>
   </div>
   <div class='ocr_carea' id='block_1_54' title="bbox 552 3244 2033 3314">
    <p class='ocr_par' dir='ltr' id='par_1_54' title="bbox 552 3244 2033 3314">
     <span class='ocr_line' id='line_1_58' title="bbox 552 3244 2033 3314; baseline -0.003 -14"><span class='ocrx_word' id='word_1_332' title='bbox 552 3244 878 3313; x_wconf 83' lang='lat' dir='ltr'><strong>Sapientiam</strong></span> <span class='ocrx_word' id='word_1_333' title='bbox 903 3246 1139 3301; x_wconf 88' lang='lat' dir='ltr'><strong>omnium</strong></span> <span class='ocrx_word' id='word_1_334' title='bbox 1168 3246 1505 3314; x_wconf 86' lang='lat' dir='ltr'><strong>antiquorum</strong></span> <span class='ocrx_word' id='word_1_335' title='bbox 1529 3244 1757 3313; x_wconf 77' lang='lat' dir='ltr'><strong>exquirit</strong></span> <span class='ocrx_word' id='word_1_336' title='bbox 1798 3244 2033 3311; x_wconf 86' lang='lat' dir='ltr'><strong>sapiens.</strong></span> 
     </span>
    </p>
   </div>
   <div class='ocr_carea' id='block_1_55' title="bbox 552 3314 2037 3388">
    <p class='ocr_par' dir='ltr' id='par_1_55' title="bbox 552 3314 2037 3388">
     <span class='ocr_line' id='line_1_59' title="bbox 552 3314 2037 3388; baseline 0.003 -23"><span class='ocrx_word' id='word_1_337' title='bbox 552 3316 824 3388; x_wconf 71' lang='lat' dir='ltr'><strong>Sapientia</strong></span> <span class='ocrx_word' id='word_1_338' title='bbox 866 3316 1177 3388; x_wconf 76' lang='lat' dir='ltr'><strong>abscondita</strong></span> <span class='ocrx_word' id='word_1_339' title='bbox 1225 3325 1280 3372; x_wconf 89' lang='lat' dir='ltr'><strong>et</strong></span> <span class='ocrx_word' id='word_1_340' title='bbox 1322 3318 1601 3371; x_wconf 78' lang='lat' dir='ltr'><strong>thesaurus</strong></span> <span class='ocrx_word' id='word_1_341' title='bbox 1647 3314 1888 3388; x_wconf 77' lang='lat' dir='ltr'><strong>invisus;</strong></span> <span class='ocrx_word' id='word_1_342' title='bbox 1917 3328 2037 3384; x_wconf 81' lang='lat' dir='ltr'><strong>quae</strong></span> 
     </span>
    </p>
   </div>
   <div class='ocr_carea' id='block_1_56' title="bbox 481 3386 1071 3455">
    <p class='ocr_par' dir='ltr' id='par_1_56' title="bbox 481 3386 1071 3455">
     <span class='ocr_line' id='line_1_60' title="bbox 481 3386 1071 3455; baseline 0.002 -15"><span class='ocrx_word' id='word_1_343' title='bbox 481 3386 678 3441; x_wconf 82' lang='lat' dir='ltr'><strong>utilitas</strong></span> <span class='ocrx_word' id='word_1_344' title='bbox 710 3388 761 3442; x_wconf 79' lang='lat' dir='ltr'><strong>in</strong></span> <span class='ocrx_word' id='word_1_345' title='bbox 794 3386 1071 3455; x_wconf 80' lang='lat' dir='ltr'><strong>utrisque?</strong></span> 
     </span>
    </p>
   </div>
   <div class='ocr_carea' id='block_1_57' title="bbox 552 3456 1525 3526">
    <p class='ocr_par' dir='ltr' id='par_1_57' title="bbox 552 3456 1525 3526">
     <span class='ocr_line' id='line_1_61' title="bbox 552 3456 1525 3526; baseline -0.003 -14"><span class='ocrx_word' id='word_1_346' title='bbox 552 3458 775 3525; x_wconf 86' lang='lat' dir='ltr'><strong>Sapiens</strong></span> <span class='ocrx_word' id='word_1_347' title='bbox 805 3459 980 3513; x_wconf 86' lang='lat' dir='ltr'><strong>verbis</strong></span> <span class='ocrx_word' id='word_1_348' title='bbox 1011 3456 1290 3513; x_wconf 70' lang='lat' dir='ltr'><strong>innotcsL-it</strong></span> <span class='ocrx_word' id='word_1_349' title='bbox 1320 3456 1525 3526; x_wconf 80' lang='lat' dir='ltr'><strong>paucis.</strong></span> 
     </span>
    </p>
   </div>
   <div class='ocr_carea' id='block_1_58' title="bbox 552 3524 2036 3597">
    <p class='ocr_par' dir='ltr' id='par_1_58' title="bbox 552 3524 2036 3597">
     <span class='ocr_line' id='line_1_62' title="bbox 552 3524 2036 3597; baseline -0.003 -13"><span class='ocrx_word' id='word_1_350' title='bbox 552 3524 759 3594; x_wconf 84' lang='lat' dir='ltr'><strong>Septies</strong></span> <span class='ocrx_word' id='word_1_351' title='bbox 805 3529 946 3583; x_wconf 86' lang='lat' dir='ltr'><strong>cadit</strong></span> <span class='ocrx_word' id='word_1_352' title='bbox 986 3528 1203 3597; x_wconf 88' lang='lat' dir='ltr'><strong>iustus,</strong></span> <span class='ocrx_word' id='word_1_353' title='bbox 1244 3535 1298 3583; x_wconf 88' lang='lat' dir='ltr'><strong>et</strong></span> <span class='ocrx_word' id='word_1_354' title='bbox 1324 3524 1616 3597; x_wconf 72' lang='lat' dir='ltr'><strong>resurget;</strong></span> <span class='ocrx_word' id='word_1_355' title='bbox 1665 3524 1809 3597; x_wconf 84' lang='lat' dir='ltr'><strong>impii</strong></span> <span class='ocrx_word' id='word_1_356' title='bbox 1858 3534 2036 3580; x_wconf 86' lang='lat' dir='ltr'><strong>autem</strong></span> 
     </span>
    </p>
   </div>
   <div class='ocr_carea' id='block_1_59' title="bbox 481 3598 1062 3656">
    <p class='ocr_par' dir='ltr' id='par_1_59' title="bbox 481 3598 1062 3656">
     <span class='ocr_line' id='line_1_63' title="bbox 481 3598 1062 3656; baseline 0 -2"><span class='ocrx_word' id='word_1_357' title='bbox 481 3611 731 3654; x_wconf 77' lang='lat' dir='ltr'><strong>corruunt</strong></span> <span class='ocrx_word' id='word_1_358' title='bbox 762 3598 814 3654; x_wconf 89' lang='lat' dir='ltr'><strong>in</strong></span> <span class='ocrx_word' id='word_1_359' title='bbox 845 3600 1062 3656; x_wconf 86' lang='lat' dir='ltr'><strong>malum.</strong></span> 
     </span>
    </p>
   </div>
   <div class='ocr_carea' id='block_1_60' title="bbox 552 3668 1463 3725">
    <p class='ocr_par' dir='ltr' id='par_1_60' title="bbox 552 3668 1463 3725">
     <span class='ocr_line' id='line_1_64' title="bbox 552 3668 1463 3725; baseline -0.001 -1"><span class='ocrx_word' id='word_1_360' title='bbox 552 3670 740 3724; x_wconf 88' lang='lat' dir='ltr'><strong>Sermo</strong></span> <span class='ocrx_word' id='word_1_361' title='bbox 767 3670 931 3725; x_wconf 90' lang='lat' dir='ltr'><strong>durus</strong></span> <span class='ocrx_word' id='word_1_362' title='bbox 959 3672 1179 3725; x_wconf 84' lang='lat' dir='ltr'><strong>suscitat</strong></span> <span class='ocrx_word' id='word_1_363' title='bbox 1206 3668 1463 3723; x_wconf 76' lang='lat' dir='ltr'><strong>furorem.</strong></span> 
     </span>
    </p>
   </div>
   <div class='ocr_carea' id='block_1_61' title="bbox 552 3738 1466 3806">
    <p class='ocr_par' dir='ltr' id='par_1_61' title="bbox 552 3738 1466 3806">
     <span class='ocr_line' id='line_1_65' title="bbox 552 3738 1466 3806; baseline -0.004 -9"><span class='ocrx_word' id='word_1_364' title='bbox 552 3738 770 3797; x_wconf 88' lang='lat' dir='ltr'><strong>Somnia</strong></span> <span class='ocrx_word' id='word_1_365' title='bbox 792 3742 1054 3797; x_wconf 78' lang='lat' dir='ltr'><strong>extollunt</strong></span> <span class='ocrx_word' id='word_1_366' title='bbox 1081 3739 1466 3806; x_wconf 87' lang='lat' dir='ltr'><strong>imprudentes.</strong></span> 
     </span>
    </p>
   </div>
   <div class='ocr_carea' id='block_1_62' title="bbox 554 3808 1599 3882">
    <p class='ocr_par' dir='ltr' id='par_1_62' title="bbox 554 3808 1599 3882">
     <span class='ocr_line' id='line_1_66' title="bbox 554 3808 1599 3882; baseline -0.002 -17"><span class='ocrx_word' id='word_1_367' title='bbox 554 3808 750 3865; x_wconf 83' lang='lat' dir='ltr'><strong>Secura</strong></span> <span class='ocrx_word' id='word_1_368' title='bbox 780 3826 930 3868; x_wconf 84' lang='lat' dir='ltr'><strong>mens</strong></span> <span class='ocrx_word' id='word_1_369' title='bbox 956 3813 1102 3882; x_wconf 87' lang='lat' dir='ltr'><strong>quasi</strong></span> <span class='ocrx_word' id='word_1_370' title='bbox 1125 3810 1253 3880; x_wconf 76' lang='lat' dir='ltr'><strong>iuge</strong></span> <span class='ocrx_word' id='word_1_371' title='bbox 1281 3808 1599 3864; x_wconf 79' lang='lat' dir='ltr'><strong>convivium.</strong></span> 
     </span>
    </p>
   </div>
   <div class='ocr_carea' id='block_1_63' title="bbox 551 3878 2037 3953">
    <p class='ocr_par' dir='ltr' id='par_1_63' title="bbox 551 3878 2037 3953">
     <span class='ocr_line' id='line_1_67' title="bbox 551 3878 2037 3953; baseline -0.001 -17"><span class='ocrx_word' id='word_1_372' title='bbox 551 3881 765 3936; x_wconf 84' lang='lat' dir='ltr'><strong>Secreta</strong></span> <span class='ocrx_word' id='word_1_373' title='bbox 793 3884 934 3953; x_wconf 79' lang='lat' dir='ltr'><strong>regis</strong></span> <span class='ocrx_word' id='word_1_374' title='bbox 960 3878 1157 3953; x_wconf 73' lang='lat' dir='ltr'><strong>celare,</strong></span> <span class='ocrx_word' id='word_1_375' title='bbox 1186 3882 1380 3935; x_wconf 87' lang='lat' dir='ltr'><strong>bonum</strong></span> <span class='ocrx_word' id='word_1_376' title='bbox 1403 3888 1483 3935; x_wconf 87' lang='lat' dir='ltr'><strong>est</strong></span> <span class='ocrx_word' id='word_1_377' title='bbox 1506 3894 1527 3945; x_wconf 64' lang='grc' dir='ltr'>ς</span> <span class='ocrx_word' id='word_1_378' title='bbox 1552 3878 1814 3949; x_wconf 79' lang='lat' dir='ltr'><strong>magnalia</strong></span> <span class='ocrx_word' id='word_1_379' title='bbox 1857 3890 2037 3934; x_wconf 80' lang='lat' dir='ltr'><strong>autem</strong></span> 
     </span>
    </p>
   </div>
   <div class='ocr_carea' id='block_1_64' title="bbox 485 3952 1380 4019">
    <p class='ocr_par' dir='ltr' id='par_1_64' title="bbox 485 3952 1380 4019">
     <span class='ocr_line' id='line_1_68' title="bbox 485 3952 1380 4019; baseline -0.001 -14"><span class='ocrx_word' id='word_1_380' title='bbox 485 3952 577 4005; x_wconf 85' lang='lat' dir='ltr'><strong>Dei</strong></span> <span class='ocrx_word' id='word_1_381' title='bbox 608 3952 871 4019; x_wconf 78' lang='lat' dir='ltr'><strong>revelare,</strong></span> <span class='ocrx_word' id='word_1_382' title='bbox 901 3952 1249 4007; x_wconf 75' lang='lat' dir='ltr'><strong>honoriﬁcum</strong></span> <span class='ocrx_word' id='word_1_383' title='bbox 1280 3959 1380 4006; x_wconf 86' lang='lat' dir='ltr'><strong>est.</strong></span> 
     </span>
    </p>
   </div>
   <div class='ocr_carea' id='block_1_65' title="bbox 559 4023 1610 4080">
    <p class='ocr_par' dir='ltr' id='par_1_65' title="bbox 559 4023 1610 4080">
     <span class='ocr_line' id='line_1_69' title="bbox 559 4023 1610 4080; baseline -0.005 0"><span class='ocrx_word' id='word_1_384' title='bbox 559 4023 761 4080; x_wconf 82' lang='lat' dir='ltr'><strong>Stultus</strong></span> <span class='ocrx_word' id='word_1_385' title='bbox 790 4023 844 4079; x_wconf 90' lang='lat' dir='ltr'><strong>in</strong></span> <span class='ocrx_word' id='word_1_386' title='bbox 875 4025 985 4079; x_wconf 89' lang='lat' dir='ltr'><strong>risu</strong></span> <span class='ocrx_word' id='word_1_387' title='bbox 1010 4026 1205 4080; x_wconf 69' lang='lat' dir='ltr'><strong>exalent</strong></span> <span class='ocrx_word' id='word_1_388' title='bbox 1234 4036 1417 4077; x_wconf 81' lang='lat' dir='ltr'><strong>vocem</strong></span> <span class='ocrx_word' id='word_1_389' title='bbox 1440 4035 1610 4075; x_wconf 85' lang='lat' dir='ltr'><strong>suam.</strong></span> 
     </span>
    </p>
   </div>
   <div class='ocr_carea' id='block_1_66' title="bbox 555 4090 2038 4164">
    <p class='ocr_par' dir='ltr' id='par_1_66' title="bbox 555 4090 2038 4164">
     <span class='ocr_line' id='line_1_70' title="bbox 555 4090 2038 4164; baseline -0.001 -15"><span class='ocrx_word' id='word_1_390' title='bbox 555 4094 612 4149; x_wconf 91' lang='lat' dir='ltr'><strong>Si</strong></span> <span class='ocrx_word' id='word_1_391' title='bbox 656 4094 937 4164; x_wconf 86' lang='lat' dir='ltr'><strong>diligamus</strong></span> <span class='ocrx_word' id='word_1_392' title='bbox 981 4095 1242 4157; x_wconf 85' lang='lat' dir='ltr'><strong>invicem,</strong></span> <span class='ocrx_word' id='word_1_393' title='bbox 1296 4092 1434 4147; x_wconf 87' lang='lat' dir='ltr'><strong>Deus</strong></span> <span class='ocrx_word' id='word_1_394' title='bbox 1477 4094 1529 4146; x_wconf 87' lang='lat' dir='ltr'><strong>in</strong></span> <span class='ocrx_word' id='word_1_395' title='bbox 1577 4090 1730 4145; x_wconf 89' lang='lat' dir='ltr'><strong>nobis</strong></span> <span class='ocrx_word' id='word_1_396' title='bbox 1753 4098 1954 4154; x_wconf 87' lang='lat' dir='ltr'><strong>manet,</strong></span> <span class='ocrx_word' id='word_1_397' title='bbox 1982 4101 2038 4147; x_wconf 88' lang='lat' dir='ltr'><strong>et</strong></span> 
     </span>
    </p>
   </div>
   <div class='ocr_carea' id='block_1_67' title="bbox 485 4164 1503 4233">
    <p class='ocr_par' dir='ltr' id='par_1_67' title="bbox 485 4164 1503 4233">
     <span class='ocr_line' id='line_1_71' title="bbox 485 4164 1503 4233; baseline 0 -12"><span class='ocrx_word' id='word_1_398' title='bbox 485 4164 718 4221; x_wconf 84' lang='lat' dir='ltr'><strong>cbaritas</strong></span> <span class='ocrx_word' id='word_1_399' title='bbox 738 4170 855 4233; x_wconf 79' lang='lat' dir='ltr'><strong>eius</strong></span> <span class='ocrx_word' id='word_1_400' title='bbox 892 4169 944 4221; x_wconf 87' lang='lat' dir='ltr'><strong>in</strong></span> <span class='ocrx_word' id='word_1_401' title='bbox 970 4165 1122 4220; x_wconf 88' lang='lat' dir='ltr'><strong>nobis</strong></span> <span class='ocrx_word' id='word_1_402' title='bbox 1151 4165 1375 4233; x_wconf 77' lang='lat' dir='ltr'><strong>perlema</strong></span> <span class='ocrx_word' id='word_1_403' title='bbox 1401 4172 1503 4221; x_wconf 84' lang='lat' dir='ltr'><strong>est.</strong></span> 
     </span>
    </p>
   </div>
   <div class='ocr_carea' id='block_1_68' title="bbox 555 4231 2037 4307">
    <p class='ocr_par' dir='ltr' id='par_1_68' title="bbox 555 4231 2037 4307">
     <span class='ocr_line' id='line_1_72' title="bbox 555 4231 2037 4307; baseline -0.002 -16"><span class='ocrx_word' id='word_1_404' title='bbox 555 4235 611 4291; x_wconf 91' lang='lat' dir='ltr'><strong>Si</strong></span> <span class='ocrx_word' id='word_1_405' title='bbox 643 4231 780 4307; x_wconf 82' lang='lat' dir='ltr'><strong>quis</strong></span> <span class='ocrx_word' id='word_1_406' title='bbox 801 4237 1000 4293; x_wconf 82' lang='lat' dir='ltr'><strong>dixerit</strong></span> <span class='ocrx_word' id='word_1_407' title='bbox 1037 4231 1286 4305; x_wconf 83' lang='lat' dir='ltr'><strong>quoniam</strong></span> <span class='ocrx_word' id='word_1_408' title='bbox 1330 4233 1493 4307; x_wconf 86' lang='lat' dir='ltr'><strong>diligo</strong></span> <span class='ocrx_word' id='word_1_409' title='bbox 1520 4232 1711 4299; x_wconf 85' lang='lat' dir='ltr'><strong>Deum,</strong></span> <span class='ocrx_word' id='word_1_410' title='bbox 1736 4241 1789 4287; x_wconf 91' lang='lat' dir='ltr'><strong>et</strong></span> <span class='ocrx_word' id='word_1_411' title='bbox 1818 4231 2037 4289; x_wconf 79' lang='lat' dir='ltr'><strong>fratrem</strong></span> 
     </span>
    </p>
   </div>
   <div class='ocr_carea' id='block_1_69' title="bbox 484 4307 1224 4374">
    <p class='ocr_par' dir='ltr' id='par_1_69' title="bbox 484 4307 1224 4374">
     <span class='ocr_line' id='line_1_73' title="bbox 484 4307 1224 4374; baseline -0.007 -11"><span class='ocrx_word' id='word_1_412' title='bbox 484 4322 638 4363; x_wconf 80' lang='lat' dir='ltr'><strong>suum</strong></span> <span class='ocrx_word' id='word_1_413' title='bbox 664 4308 854 4374; x_wconf 83' lang='lat' dir='ltr'><strong>oderit,</strong></span> <span class='ocrx_word' id='word_1_414' title='bbox 880 4307 1101 4363; x_wconf 78' lang='lat' dir='ltr'><strong>mendax</strong></span> <span class='ocrx_word' id='word_1_415' title='bbox 1124 4314 1224 4361; x_wconf 86' lang='lat' dir='ltr'><strong>est.</strong></span> 
     </span>
    </p>
   </div>
   <div class='ocr_carea' id='block_1_70' title="bbox 556 4373 2034 4447">
    <p class='ocr_par' dir='ltr' id='par_1_70' title="bbox 556 4373 2034 4447">
     <span class='ocr_line' id='line_1_74' title="bbox 556 4373 2034 4447; baseline -0.003 -14"><span class='ocrx_word' id='word_1_416' title='bbox 556 4373 856 4446; x_wconf 79' lang='lat' dir='ltr'><strong>Spirilualis</strong></span> <span class='ocrx_word' id='word_1_417' title='bbox 885 4381 1044 4435; x_wconf 87' lang='lat' dir='ltr'><strong>homo</strong></span> <span class='ocrx_word' id='word_1_418' title='bbox 1084 4376 1336 4447; x_wconf 87' lang='lat' dir='ltr'><strong>diiudicat</strong></span> <span class='ocrx_word' id='word_1_419' title='bbox 1380 4373 1557 4431; x_wconf 83' lang='lat' dir='ltr'><strong>omnia</strong></span> <span class='ocrx_word' id='word_1_420' title='bbox 1582 4413 1596 4440; x_wconf 91' lang='lat'><strong>,</strong></span> <span class='ocrx_word' id='word_1_421' title='bbox 1646 4381 1700 4428; x_wconf 89' lang='lat' dir='ltr'><strong>et</strong></span> <span class='ocrx_word' id='word_1_422' title='bbox 1746 4374 1859 4441; x_wconf 85' lang='lat' dir='ltr'><strong>ipse</strong></span> <span class='ocrx_word' id='word_1_423' title='bbox 1885 4390 1915 4429; x_wconf 88' lang='lat' dir='ltr'><strong>a</strong></span> <span class='ocrx_word' id='word_1_424' title='bbox 1938 4389 2034 4430; x_wconf 80' lang='lat' dir='ltr'><strong>ne-</strong></span> 
     </span>
    </p>
   </div>
   <div class='ocr_carea' id='block_1_71' title="bbox 485 4447 940 4518">
    <p class='ocr_par' dir='ltr' id='par_1_71' title="bbox 485 4447 940 4518">
     <span class='ocr_line' id='line_1_75' title="bbox 485 4447 940 4518; baseline 0.007 -15"><span class='ocrx_word' id='word_1_425' title='bbox 485 4450 627 4503; x_wconf 86' lang='lat' dir='ltr'><strong>mine</strong></span> <span class='ocrx_word' id='word_1_426' title='bbox 651 4447 940 4518; x_wconf 84' lang='lat' dir='ltr'><strong>iudicatur.</strong></span> 
     </span>
    </p>
   </div>
   <div class='ocr_carea' id='block_1_72' title="bbox 558 4513 2043 4583">
    <p class='ocr_par' dir='ltr' id='par_1_72' title="bbox 558 4513 2043 4583">
     <span class='ocr_line' id='line_1_76' title="bbox 558 4513 2043 4583; baseline -0.001 -10"><span class='ocrx_word' id='word_1_427' title='bbox 558 4513 705 4573; x_wconf 78' lang='lat' dir='ltr'><strong>Sicut</strong></span> <span class='ocrx_word' id='word_1_428' title='bbox 734 4520 788 4575; x_wconf 87' lang='lat' dir='ltr'><strong>in</strong></span> <span class='ocrx_word' id='word_1_429' title='bbox 819 4520 984 4575; x_wconf 72' lang='lat' dir='ltr'><strong>Adam</strong></span> <span class='ocrx_word' id='word_1_430' title='bbox 1007 4531 1194 4575; x_wconf 85' lang='lat' dir='ltr'><strong>omnes</strong></span> <span class='ocrx_word' id='word_1_431' title='bbox 1223 4519 1537 4583; x_wconf 79' lang='lat' dir='ltr'><strong>moriuntur,</strong></span> <span class='ocrx_word' id='word_1_432' title='bbox 1570 4515 1641 4571; x_wconf 87' lang='lat' dir='ltr'><strong>ita</strong></span> <span class='ocrx_word' id='word_1_433' title='bbox 1664 4524 1717 4572; x_wconf 86' lang='lat' dir='ltr'><strong>et</strong></span> <span class='ocrx_word' id='word_1_434' title='bbox 1744 4517 1795 4571; x_wconf 87' lang='lat' dir='ltr'><strong>in</strong></span> <span class='ocrx_word' id='word_1_435' title='bbox 1824 4513 2043 4572; x_wconf 83' lang='lat' dir='ltr'><strong>Christo</strong></span> 
     </span>
    </p>
   </div>
   <div class='ocr_carea' id='block_1_73' title="bbox 485 4592 1119 4646">
    <p class='ocr_par' dir='ltr' id='par_1_73' title="bbox 485 4592 1119 4646">
     <span class='ocr_line' id='line_1_77' title="bbox 485 4592 1119 4646; baseline 0.002 -3"><span class='ocrx_word' id='word_1_436' title='bbox 485 4603 669 4643; x_wconf 86' lang='lat' dir='ltr'><strong>omnes</strong></span> <span class='ocrx_word' id='word_1_437' title='bbox 693 4592 1119 4646; x_wconf 75' lang='lat' dir='ltr'><strong>viviﬁcabuntur.</strong></span> 
     </span>
    </p>
   </div>
   <div class='ocr_carea' id='block_1_74' title="bbox 555 4658 1961 4731">
    <p class='ocr_par' dir='ltr' id='par_1_74' title="bbox 555 4658 1961 4731">
     <span class='ocr_line' id='line_1_78' title="bbox 555 4658 1961 4731; baseline 0 -17"><span class='ocrx_word' id='word_1_438' title='bbox 555 4661 823 4729; x_wconf 83' lang='lat' dir='ltr'><strong>Sapientia</strong></span> <span class='ocrx_word' id='word_1_439' title='bbox 854 4662 1009 4731; x_wconf 83' lang='lat' dir='ltr'><strong>huius</strong></span> <span class='ocrx_word' id='word_1_440' title='bbox 1035 4660 1217 4715; x_wconf 90' lang='lat' dir='ltr'><strong>mundi</strong></span> <span class='ocrx_word' id='word_1_441' title='bbox 1244 4658 1466 4714; x_wconf 83' lang='lat' dir='ltr'><strong>stultitia</strong></span> <span class='ocrx_word' id='word_1_442' title='bbox 1492 4666 1572 4712; x_wconf 75' lang='lat' dir='ltr'><strong>est</strong></span> <span class='ocrx_word' id='word_1_443' title='bbox 1597 4658 1751 4731; x_wconf 75' lang='lat' dir='ltr'><strong>apud</strong></span> <span class='ocrx_word' id='word_1_444' title='bbox 1771 4658 1961 4715; x_wconf 86' lang='lat' dir='ltr'><strong>Deum.</strong></span> 
     </span>
    </p>
   </div>
   <div class='ocr_carea' id='block_1_75' title="bbox 557 4729 1777 4797">
    <p class='ocr_par' dir='ltr' id='par_1_75' title="bbox 557 4729 1777 4797">
     <span class='ocr_line' id='line_1_79' title="bbox 557 4729 1777 4797; baseline -0.001 -14"><span class='ocrx_word' id='word_1_445' title='bbox 557 4732 685 4785; x_wconf 82' lang='lat' dir='ltr'><strong>Sine</strong></span> <span class='ocrx_word' id='word_1_446' title='bbox 709 4729 1017 4797; x_wconf 74' lang='lat' dir='ltr'><strong>paenitentia</strong></span> <span class='ocrx_word' id='word_1_447' title='bbox 1041 4742 1165 4787; x_wconf 88' lang='lat' dir='ltr'><strong>sunt</strong></span> <span class='ocrx_word' id='word_1_448' title='bbox 1186 4732 1325 4786; x_wconf 86' lang='lat' dir='ltr'><strong>dona</strong></span> <span class='ocrx_word' id='word_1_449' title='bbox 1354 4739 1407 4783; x_wconf 70' lang='lat' dir='ltr'><strong>et</strong></span> <span class='ocrx_word' id='word_1_450' title='bbox 1434 4732 1638 4783; x_wconf 81' lang='lat' dir='ltr'><strong>vocatio</strong></span> <span class='ocrx_word' id='word_1_451' title='bbox 1666 4729 1777 4784; x_wconf 83' lang='lat' dir='ltr'><strong>Dei.</strong></span> 
     </span>
    </p>
   </div>
   <div class='ocr_carea' id='block_1_76' title="bbox 556 4800 1535 4867">
    <p class='ocr_par' dir='ltr' id='par_1_76' title="bbox 556 4800 1535 4867">
     <span class='ocr_line' id='line_1_80' title="bbox 556 4800 1535 4867; baseline -0.001 -12"><span class='ocrx_word' id='word_1_452' title='bbox 556 4800 787 4856; x_wconf 83' lang='lat' dir='ltr'><strong>Scientia</strong></span> <span class='ocrx_word' id='word_1_453' title='bbox 820 4803 993 4867; x_wconf 87' lang='lat' dir='ltr'><strong>inllat,</strong></span> <span class='ocrx_word' id='word_1_454' title='bbox 1024 4803 1255 4858; x_wconf 79' lang='lat' dir='ltr'><strong>cbaritas</strong></span> <span class='ocrx_word' id='word_1_455' title='bbox 1286 4801 1535 4855; x_wconf 65' lang='lat' dir='ltr'><strong>aediﬁcat.</strong></span> 
     </span>
    </p>
   </div>
   <div class='ocr_carea' id='block_1_77' title="bbox 558 4872 1787 4943">
    <p class='ocr_par' dir='ltr' id='par_1_77' title="bbox 558 4872 1787 4943">
     <span class='ocr_line' id='line_1_81' title="bbox 558 4872 1787 4943; baseline -0.001 -18"><span class='ocrx_word' id='word_1_456' title='bbox 558 4872 614 4943; x_wconf 88' lang='lat' dir='ltr'><strong>Si</strong></span> <span class='ocrx_word' id='word_1_457' title='bbox 646 4873 870 4928; x_wconf 77' lang='lat' dir='ltr'><strong>vivimus</strong></span> <span class='ocrx_word' id='word_1_458' title='bbox 894 4875 1107 4943; x_wconf 88' lang='lat' dir='ltr'><strong>spiritu,</strong></span> <span class='ocrx_word' id='word_1_459' title='bbox 1132 4874 1321 4941; x_wconf 86' lang='lat' dir='ltr'><strong>spiritu</strong></span> <span class='ocrx_word' id='word_1_460' title='bbox 1350 4872 1787 4943; x_wconf 10' lang='lat' dir='ltr'><strong>etiambulemus.</strong></span> 
     </span>
    </p>
   </div>
   <div class='ocr_carea' id='block_1_78' title="bbox 559 4942 1854 5005">
    <p class='ocr_par' dir='ltr' id='par_1_78' title="bbox 559 4942 1854 5005">
     <span class='ocr_line' id='line_1_82' title="bbox 559 4942 1854 5005; baseline 0.001 -8"><span class='ocrx_word' id='word_1_461' title='bbox 559 4942 685 4998; x_wconf 82' lang='lat' dir='ltr'><strong>Sive</strong></span> <span class='ocrx_word' id='word_1_462' title='bbox 715 4942 937 5000; x_wconf 68' lang='lat' dir='ltr'><strong>vivimus</strong></span> <span class='ocrx_word' id='word_1_463' title='bbox 964 4944 1075 4998; x_wconf 83' lang='lat' dir='ltr'><strong>sive</strong></span> <span class='ocrx_word' id='word_1_464' title='bbox 1104 4944 1382 5005; x_wconf 84' lang='lat' dir='ltr'><strong>morimur.</strong></span> <span class='ocrx_word' id='word_1_465' title='bbox 1412 4942 1617 4996; x_wconf 79' lang='lat' dir='ltr'><strong>Domini</strong></span> <span class='ocrx_word' id='word_1_466' title='bbox 1649 4958 1854 4998; x_wconf 85' lang='lat' dir='ltr'><strong>sumus.</strong></span> 
     </span>
    </p>
   </div>
   <div class='ocr_carea' id='block_1_79' title="bbox 562 5011 2044 5085">
    <p class='ocr_par' dir='ltr' id='par_1_79' title="bbox 562 5011 2044 5085">
     <span class='ocr_line' id='line_1_83' title="bbox 562 5011 2044 5085; baseline 0 -16"><span class='ocrx_word' id='word_1_467' title='bbox 562 5013 650 5069; x_wconf 88' lang='lat' dir='ltr'><strong>Sic</strong></span> <span class='ocrx_word' id='word_1_468' title='bbox 674 5015 930 5085; x_wconf 80' lang='lat' dir='ltr'><strong>diligendi</strong></span> <span class='ocrx_word' id='word_1_469' title='bbox 976 5024 1100 5070; x_wconf 81' lang='lat' dir='ltr'><strong>sunt</strong></span> <span class='ocrx_word' id='word_1_470' title='bbox 1140 5012 1406 5081; x_wconf 82' lang='lat' dir='ltr'><strong>homines,</strong></span> <span class='ocrx_word' id='word_1_471' title='bbox 1453 5021 1511 5068; x_wconf 80' lang='lat' dir='ltr'><strong>ut</strong></span> <span class='ocrx_word' id='word_1_472' title='bbox 1553 5028 1737 5067; x_wconf 86' lang='lat' dir='ltr'><strong>eorum</strong></span> <span class='ocrx_word' id='word_1_473' title='bbox 1786 5028 1889 5067; x_wconf 82' lang='lat' dir='ltr'><strong>non</strong></span> <span class='ocrx_word' id='word_1_474' title='bbox 1921 5011 2044 5069; x_wconf 89' lang='lat' dir='ltr'><strong>dili-</strong></span> 
     </span>
    </p>
   </div>
   <div class='ocr_carea' id='block_1_80' title="bbox 484 5098 930 5153">
    <p class='ocr_par' dir='ltr' id='par_1_80' title="bbox 484 5098 930 5153">
     <span class='ocr_line' id='line_1_84' title="bbox 484 5098 930 5153; baseline 0.011 -16"><span class='ocrx_word' id='word_1_475' title='bbox 484 5098 673 5153; x_wconf 81' lang='lat' dir='ltr'><strong>gantur</strong></span> <span class='ocrx_word' id='word_1_476' title='bbox 696 5100 930 5147; x_wconf 82' lang='lat' dir='ltr'><strong>errores.</strong></span> 
     </span>
    </p>
   </div>
   <div class='ocr_carea' id='block_1_81' title="bbox 561 5152 2049 5224">
    <p class='ocr_par' dir='ltr' id='par_1_81' title="bbox 561 5152 2049 5224">
     <span class='ocr_line' id='line_1_85' title="bbox 561 5152 2049 5224; baseline 0.001 -14"><span class='ocrx_word' id='word_1_477' title='bbox 561 5153 882 5223; x_wconf 88' lang='lat' dir='ltr'><strong>Speculator</strong></span> <span class='ocrx_word' id='word_1_478' title='bbox 944 5164 1083 5210; x_wconf 84' lang='lat' dir='ltr'><strong>astat</strong></span> <span class='ocrx_word' id='word_1_479' title='bbox 1121 5155 1370 5223; x_wconf 80' lang='lat' dir='ltr'><strong>desuper.</strong></span> <span class='ocrx_word' id='word_1_480' title='bbox 1417 5152 1506 5224; x_wconf 90' lang='lat' dir='ltr'><strong>qui</strong></span> <span class='ocrx_word' id='word_1_481' title='bbox 1537 5167 1634 5209; x_wconf 86' lang='lat' dir='ltr'><strong>nos</strong></span> <span class='ocrx_word' id='word_1_482' title='bbox 1656 5152 1845 5209; x_wconf 85' lang='lat' dir='ltr'><strong>diebus</strong></span> <span class='ocrx_word' id='word_1_483' title='bbox 1873 5156 2049 5211; x_wconf 89' lang='lat' dir='ltr'><strong>omni-</strong></span> 
     </span>
    </p>
   </div>
   <div class='ocr_carea' id='block_1_82' title="bbox 488 5225 1410 5296">
    <p class='ocr_par' dir='ltr' id='par_1_82' title="bbox 488 5225 1410 5296">
     <span class='ocr_line' id='line_1_86' title="bbox 488 5225 1410 5296; baseline -0.003 -16"><span class='ocrx_word' id='word_1_484' title='bbox 488 5225 588 5296; x_wconf 71' lang='lat' dir='ltr'><strong>bus</strong></span> <span class='ocrx_word' id='word_1_485' title='bbox 617 5234 873 5296; x_wconf 85' lang='lat' dir='ltr'><strong>actusque</strong></span> <span class='ocrx_word' id='word_1_486' title='bbox 894 5237 1107 5283; x_wconf 88' lang='lat' dir='ltr'><strong>nostros</strong></span> <span class='ocrx_word' id='word_1_487' title='bbox 1135 5226 1410 5296; x_wconf 88' lang='lat' dir='ltr'><strong>prospicit.</strong></span> 
     </span>
    </p>
   </div>
   <div class='ocr_carea' id='block_1_83' title="bbox 486 5294 2048 5421">
    <p class='ocr_par' dir='ltr' id='par_1_83' title="bbox 486 5294 2048 5421">
     <span class='ocr_line' id='line_1_87' title="bbox 486 5294 2048 5421; baseline 0.001 -72"><span class='ocrx_word' id='word_1_488' title='bbox 486 5294 713 5421; x_wconf 58' lang='lat' dir='ltr'><strong>lmScit-e</strong></span> <span class='ocrx_word' id='word_1_489' title='bbox 755 5294 849 5354; x_wconf 83' lang='lat' dir='ltr'><strong>Dei</strong></span> <span class='ocrx_word' id='word_1_490' title='bbox 872 5338 890 5366; x_wconf 92' lang='lat'><strong>,</strong></span> <span class='ocrx_word' id='word_1_491' title='bbox 932 5294 1230 5369; x_wconf 78' lang='lat' dir='ltr'><strong>approbare</strong></span> <span class='ocrx_word' id='word_1_492' title='bbox 1266 5294 1391 5363; x_wconf 85' lang='lat' dir='ltr'><strong>est;</strong></span> <span class='ocrx_word' id='word_1_493' title='bbox 1442 5295 1645 5351; x_wconf 86' lang='lat' dir='ltr'><strong>nescire</strong></span> <span class='ocrx_word' id='word_1_494' title='bbox 1674 5311 1823 5364; x_wconf 79' lang='lat' dir='ltr'><strong>vero,</strong></span> <span class='ocrx_word' id='word_1_495' title='bbox 1857 5312 2048 5368; x_wconf 81' lang='lat' dir='ltr'><strong>repro-</strong></span> 
     </span>
     <span class='ocr_line' id='line_1_88' title="bbox 554 5381 637 5421; baseline 0 0"><span class='ocrx_word' id='word_1_496' title='bbox 554 5381 637 5421; x_wconf 84' lang='lat' dir='ltr'><strong>re.</strong></span> 
     </span>
    </p>
   </div>
   <div class='ocr_carea' id='block_1_84' title="bbox 554 5381 637 5422">
    <p class='ocr_par' dir='ltr' id='par_1_84' title="bbox 554 5381 637 5422">
     <span class='ocr_line' id='line_1_89' title="bbox 554 5381 637 5422; baseline 0 0"><span class='ocrx_word' id='word_1_497' title='bbox 554 5381 637 5422; x_wconf 84' lang='lat' dir='ltr'><strong>re.</strong></span> 
     </span>
    </p>
   </div>
   <div class='ocr_carea' id='block_1_85' title="bbox 520 5436 2047 5520">
    <p class='ocr_par' dir='ltr' id='par_1_85' title="bbox 520 5436 2047 5520">
     <span class='ocr_line' id='line_1_90' title="bbox 520 5436 2047 5520; baseline 0.003 -29"><span class='ocrx_word' id='word_1_498' title='bbox 520 5436 778 5520; x_wconf 46' lang='lat' dir='ltr'><strong>.Summa</strong></span> <span class='ocrx_word' id='word_1_499' title='bbox 815 5439 956 5512; x_wconf 81' lang='lat' dir='ltr'><strong>apud</strong></span> <span class='ocrx_word' id='word_1_500' title='bbox 1000 5439 1167 5496; x_wconf 86' lang='lat' dir='ltr'><strong>Deum</strong></span> <span class='ocrx_word' id='word_1_501' title='bbox 1211 5446 1293 5494; x_wconf 87' lang='lat' dir='ltr'><strong>est</strong></span> <span class='ocrx_word' id='word_1_502' title='bbox 1339 5439 1621 5507; x_wconf 73' lang='lat' dir='ltr'><strong>nobilitas,</strong></span> <span class='ocrx_word' id='word_1_503' title='bbox 1675 5446 1874 5494; x_wconf 68' lang='lat' dir='ltr'><strong>ciarum</strong></span> <span class='ocrx_word' id='word_1_504' title='bbox 1925 5454 2047 5497; x_wconf 85' lang='lat' dir='ltr'><strong>esse</strong></span> 
     </span>
    </p>
   </div>
   <div class='ocr_carea' id='block_1_86' title="bbox 489 5510 785 5564">
    <p class='ocr_par' dir='ltr' id='par_1_86' title="bbox 489 5510 785 5564">
     <span class='ocr_line' id='line_1_91' title="bbox 489 5510 785 5564; baseline -0.003 -1"><span class='ocrx_word' id='word_1_505' title='bbox 489 5510 785 5564; x_wconf 75' lang='lat' dir='ltr'><strong>virtutibus.</strong></span> 
     </span>
    </p>
   </div>
   <div class='ocr_carea' id='block_1_87' title="bbox 555 5578 2039 5649">
    <p class='ocr_par' dir='ltr' id='par_1_87' title="bbox 555 5578 2039 5649">
     <span class='ocr_line' id='line_1_92' title="bbox 555 5578 2039 5649; baseline 0.001 -15"><span class='ocrx_word' id='word_1_506' title='bbox 555 5578 932 5649; x_wconf 87' lang='lat' dir='ltr'><strong>Subiectorum</strong></span> <span class='ocrx_word' id='word_1_507' title='bbox 976 5581 1101 5636; x_wconf 83' lang='lat' dir='ltr'><strong>vitia’</strong></span> <span class='ocrx_word' id='word_1_508' title='bbox 1148 5578 1432 5648; x_wconf 85' lang='lat' dir='ltr'><strong>aliquando</strong></span> <span class='ocrx_word' id='word_1_509' title='bbox 1472 5578 2039 5649; x_wconf 9' lang='lat' dir='ltr'><strong>suntqdisslmulanda,</strong></span> 
     </span>
    </p>
   </div>
   <div class='ocr_carea' id='block_1_88' title="bbox 483 5647 1835 5723">
    <p class='ocr_par' dir='ltr' id='par_1_88' title="bbox 483 5647 1835 5723">
     <span class='ocr_line' id='line_1_93' title="bbox 483 5647 1835 5723; baseline 0.001 -18"><span class='ocrx_word' id='word_1_510' title='bbox 483 5648 587 5723; x_wconf 75' lang='lat' dir='ltr'><strong>sed</strong></span> <span class='ocrx_word' id='word_1_511' title='bbox 607 5647 860 5717; x_wconf 72' lang='lat' dir='ltr'><strong>posthaec</strong></span> <span class='ocrx_word' id='word_1_512' title='bbox 887 5652 1008 5723; x_wconf 75' lang='lat' dir='ltr'><strong>quia</strong></span> <span class='ocrx_word' id='word_1_513' title='bbox 1038 5647 1506 5707; x_wconf 81' lang='lat' dir='ltr'><strong>dissimulabantur</strong></span> <span class='ocrx_word' id='word_1_514' title='bbox 1533 5647 1835 5707; x_wconf 79' lang='lat' dir='ltr'><strong>indicanda.</strong></span> 
     </span>
    </p>
   </div>
   <div class='ocr_carea' id='block_1_89' title="bbox 554 5720 2042 5794">
    <p class='ocr_par' dir='ltr' id='par_1_89' title="bbox 554 5720 2042 5794">
     <span class='ocr_line' id='line_1_94' title="bbox 554 5720 2042 5794; baseline 0.001 -17"><span class='ocrx_word' id='word_1_515' title='bbox 554 5720 763 5777; x_wconf 76' lang='lat' dir='ltr'><strong>Satanzc</strong></span> <span class='ocrx_word' id='word_1_516' title='bbox 785 5720 1005 5780; x_wconf 77' lang='lat' dir='ltr'><strong>insidias</strong></span> <span class='ocrx_word' id='word_1_517' title='bbox 1043 5723 1311 5794; x_wconf 70' lang='lat' dir='ltr'><strong>evadere&quot;,</strong></span> <span class='ocrx_word' id='word_1_518' title='bbox 1362 5735 1468 5777; x_wconf 92' lang='lat' dir='ltr'><strong>nou</strong></span> <span class='ocrx_word' id='word_1_519' title='bbox 1497 5731 1574 5775; x_wconf 86' lang='lat' dir='ltr'><strong>est</strong></span> <span class='ocrx_word' id='word_1_520' title='bbox 1605 5723 1833 5776; x_wconf 78' lang='lat' dir='ltr'><strong>volentis</strong></span> <span class='ocrx_word' id='word_1_521' title='bbox 1868 5739 2042 5794; x_wconf 75' lang='lat' dir='ltr'><strong>neque</strong></span> 
     </span>
    </p>
   </div>
   <div class='ocr_carea' id='block_1_90' title="bbox 481 5793 1363 5863">
    <p class='ocr_par' dir='ltr' id='par_1_90' title="bbox 481 5793 1363 5863">
     <span class='ocr_line' id='line_1_95' title="bbox 481 5793 1363 5863; baseline 0 -15"><span class='ocrx_word' id='word_1_522' title='bbox 481 5794 767 5863; x_wconf 76' lang='lat' dir='ltr'><strong>currentis,</strong></span> <span class='ocrx_word' id='word_1_523' title='bbox 792 5796 888 5851; x_wconf 83' lang='lat' dir='ltr'><strong>sed</strong></span> <span class='ocrx_word' id='word_1_524' title='bbox 914 5794 1221 5859; x_wconf 70' lang='lat' dir='ltr'><strong>miserantis</strong></span> <span class='ocrx_word' id='word_1_525' title='bbox 1251 5793 1363 5849; x_wconf 80' lang='lat' dir='ltr'><strong>Dei.</strong></span> 
     </span>
    </p>
   </div>
   <div class='ocr_carea' id='block_1_91' title="bbox 2146 1825 3710 1903">
    <p class='ocr_par' dir='ltr' id='par_1_91' title="bbox 2146 1825 3710 1903">
     <span class='ocr_line' id='line_1_96' title="bbox 2146 1825 3710 1903; baseline -0.003 -16"><span class='ocrx_word' id='word_1_526' title='bbox 2146 1833 2361 1903; x_wconf 75' lang='lat' dir='ltr'><strong>homine</strong></span> <span class='ocrx_word' id='word_1_527' title='bbox 2386 1875 2401 1903; x_wconf 86' lang='lat'><strong>,</strong></span> <span class='ocrx_word' id='word_1_528' title='bbox 2425 1825 2613 1888; x_wconf 73' lang='lat' dir='ltr'><strong>induit</strong></span> <span class='ocrx_word' id='word_1_529' title='bbox 2640 1825 2975 1903; x_wconf 68' lang='lat' dir='ltr'><strong>spiritualetu</strong></span> <span class='ocrx_word' id='word_1_530' title='bbox 3000 1825 3055 1886; x_wconf 81' lang='lat' dir='ltr'><strong>et</strong></span> <span class='ocrx_word' id='word_1_531' title='bbox 3084 1842 3280 1884; x_wconf 83' lang='lat' dir='ltr'><strong>novum</strong></span> <span class='ocrx_word' id='word_1_532' title='bbox 3306 1825 3579 1882; x_wconf 84' lang='lat' dir='ltr'><strong>hominem</strong></span> <span class='ocrx_word' id='word_1_533' title='bbox 3610 1871 3623 1892; x_wconf 84' lang='grc'><em>,</em></span> <span class='ocrx_word' id='word_1_534' title='bbox 3661 1828 3710 1882; x_wconf 77' lang='lat' dir='ltr'><strong>id</strong></span> 
     </span>
    </p>
   </div>
   <div class='ocr_carea' id='block_1_92' title="bbox 2144 1901 2569 1967">
    <p class='ocr_par' dir='ltr' id='par_1_92' title="bbox 2144 1901 2569 1967">
     <span class='ocr_line' id='line_1_97' title="bbox 2144 1901 2569 1967; baseline -0.005 -8"><span class='ocrx_word' id='word_1_535' title='bbox 2144 1915 2249 1967; x_wconf 83' lang='lat' dir='ltr'><strong>est,</strong></span> <span class='ocrx_word' id='word_1_536' title='bbox 2276 1901 2569 1959; x_wconf 77' lang='lat' dir='ltr'><strong>Christum.</strong></span> 
     </span>
    </p>
   </div>
   <div class='ocr_carea' id='block_1_93' title="bbox 2211 1966 3712 2039">
    <p class='ocr_par' dir='ltr' id='par_1_93' title="bbox 2211 1966 3712 2039">
     <span class='ocr_line' id='line_1_98' title="bbox 2211 1966 3712 2039; baseline -0.004 -10"><span class='ocrx_word' id='word_1_537' title='bbox 2211 1966 2441 2030; x_wconf 86' lang='lat' dir='ltr'><strong>Stultum</strong></span> <span class='ocrx_word' id='word_1_538' title='bbox 2471 1973 2624 2029; x_wconf 88' lang='lat' dir='ltr'><strong>valde</strong></span> <span class='ocrx_word' id='word_1_539' title='bbox 2650 1981 2738 2029; x_wconf 87' lang='lat' dir='ltr'><strong>est</strong></span> <span class='ocrx_word' id='word_1_540' title='bbox 2758 2014 2771 2035; x_wconf 82' lang='grc'>,</span> <span class='ocrx_word' id='word_1_541' title='bbox 2805 1968 2852 2026; x_wconf 87' lang='lat' dir='ltr'><strong>si</strong></span> <span class='ocrx_word' id='word_1_542' title='bbox 2876 1968 2963 2025; x_wconf 82' lang='lat' dir='ltr'><strong>his</strong></span> <span class='ocrx_word' id='word_1_543' title='bbox 2985 1967 3197 2039; x_wconf 89' lang='lat' dir='ltr'><strong>placere</strong></span> <span class='ocrx_word' id='word_1_544' title='bbox 3225 1966 3541 2038; x_wconf 66' lang='lat' dir='ltr'><strong>quaerimus,</strong></span> <span class='ocrx_word' id='word_1_545' title='bbox 3576 1985 3712 2038; x_wconf 85' lang='lat' dir='ltr'><strong>quos</strong></span> 
     </span>
    </p>
   </div>
   <div class='ocr_carea' id='block_1_94' title="bbox 2142 2043 2867 2110">
    <p class='ocr_par' dir='ltr' id='par_1_94' title="bbox 2142 2043 2867 2110">
     <span class='ocr_line' id='line_1_99' title="bbox 2142 2043 2867 2110; baseline 0 -11"><span class='ocrx_word' id='word_1_546' title='bbox 2142 2060 2247 2099; x_wconf 92' lang='lat' dir='ltr'><strong>non</strong></span> <span class='ocrx_word' id='word_1_547' title='bbox 2280 2045 2492 2110; x_wconf 84' lang='lat' dir='ltr'><strong>placere</strong></span> <span class='ocrx_word' id='word_1_548' title='bbox 2520 2043 2630 2101; x_wconf 87' lang='lat' dir='ltr'><strong>Deo</strong></span> <span class='ocrx_word' id='word_1_549' title='bbox 2647 2045 2867 2099; x_wconf 83' lang='lat' dir='ltr'><strong>scimus.</strong></span> 
     </span>
    </p>
   </div>
   <div class='ocr_carea' id='block_1_95' title="bbox 2199 2109 3713 2238">
    <p class='ocr_par' dir='ltr' id='par_1_95' title="bbox 2199 2109 3713 2238">
     <span class='ocr_line' id='line_1_100' title="bbox 2199 2109 3713 2238; baseline -0.002 -69"><span class='ocrx_word' id='word_1_550' title='bbox 2199 2115 2425 2238; x_wconf 74' lang='lat' dir='ltr'><strong>&quot;Sufﬁcit</strong></span> <span class='ocrx_word' id='word_1_551' title='bbox 2445 2113 2733 2185; x_wconf 88' lang='lat' dir='ltr'><strong>unicuique</strong></span> <span class='ocrx_word' id='word_1_552' title='bbox 2775 2116 2851 2169; x_wconf 85' lang='lat' dir='ltr'><strong>sic</strong></span> <span class='ocrx_word' id='word_1_553' title='bbox 2874 2111 3149 2181; x_wconf 87' lang='lat' dir='ltr'><strong>disputare</strong></span> <span class='ocrx_word' id='word_1_554' title='bbox 3177 2109 3256 2166; x_wconf 83' lang='lat' dir='ltr'><strong>vel</strong></span> <span class='ocrx_word' id='word_1_555' title='bbox 3281 2109 3512 2174; x_wconf 86' lang='lat' dir='ltr'><strong>dictare,</strong></span> <span class='ocrx_word' id='word_1_556' title='bbox 3542 2119 3599 2162; x_wconf 90' lang='lat' dir='ltr'><strong>ut</strong></span> <span class='ocrx_word' id='word_1_557' title='bbox 3630 2111 3713 2166; x_wconf 86' lang='lat' dir='ltr'><strong>in-</strong></span> 
     </span>
     <span class='ocr_line' id='line_1_101' title="bbox 2240 2197 2430 2238; baseline 0 0"><span class='ocrx_word' id='word_1_558' title='bbox 2240 2197 2430 2238; x_wconf 73' lang='lat' dir='ltr'><strong>matur.</strong></span> 
     </span>
    </p>
   </div>
   <div class='ocr_carea' id='block_1_96' title="bbox 2144 2188 2430 2256">
    <p class='ocr_par' dir='ltr' id='par_1_96' title="bbox 2144 2188 2430 2256">
     <span class='ocr_line' id='line_1_102' title="bbox 2144 2188 2430 2256; baseline -0.007 -13"><span class='ocrx_word' id='word_1_559' title='bbox 2144 2188 2210 2242; x_wconf 90' lang='lat' dir='ltr'><strong>tel</strong></span> <span class='ocrx_word' id='word_1_560' title='bbox 2220 2188 2430 2256; x_wconf 77' lang='lat' dir='ltr'><strong>ligatur.</strong></span> 
     </span>
    </p>
   </div>
   <div class='ocr_carea' id='block_1_97' title="bbox 2212 2252 3710 2327">
    <p class='ocr_par' dir='ltr' id='par_1_97' title="bbox 2212 2252 3710 2327">
     <span class='ocr_line' id='line_1_103' title="bbox 2212 2252 3710 2327; baseline -0.003 -15"><span class='ocrx_word' id='word_1_561' title='bbox 2212 2252 2563 2327; x_wconf 77' lang='lat' dir='ltr'><strong>superﬂuitas</strong></span> <span class='ocrx_word' id='word_1_562' title='bbox 2605 2264 2714 2311; x_wconf 87' lang='lat' dir='ltr'><strong>tam</strong></span> <span class='ocrx_word' id='word_1_563' title='bbox 2754 2254 3040 2311; x_wconf 87' lang='lat' dir='ltr'><strong>verborum</strong></span> <span class='ocrx_word' id='word_1_564' title='bbox 3083 2268 3243 2326; x_wconf 85' lang='lat' dir='ltr'><strong>quam</strong></span> <span class='ocrx_word' id='word_1_565' title='bbox 3291 2266 3470 2308; x_wconf 90' lang='lat' dir='ltr'><strong>rerum</strong></span> <span class='ocrx_word' id='word_1_566' title='bbox 3496 2252 3710 2308; x_wconf 81' lang='lat' dir='ltr'><strong>vitanda</strong></span> 
     </span>
    </p>
   </div>
   <div class='ocr_carea' id='block_1_98' title="bbox 2210 2393 3711 2465">
    <p class='ocr_par' dir='ltr' id='par_1_98' title="bbox 2210 2393 3711 2465">
     <span class='ocr_line' id='line_1_104' title="bbox 2210 2393 3711 2465; baseline -0.005 -12"><span class='ocrx_word' id='word_1_567' title='bbox 2210 2396 2361 2453; x_wconf 85' lang='lat' dir='ltr'><strong>Sicut</strong></span> <span class='ocrx_word' id='word_1_568' title='bbox 2384 2412 2449 2453; x_wconf 78' lang='lat' dir='ltr'><strong>ex</strong></span> <span class='ocrx_word' id='word_1_569' title='bbox 2485 2399 2646 2452; x_wconf 86' lang='lat' dir='ltr'><strong>variis</strong></span> <span class='ocrx_word' id='word_1_570' title='bbox 2676 2396 2898 2453; x_wconf 81' lang='lat' dir='ltr'><strong>tioribus</strong></span> <span class='ocrx_word' id='word_1_571' title='bbox 2944 2394 3267 2465; x_wconf 83' lang='lat' dir='ltr'><strong>colliguntur</strong></span> <span class='ocrx_word' id='word_1_572' title='bbox 3312 2394 3492 2457; x_wconf 85' lang='lat' dir='ltr'><strong>mella,</strong></span> <span class='ocrx_word' id='word_1_573' title='bbox 3544 2393 3613 2448; x_wconf 88' lang='lat' dir='ltr'><strong>ita</strong></span> <span class='ocrx_word' id='word_1_574' title='bbox 3647 2409 3711 2449; x_wconf 78' lang='lat' dir='ltr'><strong>es</strong></span> 
     </span>
    </p>
   </div>
   <div class='ocr_carea' id='block_1_99' title="bbox 2142 2466 3581 2537">
    <p class='ocr_par' dir='ltr' id='par_1_99' title="bbox 2142 2466 3581 2537">
     <span class='ocr_line' id='line_1_105' title="bbox 2142 2466 3581 2537; baseline -0.003 -15"><span class='ocrx_word' id='word_1_575' title='bbox 2142 2466 2304 2523; x_wconf 81' lang='lat' dir='ltr'><strong>variis</strong></span> <span class='ocrx_word' id='word_1_576' title='bbox 2325 2469 2631 2524; x_wconf 86' lang='lat' dir='ltr'><strong>horninibus</strong></span> <span class='ocrx_word' id='word_1_577' title='bbox 2663 2470 2832 2521; x_wconf 87' lang='lat' dir='ltr'><strong>virtus</strong></span> <span class='ocrx_word' id='word_1_578' title='bbox 2870 2466 3124 2537; x_wconf 65' lang='lat' dir='ltr'><strong>quaelibet</strong></span> <span class='ocrx_word' id='word_1_579' title='bbox 3145 2476 3229 2521; x_wconf 86' lang='lat' dir='ltr'><strong>est</strong></span> <span class='ocrx_word' id='word_1_580' title='bbox 3255 2466 3581 2534; x_wconf 60' lang='lat' dir='ltr'><strong>colligi-mla.</strong></span> 
     </span>
    </p>
   </div>
   <div class='ocr_carea' id='block_1_100' title="bbox 2210 2536 3708 2606">
    <p class='ocr_par' dir='ltr' id='par_1_100' title="bbox 2210 2536 3708 2606">
     <span class='ocr_line' id='line_1_106' title="bbox 2210 2536 3708 2606; baseline -0.005 -12"><span class='ocrx_word' id='word_1_581' title='bbox 2210 2539 2567 2594; x_wconf 69' lang='lat' dir='ltr'><strong>Saecularibus</strong></span> <span class='ocrx_word' id='word_1_582' title='bbox 2596 2539 2785 2594; x_wconf 87' lang='lat' dir='ltr'><strong>litteris</strong></span> <span class='ocrx_word' id='word_1_583' title='bbox 2818 2536 3072 2603; x_wconf 86' lang='lat' dir='ltr'><strong>intentus,</strong></span> <span class='ocrx_word' id='word_1_584' title='bbox 3104 2552 3270 2593; x_wconf 77' lang='lat' dir='ltr'><strong>sacra:</strong></span> <span class='ocrx_word' id='word_1_585' title='bbox 3297 2536 3591 2606; x_wconf 80' lang='lat' dir='ltr'><strong>Scriptura:</strong></span> <span class='ocrx_word' id='word_1_586' title='bbox 3620 2549 3708 2588; x_wconf 82' lang='lat' dir='ltr'><strong>ar-</strong></span> 
     </span>
    </p>
   </div>
   <div class='ocr_carea' id='block_1_101' title="bbox 2139 2617 2850 2680">
    <p class='ocr_par' dir='ltr' id='par_1_101' title="bbox 2139 2617 2850 2680">
     <span class='ocr_line' id='line_1_107' title="bbox 2139 2617 2850 2680; baseline -0.003 -16"><span class='ocrx_word' id='word_1_587' title='bbox 2139 2626 2273 2680; x_wconf 78' lang='lat' dir='ltr'><strong>cana</strong></span> <span class='ocrx_word' id='word_1_588' title='bbox 2301 2624 2496 2680; x_wconf 81' lang='lat' dir='ltr'><strong>capere</strong></span> <span class='ocrx_word' id='word_1_589' title='bbox 2528 2626 2631 2664; x_wconf 86' lang='lat' dir='ltr'><strong>non</strong></span> <span class='ocrx_word' id='word_1_590' title='bbox 2654 2617 2850 2679; x_wconf 87' lang='lat' dir='ltr'><strong>potest.</strong></span> 
     </span>
    </p>
   </div>
   <div class='ocr_carea' id='block_1_102' title="bbox 2211 2675 3709 2748">
    <p class='ocr_par' dir='ltr' id='par_1_102' title="bbox 2211 2675 3709 2748">
     <span class='ocr_line' id='line_1_108' title="bbox 2211 2675 3709 2748; baseline -0.004 -13"><span class='ocrx_word' id='word_1_591' title='bbox 2211 2675 2543 2748; x_wconf 78' lang='lat' dir='ltr'><strong>Scripturam</strong></span> <span class='ocrx_word' id='word_1_592' title='bbox 2585 2675 2795 2736; x_wconf 80' lang='lat' dir='ltr'><strong>sacram</strong></span> <span class='ocrx_word' id='word_1_593' title='bbox 2845 2679 3028 2748; x_wconf 78' lang='lat' dir='ltr'><strong>legens</strong></span> <span class='ocrx_word' id='word_1_594' title='bbox 3075 2676 3351 2734; x_wconf 74' lang='lat' dir='ltr'><strong>attendere</strong></span> <span class='ocrx_word' id='word_1_595' title='bbox 3392 2676 3554 2734; x_wconf 90' lang='lat' dir='ltr'><strong>debet</strong></span> <span class='ocrx_word' id='word_1_596' title='bbox 3583 2675 3709 2747; x_wconf 86' lang='lat' dir='ltr'><strong>quid</strong></span> 
     </span>
    </p>
   </div>
   <div class='ocr_carea' id='block_1_103' title="bbox 2142 2749 3708 2822">
    <p class='ocr_par' dir='ltr' id='par_1_103' title="bbox 2142 2749 3708 2822">
     <span class='ocr_line' id='line_1_109' title="bbox 2142 2749 3708 2822; baseline -0.003 -17"><span class='ocrx_word' id='word_1_597' title='bbox 2142 2756 2366 2822; x_wconf 80' lang='lat' dir='ltr'><strong>mystice</strong></span> <span class='ocrx_word' id='word_1_598' title='bbox 2396 2752 2475 2806; x_wconf 88' lang='lat' dir='ltr'><strong>vel</strong></span> <span class='ocrx_word' id='word_1_599' title='bbox 2510 2750 2658 2820; x_wconf 79' lang='lat' dir='ltr'><strong>iuxta</strong></span> <span class='ocrx_word' id='word_1_600' title='bbox 2689 2751 2947 2817; x_wconf 87' lang='lat' dir='ltr'><strong>litteram,</strong></span> <span class='ocrx_word' id='word_1_601' title='bbox 2996 2749 3124 2819; x_wconf 91' lang='lat' dir='ltr'><strong>quid</strong></span> <span class='ocrx_word' id='word_1_602' title='bbox 3166 2765 3258 2817; x_wconf 85' lang='lat' dir='ltr'><strong>pro</strong></span> <span class='ocrx_word' id='word_1_603' title='bbox 3292 2760 3443 2820; x_wconf 70' lang='lat' dir='ltr'><strong>parte</strong></span> <span class='ocrx_word' id='word_1_604' title='bbox 3471 2749 3551 2802; x_wconf 81' lang='lat' dir='ltr'><strong>vel</strong></span> <span class='ocrx_word' id='word_1_605' title='bbox 3610 2761 3708 2817; x_wconf 82' lang='lat' dir='ltr'><strong>pro</strong></span> 
     </span>
    </p>
   </div>
   <div class='ocr_carea' id='block_1_104' title="bbox 2142 2821 3237 2878">
    <p class='ocr_par' dir='ltr' id='par_1_104' title="bbox 2142 2821 3237 2878">
     <span class='ocr_line' id='line_1_110' title="bbox 2142 2821 3237 2878; baseline 0.005 -2"><span class='ocrx_word' id='word_1_606' title='bbox 2142 2831 2253 2876; x_wconf 91' lang='lat' dir='ltr'><strong>toto</strong></span> <span class='ocrx_word' id='word_1_607' title='bbox 2285 2821 2482 2878; x_wconf 90' lang='lat' dir='ltr'><strong>dictum</strong></span> <span class='ocrx_word' id='word_1_608' title='bbox 2512 2822 2599 2877; x_wconf 87' lang='lat' dir='ltr'><strong>sit.</strong></span> <span class='ocrx_word' id='word_1_609' title='bbox 3233 2843 3237 2846; x_wconf 90' lang='grc'><strong>·</strong></span> 
     </span>
    </p>
   </div>
   <div class='ocr_carea' id='block_1_105' title="bbox 2214 2889 3712 2961">
    <p class='ocr_par' dir='ltr' id='par_1_105' title="bbox 2214 2889 3712 2961">
     <span class='ocr_line' id='line_1_111' title="bbox 2214 2889 3712 2961; baseline -0.002 -16"><span class='ocrx_word' id='word_1_610' title='bbox 2214 2892 2505 2961; x_wconf 73' lang='lat' dir='ltr'><strong>Scriptum</strong></span> <span class='ocrx_word' id='word_1_611' title='bbox 2535 2906 2702 2949; x_wconf 67' lang='lat' dir='ltr'><strong>sacrm</strong></span> <span class='ocrx_word' id='word_1_612' title='bbox 2730 2891 3007 2948; x_wconf 88' lang='lat' dir='ltr'><strong>meditatio</strong></span> <span class='ocrx_word' id='word_1_613' title='bbox 3036 2901 3268 2948; x_wconf 87' lang='lat' dir='ltr'><strong>mentem</strong></span> <span class='ocrx_word' id='word_1_614' title='bbox 3300 2889 3525 2948; x_wconf 76' lang='lat' dir='ltr'><strong>retrahit</strong></span> <span class='ocrx_word' id='word_1_615' title='bbox 3551 2905 3580 2943; x_wconf 91' lang='lat' dir='ltr'><strong>a</strong></span> <span class='ocrx_word' id='word_1_616' title='bbox 3614 2905 3712 2944; x_wconf 88' lang='lat' dir='ltr'><strong>cu-</strong></span> 
     </span>
    </p>
   </div>
   <div class='ocr_carea' id='block_1_106' title="bbox 2140 2961 2515 3034">
    <p class='ocr_par' dir='ltr' id='par_1_106' title="bbox 2140 2961 2515 3034">
     <span class='ocr_line' id='line_1_112' title="bbox 2140 2961 2515 3034; baseline 0.005 -19"><span class='ocrx_word' id='word_1_617' title='bbox 2140 2961 2305 3034; x_wconf 77' lang='lat' dir='ltr'><strong>gitatu</strong></span> <span class='ocrx_word' id='word_1_618' title='bbox 2335 2966 2515 3018; x_wconf 73' lang='lat' dir='ltr'><strong>noxio.</strong></span> 
     </span>
    </p>
   </div>
   <div class='ocr_carea' id='block_1_107' title="bbox 2210 3030 3714 3103">
    <p class='ocr_par' dir='ltr' id='par_1_107' title="bbox 2210 3030 3714 3103">
     <span class='ocr_line' id='line_1_113' title="bbox 2210 3030 3714 3103; baseline -0.003 -14"><span class='ocrx_word' id='word_1_619' title='bbox 2210 3031 2365 3089; x_wconf 84' lang='lat' dir='ltr'><strong>Sicut</strong></span> <span class='ocrx_word' id='word_1_620' title='bbox 2412 3033 2621 3102; x_wconf 80' lang='lat' dir='ltr'><strong>plurimi</strong></span> <span class='ocrx_word' id='word_1_621' title='bbox 2670 3034 2776 3091; x_wconf 82' lang='lat' dir='ltr'><strong>cibi</strong></span> <span class='ocrx_word' id='word_1_622' title='bbox 2818 3034 2946 3089; x_wconf 86' lang='lat' dir='ltr'><strong>nihil</strong></span> <span class='ocrx_word' id='word_1_623' title='bbox 2995 3040 3219 3103; x_wconf 85' lang='lat' dir='ltr'><strong>prosunt</strong></span> <span class='ocrx_word' id='word_1_624' title='bbox 3242 3031 3444 3102; x_wconf 84' lang='lat' dir='ltr'><strong>absque</strong></span> <span class='ocrx_word' id='word_1_625' title='bbox 3477 3031 3608 3097; x_wconf 83' lang='lat' dir='ltr'><strong>sale,</strong></span> <span class='ocrx_word' id='word_1_626' title='bbox 3644 3030 3714 3087; x_wconf 83' lang='lat' dir='ltr'><strong>ita</strong></span> 
     </span>
    </p>
   </div>
   <div class='ocr_carea' id='block_1_108' title="bbox 2145 3105 3106 3177">
    <p class='ocr_par' dir='ltr' id='par_1_108' title="bbox 2145 3105 3106 3177">
     <span class='ocr_line' id='line_1_114' title="bbox 2145 3105 3106 3177; baseline 0 -20"><span class='ocrx_word' id='word_1_627' title='bbox 2145 3119 2331 3177; x_wconf 57' lang='lat' dir='ltr'><strong>omnes</strong></span> <span class='ocrx_word' id='word_1_628' title='bbox 2359 3105 2581 3177; x_wconf 78' lang='lat' dir='ltr'><strong>virtutes</strong></span> <span class='ocrx_word' id='word_1_629' title='bbox 2602 3105 2803 3177; x_wconf 74' lang='lat' dir='ltr'><strong>absque</strong></span> <span class='ocrx_word' id='word_1_630' title='bbox 2827 3106 3106 3177; x_wconf 66' lang='lat' dir='ltr'><strong>clior-irate.</strong></span> 
     </span>
    </p>
   </div>
   <div class='ocr_carea' id='block_1_109' title="bbox 2213 3170 3709 3247">
    <p class='ocr_par' dir='ltr' id='par_1_109' title="bbox 2213 3170 3709 3247">
     <span class='ocr_line' id='line_1_115' title="bbox 2213 3170 3709 3247; baseline -0.001 -17"><span class='ocrx_word' id='word_1_631' title='bbox 2213 3173 2555 3247; x_wconf 73' lang='lat' dir='ltr'><strong>Sicutﬂstnla</strong></span> <span class='ocrx_word' id='word_1_632' title='bbox 2594 3170 2797 3247; x_wconf 75' lang='lat' dir='ltr'><strong>absque</strong></span> <span class='ocrx_word' id='word_1_633' title='bbox 2842 3176 3131 3245; x_wconf 84' lang='lat' dir='ltr'><strong>inspirante</strong></span> <span class='ocrx_word' id='word_1_634' title='bbox 3176 3174 3388 3247; x_wconf 83' lang='lat' dir='ltr'><strong>nullum</strong></span> <span class='ocrx_word' id='word_1_635' title='bbox 3414 3170 3587 3247; x_wconf 79' lang='lat' dir='ltr'><strong>reddit</strong></span> <span class='ocrx_word' id='word_1_636' title='bbox 3615 3188 3709 3228; x_wconf 81' lang='lat' dir='ltr'><strong>so-</strong></span> 
     </span>
    </p>
   </div>
   <div class='ocr_carea' id='block_1_110' title="bbox 2139 3243 3713 3318">
    <p class='ocr_par' dir='ltr' id='par_1_110' title="bbox 2139 3243 3713 3318">
     <span class='ocr_line' id='line_1_116' title="bbox 2139 3243 3713 3318; baseline 0 -19"><span class='ocrx_word' id='word_1_637' title='bbox 2139 3262 2261 3299; x_wconf 85' lang='lat' dir='ltr'><strong>nunt</strong></span> <span class='ocrx_word' id='word_1_638' title='bbox 2288 3287 2303 3311; x_wconf 85' lang='lat'><strong>,</strong></span> <span class='ocrx_word' id='word_1_639' title='bbox 2348 3244 2419 3299; x_wconf 89' lang='lat' dir='ltr'><strong>ita</strong></span> <span class='ocrx_word' id='word_1_640' title='bbox 2448 3258 2504 3302; x_wconf 89' lang='lat' dir='ltr'><strong>et</strong></span> <span class='ocrx_word' id='word_1_641' title='bbox 2530 3263 2625 3302; x_wconf 89' lang='lat' dir='ltr'><strong>cor</strong></span> <span class='ocrx_word' id='word_1_642' title='bbox 2654 3243 2885 3303; x_wconf 80' lang='lat' dir='ltr'><strong>hominis</strong></span> <span class='ocrx_word' id='word_1_643' title='bbox 2912 3243 3113 3318; x_wconf 82' lang='lat' dir='ltr'><strong>absque</strong></span> <span class='ocrx_word' id='word_1_644' title='bbox 3153 3246 3501 3318; x_wconf 75' lang='lat' dir='ltr'><strong>inspiratiOne</strong></span> <span class='ocrx_word' id='word_1_645' title='bbox 3530 3243 3713 3299; x_wconf 71' lang='lat' dir='ltr'><strong>divine</strong></span> 
     </span>
    </p>
   </div>
   <div class='ocr_carea' id='block_1_111' title="bbox 2138 3318 2802 3384">
    <p class='ocr_par' dir='ltr' id='par_1_111' title="bbox 2138 3318 2802 3384">
     <span class='ocr_line' id='line_1_117' title="bbox 2138 3318 2802 3384; baseline -0.002 -12"><span class='ocrx_word' id='word_1_646' title='bbox 2138 3318 2337 3372; x_wconf 88' lang='lat' dir='ltr'><strong>nullum</strong></span> <span class='ocrx_word' id='word_1_647' title='bbox 2369 3319 2559 3384; x_wconf 84' lang='lat' dir='ltr'><strong>recipit</strong></span> <span class='ocrx_word' id='word_1_648' title='bbox 2586 3321 2802 3374; x_wconf 88' lang='lat' dir='ltr'><strong>bonum.</strong></span> 
     </span>
    </p>
   </div>
   <div class='ocr_carea' id='block_1_112' title="bbox 2206 3386 3707 3458">
    <p class='ocr_par' dir='ltr' id='par_1_112' title="bbox 2206 3386 3707 3458">
     <span class='ocr_line' id='line_1_118' title="bbox 2206 3386 3707 3458; baseline -0.003 -18"><span class='ocrx_word' id='word_1_649' title='bbox 2206 3389 2355 3443; x_wconf 87' lang='lat' dir='ltr'><strong>Sicut</strong></span> <span class='ocrx_word' id='word_1_650' title='bbox 2394 3389 2515 3458; x_wconf 89' lang='lat' dir='ltr'><strong>equi</strong></span> <span class='ocrx_word' id='word_1_651' title='bbox 2592 3391 2874 3458; x_wconf 84' lang='lat' dir='ltr'><strong>cujuslibet</strong></span> <span class='ocrx_word' id='word_1_652' title='bbox 2921 3404 3109 3444; x_wconf 88' lang='lat' dir='ltr'><strong>cursus</strong></span> <span class='ocrx_word' id='word_1_653' title='bbox 3153 3387 3206 3442; x_wconf 88' lang='lat' dir='ltr'><strong>in</strong></span> <span class='ocrx_word' id='word_1_654' title='bbox 3273 3386 3404 3458; x_wconf 10' lang='lat' dir='ltr'><strong>loco?</strong></span> <span class='ocrx_word' id='word_1_655' title='bbox 3447 3394 3707 3458; x_wconf 77' lang='lat' dir='ltr'><strong>spatioso,</strong></span> 
     </span>
    </p>
   </div>
   <div class='ocr_carea' id='block_1_113' title="bbox 2138 3457 3627 3529">
    <p class='ocr_par' dir='ltr' id='par_1_113' title="bbox 2138 3457 3627 3529">
     <span class='ocr_line' id='line_1_119' title="bbox 2138 3457 3627 3529; baseline -0.001 -20"><span class='ocrx_word' id='word_1_656' title='bbox 2138 3458 2206 3511; x_wconf 90' lang='lat' dir='ltr'><strong>ita</strong></span> <span class='ocrx_word' id='word_1_657' title='bbox 2235 3472 2287 3512; x_wconf 90' lang='lat' dir='ltr'><strong>et</strong></span> <span class='ocrx_word' id='word_1_658' title='bbox 2314 3457 2548 3515; x_wconf 83' lang='lat' dir='ltr'><strong>hominis</strong></span> <span class='ocrx_word' id='word_1_659' title='bbox 2579 3457 2820 3515; x_wconf 74' lang='lat' dir='ltr'><strong>voluntas</strong></span> <span class='ocrx_word' id='word_1_660' title='bbox 2855 3461 3109 3529; x_wconf 69' lang='lat' dir='ltr'><strong>probatur</strong></span> <span class='ocrx_word' id='word_1_661' title='bbox 3139 3461 3193 3514; x_wconf 88' lang='lat' dir='ltr'><strong>in</strong></span> <span class='ocrx_word' id='word_1_662' title='bbox 3222 3457 3444 3529; x_wconf 83' lang='lat' dir='ltr'><strong>arbitrio</strong></span> <span class='ocrx_word' id='word_1_663' title='bbox 3479 3457 3627 3529; x_wconf 73' lang='lat' dir='ltr'><strong>dato.</strong></span> 
     </span>
    </p>
   </div>
   <div class='ocr_carea' id='block_1_114' title="bbox 2209 3526 3710 3597">
    <p class='ocr_par' dir='ltr' id='par_1_114' title="bbox 2209 3526 3710 3597">
     <span class='ocr_line' id='line_1_120' title="bbox 2209 3526 3710 3597; baseline -0.002 -13"><span class='ocrx_word' id='word_1_664' title='bbox 2209 3529 2356 3584; x_wconf 89' lang='lat' dir='ltr'><strong>Sicut</strong></span> <span class='ocrx_word' id='word_1_665' title='bbox 2379 3531 2515 3586; x_wconf 89' lang='lat' dir='ltr'><strong>oculi</strong></span> <span class='ocrx_word' id='word_1_666' title='bbox 2549 3532 2786 3585; x_wconf 88' lang='lat' dir='ltr'><strong>omnium</strong></span> <span class='ocrx_word' id='word_1_667' title='bbox 2816 3526 2868 3585; x_wconf 64' lang='grc' dir='ltr'><strong>ίςι</strong></span> <span class='ocrx_word' id='word_1_668' title='bbox 2898 3533 3093 3597; x_wconf 86' lang='lat' dir='ltr'><strong>capite,</strong></span> <span class='ocrx_word' id='word_1_669' title='bbox 3119 3530 3191 3582; x_wconf 90' lang='lat' dir='ltr'><strong>ita</strong></span> <span class='ocrx_word' id='word_1_670' title='bbox 3219 3528 3379 3582; x_wconf 83' lang='lat' dir='ltr'><strong>etiam</strong></span> <span class='ocrx_word' id='word_1_671' title='bbox 3416 3526 3467 3580; x_wconf 93' lang='lat' dir='ltr'><strong>in</strong></span> <span class='ocrx_word' id='word_1_672' title='bbox 3498 3526 3710 3581; x_wconf 78' lang='lat' dir='ltr'><strong>Christo</strong></span> 
     </span>
    </p>
   </div>
   <div class='ocr_carea' id='block_1_115' title="bbox 2137 3600 3343 3657">
    <p class='ocr_par' dir='ltr' id='par_1_115' title="bbox 2137 3600 3343 3657">
     <span class='ocr_line' id='line_1_121' title="bbox 2137 3600 3343 3657; baseline -0.002 -4"><span class='ocrx_word' id='word_1_673' title='bbox 2137 3603 2430 3655; x_wconf 78' lang='lat' dir='ltr'><strong>oonsistere</strong></span> <span class='ocrx_word' id='word_1_674' title='bbox 2456 3602 2612 3655; x_wconf 88' lang='lat' dir='ltr'><strong>debet</strong></span> <span class='ocrx_word' id='word_1_675' title='bbox 2634 3603 2807 3657; x_wconf 85' lang='lat' dir='ltr'><strong>omnis</strong></span> <span class='ocrx_word' id='word_1_676' title='bbox 2839 3600 3060 3655; x_wconf 84' lang='lat' dir='ltr'><strong>intentio</strong></span> <span class='ocrx_word' id='word_1_677' title='bbox 3091 3600 3343 3654; x_wconf 83' lang='lat' dir='ltr'><strong>lideliuin.</strong></span> 
     </span>
    </p>
   </div>
   <div class='ocr_carea' id='block_1_116' title="bbox 2209 3668 3707 3740">
    <p class='ocr_par' dir='ltr' id='par_1_116' title="bbox 2209 3668 3707 3740">
     <span class='ocr_line' id='line_1_122' title="bbox 2209 3668 3707 3740; baseline 0 -18"><span class='ocrx_word' id='word_1_678' title='bbox 2209 3668 2338 3725; x_wconf 87' lang='lat' dir='ltr'><strong>Sine</strong></span> <span class='ocrx_word' id='word_1_679' title='bbox 2381 3670 2485 3725; x_wconf 83' lang='lat' dir='ltr'><strong>line</strong></span> <span class='ocrx_word' id='word_1_680' title='bbox 2531 3672 2753 3726; x_wconf 89' lang='lat' dir='ltr'><strong>cruciari</strong></span> <span class='ocrx_word' id='word_1_681' title='bbox 2805 3678 3058 3739; x_wconf 82' lang='lat' dir='ltr'><strong>meretur,</strong></span> <span class='ocrx_word' id='word_1_682' title='bbox 3110 3670 3199 3740; x_wconf 88' lang='lat' dir='ltr'><strong>qui</strong></span> <span class='ocrx_word' id='word_1_683' title='bbox 3230 3670 3429 3724; x_wconf 88' lang='lat' dir='ltr'><strong>nullum</strong></span> <span class='ocrx_word' id='word_1_684' title='bbox 3455 3668 3707 3740; x_wconf 70' lang='lat' dir='ltr'><strong>peccandi</strong></span> 
     </span>
    </p>
   </div>
   <div class='ocr_carea' id='block_1_117' title="bbox 2139 3740 2908 3796">
    <p class='ocr_par' dir='ltr' id='par_1_117' title="bbox 2139 3740 2908 3796">
     <span class='ocr_line' id='line_1_123' title="bbox 2139 3740 2908 3796; baseline 0.007 -5"><span class='ocrx_word' id='word_1_685' title='bbox 2139 3740 2296 3793; x_wconf 86' lang='lat' dir='ltr'><strong>linem</strong></span> <span class='ocrx_word' id='word_1_686' title='bbox 2329 3745 2379 3794; x_wconf 86' lang='lat' dir='ltr'><strong>in</strong></span> <span class='ocrx_word' id='word_1_687' title='bbox 2401 3743 2562 3796; x_wconf 88' lang='lat' dir='ltr'><strong>corde</strong></span> <span class='ocrx_word' id='word_1_688' title='bbox 2587 3754 2686 3795; x_wconf 88' lang='lat' dir='ltr'><strong>suo</strong></span> <span class='ocrx_word' id='word_1_689' title='bbox 2704 3741 2908 3796; x_wconf 83' lang='lat' dir='ltr'><strong>statuit.</strong></span> 
     </span>
    </p>
   </div>
   <div class='ocr_carea' id='block_1_118' title="bbox 2138 3808 3715 3936">
    <p class='ocr_par' dir='ltr' id='par_1_118' title="bbox 2138 3808 3715 3936">
     <span class='ocr_line' id='line_1_124' title="bbox 2138 3808 3715 3936; baseline -0.003 -70"><span class='ocrx_word' id='word_1_690' title='bbox 2138 3881 2168 3936; x_wconf 57' lang='grc' dir='ltr'>ἀ</span> <span class='ocrx_word' id='word_1_691' title='bbox 2210 3809 2414 3934; x_wconf 52' lang='grc' dir='ltr'><strong>53]ηωί</strong></span> <span class='ocrx_word' id='word_1_692' title='bbox 2479 3812 2727 3883; x_wconf 73' lang='lat' dir='ltr'><strong>principis</strong></span> <span class='ocrx_word' id='word_1_693' title='bbox 2793 3810 3023 3866; x_wconf 87' lang='lat' dir='ltr'><strong>ministri</strong></span> <span class='ocrx_word' id='word_1_694' title='bbox 3070 3810 3122 3866; x_wconf 89' lang='lat' dir='ltr'><strong>in</strong></span> <span class='ocrx_word' id='word_1_695' title='bbox 3164 3810 3353 3880; x_wconf 82' lang='lat' dir='ltr'><strong>primis</strong></span> <span class='ocrx_word' id='word_1_696' title='bbox 3379 3817 3505 3866; x_wconf 86' lang='lat' dir='ltr'><strong>sunt</strong></span> <span class='ocrx_word' id='word_1_697' title='bbox 3531 3808 3715 3880; x_wconf 84' lang='lat' dir='ltr'><strong>provi—</strong></span> 
     </span>
     <span class='ocr_line' id='line_1_125' title="bbox 2175 3897 2317 3936; baseline 0 0"><span class='ocrx_word' id='word_1_698' title='bbox 2175 3897 2239 3936; x_wconf 90' lang='lat' dir='ltr'><strong>en</strong></span> <span class='ocrx_word' id='word_1_699' title='bbox 2282 3898 2317 3936; x_wconf 89' lang='lat' dir='ltr'><strong>l.</strong></span> 
     </span>
    </p>
   </div>
   <div class='ocr_carea' id='block_1_119' title="bbox 2175 3897 2317 3939">
    <p class='ocr_par' dir='ltr' id='par_1_119' title="bbox 2175 3897 2317 3939">
     <span class='ocr_line' id='line_1_126' title="bbox 2175 3897 2317 3939; baseline 0.014 -3"><span class='ocrx_word' id='word_1_700' title='bbox 2175 3897 2317 3939; x_wconf 82' lang='lat' dir='ltr'><strong>enni.</strong></span> 
     </span>
    </p>
   </div>
   <div class='ocr_carea' id='block_1_120' title="bbox 2209 3950 3711 4037">
    <p class='ocr_par' dir='ltr' id='par_1_120' title="bbox 2209 3950 3711 4037">
     <span class='ocr_line' id='line_1_127' title="bbox 2209 3950 3711 4037; baseline -0.001 -30"><span class='ocrx_word' id='word_1_701' title='bbox 2209 3951 2302 4007; x_wconf 87' lang='lat' dir='ltr'><strong>Sic</strong></span> <span class='ocrx_word' id='word_1_702' title='bbox 2322 3951 2443 4037; x_wconf 74' lang='lat' dir='ltr'><strong>aliis</strong></span> <span class='ocrx_word' id='word_1_703' title='bbox 2468 3953 2717 4024; x_wconf 81' lang='lat' dir='ltr'><strong>ignosce,</strong></span> <span class='ocrx_word' id='word_1_704' title='bbox 2752 3962 2808 4007; x_wconf 89' lang='lat' dir='ltr'><strong>ut</strong></span> <span class='ocrx_word' id='word_1_705' title='bbox 2841 3962 2897 4009; x_wconf 92' lang='lat' dir='ltr'><strong>tu</strong></span> <span class='ocrx_word' id='word_1_706' title='bbox 2920 3950 3015 4009; x_wconf 89' lang='lat' dir='ltr'><strong>tibi</strong></span> <span class='ocrx_word' id='word_1_707' title='bbox 3043 3951 3280 4024; x_wconf 83' lang='lat' dir='ltr'><strong>peccanti</strong></span> <span class='ocrx_word' id='word_1_708' title='bbox 3316 3952 3434 4007; x_wconf 86' lang='lat' dir='ltr'><strong>illos</strong></span> <span class='ocrx_word' id='word_1_709' title='bbox 3464 3951 3711 4023; x_wconf 81' lang='lat' dir='ltr'><strong>ignosce-</strong></span> 
     </span>
    </p>
   </div>
   <div class='ocr_carea' id='block_1_121' title="bbox 2138 4038 2386 4093">
    <p class='ocr_par' dir='ltr' id='par_1_121' title="bbox 2138 4038 2386 4093">
     <span class='ocr_line' id='line_1_128' title="bbox 2138 4038 2386 4093; baseline -0.012 -14"><span class='ocrx_word' id='word_1_710' title='bbox 2138 4039 2196 4079; x_wconf 85' lang='lat' dir='ltr'><strong>re</strong></span> <span class='ocrx_word' id='word_1_711' title='bbox 2219 4038 2386 4093; x_wconf 79' lang='lat' dir='ltr'><strong>copis.</strong></span> 
     </span>
    </p>
   </div>
   <div class='ocr_carea' id='block_1_122' title="bbox 2174 4093 3701 4218">
    <p class='ocr_par' dir='ltr' id='par_1_122' title="bbox 2174 4093 3701 4218">
     <span class='ocr_line' id='line_1_129' title="bbox 2174 4093 3701 4218; baseline 0.006 -74"><span class='ocrx_word' id='word_1_712' title='bbox 2174 4094 2432 4218; x_wconf 55' lang='lat' dir='ltr'><strong>dSanguis</strong></span> <span class='ocrx_word' id='word_1_713' title='bbox 2461 4095 2775 4166; x_wconf 82' lang='lat' dir='ltr'><strong>sanguinem</strong></span> <span class='ocrx_word' id='word_1_714' title='bbox 2818 4094 3002 4167; x_wconf 86' lang='lat' dir='ltr'><strong>tangit,</strong></span> <span class='ocrx_word' id='word_1_715' title='bbox 3040 4108 3160 4151; x_wconf 88' lang='lat' dir='ltr'><strong>cum</strong></span> <span class='ocrx_word' id='word_1_716' title='bbox 3209 4102 3429 4163; x_wconf 84' lang='lat' dir='ltr'><strong>peccata</strong></span> <span class='ocrx_word' id='word_1_717' title='bbox 3465 4093 3701 4165; x_wconf 78' lang='lat' dir='ltr'><strong>peccatis</strong></span> 
     </span>
     <span class='ocr_line' id='line_1_130' title="bbox 2210 4180 2479 4218; baseline 0 0"><span class='ocrx_word' id='word_1_718' title='bbox 2210 4180 2479 4218; x_wconf 78' lang='lat' dir='ltr'><strong>llCltIltllJI&#39;.</strong></span> 
     </span>
    </p>
   </div>
   <div class='ocr_carea' id='block_1_123' title="bbox 2139 4180 2479 4232">
    <p class='ocr_par' dir='ltr' id='par_1_123' title="bbox 2139 4180 2479 4232">
     <span class='ocr_line' id='line_1_131' title="bbox 2139 4180 2479 4232; baseline 0 -13"><span class='ocrx_word' id='word_1_719' title='bbox 2139 4180 2479 4232; x_wconf 76' lang='lat' dir='ltr'><strong>ittlilCltItllul&#39;.</strong></span> 
     </span>
    </p>
   </div>
   <div class='ocr_carea' id='block_1_124' title="bbox 2214 4236 3310 4306">
    <p class='ocr_par' dir='ltr' id='par_1_124' title="bbox 2214 4236 3310 4306">
     <span class='ocr_line' id='line_1_132' title="bbox 2214 4236 3310 4306; baseline 0.002 -18"><span class='ocrx_word' id='word_1_720' title='bbox 2214 4236 2471 4306; x_wconf 72' lang='lat' dir='ltr'><strong>Superbia</strong></span> <span class='ocrx_word' id='word_1_721' title='bbox 2497 4238 2610 4293; x_wconf 86' lang='lat' dir='ltr'><strong>sola</strong></span> <span class='ocrx_word' id='word_1_722' title='bbox 2633 4237 2923 4305; x_wconf 86' lang='lat' dir='ltr'><strong>corrumpit</strong></span> <span class='ocrx_word' id='word_1_723' title='bbox 2947 4236 3122 4291; x_wconf 86' lang='lat' dir='ltr'><strong>omnia</strong></span> <span class='ocrx_word' id='word_1_724' title='bbox 3150 4236 3310 4291; x_wconf 86' lang='lat' dir='ltr'><strong>bona.</strong></span> 
     </span>
    </p>
   </div>
   <div class='ocr_carea' id='block_1_125' title="bbox 2210 4305 3014 4376">
    <p class='ocr_par' dir='ltr' id='par_1_125' title="bbox 2210 4305 3014 4376">
     <span class='ocr_line' id='line_1_133' title="bbox 2210 4305 3014 4376; baseline -0.001 -15"><span class='ocrx_word' id='word_1_725' title='bbox 2210 4305 2381 4361; x_wconf 83' lang='lat' dir='ltr'><strong>Stulta</strong></span> <span class='ocrx_word' id='word_1_726' title='bbox 2413 4318 2531 4363; x_wconf 73' lang='lat' dir='ltr'><strong>Vota</strong></span> <span class='ocrx_word' id='word_1_727' title='bbox 2563 4308 2846 4376; x_wconf 74' lang='lat' dir='ltr'><strong>frangenda</strong></span> <span class='ocrx_word' id='word_1_728' title='bbox 2875 4318 3014 4361; x_wconf 86' lang='lat' dir='ltr'><strong>sunt.</strong></span> 
     </span>
    </p>
   </div>
   <div class='ocr_carea' id='block_1_126' title="bbox 2211 4377 3472 4446">
    <p class='ocr_par' dir='ltr' id='par_1_126' title="bbox 2211 4377 3472 4446">
     <span class='ocr_line' id='line_1_134' title="bbox 2211 4377 3472 4446; baseline 0.001 -14"><span class='ocrx_word' id='word_1_729' title='bbox 2211 4377 2340 4434; x_wconf 88' lang='lat' dir='ltr'><strong>Sine</strong></span> <span class='ocrx_word' id='word_1_730' title='bbox 2370 4381 2610 4434; x_wconf 77' lang='lat' dir='ltr'><strong>doctrina</strong></span> <span class='ocrx_word' id='word_1_731' title='bbox 2637 4390 2740 4432; x_wconf 80' lang='lat' dir='ltr'><strong>vita</strong></span> <span class='ocrx_word' id='word_1_732' title='bbox 2769 4386 2851 4433; x_wconf 87' lang='lat' dir='ltr'><strong>est</strong></span> <span class='ocrx_word' id='word_1_733' title='bbox 2877 4381 3024 4446; x_wconf 87' lang='lat' dir='ltr'><strong>quasi</strong></span> <span class='ocrx_word' id='word_1_734' title='bbox 3053 4380 3241 4433; x_wconf 87' lang='lat' dir='ltr'><strong>mortis</strong></span> <span class='ocrx_word' id='word_1_735' title='bbox 3272 4377 3472 4446; x_wconf 79' lang='lat' dir='ltr'><strong>imago.</strong></span> 
     </span>
    </p>
   </div>
   <div class='ocr_carea' id='block_1_127' title="bbox 2073 4447 3698 4541">
    <p class='ocr_par' dir='ltr' id='par_1_127' title="bbox 2073 4447 3698 4541">
     <span class='ocr_line' id='line_1_135' title="bbox 2073 4447 3698 4541; baseline 0.001 -39"><span class='ocrx_word' id='word_1_736' title='bbox 2073 4482 2120 4541; x_wconf 75' lang='grc' dir='ltr'>υ</span> <span class='ocrx_word' id='word_1_737' title='bbox 2154 4448 2270 4541; x_wconf 39' lang='lat' dir='ltr'><strong>MS}</strong></span> <span class='ocrx_word' id='word_1_738' title='bbox 2298 4463 2442 4541; x_wconf 62' lang='lat' dir='ltr'><strong>ames</strong></span> <span class='ocrx_word' id='word_1_739' title='bbox 2466 4450 2745 4541; x_wconf 44' lang='lat' dir='ltr'><strong>dicilpater</strong></span> <span class='ocrx_word' id='word_1_740' title='bbox 2766 4460 2825 4541; x_wconf 48' lang='lat' dir='ltr'><strong>et.</strong></span> <span class='ocrx_word' id='word_1_741' title='bbox 2845 4449 3089 4519; x_wconf 87' lang='lat' dir='ltr'><strong>princeps</strong></span> <span class='ocrx_word' id='word_1_742' title='bbox 3108 4491 3123 4517; x_wconf 93' lang='lat'><strong>,</strong></span> <span class='ocrx_word' id='word_1_743' title='bbox 3154 4464 3347 4504; x_wconf 87' lang='lat' dir='ltr'><strong>nomen</strong></span> <span class='ocrx_word' id='word_1_744' title='bbox 3374 4465 3494 4505; x_wconf 85' lang='lat' dir='ltr'><strong>cum</strong></span> <span class='ocrx_word' id='word_1_745' title='bbox 3523 4447 3698 4503; x_wconf 85' lang='lat' dir='ltr'><strong>hono-</strong></span> 
     </span>
    </p>
   </div>
   <div class='ocr_carea' id='block_1_128' title="bbox 2153 4521 2883 4590">
    <p class='ocr_par' dir='ltr' id='par_1_128' title="bbox 2153 4521 2883 4590">
     <span class='ocr_line' id='line_1_136' title="bbox 2153 4521 2883 4590; baseline -0.001 -16"><span class='ocrx_word' id='word_1_746' title='bbox 2153 4534 2209 4574; x_wconf 86' lang='lat' dir='ltr'><strong>re</strong></span> <span class='ocrx_word' id='word_1_747' title='bbox 2234 4533 2410 4582; x_wconf 82' lang='lat' dir='ltr'><strong>serva,</strong></span> <span class='ocrx_word' id='word_1_748' title='bbox 2440 4523 2672 4574; x_wconf 84' lang='lat' dir='ltr'><strong>moribus</strong></span> <span class='ocrx_word' id='word_1_749' title='bbox 2704 4521 2883 4590; x_wconf 88' lang='lat' dir='ltr'><strong>imple.</strong></span> 
     </span>
    </p>
   </div>
   <div class='ocr_carea' id='block_1_129' title="bbox 2224 4590 3708 4660">
    <p class='ocr_par' dir='ltr' id='par_1_129' title="bbox 2224 4590 3708 4660">
     <span class='ocr_line' id='line_1_137' title="bbox 2224 4590 3708 4660; baseline -0.001 -15"><span class='ocrx_word' id='word_1_750' title='bbox 2224 4590 2429 4657; x_wconf 62' lang='lat' dir='ltr'><strong>Schius</strong></span> <span class='ocrx_word' id='word_1_751' title='bbox 2462 4593 2632 4647; x_wconf 81' lang='lat' dir='ltr'><strong>ventis</strong></span> <span class='ocrx_word' id='word_1_752' title='bbox 2661 4594 2887 4660; x_wconf 79' lang='lat' dir='ltr'><strong>agitatur</strong></span> <span class='ocrx_word' id='word_1_753' title='bbox 2918 4592 3103 4658; x_wconf 81' lang='lat' dir='ltr'><strong>ingens</strong></span> <span class='ocrx_word' id='word_1_754' title='bbox 3132 4591 3304 4660; x_wconf 87' lang='lat' dir='ltr'><strong>pinus,</strong></span> <span class='ocrx_word' id='word_1_755' title='bbox 3336 4598 3389 4643; x_wconf 87' lang='lat' dir='ltr'><strong>et</strong></span> <span class='ocrx_word' id='word_1_756' title='bbox 3411 4590 3569 4644; x_wconf 65' lang='lat' dir='ltr'><strong>celsa:</strong></span> <span class='ocrx_word' id='word_1_757' title='bbox 3598 4598 3708 4643; x_wconf 88' lang='lat' dir='ltr'><strong>tur-</strong></span> 
     </span>
    </p>
   </div>
   <div class='ocr_carea' id='block_1_130' title="bbox 2154 4663 2936 4727">
    <p class='ocr_par' dir='ltr' id='par_1_130' title="bbox 2154 4663 2936 4727">
     <span class='ocr_line' id='line_1_138' title="bbox 2154 4663 2936 4727; baseline 0.003 -13"><span class='ocrx_word' id='word_1_758' title='bbox 2154 4676 2239 4715; x_wconf 85' lang='lat' dir='ltr'><strong>res</strong></span> <span class='ocrx_word' id='word_1_759' title='bbox 2264 4663 2503 4727; x_wconf 73' lang='lat' dir='ltr'><strong>graviore</strong></span> <span class='ocrx_word' id='word_1_760' title='bbox 2531 4677 2653 4717; x_wconf 83' lang='lat' dir='ltr'><strong>casu</strong></span> <span class='ocrx_word' id='word_1_761' title='bbox 2683 4663 2936 4718; x_wconf 86' lang='lat' dir='ltr'><strong>decidunt</strong></span> 
     </span>
    </p>
   </div>
   <div class='ocr_carea' id='block_1_131' title="bbox 2225 4730 3713 4802">
    <p class='ocr_par' dir='ltr' id='par_1_131' title="bbox 2225 4730 3713 4802">
     <span class='ocr_line' id='line_1_139' title="bbox 2225 4730 3713 4802; baseline 0 -15"><span class='ocrx_word' id='word_1_762' title='bbox 2225 4730 2499 4787; x_wconf 80' lang='lat' dir='ltr'><strong>Stantibus</strong></span> <span class='ocrx_word' id='word_1_763' title='bbox 2541 4743 2592 4788; x_wconf 88' lang='lat' dir='ltr'><strong>et</strong></span> <span class='ocrx_word' id='word_1_764' title='bbox 2643 4734 2801 4802; x_wconf 88' lang='lat' dir='ltr'><strong>lapsis</strong></span> <span class='ocrx_word' id='word_1_765' title='bbox 2850 4748 2943 4802; x_wconf 87' lang='lat' dir='ltr'><strong>par</strong></span> <span class='ocrx_word' id='word_1_766' title='bbox 2990 4731 3286 4787; x_wconf 60' lang='lat' dir='ltr'><strong>sollicitudo</strong></span> <span class='ocrx_word' id='word_1_767' title='bbox 3325 4731 3553 4787; x_wconf 82' lang='lat' dir='ltr'><strong>tenenda</strong></span> <span class='ocrx_word' id='word_1_768' title='bbox 3584 4741 3713 4801; x_wconf 74' lang='lat' dir='ltr'><strong>est:</strong></span> 
     </span>
    </p>
   </div>
   <div class='ocr_carea' id='block_1_132' title="bbox 2155 4801 3463 4872">
    <p class='ocr_par' dir='ltr' id='par_1_132' title="bbox 2155 4801 3463 4872">
     <span class='ocr_line' id='line_1_140' title="bbox 2155 4801 3463 4872; baseline -0.002 -15"><span class='ocrx_word' id='word_1_769' title='bbox 2155 4801 2235 4857; x_wconf 72' lang='lat' dir='ltr'><strong>bis</strong></span> <span class='ocrx_word' id='word_1_770' title='bbox 2259 4819 2325 4857; x_wconf 85' lang='lat' dir='ltr'><strong>ne</strong></span> <span class='ocrx_word' id='word_1_771' title='bbox 2353 4815 2495 4858; x_wconf 83' lang='lat' dir='ltr'><strong>retro</strong></span> <span class='ocrx_word' id='word_1_772' title='bbox 2521 4801 2730 4871; x_wconf 73' lang='lat' dir='ltr'><strong>cadam,</strong></span> <span class='ocrx_word' id='word_1_773' title='bbox 2760 4805 2866 4859; x_wconf 83' lang='lat' dir='ltr'><strong>illis</strong></span> <span class='ocrx_word' id='word_1_774' title='bbox 2898 4813 2952 4856; x_wconf 91' lang='lat' dir='ltr'><strong>ut</strong></span> <span class='ocrx_word' id='word_1_775' title='bbox 2982 4805 3191 4857; x_wconf 82' lang='lat' dir='ltr'><strong>concito</strong></span> <span class='ocrx_word' id='word_1_776' title='bbox 3222 4814 3463 4872; x_wconf 75' lang='lat' dir='ltr'><strong>surgant.</strong></span> 
     </span>
    </p>
   </div>
   <div class='ocr_carea' id='block_1_133' title="bbox 2224 4873 3523 4943">
    <p class='ocr_par' dir='ltr' id='par_1_133' title="bbox 2224 4873 3523 4943">
     <span class='ocr_line' id='line_1_141' title="bbox 2224 4873 3523 4943; baseline -0.005 -12"><span class='ocrx_word' id='word_1_777' title='bbox 2224 4874 2410 4931; x_wconf 84' lang='lat' dir='ltr'><strong>Sermo</strong></span> <span class='ocrx_word' id='word_1_778' title='bbox 2439 4875 2593 4931; x_wconf 84' lang='lat' dir='ltr'><strong>datur</strong></span> <span class='ocrx_word' id='word_1_779' title='bbox 2624 4876 2822 4939; x_wconf 76' lang='lat' dir='ltr'><strong>multis,</strong></span> <span class='ocrx_word' id='word_1_780' title='bbox 2851 4876 3010 4941; x_wconf 86' lang='lat' dir='ltr'><strong>animi</strong></span> <span class='ocrx_word' id='word_1_781' title='bbox 3038 4876 3291 4943; x_wconf 81' lang='lat' dir='ltr'><strong>sapientia</strong></span> <span class='ocrx_word' id='word_1_782' title='bbox 3326 4873 3523 4942; x_wconf 85' lang='lat' dir='ltr'><strong>paucis.</strong></span> 
     </span>
    </p>
   </div>
   <div class='ocr_carea' id='block_1_134' title="bbox 2221 4946 3511 5016">
    <p class='ocr_par' dir='ltr' id='par_1_134' title="bbox 2221 4946 3511 5016">
     <span class='ocr_line' id='line_1_142' title="bbox 2221 4946 3511 5016; baseline -0.002 -17"><span class='ocrx_word' id='word_1_783' title='bbox 2221 4946 2275 4999; x_wconf 88' lang='lat' dir='ltr'><strong>Si</strong></span> <span class='ocrx_word' id='word_1_784' title='bbox 2309 4961 2538 5016; x_wconf 83' lang='lat' dir='ltr'><strong>nequeas</strong></span> <span class='ocrx_word' id='word_1_785' title='bbox 2566 4948 2763 5014; x_wconf 79' lang='lat' dir='ltr'><strong>plures,</strong></span> <span class='ocrx_word' id='word_1_786' title='bbox 2789 4948 2868 5000; x_wconf 85' lang='lat' dir='ltr'><strong>vel</strong></span> <span class='ocrx_word' id='word_1_787' title='bbox 2894 4955 2943 5001; x_wconf 89' lang='lat' dir='ltr'><strong>te</strong></span> <span class='ocrx_word' id='word_1_788' title='bbox 2974 4946 3307 4999; x_wconf 84' lang='lat' dir='ltr'><strong>solummodo</strong></span> <span class='ocrx_word' id='word_1_789' title='bbox 3334 4957 3511 5016; x_wconf 86' lang='lat' dir='ltr'><strong>cures.</strong></span> 
     </span>
    </p>
   </div>
   <div class='ocr_carea' id='block_1_135' title="bbox 2223 5015 3535 5086">
    <p class='ocr_par' dir='ltr' id='par_1_135' title="bbox 2223 5015 3535 5086">
     <span class='ocr_line' id='line_1_143' title="bbox 2223 5015 3535 5086; baseline 0 -17"><span class='ocrx_word' id='word_1_790' title='bbox 2223 5016 2278 5069; x_wconf 90' lang='lat' dir='ltr'><strong>Si</strong></span> <span class='ocrx_word' id='word_1_791' title='bbox 2305 5015 2428 5086; x_wconf 78' lang='lat' dir='ltr'><strong>quid</strong></span> <span class='ocrx_word' id='word_1_792' title='bbox 2462 5018 2648 5073; x_wconf 81' lang='lat' dir='ltr'><strong>Vovisti</strong></span> <span class='ocrx_word' id='word_1_793' title='bbox 2678 5016 2903 5071; x_wconf 80' lang='lat' dir='ltr'><strong>Domino</strong></span> <span class='ocrx_word' id='word_1_794' title='bbox 2926 5058 2941 5083; x_wconf 92' lang='lat'><strong>,</strong></span> <span class='ocrx_word' id='word_1_795' title='bbox 2977 5032 3041 5071; x_wconf 91' lang='lat' dir='ltr'><strong>ne</strong></span> <span class='ocrx_word' id='word_1_796' title='bbox 3076 5017 3303 5071; x_wconf 81' lang='lat' dir='ltr'><strong>reddere</strong></span> <span class='ocrx_word' id='word_1_797' title='bbox 3334 5015 3535 5086; x_wconf 80' lang='lat' dir='ltr'><strong>tardes.</strong></span> 
     </span>
    </p>
   </div>
   <div class='ocr_carea' id='block_1_136' title="bbox 2222 5085 3484 5158">
    <p class='ocr_par' dir='ltr' id='par_1_136' title="bbox 2222 5085 3484 5158">
     <span class='ocr_line' id='line_1_144' title="bbox 2222 5085 3484 5158; baseline -0.002 -15"><span class='ocrx_word' id='word_1_798' title='bbox 2222 5087 2403 5143; x_wconf 81' lang='lat' dir='ltr'><strong>Solius</strong></span> <span class='ocrx_word' id='word_1_799' title='bbox 2432 5096 2513 5143; x_wconf 79' lang='lat' dir='ltr'><strong>est</strong></span> <span class='ocrx_word' id='word_1_800' title='bbox 2546 5088 2751 5142; x_wconf 86' lang='lat' dir='ltr'><strong>Domini</strong></span> <span class='ocrx_word' id='word_1_801' title='bbox 2782 5088 2915 5142; x_wconf 88' lang='lat' dir='ltr'><strong>bona</strong></span> <span class='ocrx_word' id='word_1_802' title='bbox 2948 5089 3013 5141; x_wconf 90' lang='lat' dir='ltr'><strong>de</strong></span> <span class='ocrx_word' id='word_1_803' title='bbox 3039 5088 3219 5158; x_wconf 86' lang='lat' dir='ltr'><strong>pravis</strong></span> <span class='ocrx_word' id='word_1_804' title='bbox 3250 5085 3484 5158; x_wconf 77' lang='lat' dir='ltr'><strong>operari.</strong></span> 
     </span>
    </p>
   </div>
   <div class='ocr_carea' id='block_1_137' title="bbox 2222 5156 3633 5227">
    <p class='ocr_par' dir='ltr' id='par_1_137' title="bbox 2222 5156 3633 5227">
     <span class='ocr_line' id='line_1_145' title="bbox 2222 5156 3633 5227; baseline 0 -16"><span class='ocrx_word' id='word_1_805' title='bbox 2222 5158 2443 5227; x_wconf 83' lang='lat' dir='ltr'><strong>Semper</strong></span> <span class='ocrx_word' id='word_1_806' title='bbox 2465 5175 2652 5213; x_wconf 81' lang='lat' dir='ltr'><strong>avarus</strong></span> <span class='ocrx_word' id='word_1_807' title='bbox 2682 5167 2822 5227; x_wconf 72' lang='lat' dir='ltr'><strong>eget,</strong></span> <span class='ocrx_word' id='word_1_808' title='bbox 2850 5159 2990 5213; x_wconf 89' lang='lat' dir='ltr'><strong>hunc</strong></span> <span class='ocrx_word' id='word_1_809' title='bbox 3019 5156 3161 5213; x_wconf 78' lang='lat' dir='ltr'><strong>nulla</strong></span> <span class='ocrx_word' id='word_1_810' title='bbox 3189 5156 3406 5226; x_wconf 84' lang='lat' dir='ltr'><strong>pecunia</strong></span> <span class='ocrx_word' id='word_1_811' title='bbox 3441 5156 3633 5227; x_wconf 84' lang='lat' dir='ltr'><strong>replet.</strong></span> 
     </span>
    </p>
   </div>
   <div class='ocr_carea' id='block_1_138' title="bbox 2222 5229 3353 5297">
    <p class='ocr_par' dir='ltr' id='par_1_138' title="bbox 2222 5229 3353 5297">
     <span class='ocr_line' id='line_1_146' title="bbox 2222 5229 3353 5297; baseline 0 -14"><span class='ocrx_word' id='word_1_812' title='bbox 2222 5230 2276 5283; x_wconf 87' lang='lat' dir='ltr'><strong>Si</strong></span> <span class='ocrx_word' id='word_1_813' title='bbox 2308 5232 2386 5283; x_wconf 83' lang='lat' dir='ltr'><strong>vis</strong></span> <span class='ocrx_word' id='word_1_814' title='bbox 2412 5231 2624 5294; x_wconf 77' lang='lat' dir='ltr'><strong>salvari,</strong></span> <span class='ocrx_word' id='word_1_815' title='bbox 2653 5233 2727 5282; x_wconf 88' lang='lat' dir='ltr'><strong>nd</strong></span> <span class='ocrx_word' id='word_1_816' title='bbox 2757 5229 2876 5284; x_wconf 88' lang='lat' dir='ltr'><strong>huic</strong></span> <span class='ocrx_word' id='word_1_817' title='bbox 2906 5244 3152 5297; x_wconf 71' lang='lat' dir='ltr'><strong>praepone</strong></span> <span class='ocrx_word' id='word_1_818' title='bbox 3174 5229 3353 5283; x_wconf 84' lang='lat' dir='ltr'><strong>saluti.</strong></span> 
     </span>
    </p>
   </div>
   <div class='ocr_carea' id='block_1_139' title="bbox 2222 5300 3476 5371">
    <p class='ocr_par' dir='ltr' id='par_1_139' title="bbox 2222 5300 3476 5371">
     <span class='ocr_line' id='line_1_147' title="bbox 2222 5300 3476 5371; baseline 0 -16"><span class='ocrx_word' id='word_1_819' title='bbox 2222 5300 2451 5366; x_wconf 83' lang='lat' dir='ltr'><strong>Spiritus</strong></span> <span class='ocrx_word' id='word_1_820' title='bbox 2478 5310 2561 5355; x_wconf 70' lang='lat' dir='ltr'><strong>est</strong></span> <span class='ocrx_word' id='word_1_821' title='bbox 2585 5302 2711 5369; x_wconf 84' lang='lat' dir='ltr'><strong>vita,</strong></span> <span class='ocrx_word' id='word_1_822' title='bbox 2742 5316 2888 5355; x_wconf 63' lang='lat' dir='ltr'><strong>mors</strong></span> <span class='ocrx_word' id='word_1_823' title='bbox 2914 5301 3090 5355; x_wconf 81' lang='lat' dir='ltr'><strong>carnis</strong></span> <span class='ocrx_word' id='word_1_824' title='bbox 3119 5300 3476 5371; x_wconf 78' lang='lat' dir='ltr'><strong>philosophia.</strong></span> 
     </span>
    </p>
   </div>
   <div class='ocr_carea' id='block_1_140' title="bbox 2910 5439 2953 5496">
    <p class='ocr_par' dir='ltr' id='par_1_140' title="bbox 2910 5439 2953 5496">
     <span class='ocr_line' id='line_1_148' title="bbox 2910 5439 2953 5496; baseline 0 -40"><span class='ocrx_word' id='word_1_825' title='bbox 2910 5439 2953 5496; x_wconf 64' lang='grc' dir='ltr'>τ</span> 
     </span>
    </p>
   </div>
   <div class='ocr_carea' id='block_1_141' title="bbox 2221 5572 3722 5648">
    <p class='ocr_par' dir='ltr' id='par_1_141' title="bbox 2221 5572 3722 5648">
     <span class='ocr_line' id='line_1_149' title="bbox 2221 5572 3722 5648; baseline -0.002 -16"><span class='ocrx_word' id='word_1_826' title='bbox 2221 5577 2297 5632; x_wconf 79' lang='lat' dir='ltr'><strong>Te</strong></span> <span class='ocrx_word' id='word_1_827' title='bbox 2317 5576 2468 5648; x_wconf 84' lang='lat' dir='ltr'><strong>decet</strong></span> <span class='ocrx_word' id='word_1_828' title='bbox 2497 5578 2744 5648; x_wconf 80' lang='lat' dir='ltr'><strong>hymnus,</strong></span> <span class='ocrx_word' id='word_1_829' title='bbox 2780 5573 2942 5640; x_wconf 86' lang='lat' dir='ltr'><strong>Deus,</strong></span> <span class='ocrx_word' id='word_1_830' title='bbox 2980 5572 3034 5628; x_wconf 85' lang='lat' dir='ltr'><strong>in</strong></span> <span class='ocrx_word' id='word_1_831' title='bbox 3077 5574 3228 5643; x_wconf 82' lang='lat' dir='ltr'><strong>Sion,</strong></span> <span class='ocrx_word' id='word_1_832' title='bbox 3254 5584 3309 5631; x_wconf 87' lang='lat' dir='ltr'><strong>et</strong></span> <span class='ocrx_word' id='word_1_833' title='bbox 3339 5574 3431 5629; x_wconf 76' lang='lat' dir='ltr'><strong>tibi</strong></span> <span class='ocrx_word' id='word_1_834' title='bbox 3465 5573 3722 5631; x_wconf 82' lang='lat' dir='ltr'><strong>reddetur</strong></span> 
     </span>
    </p>
   </div>
   <div class='ocr_carea' id='block_1_142' title="bbox 2149 5647 2741 5703">
    <p class='ocr_par' dir='ltr' id='par_1_142' title="bbox 2149 5647 2741 5703">
     <span class='ocr_line' id='line_1_150' title="bbox 2149 5647 2741 5703; baseline -0.007 0"><span class='ocrx_word' id='word_1_835' title='bbox 2149 5660 2327 5703; x_wconf 80' lang='lat' dir='ltr'><strong>votum</strong></span> <span class='ocrx_word' id='word_1_836' title='bbox 2357 5651 2406 5701; x_wconf 74' lang='lat' dir='ltr'><strong>in</strong></span> <span class='ocrx_word' id='word_1_837' title='bbox 2427 5647 2741 5702; x_wconf 77' lang='lat' dir='ltr'><strong>Jerusalem.</strong></span> 
     </span>
    </p>
   </div>
   <div class='ocr_carea' id='block_1_143' title="bbox 2216 5716 3719 5844">
    <p class='ocr_par' dir='ltr' id='par_1_143' title="bbox 2216 5716 3719 5844">
     <span class='ocr_line' id='line_1_151' title="bbox 2216 5716 3719 5827; baseline -0.001 -54"><span class='ocrx_word' id='word_1_838' title='bbox 2216 5719 2599 5827; x_wconf 51' lang='lat' dir='ltr'><strong>&#39;l‘es&#39;timonium</strong></span> <span class='ocrx_word' id='word_1_839' title='bbox 2634 5717 2838 5775; x_wconf 76' lang='lat' dir='ltr'><strong>Domini</strong></span> <span class='ocrx_word' id='word_1_840' title='bbox 2866 5718 3057 5793; x_wconf 71' lang='lat' dir='ltr'><strong>ﬁdele,</strong></span> <span class='ocrx_word' id='word_1_841' title='bbox 3088 5716 3404 5790; x_wconf 83' lang='lat' dir='ltr'><strong>sapientiam</strong></span> <span class='ocrx_word' id='word_1_842' title='bbox 3460 5728 3719 5785; x_wconf 75' lang='lat' dir='ltr'><strong>praestans</strong></span> 
     </span>
     <span class='ocr_line' id='line_1_152' title="bbox 2218 5806 2401 5844; baseline 0 0"><span class='ocrx_word' id='word_1_843' title='bbox 2218 5806 2401 5844; x_wconf 57' lang='grc' dir='ltr'><strong>τηις.</strong></span> 
     </span>
    </p>
   </div>
   <div class='ocr_carea' id='block_1_144' title="bbox 2147 5806 2401 5858">
    <p class='ocr_par' dir='ltr' id='par_1_144' title="bbox 2147 5806 2401 5858">
     <span class='ocr_line' id='line_1_153' title="bbox 2147 5806 2401 5858; baseline 0 -13"><span class='ocrx_word' id='word_1_844' title='bbox 2147 5806 2401 5858; x_wconf 71' lang='lat' dir='ltr'><strong>partitus.</strong></span> 
     </span>
    </p>
   </div>
  </div>
