4162 6212
572 351 696 401 Hll

1023 348 1225 404 BEDAI
1267 347 1711 405 VENERABHJS
1746 350 1895 407 OPP.
1938 350 2113 409 PARS
2153 351 2165 408 Ι

2235 352 2426 411 sscr.
2469 355 2532 411 ιι.
2565 386 2632 397 -
2661 354 2867 414 ouum
2909 357 2996 414 ΕΤ
3034 319 3306 418 spuma.

3655 366 3708 420 ll
3727 365 3781 421 Β

639 464 784 541 Tibi,
813 464 1070 534 Dumine,
1105 465 1390 521 derelictus
1425 474 1506 519 est
1533 479 1766 536 pauper,
1815 465 2057 536 orphano
2083 477 2136 522 tu
2166 468 2216 526 Α
2317 470 2412 526 Ubi
2453 480 2534 527 est
2571 470 2804 528 cbaritas
2843 482 2896 527 et
2937 473 3171 541 dilectio,
3219 472 3289 530 ibi
3331 484 3630 531 sanctorum
3659 495 3782 536 con-

566 537 671 587 eris
703 536 932 602 adjutor.

637 605 842 658 Timete
894 603 1169 660 Dominum
1196 645 1212 670 ,
1263 619 1449 660 omnes
1481 606 1650 662 sancti
1693 604 1809 674 ejus
1835 647 1851 675 ,
1882 606 2134 676 quoniam

568 690 671 727 non
700 685 784 729 est
813 676 987 742 inopia
1017 677 1323 731 timentibus
1352 691 1494 730 eum.

637 745 1016 800 'l‘ltesaurizate
1067 746 1218 800 vobis
1266 747 1544 801 thesauros
1593 746 1644 800 in
1690 746 1851 812 οωιο,
1894 747 1982 802 ιιὶιί
2037 761 2135 802 nec

567 830 751 883 airugo
779 830 950 882 neque
977 816 1114 871 tinea
1152 816 1468 882 demolitur,
1501 827 1554 872 et
1582 819 1671 872 ubi
1705 818 1847 872 fures
1879 834 1986 873 non
2006 817 2134 872 clio-

566 885 714 938 diuttt
739 901 834 940 nec
864 887 1122 940 furantur.

641 955 821 1026 Timor
855 957 1060 1010 Domini
1083 957 1303 1026 expellit
1329 967 1623 1026 peccatum.

641 1024 832 1100 To_t_tt_m
856 1027 1094 1094 spiritum
1121 1024 1273 1100 suum
1300 1024 1499 1096 profert
1525 1029 1720 1084 stultus
1743 1068 1758 1094 ,
1806 1029 2018 1100 sapiens
2039 1044 2134 1084 att-

567 1106 674 1150 tem
703 1096 879 1151 dil‘fert
908 1106 960 1152 et
987 1107 1223 1151 re3ert'at
1245 1098 1294 1151 in
1325 1106 1619 1166 posterum.

638 1167 870 1234 Tempus
900 1169 1041 1221 omni
1073 1169 1148 1222 rei
1177 1171 1276 1222 sub
1307 1168 1463 1222 caelo.

641 1236 826 1291 Turris
854 1238 1143 1310 fortissima
1176 1254 1368 1293 nomen
1402 1238 1636 1305 Domini,
1665 1239 1730 1293 ad
1762 1240 1938 1310 ipsum
1962 1242 2132 1295 currit

561 1306 759 1376 justus,
789 1319 838 1361 et
865 1307 1197 1362 exaltabit-tr.

603 1377 945 1457 _Til.eSitul'llS
1010 1376 1379 1434 desiderabilis
1432 1378 1720 1449 requiescit
1791 1381 1843 1436 in
1901 1394 1993 1436 ore
2042 1395 2131 1436 sa-

565 1457 781 1515 pientis.

642 1517 869 1571 Timenti
899 1516 1084 1582 Deum,
1113 1518 1247 1572 bene
1270 1518 1374 1573 erit
1401 1519 1452 1573 in
1480 1521 1752 1574 extremis.

642 1587 851 1659 Triplex
885 1587 1146 1659 funiculus
1174 1589 1385 1643 difficile
1413 1593 1692 1659 rumpitur.

645 1657 822 1727 Testis
850 1658 1010 1713 falsus
1033 1676 1135 1712 non
1168 1659 1268 1713 erit
1294 1657 1601 1727 impunitus.

640 1725 817 1802 Titnor
850 1745 955 1802 non
993 1740 1074 1782 est
1117 1731 1168 1783 in
1206 1725 1482 1796 cbaritate,
1511 1734 1605 1786 sed
1636 1732 1869 1802 perfecta
1898 1734 2131 1789 charitas

571 1795 711 1850 foras
738 1799 896 1853 mittit
922 1800 1189 1854 timorem.

645 1866 818 1934 Turpe
844 1880 920 1923 est
941 1911 956 1934 ,
1003 1878 1060 1924 ut
1087 1871 1172 1936 qui
1203 1871 1370 1926 nescit
1403 1878 1582 1927 tenere
1610 1873 1976 1930 moderamina
2007 1878 2129 1932 vitae

567 1949 698 1998 ante,
725 1939 884 2005 judex
917 1940 1004 1993 fiat
1028 1940 1236 1996 aliente.

639 2007 1074 2086 Tattti)_subtilitt_s
1095 2010 1404 2086 quisquede
1427 2012 1666 2068 tenebris
1686 2012 1909 2084 judicat,
1929 2028 2130 2086 quanto

568 2092 690 2130 eum
719 2080 894 2134 verius
920 2079 1133 2135 claritas
1162 2081 1291 2136 lucis
1318 2081 1563 2137 illustrat.

639 2145 896 2224 Tentator
926 2150 1150 2224 porrigit
1192 2151 1288 2206 hos
1327 2152 1622 2224 acrioribus
1665 2154 1839 2221 pulsat
1883 2155 2128 2224 insidiis,

565 2230 700 2292 quos
731 2222 961 2276 maxime
989 2220 1176 2292 viderit
1208 2223 1473 2292 abstinere
1502 2239 1530 2276 a
1564 2220 1814 2292 peccatis.

633 2286 899 2363 Tenaxct
927 2290 1172 2363 prodigus
1202 2291 1447 2363 nimium,
1479 2286 1635 2349 ambo
1665 2296 1716 2350 itt
1749 2311 1910 2351 unum
1942 2297 2131 2355 nimie-

563 2359 687 2412 tatis
713 2362 984 2416 conﬂuunt
1012 2359 1220 2416 vitium.

633 2428 922 2489 Timeudus
947 2439 1027 2488 est
1055 2446 1161 2501 prae
1185 2432 1412 2500 cunctis,
1435 2432 1589 2504 cujus
1609 2443 1844 2504 potestas
1864 2447 1949 2494 cst
1969 2454 2131 2508 super

556 2515 642 2553 om
651 2517 763 2554 nes.

635 2571 856 2694 T’encra:
887 2574 1043 2628 nimis
1068 2583 1273 2630 mentes
1297 2574 1662 2644 asperioribus
1691 2577 1980 2634 formanda:
2009 2590 2132 2636 sunt

635 2659 660 2692 It
684 2657 766 2694 IIS.

559 2653 766 2697 δίιιιιιε.

632 2711 1008 2788 Temporalum
1050 2729 1209 2771 omne
1251 2725 1356 2771 tam
1389 2715 1498 2773 Deo
1526 2731 1688 2788 quam
1717 2717 2018 2776 hominibus
2047 2730 2129 2778 est

559 2785 906 2850 acceptabile.

629 2854 915 2910 Tormenta
946 2856 1300 2926 quorumdam
1330 2859 1450 2914 aliis
1481 2869 1700 2929 prosunt
1732 2859 1796 2914 ad
1830 2864 2124 2917 correctio-

555 2938 698 2978 nem.

632 2995 852 3068 Tantum
881 2997 1105 3068 quisque
1134 2998 1432 3068 proximum
1459 3008 1654 3065 portat,
1678 3009 1932 3068 quantum
1960 3014 2124 3056 amat.

621 3066 799 3187 ΙΤιιιιιο
845 3066 1032 3136 pejora
1073 3066 1196 3125 sunt.
1224 3068 1351 3124 vitia
1375 3110 1390 3136 ,
1438 3082 1635 3139 quanto
1665 3066 1914 3126 virtutum
1943 3079 2126 3143 Specie

637 3147 812 3187 antur.

553 3147 812 3193 celantur.

630 3207 854 3283 Tamdiu
882 3209 1172 3283 quiserrat
1201 3209 1255 3264 in
1283 3209 1404 3274 ﬁde,
1441 3225 1717 3283 quousque
1745 3214 1924 3269 omnia
1953 3229 1982 3268 a
2013 3215 2122 3272 Deo

557 3279 742 3403 inspici
771 3288 824 3335 et
850 3281 958 3349 regi
985 3280 1194 3335 diffidit.

677 3361 792 3403 ecta
819 3349 936 3403 odia
966 3351 1147 3403 peiora
1172 3366 1194 3403 s

677 3361 792 3404 ecta
819 3349 936 3405 odia
966 3351 1147 3422 pejora
1172 3360 1296 3407 sunt
1318 3367 1474 3420 quam
1502 3361 1708 3420 aperta.

628 3418 759 3476 Tale
788 3435 955 3490 genus
968 3418 1066 3476 est
1088 3418 1358 3489 vitiorum,
1385 3430 1444 3477 ut
1466 3418 1565 3476 nisi
1596 3423 1924 3490 praeteritum
1955 3424 2118 3483 celeri

559 3491 869 3559 paenitentia
899 3491 1160 3559 deleatur,
1189 3491 1289 3546 alia
1319 3492 1509 3547 exinde
1535 3493 1796 3547 oriantur.

629 3562 784 3618 Tales
813 3565 981 3618 simus
1009 3563 1171 3631 intus,
1197 3565 1380 3632 quales
1409 3578 1506 3616 nos
1536 3562 1662 3618 foris
1689 3565 2044 3624 ostendimus.

625 3633 829 3688 Tacere
856 3635 945 3703 qui
977 3636 1165 3699 nescit,
1197 3635 1368 3690 nescit
1393 3645 1445 3688 et
1477 3635 1640 3702 laqui.

628 3704 951 3760 Tacentibus
978 3704 1199 3761 difficile
1226 3705 1558 3768 subvenitur,
1590 3706 1904 3761 conﬁtentes
1942 3717 2117 3763 autem

560 3776 826 3845 languoris
875 3777 956 3831 sui
1002 3777 1351 3846 qualitatem,
1401 3777 1603 3830 facilius
1655 3777 1916 3846 recipient
1965 3781 2115 3834 sani-

550 3855 736 3900 tatem.

628 3916 804 3988 Turpe
834 3926 918 3972 est
943 3915 1170 3982 doctori,
1202 3931 1321 3972 cum
1351 3916 1504 3985 culpa
1535 3917 1803 3988 redarguit
1833 3916 2026 3983 ipsum.

625 3987 775 4056 Tunc
809 3998 859 4042 te
892 3989 1158 4056 lapsorum
1191 3988 1438 4051 formida,
1468 4002 1587 4040 cum
1623 3987 1728 4043 ruit
1752 3991 1909 4042 alter.

626 4055 796 4112 Tutus
826 4059 924 4113 erit
943 4055 1244 4125 nunquam,
1277 4059 1364 4125 qui
1393 4057 1697 4124 suspicione
1725 4059 1949 4113 laborat.

624 4131 927 4183 Tristantur
948 4127 1124 4194 facile,
1151 4144 1381 4198 quorum
1407 4141 1529 4198 spes
1555 4138 1728 4183 exstat
1754 4131 1805 4184 in
1833 4127 1971 4184 imis.

622 4199 936 4266 Tempestas
962 4196 1179 4267 grandis
1203 4208 1285 4253 est
1312 4196 1602 4267 indignatio
1625 4201 1783 4268 regis.

623 4270 799 4323 Testis
822 4270 1087 4324 veridicos
1114 4283 1242 4324 vero
1270 4269 1379 4335 regi
1403 4279 1582 4322 manet
1605 4279 1780 4338 aptus.

621 4341 789 4394 Totus
820 4339 1011 4407 ubique
1039 4353 1280 4404 manens,
1312 4349 1418 4392 tota
1450 4349 1531 4392 est
1557 4340 1748 4395 virtute
1777 4341 2054 4396 colendus.

617 4411 800 4465 Timor
831 4409 924 4463 Dei
959 4419 1013 4462 et
1062 4413 1234 4464 oratio
1260 4411 1472 4464 assidua
1511 4409 1778 4466 hominem
1810 4414 1992 4467 volare
2037 4411 2114 4466 fa-

549 4483 693 4536 ciunt
718 4480 785 4534 ad
811 4479 1066 4534 coelestia.

622 4528 1171 4607 iéiér'aiﬁitiéiiiundi
1196 4550 1331 4604 mala
1355 4549 1694 4620 suscipimus,
1719 4553 1763 4606 si
1791 4561 1975 4608 contra
2002 4553 2113 4606 ilﬂtt‘.
2150 4528 2196 4586 D

557 4623 901 4693 pru'scientim
928 4621 1114 4692 clypeo
1129 4623 1430 4693 imunitnur.

620 4695 815 4762 'l‘epitle
848 4690 1086 4747 virentes
1112 4691 1435 4758 Christiani,
1474 4690 1740 4748 difﬁcilius
1771 4693 2114 4764 corriguntur

545 4780 701 4832 quam
733 4764 940 4835 pagani.

1313 4851 1352 4906 U

621 4971 894 5028 Universae
921 4967 1020 5022 via:
1063 4966 1267 5022 Domini
1302 4967 1667 5021 misericordia
1708 4977 1763 5022 et
1792 4969 1986 5024 veritas
2021 4985 2103 5025 re-

548 5043 890 5114 quirentibus
906 5048 1276 5094 testamentum
1305 5037 1443 5114 ejtts,
1471 5046 1529 5093 et
1552 5037 1855 5093 testimonia
1886 5039 2021 5109 ejus.

618 5112 715 5169 Ubi
745 5121 827 5167 est
857 5110 1138 5163 thesaurus
1167 5118 1310 5172 tuus,
1338 5109 1407 5161 ibi
1434 5118 1517 5162 est
1543 5117 1598 5162 et
1623 5123 1716 5162 cor
1746 5118 1914 5162 tuum.

617 5183 960 5252 Unaquaeque
984 5180 1142 5252 arbor
1165 5180 1428 5252 ex__lruct_u
1454 5193 1554 5232 suo
1578 5179 1938 5252 cognoscitur.

618 5254 718 5306 Ub'i
746 5247 901 5305 fuerit
925 5250 1196 5318 superbia,
1228 5247 1294 5301 ibi
1327 5250 1428 5303 erit
1453 5260 1505 5303 et
1530 5247 1873 5303 contumelia.

619 5322 762 5375 Unus
791 5319 1068 5386 Dominus,
1107 5335 1214 5390 una
1251 5318 1403 5388 fides,
1444 5334 1608 5373 unum
1646 5318 1930 5390 baptisma,
1976 5336 2112 5374 unus

549 5393 688 5446 Deus
715 5403 768 5444 et
795 5391 948 5444 Pater
973 5389 1233 5444 omnium.

619 5460 987 5527 Unusquisque
1018 5461 1282 5529 propriam
1315 5459 1613 5515 mercedem
1656 5460 1882 5530 accipiet
1911 5475 2101 5515 secun-

466 5553 470 5556 ’
544 5534 669 5587 dum
712 5544 867 5585 suum
909 5530 1168 5584 laborem.

621 5601 912 5669 Unicuique
952 5600 1106 5655 datur
1145 5599 1505 5657 manifestatio
1543 5601 1763 5672 spiritus
1800 5602 1866 5656 ad
1909 5601 2104 5656 utiiita-

544 5685 711 5800 miihi
754 5739 971 5809 Spiritus
1015 5739 1243 5808 Domini,
1286 5743 1355 5797 ibi
1399 5743 1529 5798 lit-.er
1554 5758 1632 5797 as.

2237 552 2650 681 g'ﬁriihoumque
2677 611 2844 668 virtus
2875 622 3023 668 tanto
3053 614 3227 669 minor
3253 625 3367 683 est,
3392 627 3585 686 quanto
3607 618 3789 676 desunt

2237 691 2463 737 cauerat.

2313 752 2542 825 Ubinon
2571 762 2652 808 est
2683 752 2841 808 timor
2870 754 2984 819 Dei,
3014 754 3083 808 ibi
3116 771 3334 825 regnum
3365 757 3582 824 peccati.

2313 822 2462 877 Unde
2491 824 2664 877 bonus
2694 826 2924 890 prolicit,
2959 825 3082 877 inde
3116 822 3326 880 inridus
3353 822 3595 883 tabescit.

2304 890 2375 964 Ut
2399 894 2786 964 voluntireges.
2820 895 2887 947 ita
2919 894 3099 948 valent
3128 897 3297 964 leges.

2235 1033 2247 1086 ¹
2309 962 2453 1016 Ultra
2467 962 2700 1044 .modum
2726 975 2848 1019 sunt
2876 964 3120 1031 delicati,
3162 962 3252 1036 qui
3279 968 3419 1024 nulla
3451 968 3668 1026 adversa
3701 986 3784 1027 ro-

2255 1045 2348 1086 ιιηὶ
2374 1046 2499 1086 ttatt.

2255 1050 2561 1180 unliti’lziiziiis
2584 1118 2735 1180 amor
2758 1102 2866 1180 cito
2887 1104 3102 1180 suadet,
3133 1106 3258 1173 quid
3285 1108 3355 1162 sit
3379 1109 3662 1180 agendum.

2308 1173 2516 1247 Utilitaﬁs
2542 1174 2907 1247 grandisglatet
2935 1175 2984 1228 in
3014 1179 3173 1247 rebus
3199 1173 3635 1247 quoque'parvis.

2305 1242 2371 1297 Ut
2400 1245 2529 1312 lapis
2557 1246 2732 1301 omnis
2760 1243 2942 1311 homo,
2975 1246 3074 1302 nisi
3103 1242 3274 1302 mollis
3303 1242 3486 1318 agatur
3513 1251 3579 1306 ab
3605 1254 3732 1307 alto.

2994 1397 3034 1453 ν

2307 1505 2491 1563 Vultus
2521 1508 2727 1585 Domini
2756 1523 2916 1578 super
2943 1509 3196 1567 facientes
3227 1512 3394 1580 mala,
3427 1526 3484 1570 ut
3517 1514 3700 1585 perdat
3729 1515 3792 1572 de

2233 1587 2372 1633 terra
2417 1580 2729 1635 memoriam
2767 1595 2969 1636 enrum.

2301 1647 2589 1718 Veritatem
2620 1651 2849 1716 requiret
2880 1653 3130 1705 Dominus
3152 1692 3169 1718 ,
3219 1661 3272 1710 et
3317 1655 3586 1711 retribuet
3615 1656 3778 1711 abun-

2229 1716 2423 1788 danter
2463 1717 2780 1775 facientibus
2819 1723 3143 1788 superbiam.

2313 1787 2486 1870 verbo
2508 1789 2714 1870 Domini
2739 1791 2860 1846 coeli
2886 1787 3076 1846 iirtnati
3100 1802 3240 1860 sunt,
3265 1801 3321 1848 et
3342 1795 3528 1864 spiritu
3552 1796 3661 1851 oris
3685 1796 3797 1866 ejus

2234 1869 2408 1912 omnis
2433 1869 2597 1914 virtus
2621 1875 2826 1916 eorum.

2306 1928 2418 1984 Vox
2447 1931 2817 1987 exsultationis
2849 1939 2903 1986 et
2932 1933 3116 1988 salutis
3157 1933 3208 1989 in
3241 1936 3598 1992 tabernaculis
3623 1935 3799 2006 justo-

2233 2015 2370 2054 rum.

2305 2069 2449 2124 Vana
2491 2071 2634 2126 salus
2673 2071 2932 2128 hominis.

2305 2139 2539 2213 Viriliter
2564 2142 2729 2213 agite,
2766 2154 2822 2197 et
2849 2144 3175 2201 confortetur
3202 2160 3296 2202 cor
3324 2156 3584 2213 vestrum,
3613 2161 3796 2203 omnes

2233 2210 2321 2281 qui
2346 2213 2572 2280 speratis
2601 2210 2651 2266 in
2683 2213 2927 2268 Domino.

2311 2281 2416 2337 Viri
2458 2284 2773 2353 sanguinein
2821 2295 2876 2340 et
2916 2284 3088 2340 dolosi
3133 2300 3238 2341 non
3278 2286 3640 2344 dimidiabunt
3687 2287 3794 2343 dies

2233 2367 2380 2407 8005.

2306 2421 2397 2497 Vir
2437 2423 2709 2497 linguosus
2752 2440 2857 2480 non
2902 2425 3158 2497 dirigetur
3201 2427 3252 2481 in
3297 2435 3459 2482 terra.

2311 2492 2490 2564 Virum
2525 2492 2790 2564 injustum
2835 2499 2970 2549 mala
3010 2492 3222 2561 capient
3264 2499 3312 2551 in
3355 2499 3596 2555 interitu.

2305 2562 2397 2636 Vg
2427 2562 2689 2632 vobisqui
2718 2565 2998 2622 decimatis
3029 2570 3296 2622 mentitam
3341 2579 3394 2622 et
3437 2580 3653 2624 anetum
3678 2615 3693 2636 ,
3742 2583 3794 2628 et

2235 2635 2526 2709 cuminum,
2557 2645 2610 2690 et
2637 2637 2981 2709 qua2__tnajnra
3011 2649 3133 2692 sunt
3162 2639 3470 2709 reliquistis,
3498 2640 3552 2693 id
3579 2653 3681 2709 est,
3706 2644 3796 2698 mi-

2233 2705 2577 2760 sericordiam
2606 2714 2658 2758 et
2679 2705 2958 2774 judicium.

2309 2775 2535 2842 Vigilate
2563 2788 2616 2830 et
2644 2790 2812 2841 orate,
2845 2793 2913 2832 ne
2945 2779 3152 2832 intretis
3184 2777 3235 2832 in
3266 2780 3636 2835 tentationem.

2307 2844 2534 2914 Vigilate
2559 2846 2704 2900 omni
2732 2856 2990 2917 tempore,
3015 2859 3231 2904 orantes
3259 2862 3312 2905 ut
3333 2851 3478 2922 digni
3502 2853 3795 2910 habeamini

2237 2913 2419 2983 fugere
2443 2933 2560 2986 qum
2587 2929 2807 2970 ventura
2835 2913 2981 2973 sunt.

2310 2986 2479 3040 Verba
2510 2986 2826 3061 sapientium
2859 2991 3010 3059 quasi
3041 2989 3269 3057 stimuli,
3313 3002 3365 3047 et
3394 2995 3542 3061 quasi
3573 2996 3703 3050 clari
3747 2999 3793 3051 in

2233 3059 2396 3111 altum
2425 3058 2603 3113 deliri.

2311 3127 2438 3201 Varii
2463 3138 2586 3183 sunt
2608 3143 2792 3185 omnes
2818 3130 3086 3194 homines,
3109 3131 3162 3185 in
3187 3131 3375 3201 quibus
3396 3149 3500 3188 non
3526 3145 3606 3192 est
3632 3141 3796 3194 scien-

2150 3171 2195 3233 Ω
2230 3200 2298 3251 tia

2307 3267 2417 3324 Vox
2446 3270 2549 3324 tliei
2579 3269 2788 3326 Domini
2818 3286 3020 3335 amara,
3053 3271 3390 3327 tribulabitur
3417 3273 3485 3328 ibi
3514 3273 3690 3334 fortis.

2305 3338 2490 3394 Vinum
2521 3352 2826 3406 apostatare
2858 3343 2983 3396 facit
3011 3342 3168 3396 etiam
3201 3344 3492 3409 sapientes.

2299 3409 2388 3464 Va
2411 3411 2610 3490 civitati
2631 3411 2783 3481 cujus
2808 3428 2898 3469 rex
2919 3413 3133 3481 juvenis
3155 3423 3256 3477 est,
3281 3422 3334 3468 et
3357 3416 3508 3483 cujus
3533 3417 3794 3490 principes

2225 3494 2382 3535 mane
2407 3483 2718 3536 comedunt.

2300 3550 2388 3604 Vir
2417 3552 2985 3629 iracundusprovocat
3015 3551 3162 3607 rixas
3190 3569 3203 3618 ;
3250 3553 3337 3624 qui
3369 3563 3548 3610 autem
3593 3561 3790 3629 patiens

2224 3629 2327 3683 est.
2358 3623 2562 3690 mitigat
2590 3625 2893 3677 suscitatas.

2298 3692 2388 3748 Vae
2413 3694 2535 3761 soli,
2567 3698 2693 3765 quia
2722 3708 2842 3748 cum
2873 3692 3145 3759 ceciderit,
3180 3708 3284 3748 non
3317 3693 3477 3750 habet
3505 3695 3784 3754 sublevan-

2222 3772 2328 3819 tem
2356 3777 2436 3821 se.

2298 3833 2388 3904 Va:
2413 3835 2500 3904 qui
2530 3834 2711 3889 dicunt
2741 3833 2939 3890 bonum
2971 3833 3189 3900 malum,
3220 3843 3273 3889 et
3303 3835 3498 3889 malum
3529 3836 3750 3893 bonum.

2294 3903 2479 3976 Virum
2510 3906 2727 3960 stultum
2766 3904 3016 3961 interﬁcit
3045 3906 3318 3960 iracundia
3344 3946 3361 3971 ,
3409 3914 3463 3961 et
3511 3913 3782 3976 parvulum

2220 3975 2410 4030 occidit
2450 3977 2663 4032 inVldia.

2295 4044 2386 4117 Via
2417 4046 2697 4117 impiorum
2729 4045 3030 4112 tenebrosa,
3065 4045 3307 4100 nesciunt
3338 4046 3425 4102 ubi
3456 4060 3729 4105 corruant.

2255 4114 2412 4241 ‘dVita
2441 4114 2703 4184 carnium,
2735 4118 2939 4171 sanitas
2965 4117 3176 4173 cordis:
3207 4117 3433 4188 putredo
3455 4120 3683 4187 ossium,
3709 4122 3785 4177 io-

2255 4204 2266 4241 Ι
2309 4202 2376 4238 13.
3708 4217 3717 4224 ⁶

2220 4202 2376 4241 νιαιιι.
3708 4217 3717 4224 .

2295 4256 2384 4330 Via
2409 4255 2528 4311 sita:
2556 4257 2878 4314 custodienti
2903 4258 3260 4328 disciplinam,
3284 4257 3374 4330 qui
3398 4266 3577 4315 autem
3610 4260 3783 4317 incre-

2220 4327 2461 4398 patinn‘es
2488 4329 2756 4397 relinquit,
2785 4339 2948 4384 errat.

2298 4400 2430 4472 Vasa
2454 4400 2611 4472 liguli
2635 4405 2823 4472 probat
2853 4402 3068 4465 ternas,
3107 4406 3163 4455 et
3193 4398 3433 4455 homines
3454 4400 3631 4472 justos
3663 4411 3773 4459 ten-

2224 4469 2352 4524 latio
2382 4470 2756 4524 tribulationis.

2278 4539 2525 4622 'Verbum
2554 4541 2710 4596 dulce
2737 4540 3057 4612 multiplicat
3082 4538 3282 4596 amicos
3300 4578 3317 4606 ,
3361 4547 3415 4597 et
3444 4539 3649 4613 mitigat
3675 4543 3778 4599 ini-

2218 4625 2405 4666 nllCOS.

2293 4681 2468 4734 Virtus
2496 4679 2550 4733 in
2583 4681 2889 4735 inﬁrmitate
2919 4680 3208 4749 perﬁcitur.

2292 4750 2520 4806 Verbum
2553 4753 2746 4805 bonttm
2776 4767 2939 4821 super
2967 4751 3145 4804 datum
3174 4752 3458 4820 optimum.

2292 4821 2381 4875 Vir
2408 4822 2603 4896 duplex
2631 4820 2856 4888 animo,
2874 4825 3180 4876 inconstans
3210 4831 3292 4876 est
3319 4822 3373 4876 in
3399 4820 3648 4877 omnibus
3673 4820 3767 4875 vita

2214 4906 2344 4950 Silis.

2291 4963 2542 5018 Voluntas
2575 4963 2777 5029 integra
2809 4960 3206 5029 benefaciendi,
3240 4977 3267 5014 a
3300 4961 3412 5016 Deo
3444 4960 3776 5030 reputabitur

2216 5049 2312 5105 pro
2340 5047 2505 5105 opere
2532 5031 2797 5105 beneficii.

2291 5099 2422 5158 Vera
2453 5103 2705 5157 discietio
2734 5100 2946 5157 nonnisi
2971 5116 3097 5156 vera
3127 5100 3429 5156 humilitate
3458 5099 3768 5171 acquiritur.

2292 5175 2542 5239 Voluptas
2572 5174 2744 5226 omnis
2775 5173 2840 5228 ad
2873 5175 3039 5228 instar
3065 5186 3256 5241 apum,
3306 5171 3394 5227 ubi
3437 5181 3586 5241 grata
3616 5171 3772 5226 mella

2217 5245 2371 5306 fudit,
2403 5256 2582 5296 morsu
2610 5243 2772 5297 corda
2800 5245 2942 5298 ferit.

2291 5314 2666 5368 Velieirentior
2693 5325 2775 5368 est
2801 5314 2964 5370 animi
2995 5327 3153 5380 quam
3185 5311 3424 5377 corporis
3452 5311 3636 5366 febris.

2288 5385 2506 5437 Virtutis
2549 5382 2777 5437 fructum
2821 5383 3036 5446 sapiens
3085 5385 3138 5438 in
3185 5384 3550 5448 conscientia,
3598 5382 3771 5438 minus

2216 5457 2479 5526 perfectus
2520 5453 2685 5526 ponit
2709 5455 2761 5507 in
2801 5454 2990 5521 gloria.

2290 5525 2480 5593 Vigilat
2509 5523 2594 5591 qui
2626 5525 2691 5576 ad
2722 5533 2995 5594 aspectum
3028 5527 3138 5579 veri
3179 5523 3394 5579 luminis
3424 5521 3619 5578 entia
3646 5534 3768 5577 octi-

2217 5599 2293 5650 lus
2320 5610 2541 5666 apertos,
2559 5603 2725 5649 tenet.

2291 5661 2468 5720 Victus
2499 5665 2564 5718 ab
2595 5681 2699 5719 uno
2727 5664 2968 5734 quolibet
2997 5665 3122 5719 \‘iliO
3153 5665 3258 5721 cito
3287 5662 3478 5720 labitur
3507 5661 3564 5719 in
3596 5661 3715 5720 alia.

2289 5737 2464 5792 Virtus
2493 5751 2701 5804 seu-par
2735 5735 2946 5790 inviditc
2980 5746 3141 5804 patet.
