4162 6212
573 388 710 447 1115
1023 392 1232 451 BEDE
1273 391 1718 450 VENERABILIS
1755 392 1904 448 OPP.
1949 388 2124 447 PARS

2246 386 2437 445 SECT.
2477 386 2540 443 Π.
2582 418 2654 434 --
2693 387 2893 446 DUBIA
2939 388 3026 446 ET
3063 388 3338 446 SPURIA.
3690 383 3833 441 1118

568 513 796 569 occultis
825 525 880 567 ut
909 526 1062 568 antea
1095 513 1298 567 insidiis
1326 528 1563 582 quosque
1593 511 1810 580 decipit,
1846 511 1938 566 sel
1971 511 2128 566 etiam
2162 505 2207 568 Δ
2237 507 2361 582 riori
2414 509 2524 563 visu
2575 511 2732 565 simul
2780 519 2835 582 et
2885 510 3092 568 auditu.
3147 509 3263 578 Ipse
3300 509 3443 566 enim
3481 511 3551 567 ab
3616 509 3831 569 heroine

570 596 757 647 aperte
805 585 1102 652 prorumpit
1152 580 1506 652 peritissimos
1554 584 1914 650 Subvertens,
1963 593 2016 638 et
2063 586 2128 638 ad
2241 580 2385 633 nullo
2431 585 2624 648 poterit
2651 581 2825 644 evelli.
2875 582 3167 637 dummodo
3197 582 3497 649 huiusmodi
3543 598 3713 640 aciem
3765 603 3826 649 ει

572 657 802 720 pessima
829 673 1053 726 qumque
1083 657 1359 720 inst‘gans.
1391 655 1526 719 Quid
1559 671 1685 718 rogo
1713 657 1860 723 pejus
1889 670 2007 708 esse
2041 673 2130 722 pil-

570 726 713 787 terit,
738 744 894 797 quam
930 727 1249 783 monasteria
1274 727 1337 780 ad
1363 729 1569 779 laudem
1601 728 1689 781 llei
1719 737 2132 795 sanctorumque

569 814 787 854 suorum
820 801 1177 854 vent-randum
1223 798 1534 852 memoriam
1573 799 1640 850 ab
1669 799 1903 868 antiquis
1934 799 2132 862 princi-

569 870 727 936 pibus
751 881 1082 934 constructa,
1111 884 1249 922 nunc
1278 873 1347 922 ob
1375 869 1746 937 inexplebilem
1777 870 2129 938 quorumdam

569 940 849 996 avaritiam
880 942 1202 997 destruere?
1231 939 1360 1008 Quis
1392 955 1622 1009 namque
1653 941 1886 995 fidelium
1919 941 2132 1009 religio-

567 1026 753 1066 sorum
801 1015 1080 1069 attendens
1125 1025 1318 1078 quanta
1372 1014 1548 1073 modo,
1583 1026 1704 1064 cum
1736 1013 1913 1065 omnia
1945 1013 2126 1068 divina

569 1094 832 1150 praccpta
862 1096 917 1138 et
943 1085 1229 1144 miracula,
1269 1092 1680 1150 sanctorumque
1721 1083 1933 1138 Patrum
1966 1085 2132 1140 docu-

569 1165 747 1207 tnenta
778 1157 885 1208 sint
918 1156 1158 1222 plurimis
1187 1152 1487 1216 notissima,
1520 1156 1887 1209 coenobiorum
1917 1157 2128 1211 destru-

565 1223 676 1276 ctio
707 1224 798 1278 ﬁat
825 1242 931 1281 non
971 1227 1146 1280 solum
1190 1239 1220 1278 a
1267 1225 1413 1278 laicis
1456 1226 1802 1290 gestientibus
1831 1237 1883 1280 et
1918 1228 2128 1293 rapien-

567 1297 708 1369 libus
737 1296 934 1369 praedia
963 1313 1182 1369 eorum,
1233 1296 1326 1369 sed
1374 1295 1534 1350 etiam
1579 1312 1606 1350 a
1652 1297 1862 1352 clericis
1893 1299 2128 1369 ipsisque

568 1366 848 1423 abbatibus
879 1370 1017 1421 ultro
1047 1367 1394 1423 odi-rentibus
1413 1409 1426 1427 ,
1469 1369 1618 1436 quasi
1651 1369 1889 1436 quaedam
1916 1366 2127 1425 venalia

566 1436 781 1492 sibimet
810 1439 1096 1494 commissa
1130 1440 1292 1500 bona,
1323 1437 1466 1492 unde
1494 1439 1667 1491 alendi
1700 1440 1873 1493 forent
1904 1456 2008 1494 non
2039 1457 2126 1496 so-

569 1506 678 1560 lum
710 1511 979 1574 monachi,
1011 1508 1102 1564 sed
1132 1511 1292 1564 etiam
1326 1508 1523 1562 familia
1552 1514 1857 1576 commissa,
1894 1526 1990 1566 nec
2023 1529 2126 1568 non

567 1592 829 1650 pauperes
853 1590 906 1634 et
937 1579 1198 1649 pervg'ini
1227 1578 1594 1642 advenientes,
1620 1595 1723 1635 non
1753 1586 1931 1636 statim
1963 1585 2130 1650 po<sit

565 1649 833 1717 conjict're
853 1652 1273 1706 destructionem
1297 1661 1493 1704 sanetze
1517 1650 1794 1716 Ecclesim,
1817 1669 1922 1707 non
1945 1649 2126 1709 statim

565 1719 742 1773 tlnlt-at
775 1726 914 1790 quod
949 1723 1117 1776 hostis
1145 1722 1397 1789 antiquus
1425 1728 1622 1792 tantum
1652 1723 1906 1777 malitiam
1931 1735 1986 1779 et
2010 1741 2128 1792 per-

569 1792 899 1863 secutionem
925 1796 1157 1863 potuerit
1178 1807 1430 1848 exercere
1449 1792 1504 1863 in
1526 1791 1858 1849 Christianos
1881 1810 1975 1862 per
1993 1791 2128 1858 alios

565 1859 1040 1939 Christianos,_et_
1074 1879 1288 1939 perges
1318 1862 1551 1939 maxime
1575 1863 1663 1939 qui
1694 1859 1965 1939 constituti
2004 1878 2128 1924 sunt
2159 1879 2205 1939 Β

565 1941 808 1996 pastores
841 1933 1136 1990 Ecclesia}?
1177 1934 1308 1988 Nam
1339 1936 1380 1986 si
1415 1933 1535 1988 talis
1565 1934 1861 1990 destructio
1889 1936 2126 1994 locorum

565 2012 871 2060 sanctorum
905 2021 934 2087 _a
967 2005 1211 2087 barbaris
1238 2013 1507 2087 ageretur.
1532 2005 1957 2087 Christianorum
1988 2010 2130 2087 bello

563 2077 1125 2151 essetitrgprimcndi,
1157 2077 1202 2132 si
1231 2077 1386 2130 aliter
1417 2078 1700 2151 nequirent
1725 2083 1945 2151 corrigi.
1997 2081 2124 2148 Sed,

562 2144 696 2212 proh
731 2144 922 2203 dolor!
973 2156 1122 2203 tanta
1153 2164 1250 2215 pax
1299 2153 1353 2201 et
1395 2148 1678 2201 concordia
1727 2151 1781 2206 in
1823 2144 2125 2217 lttijusmodi

563 2218 798 2287 nequitia
823 2219 1066 2281 habetur.
1094 2229 1169 2286 ut,
1202 2216 1534 2287 paucissimis
1562 2220 1820 2287 exceptis,
1845 2216 1949 2278 non
1981 2225 2126 2278 iuve-

563 2284 778 2361 niantur
831 2292 919 2358 qui
949 2293 1017 2345 tte
1049 2284 1215 2346 tantae
1243 2288 1629 2361 persecutionis
1659 2284 1850 2346 curent
1877 2296 2087 2350 miseria
2108 2337 2124 2361 ,

559 2359 712 2432 quasi
739 2361 1062 2418 Christianae
1093 2361 1368 2432 religionis
1398 2359 1598 2429 ignari,
1646 2371 1700 2432 et
1741 2369 1990 2430 tanquam
2025 2359 2128 2424 hoc

560 2430 704 2506 ειυοά
737 2435 1060 2489 monasteria
1103 2430 1321 2506 cun—cia
1344 2447 1439 2506 pro
1467 2431 1671 2506 Christi
1695 2443 2128 2506 sanctorumque

563 2497 772 2559 honorc
799 2513 1110 2561 constructa
1140 2507 1246 2559 sint
1275 2497 1451 2559 obliti.
1497 2501 1647 2569 Quod
1676 2502 1796 2558 dico
1822 2497 2128 2566 miserabile

557 2571 772 2642 quidem
803 2588 881 2632 est
915 2577 1077 2641 dictu,
1109 2575 1203 2630 sed
1237 2575 1402 2630 multo
1431 2573 1786 2630 miserabilius
1811 2587 1962 2642 actu,
2003 2594 2124 2636 cum

563 2640 738 2716 biqui
779 2649 845 2702 ad
893 2648 994 2702 hoc
1023 2640 1326 2716 specialiter
1351 2645 1508 2700 electi
1533 2655 1659 2716 sunt
1695 2655 1754 2700 ut
1783 2647 1834 2701 in
1863 2640 2129 2708 coenobiis

559 2713 662 2768 sub
691 2719 950 2785 religioiie
990 2713 1380 2786 disciplinaque
1417 2715 1678 2783 spirituali
1706 2717 1978 2785 viventes,
2016 2724 2125 2778 Deo

559 2788 862 2861 servirent.
912 2801 970 2847 et
1020 2805 1116 2861 pro
1158 2804 1341 2843 eorum
1376 2787 1543 2842 salute
1571 2788 1658 2854 qui
1705 2803 1738 2861 a_
1775 2793 2128 2851 arcularibus

562 2860 769 2929 pompis
795 2861 972 2916 adhuc
1001 2859 1062 2916 se
1090 2862 1368 2915 continere
1411 2869 1685 2926 nequeunt
1721 2859 1922 2929 jngiter
1958 2865 2128 2920 inter-

555 2928 848 2993 t'cdcrcttt.
901 2933 1198 2988 substantia
1244 2945 1348 3000 qua
1396 2930 1462 2984 ad
1512 2928 1877 2998 quotidianum
1926 2936 2124 2993 victum

563 3003 919 3072 vestitumque
947 3004 1248 3070 indigerent
1279 3004 1574 3074 privantur.
1603 3003 1814 3068 Quanto
1838 3007 1980 3059 enim
2007 3009 2126 3074 quis

560 3071 931 3134 possessiones
962 3076 1202 3143 proprias
1243 3071 1338 3142 pro
1373 3071 1462 3126 Dei
1493 3087 1680 3127 amore
1709 3071 2088 3139 contempserit
2107 3121 2122 3144 ,

562 3150 712 3215 tanto
740 3146 912 3215 magis
956 3162 1017 3202 et
1047 3144 1314 3199 communi
1359 3153 1500 3197 statu
1539 3145 1768 3215 cmunbii
1799 3160 1908 3214 quo
1931 3151 2121 3204 confu-

559 3213 695 3279 gerit
712 3213 1025 3306 :iecessaria
1069 3230 1294 3306 quasque
1337 3215 1554 3306 sibimet
1583 3215 1704 3306 dari.
1727 3213 1926 3306 indiget
1953 3236 1966 3272 :
1999 3221 2122 3303 quia
2150 3243 2197 3306 ο

558 3286 792 3344 ouandiu
824 3290 875 3342 in
907 3284 1154 3354 praesenti
1179 3284 1283 3340 vita
1311 3284 1572 3350 subsistit,
1599 3286 1771 3341 nullus
1797 3284 1959 3342 homo
1983 3284 2124 3346 victu

560 3364 614 3429 et
638 3357 829 3412 vestitu
856 3359 1168 3429 quotidiana
1193 3370 1378 3412 carere
1408 3359 1618 3424 poterit.
1657 3356 1806 3412 Unde
1831 3361 1916 3426 qui
1943 3375 2126 3416 cmun-

559 3427 684 3482 Ililis
710 3427 885 3484 aufert
917 3429 1111 3498 pra-dia
1141 3430 1282 3483 unde
1313 3429 1781 3498 stitttpt‘ocuratidi
1811 3470 1824 3491 ,
1867 3441 1922 3486 et
1961 3432 2124 3489 divini

556 3499 760 3554 servitii
787 3508 843 3555 et
865 3495 1028 3556 totius
1054 3500 1360 3555 monastica:
1387 3495 1664 3566 religionis
1687 3497 1986 3556 destructor
2005 3519 2126 3560 esse

557 3571 918 3642 convincitur.
967 3572 1045 3627 Ad
1076 3573 1190 3627 lucc
1218 3574 1378 3626 etiam
1411 3584 1537 3642 reus
1566 3568 1817 3634 efficitur,
1853 3574 1973 3642 quia
2004 3577 2126 3631 abs.

559 3640 677 3713 tulit
714 3643 859 3700 unde
906 3658 1213 3713 pauperes,
1262 3640 1527 3713 peregrini
1567 3651 1626 3713 et
1670 3640 1906 3711 hospites
1936 3656 2123 3703 sancta

557 3708 672 3764 loca
703 3708 1316 3779 visitantesprecre‘audi
1349 3711 1525 3766 forent
1559 3711 1710 3779 juxta
1751 3708 1921 3770 sancti
1955 3717 2124 3775 Bene-

554 3781 684 3836 dicti
713 3794 994 3852 statutum,
1029 3787 1138 3857 imo
1164 3787 1310 3854 juxta
1345 3783 1510 3852 ipsius
1541 3782 1748 3838 Domini
1787 3789 1954 3841 nostri
1987 3805 2122 3857 pra:-

551 3861 765 3919 ceptum
797 3857 1044 3921 dicentis,
1077 3855 1207 3910 Date
1237 3857 1628 3925 clecmosynam,
1657 3865 1706 3909 et
1731 3859 1902 3911 omnia
1931 3855 2121 3916 mimda

552 3933 669 4011 sunt
700 3927 858 4011 vobis.
894 3930 1248 4011 lp‘seqtioque
1273 3927 1362 4008 bis
1393 3930 1480 4011 qui
1515 3941 1656 4010 nunc
1683 3943 1803 4011 eum
1839 3931 1888 3983 in
1921 3946 2119 4011 paupe-

553 3994 700 4070 ribus
730 4009 782 4050 et
813 3994 1107 4067 hospitibus
1147 3994 1444 4066 suscipiunt
1466 4036 1483 4059 ,
1532 3998 1584 4051 in
1616 4009 1874 4070 extremo
1916 3994 2121 4070 judicio

550 4064 792 4120 dicturus
821 4064 940 4125 esti:
977 4072 1184 4134 llospes
1215 4064 1308 4134 fui,
1336 4078 1389 4122 et
1417 4067 1732 4135 suscepistis
1762 4085 1866 4126 me.

625 4137 749 4193 lla-c
781 4142 936 4206 igitur
978 4142 1046 4195 tle
1087 4141 1180 4194 illo
1207 4141 1322 4193 solo
1371 4147 1588 4206 peccato
1615 4141 1754 4208 quod
1808 4142 1860 4195 in
1903 4143 2111 4200 destru-

547 4209 729 4281 ctione
748 4212 1112 4267 coenobiorum
1136 4212 1326 4281 agitur,
1346 4209 1579 4264 breviter
1600 4216 2034 4271 commemoravi.
2058 4218 2112 4272 Si

547 4278 671 4344 quis
726 4297 854 4336 vero
915 4278 1195 4350 diligenter
1246 4281 1592 4335 considerare
1639 4283 1865 4337 voluerit
1921 4298 2112 4343 caetera

549 4349 869 4426 tiliristiana:
918 4349 1188 4426 religionis
1231 4363 1447 4418 statuta,
1496 4352 1730 4426 inveniet
1773 4369 1836 4408 ex
1883 4355 1964 4411 eis
1992 4360 2112 4426 plu-

550 4420 684 4493 rima
741 4422 851 4493 pari
917 4420 1338 4478 Christianorum
1399 4424 1769 4492 persecutione
1817 4420 2108 4486 destructa.

553 4491 684 4556 Quis
705 4491 845 4548 enim
874 4495 1020 4550 locus
1044 4507 1121 4549 est
1149 4495 1309 4549 modo
1332 4491 1448 4549 sine
1473 4497 1655 4562 rapina
1685 4505 1776 4549 aut
1802 4495 1979 4554 bello?
2012 4499 2109 4558 Ubi

551 4569 676 4616 sunt
699 4563 810 4629 iura
841 4565 1156 4620 Christiana:
1183 4566 1333 4633 legis,
1364 4576 1418 4619 et
1443 4569 1700 4634 protectio
1724 4571 1991 4625 metuendi
2026 4587 2108 4628 re-

546 4634 665 4702 gis?
698 4635 817 4699 libi,
850 4652 1054 4705 quaso,
1085 4647 1207 4690 sunt
1229 4647 1471 4706 pastores
1494 4645 1548 4689 et
1585 4636 1894 4692 defensores
1927 4642 2109 4698 Ecclev

549 4706 768 4779 siaﬁrum,
823 4708 912 4779 qui
957 4707 1672 4779 resistantAdevastatoribus
1719 4723 2012 4779 pauperum
2058 4725 2114 4769 et

550 4778 870 4850 viduarum?
908 4780 1044 4846 Quin
1079 4781 1183 4833 imo
1226 4776 1323 4847 ipsi
1364 4781 1454 4847 qui
1497 4776 1748 4834 dicuntur
1778 4776 2016 4850 pastores
2060 4797 2113 4840 et

549 4847 882 4915 defensores,
917 4850 1111 4920 quique
1138 4851 1370 4903 animam
1398 4865 1548 4903 suam
1579 4851 1708 4905 dare
1737 4847 1993 4909 tlebereut
2019 4874 2113 4922 pro

548 4922 851 4976 commissis
892 4923 1118 4986 ovibus,
1176 4922 1296 4976 facti
1348 4929 1472 4974 sunt
1522 4935 1920 4990 persecutores,
1983 4927 2112 4982 nulli

549 5002 849 5060 parcentes,
877 4994 1165 5047 dummodo
1188 4993 1284 5061 ipsi
1331 4991 1384 5045 in
1419 4991 1624 5046 deliciis
1650 4991 1848 5060 vivant,
1885 4997 2110 5052 divitiis-

546 5077 652 5128 «μω
675 5063 914 5119 afﬂuant.
951 5065 1135 5118 Nonne
1186 5064 1299 5118 haec
1329 5071 1485 5132 atque
1527 5063 1610 5116 bis
1639 5064 1832 5120 similia
1864 5083 2112 5134 persecu-

548 5134 710 5188 tionis
731 5146 856 5190 suut
891 5136 1062 5190 studia
1076 5135 1102 5208 7?
1130 5136 1301 5203 Quam
1319 5135 1580 5208 videlicet
1611 5136 1966 5208 miserandam
1997 5155 2113 5208 pcr-

549 5207 882 5262 secutionem
929 5222 1029 5276 ego
1073 5205 1507 5275 intimusjugiter
1555 5207 1778 5262 audiens
1823 5205 2110 5279 ctdolens,

544 5284 670 5328 cum
703 5291 807 5332 non
850 5289 1060 5347 possem
1103 5279 1311 5346 aliquos
1339 5291 1588 5332 sermone
1625 5281 1895 5335 communi
1937 5284 2110 5338 corri-

541 5356 695 5414 gere,
728 5351 945 5424 tractavi
978 5349 1060 5404 vel
1084 5349 1295 5424 scriptis
1323 5362 1416 5402 eos
1443 5349 1735 5424 admonere
1763 5351 1954 5407 talibus
1981 5369 2100 5424 quo-

547 5429 668 5468 rum
698 5419 1014 5494 sententiain
1046 5431 1154 5494 tam
1183 5419 1297 5494 laici
1326 5433 1489 5494 quam
1525 5420 1702 5475 clerici
1727 5425 1933 5491 possint
1953 5419 2117 5494 agno-

547 5497 723 5542 scere.
754 5488 940 5544 Nonne
979 5491 1148 5545 solem
1195 5491 1402 5560 aliaque
1444 5491 1706 5546 elementa
1729 5488 1925 5557 aliqua
1953 5488 2114 5552 aénsu

542 5569 850 5635 capere,_et
896 5562 1022 5632 quid
1078 5562 1240 5617 olficii
1291 5573 1478 5635 gerant
1521 5577 1708 5618 omnes
1747 5562 1902 5618 simul
1947 5580 2114 5635 agno-

545 5631 742 5705 scunt?
779 5632 897 5698 Ipse
924 5635 1160 5702 profecto
1198 5631 1464 5700 corporali
1504 5636 1620 5706 visu
1653 5636 1888 5704 privatus
1931 5631 2116 5706 nequit

541 5701 629 5773 se
649 5715 905 5757 excusare
930 5701 971 5756 'a
1023 5705 1154 5758 solis
1200 5707 1487 5773 agnitione.
1540 5705 1599 5761 Si
1641 5701 1787 5762 enim
1819 5721 1925 5762 non
1973 5701 2113 5763 illius

540 5771 904 5842 splendorem,
954 5783 1101 5829 certe
1140 5771 1410 5842 vel'ejus,
1432 5777 1664 5833 calorem
1713 5775 1915 5834 sentire
1952 5781 2111 5833 valet.

547 5841 812 5899 Praeterea
839 5859 958 5898 cum
1000 5845 1204 5910 aliquos
1231 5841 1454 5899 audierit
1484 5848 1550 5901 de
1592 5849 1893 5914 splendoris
1921 5853 2115 5905 siilaris

545 5915 905 5973 tintuensitate
934 5920 1229 5986 loquentes,
1263 5923 1438 5982 potest
1461 5918 1643 5988 utique
1671 5921 1950 5976 advertere
1977 5923 2112 5978 intc-

2237 652 2473 706 amlitum
2501 653 2700 707 malitia
2725 652 2864 707 nulla
2893 654 3170 721 impediat.
3199 652 3348 708 [inde
3366 667 3417 708 et
3446 652 3701 711 Dominus
3723 677 3815 712 no-

2235 733 2347 775 ster
2368 723 2640 778 auditores
2669 739 2794 779 suos
2826 725 3079 779 admonet
3105 725 3325 779 dicens:
3355 725 3453 791 Qui
3495 725 3644 781 habet
3665 746 3820 786 aures

2235 793 2719 868 audiendi.uudiat.
2753 795 2815 851 Et
2838 795 3070 850 Joannes
3101 795 3154 850 in
3187 797 3502 868 Apocalypsi
3537 814 3553 852 :
3583 797 3688 864 Qui
3716 802 3819 853 Im-

2233 863 2334 937 ber,
2375 863 2563 937 inquit.
2609 883 2779 933 aures,
2823 868 2999 921 audiat
3038 868 3163 937 quid
3194 863 3437 936 Spiritus
3465 863 3812 925 dicat’Eccle-

2233 936 2344 989 aiis.
2386 935 2492 991 Sed
2525 937 2823 1006 huiusmodi
2873 939 3033 994 verba
3051 935 3190 994 ideo
3233 935 3383 994 more
3413 940 3618 1009 prologi
3675 957 3816 1009 prmo

2239 1009 2517 1078 nouimus,
2552 1021 2606 1061 ut
2632 1011 2752 1075 quia
2783 1011 2850 1065 de
2895 1009 3195 1064 carnalibus
3240 1011 3555 1078 spiritualia,
3591 1011 3658 1066 de
3691 1013 3819 1067 visi-

2234 1075 2432 1131 bilibns
2479 1079 2756 1134 invisibilia
2802 1081 3054 1143 colligere
3103 1080 3386 1136 scribendo
3430 1075 3696 1149 volumus,
3734 1083 3814 1138 le-

2234 1155 2443 1202 ctorum
2497 1151 2651 1204 simul
2713 1159 2768 1206 et
2819 1153 3122 1205 auditorum
3176 1166 3333 1206 aures
3380 1153 3687 1218 spirituales
3744 1154 3813 1210 ad

2231 1219 2554 1289 attendeoda
2584 1222 2769 1276 eadem
2800 1223 3182 1289 aliquantulum
3205 1224 3524 1279 excitemus.

2303 1287 2480 1344 Primo
2506 1293 2664 1360 igitur
2687 1287 2970 1349 dicendum
3014 1295 3153 1361 quod
3183 1304 3238 1348 et
3285 1294 3337 1348 in
3369 1295 3554 1362 primis
3584 1296 3815 1353 credere

2229 1365 2286 1413 et
2315 1375 2421 1426 pne
2453 1365 2698 1418 omnibus
2737 1379 2896 1418 nosse
2924 1363 3204 1433 debemus,
3251 1365 3304 1419 in
3335 1380 3441 1432 quo
3469 1367 3678 1421 scilicet
3700 1367 3815 1422 ele-

2231 1440 2412 1484 mento
2441 1447 2637 1489 sancta:
2667 1433 2943 1490 Trinitatis
2985 1445 3040 1489 et
3069 1434 3285 1491 unitatis
3332 1443 3642 1505 mysterium
3683 1453 3806 1492 con-

2233 1505 2812 1575 templaripossimus.
2868 1507 3129 1574 Denique,
3185 1515 3244 1561 ut
3296 1505 3424 1562 mihi
3467 1507 3695 1575 videtur,
3754 1509 3813 1566 in

2232 1573 2372 1624 nulla
2401 1573 2661 1638 scriptura
2698 1577 2936 1647 apertius
2960 1573 3122 1646 quam
3146 1577 3201 1632 in
3232 1577 3343 1632 sole
3366 1578 3581 1633 edoceri
3614 1573 3804 1647 possu—

2233 1657 2369 1707 mus,
2403 1647 2631 1713 quatiter
2668 1657 2867 1702 sauctze
2899 1645 3172 1704 Trinitatis
3203 1648 3360 1704 fidem
3403 1645 3682 1705 attendere
3710 1651 3809 1707 de-

2235 1713 2466 1790 beamus.
2502 1717 2572 1790 lu
2623 1720 3013 1790 solegnamque
3060 1717 3160 1774 tria
3207 1718 3577 1787 inseparabilia
3628 1722 3809 1778 inesse

2233 1783 2598 1860 scimu_s:boc
2646 1801 2729 1844 est
2757 1783 3152 1860 ipsum'corpus
3199 1790 3282 1845 vel
3327 1783 3498 1844 rotam
3546 1793 3697 1856 solis,
3748 1801 3810 1848 et

2235 1855 2569 1932 splendorem
2617 1869 2774 1926 atque
2814 1855 3070 1916 calorem}
3100 1860 3154 1915 ln
3207 1871 3320 1915 rota
3371 1863 3565 1931 quippe
3609 1862 3800 1932 ipsius,

2234 1939 2391 1995 quam
2419 1927 2471 1983 in
2505 1927 2836 2001 firmamento
2864 1932 2985 1986 caeli
3029 1946 3244 2000 semper
3271 1927 3495 2001 positam
3528 1927 3797 2000 novimus,

2230 2011 2510 2072 personam
2545 2000 2745 2068 Patris;
2775 2003 2827 2056 in
2865 2004 3150 2072 splendore
3185 2000 3331 2072 vero,
3368 2017 3650 2070 personam
3682 2007 3802 2066 tllii.

2227 2067 2349 2134 quia
2395 2079 2452 2143 et
2501 2067 2787 2141 Apostolus
2832 2067 2908 2129 de'
2942 2073 3157 2129 Christo
3186 2073 3278 2130 Dei
3317 2067 3465 2128 'lt‘ilio
3507 2075 3658 2141 dicit,
3703 2077 3811 2143 Qui

2226 2153 2344 2192 cant
2373 2141 2437 2196 sit
2477 2145 2717 2216 splendor
2744 2145 2940 2216 gloria.
2969 2155 3112 2210 etc.;
3140 2147 3193 2199 in
3229 2146 3406 2216 calore
3433 2154 3634 2209 autem,
3679 2141 3802 2216 per-

2225 2213 2701 2288 souammSpiritus
2745 2213 2922 2272 sancti
2976 2215 3264 2288 signiﬁcari
3327 2217 3512 2274 crede.
3579 2213 3805 2288 Musque

2225 2283 2386 2335 etiam
2428 2283 2556 2358 illud
2583 2285 2868 2358 subjungo,
2916 2283 3058 2342 unde
3103 2287 3226 2340 talia
3265 2288 3444 2342 credo.
3475 2288 3626 2343 Sicut
3655 2283 3801 2345 enim

2227 2361 2398 2425 rotam
2421 2357 2549 2412 solis
2570 2357 2839 2425 nunquam
2863 2358 3093 2413 vidimus
3119 2359 3199 2411 vel
3233 2359 3531 2413 audivimus
3557 2358 3626 2416 de
3661 2361 3764 2418 cmi
3787 2382 3804 2412 ι

2228 2420 2281 2476 in
2331 2420 2854 2501 terramdemissam
2879 2471 2894 2494 ,
2929 2432 3024 2484 sed
3067 2429 3406 2501 splendorem
3453 2431 3543 2498 Qui
3584 2432 3636 2486 in
3683 2433 3805 2501 ῑιισο

2225 2503 2332 2559 est,
2359 2509 2413 2550 et
2441 2497 2509 2571 ab
2538 2500 2654 2566 ipso
2678 2515 2891 2570 semper
2919 2510 3070 2556 ortus
3099 2497 3369 2556 emittitur
3391 2515 3552 2571 super
3582 2497 3800 2559 omnem

2229 2572 2422 2620 terram
2452 2568 2690 2637 demitti;
2719 2568 2948 2643 calorem
2975 2573 3134 2626 etiam
3163 2572 3252 2640 qui
3285 2582 3391 2643 tam
3421 2568 3490 2626 ab
3522 2575 3636 2643 ipsa
3667 2577 3802 2632 aulis

2228 2647 2364 2714 ruta,
2394 2655 2553 2708 quam
2591 2657 2620 2696 a
2651 2641 2938 2713 splendore
2965 2644 3083 2714 ejus
3113 2642 3373 2713 procedit.
3407 2641 3621 2699 licet‘in
3652 2648 3800 2703 omni

2231 2706 2346 2760 loco
2372 2706 2425 2764 ei
2454 2706 2698 2780 tempore
2727 2728 2832 2785 non
2870 2706 3148 2785 aqualite'r
3191 2715 3509 2778 sentiamus,
3556 2718 3625 2770 ab
3652 2726 3804 2772 utro-

2225 2793 2328 2846 que
2370 2790 2562 2856 _tamen‘
2604 2784 2879 2850 actualiter
2931 2784 3304 2854 procedentem
3373 2786 3423 2841 in
3482 2786 3800 2856 quibusdam

2236 2851 2519 2918 provinciis
2548 2857 2740 2924 maius,
2771 2857 2821 2911 in
2867 2851 3178 2925 quibusdam
3210 2871 3337 2911 vero
3383 2851 3557 2913 minus
3593 2858 3801 2917 fervere

2229 2931 2451 3000 propter
2481 2926 2709 2996 aliquam
2760 2931 3024 2984 occultam
3073 2928 3234 3000 divini
3275 2928 3472 3000 judicif
3495 2930 3802 2999 dispositio-

2227 2997 2600 3070 nemscimus,
2629 3001 2698 3053 ita
2729 3012 2776 3054 et
2812 3000 2878 3054 tle
2923 2999 3142 3070 singulis
3174 2997 3414 3070 personis
3439 2997 3640 3056 sancta:
3680 3000 3799 3057 Tri-

2228 3065 2410 3142 uitatis
2438 3070 2618 3123 credo.
2667 3071 2741 3126 De
2782 3071 2889 3125 Deo
2917 3065 3072 3125 Pati—e
3095 3065 3334 3142 quidem,
3363 3073 3485 3140 quia
3527 3087 3797 3142 nunquam

2229 3136 2427 3211 missus
2455 3143 2659 3195 venerit
2707 3144 2760 3195 in
2793 3151 3011 3204 terram.
3045 3136 3138 3196 sed
3184 3136 3528 3208 splendorem
3559 3136 3700 3211 ejus,
3744 3142 3799 3200 id

2229 3213 2311 3258 est
2333 3203 2543 3283 Filium,
2570 3215 2635 3283 ad
2661 3203 2930 3283 quoslibet
2953 3203 3332 3268 illuminatidos
3360 3213 3553 3272 mittat.
3585 3203 3660 3270 De
3685 3203 3799 3272 Deo

2232 3287 2407 3357 autem
2441 3280 2531 3334 Dei
2565 3280 2719 3357 Filio,
2751 3285 2890 3357 quod
2931 3286 3069 3339 sicut
3111 3284 3365 3357 Splendor
3405 3286 3532 3357 solis
3562 3284 3615 3340 iu
3652 3300 3799 3357 qua-

2233 3348 2361 3428 libet
2409 3348 2712 3428 corporalia
2751 3348 3010 3428 mittatur,
3043 3348 3266 3410 visibilis
3315 3357 3443 3412 tlat:
3475 3356 3546 3410 ita
3597 3348 3801 3428 et'tpse

2231 3433 2557 3497 incarnatus,
2584 3427 2805 3481 visibilis
2833 3428 3161 3497 apparuerit,
3191 3439 3246 3481 et
3271 3442 3432 3495 super
3452 3442 3667 3484 omnem
3693 3442 3796 3484 ter-

2231 3503 2342 3571 ram
2373 3492 2632 3571 doctrina:
2675 3497 2790 3566 ejus
2817 3492 3033 3571 claritas
3075 3492 3354 3571 ξιιιξιετίιζ
3380 3508 3438 3552 οι
3464 3499 3535 3552 άθ
3571 3513 3645 3571 εει
3669 3499 3797 3571 ie!“

2230 3568 2354 3639 tur:
2384 3564 2640 3639 Extirtum
2676 3564 2760 3624 est
2789 3571 2840 3624 in
2888 3569 3120 3626 tenebris
3150 3569 3326 3625 lumen
3359 3573 3538 3624 rectis.
3571 3569 3649 3626 De
3673 3564 3797 3639 Spi-

2230 3636 2333 3710 ritu
2362 3647 2545 3692 sancto
2575 3638 2756 3706 etiam,
2785 3641 2923 3708 quod
2953 3641 3089 3696 sicut
3115 3651 3252 3696 terra
3281 3655 3312 3694 a
3353 3642 3638 3710 splendore
3665 3636 3795 3698 solis

2228 3701 2486 3782 illtistrala
2520 3701 2754 3778 tantum,
2778 3701 2882 3767 [ian
2914 3720 3095 3768 autem
3145 3711 3328 3766 calore
3375 3701 3491 3782 ejus
3521 3723 3794 3781 pettetruta

2227 3775 2427 3852 nullum
2456 3778 2690 3852 Afructum
2731 3775 2861 3838 dare
2903 3785 3072 3849 solet;
3104 3781 3175 3837 ita
3217 3793 3270 3837 et
3309 3775 3535 3852 quisque
3565 3784 3689 3838 licet
3716 3785 3796 3840 di-

2227 3848 2330 3900 vini
2359 3850 2501 3904 verbi
2537 3856 2719 3908 notitia
2748 3854 2951 3908 illumiu
2972 3848 3074 3909 itus
3112 3855 3202 3914 sit.
3230 3848 3527 3920 cunctaque
3561 3855 3656 3910 Dei
3695 3856 3797 3910 mi-

2224 3920 2527 3996 raculavel
2578 3925 2801 3992 legendo
2850 3928 2928 3981 vel
2977 3924 3243 3980 audiendo
3287 3926 3585 3996 agnoverit,
3617 3937 3793 3982 tamen

2224 3990 2320 4067 nisi
2349 3993 2603 4067 calorem,
2637 3990 2696 4051 id
2735 4007 2818 4052 est
2856 4011 3093 4052 amorem
3123 3997 3256 4051 bene
3281 3990 3494 4067 agendi,
3537 3997 3604 4051 ab
3631 3998 3795 4067 ipsius

2221 4061 2365 4138 dono
2409 4064 2687 4138 percipiat,
2721 4068 2912 4123 frustra
2959 4071 3120 4123 tutius
3161 4061 3363 4125 lumine
3398 4061 3794 4138 scientiae'pcr-

2220 4132 2446 4208 fruatur.
2477 4132 2636 4208 Quod
2665 4139 2901 4206 proiecto
2929 4140 2996 4192 ita
3026 4155 3146 4196 esse
3191 4154 3297 4192 non
3324 4139 3498 4194 solum
3531 4140 3636 4194 fide
3667 4132 3789 4208 per-

2219 4201 2344 4286 cipi,
2397 4201 2704 4286 sed’etiam
2753 4209 3120 4286 experimento
3156 4213 3287 4286 ipso
3337 4218 3510 4286 potest
3555 4201 3790 4286 probari.

2218 4275 2347 4352 Nam
2398 4283 2684 4336 nonnullos
2731 4275 3022 4349 sapientes,
3070 4293 3125 4337 et
3154 4275 3207 4336 iri
3238 4275 3356 4352 lege
3399 4275 3576 4336 divina
3620 4275 3768 4337 omni

2218 4347 2376 4421 modo
2421 4353 2709 4408 instructos
2759 4347 3065 4421 frequenter
3118 4347 3403 4420 videmus.
3459 4353 3512 4407 in
3564 4367 3790 4419 quorum

2216 4420 2422 4477 actione
2451 4423 2494 4476 si
2539 4439 2695 4492 quam
2744 4420 2939 4479 divinae
2967 4423 3210 4480 scientias
3261 4424 3503 4479 notitiam
3538 4423 3788 4490 habeant,

2217 4493 2298 4544 vel
2327 4496 2370 4547 si
2416 4495 2541 4563 quid
2572 4495 2641 4551 de
2666 4498 2880 4552 :eternis
2907 4497 3113 4564 gaudiis
3155 4509 3206 4551 et
3237 4495 3513 4566 suppliciis
3540 4497 3786 4558 credant.

2221 4577 2505 4633 parumper
2532 4581 2822 4635 agnoscere
2844 4571 3102 4623 valemus.
3133 4567 3267 4634 Quid
3293 4571 3468 4637 itaque
3497 4566 3564 4622 de
3595 4566 3792 4620 talibus

2217 4637 2632 4708 existimandum
2659 4645 2759 4702 est,
2796 4641 2898 4694 nisi
2929 4641 3052 4708 quia
3093 4640 3395 4708 splendore,
3426 4638 3476 4691 id
3504 4645 3588 4692 est
3629 4639 3794 4692 verbo

2220 4705 2428 4781 Domini
2479 4713 2643 4764 nostri
2700 4716 2828 4765 satis
2875 4705 3090 4781 quidem
3124 4705 3416 4766 'illumitiati
3473 4723 3640 4781 sunt,
3693 4712 3789 4764 sed

2216 4777 2446 4846 Spiritus
2475 4784 2641 4835 sancti
2671 4777 2909 4835 caloreni
2936 4781 3153 4837 minime
3189 4780 3515 4835 senserunt?
3543 4784 3598 4835 Si
3640 4783 3784 4836 enirn

2211 4864 2337 4918 cum
2361 4852 2647 4920 splendore
2691 4854 2837 4908 calor
2869 4854 3068 4922 pariter
3096 4853 3386 4924 spiritualis
3433 4855 3519 4924 eis
3539 4853 3792 4924 advenis—

2215 4932 2318 4995 set,
2352 4937 2685 4994 nequaquam
2716 4926 2785 4979 ita
2818 4926 3027 4993 tepidos
3054 4935 3110 4979 et
3130 4923 3481 4995 ,negligeutes
3510 4923 3630 4978 illos
3664 4928 3792 4980 reli-

2254 4994 2434 5049 uisset.

2254 5011 2359 5047 tttss
2398 5009 2434 5048 ι.

2215 5009 2246 5063 q
2291 5010 2576 5121 Utcautem
2623 5066 2815 5139 caloris
2844 5070 2970 5122 tanti
3016 5068 3325 5139 mysterium
3373 5082 3476 5123 non
3511 5067 3697 5139 solum
3726 5085 3792 5123 ex

2215 5138 2522 5205 coniectura
2575 5138 2810 5207 propria,
2860 5153 3043 5193 verum
3073 5137 3260 5195 'etiam
3293 5151 3464 5194 sacra
3501 5137 3794 5202 Scriptura:

2218 5211 2523 5264 testimonio
2573 5211 2903 5277 approbent,
2954 5225 3133 5266 nonne
3179 5210 3414 5277 Spiritus
3462 5218 3680 5264 sanctus
3738 5215 3791 5265 ln

2219 5281 2340 5350 igne
2367 5296 2528 5348 super
2556 5283 2828 5352 apostolos
2877 5283 3108 5352 venisse,
3152 5296 3354 5351 eosque
3393 5289 3541 5336 tanto
3579 5280 3790 5338 terrore

2218 5353 2526 5407 accendisse
2553 5351 2764 5420 legitur,
2793 5362 2848 5405 ut
2872 5353 3074 5407 nullam
3093 5351 3274 5409 θεοειιό
3301 5353 3617 5421 potentiam,
3647 5353 3790 5409 nulla

2219 5425 2462 5476 humana:
2488 5425 2708 5476 smvitite
2753 5433 3017 5478 tormenta
3058 5424 3442 5479 formidarent?
3495 5425 3569 5478 De
3598 5424 3787 5480 eodem

2217 5495 2392 5548 calore
2420 5503 2472 5546 et
2508 5496 2630 5558 igne
2674 5495 2836 5566 credo
2887 5494 3167 5550 Dominum
3196 5494 3416 5566 dixisse.
3447 5492 3634 5566 Ignea
3676 5499 3788 5566 aeni

2215 5566 2431 5636 mittere,
2460 5576 2506 5617 et
2525 5565 2648 5633 quid
2684 5564 2796 5636 volo
2817 5566 2916 5620 nisi
2953 5577 3006 5621 ut
3047 5566 3268 5620 ardeat?
3294 5564 3402 5621 Sed
3441 5564 3499 5621 et
3527 5567 3628 5620 hoc
3651 5565 3792 5636 quod

2219 5635 2472 5688 Doininus
2500 5637 2646 5702 dicit,
2683 5633 2816 5690 Ecce
2856 5647 2934 5691 sto
2964 5639 3030 5691 ad
3077 5639 3263 5692 ostium
3299 5647 3349 5690 et
3371 5639 3541 5703 pulso,
3574 5633 3709 5702 etcL,
3739 5638 3791 5692 iu

2216 5707 2452 5781 quolibet
2479 5707 2692 5762 homine
2717 5709 2845 5781 solis
2871 5708 3161 5778 splendore
3188 5709 3521 5781 circutiidato
3557 5710 3788 5781 mystice

2218 5777 2409 5832 intueri
2444 5781 2704 5837 valemus.
2753 5778 2902 5835 Sicut
2944 5781 3092 5836 enim
3117 5779 3372 5850 splendor
3411 5779 3540 5834 solis
3575 5777 3793 5834 omnem

2216 5851 2282 5904 ad
2315 5850 2444 5904 lucis
2474 5866 2585 5904 sua:
2617 5851 2792 5905 radios
2821 5856 3121 5907 venientem
3171 5866 3276 5906 non
3309 5851 3541 5920 repellit,
3588 5851 3686 5906 sed
3726 5853 3794 5905 il-

2219 5922 2428 5991 lustrat,
2461 5922 2531 5976 ita
2577 5921 2820 5978 Salvator
2850 5933 3034 5981 uoster
3067 5937 3256 5982 omnes
3299 5923 3366 5980 ad
3415 5935 3474 5980 se
3523 5923 3794 5980 venientes
