4162 6212
482 384 609 442 “2|

1688 389 1775 445 DE
1812 387 2252 446 SUBSTANTIIS
2292 380 2511 443 LIBER.

3583 379 3717 437 “22

474 498 748 553 concessis
798 496 1221 568 intemperanter
1262 505 1510 567 utuntur,
1548 512 1578 552 a
1624 514 1792 568 regno
1843 500 2051 557 ctelesti
2083 506 2127 563 Α
2157 496 2486 552 Creatorem.
2519 492 2649 549 Nam
2678 492 2758 547 sol
2779 492 3046 568 duntaxat
3085 502 3285 568 tantum
3334 500 3506 563 potest
3535 493 3722 568 splen-

472 568 850 641 ertcliiduntur,
888 570 1014 641 quid
1057 568 1380 641 credendum
1430 580 1519 641 est
1559 570 1628 624 de
1682 572 1788 624 illis
1815 576 1904 641 qui
1958 588 2052 640 per

483 638 593 693 vim
621 648 678 693 et
701 637 941 693 'raudem
964 639 1191 708 aliquam
1215 639 1388 708 aliena
1414 640 1699 706 rapientes,
1725 650 1780 695 et
1809 637 2053 696 meretri-

475 708 630 764 cibus
644 707 1202 780 seniet_jungentes,iii
1221 707 1301 761 his
1326 724 1490 777 usque
1516 714 1579 762 ad
1610 709 1767 763 linem
1784 710 1906 775 vitae
1932 727 2054 780 per-

475 778 764 849 severanti
793 777 925 843 Hinc
955 780 1141 832 credat
1168 779 1390 847 quisque
1415 780 1553 845 quod
1585 783 1733 845 velit,
1761 796 1862 849 ego
1890 777 2055 835 credo

476 848 598 917 quia
625 850 810 902 calum
837 858 883 900 et
912 859 1046 902 terra
1094 849 1404 914 transibunt,
1428 852 1577 902 verba
1625 848 1815 916 autem,
1877 853 2053 904 divina

478 933 581 972 neti
625 917 929 989 transiliunt,
983 917 1085 972 nisi
1138 926 1197 971 ut
1241 920 1558 985 impleantur
1610 921 1747 973 sicut
1802 924 2053 989 praedicta

478 997 623 1043 sunt.
654 986 778 1041 Haec
808 988 968 1056 igitur
1006 1002 1170 1056 pauca
1196 989 1587 1042 exhortationis
1631 986 1816 1043 verba'
1838 992 1903 1042 ad
1949 993 2057 1045 cle-

480 1072 602 1128 rum
622 1057 787 1128 dicta,
821 1060 1021 1128 idcirco
1043 1073 1106 1111 ex
1138 1060 1477 1111 sanctissimo
1494 1059 1898 1128 Evangeliorum
1923 1060 2058 1115 libro

480 1126 720 1251 proferre
746 1126 980 1188 decrevi,
1022 1128 1142 1194 quia
1171 1128 1293 1181 talis
1320 1128 1453 1182 liber
1490 1126 1700 1183 clericis
1729 1144 1862 1195 pene
1887 1136 2060 1185 omni—

519 1210 580 1251 us
605 1199 912 1251 notissimus
932 1205 1036 1251 est.
1076 1206 1259 1251 utnote
1288 1197 1377 1251 oui
1403 1195 1596 1251 stenius
1641 1201 1833 1251 lenitur
1876 1210 1930 1251 et
1959 1218 2054 1251 au-

519 1210 580 1279 iis
605 1199 912 1322 notissimus
932 1205 1036 1265 est,
1076 1206 1259 1266 utpote
1288 1197 1377 1268 qui
1403 1195 1596 1267 saepius
1641 1201 1833 1269 legitur
1876 1210 1930 1255 et
1959 1218 2054 1256 au—

519 1277 668 1322 itura
726 1282 826 1322 eis.

480 1268 621 1322 ditur
637 1268 710 1322 ab
726 1268 826 1322 eis.

553 1336 784 1407 Possunt
809 1337 970 1393 etiam
996 1336 1216 1407 studiosi
1258 1337 1481 1407 quilibet
1508 1337 1820 1407 clericorum
1864 1354 1927 1395 ex
1970 1355 2060 1393 va-

482 1408 563 1463 ria
592 1406 863 1476 Scriptura
896 1415 1003 1461 tam
1019 1405 1228 1462 Veteris
1256 1405 1415 1475 quam
1436 1406 1566 1460 Novi
1589 1410 1914 1464 'l‘eStameiiti
1930 1411 2061 1465 satis

482 1475 784 1539 instrui.’et
806 1492 910 1531 non
935 1479 1109 1532 solum
1153 1492 1217 1530 ex
1260 1475 1438 1541 bonis,
1479 1479 1573 1531 sed
1617 1479 1781 1533 etiam
1812 1495 1873 1533 ex
1905 1481 2061 1534 malis

483 1545 760 1619 ediﬁcari.
788 1545 846 1601 Si
875 1547 1020 1619 enini
1075 1549 1350 1601 attendere
1380 1548 1681 1601 studuerint
1730 1549 1862 1619 Abel
1903 1548 2062 1619 justi-

486 1620 641 1680 tiam,
670 1614 772 1672 Job
793 1617 1123 1685 patientiam,
1163 1618 1519 1670 venerandam
1551 1618 1800 1683 Abrahae,
1831 1614 1978 1673 Isaac
2006 1629 2061 1675 ct

487 1685 654 1742 Iacob
683 1687 1136 1753 benedictionem,
1162 1701 1190 1738 a
1215 1686 1325 1740 Deo
1353 1688 1453 1740 sibi
1481 1688 1669 1741 tactam
1706 1704 1721 1741 :
1757 1690 1918 1742 David
1963 1694 2063 1744 liu-

485 1759 782 1823 militatein,
813 1753 1045 1827 Daiiielis
1084 1766 1139 1808 et
1169 1756 1327 1809 trium
1358 1770 1641 1827 puerorum
1665 1759 2046 1827 constantiam,

484 1828 741 1882 Susanna
770 1825 1088 1891 castitatem,
1122 1837 1399 1893 utriusque
1425 1826 1625 1889 Tobiae,
1651 1828 1817 1895 patris
1845 1825 2054 1884 scilicet

484 1904 543 1949 et
586 1896 677 1950 lilii
727 1895 1074 1965 religionem,
1132 1895 1462 1964 aliorumque
1507 1903 1713 1962 patrum
1772 1901 1824 1951 in
1875 1897 2051 1954 Veteri

483 1965 829 2021 Testamento
881 1966 1294 2031 perfectionem;
1344 1967 1412 2029 si,
1469 1965 1720 2032 inquam,
1778 1971 2052 2022 attendere

485 2036 751 2089 voluerint
799 2034 982 2089 talium
1024 2037 1257 2087 virorum
1299 2037 1563 2102 exempla.
1613 2035 1865 2090 aediﬁcari
1906 2040 2051 2093 omni

486 2106 648 2159 modo
675 2116 913 2173 possunt.
956 2104 1186 2158 Rursum
1231 2104 1273 2156 si
1322 2113 1539 2158 econtra
1596 2107 1856 2161 malorum
1906 2118 2051 2173 gesta

491 2176 752 2242 replicare
773 2174 1057 2235 voluerint.
1085 2184 1337 2244 quantam
1366 2175 1608 2228 videlicet
1634 2177 1890 2228 malitiam
1921 2178 2048 2232 Cain

487 2244 786 2299 intratrem
813 2259 971 2300 suum
1016 2252 1206 2313 egerit,
1239 2258 1335 2309 pro
1372 2244 1563 2312 (llllbUS
1612 2248 1844 2312 peccatis
1887 2249 2055 2300 Sodo-

489 2318 630 2368 mita:
652 2318 893 2368 subversi
935 2315 1075 2378 sint;
1124 2315 1352 2382 qualiter
1380 2315 1866 2368 Nabuchodonosor
1894 2315 2055 2370 llnlo-

491 2383 728 2453 ferniqiie
774 2387 1048 2453 superbia;
1075 2392 1301 2453 conti-tta
1334 2382 1425 2445 sit,
1475 2398 1635 2451 quam
1668 2386 1831 2437 variis
1882 2390 2051 2449 modis

491 2451 880 2509 murmurantes
911 2456 1004 2507 lilii
1031 2451 1193 2507 lsracl
1213 2452 1395 2507 afﬂicti
1416 2453 1544 2517 sint,
1584 2454 1705 2522 q~sid
1737 2455 1849 2508 lleli
1871 2469 2054 2511 sacer-

489 2525 628 2578 dotis
658 2525 753 2578 lilii
803 2535 1085 2592 peccantes
1131 2525 1466 2591 periulerint,
1504 2529 1772 2592 quomodo
1802 2525 2052 2581 Salomon

489 2594 911 2662 sapientissimus
931 2594 1216 2657 ceciderit,
1246 2603 1605 2664 quantamque
1644 2596 1848 2648 riiinatn
1881 2596 2053 2651 Abse-

490 2666 577 2718 lon
601 2673 657 2718 et
683 2665 788 2719 duo
808 2665 1014 2732 jUdtCCS
1045 2673 1229 2717 contra
1259 2672 1553 2718 eusaiinatn
1601 2664 1923 2720 insanientes
1946 2683 2057 2721 nie-

491 2737 728 2799 rueriiit;
774 2750 931 2804 quam
964 2738 1154 2788 lrustra
1196 2736 1419 2788 tlerotiis
1459 2744 1513 2787 et
1555 2734 1860 2789 Judteoruin
1904 2739 2055 2791 dolus

491 2804 543 2857 in
575 2805 842 2858 Chiistum
874 2816 1168 2877 iiisanierit,
1192 2815 1391 2877 quanta
1419 2806 1618 2877 inalitia
1649 2804 1838 2858 Simon
1872 2808 2053 2877 Magos

491 2877 785 2929 obcaicatus
818 2876 1035 2944 periei-it
1065 2890 1080 2928 :
1114 2874 1239 2944 quid
1289 2872 1429 2927 aliud
1481 2889 1575 2941 per
1620 2884 1763 2928 tanta
1810 2872 2056 2932 mala'in-

494 2948 697 3009 nuitur,
727 2947 830 2999 nisi
882 2955 936 2998 ut
981 2944 1258 2998 audientes
1317 2947 1556 3009 timeant,
1604 2955 1658 2999 et
1688 2949 1938 3001 timentes
1968 2963 2055 3002 ca-

495 3024 655 3069 veant
682 3030 748 3069 tte
786 3018 840 3069 in
868 3014 1062 3069 similia
1091 3014 1321 3068 cadant?
1360 3011 1575 3067 Plurimi
1603 3030 1832 3082 namque
1858 3019 1958 3071 nisi
1993 3023 2054 3072 ti-

492 3100 639 3140 more
682 3088 1150 3151 compellerentur,
1202 3087 1348 3138 nullo
1378 3084 1536 3138 modo
1564 3085 1630 3139 ad
1678 3089 1904 3140 salutem
1950 3097 2058 3142 tra-

492 3154 761 3210 iterentur.
790 3154 937 3227 Patet
966 3156 1124 3224 igitur
1166 3170 1287 3225 quia
1313 3166 1424 3227 tam
1455 3170 1550 3227 per
1588 3156 1727 3227 mala
1761 3172 1919 3224 quam
1962 3174 2056 3227 per

493 3226 627 3279 bona
668 3226 915 3279 aediﬁcari
944 3240 1246 3294 poSsumus,
1279 3225 1323 3278 si
1356 3239 1419 3278 ea
1467 3225 1537 3279 ita
1564 3234 1621 3279 ut
1653 3240 1681 3277 a
1711 3226 1934 3281 Domino
1962 3225 2054 3282 or-

492 3299 760 3360 uitiantur,
793 3311 1094 3365 pensamus.
1146 3295 1280 3350 Nam
1330 3303 1387 3348 ut
1441 3294 1603 3348 Deutn
1641 3311 1901 3357 amemus.
1961 3314 2055 3367 per

491 3366 627 3420 bona
658 3371 948 3431 trahimur;
981 3368 1076 3419 sed
1116 3374 1174 3420 ut
1192 3382 1314 3420 eum
1344 3367 1643 3431 timeamus,
1674 3380 1766 3433 per
1795 3368 1932 3421 mala
1954 3366 2053 3422 ali-

491 3451 593 3504 qua
646 3439 1034 3506 compellimur.
1071 3435 1219 3491 Unde
1246 3446 1523 3507 quaesout
1574 3447 1725 3507 eirea
1780 3454 1896 3504 quas
1944 3439 2053 3507 jam

495 3510 708 3573 protuli,
737 3505 790 3561 et
813 3508 915 3560 alia
944 3510 1025 3559 bis
1071 3509 1261 3560 similia
1310 3506 1363 3558 in
1413 3505 1713 3575 Evangelits
1741 3505 2055 3576 scriptam-

493 3580 727 3630 ientinue
789 3590 995 3630 summa
1052 3577 1311 3645 legantur,
1363 3583 1419 3628 et
1461 3579 1763 3645 quietiobis
1814 3589 1937 3632 sunt
1988 3580 2057 3634 lti-

490 3646 678 3700 cieuda
709 3660 774 3700 ex
802 3663 985 3701 eorum
1018 3648 1249 3701 lectione
1288 3649 1625 3715 aliquatenus
1680 3648 2051 3715 in~picianttir.

496 3716 694 3770 Deinde
724 3724 1011 3772 exhortans
1038 3728 1091 3771 et
1134 3718 1298 3771 laicus
1328 3732 1432 3769 non
1463 3730 1557 3770 eos
1603 3719 1669 3771 ad
1710 3719 1862 3771 ullius
1913 3718 2057 3773 Scri-

498 3793 986 3855 pturaztecttunein,
1016 3791 1137 3855 quia
1179 3792 1282 3841 illis
1324 3788 1500 3856 ignota
1528 3796 1631 3852 est,
1676 3789 1917 3853 adduco;
1963 3790 2055 3842 sed

496 3868 552 3910 ut
577 3874 605 3909 a
632 3860 841 3912 clericis
873 3864 1113 3927 qtnedaiii
1168 3874 1266 3927 pro
1318 3860 1636 3925 quotidiauts
1674 3861 2056 3924 caperiinentis

490 3929 719 3995 cognitae
771 3929 1147 3983 similitudines
1200 3937 1505 3997 aperiantur
1554 3931 1800 3981 obsecro.
1842 3927 2058 3982 Dicatur

492 4001 670 4068 itaque
702 3999 799 4062 eis,
827 4015 891 4052 ne
921 4016 1017 4066 pro
1045 4012 1111 4052 eo
1146 4004 1284 4068 quod
1313 3996 1519 4051 litteras
1562 3997 1798 4065 nescitis,
1828 4012 2055 4052 exc-iisa-

492 4066 691 4122 tioneiii
735 4072 966 4137 aliquam
1020 4066 1199 4123 coram
1243 4066 1355 4122 Deo
1389 4083 1484 4121 vos
1530 4068 1727 4121 habere
1774 4070 2004 4123 credatis
2040 4086 2052 4121 ε

491 4138 797 4192 intiinamus
825 4142 973 4193 Vobis
1014 4143 1283 4209 quaedam,
1315 4140 1365 4191 iii
1398 4140 1588 4208 quibus
1617 4140 1760 4192 velut
1798 4139 1851 4192 in
1900 4140 2055 4194 libris

490 4211 728 4277 quotidie
784 4212 1008 4279 legendo
1067 4222 1360 4278 agnoscere
1428 4211 1671 4279 potestis
1717 4209 1843 4278 quid
1898 4224 2057 4279 agere

488 4284 747 4349 debeatis.
782 4278 929 4333 Sicut
961 4284 1118 4349 igitur
1161 4294 1290 4348 apes
1309 4280 1361 4331 in
1394 4282 1550 4332 variis
1576 4278 1707 4333 locis
1737 4293 1791 4332 et
1820 4284 1871 4333 in
1895 4278 2056 4333 variis

490 4347 710 4404 ﬂoribus
726 4351 897 4404 mellis
918 4347 1176 4419 liquorem
1199 4352 1448 4417 colligere
1468 4350 1661 4414 solent,
1677 4351 1746 4402 ita
1768 4362 1821 4403 et
1841 4364 1932 4403 vus
1948 4351 2057 4404 cul-

489 4421 651 4488 ligere
672 4421 876 4475 debetis
902 4424 1187 4490 cuiuslibet
1229 4423 1437 4473 virtutis
1466 4420 1820 4474 dulcedinem.
1842 4422 1922 4473 Ab
1946 4421 2055 4475 alio

488 4504 628 4543 enim
648 4495 942 4559 colligenda
964 4505 1045 4546 est
1061 4491 1351 4555 humilitas,
1382 4491 1449 4543 ali
1475 4495 1580 4543 alto
1597 4490 1851 4555 cliaritas,
1868 4494 1935 4543 ab
1947 4492 2054 4543 alio

2157 570 2308 634 dere,
2337 575 2589 632 quantum
2624 564 2948 633 permittitur
2996 564 3277 618 obstaculo
3305 575 3458 619 terrie
3489 566 3570 619 vel
3615 566 3716 619 ali-

2155 635 2305 706 cujus
2348 639 2460 693 rei:
2511 635 2778 689 Creatoris
2819 635 3232 706 γετολεριοηάοτ
3286 646 3367 689 est
3420 636 3723 703 incompre-

2158 703 2450 773 lieiisibilis,
2492 716 2545 759 et
2598 704 2881 758 invisibilis
2927 703 3044 773 ejus
3089 705 3346 768 intuitus,
3392 720 3497 772 quo
3541 709 3720 759 omnia

2160 777 2448 844 praetetita,
2479 777 2759 843 praesentia
2798 785 2847 826 et
2899 774 3067 826 futura
3095 773 3247 827 simul
3300 776 3449 841 quasi
3483 790 3587 829 uno
3616 777 3721 829 ietu

2156 843 2297 899 oculi
2326 844 2727 914 comprehendit
2762 860 2775 897 :
2807 860 2913 914 quo
2942 843 3349 914 etiampreSpicit
3389 860 3550 911 super
3579 846 3722 900 lllios

2160 912 2535 975 hominum.'ut
2580 914 2757 985 videat
2784 913 2826 965 si
2852 927 2933 985 est
2981 912 3283 985 iittcll:gens
3324 925 3409 985 aut
3447 916 3723 985 requirens

2160 985 2345 1039 Deum.
2392 985 2493 1051 Qui
2540 984 2747 1038 scilicet
2802 984 3053 1049 splendor
3103 984 3340 1037 nonnisi
3387 992 3498 1036 toto
3530 984 3719 1039 'cordis

2157 1055 2346 1108 allectu
2373 1055 2515 1108 ciedi
2544 1052 2629 1108 vel
2675 1056 2888 1120 agnosci
2935 1054 3095 1123 valet,
3134 1053 3368 1123 ejusque
3402 1055 3532 1107 lucis
3574 1063 3721 1107 tanto

2156 1126 2380 1193 quisque
2406 1138 2576 1192 capax
2602 1123 2722 1187 erit,
2752 1132 2951 1193 quanto
2990 1122 3043 1175 in
3079 1122 3180 1176 lide
3206 1122 3581 1178 et’tlileclione
3629 1125 3720 1179 Dei

2157 1191 2485 1265 profecerit,
2516 1193 2813 1265 ipsiusque
2841 1191 3060 1265 justitite
3105 1196 3306 1265 eatir_ies
3352 1208 3415 1247 ac
3440 1194 3562 1265 sitis
3596 1210 3718 1249 eum

2157 1261 2481 1319 accenderit.
2515 1262 2664 1318 Unde
2705 1262 2773 1316 de
2802 1261 2884 1333 liis
2933 1262 3099 1333 tribus
3129 1266 3180 1315 in
3212 1263 3505 1333 Evangelio
3535 1264 3715 1318 Domi-

2160 1348 2261 1389 nus
2288 1335 2454 1398 dicit;
2485 1334 2553 1387 de
2583 1331 2922 1403 lidequid-A-m
2956 1348 2970 1383 :
3000 1330 3201 1395 Omnia,
3239 1330 3426 1403 inquit.
3454 1334 3718 1403 possibilia

2158 1416 2275 1458 siml
2305 1403 2562 1464 credenti;
2590 1402 2657 1456 de
2682 1401 2965 1455 dilectione
2993 1415 3169 1454 autem
3198 1418 3211 1453 :
3268 1402 3368 1469 Qui
3420 1401 3586 1472 diligit
3618 1421 3717 1468 me,

2160 1475 2399 1542 diligetur
2426 1489 2455 1524 α
2490 1473 2644 1525 Patre
2664 1487 2794 1533 meo,
2820 1482 2866 1523 et
2891 1487 2984 1542 ego
3028 1472 3240 1540 diligam
3293 1487 3425 1535 eum,
3452 1482 3502 1542 et
3550 1477 3719 1527 mani.

2162 1541 2354 1614 {ciuilio
2370 1544 2417 1596 ei
2439 1558 2516 1595 me
2536 1543 2734 1608 ipsum;
2757 1541 3025 1614 deesurie
3053 1556 3179 1593 vero
3199 1551 3254 1595 et
3282 1542 3408 1614 siti:
3441 1541 3588 1595 Beati
3604 1613 3609 1614 ί
3632 1546 3720 1614 qui

2160 1610 2389 1666 esuriant
2422 1622 2467 1665 et
2492 1614 2667 1666 sitiunt
2700 1610 2978 1680 justitiam,
3025 1615 3261 1679 quoniam
3291 1613 3389 1680 ipsi
3417 1610 3721 1667 columbini-

2162 1691 2269 1737 litr.
2297 1683 2429 1737 lliiic
2457 1682 2613 1735 etiam
2647 1679 2818 1733 simile
2850 1679 2971 1748 quid
3000 1680 3721 1750 qiiotidiaitisexperimentis

2162 1754 2417 1820 colligere
2441 1754 2683 1820 putealis.
2731 1750 2860 1817 Quis
2887 1750 3028 1803 enim
3061 1750 3290 1818 agricola
3341 1755 3718 1820 agriculttiraiii

2163 1831 2447 1887 exerceat,
2489 1823 2588 1875 nisi
2626 1821 2955 1883 aliquatenus
3005 1820 3396 1887 prtil'ectuosuni
3449 1822 3551 1876 sibi
3607 1822 3722 1877 fore

2161 1903 2339 1958 speret
2364 1902 2417 1947 et
2438 1890 2658 1962 credat?
2686 1893 2788 1941 Aut
2808 1891 3306 1962 ψιῡηιοαηριὶψιυά
3351 1893 3585 1962 studium
3627 1908 3721 1962 po.

2158 1970 2542 2025 testexert‘et‘i,
2563 1961 2663 2012 nisi
2682 1961 2898 2026 coeperit
2926 1959 3128 2012 amari?
3156 1960 3394 2027 Autquis
3420 1962 3534 2015 sine
3562 1959 3720 2017 tutilio

2156 2030 2326 2098 ipsum
2348 2032 2543 2084 vit-tum
2583 2031 2911 2097 corporalem
2961 2029 3165 2082 cunctis
3193 2028 3344 2082 viven
3374 2030 3487 2083 ibus
3536 2047 3721 2087 neces—
3756 2038 3762 2043 ’

2155 2102 2354 2154 sarium
2389 2100 2660 2167 percipere
2691 2100 2844 2162 valet,
2880 2099 2980 2152 nisi
3010 2098 3183 2165 aliqua
3230 2101 3407 2153 esurie
3434 2115 3497 2156 ac
3519 2104 3603 2155 siit
3647 2104 3713 2156 ad

2158 2171 2259 2224 huc
2285 2169 2701 2224 inciteturPSed
2758 2183 2856 2222 nec
2907 2168 3020 2237 ipse
3048 2184 3284 2231 somnus,
3321 2169 3422 2222 nisi
3468 2185 3589 2223 eum
3618 2171 3716 2225 de.

2158 2240 2480 2294 lectaiiiento
2497 2240 2672 2305 aliquo
2692 2237 2995 2305 percipitur.
3014 2237 3143 2291 Cum
3166 2253 3293 2307 ergo
3315 2242 3429 2292 haec
3443 2243 3622 2293 omnia
3643 2242 3713 2296 ita

2156 2314 2509 2375 Corporalitur
2539 2323 2658 2363 esse
2704 2309 2905 2373 sciatis,
2968 2310 3128 2373 petite
3176 2312 3361 2362 intima
3418 2310 3713 2367 intentione

2160 2380 2465 2441 Domitium,
2498 2390 2555 2432 tit
2581 2378 2729 2431 vobis
2751 2392 2811 2433 ea
2835 2379 3178 2445 spiritualtter
3206 2378 3398 2433 imitari
3419 2385 3675 2435 concedat
3701 2400 3713 2433 :

2162 2464 2336 2518 primo
2365 2452 2575 2519 quidem
2609 2462 2659 2502 ut
2692 2450 2742 2501 iii
2770 2463 2890 2500 eum
2922 2459 3067 2501 recte
3110 2452 3367 2512 credatis;
3413 2454 3627 2515 deinde,
3659 2464 3716 2505 ut

2158 2535 2283 2575 eum
2313 2530 2420 2574 tota
2452 2524 2662 2583 virtute,
2689 2530 2795 2571 tota
2827 2530 3008 2573 mente
3037 2519 3297 2586 diligatis;
3338 2529 3623 2584 postremo,
3659 2534 3716 2576 ut

2152 2592 2347 2658 iugiter
2373 2592 2594 2644 teneatis
2622 2591 2854 2642 eSttriem
2906 2592 3154 2657 sitimque
3181 2589 3323 2643 verbi
3377 2589 3561 2655 divini,
3593 2593 3709 2645 sine

2156 2676 2258 2729 qua
2287 2676 2444 2715 nemo
2477 2669 2647 2727 potest
2670 2660 2926 2727 justitiam
2962 2660 3119 2712 ullam
3166 2673 3365 2714 amare.
3405 2661 3502 2725 Qui
3530 2672 3703 2714 autem

2157 2746 2260 2784 tiou
2312 2743 2454 2785 amat
2478 2730 2761 2799 justitiam,
2793 2734 2985 2784 anima:
3033 2729 3169 2783 illius
3199 2731 3341 2782 salus
3371 2730 3705 2797 desiieratur,

2156 2801 2295 2854 sicut
2337 2816 2496 2855 etiam
2551 2801 2791 2866 corpOiis
2838 2802 2952 2867 ejus
3000 2802 3144 2853 salus
3193 2801 3282 2867 qui
3332 2800 3434 2851 cibi
3478 2804 3704 2855 carnalis

2157 2871 2423 2925 fastidium
2455 2873 2667 2940 patitur.
2694 2870 2823 2923 Nam
2854 2874 2918 2923 de
2935 2880 3179 2940 utroque,
3218 2869 3440 2936 sp-ritali
3465 2871 3711 2925 videlicet

2155 2956 2208 2995 et
2237 2938 2501 3009 corporali
2545 2946 2685 3004 ciho,
2730 2941 2982 2993 Dominus
3009 2938 3136 2991 dicit
3168 2954 3182 2992 :
3215 2940 3332 2991 Non
3365 2942 3415 2991 iii
3442 2943 3552 2993 solo
3583 2957 3715 3010 pane

2156 3013 2280 3065 viret
2310 3015 2479 3073 homo,
2512 3014 2598 3064 sed
2624 3011 2677 3063 iit
2727 3015 2862 3062 omni
2904 3014 3048 3063 verba
3092 3010 3227 3076 quod
3267 3012 3489 3073 procedit
3532 3014 3595 3063 de
3632 3027 3718 3065 ore

2158 3082 2274 3137 Dei.
2289 3083 2343 3137 Si
2361 3082 2521 3150 igitur
2547 3082 2814 3135 imitantes
2836 3082 3064 3132 esuriem
3093 3080 3339 3149 sitimque
3354 3081 3713 3149 corporalem,

2158 3154 2487 3221 spirituatem
2534 3165 2742 3219 quoque
2796 3150 3151 3211 obtiniieritis,
3195 3163 3463 3216 nunquam
3512 3165 3542 3203 a
3573 3152 3711 3205 bulla

2163 3220 2434 3277 voluntate
2466 3223 2738 3285 vacantis,
2769 3235 2834 3274 co
2860 3221 3081 3289 ligentes
3109 3221 3273 3273 instar
3298 3236 3455 3285 apum
3482 3220 3716 3288 undique

2156 3292 2380 3359 alicujus
2422 3293 2627 3347 virtutis
2656 3304 2709 3345 et
2739 3291 3010 3361 sapieii.ite
3062 3296 3160 3345 mel
3189 3308 3201 3341 τ
3233 3291 3373 3346 sicut
3409 3298 3465 3344 et
3510 3294 3579 3346 de
3610 3295 3713 3347 im-

2156 3379 2340 3420 menso
2368 3365 2497 3419 solis
2526 3362 2835 3432 splendore,
2864 3362 2933 3416 de
2976 3376 3081 3426 quo
3110 3362 3321 3415 interim
3351 3362 3707 3430 disputamut,

2155 3434 2347 3559 ἓξνξηειε
2379 3435 2673 3501 praesentia
2720 3434 3134 3487 itiiiiiensitatein
3187 3434 3538 3501 colligendam
3591 3447 3715 3489 esse

2214 3518 2407 3559 simus.

2214 3518 2407 3561 ιιηιυε.

2238 3575 2380 3643 Ergo
2434 3574 2853 3643 quotiescunque
2893 3572 3140 3626 eumdem
3193 3571 3325 3626 solis
3375 3570 3713 3638 splendorem

2158 3654 2263 3698 tam
2294 3647 2608 3697 immensum
2642 3646 3000 3709 inspexeritis,
3026 3657 3148 3694 inox
3181 3645 3583 3695 reminiscentes
3628 3644 3713 3695 di-

2158 3714 2294 3767 vinis
2325 3715 2621 3783 priesentite
2647 3722 2702 3767 et
2727 3714 2987 3783 scientiae,
3020 3721 3131 3765 toto
3178 3712 3372 3765 mentis
3400 3710 3595 3765 all'ectu
3640 3713 3718 3765 in-

2156 3795 2341 3837 vocate
2388 3782 2688 3843 Dominum,
2722 3792 2777 3835 ut
2806 3782 3018 3849 aliquod
3064 3784 3240 3835 lumen
3295 3783 3570 3850 sapientiai
3600 3798 3711 3834 80.1!

2155 3854 2405 3909 eordibus
2425 3853 2612 3905 vestris
2640 3851 2920 3905 infundere
2952 3850 3219 3921 dignetur.
3246 3851 3336 3907 llis
3368 3853 3528 3920 igitur
3554 3852 3711 3906 dictis

2154 3925 2222 3978 de
2247 3924 2378 3985 sole.
2412 3922 2502 3992 qui
2550 3924 2677 3977 licet
2721 3936 2857 3977 unus
2894 3921 2992 3976 llos
3034 3923 3292 3987 videatur,
3329 3921 3592 3975 variarum
3625 3931 3709 3975 ta-

2156 4010 2278 4049 men
2328 3995 2581 4049 virtutum
2638 3993 2794 4046 mella
2840 3995 2962 4046 inde
2986 3992 3286 4061 colligenda
3317 4006 3437 4046 esse
3478 3992 3586 4059 ,ἰδίη
3618 4008 3715 4046 aii-

2156 4065 2306 4118 distis
2342 4082 2353 4117 :
2401 4067 2578 4118 audite
2621 4064 2779 4115 etiam
2826 4063 3055 4132 qualiter
3097 4063 3311 4117 aliunde
3342 4066 3528 4117 eadem
3560 4066 3713 4119 melli

2156 4135 2417 4190 deﬂorare
2445 4136 2701 4189 debeatis.
2735 4132 2917 4200 Neque
2960 4134 3100 4188 enim
3132 4148 3358 4205 unquam
3404 4139 3596 4205 destitit
3628 4137 3716 4189 illa

2158 4215 2346 4275 prata,
2400 4205 2473 4259 illi
2521 4205 2700 4267 liores,
2750 4205 2890 4258 unde
2938 4204 3140 4270 possint
3193 4204 3370 4275 colligi
3414 4204 3716 4274 litijusmotli

2154 4274 2336 4340 mella,
2364 4277 2408 4329 si
2438 4275 2804 4329 tantummodo
2852 4277 2961 4327 sint
3004 4275 3092 4344 qui
3142 4274 3411 4343 cogligant.
3442 4277 3716 4329 Attenditu

2154 4361 2283 4416 ergo
2337 4362 2474 4401 nunc
2533 4346 2854 4416 generaliter
2902 4345 2953 4398 iit
3000 4347 3164 4416 tutius
3214 4345 3392 4398 ttiutidi
3440 4361 3712 4411 tiriiatuiti,

2154 4418 2421 4487 quomodo
2441 4420 2618 4487 omnia
2643 4415 2871 4487 invicem
2898 4415 3223 4487 conveniant
3249 4424 3303 4469 et
3333 4426 3714 4484 temperentur,

2158 4485 2325 4540 calida
2354 4486 2561 4542 scilicet
2588 4486 2812 4554 [rigidis,
2841 4485 3031 4554 frigida
3053 4486 3268 4548 calidis;
3303 4495 3541 4554 tempora
3571 4489 3716 4540 diur-

489 4562 645 4629 lides,
666 4566 734 4616 ab
758 4555 865 4615 alio
896 4561 1254 4631 patientia,ab
1282 4564 1387 4614 alio
1416 4562 1654 4630 largitas,
1681 4561 1749 4613 ab
1774 4564 1878 4614 alio
1893 4560 2053 4631 casii-
2088 4556 2135 4617 D
2162 4574 2228 4610 ua
2258 4560 2554 4631 nocturnis,
2585 4559 2765 4609 arativa
2797 4557 3129 4631 hiemalibus.
3166 4555 3370 4631 Dehine
3414 4559 3717 4631 specialiter

492 4640 598 4698 tas,
620 4636 687 4685 ab
723 4637 828 4685 alio
857 4630 1132 4695 discretio,
1159 4636 1224 4683 ab
1241 4634 1348 4685 alio
1375 4633 1837 4700 eleeinosynarum
1878 4630 2052 4684 studia

487 4715 889 4771 pauperutnque
912 4718 1059 4769 cura,
1079 4702 1148 4755 ab
1170 4702 1277 4755 alio
1301 4702 1402 4755 alia
1432 4708 1680 4771 quaelibet
1712 4704 1899 4755 virttis.
1924 4705 2055 4766 Quae

486 4771 611 4825 dum
641 4787 718 4827 sic
745 4777 981 4827 collecta:
1014 4776 1065 4827 in
1096 4787 1249 4826 unius
1280 4774 1511 4825 homins
1538 4782 1770 4825 mentem
1815 4776 2053 4835 veniunt,

485 4844 635 4911 quasi
664 4843 715 4895 in
745 4859 903 4897 unu.n
936 4844 1222 4896 alveariuin
1254 4857 1320 4895 ex
1358 4845 1516 4895 variis
1552 4842 1771 4896 ﬂoribus
1799 4852 2054 4911 excerpta

488 4917 646 4967 mella
677 4923 1056 4982 congeruntur.
1081 4916 1194 4967 Non
1226 4914 1396 4967 solum
1427 4924 1603 4966 autem
1630 4928 1699 4967 ex
1727 4913 2049 4977 hominibus,

487 4986 580 5037 sed
610 4984 772 5038 etiam
801 4998 867 5039 ex
908 4985 1227 5053 quibuslibet
1252 4989 1513 5038 creaturis
1541 4998 1672 5050 quas
1701 4985 1939 5051 quotidie
1970 4985 2052 5037 vel

487 5054 680 5109 videtis
728 5056 813 5110 vel
844 5062 1059 5118 auditis,
1087 5066 1140 5107 et
1188 5056 1254 5107 de
1303 5054 1463 5107 rebus
1500 5068 1634 5123 quas
1681 5054 1860 5122 aliquo
1893 5055 2054 5106 modo

484 5124 718 5189 sentitis,
744 5126 901 5179 mella
926 5127 1176 5178 virtutum
1198 5122 1445 5191 colligere
1469 5122 1695 5177 debetis.
1718 5123 1852 5177 Nam
1870 5125 2054 5188 Iidem,

485 5210 604 5263 qua:
631 5196 1032 5249 luiidaiiientum
1059 5203 1141 5248 est
1161 5196 1409 5247 virtutum
1441 5196 1697 5259 omnium,
1716 5196 1886 5262 primo
1913 5194 2058 5247 cuili-

485 5280 611 5334 gere
637 5274 691 5319 et
708 5280 905 5333 ponere
926 5266 1130 5318 debetis
1153 5266 1203 5316 in
1222 5264 1510 5317 aIVeariuin
1528 5264 1701 5318 cordis
1730 5264 1889 5317 vestri
1909 5280 1921 5315 ε
1940 5278 2057 5318 cre-

486 5341 675 5390 dentes
701 5338 906 5390 scilicei
928 5337 1090 5388 Deum
1122 5334 1543 5401 omnipotentem
1566 5338 1758 5402 ubique
1777 5347 1897 5388 esse
1928 5349 2057 5400 prir-

484 5421 716 5470 seniein,
746 5418 802 5460 et
828 5422 1063 5458 omnium
1089 5420 1207 5472 qua:
1246 5420 1277 5458 a
1320 5405 1473 5457 nobis
1503 5417 1758 5473 geruntur
1778 5410 1858 5457 vel
1895 5417 2054 5457 etiam

480 5492 779 5544 cogitantur
805 5476 1348 5545 iiispectoreiii.llanc
1371 5485 1547 5527 autem
1582 5479 1739 5527 tidem
1773 5476 1873 5527 hoc
1896 5480 2057 5528 modo

484 5556 737 5616 «tngere
765 5552 970 5603 debetis
1008 5564 1020 5599 :
1051 5552 1308 5599 attendite
1338 5545 1498 5613 igitur
1523 5546 1574 5597 iii
1602 5548 1793 5607 sulem,
1822 5546 1910 5613 qui
1934 5561 2057 5598 cum

483 5622 795 5675 universum
843 5620 1100 5671 mundum
1146 5618 1429 5683 splendoie
1480 5632 1577 5669 suo
1621 5620 1959 5669 Circuindans
1990 5617 2058 5668 il-

484 5692 696 5755 lusttet,
728 5702 903 5742 tamen
935 5687 1059 5756 quia
1100 5699 1346 5740 creatura
1372 5694 1477 5749 est,
1515 5696 1567 5737 et
1610 5689 1786 5739 omnis
1815 5700 2059 5739 creatura

482 5761 643 5816 nimis
690 5758 917 5817 interior
944 5768 1032 5811 cat
1080 5758 1355 5822 Creatorc,
1387 5760 1580 5811 exinde
1630 5756 1878 5810 instructi
1907 5757 2062 5811 facile

482 5830 710 5906 potestis
734 5835 958 5889 credere
983 5828 1155 5884 solem
1183 5830 1337 5899 iunge
1369 5828 1545 5883 minus
1589 5826 1873 5895 splendere
1900 5843 2058 5899 quam

2162 4631 2215 4682 iii
2262 4630 2466 4698 singula
2522 4625 2761 4696 quisque,
2822 4629 2873 4679 in
2920 4633 3172 4698 ornatum
3222 4625 3463 4679 vnlelicet
3500 4630 3621 4698 caeli
3665 4640 3721 4680 et

2161 4710 2313 4752 terra:
2345 4696 2506 4753 {caeli
2556 4699 2770 4768 quidem
2802 4696 3113 4768 per_soleiii,
3164 4696 3342 4748 lunam
3395 4707 3449 4750 et
3498 4697 3715 4761 stellas;

2158 4778 2314 4823 terra:
2341 4783 2467 4822 vero
2523 4766 2617 4835 per
2669 4768 2844 4820 varios
2902 4766 3058 4820 ﬂores
3110 4780 3371 4829 amtenos,
3426 4773 3481 4820 et
3526 4769 3719 4821 herbas

2156 4848 2315 4906 atque
2345 4841 2571 4893 arbores
2598 4847 2655 4893 et
2678 4838 2906 4898 fructus,
2937 4838 3076 4890 unde
3104 4835 3391 4889 humanum
3423 4851 3587 4905 genus
3618 4839 3715 4889 tili-

2158 4918 2333 4963 menta
2361 4912 2605 4979 suscipit,
2639 4906 3082 4979 pulchritudinem
3117 4920 3328 4979 quoque
3360 4907 3712 4979 pretiosorum

2159 4982 2391 5049 lapidum
2417 5018 2435 5044 ,
2482 4976 2653 5032 varias
2702 4976 2936 5046 picturas
2981 4988 3086 5031 tam
3114 4976 3199 5049 iit
3238 4977 3409 5044 pallia
3452 4992 3610 5045 quam
3662 4976 3715 5031 in

2157 5046 2366 5106 caeteris
2409 5048 2659 5118 pretiosis
2690 5050 2876 5115 pannis
2900 5046 3291 5101 delectabiliter
3340 5050 3597 5111 intextas,
3631 5062 3721 5101 vti-

2159 5120 2373 5191 riosque
2403 5121 2612 5175 colores
2661 5121 2853 5187 quibus
2897 5118 3287 5181 conﬁciuntur,
3341 5119 3547 5191 dulcem
3590 5133 3720 5191 can:

2159 5188 2376 5247 tileiiam
2407 5191 2730 5244 chordarum
2771 5198 2930 5258 atque
2958 5201 3315 5255 organorum;
3350 5188 3576 5241 nitorem
3606 5189 3722 5242 anri

2158 5273 2210 5318 et
2262 5263 2464 5330 argenti
2522 5260 2801 5328 exterique
2845 5262 3087 5330 metalli,
3141 5271 3382 5311 aintenos
3451 5258 3722 5330 discursus

2158 5327 2435 5401 aquarum,
2468 5332 2557 5401 qui
2590 5327 2878 5384 necessarii
2906 5338 3028 5380 sunt
3056 5340 3162 5401 tam
3191 5330 3256 5380 ad
3285 5341 3444 5381 naves
3467 5328 3717 5384 deleren-

2160 5398 2253 5456 das
2275 5416 2433 5471 quam
2475 5398 2542 5454 ad
2572 5404 2743 5453 inulas
2767 5398 3167 5466 prmparanilas;
3199 5404 3489 5471 myrrham,
3518 5413 3725 5455 aroma-

2163 5483 2271 5527 tuni
2295 5469 2664 5541 lragraiitiain,
2709 5480 2977 5537 postremo
3005 5479 3164 5522 etiam
3192 5475 3413 5541 decoros
3443 5469 3715 5524 hominum

2159 5540 2512 5614 quorumdam
2536 5543 2733 5614 vultus.
2776 5541 3015 5605 Cumque
3045 5544 3157 5592 haec
3188 5540 3376 5614 omnia
3430 5542 3566 5614 miro
3592 5555 3724 5611 quo~

2160 5609 2282 5668 dam
2328 5625 2383 5668 et
2427 5613 2679 5668 iiiell'abili
2724 5620 2915 5663 ornatu
2964 5609 3257 5677 composita
3313 5611 3550 5665 exterius
3602 5609 3725 5677 per-

2163 5687 2466 5753 spexeritis,
2494 5682 2954 5753 atteitditeuctiitm
2999 5690 3249 5749 quantuni
3294 5691 3541 5753 ornatum
3588 5681 3724 5733 inte-

2163 5748 2293 5819 rius,
2319 5755 2370 5808 id
2400 5763 2483 5809 est
2529 5750 2897 5821 spiritualiter,
2932 5748 3183 5821 Italicum,
3212 5760 3265 5805 et
3317 5748 3446 5821 quid
3487 5763 3583 5802 nos
3630 5764 3726 5821 per

2167 5819 2600 5896 signilit-aiioucm
2631 5821 2971 5876 admoneant.
3004 5820 3317 5890 Signiﬁcant
3365 5819 3505 5874 enim
3538 5820 3726 5889 pracci~
