  <div class='ocr_page' id='page_1' title='image "/cluster/home/n/w/nwhite01/storage/ocr_20150623/90/hvd.32044054758933/594.png"; bbox 0 0 4162 6212; ppageno 0'>
   <div class='ocr_carea' id='block_1_1' title="bbox 344 456 482 518">
    <p class='ocr_par' dir='ltr' id='par_1_1' title="bbox 344 456 482 518">
     <span class='ocr_line' id='line_1_1' title="bbox 344 456 482 518; baseline -0.022 0"><span class='ocrx_word' id='word_1_1' title='bbox 344 456 482 518; x_wconf 75' lang='lat'><strong>&quot;53</strong></span> 
     </span>
    </p>
   </div>
   <div class='ocr_carea' id='block_1_2' title="bbox 1329 443 2572 509">
    <p class='ocr_par' dir='ltr' id='par_1_2' title="bbox 1329 443 2572 509">
     <span class='ocr_line' id='line_1_2' title="bbox 1329 443 2572 509; baseline -0.007 -2"><span class='ocrx_word' id='word_1_2' title='bbox 1329 449 1839 509; x_wconf 75' lang='lat' dir='ltr'><strong>ELEMENTORUM</strong></span> <span class='ocrx_word' id='word_1_3' title='bbox 1881 444 2348 503; x_wconf 64' lang='lat' dir='ltr'><strong>PHILOSOPHUS</strong></span> <span class='ocrx_word' id='word_1_4' title='bbox 2388 443 2512 499; x_wconf 80' lang='lat' dir='ltr'><strong>LIB.</strong></span> <span class='ocrx_word' id='word_1_5' title='bbox 2557 443 2572 498; x_wconf 83' lang='grc' dir='ltr'><strong>Ι</strong></span> 
     </span>
    </p>
   </div>
   <div class='ocr_carea' id='block_1_3' title="bbox 3449 441 3584 508">
    <p class='ocr_par' dir='ltr' id='par_1_3' title="bbox 3449 441 3584 508">
     <span class='ocr_line' id='line_1_3' title="bbox 3449 441 3584 508; baseline 0.007 -10"><span class='ocrx_word' id='word_1_6' title='bbox 3449 441 3584 508; x_wconf 71' lang='grc'><strong>1134</strong></span> 
     </span>
    </p>
   </div>
   <div class='ocr_carea' id='block_1_4' title="bbox 345 555 3584 640">
    <p class='ocr_par' dir='ltr' id='par_1_4' title="bbox 345 555 3584 640">
     <span class='ocr_line' id='line_1_4' title="bbox 345 555 3584 640; baseline -0.004 -12"><span class='ocrx_word' id='word_1_7' title='bbox 345 575 399 630; x_wconf 88' lang='lat' dir='ltr'><strong>id</strong></span> <span class='ocrx_word' id='word_1_8' title='bbox 433 582 538 640; x_wconf 82' lang='lat' dir='ltr'><strong>est,</strong></span> <span class='ocrx_word' id='word_1_9' title='bbox 560 565 1162 640; x_wconf 10' lang='lat' dir='ltr'><strong>consimiles,iscilicet,</strong></span> <span class='ocrx_word' id='word_1_10' title='bbox 1191 565 1242 621; x_wconf 94' lang='lat' dir='ltr'><strong>in</strong></span> <span class='ocrx_word' id='word_1_11' title='bbox 1269 576 1448 640; x_wconf 79' lang='lat' dir='ltr'><strong>partes</strong></span> <span class='ocrx_word' id='word_1_12' title='bbox 1483 571 1657 640; x_wconf 79' lang='lat' dir='ltr'><strong>carnis</strong></span> <span class='ocrx_word' id='word_1_13' title='bbox 1685 571 1739 617; x_wconf 86' lang='lat' dir='ltr'><strong>et</strong></span> <span class='ocrx_word' id='word_1_14' title='bbox 1767 576 1910 626; x_wconf 73' lang='lat' dir='ltr'><strong>ossa,</strong></span> <span class='ocrx_word' id='word_1_15' title='bbox 1943 567 1983 619; x_wconf 77' lang='grc' dir='ltr'><strong>Α</strong></span> <span class='ocrx_word' id='word_1_16' title='bbox 2017 557 2192 639; x_wconf 78' lang='lat' dir='ltr'><strong>taliter</strong></span> <span class='ocrx_word' id='word_1_17' title='bbox 2229 557 2386 640; x_wconf 79' lang='lat' dir='ltr'><strong>inest.</strong></span> <span class='ocrx_word' id='word_1_18' title='bbox 2431 557 2569 640; x_wconf 55' lang='lat' dir='ltr'><strong>tium</strong></span> <span class='ocrx_word' id='word_1_19' title='bbox 2591 556 2750 640; x_wconf 55' lang='lat' dir='ltr'><strong>.ellim</strong></span> <span class='ocrx_word' id='word_1_20' title='bbox 2782 564 2923 637; x_wconf 68' lang='lat' dir='ltr'><strong>terra</strong></span> <span class='ocrx_word' id='word_1_21' title='bbox 2967 568 3158 640; x_wconf 81' lang='lat' dir='ltr'><strong>poroaa</strong></span> <span class='ocrx_word' id='word_1_22' title='bbox 3204 555 3390 640; x_wconf 44' lang='lat' dir='ltr'><strong>si.t,_et</strong></span> <span class='ocrx_word' id='word_1_23' title='bbox 3431 563 3584 630; x_wconf 83' lang='lat' dir='ltr'><strong>aquis</strong></span> 
     </span>
    </p>
   </div>
   <div class='ocr_carea' id='block_1_5' title="bbox 346 637 1910 701">
    <p class='ocr_par' dir='ltr' id='par_1_5' title="bbox 346 637 1910 701">
     <span class='ocr_line' id='line_1_5' title="bbox 346 637 1910 701; baseline -0.009 -2"><span class='ocrx_word' id='word_1_24' title='bbox 346 637 674 700; x_wconf 76' lang='lat' dir='ltr'><strong>homiomera</strong></span> <span class='ocrx_word' id='word_1_25' title='bbox 702 648 879 694; x_wconf 82' lang='lat' dir='ltr'><strong>autem</strong></span> <span class='ocrx_word' id='word_1_26' title='bbox 909 639 959 692; x_wconf 92' lang='lat' dir='ltr'><strong>in</strong></span> <span class='ocrx_word' id='word_1_27' title='bbox 1005 637 1276 701; x_wconf 85' lang='lat' dir='ltr'><strong>humores,</strong></span> <span class='ocrx_word' id='word_1_28' title='bbox 1312 637 1737 694; x_wconf 83' lang='lat' dir='ltr'><strong>melancholiam.</strong></span> <span class='ocrx_word' id='word_1_29' title='bbox 1778 644 1910 694; x_wconf 86' lang='lat' dir='ltr'><strong>etc.,</strong></span> 
     </span>
    </p>
   </div>
   <div class='ocr_carea' id='block_1_6' title="bbox 345 707 1917 772">
    <p class='ocr_par' dir='ltr' id='par_1_6' title="bbox 345 707 1917 772">
     <span class='ocr_line' id='line_1_6' title="bbox 345 707 1917 772; baseline -0.007 -5"><span class='ocrx_word' id='word_1_30' title='bbox 345 717 596 769; x_wconf 83' lang='lat' dir='ltr'><strong>humores</strong></span> <span class='ocrx_word' id='word_1_31' title='bbox 640 718 814 765; x_wconf 90' lang='lat' dir='ltr'><strong>autem</strong></span> <span class='ocrx_word' id='word_1_32' title='bbox 847 709 898 763; x_wconf 92' lang='lat' dir='ltr'><strong>in</strong></span> <span class='ocrx_word' id='word_1_33' title='bbox 950 708 1233 772; x_wconf 85' lang='lat' dir='ltr'><strong>eletnenta,</strong></span> <span class='ocrx_word' id='word_1_34' title='bbox 1291 707 1341 762; x_wconf 85' lang='lat' dir='ltr'><strong>id</strong></span> <span class='ocrx_word' id='word_1_35' title='bbox 1385 717 1487 772; x_wconf 84' lang='lat' dir='ltr'><strong>est,</strong></span> <span class='ocrx_word' id='word_1_36' title='bbox 1519 708 1569 759; x_wconf 92' lang='lat' dir='ltr'><strong>in</strong></span> <span class='ocrx_word' id='word_1_37' title='bbox 1595 707 1814 772; x_wconf 85' lang='lat' dir='ltr'><strong>simplas</strong></span> <span class='ocrx_word' id='word_1_38' title='bbox 1861 713 1917 757; x_wconf 89' lang='lat' dir='ltr'><strong>et</strong></span> 
     </span>
    </p>
   </div>
   <div class='ocr_carea' id='block_1_7' title="bbox 345 777 1914 848">
    <p class='ocr_par' dir='ltr' id='par_1_7' title="bbox 345 777 1914 848">
     <span class='ocr_line' id='line_1_7' title="bbox 345 777 1914 848; baseline -0.008 -9"><span class='ocrx_word' id='word_1_39' title='bbox 345 783 591 840; x_wconf 81' lang='lat' dir='ltr'><strong>minimas</strong></span> <span class='ocrx_word' id='word_1_40' title='bbox 621 779 924 848; x_wconf 74' lang='lat' dir='ltr'><strong>particulas.</strong></span> <span class='ocrx_word' id='word_1_41' title='bbox 965 777 1128 844; x_wconf 85' lang='lat' dir='ltr'><strong>Cujus</strong></span> <span class='ocrx_word' id='word_1_42' title='bbox 1156 777 1430 833; x_wconf 77' lang='lat' dir='ltr'><strong>divisionis</strong></span> <span class='ocrx_word' id='word_1_43' title='bbox 1453 793 1572 848; x_wconf 74' lang='lat' dir='ltr'><strong>pars</strong></span> <span class='ocrx_word' id='word_1_44' title='bbox 1598 786 1716 829; x_wconf 90' lang='lat' dir='ltr'><strong>actu</strong></span> <span class='ocrx_word' id='word_1_45' title='bbox 1734 817 1749 840; x_wconf 90' lang='lat'><strong>,</strong></span> <span class='ocrx_word' id='word_1_46' title='bbox 1793 787 1914 848; x_wconf 80' lang='lat' dir='ltr'><strong>pars</strong></span> 
     </span>
    </p>
   </div>
   <div class='ocr_carea' id='block_1_8' title="bbox 348 846 1914 917">
    <p class='ocr_par' dir='ltr' id='par_1_8' title="bbox 348 846 1914 917">
     <span class='ocr_line' id='line_1_8' title="bbox 348 846 1914 917; baseline -0.008 -9"><span class='ocrx_word' id='word_1_47' title='bbox 348 854 462 908; x_wconf 83' lang='lat' dir='ltr'><strong>sola</strong></span> <span class='ocrx_word' id='word_1_48' title='bbox 491 846 696 906; x_wconf 80' lang='lat' dir='ltr'><strong>ratione</strong></span> <span class='ocrx_word' id='word_1_49' title='bbox 719 858 776 904; x_wconf 83' lang='lat' dir='ltr'><strong>et</strong></span> <span class='ocrx_word' id='word_1_50' title='bbox 801 849 1120 917; x_wconf 71' lang='lat' dir='ltr'><strong>cogitatione</strong></span> <span class='ocrx_word' id='word_1_51' title='bbox 1153 848 1263 902; x_wconf 82' lang='lat' dir='ltr'><strong>lteri</strong></span> <span class='ocrx_word' id='word_1_52' title='bbox 1296 857 1488 913; x_wconf 84' lang='lat' dir='ltr'><strong>potest.</strong></span> <span class='ocrx_word' id='word_1_53' title='bbox 1528 846 1732 913; x_wconf 86' lang='lat' dir='ltr'><strong>Corpus</strong></span> <span class='ocrx_word' id='word_1_54' title='bbox 1772 846 1914 898; x_wconf 88' lang='lat' dir='ltr'><strong>enim</strong></span> 
     </span>
    </p>
   </div>
   <div class='ocr_carea' id='block_1_9' title="bbox 347 917 1912 981">
    <p class='ocr_par' dir='ltr' id='par_1_9' title="bbox 347 917 1912 981">
     <span class='ocr_line' id='line_1_9' title="bbox 347 917 1912 981; baseline -0.008 -3"><span class='ocrx_word' id='word_1_55' title='bbox 347 925 637 978; x_wconf 84' lang='lat' dir='ltr'><strong>humanum</strong></span> <span class='ocrx_word' id='word_1_56' title='bbox 667 920 718 973; x_wconf 89' lang='lat' dir='ltr'><strong>in</strong></span> <span class='ocrx_word' id='word_1_57' title='bbox 751 921 1011 981; x_wconf 84' lang='lat' dir='ltr'><strong>membra,</strong></span> <span class='ocrx_word' id='word_1_58' title='bbox 1045 921 1280 972; x_wconf 61' lang='lat' dir='ltr'><strong>membra</strong></span> <span class='ocrx_word' id='word_1_59' title='bbox 1306 919 1358 972; x_wconf 89' lang='lat' dir='ltr'><strong>in</strong></span> <span class='ocrx_word' id='word_1_60' title='bbox 1386 917 1741 977; x_wconf 90' lang='lat' dir='ltr'><strong>homiomera,</strong></span> <span class='ocrx_word' id='word_1_61' title='bbox 1792 924 1912 967; x_wconf 86' lang='lat' dir='ltr'><strong>actu</strong></span> 
     </span>
    </p>
   </div>
   <div class='ocr_carea' id='block_1_10' title="bbox 343 985 1916 1056">
    <p class='ocr_par' dir='ltr' id='par_1_10' title="bbox 343 985 1916 1056">
     <span class='ocr_line' id='line_1_10' title="bbox 343 985 1916 1056; baseline -0.008 -8"><span class='ocrx_word' id='word_1_62' title='bbox 343 991 587 1048; x_wconf 81' lang='lat' dir='ltr'><strong>dividere</strong></span> <span class='ocrx_word' id='word_1_63' title='bbox 616 997 807 1056; x_wconf 83' lang='lat' dir='ltr'><strong>potest,</strong></span> <span class='ocrx_word' id='word_1_64' title='bbox 838 989 931 1044; x_wconf 89' lang='lat' dir='ltr'><strong>sed</strong></span> <span class='ocrx_word' id='word_1_65' title='bbox 963 989 1287 1042; x_wconf 88' lang='lat' dir='ltr'><strong>homiomera</strong></span> <span class='ocrx_word' id='word_1_66' title='bbox 1319 991 1369 1042; x_wconf 90' lang='lat' dir='ltr'><strong>in</strong></span> <span class='ocrx_word' id='word_1_67' title='bbox 1405 989 1678 1048; x_wconf 83' lang='lat' dir='ltr'><strong>humores,</strong></span> <span class='ocrx_word' id='word_1_68' title='bbox 1729 985 1916 1039; x_wconf 88' lang='lat' dir='ltr'><strong>humo-</strong></span> 
     </span>
    </p>
   </div>
   <div class='ocr_carea' id='block_1_11' title="bbox 349 1056 1912 1125">
    <p class='ocr_par' dir='ltr' id='par_1_11' title="bbox 349 1056 1912 1125">
     <span class='ocr_line' id='line_1_11' title="bbox 349 1056 1912 1125; baseline -0.007 -7"><span class='ocrx_word' id='word_1_69' title='bbox 349 1078 438 1118; x_wconf 80' lang='lat' dir='ltr'><strong>res</strong></span> <span class='ocrx_word' id='word_1_70' title='bbox 491 1062 543 1117; x_wconf 87' lang='lat' dir='ltr'><strong>in</strong></span> <span class='ocrx_word' id='word_1_71' title='bbox 594 1059 856 1114; x_wconf 84' lang='lat' dir='ltr'><strong>elementa</strong></span> <span class='ocrx_word' id='word_1_72' title='bbox 908 1059 1051 1113; x_wconf 86' lang='lat' dir='ltr'><strong>solus</strong></span> <span class='ocrx_word' id='word_1_73' title='bbox 1097 1059 1394 1113; x_wconf 87' lang='lat' dir='ltr'><strong>intellectus</strong></span> <span class='ocrx_word' id='word_1_74' title='bbox 1444 1056 1680 1111; x_wconf 80' lang='lat' dir='ltr'><strong>dividere</strong></span> <span class='ocrx_word' id='word_1_75' title='bbox 1719 1064 1912 1125; x_wconf 88' lang='lat' dir='ltr'><strong>potest,</strong></span> 
     </span>
    </p>
   </div>
   <div class='ocr_carea' id='block_1_12' title="bbox 346 1125 1915 1202">
    <p class='ocr_par' dir='ltr' id='par_1_12' title="bbox 346 1125 1915 1202">
     <span class='ocr_line' id='line_1_12' title="bbox 346 1125 1915 1202; baseline -0.008 -14"><span class='ocrx_word' id='word_1_76' title='bbox 346 1135 493 1202; x_wconf 86' lang='lat' dir='ltr'><strong>quia.</strong></span> <span class='ocrx_word' id='word_1_77' title='bbox 526 1141 585 1202; x_wconf 82' lang='lat' dir='ltr'><strong>ut</strong></span> <span class='ocrx_word' id='word_1_78' title='bbox 608 1130 925 1202; x_wconf 1' lang='lat' dir='ltr'><strong>aithoetius</strong></span> <span class='ocrx_word' id='word_1_79' title='bbox 954 1131 1514 1202; x_wconf 24' lang='lat' dir='ltr'><strong>in‘commeutosuper</strong></span> <span class='ocrx_word' id='word_1_80' title='bbox 1541 1125 1915 1202; x_wconf 78' lang='lat' dir='ltr'><strong>Porphyrium,</strong></span> 
     </span>
    </p>
   </div>
   <div class='ocr_carea' id='block_1_13' title="bbox 348 1197 1918 1268">
    <p class='ocr_par' dir='ltr' id='par_1_13' title="bbox 348 1197 1918 1268">
     <span class='ocr_line' id='line_1_13' title="bbox 348 1197 1918 1268; baseline -0.003 -15"><span class='ocrx_word' id='word_1_81' title='bbox 348 1197 429 1256; x_wconf 71' lang='lat' dir='ltr'><strong>vis</strong></span> <span class='ocrx_word' id='word_1_82' title='bbox 457 1211 540 1257; x_wconf 85' lang='lat' dir='ltr'><strong>est</strong></span> <span class='ocrx_word' id='word_1_83' title='bbox 575 1200 878 1254; x_wconf 87' lang='lat' dir='ltr'><strong>intellectus</strong></span> <span class='ocrx_word' id='word_1_84' title='bbox 905 1197 1186 1268; x_wconf 81' lang='lat' dir='ltr'><strong>conjuncta</strong></span> <span class='ocrx_word' id='word_1_85' title='bbox 1215 1198 1471 1264; x_wconf 79' lang='lat' dir='ltr'><strong>dividere,</strong></span> <span class='ocrx_word' id='word_1_86' title='bbox 1500 1206 1556 1252; x_wconf 90' lang='lat' dir='ltr'><strong>et</strong></span> <span class='ocrx_word' id='word_1_87' title='bbox 1580 1197 1750 1250; x_wconf 84' lang='lat' dir='ltr'><strong>divisa</strong></span> <span class='ocrx_word' id='word_1_88' title='bbox 1790 1211 1918 1268; x_wconf 71' lang='lat' dir='ltr'><strong>cnu-</strong></span> 
     </span>
    </p>
   </div>
   <div class='ocr_carea' id='block_1_14' title="bbox 342 1265 1917 1344">
    <p class='ocr_par' dir='ltr' id='par_1_14' title="bbox 342 1265 1917 1344">
     <span class='ocr_line' id='line_1_14' title="bbox 342 1265 1917 1344; baseline -0.005 -18"><span class='ocrx_word' id='word_1_89' title='bbox 342 1272 596 1344; x_wconf 72' lang='lat' dir='ltr'><strong>jnngerc.</strong></span> <span class='ocrx_word' id='word_1_90' title='bbox 624 1270 739 1344; x_wconf 73' lang='lat' dir='ltr'><strong>Sed</strong></span> <span class='ocrx_word' id='word_1_91' title='bbox 774 1265 1191 1344; x_wconf 57' lang='lat' dir='ltr'><strong>quaeret-Aliquis</strong></span> <span class='ocrx_word' id='word_1_92' title='bbox 1217 1270 1301 1323; x_wconf 87' lang='lat' dir='ltr'><strong>ubi</strong></span> <span class='ocrx_word' id='word_1_93' title='bbox 1333 1277 1454 1344; x_wconf 86' lang='lat' dir='ltr'><strong>sunt</strong></span> <span class='ocrx_word' id='word_1_94' title='bbox 1481 1269 1764 1344; x_wconf 81' lang='lat' dir='ltr'><strong>elementa.</strong></span> <span class='ocrx_word' id='word_1_95' title='bbox 1811 1265 1917 1344; x_wconf 47' lang='lat' dir='ltr'><strong>[ﬂos</strong></span> 
     </span>
    </p>
   </div>
   <div class='ocr_carea' id='block_1_15' title="bbox 348 1336 1918 1408">
    <p class='ocr_par' dir='ltr' id='par_1_15' title="bbox 348 1336 1918 1408">
     <span class='ocr_line' id='line_1_15' title="bbox 348 1336 1918 1408; baseline -0.006 -11"><span class='ocrx_word' id='word_1_96' title='bbox 348 1336 580 1397; x_wconf 64' lang='lat' dir='ltr'><strong>dicimus</strong></span> <span class='ocrx_word' id='word_1_97' title='bbox 622 1341 675 1396; x_wconf 89' lang='lat' dir='ltr'><strong>in</strong></span> <span class='ocrx_word' id='word_1_98' title='bbox 720 1336 1110 1408; x_wconf 85' lang='lat' dir='ltr'><strong>compositione</strong></span> <span class='ocrx_word' id='word_1_99' title='bbox 1160 1341 1371 1394; x_wconf 86' lang='lat' dir='ltr'><strong>humani</strong></span> <span class='ocrx_word' id='word_1_100' title='bbox 1402 1338 1639 1406; x_wconf 85' lang='lat' dir='ltr'><strong>corporis</strong></span> <span class='ocrx_word' id='word_1_101' title='bbox 1679 1347 1733 1391; x_wconf 89' lang='lat' dir='ltr'><strong>et</strong></span> <span class='ocrx_word' id='word_1_102' title='bbox 1786 1336 1918 1389; x_wconf 87' lang='lat' dir='ltr'><strong>alio-</strong></span> 
     </span>
    </p>
   </div>
   <div class='ocr_carea' id='block_1_16' title="bbox 350 1408 1915 1478">
    <p class='ocr_par' dir='ltr' id='par_1_16' title="bbox 350 1408 1915 1478">
     <span class='ocr_line' id='line_1_16' title="bbox 350 1408 1915 1478; baseline -0.002 -15"><span class='ocrx_word' id='word_1_103' title='bbox 350 1429 487 1477; x_wconf 86' lang='lat' dir='ltr'><strong>rum,</strong></span> <span class='ocrx_word' id='word_1_104' title='bbox 517 1412 656 1465; x_wconf 81' lang='lat' dir='ltr'><strong>sicut</strong></span> <span class='ocrx_word' id='word_1_105' title='bbox 679 1411 852 1464; x_wconf 85' lang='lat' dir='ltr'><strong>littera</strong></span> <span class='ocrx_word' id='word_1_106' title='bbox 885 1410 936 1464; x_wconf 89' lang='lat' dir='ltr'><strong>in</strong></span> <span class='ocrx_word' id='word_1_107' title='bbox 965 1411 1349 1478; x_wconf 81' lang='lat' dir='ltr'><strong>compositione</strong></span> <span class='ocrx_word' id='word_1_108' title='bbox 1377 1409 1617 1478; x_wconf 61' lang='lat' dir='ltr'><strong>syllabas,</strong></span> <span class='ocrx_word' id='word_1_109' title='bbox 1660 1408 1778 1478; x_wconf 84' lang='lat' dir='ltr'><strong>etsi</strong></span> <span class='ocrx_word' id='word_1_110' title='bbox 1810 1422 1915 1460; x_wconf 92' lang='lat' dir='ltr'><strong>non</strong></span> 
     </span>
    </p>
   </div>
   <div class='ocr_carea' id='block_1_17' title="bbox 351 1477 1919 1548">
    <p class='ocr_par' dir='ltr' id='par_1_17' title="bbox 351 1477 1919 1548">
     <span class='ocr_line' id='line_1_17' title="bbox 351 1477 1919 1548; baseline -0.001 -16"><span class='ocrx_word' id='word_1_111' title='bbox 351 1498 443 1548; x_wconf 87' lang='lat' dir='ltr'><strong>per</strong></span> <span class='ocrx_word' id='word_1_112' title='bbox 472 1498 550 1535; x_wconf 88' lang='lat' dir='ltr'><strong>se.</strong></span> <span class='ocrx_word' id='word_1_113' title='bbox 585 1482 688 1536; x_wconf 88' lang='lat' dir='ltr'><strong>Sed</strong></span> <span class='ocrx_word' id='word_1_114' title='bbox 717 1480 929 1547; x_wconf 87' lang='lat' dir='ltr'><strong>quidam</strong></span> <span class='ocrx_word' id='word_1_115' title='bbox 959 1477 1297 1544; x_wconf 79' lang='lat' dir='ltr'><strong>suntqui,ut</strong></span> <span class='ocrx_word' id='word_1_116' title='bbox 1327 1477 1793 1548; x_wconf 80' lang='lat' dir='ltr'><strong>rustici.nesciunt</strong></span> <span class='ocrx_word' id='word_1_117' title='bbox 1821 1479 1919 1530; x_wconf 86' lang='lat' dir='ltr'><strong>ali-</strong></span> 
     </span>
    </p>
   </div>
   <div class='ocr_carea' id='block_1_18' title="bbox 349 1547 1915 1618">
    <p class='ocr_par' dir='ltr' id='par_1_18' title="bbox 349 1547 1915 1618">
     <span class='ocr_line' id='line_1_18' title="bbox 349 1547 1915 1618; baseline 0 -14"><span class='ocrx_word' id='word_1_118' title='bbox 349 1547 473 1618; x_wconf 82' lang='lat' dir='ltr'><strong>quid</strong></span> <span class='ocrx_word' id='word_1_119' title='bbox 496 1565 641 1614; x_wconf 88' lang='lat' dir='ltr'><strong>esse,</strong></span> <span class='ocrx_word' id='word_1_120' title='bbox 684 1549 786 1605; x_wconf 87' lang='lat' dir='ltr'><strong>nisi</strong></span> <span class='ocrx_word' id='word_1_121' title='bbox 825 1563 984 1603; x_wconf 87' lang='lat' dir='ltr'><strong>sensu</strong></span> <span class='ocrx_word' id='word_1_122' title='bbox 1029 1551 1155 1603; x_wconf 91' lang='lat' dir='ltr'><strong>illud</strong></span> <span class='ocrx_word' id='word_1_123' title='bbox 1196 1549 1398 1617; x_wconf 81' lang='lat' dir='ltr'><strong>possint</strong></span> <span class='ocrx_word' id='word_1_124' title='bbox 1436 1547 1915 1614; x_wconf 86' lang='lat' dir='ltr'><strong>comprehendere.</strong></span> 
     </span>
    </p>
   </div>
   <div class='ocr_carea' id='block_1_19' title="bbox 351 1618 1920 1689">
    <p class='ocr_par' dir='ltr' id='par_1_19' title="bbox 351 1618 1920 1689">
     <span class='ocr_line' id='line_1_19' title="bbox 351 1618 1920 1689; baseline -0.001 -16"><span class='ocrx_word' id='word_1_125' title='bbox 351 1637 474 1689; x_wconf 81' lang='lat' dir='ltr'><strong>quia</strong></span> <span class='ocrx_word' id='word_1_126' title='bbox 506 1621 700 1676; x_wconf 83' lang='lat' dir='ltr'><strong>animal</strong></span> <span class='ocrx_word' id='word_1_127' title='bbox 732 1635 836 1672; x_wconf 92' lang='lat' dir='ltr'><strong>non</strong></span> <span class='ocrx_word' id='word_1_128' title='bbox 870 1620 1092 1688; x_wconf 79' lang='lat' dir='ltr'><strong>percipit</strong></span> <span class='ocrx_word' id='word_1_129' title='bbox 1121 1635 1238 1689; x_wconf 68' lang='lat' dir='ltr'><strong>quae</strong></span> <span class='ocrx_word' id='word_1_130' title='bbox 1267 1629 1389 1672; x_wconf 90' lang='lat' dir='ltr'><strong>sunt</strong></span> <span class='ocrx_word' id='word_1_131' title='bbox 1416 1618 1653 1687; x_wconf 88' lang='lat' dir='ltr'><strong>spiritus.</strong></span> <span class='ocrx_word' id='word_1_132' title='bbox 1683 1632 1803 1671; x_wconf 90' lang='lat' dir='ltr'><strong>cum</strong></span> <span class='ocrx_word' id='word_1_133' title='bbox 1834 1632 1920 1689; x_wconf 76' lang='lat' dir='ltr'><strong>sa-</strong></span> 
     </span>
    </p>
   </div>
   <div class='ocr_carea' id='block_1_20' title="bbox 353 1687 1917 1760">
    <p class='ocr_par' dir='ltr' id='par_1_20' title="bbox 353 1687 1917 1760">
     <span class='ocr_line' id='line_1_20' title="bbox 353 1687 1917 1760; baseline -0.003 -15"><span class='ocrx_word' id='word_1_134' title='bbox 353 1687 516 1759; x_wconf 83' lang='lat' dir='ltr'><strong>pienti</strong></span> <span class='ocrx_word' id='word_1_135' title='bbox 550 1694 670 1760; x_wconf 84' lang='lat' dir='ltr'><strong>plus</strong></span> <span class='ocrx_word' id='word_1_136' title='bbox 701 1687 1031 1758; x_wconf 71' lang='lat' dir='ltr'><strong>inquirenda</strong></span> <span class='ocrx_word' id='word_1_137' title='bbox 1055 1687 1161 1744; x_wconf 88' lang='lat' dir='ltr'><strong>sint</strong></span> <span class='ocrx_word' id='word_1_138' title='bbox 1202 1689 1525 1744; x_wconf 86' lang='lat' dir='ltr'><strong>insensibilia</strong></span> <span class='ocrx_word' id='word_1_139' title='bbox 1555 1704 1711 1760; x_wconf 76' lang='lat' dir='ltr'><strong>quam</strong></span> <span class='ocrx_word' id='word_1_140' title='bbox 1741 1687 1917 1760; x_wconf 84' lang='lat' dir='ltr'><strong>sensi-</strong></span> 
     </span>
    </p>
   </div>
   <div class='ocr_carea' id='block_1_21' title="bbox 353 1759 1920 1828">
    <p class='ocr_par' dir='ltr' id='par_1_21' title="bbox 353 1759 1920 1828">
     <span class='ocr_line' id='line_1_21' title="bbox 353 1759 1920 1828; baseline -0.001 -14"><span class='ocrx_word' id='word_1_141' title='bbox 353 1761 504 1816; x_wconf 87' lang='lat' dir='ltr'><strong>bilia.</strong></span> <span class='ocrx_word' id='word_1_142' title='bbox 551 1759 685 1816; x_wconf 83' lang='lat' dir='ltr'><strong>Cum</strong></span> <span class='ocrx_word' id='word_1_143' title='bbox 725 1775 850 1828; x_wconf 75' lang='lat' dir='ltr'><strong>ergo</strong></span> <span class='ocrx_word' id='word_1_144' title='bbox 892 1761 1097 1826; x_wconf 76' lang='lat' dir='ltr'><strong>simpla:</strong></span> <span class='ocrx_word' id='word_1_145' title='bbox 1136 1769 1190 1814; x_wconf 89' lang='lat' dir='ltr'><strong>et</strong></span> <span class='ocrx_word' id='word_1_146' title='bbox 1238 1761 1470 1814; x_wconf 70' lang='lat' dir='ltr'><strong>minimae</strong></span> <span class='ocrx_word' id='word_1_147' title='bbox 1506 1759 1774 1826; x_wconf 73' lang='lat' dir='ltr'><strong>particulae</strong></span> <span class='ocrx_word' id='word_1_148' title='bbox 1813 1759 1920 1812; x_wconf 83' lang='lat' dir='ltr'><strong>sint</strong></span> 
     </span>
    </p>
   </div>
   <div class='ocr_carea' id='block_1_22' title="bbox 350 1830 1914 1900">
    <p class='ocr_par' dir='ltr' id='par_1_22' title="bbox 350 1830 1914 1900">
     <span class='ocr_line' id='line_1_22' title="bbox 350 1830 1914 1900; baseline -0.002 -16"><span class='ocrx_word' id='word_1_149' title='bbox 350 1833 637 1895; x_wconf 78' lang='lat' dir='ltr'><strong>elementa,</strong></span> <span class='ocrx_word' id='word_1_150' title='bbox 667 1845 782 1900; x_wconf 63' lang='lat' dir='ltr'><strong>qua</strong></span> <span class='ocrx_word' id='word_1_151' title='bbox 809 1840 931 1886; x_wconf 89' lang='lat' dir='ltr'><strong>sunt</strong></span> <span class='ocrx_word' id='word_1_152' title='bbox 956 1830 1158 1898; x_wconf 69' lang='lat' dir='ltr'><strong>frigidae</strong></span> <span class='ocrx_word' id='word_1_153' title='bbox 1182 1843 1231 1885; x_wconf 89' lang='lat' dir='ltr'><strong>et</strong></span> <span class='ocrx_word' id='word_1_154' title='bbox 1264 1831 1441 1895; x_wconf 59' lang='lat' dir='ltr'><strong>siccas,</strong></span> <span class='ocrx_word' id='word_1_155' title='bbox 1471 1830 1719 1883; x_wconf 81' lang='lat' dir='ltr'><strong>dicuntur</strong></span> <span class='ocrx_word' id='word_1_156' title='bbox 1746 1837 1914 1900; x_wconf 82' lang='lat' dir='ltr'><strong>terra;</strong></span> 
     </span>
    </p>
   </div>
   <div class='ocr_carea' id='block_1_23' title="bbox 2016 625 3583 697">
    <p class='ocr_par' dir='ltr' id='par_1_23' title="bbox 2016 625 3583 697">
     <span class='ocr_line' id='line_1_23' title="bbox 2016 625 3583 697; baseline 0.003 -15"><span class='ocrx_word' id='word_1_157' title='bbox 2016 630 2362 694; x_wconf 87' lang='lat' dir='ltr'><strong>circumdata,</strong></span> <span class='ocrx_word' id='word_1_158' title='bbox 2411 625 2609 696; x_wconf 91' lang='lat' dir='ltr'><strong>aliquid</strong></span> <span class='ocrx_word' id='word_1_159' title='bbox 2663 625 3098 697; x_wconf 15' lang='lat' dir='ltr'><strong>bumorisiaquae</strong></span> <span class='ocrx_word' id='word_1_160' title='bbox 3144 625 3496 697; x_wconf 43' lang='lat' dir='ltr'><strong>subintrantf</strong></span> <span class='ocrx_word' id='word_1_161' title='bbox 3524 646 3583 687; x_wconf 90' lang='lat' dir='ltr'><strong>et</strong></span> 
     </span>
    </p>
   </div>
   <div class='ocr_carea' id='block_1_24' title="bbox 2016 696 3578 769">
    <p class='ocr_par' dir='ltr' id='par_1_24' title="bbox 2016 696 3578 769">
     <span class='ocr_line' id='line_1_24' title="bbox 2016 696 3578 769; baseline 0.004 -17"><span class='ocrx_word' id='word_1_162' title='bbox 2016 699 2214 768; x_wconf 86' lang='lat' dir='ltr'><strong>aliquid</strong></span> <span class='ocrx_word' id='word_1_163' title='bbox 2239 700 2400 755; x_wconf 88' lang='lat' dir='ltr'><strong>aeris.</strong></span> <span class='ocrx_word' id='word_1_164' title='bbox 2421 699 2555 754; x_wconf 81' lang='lat' dir='ltr'><strong>Cum</strong></span> <span class='ocrx_word' id='word_1_165' title='bbox 2585 712 2714 768; x_wconf 73' lang='lat' dir='ltr'><strong>ergo</strong></span> <span class='ocrx_word' id='word_1_166' title='bbox 2742 697 2804 769; x_wconf 78' lang='lat' dir='ltr'><strong>In</strong></span> <span class='ocrx_word' id='word_1_167' title='bbox 2827 696 3001 751; x_wconf 88' lang='lat' dir='ltr'><strong>medio</strong></span> <span class='ocrx_word' id='word_1_168' title='bbox 3033 696 3215 751; x_wconf 90' lang='lat' dir='ltr'><strong>mundi</strong></span> <span class='ocrx_word' id='word_1_169' title='bbox 3235 696 3333 769; x_wconf 74' lang='lat' dir='ltr'><strong>sit,</strong></span> <span class='ocrx_word' id='word_1_170' title='bbox 3360 710 3416 754; x_wconf 84' lang='lat' dir='ltr'><strong>et</strong></span> <span class='ocrx_word' id='word_1_171' title='bbox 3441 703 3578 769; x_wconf 73' lang='lat' dir='ltr'><strong>ignis</strong></span> 
     </span>
    </p>
   </div>
   <div class='ocr_carea' id='block_1_25' title="bbox 2015 766 3579 839">
    <p class='ocr_par' dir='ltr' id='par_1_25' title="bbox 2015 766 3579 839">
     <span class='ocr_line' id='line_1_25' title="bbox 2015 766 3579 839; baseline 0.004 -17"><span class='ocrx_word' id='word_1_172' title='bbox 2015 769 2083 822; x_wconf 82' lang='lat' dir='ltr'><strong>ali</strong></span> <span class='ocrx_word' id='word_1_173' title='bbox 2105 766 2250 824; x_wconf 85' lang='lat' dir='ltr'><strong>omni</strong></span> <span class='ocrx_word' id='word_1_174' title='bbox 2291 781 2439 839; x_wconf 89' lang='lat' dir='ltr'><strong>parte</strong></span> <span class='ocrx_word' id='word_1_175' title='bbox 2460 766 2735 839; x_wconf 67' lang='lat' dir='ltr'><strong>aequaliter</strong></span> <span class='ocrx_word' id='word_1_176' title='bbox 2756 767 3125 839; x_wconf 80' lang='lat' dir='ltr'><strong>distet_terr:e,</strong></span> <span class='ocrx_word' id='word_1_177' title='bbox 3158 766 3286 837; x_wconf 87' lang='lat' dir='ltr'><strong>quid</strong></span> <span class='ocrx_word' id='word_1_178' title='bbox 3309 766 3503 827; x_wconf 80' lang='lat' dir='ltr'><strong>mirum</strong></span> <span class='ocrx_word' id='word_1_179' title='bbox 3531 777 3579 829; x_wconf 89' lang='lat' dir='ltr'><strong>si</strong></span> 
     </span>
    </p>
   </div>
   <div class='ocr_carea' id='block_1_26' title="bbox 2014 835 3585 908">
    <p class='ocr_par' dir='ltr' id='par_1_26' title="bbox 2014 835 3585 908">
     <span class='ocr_line' id='line_1_26' title="bbox 2014 835 3585 908; baseline -0.001 -16"><span class='ocrx_word' id='word_1_180' title='bbox 2014 839 2212 908; x_wconf 89' lang='lat' dir='ltr'><strong>aliquid</strong></span> <span class='ocrx_word' id='word_1_181' title='bbox 2253 835 2449 895; x_wconf 77' lang='lat' dir='ltr'><strong>caloris</strong></span> <span class='ocrx_word' id='word_1_182' title='bbox 2475 835 2600 894; x_wconf 80' lang='lat' dir='ltr'><strong>inde</strong></span> <span class='ocrx_word' id='word_1_183' title='bbox 2627 837 2889 905; x_wconf 72' lang='lat' dir='ltr'><strong>recipiat?</strong></span> <span class='ocrx_word' id='word_1_184' title='bbox 2913 835 3101 891; x_wconf 82' lang='lat' dir='ltr'><strong>Insunt</strong></span> <span class='ocrx_word' id='word_1_185' title='bbox 3131 835 3227 891; x_wconf 79' lang='lat' dir='ltr'><strong>ista</strong></span> <span class='ocrx_word' id='word_1_186' title='bbox 3260 845 3416 895; x_wconf 68' lang='lat' dir='ltr'><strong>terra:</strong></span> <span class='ocrx_word' id='word_1_187' title='bbox 3434 846 3585 900; x_wconf 83' lang='lat' dir='ltr'><strong>acci-</strong></span> 
     </span>
    </p>
   </div>
   <div class='ocr_carea' id='block_1_27' title="bbox 2016 909 3580 975">
    <p class='ocr_par' dir='ltr' id='par_1_27' title="bbox 2016 909 3580 975">
     <span class='ocr_line' id='line_1_27' title="bbox 2016 909 3580 975; baseline 0.002 -12"><span class='ocrx_word' id='word_1_188' title='bbox 2016 909 2321 974; x_wconf 88' lang='lat' dir='ltr'><strong>dentaliler;</strong></span> <span class='ocrx_word' id='word_1_189' title='bbox 2353 925 2460 965; x_wconf 91' lang='lat' dir='ltr'><strong>non</strong></span> <span class='ocrx_word' id='word_1_190' title='bbox 2502 909 2830 975; x_wconf 81' lang='lat' dir='ltr'><strong>naturaliter,</strong></span> <span class='ocrx_word' id='word_1_191' title='bbox 2876 923 2972 962; x_wconf 72' lang='lat' dir='ltr'><strong>nec</strong></span> <span class='ocrx_word' id='word_1_192' title='bbox 2992 923 3056 962; x_wconf 82' lang='lat' dir='ltr'><strong>ex</strong></span> <span class='ocrx_word' id='word_1_193' title='bbox 3089 909 3204 962; x_wconf 84' lang='lat' dir='ltr'><strong>istis</strong></span> <span class='ocrx_word' id='word_1_194' title='bbox 3234 922 3463 966; x_wconf 79' lang='lat' dir='ltr'><strong>constat.</strong></span> <span class='ocrx_word' id='word_1_195' title='bbox 3493 919 3580 970; x_wconf 65' lang='lat' dir='ltr'><strong>Si-</strong></span> 
     </span>
    </p>
   </div>
   <div class='ocr_carea' id='block_1_28' title="bbox 2017 977 3581 1048">
    <p class='ocr_par' dir='ltr' id='par_1_28' title="bbox 2017 977 3581 1048">
     <span class='ocr_line' id='line_1_28' title="bbox 2017 977 3581 1048; baseline 0.004 -14"><span class='ocrx_word' id='word_1_196' title='bbox 2017 980 2210 1034; x_wconf 83' lang='lat' dir='ltr'><strong>militer</strong></span> <span class='ocrx_word' id='word_1_197' title='bbox 2234 981 2301 1035; x_wconf 87' lang='lat' dir='ltr'><strong>de</strong></span> <span class='ocrx_word' id='word_1_198' title='bbox 2322 980 2442 1035; x_wconf 90' lang='lat' dir='ltr'><strong>aliis</strong></span> <span class='ocrx_word' id='word_1_199' title='bbox 2473 980 2595 1034; x_wconf 90' lang='lat' dir='ltr'><strong>licet</strong></span> <span class='ocrx_word' id='word_1_200' title='bbox 2615 979 2842 1048; x_wconf 90' lang='lat' dir='ltr'><strong>probare</strong></span> <span class='ocrx_word' id='word_1_201' title='bbox 2865 995 2878 1042; x_wconf 89' lang='lat'><strong>;</strong></span> <span class='ocrx_word' id='word_1_202' title='bbox 2903 978 2997 1033; x_wconf 87' lang='lat' dir='ltr'><strong>sed</strong></span> <span class='ocrx_word' id='word_1_203' title='bbox 3029 978 3151 1046; x_wconf 82' lang='lat' dir='ltr'><strong>quia</strong></span> <span class='ocrx_word' id='word_1_204' title='bbox 3183 977 3497 1040; x_wconf 90' lang='lat' dir='ltr'><strong>brevitatem</strong></span> <span class='ocrx_word' id='word_1_205' title='bbox 3530 990 3581 1040; x_wconf 88' lang='lat' dir='ltr'><strong>in</strong></span> 
     </span>
    </p>
   </div>
   <div class='ocr_carea' id='block_1_29' title="bbox 2018 1048 3586 1120">
    <p class='ocr_par' dir='ltr' id='par_1_29' title="bbox 2018 1048 3586 1120">
     <span class='ocr_line' id='line_1_29' title="bbox 2018 1048 3586 1120; baseline 0.005 -17"><span class='ocrx_word' id='word_1_206' title='bbox 2018 1053 2120 1104; x_wconf 90' lang='lat' dir='ltr'><strong>hoc</strong></span> <span class='ocrx_word' id='word_1_207' title='bbox 2148 1065 2330 1120; x_wconf 88' lang='lat' dir='ltr'><strong>opere</strong></span> <span class='ocrx_word' id='word_1_208' title='bbox 2375 1059 2683 1115; x_wconf 82' lang='lat' dir='ltr'><strong>sectamur,</strong></span> <span class='ocrx_word' id='word_1_209' title='bbox 2729 1050 2852 1120; x_wconf 85' lang='lat' dir='ltr'><strong>quid</strong></span> <span class='ocrx_word' id='word_1_210' title='bbox 2901 1049 2953 1102; x_wconf 93' lang='lat' dir='ltr'><strong>in</strong></span> <span class='ocrx_word' id='word_1_211' title='bbox 2984 1048 3103 1102; x_wconf 87' lang='lat' dir='ltr'><strong>aliis</strong></span> <span class='ocrx_word' id='word_1_212' title='bbox 3143 1050 3209 1102; x_wconf 91' lang='lat' dir='ltr'><strong>de</strong></span> <span class='ocrx_word' id='word_1_213' title='bbox 3237 1051 3356 1105; x_wconf 58' lang='lat' dir='ltr'><strong>allis</strong></span> <span class='ocrx_word' id='word_1_214' title='bbox 3393 1055 3483 1120; x_wconf 86' lang='lat' dir='ltr'><strong>sit,</strong></span> <span class='ocrx_word' id='word_1_215' title='bbox 3531 1068 3586 1111; x_wconf 90' lang='lat' dir='ltr'><strong>et</strong></span> 
     </span>
    </p>
   </div>
   <div class='ocr_carea' id='block_1_30' title="bbox 2014 1117 3586 1192">
    <p class='ocr_par' dir='ltr' id='par_1_30' title="bbox 2014 1117 3586 1192">
     <span class='ocr_line' id='line_1_30' title="bbox 2014 1117 3586 1192; baseline 0.001 -19"><span class='ocrx_word' id='word_1_216' title='bbox 2014 1117 2244 1192; x_wconf 79' lang='lat' dir='ltr'><strong>qualiter</strong></span> <span class='ocrx_word' id='word_1_217' title='bbox 2294 1122 2345 1176; x_wconf 91' lang='lat' dir='ltr'><strong>in</strong></span> <span class='ocrx_word' id='word_1_218' title='bbox 2384 1122 2462 1176; x_wconf 85' lang='lat' dir='ltr'><strong>eis</strong></span> <span class='ocrx_word' id='word_1_219' title='bbox 2491 1117 3000 1192; x_wconf 10' lang='lat' dir='ltr'><strong>accidat,iingeniis</strong></span> <span class='ocrx_word' id='word_1_220' title='bbox 3041 1120 3264 1174; x_wconf 87' lang='lat' dir='ltr'><strong>aliorum</strong></span> <span class='ocrx_word' id='word_1_221' title='bbox 3319 1117 3586 1192; x_wconf 70' lang='lat' dir='ltr'><strong>inquii-ero</strong></span> 
     </span>
    </p>
   </div>
   <div class='ocr_carea' id='block_1_31' title="bbox 2014 1189 3588 1264">
    <p class='ocr_par' dir='ltr' id='par_1_31' title="bbox 2014 1189 3588 1264">
     <span class='ocr_line' id='line_1_31' title="bbox 2014 1189 3588 1264; baseline -0.003 -18"><span class='ocrx_word' id='word_1_222' title='bbox 2014 1189 2365 1264; x_wconf 73' lang='lat' dir='ltr'><strong>dimittamus.</strong></span> <span class='ocrx_word' id='word_1_223' title='bbox 2400 1192 2610 1247; x_wconf 88' lang='lat' dir='ltr'><strong>Etenim</strong></span> <span class='ocrx_word' id='word_1_224' title='bbox 2660 1191 2976 1264; x_wconf 80' lang='lat' dir='ltr'><strong>principium</strong></span> <span class='ocrx_word' id='word_1_225' title='bbox 3016 1204 3048 1244; x_wconf 86' lang='lat' dir='ltr'><strong>a</strong></span> <span class='ocrx_word' id='word_1_226' title='bbox 3077 1193 3357 1264; x_wconf 75' lang='lat' dir='ltr'><strong>magistro,</strong></span> <span class='ocrx_word' id='word_1_227' title='bbox 3394 1189 3588 1264; x_wconf 59' lang='lat' dir='ltr'><strong>parte.</strong></span> 
     </span>
    </p>
   </div>
   <div class='ocr_carea' id='block_1_32' title="bbox 2015 1259 3584 1330">
    <p class='ocr_par' dir='ltr' id='par_1_32' title="bbox 2015 1259 3584 1330">
     <span class='ocr_line' id='line_1_32' title="bbox 2015 1259 3584 1330; baseline 0.005 -15"><span class='ocrx_word' id='word_1_228' title='bbox 2015 1263 2126 1316; x_wconf 86' lang='lat' dir='ltr'><strong>ctio</strong></span> <span class='ocrx_word' id='word_1_229' title='bbox 2151 1271 2326 1316; x_wconf 87' lang='lat' dir='ltr'><strong>autem</strong></span> <span class='ocrx_word' id='word_1_230' title='bbox 2355 1264 2514 1316; x_wconf 87' lang='lat' dir='ltr'><strong>debet</strong></span> <span class='ocrx_word' id='word_1_231' title='bbox 2539 1276 2660 1316; x_wconf 86' lang='lat' dir='ltr'><strong>esse</strong></span> <span class='ocrx_word' id='word_1_232' title='bbox 2685 1261 2753 1315; x_wconf 91' lang='lat' dir='ltr'><strong>ab</strong></span> <span class='ocrx_word' id='word_1_233' title='bbox 2779 1259 2991 1330; x_wconf 78' lang='lat' dir='ltr'><strong>ingenio</strong></span> <span class='ocrx_word' id='word_1_234' title='bbox 3017 1271 3072 1316; x_wconf 89' lang='lat' dir='ltr'><strong>et</strong></span> <span class='ocrx_word' id='word_1_235' title='bbox 3098 1262 3296 1317; x_wconf 74' lang='lat' dir='ltr'><strong>etudio.</strong></span> <span class='ocrx_word' id='word_1_236' title='bbox 3324 1259 3584 1329; x_wconf 77' lang='lat' dir='ltr'><strong>Quoniam</strong></span> 
     </span>
    </p>
   </div>
   <div class='ocr_carea' id='block_1_33' title="bbox 2015 1330 3588 1404">
    <p class='ocr_par' dir='ltr' id='par_1_33' title="bbox 2015 1330 3588 1404">
     <span class='ocr_line' id='line_1_33' title="bbox 2015 1330 3588 1404; baseline 0.006 -19"><span class='ocrx_word' id='word_1_237' title='bbox 2015 1330 2208 1387; x_wconf 88' lang='lat' dir='ltr'><strong>iterum</strong></span> <span class='ocrx_word' id='word_1_238' title='bbox 2241 1333 2513 1387; x_wconf 87' lang='lat' dir='ltr'><strong>Platonem</strong></span> <span class='ocrx_word' id='word_1_239' title='bbox 2541 1331 2725 1386; x_wconf 90' lang='lat' dir='ltr'><strong>dicunt</strong></span> <span class='ocrx_word' id='word_1_240' title='bbox 2750 1330 3006 1400; x_wconf 63' lang='lat' dir='ltr'><strong>quaesisse</strong></span> <span class='ocrx_word' id='word_1_241' title='bbox 3032 1347 3199 1397; x_wconf 90' lang='lat' dir='ltr'><strong>quare</strong></span> <span class='ocrx_word' id='word_1_242' title='bbox 3240 1336 3413 1404; x_wconf 78' lang='lat' dir='ltr'><strong>magis</strong></span> <span class='ocrx_word' id='word_1_243' title='bbox 3441 1340 3588 1394; x_wconf 73' lang='lat' dir='ltr'><strong>dica~</strong></span> 
     </span>
    </p>
   </div>
   <div class='ocr_carea' id='block_1_34' title="bbox 2016 1406 3588 1473">
    <p class='ocr_par' dir='ltr' id='par_1_34' title="bbox 2016 1406 3588 1473">
     <span class='ocr_line' id='line_1_34' title="bbox 2016 1406 3588 1473; baseline 0.007 -19"><span class='ocrx_word' id='word_1_244' title='bbox 2016 1412 2105 1473; x_wconf 88' lang='lat' dir='ltr'><strong>tur</strong></span> <span class='ocrx_word' id='word_1_245' title='bbox 2133 1417 2267 1470; x_wconf 88' lang='lat' dir='ltr'><strong>aqua</strong></span> <span class='ocrx_word' id='word_1_246' title='bbox 2295 1418 2452 1473; x_wconf 83' lang='lat' dir='ltr'><strong>quain</strong></span> <span class='ocrx_word' id='word_1_247' title='bbox 2482 1413 2645 1467; x_wconf 89' lang='lat' dir='ltr'><strong>terra,</strong></span> <span class='ocrx_word' id='word_1_248' title='bbox 2699 1406 2782 1458; x_wconf 85' lang='lat' dir='ltr'><strong>vel</strong></span> <span class='ocrx_word' id='word_1_249' title='bbox 2809 1415 3150 1473; x_wconf 85' lang='lat' dir='ltr'><strong>econverso,</strong></span> <span class='ocrx_word' id='word_1_250' title='bbox 3198 1418 3320 1458; x_wconf 89' lang='lat' dir='ltr'><strong>cum</strong></span> <span class='ocrx_word' id='word_1_251' title='bbox 3366 1408 3446 1462; x_wconf 85' lang='lat' dir='ltr'><strong>sic</strong></span> <span class='ocrx_word' id='word_1_252' title='bbox 3474 1410 3588 1465; x_wconf 79' lang='lat' dir='ltr'><strong>dis-</strong></span> 
     </span>
    </p>
   </div>
   <div class='ocr_carea' id='block_1_35' title="bbox 2016 1472 3590 1541">
    <p class='ocr_par' dir='ltr' id='par_1_35' title="bbox 2016 1472 3590 1541">
     <span class='ocr_line' id='line_1_35' title="bbox 2016 1472 3590 1541; baseline 0.006 -15"><span class='ocrx_word' id='word_1_253' title='bbox 2016 1472 2274 1538; x_wconf 81' lang='lat' dir='ltr'><strong>solvatur,</strong></span> <span class='ocrx_word' id='word_1_254' title='bbox 2317 1472 2396 1528; x_wconf 90' lang='lat' dir='ltr'><strong>sic</strong></span> <span class='ocrx_word' id='word_1_255' title='bbox 2436 1472 2782 1539; x_wconf 79' lang='lat' dir='ltr'><strong>intelligimus</strong></span> <span class='ocrx_word' id='word_1_256' title='bbox 2830 1472 2976 1541; x_wconf 89' lang='lat' dir='ltr'><strong>illum</strong></span> <span class='ocrx_word' id='word_1_257' title='bbox 3026 1473 3169 1541; x_wconf 92' lang='lat' dir='ltr'><strong>loqui</strong></span> <span class='ocrx_word' id='word_1_258' title='bbox 3213 1491 3318 1529; x_wconf 91' lang='lat' dir='ltr'><strong>non</strong></span> <span class='ocrx_word' id='word_1_259' title='bbox 3371 1477 3439 1532; x_wconf 92' lang='lat' dir='ltr'><strong>de</strong></span> <span class='ocrx_word' id='word_1_260' title='bbox 3477 1481 3590 1536; x_wconf 86' lang='lat' dir='ltr'><strong>ele-</strong></span> 
     </span>
    </p>
   </div>
   <div class='ocr_carea' id='block_1_36' title="bbox 2017 1540 3590 1614">
    <p class='ocr_par' dir='ltr' id='par_1_36' title="bbox 2017 1540 3590 1614">
     <span class='ocr_line' id='line_1_36' title="bbox 2017 1540 3590 1614; baseline 0.008 -20"><span class='ocrx_word' id='word_1_261' title='bbox 2017 1541 2232 1614; x_wconf 78' lang='lat' dir='ltr'><strong>mentis,</strong></span> <span class='ocrx_word' id='word_1_262' title='bbox 2262 1560 2395 1614; x_wconf 80' lang='lat' dir='ltr'><strong>quae</strong></span> <span class='ocrx_word' id='word_1_263' title='bbox 2415 1548 2496 1598; x_wconf 85' lang='lat' dir='ltr'><strong>sic</strong></span> <span class='ocrx_word' id='word_1_264' title='bbox 2519 1543 2905 1614; x_wconf 80' lang='lat' dir='ltr'><strong>dissolvuntur.</strong></span> <span class='ocrx_word' id='word_1_265' title='bbox 2933 1540 3214 1614; x_wconf 81' lang='lat' dir='ltr'><strong>Nunquam</strong></span> <span class='ocrx_word' id='word_1_266' title='bbox 3244 1547 3386 1600; x_wconf 90' lang='lat' dir='ltr'><strong>enim</strong></span> <span class='ocrx_word' id='word_1_267' title='bbox 3420 1558 3590 1606; x_wconf 92' lang='lat' dir='ltr'><strong>totum</strong></span> 
     </span>
    </p>
   </div>
   <div class='ocr_carea' id='block_1_37' title="bbox 2016 1611 3590 1684">
    <p class='ocr_par' dir='ltr' id='par_1_37' title="bbox 2016 1611 3590 1684">
     <span class='ocr_line' id='line_1_37' title="bbox 2016 1611 3590 1684; baseline 0.006 -19"><span class='ocrx_word' id='word_1_268' title='bbox 2016 1611 2324 1684; x_wconf 80' lang='lat' dir='ltr'><strong>dissolvitur</strong></span> <span class='ocrx_word' id='word_1_269' title='bbox 2353 1613 2697 1669; x_wconf 85' lang='lat' dir='ltr'><strong>elementum.</strong></span> <span class='ocrx_word' id='word_1_270' title='bbox 2732 1613 2869 1684; x_wconf 80' lang='lat' dir='ltr'><strong>Dicit</strong></span> <span class='ocrx_word' id='word_1_271' title='bbox 2909 1613 3052 1667; x_wconf 88' lang='lat' dir='ltr'><strong>enim</strong></span> <span class='ocrx_word' id='word_1_272' title='bbox 3109 1613 3175 1684; x_wconf 87' lang='lat' dir='ltr'><strong>id</strong></span> <span class='ocrx_word' id='word_1_273' title='bbox 3206 1617 3351 1684; x_wconf 89' lang='lat' dir='ltr'><strong>quod</strong></span> <span class='ocrx_word' id='word_1_274' title='bbox 3398 1619 3590 1676; x_wconf 60' lang='lat' dir='ltr'><strong>dissol-</strong></span> 
     </span>
    </p>
   </div>
   <div class='ocr_carea' id='block_1_38' title="bbox 2015 1681 3590 1755">
    <p class='ocr_par' dir='ltr' id='par_1_38' title="bbox 2015 1681 3590 1755">
     <span class='ocr_line' id='line_1_38' title="bbox 2015 1681 3590 1755; baseline 0.008 -20"><span class='ocrx_word' id='word_1_275' title='bbox 2015 1683 2158 1738; x_wconf 86' lang='lat' dir='ltr'><strong>vitur</strong></span> <span class='ocrx_word' id='word_1_276' title='bbox 2187 1699 2290 1740; x_wconf 92' lang='lat' dir='ltr'><strong>non</strong></span> <span class='ocrx_word' id='word_1_277' title='bbox 2319 1699 2441 1740; x_wconf 87' lang='lat' dir='ltr'><strong>esse</strong></span> <span class='ocrx_word' id='word_1_278' title='bbox 2473 1693 2691 1755; x_wconf 83' lang='lat' dir='ltr'><strong>terram,</strong></span> <span class='ocrx_word' id='word_1_279' title='bbox 2745 1681 2840 1738; x_wconf 86' lang='lat' dir='ltr'><strong>sed</strong></span> <span class='ocrx_word' id='word_1_280' title='bbox 2879 1691 3134 1755; x_wconf 83' lang='lat' dir='ltr'><strong>terreum,</strong></span> <span class='ocrx_word' id='word_1_281' title='bbox 3166 1681 3350 1754; x_wconf 81' lang='lat' dir='ltr'><strong>idest,</strong></span> <span class='ocrx_word' id='word_1_282' title='bbox 3387 1701 3590 1755; x_wconf 89' lang='lat' dir='ltr'><strong>partem</strong></span> 
     </span>
    </p>
   </div>
   <div class='ocr_carea' id='block_1_39' title="bbox 2017 1753 3588 1824">
    <p class='ocr_par' dir='ltr' id='par_1_39' title="bbox 2017 1753 3588 1824">
     <span class='ocr_line' id='line_1_39' title="bbox 2017 1753 3588 1824; baseline 0.008 -18"><span class='ocrx_word' id='word_1_283' title='bbox 2017 1761 2217 1818; x_wconf 70' lang='lat' dir='ltr'><strong>terrae,</strong></span> <span class='ocrx_word' id='word_1_284' title='bbox 2275 1755 2369 1810; x_wconf 80' lang='lat' dir='ltr'><strong>sed</strong></span> <span class='ocrx_word' id='word_1_285' title='bbox 2427 1753 2565 1824; x_wconf 89' lang='lat' dir='ltr'><strong>quod</strong></span> <span class='ocrx_word' id='word_1_286' title='bbox 2616 1763 2857 1810; x_wconf 89' lang='lat' dir='ltr'><strong>remanet</strong></span> <span class='ocrx_word' id='word_1_287' title='bbox 2911 1753 3150 1808; x_wconf 89' lang='lat' dir='ltr'><strong>retinens</strong></span> <span class='ocrx_word' id='word_1_288' title='bbox 3208 1753 3588 1824; x_wconf 86' lang='lat' dir='ltr'><strong>proprietatem</strong></span> 
     </span>
    </p>
   </div>
   <div class='ocr_carea' id='block_1_40' title="bbox 2019 1823 3588 1896">
    <p class='ocr_par' dir='ltr' id='par_1_40' title="bbox 2019 1823 3588 1896">
     <span class='ocr_line' id='line_1_40' title="bbox 2019 1823 3588 1896; baseline 0.007 -20"><span class='ocrx_word' id='word_1_289' title='bbox 2019 1833 2198 1888; x_wconf 66' lang='lat' dir='ltr'><strong>terra,</strong></span> <span class='ocrx_word' id='word_1_290' title='bbox 2229 1826 2359 1881; x_wconf 89' lang='lat' dir='ltr'><strong>dicit</strong></span> <span class='ocrx_word' id='word_1_291' title='bbox 2402 1823 2596 1880; x_wconf 75' lang='lat' dir='ltr'><strong>tet-ram</strong></span> <span class='ocrx_word' id='word_1_292' title='bbox 2627 1833 2681 1878; x_wconf 93' lang='lat' dir='ltr'><strong>et</strong></span> <span class='ocrx_word' id='word_1_293' title='bbox 2709 1826 3058 1896; x_wconf 82' lang='lat' dir='ltr'><strong>elementum.</strong></span> <span class='ocrx_word' id='word_1_294' title='bbox 3087 1823 3190 1880; x_wconf 87' lang='lat' dir='ltr'><strong>Sed</strong></span> <span class='ocrx_word' id='word_1_295' title='bbox 3212 1823 3291 1881; x_wconf 82' lang='lat' dir='ltr'><strong>de</strong></span> <span class='ocrx_word' id='word_1_296' title='bbox 3313 1823 3451 1896; x_wconf 84' lang='lat' dir='ltr'><strong>hoc,</strong></span> <span class='ocrx_word' id='word_1_297' title='bbox 3478 1833 3588 1891; x_wconf 86' lang='lat' dir='ltr'><strong>Deo</strong></span> 
     </span>
    </p>
   </div>
   <div class='ocr_carea' id='block_1_41' title="bbox 352 1894 3591 1969">
    <p class='ocr_par' dir='ltr' id='par_1_41' title="bbox 352 1894 3591 1969">
     <span class='ocr_line' id='line_1_41' title="bbox 352 1894 3591 1969; baseline 0.001 -14"><span class='ocrx_word' id='word_1_298' title='bbox 352 1915 472 1966; x_wconf 67' lang='lat' dir='ltr'><strong>quae</strong></span> <span class='ocrx_word' id='word_1_299' title='bbox 510 1894 713 1969; x_wconf 66' lang='lat' dir='ltr'><strong>trigidae</strong></span> <span class='ocrx_word' id='word_1_300' title='bbox 751 1910 804 1954; x_wconf 93' lang='lat' dir='ltr'><strong>et</strong></span> <span class='ocrx_word' id='word_1_301' title='bbox 849 1894 1100 1965; x_wconf 42' lang='lat' dir='ltr'><strong>humidis,</strong></span> <span class='ocrx_word' id='word_1_302' title='bbox 1152 1916 1318 1966; x_wconf 83' lang='lat' dir='ltr'><strong>aqua;</strong></span> <span class='ocrx_word' id='word_1_303' title='bbox 1369 1894 1485 1967; x_wconf 67' lang='lat' dir='ltr'><strong>quae</strong></span> <span class='ocrx_word' id='word_1_304' title='bbox 1513 1901 1697 1954; x_wconf 71' lang='lat' dir='ltr'><strong>calidae</strong></span> <span class='ocrx_word' id='word_1_305' title='bbox 1736 1910 1790 1952; x_wconf 89' lang='lat' dir='ltr'><strong>et</strong></span> <span class='ocrx_word' id='word_1_306' title='bbox 1821 1898 1914 1953; x_wconf 89' lang='lat' dir='ltr'><strong>hu-</strong></span> <span class='ocrx_word' id='word_1_307' title='bbox 1946 1904 1993 1967; x_wconf 73' lang='grc' dir='ltr'><strong><em>Β</em></strong></span> <span class='ocrx_word' id='word_1_308' title='bbox 2018 1906 2286 1969; x_wconf 73' lang='lat' dir='ltr'><strong>annuente</strong></span> <span class='ocrx_word' id='word_1_309' title='bbox 2312 1897 2498 1958; x_wconf 88' lang='lat' dir='ltr'><strong>vitam,</strong></span> <span class='ocrx_word' id='word_1_310' title='bbox 2539 1895 2669 1949; x_wconf 88' lang='lat' dir='ltr'><strong>satis</strong></span> <span class='ocrx_word' id='word_1_311' title='bbox 2711 1894 3141 1969; x_wconf 86' lang='lat' dir='ltr'><strong>dicemus._Sunt</strong></span> <span class='ocrx_word' id='word_1_312' title='bbox 3170 1909 3298 1969; x_wconf 72' lang='lat' dir='ltr'><strong>ergo</strong></span> <span class='ocrx_word' id='word_1_313' title='bbox 3325 1894 3591 1960; x_wconf 85' lang='lat' dir='ltr'><strong>elementa</strong></span> 
     </span>
    </p>
   </div>
   <div class='ocr_carea' id='block_1_42' title="bbox 351 1969 1913 2040">
    <p class='ocr_par' dir='ltr' id='par_1_42' title="bbox 351 1969 1913 2040">
     <span class='ocr_line' id='line_1_42' title="bbox 351 1969 1913 2040; baseline -0.001 -15"><span class='ocrx_word' id='word_1_314' title='bbox 351 1971 527 2034; x_wconf 51' lang='lat' dir='ltr'><strong>midst.</strong></span> <span class='ocrx_word' id='word_1_315' title='bbox 558 1987 681 2035; x_wconf 84' lang='lat' dir='ltr'><strong>aer;</strong></span> <span class='ocrx_word' id='word_1_316' title='bbox 714 1985 833 2040; x_wconf 62' lang='lat' dir='ltr'><strong>quae</strong></span> <span class='ocrx_word' id='word_1_317' title='bbox 859 1970 1044 2025; x_wconf 74' lang='lat' dir='ltr'><strong>calida:</strong></span> <span class='ocrx_word' id='word_1_318' title='bbox 1073 1982 1125 2025; x_wconf 91' lang='lat' dir='ltr'><strong>et</strong></span> <span class='ocrx_word' id='word_1_319' title='bbox 1151 1973 1305 2026; x_wconf 75' lang='lat' dir='ltr'><strong>siccae</strong></span> <span class='ocrx_word' id='word_1_320' title='bbox 1326 2012 1340 2035; x_wconf 93' lang='lat'><strong>,</strong></span> <span class='ocrx_word' id='word_1_321' title='bbox 1374 1971 1528 2040; x_wconf 79' lang='lat' dir='ltr'><strong>ignis.</strong></span> <span class='ocrx_word' id='word_1_322' title='bbox 1577 1969 1708 2024; x_wconf 89' lang='lat' dir='ltr'><strong>Cum</strong></span> <span class='ocrx_word' id='word_1_323' title='bbox 1730 1975 1913 2040; x_wconf 84' lang='lat' dir='ltr'><strong>autem</strong></span> 
     </span>
    </p>
   </div>
   <div class='ocr_carea' id='block_1_43' title="bbox 356 2037 1918 2110">
    <p class='ocr_par' dir='ltr' id='par_1_43' title="bbox 356 2037 1918 2110">
     <span class='ocr_line' id='line_1_43' title="bbox 356 2037 1918 2110; baseline 0 -18"><span class='ocrx_word' id='word_1_324' title='bbox 356 2041 468 2095; x_wconf 65' lang='lat' dir='ltr'><strong>haec</strong></span> <span class='ocrx_word' id='word_1_325' title='bbox 490 2053 716 2110; x_wconf 84' lang='lat' dir='ltr'><strong>quatuor</strong></span> <span class='ocrx_word' id='word_1_326' title='bbox 734 2037 862 2109; x_wconf 67' lang='lat' dir='ltr'><strong>quae</strong></span> <span class='ocrx_word' id='word_1_327' title='bbox 890 2041 1132 2096; x_wconf 76' lang='lat' dir='ltr'><strong>videntur</strong></span> <span class='ocrx_word' id='word_1_328' title='bbox 1157 2056 1220 2095; x_wconf 81' lang='lat' dir='ltr'><strong>ex</strong></span> <span class='ocrx_word' id='word_1_329' title='bbox 1253 2041 1355 2094; x_wconf 87' lang='lat' dir='ltr'><strong>illis</strong></span> <span class='ocrx_word' id='word_1_330' title='bbox 1381 2037 1674 2104; x_wconf 77' lang='lat' dir='ltr'><strong>composita</strong></span> <span class='ocrx_word' id='word_1_331' title='bbox 1697 2037 1824 2099; x_wconf 90' lang='lat' dir='ltr'><strong>sint.</strong></span> <span class='ocrx_word' id='word_1_332' title='bbox 1857 2039 1918 2092; x_wconf 90' lang='lat' dir='ltr'><strong>il-</strong></span> 
     </span>
    </p>
   </div>
   <div class='ocr_carea' id='block_1_44' title="bbox 354 2110 1919 2180">
    <p class='ocr_par' dir='ltr' id='par_1_44' title="bbox 354 2110 1919 2180">
     <span class='ocr_line' id='line_1_44' title="bbox 354 2110 1919 2180; baseline -0.001 -16"><span class='ocrx_word' id='word_1_333' title='bbox 354 2110 446 2165; x_wconf 90' lang='lat' dir='ltr'><strong>lud</strong></span> <span class='ocrx_word' id='word_1_334' title='bbox 484 2111 551 2164; x_wconf 88' lang='lat' dir='ltr'><strong>de</strong></span> <span class='ocrx_word' id='word_1_335' title='bbox 581 2112 662 2166; x_wconf 85' lang='lat' dir='ltr'><strong>bis</strong></span> <span class='ocrx_word' id='word_1_336' title='bbox 692 2110 744 2165; x_wconf 91' lang='lat' dir='ltr'><strong>in</strong></span> <span class='ocrx_word' id='word_1_337' title='bbox 774 2125 878 2180; x_wconf 92' lang='lat' dir='ltr'><strong>quo</strong></span> <span class='ocrx_word' id='word_1_338' title='bbox 924 2111 1042 2164; x_wconf 71' lang='lat' dir='ltr'><strong>duae</strong></span> <span class='ocrx_word' id='word_1_339' title='bbox 1095 2112 1361 2180; x_wconf 84' lang='lat' dir='ltr'><strong>particulae</strong></span> <span class='ocrx_word' id='word_1_340' title='bbox 1410 2111 1611 2180; x_wconf 68' lang='lat' dir='ltr'><strong>trigidae</strong></span> <span class='ocrx_word' id='word_1_341' title='bbox 1656 2120 1709 2164; x_wconf 92' lang='lat' dir='ltr'><strong>et</strong></span> <span class='ocrx_word' id='word_1_342' title='bbox 1763 2111 1919 2163; x_wconf 63' lang='lat' dir='ltr'><strong>siccae</strong></span> 
     </span>
    </p>
   </div>
   <div class='ocr_carea' id='block_1_45' title="bbox 350 2180 1918 2248">
    <p class='ocr_par' dir='ltr' id='par_1_45' title="bbox 350 2180 1918 2248">
     <span class='ocr_line' id='line_1_45' title="bbox 350 2180 1918 2248; baseline -0.001 -14"><span class='ocrx_word' id='word_1_343' title='bbox 350 2181 713 2248; x_wconf 86' lang='lat' dir='ltr'><strong>dominantur,</strong></span> <span class='ocrx_word' id='word_1_344' title='bbox 761 2181 972 2235; x_wconf 87' lang='lat' dir='ltr'><strong>nomine</strong></span> <span class='ocrx_word' id='word_1_345' title='bbox 1020 2182 1224 2235; x_wconf 87' lang='lat' dir='ltr'><strong>illarum</strong></span> <span class='ocrx_word' id='word_1_346' title='bbox 1269 2181 1464 2235; x_wconf 84' lang='lat' dir='ltr'><strong>dicitur</strong></span> <span class='ocrx_word' id='word_1_347' title='bbox 1494 2190 1670 2243; x_wconf 85' lang='lat' dir='ltr'><strong>terra;</strong></span> <span class='ocrx_word' id='word_1_348' title='bbox 1718 2180 1771 2233; x_wconf 91' lang='lat' dir='ltr'><strong>in</strong></span> <span class='ocrx_word' id='word_1_349' title='bbox 1812 2194 1918 2248; x_wconf 88' lang='lat' dir='ltr'><strong>quo</strong></span> 
     </span>
    </p>
   </div>
   <div class='ocr_carea' id='block_1_46' title="bbox 352 2249 1917 2320">
    <p class='ocr_par' dir='ltr' id='par_1_46' title="bbox 352 2249 1917 2320">
     <span class='ocr_line' id='line_1_46' title="bbox 352 2249 1917 2320; baseline -0.001 -16"><span class='ocrx_word' id='word_1_350' title='bbox 352 2251 557 2320; x_wconf 70' lang='lat' dir='ltr'><strong>frigidae</strong></span> <span class='ocrx_word' id='word_1_351' title='bbox 583 2262 637 2306; x_wconf 92' lang='lat' dir='ltr'><strong>et</strong></span> <span class='ocrx_word' id='word_1_352' title='bbox 668 2251 920 2317; x_wconf 74' lang='lat' dir='ltr'><strong>humidae,</strong></span> <span class='ocrx_word' id='word_1_353' title='bbox 962 2267 1126 2318; x_wconf 88' lang='lat' dir='ltr'><strong>aqua;</strong></span> <span class='ocrx_word' id='word_1_354' title='bbox 1161 2253 1212 2304; x_wconf 90' lang='lat' dir='ltr'><strong>in</strong></span> <span class='ocrx_word' id='word_1_355' title='bbox 1239 2266 1344 2319; x_wconf 90' lang='lat' dir='ltr'><strong>quo</strong></span> <span class='ocrx_word' id='word_1_356' title='bbox 1370 2250 1556 2304; x_wconf 71' lang='lat' dir='ltr'><strong>calidae</strong></span> <span class='ocrx_word' id='word_1_357' title='bbox 1583 2262 1635 2305; x_wconf 90' lang='lat' dir='ltr'><strong>et</strong></span> <span class='ocrx_word' id='word_1_358' title='bbox 1664 2249 1917 2313; x_wconf 76' lang='lat' dir='ltr'><strong>humidae,</strong></span> 
     </span>
    </p>
   </div>
   <div class='ocr_carea' id='block_1_47' title="bbox 351 2320 1918 2390">
    <p class='ocr_par' dir='ltr' id='par_1_47' title="bbox 351 2320 1918 2390">
     <span class='ocr_line' id='line_1_47' title="bbox 351 2320 1918 2390; baseline 0.001 -18"><span class='ocrx_word' id='word_1_359' title='bbox 351 2338 447 2375; x_wconf 81' lang='lat' dir='ltr'><strong>aer</strong></span> <span class='ocrx_word' id='word_1_360' title='bbox 471 2337 486 2385; x_wconf 88' lang='lat'><strong>;</strong></span> <span class='ocrx_word' id='word_1_361' title='bbox 513 2322 564 2375; x_wconf 90' lang='lat' dir='ltr'><strong>in</strong></span> <span class='ocrx_word' id='word_1_362' title='bbox 589 2338 693 2390; x_wconf 88' lang='lat' dir='ltr'><strong>quo</strong></span> <span class='ocrx_word' id='word_1_363' title='bbox 715 2320 899 2376; x_wconf 74' lang='lat' dir='ltr'><strong>calidre</strong></span> <span class='ocrx_word' id='word_1_364' title='bbox 926 2331 978 2375; x_wconf 92' lang='lat' dir='ltr'><strong>et</strong></span> <span class='ocrx_word' id='word_1_365' title='bbox 1004 2322 1177 2387; x_wconf 74' lang='lat' dir='ltr'><strong>siccze,</strong></span> <span class='ocrx_word' id='word_1_366' title='bbox 1206 2321 1363 2388; x_wconf 77' lang='lat' dir='ltr'><strong>ignis.</strong></span> <span class='ocrx_word' id='word_1_367' title='bbox 1393 2320 1447 2376; x_wconf 88' lang='lat' dir='ltr'><strong>Si</strong></span> <span class='ocrx_word' id='word_1_368' title='bbox 1480 2334 1607 2388; x_wconf 72' lang='lat' dir='ltr'><strong>ergo</strong></span> <span class='ocrx_word' id='word_1_369' title='bbox 1631 2320 1735 2374; x_wconf 89' lang='lat' dir='ltr'><strong>illis</strong></span> <span class='ocrx_word' id='word_1_370' title='bbox 1764 2321 1918 2389; x_wconf 74' lang='lat' dir='ltr'><strong>digna</strong></span> 
     </span>
    </p>
   </div>
   <div class='ocr_carea' id='block_1_48' title="bbox 355 2390 1921 2460">
    <p class='ocr_par' dir='ltr' id='par_1_48' title="bbox 355 2390 1921 2460">
     <span class='ocr_line' id='line_1_48' title="bbox 355 2390 1921 2460; baseline 0 -18"><span class='ocrx_word' id='word_1_371' title='bbox 355 2392 579 2446; x_wconf 75' lang='lat' dir='ltr'><strong>velimus</strong></span> <span class='ocrx_word' id='word_1_372' title='bbox 629 2395 900 2458; x_wconf 85' lang='lat' dir='ltr'><strong>imponere</strong></span> <span class='ocrx_word' id='word_1_373' title='bbox 931 2392 1140 2444; x_wconf 84' lang='lat' dir='ltr'><strong>nomina</strong></span> <span class='ocrx_word' id='word_1_374' title='bbox 1174 2391 1457 2460; x_wconf 83' lang='lat' dir='ltr'><strong>particulas</strong></span> <span class='ocrx_word' id='word_1_375' title='bbox 1500 2390 1801 2459; x_wconf 76' lang='lat' dir='ltr'><strong>praedictas,</strong></span> <span class='ocrx_word' id='word_1_376' title='bbox 1842 2391 1921 2443; x_wconf 87' lang='lat' dir='ltr'><strong>di-</strong></span> 
     </span>
    </p>
   </div>
   <div class='ocr_carea' id='block_1_49' title="bbox 353 2459 1922 2541">
    <p class='ocr_par' dir='ltr' id='par_1_49' title="bbox 353 2459 1922 2541">
     <span class='ocr_line' id='line_1_49' title="bbox 353 2459 1922 2541; baseline 0.001 -29"><span class='ocrx_word' id='word_1_377' title='bbox 353 2476 538 2541; x_wconf 79' lang='lat' dir='ltr'><strong>camus</strong></span> <span class='ocrx_word' id='word_1_378' title='bbox 582 2463 873 2541; x_wconf 49' lang='lat' dir='ltr'><strong>fleuimus</strong></span> <span class='ocrx_word' id='word_1_379' title='bbox 910 2461 1007 2515; x_wconf 82' lang='lat' dir='ltr'><strong>ista</strong></span> <span class='ocrx_word' id='word_1_380' title='bbox 1055 2474 1316 2541; x_wconf 76' lang='lat' dir='ltr'><strong>quatuor,</strong></span> <span class='ocrx_word' id='word_1_381' title='bbox 1347 2475 1481 2541; x_wconf 63' lang='lat' dir='ltr'><strong>qua</strong></span> <span class='ocrx_word' id='word_1_382' title='bbox 1505 2462 1771 2541; x_wconf 77' lang='lat' dir='ltr'><strong>videntur,</strong></span> <span class='ocrx_word' id='word_1_383' title='bbox 1812 2459 1922 2541; x_wconf 73' lang='lat' dir='ltr'><strong>ele-</strong></span> 
     </span>
    </p>
   </div>
   <div class='ocr_carea' id='block_1_50' title="bbox 354 2531 1921 2602">
    <p class='ocr_par' dir='ltr' id='par_1_50' title="bbox 354 2531 1921 2602">
     <span class='ocr_line' id='line_1_50' title="bbox 354 2531 1921 2602; baseline -0.002 -16"><span class='ocrx_word' id='word_1_384' title='bbox 354 2540 552 2587; x_wconf 89' lang='lat' dir='ltr'><strong>menta.</strong></span> <span class='ocrx_word' id='word_1_385' title='bbox 580 2532 713 2588; x_wconf 89' lang='lat' dir='ltr'><strong>Sunt</strong></span> <span class='ocrx_word' id='word_1_386' title='bbox 752 2531 962 2600; x_wconf 88' lang='lat' dir='ltr'><strong>quidam</strong></span> <span class='ocrx_word' id='word_1_387' title='bbox 987 2536 1075 2601; x_wconf 86' lang='lat' dir='ltr'><strong>qui</strong></span> <span class='ocrx_word' id='word_1_388' title='bbox 1110 2546 1281 2602; x_wconf 90' lang='lat' dir='ltr'><strong>neque</strong></span> <span class='ocrx_word' id='word_1_389' title='bbox 1311 2531 1747 2602; x_wconf 84' lang='lat' dir='ltr'><strong>philosophorum</strong></span> <span class='ocrx_word' id='word_1_390' title='bbox 1788 2535 1921 2602; x_wconf 83' lang='lat' dir='ltr'><strong>scri-</strong></span> 
     </span>
    </p>
   </div>
   <div class='ocr_carea' id='block_1_51' title="bbox 357 2601 1918 2672">
    <p class='ocr_par' dir='ltr' id='par_1_51' title="bbox 357 2601 1918 2672">
     <span class='ocr_line' id='line_1_51' title="bbox 357 2601 1918 2672; baseline -0.001 -16"><span class='ocrx_word' id='word_1_391' title='bbox 357 2613 467 2670; x_wconf 86' lang='lat' dir='ltr'><strong>pta,</strong></span> <span class='ocrx_word' id='word_1_392' title='bbox 516 2617 613 2657; x_wconf 91' lang='lat' dir='ltr'><strong>nec</strong></span> <span class='ocrx_word' id='word_1_393' title='bbox 642 2605 980 2672; x_wconf 72' lang='lat' dir='ltr'><strong>physicorum</strong></span> <span class='ocrx_word' id='word_1_394' title='bbox 1009 2601 1239 2672; x_wconf 85' lang='lat' dir='ltr'><strong>unquam</strong></span> <span class='ocrx_word' id='word_1_395' title='bbox 1269 2601 1531 2672; x_wconf 76' lang='lat' dir='ltr'><strong>legerunt,</strong></span> <span class='ocrx_word' id='word_1_396' title='bbox 1564 2617 1628 2656; x_wconf 82' lang='lat' dir='ltr'><strong>ex</strong></span> <span class='ocrx_word' id='word_1_397' title='bbox 1671 2601 1918 2666; x_wconf 77' lang='lat' dir='ltr'><strong>superbia</strong></span> 
     </span>
    </p>
   </div>
   <div class='ocr_carea' id='block_1_52' title="bbox 353 2672 1921 2742">
    <p class='ocr_par' dir='ltr' id='par_1_52' title="bbox 353 2672 1921 2742">
     <span class='ocr_line' id='line_1_52' title="bbox 353 2672 1921 2742; baseline 0.001 -18"><span class='ocrx_word' id='word_1_398' title='bbox 353 2674 422 2726; x_wconf 82' lang='lat' dir='ltr'><strong>ab</strong></span> <span class='ocrx_word' id='word_1_399' title='bbox 461 2672 640 2739; x_wconf 87' lang='lat' dir='ltr'><strong>aliquo</strong></span> <span class='ocrx_word' id='word_1_400' title='bbox 680 2673 886 2726; x_wconf 77' lang='lat' dir='ltr'><strong>discere</strong></span> <span class='ocrx_word' id='word_1_401' title='bbox 933 2672 1298 2741; x_wconf 80' lang='lat' dir='ltr'><strong>dedignantes,</strong></span> <span class='ocrx_word' id='word_1_402' title='bbox 1352 2689 1416 2728; x_wconf 75' lang='lat' dir='ltr'><strong>ev</strong></span> <span class='ocrx_word' id='word_1_403' title='bbox 1464 2673 1763 2742; x_wconf 74' lang='lat' dir='ltr'><strong>arrogantia</strong></span> <span class='ocrx_word' id='word_1_404' title='bbox 1802 2686 1921 2739; x_wconf 78' lang='lat' dir='ltr'><strong>qua:</strong></span> 
     </span>
    </p>
   </div>
   <div class='ocr_carea' id='block_1_53' title="bbox 355 2741 1921 2811">
    <p class='ocr_par' dir='ltr' id='par_1_53' title="bbox 355 2741 1921 2811">
     <span class='ocr_line' id='line_1_53' title="bbox 355 2741 1921 2811; baseline 0 -16"><span class='ocrx_word' id='word_1_405' title='bbox 355 2749 602 2796; x_wconf 85' lang='lat' dir='ltr'><strong>nesciunt</strong></span> <span class='ocrx_word' id='word_1_406' title='bbox 647 2745 1033 2811; x_wconf 77' lang='lat' dir='ltr'><strong>contingentes,</strong></span> <span class='ocrx_word' id='word_1_407' title='bbox 1093 2745 1333 2799; x_wconf 78' lang='lat' dir='ltr'><strong>nonnihil</strong></span> <span class='ocrx_word' id='word_1_408' title='bbox 1386 2747 1566 2799; x_wconf 83' lang='lat' dir='ltr'><strong>dicere</strong></span> <span class='ocrx_word' id='word_1_409' title='bbox 1596 2741 1921 2804; x_wconf 69' lang='lat' dir='ltr'><strong>videantur;</strong></span> 
     </span>
    </p>
   </div>
   <div class='ocr_carea' id='block_1_54' title="bbox 354 2811 1922 2893">
    <p class='ocr_par' dir='ltr' id='par_1_54' title="bbox 354 2811 1922 2893">
     <span class='ocr_line' id='line_1_54' title="bbox 354 2811 1922 2893; baseline 0.001 -29"><span class='ocrx_word' id='word_1_410' title='bbox 354 2813 537 2866; x_wconf 88' lang='lat' dir='ltr'><strong>u‘icunt</strong></span> <span class='ocrx_word' id='word_1_411' title='bbox 566 2829 683 2893; x_wconf 74' lang='lat' dir='ltr'><strong>esse</strong></span> <span class='ocrx_word' id='word_1_412' title='bbox 723 2814 1225 2893; x_wconf 47' lang='lat' dir='ltr'><strong>istorutnnquatunr,</strong></span> <span class='ocrx_word' id='word_1_413' title='bbox 1275 2829 1395 2893; x_wconf 58' lang='lat' dir='ltr'><strong>qua;</strong></span> <span class='ocrx_word' id='word_1_414' title='bbox 1427 2813 1670 2893; x_wconf 71' lang='lat' dir='ltr'><strong>videntur</strong></span> <span class='ocrx_word' id='word_1_415' title='bbox 1698 2811 1922 2893; x_wconf 78' lang='lat' dir='ltr'><strong>qualita-</strong></span> 
     </span>
    </p>
   </div>
   <div class='ocr_carea' id='block_1_55' title="bbox 357 2884 1917 2954">
    <p class='ocr_par' dir='ltr' id='par_1_55' title="bbox 357 2884 1917 2954">
     <span class='ocr_line' id='line_1_55' title="bbox 357 2884 1917 2954; baseline 0.001 -20"><span class='ocrx_word' id='word_1_416' title='bbox 357 2892 438 2936; x_wconf 93' lang='lat' dir='ltr'><strong>tes</strong></span> <span class='ocrx_word' id='word_1_417' title='bbox 469 2899 481 2934; x_wconf 92' lang='lat'><strong><em>:</em></strong></span> <span class='ocrx_word' id='word_1_418' title='bbox 511 2885 766 2950; x_wconf 88' lang='lat' dir='ltr'><strong>calorem,</strong></span> <span class='ocrx_word' id='word_1_419' title='bbox 800 2884 1160 2954; x_wconf 63' lang='lat' dir='ltr'><strong>(rigiditatem,</strong></span> <span class='ocrx_word' id='word_1_420' title='bbox 1195 2885 1580 2948; x_wconf 83' lang='lat' dir='ltr'><strong>bumiditateui,</strong></span> <span class='ocrx_word' id='word_1_421' title='bbox 1608 2884 1917 2954; x_wconf 85' lang='lat' dir='ltr'><strong>siccitatem.</strong></span> 
     </span>
    </p>
   </div>
   <div class='ocr_carea' id='block_1_56' title="bbox 353 2953 1921 3026">
    <p class='ocr_par' dir='ltr' id='par_1_56' title="bbox 353 2953 1921 3026">
     <span class='ocr_line' id='line_1_56' title="bbox 353 2953 1921 3026; baseline -0.001 -18"><span class='ocrx_word' id='word_1_422' title='bbox 353 2954 461 3008; x_wconf 77' lang='lat' dir='ltr'><strong>Sed</strong></span> <span class='ocrx_word' id='word_1_423' title='bbox 493 2955 608 3007; x_wconf 85' lang='lat' dir='ltr'><strong>istis</strong></span> <span class='ocrx_word' id='word_1_424' title='bbox 635 2953 915 3026; x_wconf 79' lang='lat' dir='ltr'><strong>physicam</strong></span> <span class='ocrx_word' id='word_1_425' title='bbox 940 2959 1080 3008; x_wconf 76' lang='lat' dir='ltr'><strong>telut</strong></span> <span class='ocrx_word' id='word_1_426' title='bbox 1109 2965 1161 3008; x_wconf 91' lang='lat' dir='ltr'><strong>et</strong></span> <span class='ocrx_word' id='word_1_427' title='bbox 1189 2964 1394 3023; x_wconf 86' lang='lat' dir='ltr'><strong>partem</strong></span> <span class='ocrx_word' id='word_1_428' title='bbox 1427 2957 1559 3024; x_wconf 86' lang='lat' dir='ltr'><strong>pede</strong></span> <span class='ocrx_word' id='word_1_429' title='bbox 1594 2953 1921 3026; x_wconf 82' lang='lat' dir='ltr'><strong>detrahenti-</strong></span> 
     </span>
    </p>
   </div>
   <div class='ocr_carea' id='block_1_57' title="bbox 358 3024 1922 3093">
    <p class='ocr_par' dir='ltr' id='par_1_57' title="bbox 358 3024 1922 3093">
     <span class='ocr_line' id='line_1_57' title="bbox 358 3024 1922 3093; baseline 0.001 -19"><span class='ocrx_word' id='word_1_430' title='bbox 358 3027 478 3088; x_wconf 83' lang='lat' dir='ltr'><strong>bus,</strong></span> <span class='ocrx_word' id='word_1_431' title='bbox 523 3024 774 3080; x_wconf 71' lang='lat' dir='ltr'><strong>reclamat</strong></span> <span class='ocrx_word' id='word_1_432' title='bbox 820 3024 1009 3079; x_wconf 86' lang='lat' dir='ltr'><strong>eodem</strong></span> <span class='ocrx_word' id='word_1_433' title='bbox 1063 3041 1156 3079; x_wconf 90' lang='lat' dir='ltr'><strong>ore</strong></span> <span class='ocrx_word' id='word_1_434' title='bbox 1214 3025 1467 3093; x_wconf 74' lang='lat' dir='ltr'><strong>Platonis,</strong></span> <span class='ocrx_word' id='word_1_435' title='bbox 1519 3033 1771 3079; x_wconf 84' lang='lat' dir='ltr'><strong>vocantes</strong></span> <span class='ocrx_word' id='word_1_436' title='bbox 1810 3024 1922 3077; x_wconf 80' lang='lat' dir='ltr'><strong>ele-</strong></span> 
     </span>
    </p>
   </div>
   <div class='ocr_carea' id='block_1_58' title="bbox 359 3093 1924 3163">
    <p class='ocr_par' dir='ltr' id='par_1_58' title="bbox 359 3093 1924 3163">
     <span class='ocr_line' id='line_1_58' title="bbox 359 3093 1924 3163; baseline 0.001 -17"><span class='ocrx_word' id='word_1_437' title='bbox 359 3103 534 3147; x_wconf 87' lang='lat' dir='ltr'><strong>menta</strong></span> <span class='ocrx_word' id='word_1_438' title='bbox 564 3097 833 3161; x_wconf 72' lang='lat' dir='ltr'><strong>materias,</strong></span> <span class='ocrx_word' id='word_1_439' title='bbox 866 3110 987 3149; x_wconf 90' lang='lat' dir='ltr'><strong>cum</strong></span> <span class='ocrx_word' id='word_1_440' title='bbox 1017 3096 1176 3148; x_wconf 65' lang='lat' dir='ltr'><strong>nulla:</strong></span> <span class='ocrx_word' id='word_1_441' title='bbox 1199 3097 1482 3163; x_wconf 85' lang='lat' dir='ltr'><strong>qualitates</strong></span> <span class='ocrx_word' id='word_1_442' title='bbox 1510 3094 1731 3149; x_wconf 82' lang='lat' dir='ltr'><strong>materia</strong></span> <span class='ocrx_word' id='word_1_443' title='bbox 1753 3093 1924 3147; x_wconf 83' lang='lat' dir='ltr'><strong>alicu-</strong></span> 
     </span>
    </p>
   </div>
   <div class='ocr_carea' id='block_1_59' title="bbox 356 3163 1920 3234">
    <p class='ocr_par' dir='ltr' id='par_1_59' title="bbox 356 3163 1920 3234">
     <span class='ocr_line' id='line_1_59' title="bbox 356 3163 1920 3234; baseline 0 -18"><span class='ocrx_word' id='word_1_444' title='bbox 356 3163 444 3232; x_wconf 80' lang='lat' dir='ltr'><strong>jus</strong></span> <span class='ocrx_word' id='word_1_445' title='bbox 467 3181 586 3220; x_wconf 85' lang='lat' dir='ltr'><strong>esse</strong></span> <span class='ocrx_word' id='word_1_446' title='bbox 609 3167 831 3234; x_wconf 87' lang='lat' dir='ltr'><strong>possint.</strong></span> <span class='ocrx_word' id='word_1_447' title='bbox 857 3166 946 3218; x_wconf 78' lang='lat' dir='ltr'><strong>Est</strong></span> <span class='ocrx_word' id='word_1_448' title='bbox 965 3166 1104 3218; x_wconf 88' lang='lat' dir='ltr'><strong>enim</strong></span> <span class='ocrx_word' id='word_1_449' title='bbox 1128 3167 1348 3221; x_wconf 85' lang='lat' dir='ltr'><strong>materia</strong></span> <span class='ocrx_word' id='word_1_450' title='bbox 1376 3181 1494 3234; x_wconf 70' lang='lat' dir='ltr'><strong>qua:</strong></span> <span class='ocrx_word' id='word_1_451' title='bbox 1515 3175 1728 3230; x_wconf 86' lang='lat' dir='ltr'><strong>accepta</strong></span> <span class='ocrx_word' id='word_1_452' title='bbox 1753 3164 1920 3218; x_wconf 70' lang='lat' dir='ltr'><strong>forma</strong></span> 
     </span>
    </p>
   </div>
   <div class='ocr_carea' id='block_1_60' title="bbox 359 3234 1917 3303">
    <p class='ocr_par' dir='ltr' id='par_1_60' title="bbox 359 3234 1917 3303">
     <span class='ocr_line' id='line_1_60' title="bbox 359 3234 1917 3303; baseline 0 -17"><span class='ocrx_word' id='word_1_453' title='bbox 359 3238 548 3289; x_wconf 83' lang='lat' dir='ltr'><strong>transit</strong></span> <span class='ocrx_word' id='word_1_454' title='bbox 578 3236 629 3290; x_wconf 87' lang='lat' dir='ltr'><strong>in</strong></span> <span class='ocrx_word' id='word_1_455' title='bbox 654 3237 819 3290; x_wconf 90' lang='lat' dir='ltr'><strong>aliud.</strong></span> <span class='ocrx_word' id='word_1_456' title='bbox 852 3235 1126 3289; x_wconf 76' lang='lat' dir='ltr'><strong>Reclaniat</strong></span> <span class='ocrx_word' id='word_1_457' title='bbox 1157 3236 1282 3289; x_wconf 88' lang='lat' dir='ltr'><strong>item</strong></span> <span class='ocrx_word' id='word_1_458' title='bbox 1309 3252 1403 3291; x_wconf 88' lang='lat' dir='ltr'><strong>ore</strong></span> <span class='ocrx_word' id='word_1_459' title='bbox 1431 3238 1567 3291; x_wconf 87' lang='lat' dir='ltr'><strong>illius</strong></span> <span class='ocrx_word' id='word_1_460' title='bbox 1597 3234 1917 3303; x_wconf 86' lang='lat' dir='ltr'><strong>philosophi,</strong></span> 
     </span>
    </p>
   </div>
   <div class='ocr_carea' id='block_1_61' title="bbox 356 3307 1922 3377">
    <p class='ocr_par' dir='ltr' id='par_1_61' title="bbox 356 3307 1922 3377">
     <span class='ocr_line' id='line_1_61' title="bbox 356 3307 1922 3377; baseline -0.001 -19"><span class='ocrx_word' id='word_1_461' title='bbox 356 3307 446 3371; x_wconf 87' lang='lat' dir='ltr'><strong>qui</strong></span> <span class='ocrx_word' id='word_1_462' title='bbox 489 3309 540 3360; x_wconf 91' lang='lat' dir='ltr'><strong>in</strong></span> <span class='ocrx_word' id='word_1_463' title='bbox 592 3307 822 3377; x_wconf 71' lang='lat' dir='ltr'><strong>lsagogis</strong></span> <span class='ocrx_word' id='word_1_464' title='bbox 852 3308 961 3359; x_wconf 91' lang='lat' dir='ltr'><strong>suis</strong></span> <span class='ocrx_word' id='word_1_465' title='bbox 990 3307 1064 3360; x_wconf 86' lang='lat' dir='ltr'><strong>ait</strong></span> <span class='ocrx_word' id='word_1_466' title='bbox 1098 3307 1239 3360; x_wconf 87' lang='lat' dir='ltr'><strong>aliud</strong></span> <span class='ocrx_word' id='word_1_467' title='bbox 1285 3322 1404 3361; x_wconf 89' lang='lat' dir='ltr'><strong>esse</strong></span> <span class='ocrx_word' id='word_1_468' title='bbox 1443 3309 1730 3369; x_wconf 87' lang='lat' dir='ltr'><strong>elementa,</strong></span> <span class='ocrx_word' id='word_1_469' title='bbox 1779 3307 1922 3359; x_wconf 77' lang='lat' dir='ltr'><strong>aliud</strong></span> 
     </span>
    </p>
   </div>
   <div class='ocr_carea' id='block_1_62' title="bbox 354 3377 1928 3443">
    <p class='ocr_par' dir='ltr' id='par_1_62' title="bbox 354 3377 1928 3443">
     <span class='ocr_line' id='line_1_62' title="bbox 354 3377 1928 3443; baseline -0.001 -14"><span class='ocrx_word' id='word_1_470' title='bbox 354 3392 542 3430; x_wconf 86' lang='lat' dir='ltr'><strong>eorum</strong></span> <span class='ocrx_word' id='word_1_471' title='bbox 575 3377 995 3441; x_wconf 84' lang='lat' dir='ltr'><strong>comnnstiones,</strong></span> <span class='ocrx_word' id='word_1_472' title='bbox 1047 3393 1164 3443; x_wconf 71' lang='lat' dir='ltr'><strong>quae</strong></span> <span class='ocrx_word' id='word_1_473' title='bbox 1207 3387 1329 3431; x_wconf 87' lang='lat' dir='ltr'><strong>sunt</strong></span> <span class='ocrx_word' id='word_1_474' title='bbox 1357 3377 1542 3432; x_wconf 67' lang='lat' dir='ltr'><strong>calidae</strong></span> <span class='ocrx_word' id='word_1_475' title='bbox 1569 3386 1622 3432; x_wconf 90' lang='lat' dir='ltr'><strong>et</strong></span> <span class='ocrx_word' id='word_1_476' title='bbox 1650 3377 1827 3438; x_wconf 65' lang='lat' dir='ltr'><strong>sicce,</strong></span> <span class='ocrx_word' id='word_1_477' title='bbox 1873 3383 1928 3430; x_wconf 89' lang='lat' dir='ltr'><strong>et</strong></span> 
     </span>
    </p>
   </div>
   <div class='ocr_carea' id='block_1_63' title="bbox 353 3445 1925 3503">
    <p class='ocr_par' dir='ltr' id='par_1_63' title="bbox 353 3445 1925 3503">
     <span class='ocr_line' id='line_1_63' title="bbox 353 3445 1925 3503; baseline 0 -4"><span class='ocrx_word' id='word_1_478' title='bbox 353 3451 434 3499; x_wconf 82' lang='lat' dir='ltr'><strong>sic</strong></span> <span class='ocrx_word' id='word_1_479' title='bbox 461 3450 530 3501; x_wconf 87' lang='lat' dir='ltr'><strong>de</strong></span> <span class='ocrx_word' id='word_1_480' title='bbox 555 3448 696 3502; x_wconf 84' lang='lat' dir='ltr'><strong>aliis.</strong></span> <span class='ocrx_word' id='word_1_481' title='bbox 744 3448 937 3501; x_wconf 88' lang='lat' dir='ltr'><strong>lterum</strong></span> <span class='ocrx_word' id='word_1_482' title='bbox 970 3450 1222 3501; x_wconf 82' lang='lat' dir='ltr'><strong>reclamat</strong></span> <span class='ocrx_word' id='word_1_483' title='bbox 1247 3463 1340 3502; x_wconf 91' lang='lat' dir='ltr'><strong>ore</strong></span> <span class='ocrx_word' id='word_1_484' title='bbox 1379 3447 1632 3503; x_wconf 80' lang='lat' dir='ltr'><strong>Macrobii</strong></span> <span class='ocrx_word' id='word_1_485' title='bbox 1662 3445 1925 3502; x_wconf 84' lang='lat' dir='ltr'><strong>dicentis:</strong></span> 
     </span>
    </p>
   </div>
   <div class='ocr_carea' id='block_1_64' title="bbox 359 3515 1928 3587">
    <p class='ocr_par' dir='ltr' id='par_1_64' title="bbox 359 3515 1928 3587">
     <span class='ocr_line' id='line_1_64' title="bbox 359 3515 1928 3587; baseline 0.002 -21"><span class='ocrx_word' id='word_1_486' title='bbox 359 3535 379 3566; x_wconf 75' lang='grc' dir='ltr'><strong>ι</strong></span> <span class='ocrx_word' id='word_1_487' title='bbox 417 3515 552 3571; x_wconf 85' lang='lat' dir='ltr'><strong>Cum</strong></span> <span class='ocrx_word' id='word_1_488' title='bbox 581 3517 632 3572; x_wconf 91' lang='lat' dir='ltr'><strong>in</strong></span> <span class='ocrx_word' id='word_1_489' title='bbox 663 3517 883 3586; x_wconf 76' lang='lat' dir='ltr'><strong>singulis</strong></span> <span class='ocrx_word' id='word_1_490' title='bbox 924 3519 1202 3573; x_wconf 88' lang='lat' dir='ltr'><strong>elementis</strong></span> <span class='ocrx_word' id='word_1_491' title='bbox 1230 3519 1452 3574; x_wconf 70' lang='lat' dir='ltr'><strong>diversae</strong></span> <span class='ocrx_word' id='word_1_492' title='bbox 1491 3525 1673 3574; x_wconf 87' lang='lat' dir='ltr'><strong>essent</strong></span> <span class='ocrx_word' id='word_1_493' title='bbox 1699 3515 1928 3587; x_wconf 86' lang='lat' dir='ltr'><strong>qualita-</strong></span> 
     </span>
    </p>
   </div>
   <div class='ocr_carea' id='block_1_65' title="bbox 359 3588 1926 3658">
    <p class='ocr_par' dir='ltr' id='par_1_65' title="bbox 359 3588 1926 3658">
     <span class='ocr_line' id='line_1_65' title="bbox 359 3588 1926 3658; baseline 0 -20"><span class='ocrx_word' id='word_1_494' title='bbox 359 3598 458 3648; x_wconf 85' lang='lat' dir='ltr'><strong>tes.</strong></span> <span class='ocrx_word' id='word_1_495' title='bbox 512 3591 670 3642; x_wconf 87' lang='lat' dir='ltr'><strong>talem</strong></span> <span class='ocrx_word' id='word_1_496' title='bbox 717 3588 1002 3658; x_wconf 87' lang='lat' dir='ltr'><strong>unicuique</strong></span> <span class='ocrx_word' id='word_1_497' title='bbox 1047 3591 1211 3656; x_wconf 81' lang='lat' dir='ltr'><strong>dedit,</strong></span> <span class='ocrx_word' id='word_1_498' title='bbox 1251 3598 1309 3643; x_wconf 90' lang='lat' dir='ltr'><strong>ut</strong></span> <span class='ocrx_word' id='word_1_499' title='bbox 1347 3589 1398 3642; x_wconf 91' lang='lat' dir='ltr'><strong>in</strong></span> <span class='ocrx_word' id='word_1_500' title='bbox 1445 3605 1509 3643; x_wconf 90' lang='lat' dir='ltr'><strong>eo</strong></span> <span class='ocrx_word' id='word_1_501' title='bbox 1537 3591 1622 3644; x_wconf 92' lang='lat' dir='ltr'><strong>cui</strong></span> <span class='ocrx_word' id='word_1_502' title='bbox 1669 3588 1926 3650; x_wconf 74' lang='lat' dir='ltr'><strong>adhtcret,</strong></span> 
     </span>
    </p>
   </div>
   <div class='ocr_carea' id='block_1_66' title="bbox 355 3659 1928 3728">
    <p class='ocr_par' dir='ltr' id='par_1_66' title="bbox 355 3659 1928 3728">
     <span class='ocr_line' id='line_1_66' title="bbox 355 3659 1928 3728; baseline -0.001 -17"><span class='ocrx_word' id='word_1_503' title='bbox 355 3667 637 3728; x_wconf 67' lang='lat' dir='ltr'><strong>cognatam</strong></span> <span class='ocrx_word' id='word_1_504' title='bbox 667 3669 720 3714; x_wconf 92' lang='lat' dir='ltr'><strong>et</strong></span> <span class='ocrx_word' id='word_1_505' title='bbox 757 3659 983 3714; x_wconf 83' lang='lat' dir='ltr'><strong>similem</strong></span> <span class='ocrx_word' id='word_1_506' title='bbox 1030 3661 1324 3728; x_wconf 88' lang='lat' dir='ltr'><strong>reperiret,</strong></span> <span class='ocrx_word' id='word_1_507' title='bbox 1366 3667 1422 3712; x_wconf 91' lang='lat' dir='ltr'><strong>ut</strong></span> <span class='ocrx_word' id='word_1_508' title='bbox 1463 3673 1599 3728; x_wconf 86' lang='lat' dir='ltr'><strong>aqua</strong></span> <span class='ocrx_word' id='word_1_509' title='bbox 1626 3674 1743 3714; x_wconf 87' lang='lat' dir='ltr'><strong>cum</strong></span> <span class='ocrx_word' id='word_1_510' title='bbox 1789 3667 1928 3711; x_wconf 88' lang='lat' dir='ltr'><strong>terra</strong></span> 
     </span>
    </p>
   </div>
   <div class='ocr_carea' id='block_1_67' title="bbox 357 3725 1927 3798">
    <p class='ocr_par' dir='ltr' id='par_1_67' title="bbox 357 3725 1927 3798">
     <span class='ocr_line' id='line_1_67' title="bbox 357 3725 1927 3798; baseline 0 -18"><span class='ocrx_word' id='word_1_511' title='bbox 357 3725 723 3797; x_wconf 57' lang='lat' dir='ltr'><strong>friﬁiditatem,</strong></span> <span class='ocrx_word' id='word_1_512' title='bbox 754 3745 846 3784; x_wconf 87' lang='lat' dir='ltr'><strong>aer</strong></span> <span class='ocrx_word' id='word_1_513' title='bbox 885 3745 1005 3782; x_wconf 89' lang='lat' dir='ltr'><strong>cum</strong></span> <span class='ocrx_word' id='word_1_514' title='bbox 1037 3725 1167 3798; x_wconf 81' lang='lat' dir='ltr'><strong>aqua</strong></span> <span class='ocrx_word' id='word_1_515' title='bbox 1211 3725 1603 3792; x_wconf 79' lang='lat' dir='ltr'><strong>humiditatem,</strong></span> <span class='ocrx_word' id='word_1_516' title='bbox 1641 3731 1777 3796; x_wconf 68' lang='lat' dir='ltr'><strong>ignis</strong></span> <span class='ocrx_word' id='word_1_517' title='bbox 1805 3741 1927 3780; x_wconf 88' lang='lat' dir='ltr'><strong>cum</strong></span> 
     </span>
    </p>
   </div>
   <div class='ocr_carea' id='block_1_68' title="bbox 357 3799 1930 3855">
    <p class='ocr_par' dir='ltr' id='par_1_68' title="bbox 357 3799 1930 3855">
     <span class='ocr_line' id='line_1_68' title="bbox 357 3799 1930 3855; baseline 0.001 -5"><span class='ocrx_word' id='word_1_518' title='bbox 357 3813 484 3854; x_wconf 85' lang='lat' dir='ltr'><strong>aere</strong></span> <span class='ocrx_word' id='word_1_519' title='bbox 529 3800 782 3855; x_wconf 78' lang='lat' dir='ltr'><strong>caIOIem.</strong></span> <span class='ocrx_word' id='word_1_520' title='bbox 821 3819 841 3852; x_wconf 72' lang='grc' dir='ltr'><strong>ι</strong></span> <span class='ocrx_word' id='word_1_521' title='bbox 879 3799 1010 3854; x_wconf 74' lang='lat' dir='ltr'><strong>Vide</strong></span> <span class='ocrx_word' id='word_1_522' title='bbox 1060 3803 1148 3854; x_wconf 86' lang='lat' dir='ltr'><strong>ubi</strong></span> <span class='ocrx_word' id='word_1_523' title='bbox 1187 3802 1318 3854; x_wconf 78' lang='lat' dir='ltr'><strong>dixit</strong></span> <span class='ocrx_word' id='word_1_524' title='bbox 1351 3800 1611 3854; x_wconf 81' lang='lat' dir='ltr'><strong>eletnenla</strong></span> <span class='ocrx_word' id='word_1_525' title='bbox 1663 3813 1768 3852; x_wconf 91' lang='lat' dir='ltr'><strong>non</strong></span> <span class='ocrx_word' id='word_1_526' title='bbox 1807 3809 1930 3852; x_wconf 78' lang='lat' dir='ltr'><strong>esse</strong></span> 
     </span>
    </p>
   </div>
   <div class='ocr_carea' id='block_1_69' title="bbox 359 3870 1928 3939">
    <p class='ocr_par' dir='ltr' id='par_1_69' title="bbox 359 3870 1928 3939">
     <span class='ocr_line' id='line_1_69' title="bbox 359 3870 1928 3939; baseline 0.001 -19"><span class='ocrx_word' id='word_1_527' title='bbox 359 3870 662 3935; x_wconf 80' lang='lat' dir='ltr'><strong>qualitates,</strong></span> <span class='ocrx_word' id='word_1_528' title='bbox 695 3872 784 3924; x_wconf 85' lang='lat' dir='ltr'><strong>sed</strong></span> <span class='ocrx_word' id='word_1_529' title='bbox 816 3871 1097 3938; x_wconf 86' lang='lat' dir='ltr'><strong>qualitates</strong></span> <span class='ocrx_word' id='word_1_530' title='bbox 1125 3872 1180 3925; x_wconf 91' lang='lat' dir='ltr'><strong>iu</strong></span> <span class='ocrx_word' id='word_1_531' title='bbox 1206 3871 1503 3925; x_wconf 89' lang='lat' dir='ltr'><strong>elementis.</strong></span> <span class='ocrx_word' id='word_1_532' title='bbox 1551 3874 1604 3924; x_wconf 75' lang='lat' dir='ltr'><strong>Si</strong></span> <span class='ocrx_word' id='word_1_533' title='bbox 1634 3883 1761 3939; x_wconf 75' lang='lat' dir='ltr'><strong>ergo</strong></span> <span class='ocrx_word' id='word_1_534' title='bbox 1787 3870 1928 3938; x_wconf 88' lang='lat' dir='ltr'><strong>quod</strong></span> 
     </span>
    </p>
   </div>
   <div class='ocr_carea' id='block_1_70' title="bbox 360 3939 1931 4003">
    <p class='ocr_par' dir='ltr' id='par_1_70' title="bbox 360 3939 1931 4003">
     <span class='ocr_line' id='line_1_70' title="bbox 360 3939 1931 4003; baseline 0.003 -13"><span class='ocrx_word' id='word_1_535' title='bbox 360 3941 514 3994; x_wconf 87' lang='lat' dir='ltr'><strong>alicui</strong></span> <span class='ocrx_word' id='word_1_536' title='bbox 555 3943 693 3998; x_wconf 88' lang='lat' dir='ltr'><strong>inest</strong></span> <span class='ocrx_word' id='word_1_537' title='bbox 737 3945 1005 3996; x_wconf 87' lang='lat' dir='ltr'><strong>diversum</strong></span> <span class='ocrx_word' id='word_1_538' title='bbox 1043 3955 1127 3994; x_wconf 87' lang='lat' dir='ltr'><strong>est</strong></span> <span class='ocrx_word' id='word_1_539' title='bbox 1173 3939 1243 3995; x_wconf 89' lang='lat' dir='ltr'><strong>ab</strong></span> <span class='ocrx_word' id='word_1_540' title='bbox 1280 3956 1346 3994; x_wconf 91' lang='lat' dir='ltr'><strong>eo</strong></span> <span class='ocrx_word' id='word_1_541' title='bbox 1387 3941 1470 3994; x_wconf 91' lang='lat' dir='ltr'><strong>cui</strong></span> <span class='ocrx_word' id='word_1_542' title='bbox 1510 3942 1668 4003; x_wconf 86' lang='lat' dir='ltr'><strong>inest.</strong></span> <span class='ocrx_word' id='word_1_543' title='bbox 1719 3946 1931 3994; x_wconf 86' lang='lat' dir='ltr'><strong>nonest</strong></span> 
     </span>
    </p>
   </div>
   <div class='ocr_carea' id='block_1_71' title="bbox 361 4009 1928 4082">
    <p class='ocr_par' dir='ltr' id='par_1_71' title="bbox 361 4009 1928 4082">
     <span class='ocr_line' id='line_1_71' title="bbox 361 4009 1928 4082; baseline 0.001 -20"><span class='ocrx_word' id='word_1_544' title='bbox 361 4009 534 4078; x_wconf 83' lang='lat' dir='ltr'><strong>ipsum</strong></span> <span class='ocrx_word' id='word_1_545' title='bbox 581 4014 721 4082; x_wconf 87' lang='lat' dir='ltr'><strong>quod</strong></span> <span class='ocrx_word' id='word_1_546' title='bbox 770 4023 851 4068; x_wconf 86' lang='lat' dir='ltr'><strong>est</strong></span> <span class='ocrx_word' id='word_1_547' title='bbox 881 4012 1052 4077; x_wconf 88' lang='lat' dir='ltr'><strong>ipsum</strong></span> <span class='ocrx_word' id='word_1_548' title='bbox 1089 4013 1172 4066; x_wconf 90' lang='lat' dir='ltr'><strong>cui</strong></span> <span class='ocrx_word' id='word_1_549' title='bbox 1216 4013 1374 4066; x_wconf 89' lang='lat' dir='ltr'><strong>inest.</strong></span> <span class='ocrx_word' id='word_1_550' title='bbox 1422 4011 1558 4067; x_wconf 89' lang='lat' dir='ltr'><strong>Sunt</strong></span> <span class='ocrx_word' id='word_1_551' title='bbox 1598 4012 1690 4068; x_wconf 87' lang='lat' dir='ltr'><strong>alii</strong></span> <span class='ocrx_word' id='word_1_552' title='bbox 1721 4010 1811 4082; x_wconf 85' lang='lat' dir='ltr'><strong>qui</strong></span> <span class='ocrx_word' id='word_1_553' title='bbox 1849 4010 1928 4063; x_wconf 87' lang='lat' dir='ltr'><strong>di-</strong></span> 
     </span>
    </p>
   </div>
   <div class='ocr_carea' id='block_1_72' title="bbox 358 4080 1928 4152">
    <p class='ocr_par' dir='ltr' id='par_1_72' title="bbox 358 4080 1928 4152">
     <span class='ocr_line' id='line_1_72' title="bbox 358 4080 1928 4152; baseline 0.002 -20"><span class='ocrx_word' id='word_1_554' title='bbox 358 4089 488 4152; x_wconf 78' lang='lat' dir='ltr'><strong>cunt</strong></span> <span class='ocrx_word' id='word_1_555' title='bbox 534 4080 631 4136; x_wconf 78' lang='lat' dir='ltr'><strong>ista</strong></span> <span class='ocrx_word' id='word_1_556' title='bbox 671 4099 790 4152; x_wconf 61' lang='lat' dir='ltr'><strong>qua:</strong></span> <span class='ocrx_word' id='word_1_557' title='bbox 831 4084 1074 4137; x_wconf 86' lang='lat' dir='ltr'><strong>videntur</strong></span> <span class='ocrx_word' id='word_1_558' title='bbox 1113 4097 1233 4137; x_wconf 89' lang='lat' dir='ltr'><strong>esse</strong></span> <span class='ocrx_word' id='word_1_559' title='bbox 1279 4082 1562 4143; x_wconf 83' lang='lat' dir='ltr'><strong>elementa,</strong></span> <span class='ocrx_word' id='word_1_560' title='bbox 1613 4080 1928 4152; x_wconf 77' lang='lat' dir='ltr'><strong>auctoritate</strong></span> 
     </span>
    </p>
   </div>
   <div class='ocr_carea' id='block_1_73' title="bbox 359 4149 1926 4222">
    <p class='ocr_par' dir='ltr' id='par_1_73' title="bbox 359 4149 1926 4222">
     <span class='ocr_line' id='line_1_73' title="bbox 359 4149 1926 4222; baseline 0.001 -18"><span class='ocrx_word' id='word_1_561' title='bbox 359 4149 631 4207; x_wconf 85' lang='lat' dir='ltr'><strong>Juvenalis</strong></span> <span class='ocrx_word' id='word_1_562' title='bbox 656 4149 754 4208; x_wconf 80' lang='lat' dir='ltr'><strong>hoc</strong></span> <span class='ocrx_word' id='word_1_563' title='bbox 775 4154 1059 4222; x_wconf 78' lang='lat' dir='ltr'><strong>probantes</strong></span> <span class='ocrx_word' id='word_1_564' title='bbox 1077 4194 1091 4216; x_wconf 92' lang='lat'><strong>,</strong></span> <span class='ocrx_word' id='word_1_565' title='bbox 1115 4154 1201 4220; x_wconf 90' lang='lat' dir='ltr'><strong>qui</strong></span> <span class='ocrx_word' id='word_1_566' title='bbox 1226 4155 1291 4206; x_wconf 89' lang='lat' dir='ltr'><strong>de</strong></span> <span class='ocrx_word' id='word_1_567' title='bbox 1317 4153 1516 4221; x_wconf 80' lang='lat' dir='ltr'><strong>gulosis</strong></span> <span class='ocrx_word' id='word_1_568' title='bbox 1545 4154 1618 4207; x_wconf 91' lang='lat' dir='ltr'><strong>ait</strong></span> <span class='ocrx_word' id='word_1_569' title='bbox 1644 4171 1656 4206; x_wconf 90' lang='lat'><strong>:</strong></span> <span class='ocrx_word' id='word_1_570' title='bbox 1687 4171 1705 4206; x_wconf 84' lang='lat' dir='ltr'><strong>t</strong></span> <span class='ocrx_word' id='word_1_571' title='bbox 1728 4150 1926 4206; x_wconf 86' lang='lat' dir='ltr'><strong>Gustus</strong></span> 
     </span>
    </p>
   </div>
   <div class='ocr_carea' id='block_1_74' title="bbox 362 4224 1924 4290">
    <p class='ocr_par' dir='ltr' id='par_1_74' title="bbox 362 4224 1924 4290">
     <span class='ocr_line' id='line_1_74' title="bbox 362 4224 1924 4290; baseline 0.001 -16"><span class='ocrx_word' id='word_1_572' title='bbox 362 4235 458 4287; x_wconf 89' lang='lat' dir='ltr'><strong>per</strong></span> <span class='ocrx_word' id='word_1_573' title='bbox 493 4238 672 4278; x_wconf 83' lang='lat' dir='ltr'><strong>omina</strong></span> <span class='ocrx_word' id='word_1_574' title='bbox 713 4228 976 4280; x_wconf 86' lang='lat' dir='ltr'><strong>elementa</strong></span> <span class='ocrx_word' id='word_1_575' title='bbox 1021 4233 1292 4290; x_wconf 65' lang='lat' dir='ltr'><strong>qua‘runt,</strong></span> <span class='ocrx_word' id='word_1_576' title='bbox 1343 4227 1394 4274; x_wconf 89' lang='lat' dir='ltr'><strong>in</strong></span> <span class='ocrx_word' id='word_1_577' title='bbox 1427 4234 1563 4278; x_wconf 89' lang='lat' dir='ltr'><strong>terra</strong></span> <span class='ocrx_word' id='word_1_578' title='bbox 1597 4224 1924 4288; x_wconf 76' lang='lat' dir='ltr'><strong>venationes,</strong></span> 
     </span>
    </p>
   </div>
   <div class='ocr_carea' id='block_1_75' title="bbox 363 4291 1924 4364">
    <p class='ocr_par' dir='ltr' id='par_1_75' title="bbox 363 4291 1924 4364">
     <span class='ocr_line' id='line_1_75' title="bbox 363 4291 1924 4364; baseline 0.001 -20"><span class='ocrx_word' id='word_1_579' title='bbox 363 4291 416 4344; x_wconf 91' lang='lat' dir='ltr'><strong>iu</strong></span> <span class='ocrx_word' id='word_1_580' title='bbox 447 4308 580 4362; x_wconf 87' lang='lat' dir='ltr'><strong>aqua</strong></span> <span class='ocrx_word' id='word_1_581' title='bbox 609 4298 803 4364; x_wconf 75' lang='lat' dir='ltr'><strong>pisces.</strong></span> <span class='ocrx_word' id='word_1_582' title='bbox 849 4295 900 4349; x_wconf 91' lang='lat' dir='ltr'><strong>in</strong></span> <span class='ocrx_word' id='word_1_583' title='bbox 933 4309 1056 4348; x_wconf 81' lang='lat' dir='ltr'><strong>aere</strong></span> <span class='ocrx_word' id='word_1_584' title='bbox 1098 4309 1242 4349; x_wconf 83' lang='lat' dir='ltr'><strong>aves.</strong></span> <span class='ocrx_word' id='word_1_585' title='bbox 1280 4310 1299 4343; x_wconf 76' lang='grc' dir='ltr'><strong>ι</strong></span> <span class='ocrx_word' id='word_1_586' title='bbox 1331 4294 1460 4358; x_wconf 69' lang='lat' dir='ltr'><strong>Qua:</strong></span> <span class='ocrx_word' id='word_1_587' title='bbox 1490 4295 1755 4349; x_wconf 80' lang='lat' dir='ltr'><strong>sententia</strong></span> <span class='ocrx_word' id='word_1_588' title='bbox 1802 4293 1924 4360; x_wconf 88' lang='lat' dir='ltr'><strong>quia</strong></span> 
     </span>
    </p>
   </div>
   <div class='ocr_carea' id='block_1_76' title="bbox 360 4364 1924 4432">
    <p class='ocr_par' dir='ltr' id='par_1_76' title="bbox 360 4364 1924 4432">
     <span class='ocr_line' id='line_1_76' title="bbox 360 4364 1924 4432; baseline -0.001 -15"><span class='ocrx_word' id='word_1_589' title='bbox 360 4376 488 4417; x_wconf 78' lang='lat' dir='ltr'><strong>vera</strong></span> <span class='ocrx_word' id='word_1_590' title='bbox 532 4378 635 4432; x_wconf 73' lang='grc' dir='ltr'><strong>εει,</strong></span> <span class='ocrx_word' id='word_1_591' title='bbox 683 4383 782 4422; x_wconf 88' lang='lat' dir='ltr'><strong>nec</strong></span> <span class='ocrx_word' id='word_1_592' title='bbox 824 4365 1098 4420; x_wconf 67' lang='grc' dir='ltr'>ειιιιειιιὶω</span> <span class='ocrx_word' id='word_1_593' title='bbox 1145 4365 1580 4431; x_wconf 84' lang='lat' dir='ltr'><strong>philosophorum</strong></span> <span class='ocrx_word' id='word_1_594' title='bbox 1633 4364 1924 4430; x_wconf 83' lang='lat' dir='ltr'><strong>contraria,</strong></span> 
     </span>
    </p>
   </div>
   <div class='ocr_carea' id='block_1_77' title="bbox 359 4434 1924 4502">
    <p class='ocr_par' dir='ltr' id='par_1_77' title="bbox 359 4434 1924 4502">
     <span class='ocr_line' id='line_1_77' title="bbox 359 4434 1924 4502; baseline 0.001 -16"><span class='ocrx_word' id='word_1_595' title='bbox 359 4436 589 4500; x_wconf 82' lang='lat' dir='ltr'><strong>qualiter</strong></span> <span class='ocrx_word' id='word_1_596' title='bbox 632 4454 751 4493; x_wconf 88' lang='lat' dir='ltr'><strong>cum</strong></span> <span class='ocrx_word' id='word_1_597' title='bbox 801 4439 897 4491; x_wconf 85' lang='lat' dir='ltr'><strong>ista</strong></span> <span class='ocrx_word' id='word_1_598' title='bbox 947 4442 1089 4490; x_wconf 87' lang='lat' dir='ltr'><strong>stare</strong></span> <span class='ocrx_word' id='word_1_599' title='bbox 1136 4435 1300 4500; x_wconf 89' lang='lat' dir='ltr'><strong>possit</strong></span> <span class='ocrx_word' id='word_1_600' title='bbox 1347 4448 1633 4502; x_wconf 68' lang='lat' dir='ltr'><strong>exponam.</strong></span> <span class='ocrx_word' id='word_1_601' title='bbox 1679 4434 1924 4489; x_wconf 82' lang='lat' dir='ltr'><strong>Philoso-</strong></span> 
     </span>
    </p>
   </div>
   <div class='ocr_carea' id='block_1_78' title="bbox 360 4503 1924 4576">
    <p class='ocr_par' dir='ltr' id='par_1_78' title="bbox 360 4503 1924 4576">
     <span class='ocr_line' id='line_1_78' title="bbox 360 4503 1924 4576; baseline 0.002 -21"><span class='ocrx_word' id='word_1_602' title='bbox 360 4506 500 4572; x_wconf 88' lang='lat' dir='ltr'><strong>phus</strong></span> <span class='ocrx_word' id='word_1_603' title='bbox 531 4507 687 4576; x_wconf 71' lang='lat' dir='ltr'><strong>igitur</strong></span> <span class='ocrx_word' id='word_1_604' title='bbox 727 4518 972 4576; x_wconf 83' lang='lat' dir='ltr'><strong>tanquam</strong></span> <span class='ocrx_word' id='word_1_605' title='bbox 1024 4505 1273 4575; x_wconf 83' lang='lat' dir='ltr'><strong>physicus</strong></span> <span class='ocrx_word' id='word_1_606' title='bbox 1302 4504 1368 4560; x_wconf 85' lang='lat' dir='ltr'><strong>de</strong></span> <span class='ocrx_word' id='word_1_607' title='bbox 1393 4503 1594 4560; x_wconf 85' lang='lat' dir='ltr'><strong>naturis</strong></span> <span class='ocrx_word' id='word_1_608' title='bbox 1622 4518 1924 4576; x_wconf 81' lang='lat' dir='ltr'><strong>corporum</strong></span> 
     </span>
    </p>
   </div>
   <div class='ocr_carea' id='block_1_79' title="bbox 360 4575 1921 4646">
    <p class='ocr_par' dir='ltr' id='par_1_79' title="bbox 360 4575 1921 4646">
     <span class='ocr_line' id='line_1_79' title="bbox 360 4575 1921 4646; baseline 0.002 -19"><span class='ocrx_word' id='word_1_609' title='bbox 360 4575 616 4643; x_wconf 80' lang='lat' dir='ltr'><strong>tractatis,</strong></span> <span class='ocrx_word' id='word_1_610' title='bbox 657 4575 873 4646; x_wconf 83' lang='lat' dir='ltr'><strong>simplas</strong></span> <span class='ocrx_word' id='word_1_611' title='bbox 902 4578 1108 4631; x_wconf 89' lang='lat' dir='ltr'><strong>illarum</strong></span> <span class='ocrx_word' id='word_1_612' title='bbox 1134 4585 1189 4646; x_wconf 80' lang='lat' dir='ltr'><strong>et</strong></span> <span class='ocrx_word' id='word_1_613' title='bbox 1218 4575 1466 4646; x_wconf 89' lang='lat' dir='ltr'><strong>minimas</strong></span> <span class='ocrx_word' id='word_1_614' title='bbox 1498 4575 1782 4641; x_wconf 85' lang='lat' dir='ltr'><strong>particulas</strong></span> <span class='ocrx_word' id='word_1_615' title='bbox 1811 4578 1921 4630; x_wconf 86' lang='lat' dir='ltr'><strong>ele-</strong></span> 
     </span>
    </p>
   </div>
   <div class='ocr_carea' id='block_1_80' title="bbox 359 4645 1916 4718">
    <p class='ocr_par' dir='ltr' id='par_1_80' title="bbox 359 4645 1916 4718">
     <span class='ocr_line' id='line_1_80' title="bbox 359 4645 1916 4718; baseline 0.002 -20"><span class='ocrx_word' id='word_1_616' title='bbox 359 4659 538 4701; x_wconf 82' lang='lat' dir='ltr'><strong>menta</strong></span> <span class='ocrx_word' id='word_1_617' title='bbox 586 4649 734 4716; x_wconf 85' lang='lat' dir='ltr'><strong>quasi</strong></span> <span class='ocrx_word' id='word_1_618' title='bbox 766 4645 952 4718; x_wconf 82' lang='lat' dir='ltr'><strong>prima</strong></span> <span class='ocrx_word' id='word_1_619' title='bbox 1009 4645 1262 4718; x_wconf 84' lang='lat' dir='ltr'><strong>principia</strong></span> <span class='ocrx_word' id='word_1_620' title='bbox 1320 4648 1545 4700; x_wconf 78' lang='lat' dir='ltr'><strong>vocavit.</strong></span> <span class='ocrx_word' id='word_1_621' title='bbox 1591 4646 1916 4718; x_wconf 73' lang='lat' dir='ltr'><strong>Philosophi</strong></span> 
     </span>
    </p>
   </div>
   <div class='ocr_carea' id='block_1_81' title="bbox 358 4715 1916 4786">
    <p class='ocr_par' dir='ltr' id='par_1_81' title="bbox 358 4715 1916 4786">
     <span class='ocr_line' id='line_1_81' title="bbox 358 4715 1916 4786; baseline 0.003 -19"><span class='ocrx_word' id='word_1_622' title='bbox 358 4730 489 4771; x_wconf 87' lang='lat' dir='ltr'><strong>vero</strong></span> <span class='ocrx_word' id='word_1_623' title='bbox 523 4715 898 4775; x_wconf 23' lang='lat' dir='ltr'><strong>de’creatione</strong></span> <span class='ocrx_word' id='word_1_624' title='bbox 945 4716 1401 4786; x_wconf 75' lang='lat' dir='ltr'><strong>mendiagentes,</strong></span> <span class='ocrx_word' id='word_1_625' title='bbox 1426 4732 1530 4771; x_wconf 89' lang='lat' dir='ltr'><strong>non</strong></span> <span class='ocrx_word' id='word_1_626' title='bbox 1572 4715 1640 4770; x_wconf 90' lang='lat' dir='ltr'><strong>de</strong></span> <span class='ocrx_word' id='word_1_627' title='bbox 1685 4719 1916 4786; x_wconf 75' lang='lat' dir='ltr'><strong>singulo-</strong></span> 
     </span>
    </p>
   </div>
   <div class='ocr_carea' id='block_1_82' title="bbox 357 4785 1918 4860">
    <p class='ocr_par' dir='ltr' id='par_1_82' title="bbox 357 4785 1918 4860">
     <span class='ocr_line' id='line_1_82' title="bbox 357 4785 1918 4860; baseline 0.001 -21"><span class='ocrx_word' id='word_1_628' title='bbox 357 4801 477 4860; x_wconf 88' lang='lat' dir='ltr'><strong>rum</strong></span> <span class='ocrx_word' id='word_1_629' title='bbox 531 4804 811 4860; x_wconf 79' lang='lat' dir='ltr'><strong>rorporum</strong></span> <span class='ocrx_word' id='word_1_630' title='bbox 861 4789 1106 4860; x_wconf 74' lang='lat' dir='ltr'><strong>naturis,_</strong></span> <span class='ocrx_word' id='word_1_631' title='bbox 1133 4785 1232 4840; x_wconf 89' lang='lat' dir='ltr'><strong>ista</strong></span> <span class='ocrx_word' id='word_1_632' title='bbox 1268 4797 1492 4854; x_wconf 87' lang='lat' dir='ltr'><strong>quatuor</strong></span> <span class='ocrx_word' id='word_1_633' title='bbox 1515 4803 1632 4856; x_wconf 65' lang='lat' dir='ltr'><strong>quae</strong></span> <span class='ocrx_word' id='word_1_634' title='bbox 1671 4785 1918 4860; x_wconf 84' lang='lat' dir='ltr'><strong>videntur</strong></span> 
     </span>
    </p>
   </div>
   <div class='ocr_carea' id='block_1_83' title="bbox 357 4857 1921 4926">
    <p class='ocr_par' dir='ltr' id='par_1_83' title="bbox 357 4857 1921 4926">
     <span class='ocr_line' id='line_1_83' title="bbox 357 4857 1921 4926; baseline 0 -16"><span class='ocrx_word' id='word_1_635' title='bbox 357 4857 642 4914; x_wconf 66' lang='lat' dir='ltr'><strong>elementa</strong></span> <span class='ocrx_word' id='word_1_636' title='bbox 674 4861 856 4914; x_wconf 85' lang='lat' dir='ltr'><strong>mundi</strong></span> <span class='ocrx_word' id='word_1_637' title='bbox 897 4873 1016 4913; x_wconf 81' lang='lat' dir='ltr'><strong>esse</strong></span> <span class='ocrx_word' id='word_1_638' title='bbox 1057 4857 1329 4921; x_wconf 74' lang='lat' dir='ltr'><strong>dixerunt,</strong></span> <span class='ocrx_word' id='word_1_639' title='bbox 1377 4873 1498 4926; x_wconf 76' lang='lat' dir='ltr'><strong>qua:</strong></span> <span class='ocrx_word' id='word_1_640' title='bbox 1529 4873 1594 4912; x_wconf 83' lang='lat' dir='ltr'><strong>ex</strong></span> <span class='ocrx_word' id='word_1_641' title='bbox 1634 4859 1750 4913; x_wconf 85' lang='lat' dir='ltr'><strong>istis</strong></span> <span class='ocrx_word' id='word_1_642' title='bbox 1789 4872 1921 4914; x_wconf 84' lang='lat' dir='ltr'><strong>con-</strong></span> 
     </span>
    </p>
   </div>
   <div class='ocr_carea' id='block_1_84' title="bbox 357 4927 1920 4998">
    <p class='ocr_par' dir='ltr' id='par_1_84' title="bbox 357 4927 1920 4998">
     <span class='ocr_line' id='line_1_84' title="bbox 357 4927 1920 4998; baseline 0.002 -19"><span class='ocrx_word' id='word_1_643' title='bbox 357 4938 537 4995; x_wconf 82' lang='lat' dir='ltr'><strong>stant;</strong></span> <span class='ocrx_word' id='word_1_644' title='bbox 568 4942 622 4986; x_wconf 85' lang='lat' dir='ltr'><strong>et</strong></span> <span class='ocrx_word' id='word_1_645' title='bbox 651 4933 748 4986; x_wconf 83' lang='lat' dir='ltr'><strong>iSta</strong></span> <span class='ocrx_word' id='word_1_646' title='bbox 782 4934 1008 4998; x_wconf 88' lang='lat' dir='ltr'><strong>primum</strong></span> <span class='ocrx_word' id='word_1_647' title='bbox 1035 4937 1209 4981; x_wconf 87' lang='lat' dir='ltr'><strong>creata</strong></span> <span class='ocrx_word' id='word_1_648' title='bbox 1238 4939 1382 4991; x_wconf 88' lang='lat' dir='ltr'><strong>sunt,</strong></span> <span class='ocrx_word' id='word_1_649' title='bbox 1433 4927 1630 4985; x_wconf 88' lang='lat' dir='ltr'><strong>deinde</strong></span> <span class='ocrx_word' id='word_1_650' title='bbox 1655 4944 1719 4987; x_wconf 77' lang='lat' dir='ltr'><strong>ex</strong></span> <span class='ocrx_word' id='word_1_651' title='bbox 1753 4927 1834 4983; x_wconf 85' lang='lat' dir='ltr'><strong>his</strong></span> <span class='ocrx_word' id='word_1_652' title='bbox 1863 4938 1920 4982; x_wconf 93' lang='lat' dir='ltr'><strong>ut</strong></span> 
     </span>
    </p>
   </div>
   <div class='ocr_carea' id='block_1_85' title="bbox 356 4999 1916 5067">
    <p class='ocr_par' dir='ltr' id='par_1_85' title="bbox 356 4999 1916 5067">
     <span class='ocr_line' id='line_1_85' title="bbox 356 4999 1916 5067; baseline 0.002 -18"><span class='ocrx_word' id='word_1_653' title='bbox 356 5013 421 5050; x_wconf 80' lang='lat' dir='ltr'><strong>ex</strong></span> <span class='ocrx_word' id='word_1_654' title='bbox 450 4999 729 5055; x_wconf 86' lang='lat' dir='ltr'><strong>elementis</strong></span> <span class='ocrx_word' id='word_1_655' title='bbox 755 5012 947 5055; x_wconf 69' lang='lat' dir='ltr'><strong>caetera</strong></span> <span class='ocrx_word' id='word_1_656' title='bbox 975 5000 1149 5052; x_wconf 73' lang='lat' dir='ltr'><strong>militia</strong></span> <span class='ocrx_word' id='word_1_657' title='bbox 1177 4999 1315 5051; x_wconf 76' lang='lat' dir='ltr'><strong>facta</strong></span> <span class='ocrx_word' id='word_1_658' title='bbox 1341 5008 1486 5061; x_wconf 85' lang='lat' dir='ltr'><strong>sunt.</strong></span> <span class='ocrx_word' id='word_1_659' title='bbox 1518 5009 1576 5052; x_wconf 94' lang='lat' dir='ltr'><strong>ut</strong></span> <span class='ocrx_word' id='word_1_660' title='bbox 1605 4999 1655 5054; x_wconf 91' lang='lat' dir='ltr'><strong>in</strong></span> <span class='ocrx_word' id='word_1_661' title='bbox 1685 5013 1916 5067; x_wconf 80' lang='lat' dir='ltr'><strong>sequen-</strong></span> 
     </span>
    </p>
   </div>
   <div class='ocr_carea' id='block_1_86' title="bbox 359 5069 1918 5133">
    <p class='ocr_par' dir='ltr' id='par_1_86' title="bbox 359 5069 1918 5133">
     <span class='ocr_line' id='line_1_86' title="bbox 359 5069 1918 5133; baseline 0.003 -13"><span class='ocrx_word' id='word_1_662' title='bbox 359 5070 500 5123; x_wconf 80' lang='lat' dir='ltr'><strong>tibus</strong></span> <span class='ocrx_word' id='word_1_663' title='bbox 527 5073 840 5127; x_wconf 84' lang='lat' dir='ltr'><strong>ostenditur.</strong></span> <span class='ocrx_word' id='word_1_664' title='bbox 885 5070 1037 5124; x_wconf 78' lang='lat' dir='ltr'><strong>Nulla</strong></span> <span class='ocrx_word' id='word_1_665' title='bbox 1069 5079 1144 5121; x_wconf 76' lang='lat' dir='ltr'><strong>est</strong></span> <span class='ocrx_word' id='word_1_666' title='bbox 1174 5083 1298 5133; x_wconf 65' lang='lat' dir='ltr'><strong>ergo</strong></span> <span class='ocrx_word' id='word_1_667' title='bbox 1329 5070 1466 5122; x_wconf 69' lang='lat' dir='ltr'><strong>inter</strong></span> <span class='ocrx_word' id='word_1_668' title='bbox 1492 5084 1586 5124; x_wconf 88' lang='lat' dir='ltr'><strong>eos</strong></span> <span class='ocrx_word' id='word_1_669' title='bbox 1621 5069 1918 5124; x_wconf 86' lang='lat' dir='ltr'><strong>contrarie-</strong></span> 
     </span>
    </p>
   </div>
   <div class='ocr_carea' id='block_1_87' title="bbox 357 5138 1917 5198">
    <p class='ocr_par' dir='ltr' id='par_1_87' title="bbox 357 5138 1917 5198">
     <span class='ocr_line' id='line_1_87' title="bbox 357 5138 1917 5198; baseline 0.001 -6"><span class='ocrx_word' id='word_1_670' title='bbox 357 5148 462 5193; x_wconf 83' lang='lat' dir='ltr'><strong>tas.</strong></span> <span class='ocrx_word' id='word_1_671' title='bbox 487 5139 594 5196; x_wconf 87' lang='lat' dir='ltr'><strong>Sed</strong></span> <span class='ocrx_word' id='word_1_672' title='bbox 622 5143 807 5198; x_wconf 82' lang='lat' dir='ltr'><strong>dicunt</strong></span> <span class='ocrx_word' id='word_1_673' title='bbox 832 5150 1015 5196; x_wconf 84' lang='lat' dir='ltr'><strong>contra</strong></span> <span class='ocrx_word' id='word_1_674' title='bbox 1045 5157 1060 5193; x_wconf 87' lang='lat'><strong>:</strong></span> <span class='ocrx_word' id='word_1_675' title='bbox 1089 5138 1296 5192; x_wconf 67' lang='lat' dir='ltr'><strong>Nullum</strong></span> <span class='ocrx_word' id='word_1_676' title='bbox 1345 5139 1570 5192; x_wconf 79' lang='lat' dir='ltr'><strong>istorum</strong></span> <span class='ocrx_word' id='word_1_677' title='bbox 1595 5143 1917 5195; x_wconf 86' lang='lat' dir='ltr'><strong>elementum</strong></span> 
     </span>
    </p>
   </div>
   <div class='ocr_carea' id='block_1_88' title="bbox 354 5209 1922 5282">
    <p class='ocr_par' dir='ltr' id='par_1_88' title="bbox 354 5209 1922 5282">
     <span class='ocr_line' id='line_1_88' title="bbox 354 5209 1922 5282; baseline 0.003 -20"><span class='ocrx_word' id='word_1_678' title='bbox 354 5216 464 5276; x_wconf 80' lang='lat' dir='ltr'><strong>est,</strong></span> <span class='ocrx_word' id='word_1_679' title='bbox 515 5213 636 5282; x_wconf 84' lang='lat' dir='ltr'><strong>quia</strong></span> <span class='ocrx_word' id='word_1_680' title='bbox 682 5213 884 5268; x_wconf 88' lang='lat' dir='ltr'><strong>nullum</strong></span> <span class='ocrx_word' id='word_1_681' title='bbox 932 5219 1016 5264; x_wconf 81' lang='lat' dir='ltr'><strong>est</strong></span> <span class='ocrx_word' id='word_1_682' title='bbox 1041 5223 1243 5282; x_wconf 76' lang='lat' dir='ltr'><strong>eorum</strong></span> <span class='ocrx_word' id='word_1_683' title='bbox 1271 5209 1411 5282; x_wconf 85' lang='lat' dir='ltr'><strong>quod</strong></span> <span class='ocrx_word' id='word_1_684' title='bbox 1443 5223 1507 5262; x_wconf 77' lang='lat' dir='ltr'><strong>ex</strong></span> <span class='ocrx_word' id='word_1_685' title='bbox 1547 5219 1772 5280; x_wconf 90' lang='lat' dir='ltr'><strong>quatuor</strong></span> <span class='ocrx_word' id='word_1_686' title='bbox 1813 5215 1922 5267; x_wconf 86' lang='lat' dir='ltr'><strong>ele-</strong></span> 
     </span>
    </p>
   </div>
   <div class='ocr_carea' id='block_1_89' title="bbox 357 5278 1920 5345">
    <p class='ocr_par' dir='ltr' id='par_1_89' title="bbox 357 5278 1920 5345">
     <span class='ocr_line' id='line_1_89' title="bbox 357 5278 1920 5345; baseline 0.001 -11"><span class='ocrx_word' id='word_1_687' title='bbox 357 5278 556 5337; x_wconf 75' lang='lat' dir='ltr'><strong>mentis</strong></span> <span class='ocrx_word' id='word_1_688' title='bbox 593 5282 794 5337; x_wconf 76' lang='lat' dir='ltr'><strong>factum</strong></span> <span class='ocrx_word' id='word_1_689' title='bbox 835 5297 940 5336; x_wconf 92' lang='lat' dir='ltr'><strong>nou</strong></span> <span class='ocrx_word' id='word_1_690' title='bbox 971 5282 1060 5334; x_wconf 87' lang='lat' dir='ltr'><strong>sit.</strong></span> <span class='ocrx_word' id='word_1_691' title='bbox 1092 5278 1246 5345; x_wconf 82' lang='lat' dir='ltr'><strong>Quod</strong></span> <span class='ocrx_word' id='word_1_692' title='bbox 1290 5278 1367 5333; x_wconf 73' lang='lat' dir='ltr'><strong>Sic</strong></span> <span class='ocrx_word' id='word_1_693' title='bbox 1396 5278 1661 5345; x_wconf 85' lang='lat' dir='ltr'><strong>probant:</strong></span> <span class='ocrx_word' id='word_1_694' title='bbox 1697 5285 1746 5332; x_wconf 88' lang='lat' dir='ltr'><strong>in</strong></span> <span class='ocrx_word' id='word_1_695' title='bbox 1782 5291 1920 5336; x_wconf 83' lang='lat' dir='ltr'><strong>terra</strong></span> 
     </span>
    </p>
   </div>
   <div class='ocr_carea' id='block_1_90' title="bbox 355 5349 1922 5420">
    <p class='ocr_par' dir='ltr' id='par_1_90' title="bbox 355 5349 1922 5420">
     <span class='ocr_line' id='line_1_90' title="bbox 355 5349 1922 5420; baseline 0.001 -14"><span class='ocrx_word' id='word_1_696' title='bbox 355 5361 443 5406; x_wconf 84' lang='lat' dir='ltr'><strong>est</strong></span> <span class='ocrx_word' id='word_1_697' title='bbox 471 5352 671 5420; x_wconf 87' lang='lat' dir='ltr'><strong>aliquid</strong></span> <span class='ocrx_word' id='word_1_698' title='bbox 714 5355 782 5409; x_wconf 85' lang='lat' dir='ltr'><strong>de</strong></span> <span class='ocrx_word' id='word_1_699' title='bbox 825 5366 984 5418; x_wconf 86' lang='lat' dir='ltr'><strong>aqua,</strong></span> <span class='ocrx_word' id='word_1_700' title='bbox 1013 5352 1134 5418; x_wconf 81' lang='lat' dir='ltr'><strong>quia</strong></span> <span class='ocrx_word' id='word_1_701' title='bbox 1165 5349 1359 5420; x_wconf 79' lang='lat' dir='ltr'><strong>aliquid</strong></span> <span class='ocrx_word' id='word_1_702' title='bbox 1403 5351 1733 5405; x_wconf 87' lang='lat' dir='ltr'><strong>humiditatis</strong></span> <span class='ocrx_word' id='word_1_703' title='bbox 1779 5357 1922 5408; x_wconf 80' lang='lat' dir='ltr'><strong>vide-</strong></span> 
     </span>
    </p>
   </div>
   <div class='ocr_carea' id='block_1_91' title="bbox 357 5419 1924 5490">
    <p class='ocr_par' dir='ltr' id='par_1_91' title="bbox 357 5419 1924 5490">
     <span class='ocr_line' id='line_1_91' title="bbox 357 5419 1924 5490; baseline 0.004 -16"><span class='ocrx_word' id='word_1_704' title='bbox 357 5436 481 5476; x_wconf 87' lang='lat' dir='ltr'><strong>mus</strong></span> <span class='ocrx_word' id='word_1_705' title='bbox 508 5419 678 5478; x_wconf 76' lang='lat' dir='ltr'><strong>eaire.</strong></span> <span class='ocrx_word' id='word_1_706' title='bbox 707 5423 764 5476; x_wconf 91' lang='lat' dir='ltr'><strong>In</strong></span> <span class='ocrx_word' id='word_1_707' title='bbox 794 5424 979 5477; x_wconf 76' lang='lat' dir='ltr'><strong>eadem</strong></span> <span class='ocrx_word' id='word_1_708' title='bbox 1023 5429 1112 5475; x_wconf 87' lang='lat' dir='ltr'><strong>est</strong></span> <span class='ocrx_word' id='word_1_709' title='bbox 1141 5419 1336 5490; x_wconf 83' lang='lat' dir='ltr'><strong>aliquid</strong></span> <span class='ocrx_word' id='word_1_710' title='bbox 1369 5423 1530 5482; x_wconf 88' lang='lat' dir='ltr'><strong>aeris,</strong></span> <span class='ocrx_word' id='word_1_711' title='bbox 1566 5421 1706 5490; x_wconf 90' lang='lat' dir='ltr'><strong>quod</strong></span> <span class='ocrx_word' id='word_1_712' title='bbox 1736 5425 1924 5490; x_wconf 81' lang='lat' dir='ltr'><strong>probat</strong></span> 
     </span>
    </p>
   </div>
   <div class='ocr_carea' id='block_1_92' title="bbox 357 5488 1922 5562">
    <p class='ocr_par' dir='ltr' id='par_1_92' title="bbox 357 5488 1922 5562">
     <span class='ocr_line' id='line_1_92' title="bbox 357 5488 1922 5562; baseline 0.003 -18"><span class='ocrx_word' id='word_1_713' title='bbox 357 5491 538 5548; x_wconf 77' lang='lat' dir='ltr'><strong>furnus</strong></span> <span class='ocrx_word' id='word_1_714' title='bbox 560 5493 686 5548; x_wconf 87' lang='lat' dir='ltr'><strong>inde</strong></span> <span class='ocrx_word' id='word_1_715' title='bbox 709 5506 1030 5562; x_wconf 81' lang='lat' dir='ltr'><strong>evaporans,</strong></span> <span class='ocrx_word' id='word_1_716' title='bbox 1058 5501 1112 5562; x_wconf 89' lang='lat' dir='ltr'><strong>et</strong></span> <span class='ocrx_word' id='word_1_717' title='bbox 1139 5488 1338 5559; x_wconf 85' lang='lat' dir='ltr'><strong>aliquid</strong></span> <span class='ocrx_word' id='word_1_718' title='bbox 1363 5488 1748 5559; x_wconf 30' lang='lat' dir='ltr'><strong>caloris,‘quod</strong></span> <span class='ocrx_word' id='word_1_719' title='bbox 1782 5505 1922 5549; x_wconf 86' lang='lat' dir='ltr'><strong>tactu</strong></span> 
     </span>
    </p>
   </div>
   <div class='ocr_carea' id='block_1_93' title="bbox 356 5561 1923 5634">
    <p class='ocr_par' dir='ltr' id='par_1_93' title="bbox 356 5561 1923 5634">
     <span class='ocr_line' id='line_1_93' title="bbox 356 5561 1923 5634; baseline 0.001 -16"><span class='ocrx_word' id='word_1_720' title='bbox 356 5561 1028 5634; x_wconf 31' lang='lat' dir='ltr'><strong>percipimusasmiilites</strong></span> <span class='ocrx_word' id='word_1_721' title='bbox 1058 5561 1128 5616; x_wconf 88' lang='lat' dir='ltr'><strong>de</strong></span> <span class='ocrx_word' id='word_1_722' title='bbox 1166 5563 1294 5634; x_wconf 79' lang='lat' dir='ltr'><strong>aliis</strong></span> <span class='ocrx_word' id='word_1_723' title='bbox 1351 5562 1575 5629; x_wconf 89' lang='lat' dir='ltr'><strong>probant</strong></span> <span class='ocrx_word' id='word_1_724' title='bbox 1627 5567 1728 5616; x_wconf 85' lang='lat' dir='ltr'><strong>hoc</strong></span> <span class='ocrx_word' id='word_1_725' title='bbox 1785 5562 1923 5619; x_wconf 90' lang='lat' dir='ltr'><strong>idem</strong></span> 
     </span>
    </p>
   </div>
   <div class='ocr_carea' id='block_1_94' title="bbox 355 5632 1928 5690">
    <p class='ocr_par' dir='ltr' id='par_1_94' title="bbox 355 5632 1928 5690">
     <span class='ocr_line' id='line_1_94' title="bbox 355 5632 1928 5690; baseline 0.002 -3"><span class='ocrx_word' id='word_1_726' title='bbox 355 5632 676 5690; x_wconf 78' lang='lat' dir='ltr'><strong>auctoritate</strong></span> <span class='ocrx_word' id='word_1_727' title='bbox 725 5633 958 5688; x_wconf 84' lang='lat' dir='ltr'><strong>Platonis</strong></span> <span class='ocrx_word' id='word_1_728' title='bbox 981 5632 1210 5686; x_wconf 85' lang='lat' dir='ltr'><strong>dicentis</strong></span> <span class='ocrx_word' id='word_1_729' title='bbox 1241 5648 1254 5684; x_wconf 90' lang='lat'><strong>:</strong></span> <span class='ocrx_word' id='word_1_730' title='bbox 1285 5649 1304 5683; x_wconf 82' lang='lat' dir='ltr'><strong>t</strong></span> <span class='ocrx_word' id='word_1_731' title='bbox 1331 5635 1464 5685; x_wconf 70' lang='lat' dir='ltr'><strong>Cum</strong></span> <span class='ocrx_word' id='word_1_732' title='bbox 1510 5641 1650 5686; x_wconf 86' lang='lat' dir='ltr'><strong>terra</strong></span> <span class='ocrx_word' id='word_1_733' title='bbox 1693 5641 1928 5690; x_wconf 85' lang='lat' dir='ltr'><strong>transeat</strong></span> 
     </span>
    </p>
   </div>
   <div class='ocr_carea' id='block_1_95' title="bbox 358 5700 1929 5774">
    <p class='ocr_par' dir='ltr' id='par_1_95' title="bbox 358 5700 1929 5774">
     <span class='ocr_line' id='line_1_95' title="bbox 358 5700 1929 5774; baseline 0.001 -16"><span class='ocrx_word' id='word_1_734' title='bbox 358 5707 411 5758; x_wconf 91' lang='lat' dir='ltr'><strong>in</strong></span> <span class='ocrx_word' id='word_1_735' title='bbox 439 5717 656 5774; x_wconf 88' lang='lat' dir='ltr'><strong>aquam,</strong></span> <span class='ocrx_word' id='word_1_736' title='bbox 696 5713 752 5759; x_wconf 90' lang='lat' dir='ltr'><strong>et</strong></span> <span class='ocrx_word' id='word_1_737' title='bbox 791 5719 924 5774; x_wconf 82' lang='lat' dir='ltr'><strong>aqua</strong></span> <span class='ocrx_word' id='word_1_738' title='bbox 977 5702 1029 5756; x_wconf 90' lang='lat' dir='ltr'><strong>in</strong></span> <span class='ocrx_word' id='word_1_739' title='bbox 1061 5711 1280 5768; x_wconf 88' lang='lat' dir='ltr'><strong>terram,</strong></span> <span class='ocrx_word' id='word_1_740' title='bbox 1312 5717 1474 5769; x_wconf 85' lang='lat' dir='ltr'><strong>quare</strong></span> <span class='ocrx_word' id='word_1_741' title='bbox 1512 5700 1683 5773; x_wconf 74' lang='lat' dir='ltr'><strong>mgis</strong></span> <span class='ocrx_word' id='word_1_742' title='bbox 1720 5704 1929 5761; x_wconf 89' lang='lat' dir='ltr'><strong>dicatur</strong></span> 
     </span>
    </p>
   </div>
   <div class='ocr_carea' id='block_1_96' title="bbox 357 5774 1926 5844">
    <p class='ocr_par' dir='ltr' id='par_1_96' title="bbox 357 5774 1926 5844">
     <span class='ocr_line' id='line_1_96' title="bbox 357 5774 1926 5844; baseline 0.002 -16"><span class='ocrx_word' id='word_1_743' title='bbox 357 5789 495 5840; x_wconf 83' lang='lat' dir='ltr'><strong>aqua</strong></span> <span class='ocrx_word' id='word_1_744' title='bbox 517 5789 678 5844; x_wconf 85' lang='lat' dir='ltr'><strong>quam</strong></span> <span class='ocrx_word' id='word_1_745' title='bbox 709 5785 870 5829; x_wconf 87' lang='lat' dir='ltr'><strong>terra.</strong></span> <span class='ocrx_word' id='word_1_746' title='bbox 907 5792 928 5826; x_wconf 72' lang='grc' dir='ltr'><strong>ι</strong></span> <span class='ocrx_word' id='word_1_747' title='bbox 981 5774 1086 5828; x_wconf 76' lang='lat' dir='ltr'><strong>Nos</strong></span> <span class='ocrx_word' id='word_1_748' title='bbox 1113 5789 1240 5844; x_wconf 75' lang='lat' dir='ltr'><strong>vero</strong></span> <span class='ocrx_word' id='word_1_749' title='bbox 1267 5774 1678 5828; x_wconf 86' lang='lat' dir='ltr'><strong>contradicimus</strong></span> <span class='ocrx_word' id='word_1_750' title='bbox 1708 5777 1761 5830; x_wconf 86' lang='lat' dir='ltr'><strong>in</strong></span> <span class='ocrx_word' id='word_1_751' title='bbox 1794 5791 1926 5832; x_wconf 87' lang='lat' dir='ltr'><strong>uno-</strong></span> 
     </span>
    </p>
   </div>
   <div class='ocr_carea' id='block_1_97' title="bbox 353 5842 1927 5915">
    <p class='ocr_par' dir='ltr' id='par_1_97' title="bbox 353 5842 1927 5915">
     <span class='ocr_line' id='line_1_97' title="bbox 353 5842 1927 5915; baseline 0.006 -21"><span class='ocrx_word' id='word_1_752' title='bbox 353 5842 567 5915; x_wconf 62' lang='grc' dir='ltr'><strong>«ευιηιιὸ</strong></span> <span class='ocrx_word' id='word_1_753' title='bbox 593 5846 808 5900; x_wconf 89' lang='lat' dir='ltr'><strong>illorum</strong></span> <span class='ocrx_word' id='word_1_754' title='bbox 838 5845 906 5900; x_wconf 88' lang='lat' dir='ltr'><strong>de</strong></span> <span class='ocrx_word' id='word_1_755' title='bbox 936 5845 1056 5899; x_wconf 84' lang='lat' dir='ltr'><strong>aliis</strong></span> <span class='ocrx_word' id='word_1_756' title='bbox 1095 5842 1292 5912; x_wconf 83' lang='lat' dir='ltr'><strong>aliquid</strong></span> <span class='ocrx_word' id='word_1_757' title='bbox 1336 5857 1479 5910; x_wconf 88' lang='lat' dir='ltr'><strong>esse,</strong></span> <span class='ocrx_word' id='word_1_758' title='bbox 1509 5857 1609 5900; x_wconf 88' lang='lat' dir='ltr'><strong>nec</strong></span> <span class='ocrx_word' id='word_1_759' title='bbox 1647 5855 1824 5903; x_wconf 86' lang='lat' dir='ltr'><strong>tamen</strong></span> <span class='ocrx_word' id='word_1_760' title='bbox 1863 5862 1927 5903; x_wconf 86' lang='lat' dir='ltr'><strong>ea</strong></span> 
     </span>
    </p>
   </div>
   <div class='ocr_carea' id='block_1_98' title="bbox 357 5915 1927 5986">
    <p class='ocr_par' dir='ltr' id='par_1_98' title="bbox 357 5915 1927 5986">
     <span class='ocr_line' id='line_1_98' title="bbox 357 5915 1927 5986; baseline 0.003 -14"><span class='ocrx_word' id='word_1_761' title='bbox 357 5917 482 5974; x_wconf 78' lang='lat' dir='ltr'><strong>inde</strong></span> <span class='ocrx_word' id='word_1_762' title='bbox 503 5929 621 5973; x_wconf 81' lang='lat' dir='ltr'><strong>esse</strong></span> <span class='ocrx_word' id='word_1_763' title='bbox 641 5918 802 5979; x_wconf 77' lang='lat' dir='ltr'><strong>facta,</strong></span> <span class='ocrx_word' id='word_1_764' title='bbox 822 5916 942 5986; x_wconf 87' lang='lat' dir='ltr'><strong>quia</strong></span> <span class='ocrx_word' id='word_1_765' title='bbox 971 5931 1076 5971; x_wconf 77' lang='lat' dir='ltr'><strong>non</strong></span> <span class='ocrx_word' id='word_1_766' title='bbox 1097 5915 1534 5985; x_wconf 74' lang='lat' dir='ltr'><strong>substantialiter,</strong></span> <span class='ocrx_word' id='word_1_767' title='bbox 1559 5915 1653 5974; x_wconf 80' lang='lat' dir='ltr'><strong>sed</strong></span> <span class='ocrx_word' id='word_1_768' title='bbox 1683 5918 1927 5976; x_wconf 84' lang='lat' dir='ltr'><strong>acciden-</strong></span> 
     </span>
    </p>
   </div>
   <div class='ocr_carea' id='block_1_99' title="bbox 2021 1965 3592 2040">
    <p class='ocr_par' dir='ltr' id='par_1_99' title="bbox 2021 1965 3592 2040">
     <span class='ocr_line' id='line_1_99' title="bbox 2021 1965 3592 2040; baseline 0.003 -25"><span class='ocrx_word' id='word_1_769' title='bbox 2021 1966 2396 2040; x_wconf 59' lang='lat' dir='ltr'><strong>praedictorum</strong></span> <span class='ocrx_word' id='word_1_770' title='bbox 2437 1979 2720 2040; x_wconf 82' lang='lat' dir='ltr'><strong>corporum</strong></span> <span class='ocrx_word' id='word_1_771' title='bbox 2772 1965 3174 2040; x_wconf 43' lang='lat' dir='ltr'><strong>particulaeLut</strong></span> <span class='ocrx_word' id='word_1_772' title='bbox 3204 1967 3389 2040; x_wconf 83' lang='lat' dir='ltr'><strong>dicunt</strong></span> <span class='ocrx_word' id='word_1_773' title='bbox 3420 1975 3592 2040; x_wconf 85' lang='lat' dir='ltr'><strong>philo.</strong></span> 
     </span>
    </p>
   </div>
   <div class='ocr_carea' id='block_1_100' title="bbox 2018 2035 3589 2113">
    <p class='ocr_par' dir='ltr' id='par_1_100' title="bbox 2018 2035 3589 2113">
     <span class='ocr_line' id='line_1_100' title="bbox 2018 2035 3589 2113; baseline 0.007 -26"><span class='ocrx_word' id='word_1_774' title='bbox 2018 2035 2368 2113; x_wconf 74' lang='lat' dir='ltr'><strong>soplii._Sunt</strong></span> <span class='ocrx_word' id='word_1_775' title='bbox 2395 2045 2572 2113; x_wconf 74' lang='lat' dir='ltr'><strong>autem</strong></span> <span class='ocrx_word' id='word_1_776' title='bbox 2618 2035 2886 2113; x_wconf 78' lang='lat' dir='ltr'><strong>elementa</strong></span> <span class='ocrx_word' id='word_1_777' title='bbox 2920 2035 3125 2113; x_wconf 80' lang='lat' dir='ltr'><strong>mundi,</strong></span> <span class='ocrx_word' id='word_1_778' title='bbox 3145 2105 3156 2113; x_wconf 89' lang='lat'><em>_</em></span> <span class='ocrx_word' id='word_1_779' title='bbox 3176 2047 3234 2091; x_wconf 90' lang='lat' dir='ltr'><strong>ut</strong></span> <span class='ocrx_word' id='word_1_780' title='bbox 3262 2035 3446 2113; x_wconf 71' lang='lat' dir='ltr'><strong>dicunt</strong></span> <span class='ocrx_word' id='word_1_781' title='bbox 3476 2046 3589 2113; x_wconf 83' lang='lat' dir='ltr'><strong>phi-</strong></span> 
     </span>
    </p>
   </div>
   <div class='ocr_carea' id='block_1_101' title="bbox 2021 2103 3580 2176">
    <p class='ocr_par' dir='ltr' id='par_1_101' title="bbox 2021 2103 3580 2176">
     <span class='ocr_line' id='line_1_101' title="bbox 2021 2103 3580 2176; baseline 0.007 -20"><span class='ocrx_word' id='word_1_782' title='bbox 2021 2103 2261 2175; x_wconf 70' lang='grc' dir='ltr'><strong>ιοέοριιί,</strong></span> <span class='ocrx_word' id='word_1_783' title='bbox 2292 2122 2408 2174; x_wconf 74' lang='lat' dir='ltr'><strong>qua:</strong></span> <span class='ocrx_word' id='word_1_784' title='bbox 2435 2106 2700 2171; x_wconf 86' lang='lat' dir='ltr'><strong>videntur,</strong></span> <span class='ocrx_word' id='word_1_785' title='bbox 2747 2105 2815 2160; x_wconf 90' lang='lat' dir='ltr'><strong>de</strong></span> <span class='ocrx_word' id='word_1_786' title='bbox 2843 2104 3036 2176; x_wconf 85' lang='lat' dir='ltr'><strong>quibus</strong></span> <span class='ocrx_word' id='word_1_787' title='bbox 3067 2105 3368 2176; x_wconf 87' lang='lat' dir='ltr'><strong>bujusmodi</strong></span> <span class='ocrx_word' id='word_1_788' title='bbox 3397 2103 3580 2170; x_wconf 73' lang='lat' dir='ltr'><strong>tracta-</strong></span> 
     </span>
    </p>
   </div>
   <div class='ocr_carea' id='block_1_102' title="bbox 2019 2176 2556 2232">
    <p class='ocr_par' dir='ltr' id='par_1_102' title="bbox 2019 2176 2556 2232">
     <span class='ocr_line' id='line_1_102' title="bbox 2019 2176 2556 2232; baseline 0 -3"><span class='ocrx_word' id='word_1_789' title='bbox 2019 2185 2104 2230; x_wconf 85' lang='lat' dir='ltr'><strong>tus</strong></span> <span class='ocrx_word' id='word_1_790' title='bbox 2134 2178 2404 2232; x_wconf 90' lang='lat' dir='ltr'><strong>habendus</strong></span> <span class='ocrx_word' id='word_1_791' title='bbox 2435 2176 2556 2231; x_wconf 90' lang='lat' dir='ltr'><strong>erit.</strong></span> 
     </span>
    </p>
   </div>
   <div class='ocr_carea' id='block_1_103' title="bbox 2089 2245 3590 2320">
    <p class='ocr_par' dir='ltr' id='par_1_103' title="bbox 2089 2245 3590 2320">
     <span class='ocr_line' id='line_1_103' title="bbox 2089 2245 3590 2320; baseline 0.007 -20"><span class='ocrx_word' id='word_1_792' title='bbox 2089 2246 2264 2315; x_wconf 87' lang='lat' dir='ltr'><strong>Quare</strong></span> <span class='ocrx_word' id='word_1_793' title='bbox 2299 2246 2721 2320; x_wconf 72' lang='lat' dir='ltr'><strong>unumquodque</strong></span> <span class='ocrx_word' id='word_1_794' title='bbox 2760 2245 2958 2320; x_wconf 77' lang='lat' dir='ltr'><strong>factum</strong></span> <span class='ocrx_word' id='word_1_795' title='bbox 3006 2247 3094 2312; x_wconf 86' lang='lat' dir='ltr'><strong>sit,</strong></span> <span class='ocrx_word' id='word_1_796' title='bbox 3143 2263 3309 2316; x_wconf 90' lang='lat' dir='ltr'><strong>quare</strong></span> <span class='ocrx_word' id='word_1_797' title='bbox 3338 2264 3590 2320; x_wconf 86' lang='lat' dir='ltr'><strong>quatuor,</strong></span> 
     </span>
    </p>
   </div>
   <div class='ocr_carea' id='block_1_104' title="bbox 2020 2317 3593 2394">
    <p class='ocr_par' dir='ltr' id='par_1_104' title="bbox 2020 2317 3593 2394">
     <span class='ocr_line' id='line_1_104' title="bbox 2020 2317 3593 2394; baseline 0.006 -22"><span class='ocrx_word' id='word_1_798' title='bbox 2020 2331 2118 2372; x_wconf 86' lang='lat' dir='ltr'><strong>nec</strong></span> <span class='ocrx_word' id='word_1_799' title='bbox 2160 2317 2596 2394; x_wconf 38' lang='lat' dir='ltr'><strong>pquciorabSed</strong></span> <span class='ocrx_word' id='word_1_800' title='bbox 2637 2319 2758 2394; x_wconf 76' lang='lat' dir='ltr'><strong>quia</strong></span> <span class='ocrx_word' id='word_1_801' title='bbox 2809 2317 3018 2394; x_wconf 61' lang='grc' dir='ltr'><strong>ἢιίιιίιξιι⁸</strong></span> <span class='ocrx_word' id='word_1_802' title='bbox 3043 2328 3145 2394; x_wconf 86' lang='lat' dir='ltr'><strong>e_st_</strong></span> <span class='ocrx_word' id='word_1_803' title='bbox 3168 2317 3432 2394; x_wconf 74' lang='lat' dir='ltr'><strong>sententia</strong></span> <span class='ocrx_word' id='word_1_804' title='bbox 3473 2317 3593 2394; x_wconf 67' lang='lat' dir='ltr'><strong>quae</strong></span> 
     </span>
    </p>
   </div>
   <div class='ocr_carea' id='block_1_105' title="bbox 2019 2387 3591 2456">
    <p class='ocr_par' dir='ltr' id='par_1_105' title="bbox 2019 2387 3591 2456">
     <span class='ocr_line' id='line_1_105' title="bbox 2019 2387 3591 2456; baseline 0.006 -15"><span class='ocrx_word' id='word_1_805' title='bbox 2019 2387 2338 2444; x_wconf 81' lang='lat' dir='ltr'><strong>auctoritate</strong></span> <span class='ocrx_word' id='word_1_806' title='bbox 2372 2388 2629 2456; x_wconf 85' lang='lat' dir='ltr'><strong>sapientis</strong></span> <span class='ocrx_word' id='word_1_807' title='bbox 2655 2389 2838 2453; x_wconf 88' lang='lat' dir='ltr'><strong>utitur,</strong></span> <span class='ocrx_word' id='word_1_808' title='bbox 2893 2387 3019 2456; x_wconf 88' lang='lat' dir='ltr'><strong>quid</strong></span> <span class='ocrx_word' id='word_1_809' title='bbox 3061 2389 3182 2444; x_wconf 88' lang='lat' dir='ltr'><strong>inde</strong></span> <span class='ocrx_word' id='word_1_810' title='bbox 3231 2391 3380 2446; x_wconf 85' lang='lat' dir='ltr'><strong>Plato</strong></span> <span class='ocrx_word' id='word_1_811' title='bbox 3410 2387 3591 2452; x_wconf 81' lang='lat' dir='ltr'><strong>sense-</strong></span> 
     </span>
    </p>
   </div>
   <div class='ocr_carea' id='block_1_106' title="bbox 2022 2459 3596 2529">
    <p class='ocr_par' dir='ltr' id='par_1_106' title="bbox 2022 2459 3596 2529">
     <span class='ocr_line' id='line_1_106' title="bbox 2022 2459 3596 2529; baseline 0.008 -18"><span class='ocrx_word' id='word_1_812' title='bbox 2022 2459 2092 2512; x_wconf 90' lang='lat' dir='ltr'><strong>rit</strong></span> <span class='ocrx_word' id='word_1_813' title='bbox 2116 2459 2380 2514; x_wconf 86' lang='lat' dir='ltr'><strong>dicamus.</strong></span> <span class='ocrx_word' id='word_1_814' title='bbox 2423 2459 2616 2522; x_wconf 83' lang='lat' dir='ltr'><strong>Divini,</strong></span> <span class='ocrx_word' id='word_1_815' title='bbox 2668 2460 2861 2529; x_wconf 84' lang='lat' dir='ltr'><strong>inquit,</strong></span> <span class='ocrx_word' id='word_1_816' title='bbox 2891 2459 3097 2516; x_wconf 86' lang='lat' dir='ltr'><strong>decoris</strong></span> <span class='ocrx_word' id='word_1_817' title='bbox 3127 2461 3262 2515; x_wconf 87' lang='lat' dir='ltr'><strong>ratio</strong></span> <span class='ocrx_word' id='word_1_818' title='bbox 3293 2467 3596 2529; x_wconf 84' lang='lat' dir='ltr'><strong>postulabat</strong></span> 
     </span>
    </p>
   </div>
   <div class='ocr_carea' id='block_1_107' title="bbox 2022 2528 3594 2598">
    <p class='ocr_par' dir='ltr' id='par_1_107' title="bbox 2022 2528 3594 2598">
     <span class='ocr_line' id='line_1_107' title="bbox 2022 2528 3594 2598; baseline 0.006 -15"><span class='ocrx_word' id='word_1_819' title='bbox 2022 2529 2182 2584; x_wconf 88' lang='lat' dir='ltr'><strong>talem</strong></span> <span class='ocrx_word' id='word_1_820' title='bbox 2233 2529 2348 2584; x_wconf 75' lang='lat' dir='ltr'><strong>tieri</strong></span> <span class='ocrx_word' id='word_1_821' title='bbox 2398 2529 2701 2594; x_wconf 88' lang='lat' dir='ltr'><strong>mundum,</strong></span> <span class='ocrx_word' id='word_1_822' title='bbox 2754 2528 2844 2596; x_wconf 89' lang='lat' dir='ltr'><strong>qui</strong></span> <span class='ocrx_word' id='word_1_823' title='bbox 2886 2537 2944 2598; x_wconf 87' lang='lat' dir='ltr'><strong>et</strong></span> <span class='ocrx_word' id='word_1_824' title='bbox 2992 2529 3165 2584; x_wconf 87' lang='lat' dir='ltr'><strong>visum</strong></span> <span class='ocrx_word' id='word_1_825' title='bbox 3217 2528 3488 2598; x_wconf 84' lang='lat' dir='ltr'><strong>pateretur</strong></span> <span class='ocrx_word' id='word_1_826' title='bbox 3538 2551 3594 2594; x_wconf 91' lang='lat' dir='ltr'><strong>et</strong></span> 
     </span>
    </p>
   </div>
   <div class='ocr_carea' id='block_1_108' title="bbox 2022 2597 3588 2670">
    <p class='ocr_par' dir='ltr' id='par_1_108' title="bbox 2022 2597 3588 2670">
     <span class='ocr_line' id='line_1_108' title="bbox 2022 2597 3588 2670; baseline 0.006 -17"><span class='ocrx_word' id='word_1_827' title='bbox 2022 2609 2240 2653; x_wconf 88' lang='lat' dir='ltr'><strong>tactum.</strong></span> <span class='ocrx_word' id='word_1_828' title='bbox 2264 2599 2342 2655; x_wconf 77' lang='lat' dir='ltr'><strong>Ac</strong></span> <span class='ocrx_word' id='word_1_829' title='bbox 2372 2599 2415 2652; x_wconf 90' lang='lat' dir='ltr'><strong>si</strong></span> <span class='ocrx_word' id='word_1_830' title='bbox 2443 2599 2645 2654; x_wconf 86' lang='lat' dir='ltr'><strong>diceret</strong></span> <span class='ocrx_word' id='word_1_831' title='bbox 2678 2598 2857 2670; x_wconf 43' lang='lat' dir='ltr'><strong>{Cum</strong></span> <span class='ocrx_word' id='word_1_832' title='bbox 2879 2597 3021 2654; x_wconf 87' lang='lat' dir='ltr'><strong>Deus</strong></span> <span class='ocrx_word' id='word_1_833' title='bbox 3048 2601 3162 2655; x_wconf 89' lang='lat' dir='ltr'><strong>sola</strong></span> <span class='ocrx_word' id='word_1_834' title='bbox 3193 2597 3450 2670; x_wconf 87' lang='lat' dir='ltr'><strong>bonitate,</strong></span> <span class='ocrx_word' id='word_1_835' title='bbox 3482 2624 3588 2664; x_wconf 90' lang='lat' dir='ltr'><strong>non</strong></span> 
     </span>
    </p>
   </div>
   <div class='ocr_carea' id='block_1_109' title="bbox 2022 2669 3588 2740">
    <p class='ocr_par' dir='ltr' id='par_1_109' title="bbox 2022 2669 3588 2740">
     <span class='ocr_line' id='line_1_109' title="bbox 2022 2669 3588 2740; baseline 0.006 -16"><span class='ocrx_word' id='word_1_836' title='bbox 2022 2670 2332 2740; x_wconf 74' lang='lat' dir='ltr'><strong>indigentia,</strong></span> <span class='ocrx_word' id='word_1_837' title='bbox 2382 2670 2578 2740; x_wconf 87' lang='lat' dir='ltr'><strong>quippe</strong></span> <span class='ocrx_word' id='word_1_838' title='bbox 2625 2669 2714 2739; x_wconf 91' lang='lat' dir='ltr'><strong>qui</strong></span> <span class='ocrx_word' id='word_1_839' title='bbox 2745 2669 3036 2740; x_wconf 79' lang='lat' dir='ltr'><strong>perlectum</strong></span> <span class='ocrx_word' id='word_1_840' title='bbox 3083 2681 3137 2726; x_wconf 88' lang='lat' dir='ltr'><strong>et</strong></span> <span class='ocrx_word' id='word_1_841' title='bbox 3183 2669 3450 2731; x_wconf 87' lang='lat' dir='ltr'><strong>summum</strong></span> <span class='ocrx_word' id='word_1_842' title='bbox 3493 2681 3588 2734; x_wconf 71' lang='lat' dir='ltr'><strong>bn-</strong></span> 
     </span>
    </p>
   </div>
   <div class='ocr_carea' id='block_1_110' title="bbox 2023 2739 3589 2815">
    <p class='ocr_par' dir='ltr' id='par_1_110' title="bbox 2023 2739 3589 2815">
     <span class='ocr_line' id='line_1_110' title="bbox 2023 2739 3589 2815; baseline 0.008 -22"><span class='ocrx_word' id='word_1_843' title='bbox 2023 2739 2155 2815; x_wconf 83' lang='lat' dir='ltr'><strong>num</strong></span> <span class='ocrx_word' id='word_1_844' title='bbox 2171 2750 2272 2815; x_wconf 84' lang='lat' dir='ltr'><strong>est,</strong></span> <span class='ocrx_word' id='word_1_845' title='bbox 2316 2739 2571 2795; x_wconf 84' lang='lat' dir='ltr'><strong>mundum</strong></span> <span class='ocrx_word' id='word_1_846' title='bbox 2599 2741 2822 2804; x_wconf 86' lang='lat' dir='ltr'><strong>creavit,</strong></span> <span class='ocrx_word' id='word_1_847' title='bbox 2870 2739 3032 2815; x_wconf 79' lang='lat' dir='ltr'><strong>talem</strong></span> <span class='ocrx_word' id='word_1_848' title='bbox 3067 2741 3236 2815; x_wconf 88' lang='lat' dir='ltr'><strong>voluit</strong></span> <span class='ocrx_word' id='word_1_849' title='bbox 3273 2744 3422 2801; x_wconf 90' lang='lat' dir='ltr'><strong>illum</strong></span> <span class='ocrx_word' id='word_1_850' title='bbox 3454 2750 3589 2815; x_wconf 83' lang='lat' dir='ltr'><strong>ﬁeri,</strong></span> 
     </span>
    </p>
   </div>
   <div class='ocr_carea' id='block_1_111' title="bbox 2021 2809 3583 2881">
    <p class='ocr_par' dir='ltr' id='par_1_111' title="bbox 2021 2809 3583 2881">
     <span class='ocr_line' id='line_1_111' title="bbox 2021 2809 3583 2881; baseline 0.007 -17"><span class='ocrx_word' id='word_1_851' title='bbox 2021 2813 2110 2881; x_wconf 82' lang='lat' dir='ltr'><strong>qui</strong></span> <span class='ocrx_word' id='word_1_852' title='bbox 2139 2814 2406 2868; x_wconf 85' lang='lat' dir='ltr'><strong>videretur</strong></span> <span class='ocrx_word' id='word_1_853' title='bbox 2431 2823 2485 2868; x_wconf 88' lang='lat' dir='ltr'><strong>et</strong></span> <span class='ocrx_word' id='word_1_854' title='bbox 2511 2819 2838 2881; x_wconf 77' lang='lat' dir='ltr'><strong>tangeretur,</strong></span> <span class='ocrx_word' id='word_1_855' title='bbox 2867 2820 2923 2881; x_wconf 87' lang='lat' dir='ltr'><strong>ut</strong></span> <span class='ocrx_word' id='word_1_856' title='bbox 2951 2809 3112 2881; x_wconf 85' lang='lat' dir='ltr'><strong>homo</strong></span> <span class='ocrx_word' id='word_1_857' title='bbox 3139 2814 3300 2868; x_wconf 89' lang='lat' dir='ltr'><strong>etiam</strong></span> <span class='ocrx_word' id='word_1_858' title='bbox 3333 2819 3504 2874; x_wconf 72' lang='lat' dir='ltr'><strong>oculis</strong></span> <span class='ocrx_word' id='word_1_859' title='bbox 3530 2809 3583 2877; x_wconf 82' lang='lat' dir='ltr'><strong>in</strong></span> 
     </span>
    </p>
   </div>
   <div class='ocr_carea' id='block_1_112' title="bbox 2023 2880 3585 2953">
    <p class='ocr_par' dir='ltr' id='par_1_112' title="bbox 2023 2880 3585 2953">
     <span class='ocr_line' id='line_1_112' title="bbox 2023 2880 3585 2953; baseline 0.007 -17"><span class='ocrx_word' id='word_1_860' title='bbox 2023 2880 2202 2936; x_wconf 79' lang='lat' dir='ltr'><strong>rerum</strong></span> <span class='ocrx_word' id='word_1_861' title='bbox 2235 2881 2506 2938; x_wconf 85' lang='lat' dir='ltr'><strong>creatione</strong></span> <span class='ocrx_word' id='word_1_862' title='bbox 2528 2888 2582 2934; x_wconf 89' lang='lat' dir='ltr'><strong>et</strong></span> <span class='ocrx_word' id='word_1_863' title='bbox 2609 2880 2993 2953; x_wconf 79' lang='lat' dir='ltr'><strong>gubernatione</strong></span> <span class='ocrx_word' id='word_1_864' title='bbox 3018 2880 3253 2937; x_wconf 85' lang='lat' dir='ltr'><strong>divinam</strong></span> <span class='ocrx_word' id='word_1_865' title='bbox 3299 2893 3585 2953; x_wconf 76' lang='lat' dir='ltr'><strong>potentiam</strong></span> 
     </span>
    </p>
   </div>
   <div class='ocr_carea' id='block_1_113' title="bbox 2022 2951 3587 3026">
    <p class='ocr_par' dir='ltr' id='par_1_113' title="bbox 2022 2951 3587 3026">
     <span class='ocr_line' id='line_1_113' title="bbox 2022 2951 3587 3026; baseline -0.003 -19"><span class='ocrx_word' id='word_1_866' title='bbox 2022 2963 2077 3026; x_wconf 81' lang='lat' dir='ltr'><strong>et</strong></span> <span class='ocrx_word' id='word_1_867' title='bbox 2107 2953 2395 3008; x_wconf 82' lang='lat' dir='ltr'><strong>bonitatem</strong></span> <span class='ocrx_word' id='word_1_868' title='bbox 2427 2951 2750 3026; x_wconf 79' lang='lat' dir='ltr'><strong>percipiens,</strong></span> <span class='ocrx_word' id='word_1_869' title='bbox 2791 2952 3082 3026; x_wconf 77' lang='lat' dir='ltr'><strong>potentiam</strong></span> <span class='ocrx_word' id='word_1_870' title='bbox 3112 2951 3341 3026; x_wconf 78' lang='lat' dir='ltr'><strong>timeret,</strong></span> <span class='ocrx_word' id='word_1_871' title='bbox 3375 2962 3587 3026; x_wconf 87' lang='lat' dir='ltr'><strong>sapien-</strong></span> 
     </span>
    </p>
   </div>
   <div class='ocr_carea' id='block_1_114' title="bbox 2025 3020 3589 3088">
    <p class='ocr_par' dir='ltr' id='par_1_114' title="bbox 2025 3020 3589 3088">
     <span class='ocr_line' id='line_1_114' title="bbox 2025 3020 3589 3088; baseline 0.005 -11"><span class='ocrx_word' id='word_1_872' title='bbox 2025 3023 2152 3077; x_wconf 87' lang='lat' dir='ltr'><strong>tiam</strong></span> <span class='ocrx_word' id='word_1_873' title='bbox 2184 3020 2549 3088; x_wconf 79' lang='lat' dir='ltr'><strong>veneraretur,</strong></span> <span class='ocrx_word' id='word_1_874' title='bbox 2576 3020 2863 3076; x_wconf 87' lang='lat' dir='ltr'><strong>bonitatem</strong></span> <span class='ocrx_word' id='word_1_875' title='bbox 2895 3022 3212 3078; x_wconf 84' lang='lat' dir='ltr'><strong>imitaretur.</strong></span> <span class='ocrx_word' id='word_1_876' title='bbox 3241 3020 3589 3086; x_wconf 40' lang='lat' dir='ltr'><strong>Deinde-sub-</strong></span> 
     </span>
    </p>
   </div>
   <div class='ocr_carea' id='block_1_115' title="bbox 2021 3091 3590 3168">
    <p class='ocr_par' dir='ltr' id='par_1_115' title="bbox 2021 3091 3590 3168">
     <span class='ocr_line' id='line_1_115' title="bbox 2021 3091 3590 3168; baseline 0.007 -21"><span class='ocrx_word' id='word_1_877' title='bbox 2021 3094 2197 3168; x_wconf 74' lang='lat' dir='ltr'><strong>iungit</strong></span> <span class='ocrx_word' id='word_1_878' title='bbox 2229 3111 2245 3168; x_wconf 12' lang='lat'><strong>:7</strong></span> <span class='ocrx_word' id='word_1_879' title='bbox 2272 3093 2561 3149; x_wconf 80' lang='lat' dir='ltr'><strong>Constabat</strong></span> <span class='ocrx_word' id='word_1_880' title='bbox 2585 3100 2767 3168; x_wconf 80' lang='lat' dir='ltr'><strong>autem</strong></span> <span class='ocrx_word' id='word_1_881' title='bbox 2791 3091 2940 3168; x_wconf 83' lang='lat' dir='ltr'><strong>nihil</strong></span> <span class='ocrx_word' id='word_1_882' title='bbox 2954 3107 3114 3168; x_wconf 78' lang='lat' dir='ltr'><strong>posse</strong></span> <span class='ocrx_word' id='word_1_883' title='bbox 3139 3095 3303 3168; x_wconf 88' lang='lat' dir='ltr'><strong>videri</strong></span> <span class='ocrx_word' id='word_1_884' title='bbox 3330 3100 3427 3152; x_wconf 85' lang='lat' dir='ltr'><strong>nisi</strong></span> <span class='ocrx_word' id='word_1_885' title='bbox 3453 3101 3590 3168; x_wconf 81' lang='lat' dir='ltr'><strong>ignis</strong></span> 
     </span>
    </p>
   </div>
   <div class='ocr_carea' id='block_1_116' title="bbox 2028 3163 3592 3234">
    <p class='ocr_par' dir='ltr' id='par_1_116' title="bbox 2028 3163 3592 3234">
     <span class='ocr_line' id='line_1_116' title="bbox 2028 3163 3592 3234; baseline 0.003 -16"><span class='ocrx_word' id='word_1_886' title='bbox 2028 3163 2320 3230; x_wconf 85' lang='lat' dir='ltr'><strong>bencllcio,</strong></span> <span class='ocrx_word' id='word_1_887' title='bbox 2352 3180 2523 3234; x_wconf 87' lang='lat' dir='ltr'><strong>neque</strong></span> <span class='ocrx_word' id='word_1_888' title='bbox 2556 3163 2842 3234; x_wconf 12' lang='lat' dir='ltr'><strong>lingiisine</strong></span> <span class='ocrx_word' id='word_1_889' title='bbox 2867 3163 3061 3226; x_wconf 87' lang='lat' dir='ltr'><strong>solido,</strong></span> <span class='ocrx_word' id='word_1_890' title='bbox 3094 3179 3190 3219; x_wconf 90' lang='lat' dir='ltr'><strong>nec</strong></span> <span class='ocrx_word' id='word_1_891' title='bbox 3218 3167 3443 3225; x_wconf 87' lang='lat' dir='ltr'><strong>solidum</strong></span> <span class='ocrx_word' id='word_1_892' title='bbox 3471 3163 3592 3229; x_wconf 67' lang='lat' dir='ltr'><strong>esse</strong></span> 
     </span>
    </p>
   </div>
   <div class='ocr_carea' id='block_1_117' title="bbox 1948 3233 3591 3315">
    <p class='ocr_par' dir='ltr' id='par_1_117' title="bbox 1948 3233 3591 3315">
     <span class='ocr_line' id='line_1_117' title="bbox 1948 3233 3591 3315; baseline 0.005 -26"><span class='ocrx_word' id='word_1_893' title='bbox 1948 3254 1996 3315; x_wconf 71' lang='grc' dir='ltr'><strong>ο</strong></span> <span class='ocrx_word' id='word_1_894' title='bbox 2027 3236 2140 3289; x_wconf 78' lang='lat' dir='ltr'><strong>sine</strong></span> <span class='ocrx_word' id='word_1_895' title='bbox 2172 3233 2643 3315; x_wconf 19' lang='lat' dir='ltr'><strong>terranpu’uinodo</strong></span> <span class='ocrx_word' id='word_1_896' title='bbox 2673 3233 2812 3315; x_wconf 77' lang='lat' dir='ltr'><strong>visus</strong></span> <span class='ocrx_word' id='word_1_897' title='bbox 2836 3248 2939 3288; x_wconf 92' lang='lat' dir='ltr'><strong>non</strong></span> <span class='ocrx_word' id='word_1_898' title='bbox 2973 3236 3137 3315; x_wconf 80' lang='lat' dir='ltr'><strong>possit</strong></span> <span class='ocrx_word' id='word_1_899' title='bbox 3159 3251 3281 3292; x_wconf 89' lang='lat' dir='ltr'><strong>esse</strong></span> <span class='ocrx_word' id='word_1_900' title='bbox 3300 3238 3418 3315; x_wconf 77' lang='lat' dir='ltr'><strong>sine</strong></span> <span class='ocrx_word' id='word_1_901' title='bbox 3448 3243 3591 3313; x_wconf 77' lang='lat' dir='ltr'><strong>igne,</strong></span> 
     </span>
    </p>
   </div>
   <div class='ocr_carea' id='block_1_118' title="bbox 2034 3303 3592 3376">
    <p class='ocr_par' dir='ltr' id='par_1_118' title="bbox 2034 3303 3592 3376">
     <span class='ocr_line' id='line_1_118' title="bbox 2034 3303 3592 3376; baseline 0.006 -17"><span class='ocrx_word' id='word_1_902' title='bbox 2034 3321 2130 3361; x_wconf 88' lang='lat' dir='ltr'><strong>nec</strong></span> <span class='ocrx_word' id='word_1_903' title='bbox 2163 3307 2413 3376; x_wconf 78' lang='lat' dir='ltr'><strong>tangibile</strong></span> <span class='ocrx_word' id='word_1_904' title='bbox 2443 3309 2557 3361; x_wconf 85' lang='lat' dir='ltr'><strong>sine</strong></span> <span class='ocrx_word' id='word_1_905' title='bbox 2589 3315 2750 3376; x_wconf 66' lang='lat' dir='ltr'><strong>terra,</strong></span> <span class='ocrx_word' id='word_1_906' title='bbox 2785 3303 3065 3376; x_wconf 81' lang='lat' dir='ltr'><strong>loquentes</strong></span> <span class='ocrx_word' id='word_1_907' title='bbox 3097 3307 3164 3360; x_wconf 89' lang='lat' dir='ltr'><strong>de</strong></span> <span class='ocrx_word' id='word_1_908' title='bbox 3190 3309 3436 3366; x_wconf 86' lang='lat' dir='ltr'><strong>sensibus</strong></span> <span class='ocrx_word' id='word_1_909' title='bbox 3466 3303 3592 3368; x_wconf 49' lang='lat' dir='ltr'><strong>cur;</strong></span> 
     </span>
    </p>
   </div>
   <div class='ocr_carea' id='block_1_119' title="bbox 2032 3373 3594 3446">
    <p class='ocr_par' dir='ltr' id='par_1_119' title="bbox 2032 3373 3594 3446">
     <span class='ocr_line' id='line_1_119' title="bbox 2032 3373 3594 3446; baseline 0.005 -15"><span class='ocrx_word' id='word_1_910' title='bbox 2032 3379 2176 3445; x_wconf 88' lang='lat' dir='ltr'><strong>poris</strong></span> <span class='ocrx_word' id='word_1_911' title='bbox 2203 3373 2569 3433; x_wconf 69' lang='lat' dir='ltr'><strong>ostendemus.</strong></span> <span class='ocrx_word' id='word_1_912' title='bbox 2595 3375 2782 3428; x_wconf 88' lang='lat' dir='ltr'><strong>Postea</strong></span> <span class='ocrx_word' id='word_1_913' title='bbox 2823 3373 2990 3430; x_wconf 86' lang='lat' dir='ltr'><strong>addit.</strong></span> <span class='ocrx_word' id='word_1_914' title='bbox 3052 3375 3252 3432; x_wconf 84' lang='lat' dir='ltr'><strong>ideirco</strong></span> <span class='ocrx_word' id='word_1_915' title='bbox 3279 3380 3410 3446; x_wconf 86' lang='lat' dir='ltr'><strong>jecit</strong></span> <span class='ocrx_word' id='word_1_916' title='bbox 3455 3382 3594 3439; x_wconf 87' lang='lat' dir='ltr'><strong>Dcns</strong></span> 
     </span>
    </p>
   </div>
   <div class='ocr_carea' id='block_1_120' title="bbox 2030 3447 3589 3518">
    <p class='ocr_par' dir='ltr' id='par_1_120' title="bbox 2030 3447 3589 3518">
     <span class='ocr_line' id='line_1_120' title="bbox 2030 3447 3589 3518; baseline 0.006 -18"><span class='ocrx_word' id='word_1_917' title='bbox 2030 3449 2179 3515; x_wconf 71' lang='lat' dir='ltr'><strong>quasi</strong></span> <span class='ocrx_word' id='word_1_918' title='bbox 2211 3448 2550 3504; x_wconf 80' lang='lat' dir='ltr'><strong>fundamenta</strong></span> <span class='ocrx_word' id='word_1_919' title='bbox 2585 3449 2758 3518; x_wconf 75' lang='lat' dir='ltr'><strong>ignem</strong></span> <span class='ocrx_word' id='word_1_920' title='bbox 2786 3452 2842 3499; x_wconf 89' lang='lat' dir='ltr'><strong>et</strong></span> <span class='ocrx_word' id='word_1_921' title='bbox 2873 3454 3087 3518; x_wconf 81' lang='lat' dir='ltr'><strong>terram.</strong></span> <span class='ocrx_word' id='word_1_922' title='bbox 3123 3447 3229 3504; x_wconf 81' lang='lat' dir='ltr'><strong>Sed</strong></span> <span class='ocrx_word' id='word_1_923' title='bbox 3256 3454 3504 3518; x_wconf 59' lang='lat' dir='ltr'><strong>quoniam</strong></span> <span class='ocrx_word' id='word_1_924' title='bbox 3537 3456 3589 3510; x_wconf 89' lang='lat' dir='ltr'><strong>in</strong></span> 
     </span>
    </p>
   </div>
   <div class='ocr_carea' id='block_1_121' title="bbox 2029 3515 3594 3586">
    <p class='ocr_par' dir='ltr' id='par_1_121' title="bbox 2029 3515 3594 3586">
     <span class='ocr_line' id='line_1_121' title="bbox 2029 3515 3594 3586; baseline 0.003 -13"><span class='ocrx_word' id='word_1_925' title='bbox 2029 3519 2109 3573; x_wconf 82' lang='lat' dir='ltr'><strong>eis</strong></span> <span class='ocrx_word' id='word_1_926' title='bbox 2130 3528 2252 3575; x_wconf 92' lang='lat' dir='ltr'><strong>sunt</strong></span> <span class='ocrx_word' id='word_1_927' title='bbox 2281 3519 2562 3576; x_wconf 74' lang='lat' dir='ltr'><strong>contraria:</strong></span> <span class='ocrx_word' id='word_1_928' title='bbox 2599 3515 2900 3586; x_wconf 61' lang='lat' dir='ltr'><strong>qualitates,</strong></span> <span class='ocrx_word' id='word_1_929' title='bbox 2940 3515 3145 3586; x_wconf 82' lang='lat' dir='ltr'><strong>quippe</strong></span> <span class='ocrx_word' id='word_1_930' title='bbox 3184 3515 3322 3573; x_wconf 81' lang='lat' dir='ltr'><strong>terra</strong></span> <span class='ocrx_word' id='word_1_931' title='bbox 3357 3533 3439 3576; x_wconf 89' lang='lat' dir='ltr'><strong>est</strong></span> <span class='ocrx_word' id='word_1_932' title='bbox 3476 3540 3594 3580; x_wconf 80' lang='lat' dir='ltr'><strong>cor-</strong></span> 
     </span>
    </p>
   </div>
   <div class='ocr_carea' id='block_1_122' title="bbox 2033 3585 3593 3661">
    <p class='ocr_par' dir='ltr' id='par_1_122' title="bbox 2033 3585 3593 3661">
     <span class='ocr_line' id='line_1_122' title="bbox 2033 3585 3593 3661; baseline 0.013 -31"><span class='ocrx_word' id='word_1_933' title='bbox 2033 3591 2243 3656; x_wconf 62' lang='lat' dir='ltr'><strong>pumm</strong></span> <span class='ocrx_word' id='word_1_934' title='bbox 2265 3633 2280 3656; x_wconf 51' lang='grc' dir='ltr'><strong>ν</strong></span> <span class='ocrx_word' id='word_1_935' title='bbox 2325 3589 2535 3661; x_wconf 58' lang='lat' dir='ltr'><strong>obtusi,</strong></span> <span class='ocrx_word' id='word_1_936' title='bbox 2583 3585 3072 3661; x_wconf 75' lang='lat' dir='ltr'><strong>immobilis,__ignis</strong></span> <span class='ocrx_word' id='word_1_937' title='bbox 3093 3588 3352 3661; x_wconf 77' lang='lat' dir='ltr'><strong>_sttbtilis,</strong></span> <span class='ocrx_word' id='word_1_938' title='bbox 3382 3605 3593 3661; x_wconf 87' lang='lat' dir='ltr'><strong>acutus,</strong></span> 
     </span>
    </p>
   </div>
   <div class='ocr_carea' id='block_1_123' title="bbox 2031 3655 3586 3733">
    <p class='ocr_par' dir='ltr' id='par_1_123' title="bbox 2031 3655 3586 3733">
     <span class='ocr_line' id='line_1_123' title="bbox 2031 3655 3586 3733; baseline 0.005 -21"><span class='ocrx_word' id='word_1_939' title='bbox 2031 3655 2427 3733; x_wconf 66' lang='lat' dir='ltr'><strong>inobdis,_vidit</strong></span> <span class='ocrx_word' id='word_1_940' title='bbox 2469 3659 2606 3712; x_wconf 84' lang='lat' dir='ltr'><strong>Deus</strong></span> <span class='ocrx_word' id='word_1_941' title='bbox 2647 3657 2760 3733; x_wconf 78' lang='lat' dir='ltr'><strong>sine</strong></span> <span class='ocrx_word' id='word_1_942' title='bbox 2797 3655 3058 3733; x_wconf 81' lang='lat' dir='ltr'><strong>medioea</strong></span> <span class='ocrx_word' id='word_1_943' title='bbox 3084 3655 3236 3733; x_wconf 71' lang='lat' dir='ltr'><strong>jungi</strong></span> <span class='ocrx_word' id='word_1_944' title='bbox 3269 3675 3374 3714; x_wconf 88' lang='lat' dir='ltr'><strong>non</strong></span> <span class='ocrx_word' id='word_1_945' title='bbox 3406 3655 3586 3733; x_wconf 74' lang='lat' dir='ltr'><strong>posse,</strong></span> 
     </span>
    </p>
   </div>
   <div class='ocr_carea' id='block_1_124' title="bbox 2029 3726 3589 3811">
    <p class='ocr_par' dir='ltr' id='par_1_124' title="bbox 2029 3726 3589 3811">
     <span class='ocr_line' id='line_1_124' title="bbox 2029 3726 3589 3811; baseline -0.002 -30"><span class='ocrx_word' id='word_1_946' title='bbox 2029 3726 2259 3811; x_wconf 72' lang='lat' dir='ltr'><strong>ideoque</strong></span> <span class='ocrx_word' id='word_1_947' title='bbox 2279 3731 2418 3810; x_wconf 78' lang='lat' dir='ltr'><strong>inter</strong></span> <span class='ocrx_word' id='word_1_948' title='bbox 2446 3744 2525 3811; x_wconf 44' lang='lat' dir='ltr'><strong>ea.</strong></span> <span class='ocrx_word' id='word_1_949' title='bbox 2547 3726 2778 3807; x_wconf 72' lang='lat' dir='ltr'><strong>medium</strong></span> <span class='ocrx_word' id='word_1_950' title='bbox 2821 3727 3046 3811; x_wconf 59' lang='lat' dir='ltr'><strong>creavit,</strong></span> <span class='ocrx_word' id='word_1_951' title='bbox 3088 3726 3163 3783; x_wconf 17' lang='lat' dir='ltr'><strong>Vde</strong></span> <span class='ocrx_word' id='word_1_952' title='bbox 3189 3726 3428 3811; x_wconf 45' lang='grc' dir='ltr'><strong>ζῳωτωὴ</strong></span> <span class='ocrx_word' id='word_1_953' title='bbox 3458 3726 3589 3790; x_wconf 67' lang='lat' dir='ltr'><strong>con;</strong></span> 
     </span>
    </p>
   </div>
   <div class='ocr_carea' id='block_1_125' title="bbox 2023 3796 3593 3873">
    <p class='ocr_par' dir='ltr' id='par_1_125' title="bbox 2023 3796 3593 3873">
     <span class='ocr_line' id='line_1_125' title="bbox 2023 3796 3593 3873; baseline 0.001 -19"><span class='ocrx_word' id='word_1_954' title='bbox 2023 3796 2298 3873; x_wconf 78' lang='lat' dir='ltr'><strong>junctioue</strong></span> <span class='ocrx_word' id='word_1_955' title='bbox 2323 3801 2446 3870; x_wconf 88' lang='lat' dir='ltr'><strong>quia</strong></span> <span class='ocrx_word' id='word_1_956' title='bbox 2499 3796 2723 3873; x_wconf 78' lang='lat' dir='ltr'><strong>fecimus</strong></span> <span class='ocrx_word' id='word_1_957' title='bbox 2771 3796 3122 3873; x_wconf 75' lang='lat' dir='ltr'><strong>mentionem,</strong></span> <span class='ocrx_word' id='word_1_958' title='bbox 3177 3796 3419 3873; x_wconf 79' lang='lat' dir='ltr'><strong>dicamus</strong></span> <span class='ocrx_word' id='word_1_959' title='bbox 3468 3808 3593 3873; x_wconf 78' lang='lat' dir='ltr'><strong>quid</strong></span> 
     </span>
    </p>
   </div>
   <div class='ocr_carea' id='block_1_126' title="bbox 2029 3865 3584 3941">
    <p class='ocr_par' dir='ltr' id='par_1_126' title="bbox 2029 3865 3584 3941">
     <span class='ocr_line' id='line_1_126' title="bbox 2029 3865 3584 3941; baseline 0.005 -18"><span class='ocrx_word' id='word_1_960' title='bbox 2029 3865 2098 3924; x_wconf 79' lang='lat' dir='ltr'><strong>sit</strong></span> <span class='ocrx_word' id='word_1_961' title='bbox 2126 3865 2460 3941; x_wconf 70' lang='lat' dir='ltr'><strong>coniunctio,</strong></span> <span class='ocrx_word' id='word_1_962' title='bbox 2489 3867 2616 3941; x_wconf 79' lang='lat' dir='ltr'><strong>quid</strong></span> <span class='ocrx_word' id='word_1_963' title='bbox 2640 3865 2942 3920; x_wconf 88' lang='lat' dir='ltr'><strong>commistio</strong></span> <span class='ocrx_word' id='word_1_964' title='bbox 2969 3871 3377 3941; x_wconf 78' lang='lat' dir='ltr'><strong>contrariorum.</strong></span> <span class='ocrx_word' id='word_1_965' title='bbox 3427 3865 3584 3929; x_wconf 76' lang='lat' dir='ltr'><strong>Cdm-</strong></span> 
     </span>
    </p>
   </div>
   <div class='ocr_carea' id='block_1_127' title="bbox 2030 3937 3590 4012">
    <p class='ocr_par' dir='ltr' id='par_1_127' title="bbox 2030 3937 3590 4012">
     <span class='ocr_line' id='line_1_127' title="bbox 2030 3937 3590 4012; baseline 0.005 -18"><span class='ocrx_word' id='word_1_966' title='bbox 2030 3942 2206 3996; x_wconf 83' lang='lat' dir='ltr'><strong>mistio</strong></span> <span class='ocrx_word' id='word_1_967' title='bbox 2228 3937 2363 4012; x_wconf 73' lang='lat' dir='ltr'><strong>ergo</strong></span> <span class='ocrx_word' id='word_1_968' title='bbox 2388 3937 2778 3994; x_wconf 84' lang='lat' dir='ltr'><strong>contrariorum</strong></span> <span class='ocrx_word' id='word_1_969' title='bbox 2808 3945 2910 4002; x_wconf 85' lang='lat' dir='ltr'><strong>est,</strong></span> <span class='ocrx_word' id='word_1_970' title='bbox 2954 3939 3168 4012; x_wconf 80' lang='lat' dir='ltr'><strong>quando</strong></span> <span class='ocrx_word' id='word_1_971' title='bbox 3194 3955 3259 3996; x_wconf 80' lang='lat' dir='ltr'><strong>ex</strong></span> <span class='ocrx_word' id='word_1_972' title='bbox 3281 3941 3488 4000; x_wconf 87' lang='lat' dir='ltr'><strong>duobus</strong></span> <span class='ocrx_word' id='word_1_973' title='bbox 3517 3947 3590 4002; x_wconf 87' lang='lat' dir='ltr'><strong>ita</strong></span> 
     </span>
    </p>
   </div>
   <div class='ocr_carea' id='block_1_128' title="bbox 2031 4009 3593 4087">
    <p class='ocr_par' dir='ltr' id='par_1_128' title="bbox 2031 4009 3593 4087">
     <span class='ocr_line' id='line_1_128' title="bbox 2031 4009 3593 4087; baseline 0.001 -22"><span class='ocrx_word' id='word_1_974' title='bbox 2031 4014 2090 4067; x_wconf 87' lang='lat' dir='ltr'><strong>tit</strong></span> <span class='ocrx_word' id='word_1_975' title='bbox 2118 4009 2388 4087; x_wconf 49' lang='lat' dir='ltr'><strong>annon—ut</strong></span> <span class='ocrx_word' id='word_1_976' title='bbox 2421 4019 2667 4087; x_wconf 72' lang='lat' dir='ltr'><strong>neutrum</strong></span> <span class='ocrx_word' id='word_1_977' title='bbox 2685 4017 2970 4087; x_wconf 63' lang='lat' dir='ltr'><strong>remaneat</strong></span> <span class='ocrx_word' id='word_1_978' title='bbox 3000 4009 3217 4087; x_wconf 86' lang='lat' dir='ltr'><strong>id_quod</strong></span> <span class='ocrx_word' id='word_1_979' title='bbox 3245 4026 3368 4068; x_wconf 89' lang='lat' dir='ltr'><strong>ante</strong></span> <span class='ocrx_word' id='word_1_980' title='bbox 3398 4017 3593 4087; x_wconf 76' lang='lat' dir='ltr'><strong>fuerat,</strong></span> 
     </span>
    </p>
   </div>
   <div class='ocr_carea' id='block_1_129' title="bbox 2029 4076 3587 4157">
    <p class='ocr_par' dir='ltr' id='par_1_129' title="bbox 2029 4076 3587 4157">
     <span class='ocr_line' id='line_1_129' title="bbox 2029 4076 3587 4157; baseline 0.008 -26"><span class='ocrx_word' id='word_1_981' title='bbox 2029 4093 2086 4157; x_wconf 72' lang='lat' dir='ltr'><strong>ut</strong></span> <span class='ocrx_word' id='word_1_982' title='bbox 2132 4087 2177 4140; x_wconf 75' lang='lat' dir='ltr'><strong>si</strong></span> <span class='ocrx_word' id='word_1_983' title='bbox 2205 4076 2976 4157; x_wconf 78' lang='lat' dir='ltr'><strong>calidissimum__frigidissime</strong></span> <span class='ocrx_word' id='word_1_984' title='bbox 3007 4076 3316 4157; x_wconf 71' lang='lat' dir='ltr'><strong>misceatur,</strong></span> <span class='ocrx_word' id='word_1_985' title='bbox 3362 4086 3419 4140; x_wconf 89' lang='lat' dir='ltr'><strong>lit</strong></span> <span class='ocrx_word' id='word_1_986' title='bbox 3457 4076 3587 4157; x_wconf 46' lang='lat' dir='ltr'><strong>tepii</strong></span> 
     </span>
    </p>
   </div>
   <div class='ocr_carea' id='block_1_130' title="bbox 2026 4149 3592 4223">
    <p class='ocr_par' dir='ltr' id='par_1_130' title="bbox 2026 4149 3592 4223">
     <span class='ocr_line' id='line_1_130' title="bbox 2026 4149 3592 4223; baseline 0.001 -16"><span class='ocrx_word' id='word_1_987' title='bbox 2026 4154 2175 4222; x_wconf 90' lang='lat' dir='ltr'><strong>dum,</strong></span> <span class='ocrx_word' id='word_1_988' title='bbox 2226 4168 2398 4223; x_wconf 88' lang='lat' dir='ltr'><strong>neque</strong></span> <span class='ocrx_word' id='word_1_989' title='bbox 2445 4149 2788 4221; x_wconf 78' lang='lat' dir='ltr'><strong>trigidissimo</strong></span> <span class='ocrx_word' id='word_1_990' title='bbox 2835 4164 3008 4223; x_wconf 86' lang='lat' dir='ltr'><strong>neque</strong></span> <span class='ocrx_word' id='word_1_991' title='bbox 3049 4151 3375 4211; x_wconf 86' lang='lat' dir='ltr'><strong>calidissimo</strong></span> <span class='ocrx_word' id='word_1_992' title='bbox 3416 4149 3592 4212; x_wconf 64' lang='lat' dir='ltr'><strong>renis.</strong></span> 
     </span>
    </p>
   </div>
   <div class='ocr_carea' id='block_1_131' title="bbox 2027 4222 3584 4294">
    <p class='ocr_par' dir='ltr' id='par_1_131' title="bbox 2027 4222 3584 4294">
     <span class='ocr_line' id='line_1_131' title="bbox 2027 4222 3584 4294; baseline 0.017 -36"><span class='ocrx_word' id='word_1_993' title='bbox 2027 4237 2186 4281; x_wconf 67' lang='lat' dir='ltr'><strong>neme</strong></span> <span class='ocrx_word' id='word_1_994' title='bbox 2210 4243 2224 4292; x_wconf 57' lang='grc' dir='ltr'>ς</span> <span class='ocrx_word' id='word_1_995' title='bbox 2258 4222 2565 4294; x_wconf 59' lang='lat' dir='ltr'><strong>coniunctio</strong></span> <span class='ocrx_word' id='word_1_996' title='bbox 2586 4235 2712 4276; x_wconf 88' lang='lat' dir='ltr'><strong>vero</strong></span> <span class='ocrx_word' id='word_1_997' title='bbox 2737 4222 3123 4294; x_wconf 74' lang='lat' dir='ltr'><strong>contrariorum</strong></span> <span class='ocrx_word' id='word_1_998' title='bbox 3153 4234 3257 4292; x_wconf 90' lang='lat' dir='ltr'><strong>est,</strong></span> <span class='ocrx_word' id='word_1_999' title='bbox 3281 4231 3494 4294; x_wconf 87' lang='lat' dir='ltr'><strong>quando</strong></span> <span class='ocrx_word' id='word_1_1000' title='bbox 3520 4247 3584 4285; x_wconf 70' lang='lat' dir='ltr'><strong>ex</strong></span> 
     </span>
    </p>
   </div>
   <div class='ocr_carea' id='block_1_132' title="bbox 2027 4289 3586 4370">
    <p class='ocr_par' dir='ltr' id='par_1_132' title="bbox 2027 4289 3586 4370">
     <span class='ocr_line' id='line_1_132' title="bbox 2027 4289 3586 4370; baseline 0.004 -21"><span class='ocrx_word' id='word_1_1001' title='bbox 2027 4289 2233 4370; x_wconf 83' lang='lat' dir='ltr'><strong>duobus</strong></span> <span class='ocrx_word' id='word_1_1002' title='bbox 2283 4289 2373 4350; x_wconf 58' lang='lat' dir='ltr'><strong>ita&#39;</strong></span> <span class='ocrx_word' id='word_1_1003' title='bbox 2400 4293 2459 4370; x_wconf 71' lang='lat' dir='ltr'><strong>lit</strong></span> <span class='ocrx_word' id='word_1_1004' title='bbox 2500 4307 2680 4370; x_wconf 81' lang='lat' dir='ltr'><strong>unum,</strong></span> <span class='ocrx_word' id='word_1_1005' title='bbox 2726 4289 2866 4358; x_wconf 88' lang='lat' dir='ltr'><strong>quod</strong></span> <span class='ocrx_word' id='word_1_1006' title='bbox 2895 4289 3487 4370; x_wconf 39' lang='lat' dir='ltr'><strong>.utrutnqnenre&#39;manet</strong></span> <span class='ocrx_word' id='word_1_1007' title='bbox 3535 4303 3586 4356; x_wconf 85' lang='lat' dir='ltr'><strong>id</strong></span> 
     </span>
    </p>
   </div>
   <div class='ocr_carea' id='block_1_133' title="bbox 2026 4361 3587 4440">
    <p class='ocr_par' dir='ltr' id='par_1_133' title="bbox 2026 4361 3587 4440">
     <span class='ocr_line' id='line_1_133' title="bbox 2026 4361 3587 4440; baseline 0.004 -20"><span class='ocrx_word' id='word_1_1008' title='bbox 2026 4368 2165 4440; x_wconf 85' lang='lat' dir='ltr'><strong>quod</strong></span> <span class='ocrx_word' id='word_1_1009' title='bbox 2197 4363 2540 4440; x_wconf 83' lang='lat' dir='ltr'><strong>ante._Qood</strong></span> <span class='ocrx_word' id='word_1_1010' title='bbox 2580 4361 2635 4440; x_wconf 77' lang='lat' dir='ltr'><strong>in</strong></span> <span class='ocrx_word' id='word_1_1011' title='bbox 2675 4361 2958 4416; x_wconf 82' lang='lat' dir='ltr'><strong>contrariis</strong></span> <span class='ocrx_word' id='word_1_1012' title='bbox 3004 4363 3322 4440; x_wconf 70' lang='lat' dir='ltr'><strong>habentibus</strong></span> <span class='ocrx_word' id='word_1_1013' title='bbox 3371 4382 3587 4440; x_wconf 77' lang='lat' dir='ltr'><strong>agentes</strong></span> 
     </span>
    </p>
   </div>
   <div class='ocr_carea' id='block_1_134' title="bbox 2025 4430 3587 4505">
    <p class='ocr_par' dir='ltr' id='par_1_134' title="bbox 2025 4430 3587 4505">
     <span class='ocr_line' id='line_1_134' title="bbox 2025 4430 3587 4505; baseline 0.004 -14"><span class='ocrx_word' id='word_1_1014' title='bbox 2025 4430 2304 4505; x_wconf 72' lang='lat' dir='ltr'><strong>qualitates</strong></span> <span class='ocrx_word' id='word_1_1015' title='bbox 2334 4430 2448 4490; x_wconf 81' lang='lat' dir='ltr'><strong>sine</strong></span> <span class='ocrx_word' id='word_1_1016' title='bbox 2477 4430 2802 4505; x_wconf 83' lang='lat' dir='ltr'><strong>medioesse</strong></span> <span class='ocrx_word' id='word_1_1017' title='bbox 2833 4447 2936 4505; x_wconf 86' lang='lat' dir='ltr'><strong>non</strong></span> <span class='ocrx_word' id='word_1_1018' title='bbox 2970 4447 3208 4503; x_wconf 89' lang='lat' dir='ltr'><strong>possunt.</strong></span> <span class='ocrx_word' id='word_1_1019' title='bbox 3239 4437 3376 4494; x_wconf 91' lang='lat' dir='ltr'><strong>Sunt</strong></span> <span class='ocrx_word' id='word_1_1020' title='bbox 3404 4430 3587 4497; x_wconf 59' lang='lat' dir='ltr'><strong>autem</strong></span> 
     </span>
    </p>
   </div>
   <div class='ocr_carea' id='block_1_135' title="bbox 2027 4504 3584 4577">
    <p class='ocr_par' dir='ltr' id='par_1_135' title="bbox 2027 4504 3584 4577">
     <span class='ocr_line' id='line_1_135' title="bbox 2027 4504 3584 4577; baseline -0.002 -19"><span class='ocrx_word' id='word_1_1021' title='bbox 2027 4504 2244 4576; x_wconf 79' lang='lat' dir='ltr'><strong>agentes</strong></span> <span class='ocrx_word' id='word_1_1022' title='bbox 2263 4508 2566 4577; x_wconf 83' lang='lat' dir='ltr'><strong>qualitates,</strong></span> <span class='ocrx_word' id='word_1_1023' title='bbox 2593 4504 2760 4577; x_wconf 83' lang='lat' dir='ltr'><strong>calor,</strong></span> <span class='ocrx_word' id='word_1_1024' title='bbox 2808 4504 3085 4577; x_wconf 73' lang='lat' dir='ltr'><strong>trigidttas,</strong></span> <span class='ocrx_word' id='word_1_1025' title='bbox 3123 4508 3217 4562; x_wconf 88' lang='lat' dir='ltr'><strong>sed</strong></span> <span class='ocrx_word' id='word_1_1026' title='bbox 3244 4512 3449 4577; x_wconf 79' lang='lat' dir='ltr'><strong>quare?</strong></span> <span class='ocrx_word' id='word_1_1027' title='bbox 3481 4511 3584 4567; x_wconf 72' lang='grc' dir='ltr'><strong>ιο.</strong></span> 
     </span>
    </p>
   </div>
   <div class='ocr_carea' id='block_1_136' title="bbox 1949 4574 3587 4669">
    <p class='ocr_par' dir='ltr' id='par_1_136' title="bbox 1949 4574 3587 4669">
     <span class='ocr_line' id='line_1_136' title="bbox 1949 4574 3587 4669; baseline 0.002 -38"><span class='ocrx_word' id='word_1_1028' title='bbox 1949 4606 1998 4669; x_wconf 74' lang='lat' dir='ltr'><strong><em>D</em></strong></span> <span class='ocrx_word' id='word_1_1029' title='bbox 2025 4574 2245 4669; x_wconf 74' lang='lat' dir='ltr'><strong>quentes</strong></span> <span class='ocrx_word' id='word_1_1030' title='bbox 2275 4574 2343 4631; x_wconf 84' lang='lat' dir='ltr'><strong>de</strong></span> <span class='ocrx_word' id='word_1_1031' title='bbox 2375 4575 2600 4669; x_wconf 68' lang='lat' dir='ltr'><strong>homine</strong></span> <span class='ocrx_word' id='word_1_1032' title='bbox 2626 4574 3401 4669; x_wconf 43' lang='lat' dir='ltr'><strong>dicemlt&#39;slﬁimetiiutualterum</strong></span> <span class='ocrx_word' id='word_1_1033' title='bbox 3434 4583 3587 4669; x_wconf 68' lang='lat' dir='ltr'><strong>alteri</strong></span> 
     </span>
    </p>
   </div>
   <div class='ocr_carea' id='block_1_137' title="bbox 2021 4647 3587 4718">
    <p class='ocr_par' dir='ltr' id='par_1_137' title="bbox 2021 4647 3587 4718">
     <span class='ocr_line' id='line_1_137' title="bbox 2021 4647 3587 4718; baseline 0.002 -16"><span class='ocrx_word' id='word_1_1034' title='bbox 2021 4650 2324 4718; x_wconf 83' lang='lat' dir='ltr'><strong>apponitur,</strong></span> <span class='ocrx_word' id='word_1_1035' title='bbox 2353 4655 2682 4718; x_wconf 71' lang='lat' dir='ltr'><strong>repugnant,</strong></span> <span class='ocrx_word' id='word_1_1036' title='bbox 2713 4656 2768 4699; x_wconf 89' lang='lat' dir='ltr'><strong>ct</strong></span> <span class='ocrx_word' id='word_1_1037' title='bbox 2793 4647 3018 4698; x_wconf 85' lang='lat' dir='ltr'><strong>alterum</strong></span> <span class='ocrx_word' id='word_1_1038' title='bbox 3050 4648 3123 4718; x_wconf 90' lang='lat' dir='ltr'><strong>ab</strong></span> <span class='ocrx_word' id='word_1_1039' title='bbox 3140 4649 3315 4718; x_wconf 90' lang='lat' dir='ltr'><strong>altero</strong></span> <span class='ocrx_word' id='word_1_1040' title='bbox 3338 4650 3587 4706; x_wconf 82' lang='lat' dir='ltr'><strong>dissolvi-</strong></span> 
     </span>
    </p>
   </div>
   <div class='ocr_carea' id='block_1_138' title="bbox 2020 4715 3591 4787">
    <p class='ocr_par' dir='ltr' id='par_1_138' title="bbox 2020 4715 3591 4787">
     <span class='ocr_line' id='line_1_138' title="bbox 2020 4715 3591 4787; baseline 0.005 -18"><span class='ocrx_word' id='word_1_1041' title='bbox 2020 4715 2138 4786; x_wconf 79' lang='lat' dir='ltr'><strong>tur;</strong></span> <span class='ocrx_word' id='word_1_1042' title='bbox 2171 4731 2226 4773; x_wconf 92' lang='lat' dir='ltr'><strong>ut</strong></span> <span class='ocrx_word' id='word_1_1043' title='bbox 2255 4732 2382 4787; x_wconf 77' lang='lat' dir='ltr'><strong>ergo</strong></span> <span class='ocrx_word' id='word_1_1044' title='bbox 2410 4715 2721 4774; x_wconf 54' lang='lat' dir='ltr'><strong>subsistant.</strong></span> <span class='ocrx_word' id='word_1_1045' title='bbox 2768 4724 2978 4782; x_wconf 80' lang='lat' dir='ltr'><strong>Oportet</strong></span> <span class='ocrx_word' id='word_1_1046' title='bbox 3008 4717 3239 4772; x_wconf 88' lang='lat' dir='ltr'><strong>medium</strong></span> <span class='ocrx_word' id='word_1_1047' title='bbox 3287 4735 3425 4775; x_wconf 76' lang='lat' dir='ltr'><strong>esse.</strong></span> <span class='ocrx_word' id='word_1_1048' title='bbox 3460 4722 3513 4776; x_wconf 93' lang='lat' dir='ltr'><strong>Id</strong></span> <span class='ocrx_word' id='word_1_1049' title='bbox 3545 4725 3591 4776; x_wconf 87' lang='lat' dir='ltr'><strong>si</strong></span> 
     </span>
    </p>
   </div>
   <div class='ocr_carea' id='block_1_139' title="bbox 2019 4788 3578 4855">
    <p class='ocr_par' dir='ltr' id='par_1_139' title="bbox 2019 4788 3578 4855">
     <span class='ocr_line' id='line_1_139' title="bbox 2019 4788 3578 4855; baseline 0.004 -15"><span class='ocrx_word' id='word_1_1050' title='bbox 2019 4791 2123 4843; x_wconf 79' lang='lat' dir='ltr'><strong>tale</strong></span> <span class='ocrx_word' id='word_1_1051' title='bbox 2144 4789 2323 4846; x_wconf 78' lang='lat' dir='ltr'><strong>fuerit.</strong></span> <span class='ocrx_word' id='word_1_1052' title='bbox 2352 4788 2492 4854; x_wconf 88' lang='lat' dir='ltr'><strong>quod</strong></span> <span class='ocrx_word' id='word_1_1053' title='bbox 2520 4791 2639 4855; x_wconf 88' lang='lat' dir='ltr'><strong>plus</strong></span> <span class='ocrx_word' id='word_1_1054' title='bbox 2657 4789 2721 4838; x_wconf 87' lang='lat' dir='ltr'><strong>ad</strong></span> <span class='ocrx_word' id='word_1_1055' title='bbox 2747 4801 2908 4839; x_wconf 89' lang='lat' dir='ltr'><strong>unum</strong></span> <span class='ocrx_word' id='word_1_1056' title='bbox 2940 4802 3097 4854; x_wconf 85' lang='lat' dir='ltr'><strong>quam</strong></span> <span class='ocrx_word' id='word_1_1057' title='bbox 3129 4789 3193 4843; x_wconf 86' lang='lat' dir='ltr'><strong>ad</strong></span> <span class='ocrx_word' id='word_1_1058' title='bbox 3223 4790 3366 4845; x_wconf 88' lang='lat' dir='ltr'><strong>aliud</strong></span> <span class='ocrx_word' id='word_1_1059' title='bbox 3402 4806 3458 4844; x_wconf 85' lang='lat' dir='ltr'><strong>se</strong></span> <span class='ocrx_word' id='word_1_1060' title='bbox 3489 4794 3578 4846; x_wconf 83' lang='lat' dir='ltr'><strong>ha-</strong></span> 
     </span>
    </p>
   </div>
   <div class='ocr_carea' id='block_1_140' title="bbox 2018 4855 3593 4929">
    <p class='ocr_par' dir='ltr' id='par_1_140' title="bbox 2018 4855 3593 4929">
     <span class='ocr_line' id='line_1_140' title="bbox 2018 4855 3593 4929; baseline 0.003 -16"><span class='ocrx_word' id='word_1_1061' title='bbox 2018 4861 2164 4927; x_wconf 80' lang='lat' dir='ltr'><strong>beat,</strong></span> <span class='ocrx_word' id='word_1_1062' title='bbox 2201 4861 2448 4929; x_wconf 86' lang='lat' dir='ltr'><strong>paulatim</strong></span> <span class='ocrx_word' id='word_1_1063' title='bbox 2493 4861 2541 4911; x_wconf 89' lang='lat' dir='ltr'><strong>itt</strong></span> <span class='ocrx_word' id='word_1_1064' title='bbox 2571 4855 2698 4929; x_wconf 76' lang='lat' dir='ltr'><strong>illud</strong></span> <span class='ocrx_word' id='word_1_1065' title='bbox 2729 4857 2794 4908; x_wconf 91' lang='lat' dir='ltr'><strong>ad</strong></span> <span class='ocrx_word' id='word_1_1066' title='bbox 2823 4855 2965 4925; x_wconf 90' lang='lat' dir='ltr'><strong>quod</strong></span> <span class='ocrx_word' id='word_1_1067' title='bbox 2996 4875 3055 4912; x_wconf 88' lang='lat' dir='ltr'><strong>se</strong></span> <span class='ocrx_word' id='word_1_1068' title='bbox 3087 4859 3203 4927; x_wconf 91' lang='lat' dir='ltr'><strong>plus</strong></span> <span class='ocrx_word' id='word_1_1069' title='bbox 3234 4861 3395 4916; x_wconf 88' lang='lat' dir='ltr'><strong>habet</strong></span> <span class='ocrx_word' id='word_1_1070' title='bbox 3421 4871 3593 4918; x_wconf 84' lang='lat' dir='ltr'><strong>trans-</strong></span> 
     </span>
    </p>
   </div>
   <div class='ocr_carea' id='block_1_141' title="bbox 2021 4925 3588 4999">
    <p class='ocr_par' dir='ltr' id='par_1_141' title="bbox 2021 4925 3588 4999">
     <span class='ocr_line' id='line_1_141' title="bbox 2021 4925 3588 4999; baseline 0.001 -16"><span class='ocrx_word' id='word_1_1071' title='bbox 2021 4925 2464 4997; x_wconf 79' lang='lat' dir='ltr'><strong>ibit,sicqueilla</strong></span> <span class='ocrx_word' id='word_1_1072' title='bbox 2501 4925 2809 4999; x_wconf 73' lang='lat' dir='ltr'><strong>conjunctio</strong></span> <span class='ocrx_word' id='word_1_1073' title='bbox 2835 4925 3193 4999; x_wconf 23' lang='lat' dir='ltr'><strong>dissonet‘ur,</strong></span> <span class='ocrx_word' id='word_1_1074' title='bbox 3241 4932 3398 4986; x_wconf 86' lang='lat' dir='ltr'><strong>veluti</strong></span> <span class='ocrx_word' id='word_1_1075' title='bbox 3431 4935 3474 4986; x_wconf 90' lang='lat' dir='ltr'><strong>si</strong></span> <span class='ocrx_word' id='word_1_1076' title='bbox 3509 4935 3588 4987; x_wconf 87' lang='lat' dir='ltr'><strong>in-</strong></span> 
     </span>
    </p>
   </div>
   <div class='ocr_carea' id='block_1_142' title="bbox 2021 4998 3587 5070">
    <p class='ocr_par' dir='ltr' id='par_1_142' title="bbox 2021 4998 3587 5070">
     <span class='ocr_line' id='line_1_142' title="bbox 2021 4998 3587 5070; baseline 0.003 -17"><span class='ocrx_word' id='word_1_1077' title='bbox 2021 5001 2504 5070; x_wconf 84' lang='lat' dir='ltr'><strong>tercalidissitnum</strong></span> <span class='ocrx_word' id='word_1_1078' title='bbox 2544 5010 2598 5052; x_wconf 92' lang='lat' dir='ltr'><strong>et</strong></span> <span class='ocrx_word' id='word_1_1079' title='bbox 2647 4998 3046 5070; x_wconf 80' lang='lat' dir='ltr'><strong>frigidissimum</strong></span> <span class='ocrx_word' id='word_1_1080' title='bbox 3079 5001 3278 5069; x_wconf 88' lang='lat' dir='ltr'><strong>aliquid</strong></span> <span class='ocrx_word' id='word_1_1081' title='bbox 3331 5005 3447 5070; x_wconf 89' lang='lat' dir='ltr'><strong>plus</strong></span> <span class='ocrx_word' id='word_1_1082' title='bbox 3489 5003 3587 5057; x_wconf 84' lang='lat' dir='ltr'><strong>ha-</strong></span> 
     </span>
    </p>
   </div>
   <div class='ocr_carea' id='block_1_143' title="bbox 2022 5067 3592 5140">
    <p class='ocr_par' dir='ltr' id='par_1_143' title="bbox 2022 5067 3592 5140">
     <span class='ocr_line' id='line_1_143' title="bbox 2022 5067 3592 5140; baseline 0.003 -16"><span class='ocrx_word' id='word_1_1083' title='bbox 2022 5072 2149 5127; x_wconf 83' lang='lat' dir='ltr'><strong>bens</strong></span> <span class='ocrx_word' id='word_1_1084' title='bbox 2180 5087 2238 5125; x_wconf 86' lang='lat' dir='ltr'><strong>se</strong></span> <span class='ocrx_word' id='word_1_1085' title='bbox 2267 5072 2332 5124; x_wconf 88' lang='lat' dir='ltr'><strong>ad</strong></span> <span class='ocrx_word' id='word_1_1086' title='bbox 2362 5069 2588 5125; x_wconf 89' lang='lat' dir='ltr'><strong>calidum</strong></span> <span class='ocrx_word' id='word_1_1087' title='bbox 2620 5085 2776 5138; x_wconf 80' lang='lat' dir='ltr'><strong>quam</strong></span> <span class='ocrx_word' id='word_1_1088' title='bbox 2808 5067 2873 5122; x_wconf 88' lang='lat' dir='ltr'><strong>ad</strong></span> <span class='ocrx_word' id='word_1_1089' title='bbox 2916 5067 3181 5138; x_wconf 78' lang='lat' dir='ltr'><strong>[rigidum</strong></span> <span class='ocrx_word' id='word_1_1090' title='bbox 3207 5067 3453 5140; x_wconf 82' lang='lat' dir='ltr'><strong>ponatur,</strong></span> <span class='ocrx_word' id='word_1_1091' title='bbox 3499 5075 3592 5129; x_wconf 86' lang='lat' dir='ltr'><strong>illo</strong></span> 
     </span>
    </p>
   </div>
   <div class='ocr_carea' id='block_1_144' title="bbox 2020 5140 3590 5212">
    <p class='ocr_par' dir='ltr' id='par_1_144' title="bbox 2020 5140 3590 5212">
     <span class='ocr_line' id='line_1_144' title="bbox 2020 5140 3590 5212; baseline 0.002 -16"><span class='ocrx_word' id='word_1_1092' title='bbox 2020 5142 2072 5196; x_wconf 92' lang='lat' dir='ltr'><strong>in</strong></span> <span class='ocrx_word' id='word_1_1093' title='bbox 2101 5153 2340 5197; x_wconf 85' lang='lat' dir='ltr'><strong>naturam</strong></span> <span class='ocrx_word' id='word_1_1094' title='bbox 2370 5141 2525 5194; x_wconf 89' lang='lat' dir='ltr'><strong>calidi</strong></span> <span class='ocrx_word' id='word_1_1095' title='bbox 2557 5149 2883 5212; x_wconf 81' lang='lat' dir='ltr'><strong>transeunte,</strong></span> <span class='ocrx_word' id='word_1_1096' title='bbox 2923 5149 2977 5193; x_wconf 92' lang='lat' dir='ltr'><strong>et</strong></span> <span class='ocrx_word' id='word_1_1097' title='bbox 3002 5140 3288 5210; x_wconf 75' lang='lat' dir='ltr'><strong>t&#39;rigiditate</strong></span> <span class='ocrx_word' id='word_1_1098' title='bbox 3313 5154 3590 5212; x_wconf 60' lang='lat' dir='ltr'><strong>pereunte,</strong></span> 
     </span>
    </p>
   </div>
   <div class='ocr_carea' id='block_1_145' title="bbox 2020 5209 3590 5278">
    <p class='ocr_par' dir='ltr' id='par_1_145' title="bbox 2020 5209 3590 5278">
     <span class='ocr_line' id='line_1_145' title="bbox 2020 5209 3590 5278; baseline 0.003 -12"><span class='ocrx_word' id='word_1_1099' title='bbox 2020 5213 2340 5267; x_wconf 86' lang='lat' dir='ltr'><strong>dissolvetur</strong></span> <span class='ocrx_word' id='word_1_1100' title='bbox 2362 5212 2448 5266; x_wconf 85' lang='lat' dir='ltr'><strong>illa</strong></span> <span class='ocrx_word' id='word_1_1101' title='bbox 2474 5209 2802 5278; x_wconf 87' lang='lat' dir='ltr'><strong>conjunctio.</strong></span> <span class='ocrx_word' id='word_1_1102' title='bbox 2826 5210 2919 5264; x_wconf 86' lang='lat' dir='ltr'><strong>Sin</strong></span> <span class='ocrx_word' id='word_1_1103' title='bbox 2949 5209 3125 5265; x_wconf 82' lang='lat' dir='ltr'><strong>autem</strong></span> <span class='ocrx_word' id='word_1_1104' title='bbox 3157 5212 3259 5266; x_wconf 74' lang='lat' dir='ltr'><strong>tale</strong></span> <span class='ocrx_word' id='word_1_1105' title='bbox 3289 5209 3448 5268; x_wconf 79' lang='lat' dir='ltr'><strong>fuerit</strong></span> <span class='ocrx_word' id='word_1_1106' title='bbox 3479 5209 3590 5271; x_wconf 47' lang='lat' dir='ltr'><strong>me;</strong></span> 
     </span>
    </p>
   </div>
   <div class='ocr_carea' id='block_1_146' title="bbox 2021 5281 3590 5351">
    <p class='ocr_par' dir='ltr' id='par_1_146' title="bbox 2021 5281 3590 5351">
     <span class='ocr_line' id='line_1_146' title="bbox 2021 5281 3590 5351; baseline 0.003 -15"><span class='ocrx_word' id='word_1_1107' title='bbox 2021 5283 2188 5348; x_wconf 85' lang='lat' dir='ltr'><strong>dium,</strong></span> <span class='ocrx_word' id='word_1_1108' title='bbox 2212 5284 2355 5351; x_wconf 90' lang='lat' dir='ltr'><strong>quod</strong></span> <span class='ocrx_word' id='word_1_1109' title='bbox 2397 5281 2462 5336; x_wconf 89' lang='lat' dir='ltr'><strong>ad</strong></span> <span class='ocrx_word' id='word_1_1110' title='bbox 2495 5295 2776 5349; x_wconf 89' lang='lat' dir='ltr'><strong>utrumque</strong></span> <span class='ocrx_word' id='word_1_1111' title='bbox 2803 5294 2862 5335; x_wconf 87' lang='lat' dir='ltr'><strong>se</strong></span> <span class='ocrx_word' id='word_1_1112' title='bbox 2888 5283 3163 5348; x_wconf 68' lang='lat' dir='ltr'><strong>aequaliter</strong></span> <span class='ocrx_word' id='word_1_1113' title='bbox 3192 5282 3385 5337; x_wconf 84' lang='lat' dir='ltr'><strong>habeat</strong></span> <span class='ocrx_word' id='word_1_1114' title='bbox 3411 5323 3428 5350; x_wconf 94' lang='lat'><strong>,</strong></span> <span class='ocrx_word' id='word_1_1115' title='bbox 3483 5301 3590 5340; x_wconf 91' lang='lat' dir='ltr'><strong>non</strong></span> 
     </span>
    </p>
   </div>
   <div class='ocr_carea' id='block_1_147' title="bbox 2025 5351 3595 5422">
    <p class='ocr_par' dir='ltr' id='par_1_147' title="bbox 2025 5351 3595 5422">
     <span class='ocr_line' id='line_1_147' title="bbox 2025 5351 3595 5422; baseline 0.002 -16"><span class='ocrx_word' id='word_1_1116' title='bbox 2025 5359 2140 5422; x_wconf 83' lang='lat' dir='ltr'><strong>plus</strong></span> <span class='ocrx_word' id='word_1_1117' title='bbox 2173 5356 2223 5406; x_wconf 91' lang='lat' dir='ltr'><strong>in</strong></span> <span class='ocrx_word' id='word_1_1118' title='bbox 2257 5363 2498 5406; x_wconf 77' lang='lat' dir='ltr'><strong>naturam</strong></span> <span class='ocrx_word' id='word_1_1119' title='bbox 2531 5351 2685 5422; x_wconf 83' lang='lat' dir='ltr'><strong>unius</strong></span> <span class='ocrx_word' id='word_1_1120' title='bbox 2712 5365 2872 5422; x_wconf 87' lang='lat' dir='ltr'><strong>quam</strong></span> <span class='ocrx_word' id='word_1_1121' title='bbox 2903 5351 3122 5422; x_wconf 87' lang='lat' dir='ltr'><strong>alterius</strong></span> <span class='ocrx_word' id='word_1_1122' title='bbox 3151 5354 3434 5419; x_wconf 87' lang='lat' dir='ltr'><strong>transiens,</strong></span> <span class='ocrx_word' id='word_1_1123' title='bbox 3473 5355 3595 5409; x_wconf 91' lang='lat' dir='ltr'><strong>illo-</strong></span> 
     </span>
    </p>
   </div>
   <div class='ocr_carea' id='block_1_148' title="bbox 2023 5421 3594 5495">
    <p class='ocr_par' dir='ltr' id='par_1_148' title="bbox 2023 5421 3594 5495">
     <span class='ocr_line' id='line_1_148' title="bbox 2023 5421 3594 5495; baseline -0.001 -17"><span class='ocrx_word' id='word_1_1124' title='bbox 2023 5421 2140 5480; x_wconf 82' lang='lat' dir='ltr'><strong>rum</strong></span> <span class='ocrx_word' id='word_1_1125' title='bbox 2190 5422 2497 5495; x_wconf 80' lang='lat' dir='ltr'><strong>observabis</strong></span> <span class='ocrx_word' id='word_1_1126' title='bbox 2538 5421 2989 5495; x_wconf 80' lang='lat' dir='ltr'><strong>conjunctionetn.</strong></span> <span class='ocrx_word' id='word_1_1127' title='bbox 3045 5421 3234 5495; x_wconf 73' lang='lat' dir='ltr'><strong>volens</strong></span> <span class='ocrx_word' id='word_1_1128' title='bbox 3267 5439 3408 5495; x_wconf 74' lang='lat' dir='ltr'><strong>ergo</strong></span> <span class='ocrx_word' id='word_1_1129' title='bbox 3457 5441 3594 5494; x_wconf 74' lang='lat' dir='ltr'><strong>prm-</strong></span> 
     </span>
    </p>
   </div>
   <div class='ocr_carea' id='block_1_149' title="bbox 2023 5489 3599 5566">
    <p class='ocr_par' dir='ltr' id='par_1_149' title="bbox 2023 5489 3599 5566">
     <span class='ocr_line' id='line_1_149' title="bbox 2023 5489 3599 5566; baseline 0.001 -17"><span class='ocrx_word' id='word_1_1130' title='bbox 2023 5495 2162 5549; x_wconf 83' lang='lat' dir='ltr'><strong>dicta</strong></span> <span class='ocrx_word' id='word_1_1131' title='bbox 2191 5496 2294 5549; x_wconf 91' lang='lat' dir='ltr'><strong>duo</strong></span> <span class='ocrx_word' id='word_1_1132' title='bbox 2319 5494 2586 5566; x_wconf 76' lang='lat' dir='ltr'><strong>elementa</strong></span> <span class='ocrx_word' id='word_1_1133' title='bbox 2633 5489 2990 5555; x_wconf 84' lang='lat' dir='ltr'><strong>commisceri,</strong></span> <span class='ocrx_word' id='word_1_1134' title='bbox 3036 5494 3128 5547; x_wconf 87' lang='lat' dir='ltr'><strong>sed</strong></span> <span class='ocrx_word' id='word_1_1135' title='bbox 3158 5489 3506 5566; x_wconf 67' lang='lat' dir='ltr'><strong>conjungere,</strong></span> <span class='ocrx_word' id='word_1_1136' title='bbox 3540 5509 3599 5552; x_wconf 91' lang='lat' dir='ltr'><strong>ut</strong></span> 
     </span>
    </p>
   </div>
   <div class='ocr_carea' id='block_1_150' title="bbox 2025 5563 3598 5635">
    <p class='ocr_par' dir='ltr' id='par_1_150' title="bbox 2025 5563 3598 5635">
     <span class='ocr_line' id='line_1_150' title="bbox 2025 5563 3598 5635; baseline 0.002 -16"><span class='ocrx_word' id='word_1_1137' title='bbox 2025 5578 2306 5635; x_wconf 85' lang='lat' dir='ltr'><strong>utrumque</strong></span> <span class='ocrx_word' id='word_1_1138' title='bbox 2351 5563 2405 5618; x_wconf 92' lang='lat' dir='ltr'><strong>id</strong></span> <span class='ocrx_word' id='word_1_1139' title='bbox 2434 5563 2575 5632; x_wconf 90' lang='lat' dir='ltr'><strong>quod</strong></span> <span class='ocrx_word' id='word_1_1140' title='bbox 2613 5573 2695 5618; x_wconf 84' lang='lat' dir='ltr'><strong>est</strong></span> <span class='ocrx_word' id='word_1_1141' title='bbox 2746 5570 3007 5635; x_wconf 84' lang='lat' dir='ltr'><strong>remanet,</strong></span> <span class='ocrx_word' id='word_1_1142' title='bbox 3057 5563 3290 5619; x_wconf 87' lang='lat' dir='ltr'><strong>medium</strong></span> <span class='ocrx_word' id='word_1_1143' title='bbox 3333 5563 3472 5621; x_wconf 81' lang='lat' dir='ltr'><strong>inter</strong></span> <span class='ocrx_word' id='word_1_1144' title='bbox 3506 5566 3598 5624; x_wconf 86' lang='lat' dir='ltr'><strong>illa</strong></span> 
     </span>
    </p>
   </div>
   <div class='ocr_carea' id='block_1_151' title="bbox 2025 5634 3598 5702">
    <p class='ocr_par' dir='ltr' id='par_1_151' title="bbox 2025 5634 3598 5702">
     <span class='ocr_line' id='line_1_151' title="bbox 2025 5634 3598 5702; baseline 0.003 -12"><span class='ocrx_word' id='word_1_1145' title='bbox 2025 5634 2248 5699; x_wconf 89' lang='lat' dir='ltr'><strong>creavit,</strong></span> <span class='ocrx_word' id='word_1_1146' title='bbox 2277 5650 2383 5691; x_wconf 89' lang='lat' dir='ltr'><strong>non</strong></span> <span class='ocrx_word' id='word_1_1147' title='bbox 2415 5648 2575 5690; x_wconf 89' lang='lat' dir='ltr'><strong>unum</strong></span> <span class='ocrx_word' id='word_1_1148' title='bbox 2604 5644 2803 5696; x_wconf 87' lang='lat' dir='ltr'><strong>tamen,</strong></span> <span class='ocrx_word' id='word_1_1149' title='bbox 2831 5634 2926 5688; x_wconf 83' lang='lat' dir='ltr'><strong>sed</strong></span> <span class='ocrx_word' id='word_1_1150' title='bbox 2953 5634 3086 5698; x_wconf 89' lang='lat' dir='ltr'><strong>duo,</strong></span> <span class='ocrx_word' id='word_1_1151' title='bbox 3126 5650 3336 5702; x_wconf 90' lang='lat' dir='ltr'><strong>aquam,</strong></span> <span class='ocrx_word' id='word_1_1152' title='bbox 3368 5638 3598 5694; x_wconf 78' lang='lat' dir='ltr'><strong>scilicet.</strong></span> 
     </span>
    </p>
   </div>
   <div class='ocr_carea' id='block_1_152' title="bbox 2025 5705 3597 5774">
    <p class='ocr_par' dir='ltr' id='par_1_152' title="bbox 2025 5705 3597 5774">
     <span class='ocr_line' id='line_1_152' title="bbox 2025 5705 3597 5774; baseline -0.003 -12"><span class='ocrx_word' id='word_1_1153' title='bbox 2025 5717 2081 5762; x_wconf 88' lang='lat' dir='ltr'><strong>et</strong></span> <span class='ocrx_word' id='word_1_1154' title='bbox 2105 5721 2252 5762; x_wconf 87' lang='lat' dir='ltr'><strong>aera.</strong></span> <span class='ocrx_word' id='word_1_1155' title='bbox 2300 5706 2356 5761; x_wconf 82' lang='lat' dir='ltr'><strong>Si</strong></span> <span class='ocrx_word' id='word_1_1156' title='bbox 2404 5705 2544 5760; x_wconf 90' lang='lat' dir='ltr'><strong>enim</strong></span> <span class='ocrx_word' id='word_1_1157' title='bbox 2575 5705 2744 5758; x_wconf 85' lang='lat' dir='ltr'><strong>solam</strong></span> <span class='ocrx_word' id='word_1_1158' title='bbox 2791 5718 2980 5772; x_wconf 89' lang='lat' dir='ltr'><strong>aquam</strong></span> <span class='ocrx_word' id='word_1_1159' title='bbox 3012 5706 3149 5759; x_wconf 90' lang='lat' dir='ltr'><strong>inter</strong></span> <span class='ocrx_word' id='word_1_1160' title='bbox 3194 5721 3255 5759; x_wconf 87' lang='lat' dir='ltr'><strong>ea</strong></span> <span class='ocrx_word' id='word_1_1161' title='bbox 3305 5711 3597 5774; x_wconf 80' lang='lat' dir='ltr'><strong>posuisset.</strong></span> 
     </span>
    </p>
   </div>
   <div class='ocr_carea' id='block_1_153' title="bbox 2031 5775 3597 5847">
    <p class='ocr_par' dir='ltr' id='par_1_153' title="bbox 2031 5775 3597 5847">
     <span class='ocr_line' id='line_1_153' title="bbox 2031 5775 3597 5847; baseline -0.002 -16"><span class='ocrx_word' id='word_1_1162' title='bbox 2031 5787 2140 5834; x_wconf 87' lang='lat' dir='ltr'><strong>tum</strong></span> <span class='ocrx_word' id='word_1_1163' title='bbox 2167 5779 2284 5847; x_wconf 86' lang='lat' dir='ltr'><strong>plus</strong></span> <span class='ocrx_word' id='word_1_1164' title='bbox 2312 5775 2379 5831; x_wconf 88' lang='lat' dir='ltr'><strong>ad</strong></span> <span class='ocrx_word' id='word_1_1165' title='bbox 2413 5790 2606 5832; x_wconf 84' lang='lat' dir='ltr'><strong>terram</strong></span> <span class='ocrx_word' id='word_1_1166' title='bbox 2638 5789 2796 5845; x_wconf 89' lang='lat' dir='ltr'><strong>quam</strong></span> <span class='ocrx_word' id='word_1_1167' title='bbox 2819 5777 2884 5828; x_wconf 87' lang='lat' dir='ltr'><strong>ad</strong></span> <span class='ocrx_word' id='word_1_1168' title='bbox 2917 5776 3088 5839; x_wconf 73' lang='lat' dir='ltr'><strong>ignem</strong></span> <span class='ocrx_word' id='word_1_1169' title='bbox 3117 5791 3176 5830; x_wconf 90' lang='lat' dir='ltr'><strong>se</strong></span> <span class='ocrx_word' id='word_1_1170' title='bbox 3208 5778 3453 5842; x_wconf 87' lang='lat' dir='ltr'><strong>haberet,</strong></span> <span class='ocrx_word' id='word_1_1171' title='bbox 3503 5779 3597 5829; x_wconf 81' lang='lat' dir='ltr'><strong>lia-</strong></span> 
     </span>
    </p>
   </div>
   <div class='ocr_carea' id='block_1_154' title="bbox 2029 5847 3599 5915">
    <p class='ocr_par' dir='ltr' id='par_1_154' title="bbox 2029 5847 3599 5915">
     <span class='ocr_line' id='line_1_154' title="bbox 2029 5847 3599 5915; baseline -0.002 -12"><span class='ocrx_word' id='word_1_1172' title='bbox 2029 5848 2117 5904; x_wconf 90' lang='lat' dir='ltr'><strong>bet</strong></span> <span class='ocrx_word' id='word_1_1173' title='bbox 2145 5849 2288 5904; x_wconf 90' lang='lat' dir='ltr'><strong>enitu</strong></span> <span class='ocrx_word' id='word_1_1174' title='bbox 2314 5863 2598 5904; x_wconf 89' lang='lat' dir='ltr'><strong>commune</strong></span> <span class='ocrx_word' id='word_1_1175' title='bbox 2642 5862 2760 5900; x_wconf 80' lang='lat' dir='ltr'><strong>cum</strong></span> <span class='ocrx_word' id='word_1_1176' title='bbox 2795 5855 2935 5900; x_wconf 86' lang='lat' dir='ltr'><strong>terra</strong></span> <span class='ocrx_word' id='word_1_1177' title='bbox 2979 5849 3384 5915; x_wconf 85' lang='lat' dir='ltr'><strong>corpulentiam.</strong></span> <span class='ocrx_word' id='word_1_1178' title='bbox 3439 5847 3599 5900; x_wconf 73' lang='lat' dir='ltr'><strong>obtu-</strong></span> 
     </span>
    </p>
   </div>
   <div class='ocr_carea' id='block_1_155' title="bbox 2032 5916 3603 5990">
    <p class='ocr_par' dir='ltr' id='par_1_155' title="bbox 2032 5916 3603 5990">
     <span class='ocr_line' id='line_1_155' title="bbox 2032 5916 3603 5990; baseline -0.004 -13"><span class='ocrx_word' id='word_1_1179' title='bbox 2032 5921 2271 5987; x_wconf 88' lang='lat' dir='ltr'><strong>sitatem,</strong></span> <span class='ocrx_word' id='word_1_1180' title='bbox 2303 5935 2423 5978; x_wconf 90' lang='lat' dir='ltr'><strong>cum</strong></span> <span class='ocrx_word' id='word_1_1181' title='bbox 2455 5921 2572 5990; x_wconf 73' lang='lat' dir='ltr'><strong>igne</strong></span> <span class='ocrx_word' id='word_1_1182' title='bbox 2600 5917 2970 5985; x_wconf 83' lang='lat' dir='ltr'><strong>mobilitatem,</strong></span> <span class='ocrx_word' id='word_1_1183' title='bbox 3018 5916 3322 5985; x_wconf 74' lang='lat' dir='ltr'><strong>conioncno</strong></span> <span class='ocrx_word' id='word_1_1184' title='bbox 3364 5919 3448 5971; x_wconf 84' lang='lat' dir='ltr'><strong>illa</strong></span> <span class='ocrx_word' id='word_1_1185' title='bbox 3494 5931 3603 5971; x_wconf 77' lang='lat' dir='ltr'><strong>non</strong></span> 
     </span>
    </p>
   </div>
  </div>
