4162 6212
460 384 583 441 Iul

1415 381 1932 440 ELEMENTOBUH
1972 378 2443 439 Ρηιωεοῐιιιιιε
2486 378 2608 433 LIB.
2654 376 2716 433 ll.

3570 377 3704 432 “£2

454 503 614 554 latum
683 497 833 569 etin
869 496 1085 569 signum
1126 505 1381 569 mutatum
1430 497 1691 559 dicentes.
1732 506 1783 551 et
1833 496 1910 569 sic
1954 495 2024 550 de
2052 498 2098 560 Α
2127 492 2279 569 Quod
2312 506 2406 561 per
2446 506 2633 569 navem
2661 498 2967 569 currentem
2998 488 3218 569 in_r_t_tari
3251 487 3461 569 probari
3501 502 3699 569 mrces.

450 570 591 626 aliis.
620 568 771 636 Quod
795 566 971 633 genus
990 568 1248 623 tractandi
1278 571 1505 622 maxime
1527 578 1612 622 est
1638 566 2014 623 necessarium.

449 639 571 718 Non
594 639 738 718 epim
768 641 967 693 scimus
993 639 1421 718 dc_un_oquoque
1438 717 1441 718 ν
1461 640 1636 706 signo,
1665 639 2026 718 ipquaparte

448 710 572 766 ccli
599 709 691 775 sit,
720 718 776 765 et
814 720 943 776 quot
967 709 1139 765 stellie
1167 707 1315 764 ineo
1338 707 1472 773 siut,
1508 720 1561 763 et
1588 707 1816 777 qualiter
1843 707 2026 773 dispo-

450 782 588 834 sitm.
620 780 952 849 Astrologice
978 794 1107 836 vero
1138 787 1388 846 tractare,
1423 784 1512 834 'est
1546 792 1607 849 ea
1634 793 1753 843 qua:
1780 777 2028 849 videmur

452 853 505 903 in
533 848 901 918 superioribus
926 850 1128 913 dicere.
1158 853 1271 904 sive
1314 850 1385 904 ita
1426 850 1520 913 sit,
1566 848 1678 903 sive
1704 862 1834 911 non,
1863 848 2026 918 multa

447 916 695 976 eniui‘ibi
721 920 970 974 videntur
995 935 1141 983 esse,
1166 934 1286 988 qua:
1310 935 1413 975 non
1442 927 1586 983 sunt,
1612 918 1734 987 quia
1761 918 1907 988 visus
1932 916 2030 970 l‘al-

452 993 611 1057 litur;
642 990 721 1046 sic
768 999 961 1044 tractat
989 987 1309 1057 Marcianus,
1364 989 1720 1057 Hipparchus.
1772 987 2028 1042 Astrono-

450 1064 590 1117 inice
618 1069 809 1117 tractat
843 1060 1017 1116 Julius
1047 1061 1332 1127 lt‘irtnicus,
1366 1059 1705 1115 Ptolomaeus.
1736 1058 1870 1128 Cum
1900 1072 2029 1128 ergo

448 1132 648 1186 dictum
676 1141 757 1186 est
785 1147 797 1184 :
823 1130 1030 1186 C(elum
1082 1132 1212 1199 tegit
1258 1131 1457 1195 omnia,
1498 1126 1883 1199 astrologicum
1924 1126 2027 1192 est,

449 1203 575 1271 quia
602 1201 683 1257 sic
714 1202 960 1266 videtur;
1007 1202 1087 1255 vel
1127 1198 1294 1271 aether
1319 1201 1513 1271 dicitur
1540 1199 1755 1264 uelum,
1798 1198 1919 1266 quia
1948 1207 2030 1271 est

448 1269 682 1328 diversis
722 1273 893 1326 stellis
921 1271 1188 1326 caelatum.
1232 1270 1438 1326 Dicitur
1466 1269 1879 1339 ﬁrmamentum,
1907 1269 2028 1339 quia

447 1357 548 1397 suo
568 1342 760 1397 effectu
781 1350 837 1398 et
857 1342 1037 1395 calore
1057 1342 1358 1409 stellarum,
1384 1355 1503 1410 qua:
1526 1340 1576 1394 in
1598 1354 1664 1395 eo
1683 1349 1829 1410 sunt,
1855 1338 2031 1395 iirmat

449 1423 504 1466 et
526 1423 784 1481 temperat
813 1411 1048 1466 subdita.
1091 1411 1298 1468 Ctelutn
1328 1409 1491 1478 igitur
1518 1410 1646 1477 tegit
1673 1409 1873 1481 omnia,
1904 1411 2031 1481 quia

452 1482 505 1538 in
551 1479 751 1540 :etliere
792 1491 849 1537 et
876 1482 976 1536 sub
1007 1482 1205 1537 aethere
1244 1483 1420 1537 omnia
1451 1480 1810 1535 continentur.
1843 1479 1897 1534 lu
1928 1479 2027 1535 hoc

448 1554 699 1608 dicuntur
739 1552 912 1607 stella:
961 1551 1162 1617 inlisae,
1195 1566 1298 1606 non
1329 1563 1388 1605 ut
1414 1567 1620 1619 gemma
1668 1551 1719 1605 in
1747 1566 1901 1617 auro,
1934 1552 2027 1604 sed

450 1625 572 1687 quia
602 1624 655 1678 in
694 1623 784 1679 illo
813 1622 1130 1686 existentes,
1159 1637 1373 1691 semper
1412 1621 1465 1691 in
1498 1622 1682 1676 eadem
1715 1630 1863 1689 parte
1889 1621 2031 1675 illius

451 1694 720 1759 videntur,
763 1702 817 1747 et
840 1692 1089 1761 quoniam
1121 1692 1189 1746 de
1220 1694 1393 1747 inlisis
1414 1690 1638 1747 iecimus
1660 1692 1984 1771 mentionem
2009 1732 2027 1757 ,

449 1779 755 1833 quaratnus
811 1773 987 1816 utrum
1039 1772 1373 1830 moveantur,
1427 1777 1495 1816 an
1545 1776 1764 1815 umntuo
1784 1771 2031 1833 _careaut

449 1830 630 1899 motu;
656 1843 711 1890 et
749 1833 794 1887 si
824 1840 1129 1927 moventur,
1157 1834 1384 1927 qualiter
1410 1840 1743 1927 moveantur.
1776 1830 2025 1927 suntqui
2060 1865 2105 1927 Β

450 1919 545 1961 eas
572 1920 675 1959 non
706 1901 907 1958 moveri
933 1912 1201 1965 asserunt.
1228 1903 1326 1959 sed
1354 1918 1382 1955 a
1413 1902 1768 1967 ﬁrtttamento,
1799 1911 1853 1955 et
1882 1901 1935 1955 in
1962 1916 2028 1955 eo

451 1977 585 2030 lixas
612 1974 678 2029 ad
722 1984 897 2030 ortum
946 1980 1001 2026 et
1031 1986 1280 2027 occasum
1320 1972 1527 2027 referri.
1578 1969 1681 2027 Alii
1710 1970 1893 2025 tlicunt
1936 1985 2029 2025 eas

449 2045 666 2114 proprio
688 2043 1084 2114 motumoveri.
1109 2043 1227 2109 quia
1260 2043 1429 2114 ignea
1455 2049 1580 2097 sunt
1605 2049 1828 2106 naturae,
1853 2055 2028 2109 neque

449 2113 647 2181 aliquid
680 2116 732 2168 in
762 2113 963 2168 {ethere
992 2114 1072 2166 vel
1103 2128 1226 2167 aere
1274 2113 1390 2168 sine
1440 2121 1586 2167 motu
1615 2126 1771 2178 posse
1815 2121 2028 2167 susten-

453 2185 574 2255 turi,
605 2184 698 2255 sed
727 2196 944 2255 semper
970 2182 1022 2236 in
1050 2182 1252 2255 eodem,
1267 2183 1384 2255 loco
1411 2190 1466 2236 et
1485 2183 1684 2255 circum
1716 2196 1774 2236 se
1804 2184 2026 2255 moveri.

451 2254 616 2311 'l'ertii
663 2252 963 2309 dicunt'eas
1011 2253 1174 2306 etiam
1223 2252 1293 2309 de
1334 2253 1451 2306 loco
1496 2252 1561 2307 ad
1595 2252 1770 2306 locum
1802 2253 2026 2317 moveri,

450 2325 652 2381 nullum
685 2334 864 2379 tamen
906 2337 1091 2377 earum
1123 2335 1323 2376 motum
1365 2322 1534 2377 oculis
1565 2321 1765 2376 nostris
1805 2319 2026 2385 sentire,

452 2396 576 2465 quia
602 2404 808 2465 tantum
833 2394 989 2465 spatii
1018 2393 1072 2446 in
1102 2393 1475 2465 peragratione
1516 2392 1597 2465 sui
1626 2392 1809 2446 circuli
1829 2405 2028 2465 ροηευτ

446 2458 621 2533 titunt,
661 2463 804 2533 quod
826 2462 935 2517 vita
965 2458 1383 2533 humanaqu
1421 2461 1597 2518 brevis
1623 2470 1729 2528 est,
1772 2459 1931 2517 etiam
1961 2458 2027 2515 ad

445 2538 613 2590 breve
642 2542 1048 2605 punctumgtam
1098 2533 1263 2605 tarda:
1301 2533 1627 2605 accessionis
1663 2534 2025 2605 comprehen-

443 2601 788 2661 ἀεικιπύοη
839 2601 1060 2657 sufﬁcit.
1108 2602 1363 2668 Quamvis
1414 2617 1543 2656 vero
1587 2602 1710 2657 huic
1750 2601 2029 2656 sententia

443 2676 590 2745 quod
633 2674 702 2729 de
747 2675 866 2729 luco
911 2671 977 2745 ad
1026 2671 1204 2727 locum
1261 2682 1597 2739 moveantur,
1645 2673 2026 2736 consentimus,

442 2743 607 2801 aliam
636 2756 815 2799 tamen
852 2743 1115 2798 rationem
1145 2757 1313 2812 quare
1341 2750 1517 2796 motus
1544 2757 1727 2798 earum
1765 2758 1870 2797 non
1901 2758 2026 2796 scn-

443 2820 611 2871 tiatur
641 2812 1045 2884 praetendimus,
1065 2826 1193 2884 qua:
1221 2812 1341 2884 talis
1367 2820 1469 2867 est.
1498 2814 1684 2884 Omnis
1713 2822 1888 2866 motus
1910 2813 2027 2884 ills-

446 2881 690 2941 cernitur
729 2898 824 2953 per
862 2881 1153 2950 immobile,
1180 2882 1282 2953 vel
1325 2896 1418 2953 per
1447 2883 1621 2953 minus
1651 2883 1867 2937 mobile.
1896 2883 2028 2936 Cum

446 2956 591 3010 enim
617 2951 819 3023 aliquid
849 2961 1116 3021 movetur,
1146 2951 1194 3007 si
1220 2951 1416 3023 aliquid
1445 2952 1717 3023 immobile
1744 2954 1825 3007 vel
1852 2955 2026 3006 minus

447 3027 646 3080 mobile
688 3022 950 3087 videatur,
991 3036 1113 3077 cum
1155 3022 1353 3092 aliquid
1382 3022 1655 3092 prmterire
1695 3023 1776 3079 vel
1819 3026 2032 3092 propiu-

446 3110 617 3162 quare
643 3094 906 3158 videmus,
938 3101 1139 3148 motuin
1168 3093 1449 3148 sentimus.
1477 3094 1570 3149 Sin
1617 3101 1798 3148 autem
1828 3094 2025 3160 aliquid

2128 563 2297 618 Motus
2322 577 2451 629 ergo
2469 561 2745 617 stellarum
2775 575 2869 631 per
2894 561 3165 615 immobile
3196 561 3280 615 vel
3305 562 3477 614 minus
3505 562 3706 617 mubite

2126 631 2519 702 superpositum
2560 630 2808 699 sentitur,
2860 645 3133 701 nunquam
3175 632 3594 702 superpositum,
3646 647 3704 687 ιιι

2129 700 2227 773 per
2246 701 2391 771 signa
2415 712 2617 757 motum
2642 700 3521 773 planetasumjdiscernituustquia
3544 706 3711 757 modo

2127 770 2228 828 sub
2257 770 2357 827 hoc
2396 774 2569 842 signo,
2602 772 2761 826 modo
2786 774 2888 842 sub
2915 771 3023 827 alio
3049 772 3317 827 videntur.
3368 770 3542 842 Super
3568 788 3705 842 prae-

2128 843 2301 899 dictas
2344 841 2522 898 autem
2553 842 2735 897 stellas
2786 841 2918 896 nihil
2950 852 3033 897 est
3063 842 3293 910 visibile,
3336 857 3434 897 nec
3452 841 3583 899 ideo
3623 854 3714 900 est

2128 929 2235 985 quo
2261 922 2434 985 motus
2456 927 2637 967 earum
2666 912 2897 967 discerni
2922 913 3105 981 possit.
3133 912 3408 967 Moventur
3431 927 3580 983 ergo,
3610 918 3702 969 scil

2129 984 2311 1040 inﬁxa:
2337 984 2605 1050 dicuntur,
2636 985 2758 1053 quia
2807 990 2982 1038 motus
3024 998 3206 1038 earum
3236 998 3341 1039 non
3369 985 3618 1041 sentitur.
3650 985 3720 1040 lu-

2128 1055 2316 1110 eudem
2364 1054 2699 1109 ﬁrmamento
2743 1054 2991 1109 undecim
3036 1054 3284 1109 dixerunt
3308 1068 3431 1109 esse
3454 1056 3709 1119 circulos,

2128 1140 2354 1194 quorum
2385 1124 2492 1179 duo
2517 1136 2638 1180 sunt
2666 1124 2925 1187 visibiles,
2956 1122 3044 1179 alii
3075 1124 3388 1180 invisibiles.
3420 1126 3494 1180 De
3522 1126 3709 1181 visibi-

2131 1196 2267 1250 libus
2291 1209 2421 1265 ergo
2450 1196 2616 1263 prius,
2644 1194 2839 1249 deinde
2863 1194 2932 1250 de
2968 1194 3324 1250 invisibilibus
3352 1194 3702 1251 disseramus.

2131 1266 2247 1322 Duo
2269 1280 2398 1335 ergo
2426 1265 2686 1327 visibiles,
2712 1265 2971 1335 galaxias,
3002 1265 3054 1320 id
3082 1274 3187 1329 est,
3218 1267 3420 1321 lacteus
3448 1268 3704 1322 circulus.

2130 1337 2259 1390 Gala
2292 1333 2440 1408 enim
2484 1338 2582 1401 lac,
2596 1333 2734 1408 Αχίοέ
2759 1333 3001 1408 circulus,
3030 1344 3085 1391 et
3114 1336 3398 1401 zodiacus;
3428 1346 3483 1408 et
3521 1339 3710 1408 incipit

2131 1406 2368 1479 galasias
2407 1406 2561 1475 juxta
2588 1405 3022 1479 Septentrionem
3050 1421 3138 1479 cs_
3163 1417 3315 1475 parte
3351 1406 3605 1475 Orientis,
3636 1405 3703 1464 ct

2130 1476 2199 1531 ab
2228 1477 2446 1546 obliquo
2476 1491 2569 1544 per
2597 1476 2861 1531 Cancrum
2890 1486 2943 1531 et
2983 1476 3369 1546 Capricornqu
3414 1482 3701 1542 transiens,

2131 1550 2199 1602 ad
2249 1548 2391 1603 idem
2438 1546 2724 1602 revertitur
2769 1547 3104 1615 principium.
3155 1546 3358 1601 Dicitur
3400 1562 3578 1604 autem
3623 1551 3707 1606 sic

2135 1627 2352 1686 propter
2376 1616 2664 1671 notabilem
2693 1617 2774 1671 sui
2813 1616 3129 1687 claritatem.
3172 1614 3228 1672 Si
3256 1618 3376 1687 quis
3408 1633 3540 1674 vero
3566 1623 3713 1676 unde

2132 1691 2203 1742 sit
2228 1688 2317 1742 ille
2347 1689 2399 1741 in
2430 1687 2515 1741 illa
2549 1698 2698 1755 parte
2723 1687 2847 1742 caeli
2878 1686 3131 1742 notabilis
3159 1686 3409 1754 splendor
3442 1690 3585 1745 scire
3609 1690 3706 1744 de-

2132 1760 2354 1820 siderat,
2405 1757 2726 1813 Macrobium
2752 1757 2933 1829 legat.
2968 1757 3403 1829 Zodiacusvero
3432 1774 3481 1829 ra
3516 1758 3710 1829 Capri-

2131 1842 2298 1883 corno
2326 1842 2418 1896 per
2438 1829 2672 1882 Arietem
2697 1828 2763 1880 ad
2780 1826 3039 1882 Cancrum
3067 1827 3385 1893 ascendens,
3412 1828 3481 1884 de
3499 1826 3710 1887 Cancro

2133 1914 2228 1969 per
2265 1898 2477 1954 Libram
2516 1899 2582 1951 ad
2614 1898 2994 1969 Capricornum
3031 1896 3329 1969 descendit.
3374 1899 3711 1957 Descendere

2132 1967 2267 2041 vero
2288 1978 2347 2041 et
2369 1970 2679 2034 ascendere,
2697 1967 2852 2037 juxta
2882 1981 3123 2041 nostrum
3151 1968 3333 2041 situm.
3357 1969 3595 2041 intelligo
3620 1970 3709 2028 hic

2128 2039 2407 2112 duodecim
2448 2052 2635 2112 aequas
2678 2045 2876 2104 partes.
2931 2050 2986 2091 ul
3034 2037 3200 2093 refert
3249 2037 3565 2112 tlacrobius',
3613 2057 3710 2112 per

2129 2110 2329 2164 ﬂuxum
2355 2124 2507 2177 aqua:
2531 2108 2735 2179 divisus
2759 2118 2863 2171 est,
2894 2123 3117 2178 quarunt
3149 2123 3482 2179 unaquaeque
3507 2108 3706 2166 dicitur

2126 2181 2359 2251 signum,
2390 2181 2510 2250 quia
2540 2178 2618 2234 eis
2644 2180 2916 2251 signamus
2965 2178 3016 2232 in
3052 2193 3164 2251 _qu_a
3193 2190 3345 2249 parte
3373 2178 3496 2251 cteli
3526 2181 3597 2236 sit
3622 2184 3704 2251 sol

2126 2248 2305 2305 et'alii
2337 2248 2585 2319 planetae.
2618 2258 2671 2303 et
2700 2249 2767 2300 ad
2796 2263 2952 2319 quam
2981 2248 3227 2314 exierint,
3250 2258 3305 2303 et
3331 2249 3398 2305 ad
3420 2265 3580 2319 quam
3607 2248 3706 2306 de-

2128 2322 2288 2376 beant
2330 2318 2632 2389 pervenire.
2660 2319 2790 2385 Quas
2816 2318 2965 2390 signa
2995 2318 3119 2390 quia
3163 2318 3467 2376 nominibus
3494 2320 3704 2376 anima-

2131 2391 2259 2445 lium
2292 2390 2497 2444 titulata
2552 2397 2697 2455 sunt,
2728 2398 2786 2444 ut
2823 2389 2998 2455 Aries,
3039 2389 3266 2453 Taurus,
3306 2398 3435 2457 etc.,
3470 2390 3703 2447 circulus

2127 2463 2219 2530 qui
2249 2474 2313 2530 ea
2341 2461 2599 2526 continet,
2629 2458 2892 2514 Zodiacus
2912 2459 3128 2530 dicitur.
3163 2464 3275 2519 Ζωή
3301 2461 3444 2516 enim
3478 2472 3557 2517 est
3586 2462 3708 2516 ani-

2128 2528 2255 2585 mal.
2284 2529 2340 2585 Si
2368 2532 2488 2596 quis
2515 2542 2695 2583 autem
2725 2543 2914 2585 causas
2943 2528 3217 2584 nominum
3246 2538 3470 2597 quaerat,
3512 2531 3707 2599 Helpe-

2130 2603 2300 2656 ricum
2330 2601 2488 2667 legat.
2512 2599 2798 2669 Signorum
2823 2614 2951 2670 vero
2976 2600 3094 2655 talis
3121 2609 3203 2655 est
3231 2600 3532 2670 dispositio,
3558 2602 3704 2670 quod

2130 2673 2458 2740 propinquus
2504 2671 2660 2725 nobis
2702 2680 2787 2725 est
2827 2669 3057 2738 Cancer,
3103 2670 3328 2735 scilicet,
3377 2672 3430 2726 in
3467 2669 3704 2727 conﬁnio

2131 2751 2326 2795 nostra
2354 2741 2658 2795 habitabilis
2694 2749 2749 2794 et
2776 2740 3014 2795 torridas.
3052 2740 3254 2796 Deinde
3294 2740 3405 2797 Leo
3429 2741 3705 2798 aliquanto

2130 2811 2408 2881 descendit
2427 2824 2619 2881 versus
2629 2809 2924 2875 Orientem,
2951 2821 3071 2881 post
3094 2809 3286 2881 Virgo;
3308 2811 3502 2869 deinde
3521 2809 3708 2875 Libra.

2130 2882 2184 2935 in
2238 2880 2419 2953 medio
2456 2880 2709 2953 torridam
2731 2895 2880 2953 solum
2916 2880 3203 2953 existens;
3251 2881 3388 2936 ultra
3434 2897 3593 2953 quam
3624 2895 3706 2942 est

2130 2950 2406 3019 Scorpius,
2435 2950 2632 3022 deinde
2678 2950 3028 3020 Sagittarius;
3061 2961 3189 3022 post
3220 2966 3380 3020 quem
3408 2950 3494 3008 est
3517 2954 3704 3022 Capri-

2131 3035 2344 3087 cornus,
2391 3035 2422 3075 a
2461 3021 2616 3076 nobis
2644 3022 3067 3086 remotissimus;
3109 3021 3307 3077 deinde
3350 3022 3565 3090 oblique
3602 3021 3705 3078 ile-

2132 3091 2437 3147 scendendo
2456 3102 2542 3145 est
2565 3091 2849 3159 Aquarius,
2875 3101 3059 3157 postea
3084 3091 3291 3157 Pisces;
3313 3092 3508 3147 deinde
3523 3094 3703 3159 Aries,

450 3174 753 3243 ttioveatur,
782 3178 970 3243 neque
996 3162 1196 3243 aliquid
1225 3173 1378 3218 extra
1405 3162 1603 3234 ipsum,
1645 3167 1725 3218 vel
1755 3164 2030 3243 immobile
2062 3224 2102 3243 η
2136 3162 2188 3243 ili
2220 3163 2396 3217 medio
2427 3162 2650 3243 torrida:
2668 3175 2819 3243 sonte
2864 3161 3039 3243 Lier
3078 3164 3407 3243 suppositus,
3432 3177 3591 3234 supra
3618 3175 3700 3221 eat

452 3235 543 3292 vel
587 3224 769 3291 minus
812 3224 1009 3290 mobile
1052 3224 1298 3289 videatur
1327 3279 1341 3303 ,
1399 3224 1598 3288 n'iotus'
1619 3250 1726 3290 non
1771 3236 2021 3290 sentitur.
2058 3224 2105 3287 C
2136 3232 2368 3303 Taurus,
2399 3243 2585 3301 postea
2613 3229 2845 3297 Gemini,
2876 3230 3073 3288 deinde
3099 3224 3323 3289 Cancer.

1245 3346 1329 3402 DE
1368 3345 1718 3405 ABSIDIBUS

2411 3344 2900 3403 PLANETARUM.

1006 5080 3171 5748 Ἄ
