4162 6212
380 418 520 477 1149

1602 553 1787 706 ᾴὺᾒὶῖ
1902 581 2086 631 antes.
2289 627 2378 696 μ’.

1476 682 1613 767 ινιῷ
2345 665 2481 761 ⁸0⁸³6⁸,

1293 779 1542 963 ¢'\

1213 930 1324 1019 Αιὲ,

1206 1023 1257 1057 υ
1542 965 1706 1162 \
2062 1059 2104 1244 /

2805 1126 2860 1171 σε

2817 1177 2853 1206 ν

1071 1343 1133 1421 ,ξ
1639 1361 1708 1399 \
1930 1406 1933 1411 .
2867 1360 2912 1426 ξι

737 1456 953 1509 Omen.
1027 1413 1122 1453 ’ὁ
1711 1397 1858 1474 \\

629 1518 2916 2479 Ὦ

1351 406 1865 466 ELEMENTORUM
1909 402 2388 462 “HLOSOPHIE
2433 405 2564 465 LIB.
2605 407 2672 466 ll.

3489 401 3630 464 “50

437 2571 507 2653 Si
526 2588 657 2644 ergo
679 2574 762 2631 sol
791 2592 979 2653 versus
1004 2576 1349 2653 occidentem
1383 2580 1723 2653 tenderetde
1757 2583 1935 2653 Aricte
1970 2583 2013 2642 Β
2043 2581 2191 2653 terri.
2217 2580 2501 2653 Moventur
2523 2596 2651 2653 ergo
2672 2579 2755 2634 sol
2785 2587 2840 2635 et
2865 2578 2953 2653 alii
2977 2576 3291 2653 planetay‘ab
3318 2575 3609 2653 Occidente

362 2644 419 2719 i_n_
464 2645 671 2712 signum
713 2661 898 2719 versus
940 2648 1282 2704 Occidentem
1332 2650 1584 2719 positum,
1630 2651 1679 2706 id
1723 2660 1825 2716 est,
1873 2652 1924 2706 in

362 2714 543 2770 Pisces
571 2719 840 2780 transiret,
871 2718 1064 2774 deinde
1103 2720 1156 2773 in
1186 2714 1400 2778 caetera.
1429 2714 1579 2775 Cum
1610 2737 1737 2781 ergo
1765 2714 1842 2776 sol
1875 2724 1924 2777 iu

361 2784 510 2854 signa
544 2801 728 2842 versus
773 2790 1044 2844 Orientem
1075 2789 1269 2858 posita,
1302 2793 1524 2855 scilicet,
1557 2793 1608 2845 in
1658 2792 1922 2852 Taurum.

359 2864 493 2920 etc.,
519 2857 587 2910 de
633 2858 813 2912 Ariete
844 2857 1096 2917 transeat.
1130 2863 1246 2914 sine
1277 2862 1435 2915 dubio
1463 2861 1531 2915 de
1559 2861 1839 2917 occidente
1871 2865 1922 2917 in

361 2927 622 2982 orientem
671 2941 997 2984 moveretur.
1059 2932 1394 2985 Subnectunt
1440 2931 1600 2984 etiam
1665 2935 1921 2988 rationem

359 3012 523 3061 quare
543 3000 612 3051 sit
635 3014 852 3053 necesse
875 3004 950 3052 sic
971 3016 1109 3055 esse.
1138 3002 1269 3054 Cum
1298 3001 1688 3055 ﬁrmamentum
1712 3002 1778 3054 ab
1804 3020 1852 3056 οι
1869 3013 1921 3057 ttt

361 3066 416 3120 in
457 3083 702 3122 occasum
736 3070 987 3133 solvitur,
1023 3072 1066 3124 si
1101 3070 1326 3139 planette
1367 3073 1612 3126 similiter
1643 3087 1922 3127 moveren-

359 3146 463 3202 tur,
490 3146 666 3193 tantus
693 3151 836 3194 esset
863 3141 1110 3206 impetus,
1139 3142 1276 3208 quod
1310 3141 1363 3195 in
1411 3151 1548 3195 terra
1599 3140 1731 3196 nihil
1778 3151 1920 3200 stare

357 3213 662 3282 necvivere
694 3220 890 3273 posset.
923 3211 991 3266 Ut
1017 3227 1144 3282 ergo
1174 3211 1358 3279 rapido
1388 3214 1551 3266 motui
1600 3215 1918 3270 ﬁrmamen'i

354 3281 652 3350 obviarent,
688 3284 1047 3350 impetumque
1085 3281 1240 3337 illius
1271 3291 1650 3347 temperarent,
1687 3284 1739 3336 in
1785 3300 1917 3339 con-

354 3349 678 3421 trarietatem
730 3361 873 3404 motu
917 3349 1099 3405 retorti
1144 3363 1288 3407 sunt.
1317 3353 1422 3407 Sed
1463 3355 1704 3421 quamvis
1732 3367 1916 3411 contra

354 3419 744 3475 ﬁrmamentum
771 3422 1094 3485 deferantur,
1127 3419 1516 3479 ﬁrmamentum
1549 3435 1724 3480 tamen
1755 3424 1918 3481 refert

349 3505 446 3543 eos
490 3507 670 3562 secum
707 3492 770 3544 ad
801 3507 976 3546 ortum
1004 3501 1057 3544 ct
1085 3509 1355 3558 occasum,
1385 3503 1442 3548 ut
1479 3495 1523 3548 si
1566 3495 1759 3562 aliquis
1802 3499 1916 3552 exi-

349 3570 497 3614 stens
529 3561 580 3614 in
614 3562 751 3623 navi.
782 3574 967 3616 cautra
995 3579 1152 3631 quam
1183 3564 1332 3618 navis
1361 3574 1562 3630 currat,
1593 3561 1911 3630 se'moveat,

349 3638 527 3685 tamen
559 3645 586 3702 a
625 3633 744 3686 navi
777 3648 1090 3702 quocunque
1131 3637 1273 3688 Vadit
1318 3634 1567 3696 refertur,
1599 3651 1701 3689 non
1735 3637 1853 3690 ideo
1882 3653 1912 3692 a

347 3701 618 3773 contrario
650 3712 792 3756 motu
821 3701 1118 3770 quiescens.
1155 3705 1292 3770 Ergo
1320 3706 1465 3773 quod
1491 3705 1741 3772 paulatim
1770 3707 1913 3760 vadit

346 3771 412 3822 ad
441 3769 738 3837 Orientem,
772 3769 1024 3827 naturalis
1051 3784 1134 3830 est
1162 3769 1365 3840 motus;
1407 3769 1551 3842 qunti
1577 3775 1814 3842 quotidie
1840 3778 1906 3829 ad

346 3851 522 3894 ortum
553 3852 606 3895 et
634 3858 908 3908 occasum,
950 3859 1016 3898 ex
1062 3846 1374 3899 lirmamenti
1429 3847 1654 3912 impetu.
1680 3842 1905 3909 Quidam

2041 2651 2094 2704 in
2137 2652 2410 2708 Orientem
2458 2669 2563 2708 non
2587 2647 2758 2709 'recto
2803 2649 2981 2712 modo,
3010 2648 3103 2704 sed
3142 2647 3484 2715 obliquanda,
3513 2649 3609 2703 sed

2039 2723 2202 2777 ntodo
2232 2724 2612 2780 descendendo
2644 2722 2707 2776 ad
2749 2721 3037 2781 Austraiia,
3069 2719 3230 2772 modo
3264 2720 3333 2772 ad
3370 2729 3607 2772 nostram

2033 2790 2405 2858 habitabilem,
2447 2794 2786 2850 ascendendo
2811 2796 2954 2859 juxta
2989 2790 3293 2857 praedictam
3338 2791 3608 2858 signorum

2028 2862 2462 2930 dispositionem.
2515 2867 2620 2919 Sed
2669 2865 2812 2916 dicet
2866 2862 3099 2929 aliquis:
3143 2860 3270 2924 Quae
3321 2860 3609 2930 necessitas

2030 2929 2128 2986 fuit
2177 2934 2322 3008 quod
2350 2936 2429 2990 sol
2477 2934 2818 3008 obliquando,
2849 2942 2904 2987 et
2945 2947 3049 2985 non
3098 2941 3244 2985 recto
3275 2929 3454 2994 modo,
3487 2929 3606 2984 vol-

2030 3006 2274 3058 veretur?

2098 3074 2412 3139 Responsio.
2453 3076 2648 3146 lingua
2683 3088 2838 3140 quam
2872 3081 2926 3146 ut
2967 3071 3344 3146 ostendamus,
3396 3070 3607 3135 ιιι·ωὰου

2023 3155 2240 3197 ceamus
2268 3159 2401 3212 quas
2435 3143 2778 3200 diversitates
2806 3144 3018 3212 oblique
3069 3143 3298 3212 meando
3325 3150 3602 3212 oneretur.

2022 3227 2050 3263 a
2083 3210 2375 3281 remotiori,
2409 3215 2460 3267 id
2491 3227 2594 3280 est,
2643 3231 2673 3268 a
2711 3210 3036 3281 Capricorno
3087 3211 3432 3279 incipientes.
3467 3211 3599 3266 Cum

2020 3297 2148 3351 ergo
2176 3286 2256 3339 sol
2289 3286 2448 3340 intrat
2475 3283 2881 3348 Capricornum,
2915 3282 3056 3352 quod
3089 3282 3142 3338 in
3167 3283 3344 3338 medio
3378 3283 3600 3337 Decem-

2023 3355 2130 3409 bris
2162 3355 2440 3426 contiugit,
2475 3371 2690 3423 semper
2713 3355 2855 3426 enim
2883 3354 2962 3407 sol
2993 3354 3044 3406 in
3085 3354 3265 3426 medio
3293 3353 3494 3426 mensis
3523 3355 3604 3410 in-

2020 3433 2125 3477 trat
2172 3423 2382 3490 signum
2411 3466 2426 3488 ,
2478 3436 2532 3480 et
2572 3428 2623 3480 in
2673 3425 2851 3480 medio
2887 3423 3164 3495 sequentis
3207 3424 3411 3478 mensis
3463 3427 3601 3490 exit,

2017 3496 2173 3564 eique
2213 3498 2381 3550 mensi
2414 3497 2738 3560 attribuitur,
2772 3495 2823 3549 iu
2855 3511 2960 3565 quo
3000 3495 3076 3549 sol
3105 3495 3234 3548 illud
3266 3495 3447 3565 intrat.
3479 3497 3601 3560 quia

2018 3571 2142 3618 tunc
2173 3567 2560 3621 remotissimus
2599 3577 2681 3621 est
2708 3584 2736 3618 a
2769 3564 2945 3630 nobis,
2984 3576 3036 3618 ct
3083 3574 3263 3619 nostra
3297 3564 3602 3619 habitabilis

2015 3634 2212 3703 frigore
2236 3637 2569 3704 astringitur.
2619 3637 2784 3690 Terra
2831 3638 2970 3689 enim
3013 3644 3070 3690 et
3098 3651 3230 3704 aqua
3283 3636 3599 3689 naturaliter

2013 3715 2141 3757 sunt
2160 3705 2376 3772 frigida,
2405 3707 2505 3760 nisi
2536 3722 2566 3760 a
2605 3708 2718 3761 sole
2761 3705 3027 3760 caleﬁaut.
3080 3707 3274 3759 lterum
3321 3721 3441 3758 cum
3488 3721 3594 3759 non

2013 3773 2086 3828 sit
2111 3789 2219 3844 quo
2245 3786 2459 3831 arescat
2484 3791 2597 3842 aer,
2648 3777 2910 3840 spissatur
2938 3776 2990 3828 in
3027 3777 3218 3841 nubes,
3251 3792 3369 3836 «iure
3401 3778 3451 3828 in
3483 3779 3597 3842 plu-

2015 3845 2128 3898 vias
2165 3845 2730 3910 dissolvuntur;inde
2775 3846 2830 3900 ﬁt
2875 3848 3117 3914 quasdam
3168 3845 3293 3900 anni
3341 3846 3593 3906 varietas,

345 3913 704 3994 tamenautnt
733 3914 979 3994 necesse
1008 3931 1111 3994 ηριι
1145 3930 1320 3983 posse.
1345 3915 1478 3968 Cum
1507 3914 1649 3994 enim
1679 3917 1767 3994 soi_
1800 3929 1904 3969 non
1936 3929 1984 3994 ο
2011 3929 2132 3994 qua;
2161 3916 2333 3994 hiems
2365 3924 2602 3994 vocatur.
2656 3918 2750 3994 Est
2774 3913 2956 3994 autem
2985 3917 3156 3972 hiems
3186 3916 3376 3994 [rigida
3407 3925 3460 3970 et
3485 3918 3596 3994 _ttu-

343 3989 415 4053 stt
443 3981 510 4053 de
537 3983 714 4036 inﬁxis
739 3984 906 4037 stellis
945 3985 996 4038 in
1027 3981 1382 4048 ﬁrmamento,
1425 3984 1653 4053 qualiter
1681 3983 1912 4040 refertur

342 4050 413 4104 ab
451 4050 606 4120 ipso?
630 4054 686 4108 Si
715 4055 857 4109 enim
887 4054 1076 4123 aliquis
1105 4065 1254 4111 extra
1283 4050 1470 4108 navem
1496 4063 1600 4117 est,
1631 4055 1857 4122 qualiter
1879 4071 1912 4110 a

343 4124 464 4194 navi
494 4123 768 4178 defertur?
811 4123 884 4178 De
923 4139 989 4180 eo
1028 4139 1158 4180 vero
1199 4124 1590 4194 quod'dicunt.
1632 4123 1802 4194 solem
1844 4127 1910 4178 ad

341 4191 491 4258 signa
523 4195 776 4248 adversus
814 4195 1156 4251 Occidentem
1188 4191 1355 4260 posita
1398 4197 1643 4254 transire.
1675 4193 1808 4250 dicit
1834 4197 1914 4250 sic

343 4264 535 4328 videri,
568 4280 671 4318 non
704 4275 877 4318 tamen
907 4265 979 4320 ita
1008 4281 1148 4321 esse.
1175 4267 1305 4318 Cum
1330 4266 1470 4318 enim
1501 4266 1568 4317 ait
1609 4265 1913 4320 ﬁrmamen-

343 4341 452 4386 tum
483 4343 534 4387 et
576 4335 658 4389 sol
703 4334 925 4388 naturali
969 4347 1114 4388 motu
1157 4338 1224 4389 ab
1263 4346 1380 4389 ortu
1421 4336 1484 4386 ad
1521 4350 1767 4389 occasum
1797 4347 1911 4391 ten-

340 4405 486 4476 dant,
518 4403 586 4457 ita
615 4405 756 4472 quod
788 4405 866 4476 sol
901 4415 984 4459 est
1025 4407 1124 4460 sub
1153 4409 1322 4473 prima
1369 4416 1516 4474 parte
1546 4405 1760 4468 Arietis.
1785 4408 1907 4476 quin

342 4472 733 4536 ﬁrmamentum
781 4475 1053 4544 aliquanto
1109 4472 1476 4530 velocius—est
1523 4476 1667 4540 sole,
1718 4472 1909 4533 transit

339 4558 462 4596 eum
493 4547 570 4616 in;
591 4546 859 4601 tricesima
892 4555 1038 4613 parte
1079 4547 1234 4599 unius
1273 4545 1432 4616 signi.
1460 4547 1591 4599 Cum
1638 4547 1796 4616 igitur
1825 4551 1905 4602 sol

338 4615 485 4685 seuit
509 4611 578 4670 ad
605 4625 800 4677 ortum.
832 4611 936 4670 non
981 4617 1068 4670 illa
1101 4631 1223 4685 pars
1252 4611 1408 4684 signi,
1436 4633 1555 4685 quze
1595 4611 1717 4685 au'te
1762 4619 1907 4672 vide-

339 4682 518 4748 batur,
562 4699 724 4754 super
767 4685 937 4740 solem
985 4682 1212 4750 videtur,
1262 4682 1356 4741 sed
1411 4682 1696 4755 posterior,
1739 4696 1792 4741 et
1835 4688 1905 4743 ita

340 4768 436 4822 per
475 4757 711 4824 singulos
738 4756 854 4810 dies
883 4757 1206 4810 transeundo
1234 4757 1463 4821 videtur,
1492 4761 1631 4826 quod
1658 4758 1724 4811 ad
1753 4760 1904 4826 signa

338 4825 638 4894 posteriora
675 4834 783 4892 eat,
816 4841 936 4880 cum
967 4837 1141 4880 tamen
1171 4843 1273 4880 non
1305 4837 1408 4881 eat.
1436 4825 1587 4894 Quod
1615 4843 1708 4893 per
1732 4825 1906 4884 simile

338 4893 480 4948 lunze
519 4897 729 4962 probari
781 4905 974 4963 potest.
1001 4897 1133 4952 Cum
1181 4897 1324 4951 enim
1363 4893 1568 4953 certum
1618 4898 1689 4952 sit
1727 4899 1904 4955 lunam

338 4964 403 5016 ad
431 4963 858 5038 Septentrionem
887 4981 991 5021 non
1013 4983 1254 5033 currere,
1281 4968 1326 5022 si
1352 4983 1514 5038 super
1537 4971 1704 5035 ipsam
1736 4970 1905 5025 nubes

337 5044 593 5106 currant,
635 5036 846 5106 quando
888 5045 1164 5091 transeunt
1207 5039 1383 5092 lunam
1403 5036 1435 5106 ,“
1462 5040 1670 5093 videtur
1719 5049 1902 5094 contra

340 5104 508 5159 nubes
551 5106 616 5179 ad
653 5104 1089 5179 Septentrionem
1138 5123 1378 5167 currere.
1407 5104 1524 5164 Sed
1571 5110 1691 5179 quia
1738 5111 1903 5179 priori

337 5177 620 5249 sententia:
648 5178 986 5249 doctissimus
1021 5179 1260 5232 omnium
1301 5177 1903 5249 pbiloSOpborum‘cou-

335 5247 530 5318 sentit,
558 5257 613 5301 et
646 5263 768 5303 vera
817 5257 920 5312 est,
954 5247 1030 5302 illi
1061 5247 1438 5312 concedamus,
1467 5247 1758 5318 contraque
1801 5251 1903 5307 hoc

333 5316 479 5385 quod
507 5318 596 5372 ille
616 5318 744 5374 dicit
762 5319 928 5374 solem
953 5332 982 5371 a
1007 5318 1342 5373 tirmameuto
1369 5334 1474 5373 non
1505 5316 1897 5388 posse—referri,

334 5400 457 5459 cum
503 5389 557 5442 in
584 5403 652 5443 eo
679 5404 783 5443 non
812 5391 902 5443 sit.
933 5389 997 5443 Et
1032 5388 1076 5442 si
1109 5402 1391 5456 possumus
1420 5389 1619 5456 dicere,
1650 5392 1789 5459 quod
1821 5401 1907 5449 est

337 5456 391 5510 in
424 5458 759 5514 ﬁrmamento
778 5460 929 5529 juxta
962 5470 1198 5514 nostram
1243 5462 1588 5528 sententiam,
1618 5456 1738 5527 quia
1768 5464 1909 5517 dici-

336 5543 456 5600 mus
485 5530 686 5584 mtbera
718 5532 1110 5585 ﬁrmamentum
1139 5532 1338 5600 vocari,
1369 5539 1546 5587 tamen
1578 5533 1826 5597 dicimus,
1851 5544 1908 5588 et

333 5597 381 5652 si
430 5614 534 5653 non
585 5601 652 5653 sit
695 5603 747 5654 in
797 5601 1154 5665 ﬁrmamento,
1187 5597 1342 5668 pesse
1374 5604 1563 5656 rel’erri
1609 5603 1676 5656 ab
1714 5618 1798 5657 eo.
1840 5603 1907 5659 Ut

332 5671 478 5724 enim
500 5671 560 5740 in
589 5670 776 5726 eodem
810 5673 1057 5740 exemplo
1082 5672 1150 5726 de
1179 5672 1298 5727 navi
1331 5674 1698 5740 persistamus,
1731 5675 1776 5727 si
1803 5674 1903 5729 alio

334 5740 462 5811 quid
497 5739 614 5796 leve
639 5741 788 5810 juxta
819 5739 1005 5796 navem
1033 5742 1120 5808 sit,
1150 5739 1348 5811 impetu
1370 5742 1509 5798 illius
1536 5745 1788 5807 refertur,
1819 5756 1901 5800 et-

335 5811 382 5887 si
405 5809 468 5864 'in
499 5825 561 5864 ea
595 5809 698 5887 non
729 5813 817 5868 sit.
848 5813 984 5882 Ergo
1009 5809 1235 5887 sulcum
1267 5815 1398 5868 levis
1426 5825 1482 5870 et
1511 5816 1682 5887 igneae
1711 5815 1781 5870 sit
1811 5831 1903 5869 na-

337 5886 494 5950 turae,
522 5898 554 5938 a
601 5884 955 5952 ﬁrmamento,
979 5884 1104 5940 etsi
1136 5884 1186 5938 iu
1231 5900 1296 5939 co
1325 5901 1429 5942 non
1477 5884 1566 5951 sit,
1604 5896 1778 5958 potest
1819 5903 1903 5944 re-

2015 3985 2175 4057 tuida,
2217 3988 2635 4057 extenditurque
2669 3988 2843 4042 donec
2879 3989 2958 4041 sol
3006 3985 3270 4043 transeat
3301 3988 3592 4056 Aquarium

2011 4064 2066 4108 et
2094 4055 2296 4124 Pisces,
2325 4055 2558 4126 quorum
2580 4060 2806 4125 primum
2839 4059 3000 4112 intrat
3024 4059 3198 4113 medio
3219 4055 3478 4120 Januarii,
3510 4073 3595 4112 se-

2009 4126 2245 4180 cundum
2299 4128 2479 4182 medio
2523 4127 2846 4194 Februarii;
2896 4137 3103 4182 constat
3149 4143 3279 4197 ergo
3323 4128 3376 4183 in
3425 4129 3595 4183 tribus

2011 4197 2308 4267 mensibus,
2335 4208 2388 4252 et
2417 4198 2520 4252 hoc
2544 4209 2625 4253 est
2653 4214 2840 4252 verum
2889 4198 2956 4253 de
2979 4207 3205 4267 quatuor
3233 4200 3359 4253 anui
3389 4206 3594 4267 tempo-

2011 4266 2182 4320 ribus.
2213 4267 2270 4320 ln
2305 4271 2410 4339 hoc
2449 4269 2895 4339 constringuntur
2944 4266 3380 4337 porisupertieiei
3412 4279 3592 4333 torrat,

2012 4351 2110 4408 nec
2139 4348 2315 4408 potest
2334 4338 2483 4393 calor
2504 4338 2819 4405 evaporare,
2860 4341 2950 4408 qui
2998 4355 3282 4395 remanens
3313 4339 3481 4394 nutrit
3508 4357 3594 4394 ra-

2010 4406 2156 4461 dices
2183 4406 2470 4481 herbarum
2497 4420 2552 4463 et
2593 4406 2892 4474 arborum,'
2921 4413 3197 4481 vicemque
3239 4413 3425 4481 matris
3456 4427 3597 4478 pra:-

2009 4482 2219 4551 gnantis
2250 4479 2480 4543 obtinet,
2503 4492 2837 4534 crementutn
2867 4491 3044 4535 autem
3075 4479 3179 4536 non
3209 4479 3436 4545 confert,
3473 4483 3592 4551 quia

2011 4561 2108 4599 nec
2134 4548 2282 4602 calor
2307 4563 2407 4602 nec
2434 4553 2651 4615 Itumor,
2680 4565 2744 4606 ex
2774 4551 2968 4618 quibus
2997 4562 3080 4605 est
3105 4562 3470 4619 augmentum,
3492 4548 3593 4612 'uo-

2010 4626 2114 4688 test
2142 4621 2442 4674 ascendere
2468 4631 2692 4688 propter
2732 4619 2946 4688 frigoris
2976 4623 3432 4676 constrictionem.
3482 4621 3588 4678 Sed

2008 4687 2146 4761 unde
2169 4690 2316 4761 gelu.
2346 4690 2488 4744 unde
2512 4687 2684 4761 nives,
2718 4687 2857 4745 unde
2878 4694 3182 4761 grandines,
3209 4693 3353 4747 unde
3375 4694 3588 4759 pluvia,

2009 4757 2149 4813 unde
2179 4758 2419 4832 tonitrua
2459 4768 2516 4832 et
2557 4757 2775 4815 fulmina
2805 4757 3136 4832 contingant,
3169 4757 3480 4817 tractantes
3523 4763 3592 4818 de

2005 4842 2131 4902 aere
2159 4830 2423 4885 dicemus.
2474 4830 2610 4886 liuic
2638 4836 2861 4900 tempori
2892 4830 3192 4890 consimilia
3234 4843 3380 4897 sunt,
3428 4849 3588 4902 aqua,

2007 4898 2277 4973 phlegma,
2327 4901 2603 4973 decrepita
2652 4898 2804 4957 aetas.
2853 4903 2979 4959 Ηευο
3017 4906 3214 4959 etenim
3247 4903 3434 4973 frigida
3464 4898 3587 4959 sunt

2005 4980 2060 5042 _et
2089 4969 2329 5042 humida.
2377 4971 2433 5026 In
2463 4969 2655 5027 endem
2688 4988 2748 5028 se
2769 4974 2960 5028 melius
2989 4973 3185 5029 ltabeut
3203 4969 3477 5039 cbol'erici,
3506 4989 3593 5042 pe-

2000 5037 2093 5113 ius
2141 5040 2508 5113 pltlegmatici.
2563 5045 2752 5098 melius
2804 5043 3052 5113 juvenes,
3106 5046 3254 5113 pejus
3305 5037 3588 5112 decrepiti.

2007 5107 2244 5184 Pessima
2272 5107 2353 5184 est
2383 5113 2690 5179 inﬁrmitas,
2721 5107 2841 5183 qua:
2867 5123 2950 5168 est
2978 5107 3048 5170 ex'
3071 5107 3388 5184 pltlegmate.
3425 5107 3486 5167 ut
3510 5114 3592 5169 fe-

2007 5179 2127 5254 bris
2143 5181 2448 5254 quotidiana
2483 5185 2657 5237 minus
2698 5179 2856 5251 mala,
2887 5201 3008 5254 qua:
3035 5179 3119 5239 est
3139 5179 3218 5239 ei
3241 5183 3477 5254 cholera,
3531 5196 3588 5240 ttt

2010 5252 2256 5323 tertiana.
2289 5248 2436 5308 Utile
2466 5265 2552 5308 est
2581 5257 2633 5307 in
2654 5248 2851 5309 eodem
2872 5248 3217 5323 augmentare
3239 5257 3436 5311 cibum.
3466 5253 3588 5310 Pori

2009 5321 2151 5374 enim
2183 5322 2674 5396 bumanicorporis
2709 5340 2774 5378 ex
2809 5321 3100 5394 {rigiditate
3122 5325 3580 5396 constringuntur,

2009 5405 2110 5446 nec
2148 5403 2322 5466 potest
2347 5393 2500 5449 calor
2529 5409 2823 5462 evaporare
2860 5393 2947 5462 qui
2978 5400 3122 5451 intus
3151 5393 3434 5451 remanens
3469 5400 3587 5466 plus

2010 5463 2316 5536 causumit;
2347 5475 2534 5520 contra
2561 5466 2720 5536 igitur
2751 5466 3059 5536 interiorem
3090 5463 3586 5523 decoctionem'ne-

2009 5545 2160 5587 cesse
2185 5541 2268 5587 est
2293 5535 2573 5590 infundere
2585 5533 2927 5591 exteriorem
2954 5533 3315 5593 refectionem.
3349 5538 3474 5592 Inde
3502 5548 3588 5593 est

2010 5603 2149 5679 quod
2176 5608 2315 5672 apud
2347 5606 2595 5679 antiquos
2631 5606 2761 5679 deus
2787 5607 2998 5679 hiemis,
3019 5609 3224 5679 ninguis
3255 5623 3440 5662 ventre
3468 5611 3580 5674 piu-

2009 5673 2259 5746 gebatur,
2292 5683 2349 5730 et
2369 5677 2436 5728 ab
2463 5673 2796 5730 immunditia
2847 5677 3055 5746 paludis
3080 5673 3305 5744 spurius
3343 5673 3580 5746 appella-

2009 5747 2181 5799 batur.
2211 5745 2265 5800 in
2294 5746 2483 5802 eodem
2509 5748 2702 5802 bonum
2724 5755 2807 5802 est
2832 5747 2906 5801 uti
2933 5749 3122 5802 calidis
3153 5756 3205 5803 et
3235 5745 3410 5804 siccis.

2082 5813 2234 5892 T_uuc
2257 5817 2416 5892 igitur
2435 5817 2878 5892 solascendendo
2907 5833 3075 5892 usque
3103 5820 3169 5875 ad
3198 5821 3429 5874 Arietem
3455 5831 3581 5887 per-

2007 5886 2169 5955 venit,
2192 5889 2282 5956 qui
2313 5888 2366 5946 in
2396 5888 2572 5949 medio
2593 5887 2767 5946 Hartii
2793 5886 3108 5957 intrat,‘nec
3133 5892 3294 5948 nimis
3321 5886 3580 5952 tentatus,
