4162 6212
587 368 720 426 1151

1015 366 1220 425 BENE
1260 364 1713 427 VENERABILIS
1747 361 1896 423 OPP.
1941 363 2119 449 PARS
2156 362 2201 423 Ι.
2240 363 2433 422 SECT.
2470 364 2534 420 ll.
2557 393 2628 406 -
2669 363 2873 422 DUBIA
2910 361 3013 439 ΕΤ
3036 362 3309 423 81⁵1111111.

3699 366 3840 427 1153

580 497 681 563 nee
718 482 1067 563 propinquus,
1099 481 1369 563 utpote_in_
1391 477 1587 563 medio
1620 476 2150 563 torridae.sonte.po-
2181 510 2221 563 Α
2255 483 2469 563 melius,
2495 478 2883 563 peptssenes."
2903 478 3144 561 Pessima
3171 488 3256 535 est
3294 480 3580 563 infirmitas
3604 500 3726 556 qua:
3751 505 3848 542 na-

580 550 734 608 situs.
771 550 918 610 unde
939 569 1029 608 aer
1059 565 1256 606 nostra;
1285 551 1588 606 habitabilis
1613 566 1712 607 nec
1740 551 1898 606 nimis
1945 550 2151 606 calidus

581 635 681 686 est,
713 641 808 681 nec
836 625 1075 692 frigidus.
1110 639 1208 678 nec
1235 624 1392 678 nimis
1409 621 1681 689 humidus,
1713 636 1816 678 nee
1831 621 2026 686 siccus,
2054 622 2152 677 sed

581 696 721 749 inter
745 704 972 764 quatuor
999 697 1282 764 qualitates
1321 702 1667 761 temperatus.
1701 693 1778 748 Ex
1816 709 1917 762 qua
1949 704 2154 755 tempe-

583 766 662 820 rie
709 769 821 833 pori
869 763 1202 829 aperiuntur,
1257 775 1616 834 evaporatque
1659 765 1836 818 fumus
1881 763 2149 828 humidus,

584 852 678 895 per
701 839 906 892 radices
937 839 1218 891 herbarum
1250 847 1305 891 et
1331 836 1578 890 arborum
1609 835 1996 896 conscendens.
2024 851 2153 888 cnn-

584 908 685 962 fert
710 911 787 962 eis
817 921 1154 971 augmentum
1201 920 1255 960 et
1303 910 1714 973 vegetationem.
1763 906 1911 961 Unde
1937 907 2152 974 quidam

586 982 787 1034 mensis
816 981 972 1048 hujus
998 979 1252 1048 temporis
1279 978 1474 1034 dicitur
1494 979 1712 1045 Aprilis.
1739 978 1888 1047 quasi
1911 978 2153 1043 aperilis,

581 1052 701 1115 quia
731 1061 853 1105 tunc
883 1063 1022 1106 terra
1052 1051 1286 1115 aperitur
1327 1049 1378 1104 in
1406 1049 1587 1104 ﬂores.
1639 1050 1837 1116 Estque
1880 1051 2152 1116 proprium

583 1120 719 1204 ejus,
752 1123 890 1204 qund
915 1124 1221 1204 inconstans
1249 1123 1338 1204 sit.
1365 1122 1560 1204 modo,
1596 1119 2153 1204 scilicetwpluviosnm

582 1206 645 1245 ex
666 1195 936 1249 vicinitate
965 1193 1176 1257 hiemis,
1201 1193 1362 1246 modo
1387 1194 1587 1246 siccum
1613 1207 1678 1246 ex
1701 1191 1975 1247 viriditate
1996 1199 2157 1246 mta-

582 1261 671 1328 tis,
703 1267 861 1319 modo
887 1267 1071 1320 eadem
1095 1263 1545 1330 rationecalidus,
1568 1263 1726 1316 modo
1751 1263 1991 1329 frigidus.
2029 1262 2158 1317 Inde

583 1343 668 1390 est
697 1337 836 1402 quod
888 1337 939 1390 in
969 1335 1156 1392 Martio
1182 1334 1688 1404 smpeiniirmantur
1719 1334 1981 1394 homines.
2016 1334 2141 1400 quia

582 1423 705 1462 cum
753 1422 974 1472 corpora
1007 1408 1234 1460 humana
1266 1406 1426 1459 modo
1455 1413 1637 1468 aperta
1683 1412 1810 1458 sunt
1851 1420 1914 1459 ex
1947 1405 2150 1468 calore,

585 1480 764 1532 statim
793 1487 1207 1544 corrumpuntur
1237 1477 1414 1532 subito
1459 1476 1675 1545 frigore.
1723 1477 1828 1530 Sed
1875 1477 1921 1530 si
1958 1476 2079 1545 quis
2102 1476 2156 1530 in

588 1550 692 1603 hoc
738 1560 976 1615 tempore
1007 1563 1066 1604 se
1111 1557 1457 1604 conservaret
1500 1548 1738 1610 tardius,
1788 1548 1932 1610 prius
1960 1547 2012 1600 in
2065 1548 2158 1600 illo

583 1635 742 1687 quam
769 1623 820 1675 in
848 1619 1356 1676 abisinlirmitatem
1405 1621 1718 1675 incurreret.
1771 1618 1867 1673 ilic
1909 1617 2158 1688 subiiciet

585 1690 819 1759 aliquis:
845 1692 997 1774 Unde
1035 1691 1477 1774 ergo_esthquod
1511 1691 1554 1744 si
1596 1689 1796 1774 aliquis
1841 1691 2005 1743 intret
2037 1692 2166 1774 hie-~

585 1776 727 1817 mem
756 1777 876 1818 cum
904 1763 1079 1831 aliqua
1106 1761 1437 1822 inﬁrmitate,
1463 1778 1567 1815 non
1594 1769 1698 1813 tam
1747 1776 1891 1826 saepe
1931 1766 2158 1817 moritur

585 1833 642 1888 in
672 1833 847 1890 hieme
870 1850 1023 1902 quam
1055 1835 1107 1888 in
1137 1833 1306 1888 vere?
1353 1831 1488 1887 Cum
1535 1832 1870 1902 inﬁrmitates
1911 1833 2158 1888 oriuntur

583 1919 650 1958 ex
679 1905 822 1960 malo
851 1901 1092 1966 humore.
1119 1919 1210 1974 per
1242 1904 1481 1958 membra
1508 1919 1569 1958 se
1594 1901 1945 1967 diffundente,
1969 1919 2034 1958 ex
2061 1903 2154 1956 l’ri.

585 1975 804 2049 giditate
829 1976 1022 2031 hiemis
1058 1973 1460 2049 confringttntur
1485 1973 1758 2049 humores,
1789 1989 1890 2049 nec
1921 1986 2157 2049 possunt

580 2045 862 2108 difﬂuere:
902 2064 967 2102 ex
998 2048 1177 2102 calore
1212 2045 1391 2102 autem
1422 2047 1564 2099 veris
1591 2045 1730 2098 idem
1769 2045 2152 2110 dissolvuntur,

579 2118 774 2184 quibus
801 2118 1221 2174 discurrentibus
1258 2133 1351 2184 per
1380 2117 1638 2181 membra,
1669 2117 1968 2170 succumbit
1996 2117 2156 2175 homo

581 2195 639 2243 et
659 2189 903 2244 moritur.
946 2191 1069 2244 liae
1093 2190 1378 2254 temperies
1414 2189 1482 2244 ab
1510 2188 1692 2242 Ariete
1730 2187 2012 2255 incipiens,
2059 2204 2156 2246 ex-

579 2262 816 2316 tenditur
841 2264 963 2316 dum
986 2262 1065 2316 sol
1096 2271 1178 2316 est
1203 2261 1255 2314 in
1271 2260 1466 2326 'l'attro,
1493 2269 1550 2314 et
1572 2259 1625 2313 in
1641 2257 1882 2313 Geminis
1901 2261 2150 2326 primum,

579 2347 805 2403 quorum
834 2333 991 2387 intrat
1021 2332 1197 2387 medio
1229 2331 1444 2403 Aprilis,
1491 2332 1781 2385 secundum
1797 2330 1980 2403 medio
2009 2331 2152 2403 Maii.

582 2400 714 2456 liuic
738 2403 962 2467 tempori
988 2400 1293 2458 consimiles
1318 2413 1438 2458 sunt
1463 2416 1578 2465 aer,
1623 2402 1858 2468 sanguis.
1902 2401 2153 2468 pueritia,

577 2476 700 2541 quia
730 2474 886 2528 calidi
916 2483 971 2528 et
1001 2474 1200 2528 humidi
1225 2483 1367 2529 sunt.
1412 2473 1467 2529 In
1492 2471 1682 2527 eodem
1721 2472 1908 2526 ittelius
1959 2472 2155 2530 habent

575 2544 970 2611 melancholici,
1003 2544 1152 2615 pejus
1175 2545 1491 2612 sanguinei;
1537 2543 1726 2598 melius
1773 2559 1949 2606 senes,
2003 2544 2155 2611 pejus

577 2615 750 2684 pueri.
787 2616 1022 2698 Pessima
1055 2625 1139 2672 est
1165 2616 1444 2698 iutirmitas
1466 2631 1584 2685 qua
1615 2615 2153 2698 renutu-sanguiue,

577 2697 635 2739 ut
659 2700 901 2759 synoca.;
947 2690 1123 2742 minus
1151 2688 1288 2741 maia
1317 2703 1434 2752 qnte
1462 2696 1543 2740 est
1571 2701 1636 2759 ex
1669 2686 2045 2759 melancholia,
2096 2699 2155 2740 ut

575 2756 852 2839 quartana.
904 2759 960 2814 In
999 2761 1191 2816 eodem
1235 2767 1322 2815 est
1363 2756 1689 2814 conveniens
1727 2757 1802 2810 uti
1847 2757 2054 2828 {rigidis
2100 2770 2155 2813 et

573 2842 750 2885 βιαιο.
1338 2847 1340 2850 '

646 2900 778 2953 Cum
805 2910 981 2955 autem
1025 2903 1105 2956 sol
1155 2914 1324 2969 usque
1351 2900 1418 2956 ad
1467 2899 1729 2955 Cancrum
1773 2900 2030 2962 ascendit,
2087 2914 2151 2954 ex

574 2973 969 3041 propinquitate
997 2974 1076 3025 sui
1112 2981 1307 3027 terram
1339 2972 1573 3026 incendit
1605 2980 1659 3041 et
1687 2970 1945 3041 desiccat.
2003 2969 2154 3024 Unde

575 3051 655 3095 est
687 3039 844 3095 aestas
870 3043 1041 3097 calida
1067 3054 1122 3097 et
1142 3042 1305 3104 sicca,
1332 3059 1449 3110 quae
1473 3039 1731 3109 incipiens
1772 3040 1826 3095 in
1847 3041 2024 3094 medio
2052 3041 2154 3094 Ju-

580 3112 676 3171 nii.
694 3114 904 3181 quando
916 3113 994 3168 sol
1015 3114 1476 3177 intratCaucrum,
1501 3111 1804 3167 extenditur
1826 3111 1952 3166 dum
1974 3113 2055 3166 sol
2071 3122 2156 3168 est

577 3183 631 3236 in
658 3184 853 3246 Leone.
902 3200 1061 3248 quem
1090 3185 1266 3240 medio
1291 3184 1416 3240 Julii
1465 3186 1666 3245 intrat;
1714 3184 1949 3244 dumque
1968 3195 2052 3238 est
2095 3185 2148 3237 in

578 3253 813 3324 Virgine.
845 3271 1001 3324 qttam
1032 3258 1190 3312 intrat
1214 3256 1390 3310 medio
1417 3255 1659 3326 Augusti.
1694 3254 1862 3326 Hujus
1893 3257 2148 3326 temporis

577 3337 656 3379 est
689 3327 974 3381 herbarum
1003 3337 1057 3382 et
1084 3331 1332 3382 arborum
1356 3325 1565 3382 radices
1606 3325 1901 3380 desiccare.
1956 3325 2152 3380 Consi-

579 3395 705 3451 mile
724 3406 808 3452 est
838 3397 967 3464 igni,
998 3400 1250 3465 cholera,
1275 3397 1564 3468 iuventuti,
1614 3397 1728 3468 hac
1754 3397 1950 3468 etenim
1979 3398 2151 3452 calida

575 3478 632 3522 et
654 3469 796 3538 sicca
845 3480 990 3524 sunt.
1039 3470 1092 3524 In
1121 3485 1187 3526 eo
1225 3467 1285 3524 se
1313 3470 1503 3526 melius
1553 3467 1750 3523 habent
1780 3467 2148 3538 phlegmatici,

579 3536 732 3609 pejus
779 3540 1072 3606 cbolerici;
1122 3539 1312 3596 melius
1355 3540 1648 3608 decrepiti,
1709 3536 1861 3607 pejus
1904 3536 2149 3608 juvenes.

577 3610 816 3665 Pessima
845 3620 931 3668 est
955 3611 1236 3668 infirmitas
1265 3627 1385 3680 quae
1414 3613 1559 3667 venit
1584 3626 1648 3665 ex
1677 3610 1917 3674 cholera,
1944 3621 2000 3664 nt
2047 3620 2154 3665 ter-

577 3682 718 3736 tiaua
745 3699 760 3749 ;
806 3685 980 3737 mintts
1009 3683 1171 3750 mala,
1194 3698 1314 3750 qua:
1333 3694 1503 3738 estex
1532 3681 1855 3753 phlegmate.
1886 3682 1939 3735 lu
1960 3684 2151 3738 eodem

576 3753 706 3807 utili!
742 3761 827 3807 est
849 3753 922 3808 uti
953 3754 1158 3824 frigidis
1197 3764 1251 3824 et
1281 3754 1533 3809 humidis.
1585 3753 2025 3824 Augmeupndus
2067 3764 2154 3809 est

575 3834 757 3894 potin,
807 3825 958 3879 cibus
1007 3821 1345 3880 minuendus.
1399 3824 1604 3880 Etenim
1649 3837 1714 3879 ex
1759 3821 1940 3879 calore
1979 3825 2152 3894 aperti

578 3903 704 3949 sunt
735 3896 853 3964 pori
876 3899 1137 3967 corporis,
1186 3905 1445 3966 evaporat
1481 3897 1629 3950 calor
1659 3895 1960 3967 naturalis;
2009 3896 2155 3952 unde

581 3981 690 4020 non
721 3967 791 4018 ita
821 3965 987 4022 cibus
1020 3965 1300 4036 digeritur.
1340 3967 1449 4023 Sed
1479 3967 1601 4036 quia
1632 3973 1789 4034 potus
1815 3965 1924 4036 cito
1966 3967 2156 4021 transit

578 4036 632 4091 in
662 4039 1000 4106 sanguinem,
1039 4035 1466 4105 augmentandus
1500 4035 1622 4092 est.
1673 4036 1771 4090 llic
1799 4035 1968 4090 oritur
1997 4053 2156 4106 qua»-

577 4108 685 4162 stio
709 4125 725 4161 :
768 4107 900 4163 Cum
927 4111 1039 4163 ista:
1065 4109 1403 4164 diversitates
1425 4109 1477 4164 in
1506 4107 1777 4179 praedictis
1799 4107 2154 4175 temporibus,

575 4193 642 4232 ex
670 4181 1062 4247 propinquitate
1090 4189 1146 4235 et
1173 4179 1474 4234 remotione
1512 4178 1642 4233 solis
1679 4178 1912 4232 habeant
1937 4179 2149 4234 coutin-

579 4264 729 4317 gere,
769 4251 848 4303 sol
879 4266 1007 4307 vero
1031 4253 1266 4306 existens
1294 4255 1347 4305 in
1377 4250 1556 4307 Leane
1579 4259 1784 4303 tantum
1811 4249 1973 4303 distat
1996 4265 2024 4302 a
2056 4267 2152 4305 no-

576 4330 687 4392 stra
707 4320 1007 4388 habitabili,
1031 4332 1289 4392 qnantmn
1316 4325 1553 4377 exis'ens
1583 4322 1634 4373 in
1657 4320 1918 4392 Geminis,
1949 4321 2000 4373 in
2033 4321 2148 4376 Vir—

579 4389 705 4460 gine
721 4401 980 4464 quantum
1005 4389 1063 4447 in
1097 4392 1295 4457 Tauro,
1327 4395 1379 4448 in
1405 4394 1557 4447 Libra
1579 4401 1836 4464 quantum
1866 4391 1919 4444 in
1949 4392 2150 4464 Ariete,

579 4462 828 4534 quarerin
859 4463 962 4517 illis
987 4466 1314 4533 temporibus
1341 4462 1937 4534 operetur'caloremet
1964 4462 2151 4517 humo-

579 4545 713 4592 rem.
756 4533 808 4586 in
837 4534 1060 4589 duobus
1107 4537 1329 4592 istorum
1375 4533 1608 4591 calorem
1649 4543 1704 4587 et
1752 4533 2065 4598 siceitatem,
2098 4536 2151 4588 in

2255 555 2424 608 scitur
2464 566 2529 626 e_x_
2560 550 2916 626 melancholia
2943 550 3188 626 ;__minu_s
3234 551 3404 620 mala,
3451 571 3572 626 qua
3606 550 3680 614 ex
3718 573 3845 614 ηπ.

2255 626 2435 692 gnine.
2485 621 2554 678 Ut
2578 622 2722 676 enim
2764 623 3090 689 generaliter
3126 622 3388 690 dicamus,
3441 621 3495 682 in
3522 629 3666 683 omni
3695 639 3868 685 tein-.

2263 711 2394 758 pore
2419 694 2546 748 anni
2580 694 2808 759 pessima
2841 701 2926 748 est
2972 693 3252 748 inﬁrmitas
3276 711 3396 760 qua
3425 697 3484 753 lit
3509 712 3573 753 ex
3607 698 3846 757 humore

2209 809 2211 811 ,
2254 767 2417 820 simili
2471 765 2721 840 tempori.
2764 763 3124 840 Qualitstihus
3154 764 3297 840 enim
3330 769 3586 829 temporis
3611 779 3847 840 augetur

2259 841 2481 892 materia
2516 836 2710 889 morbi.
2763 836 2933 888 Minus
2958 844 3043 890 est
3087 837 3224 890 mala
3253 852 3376 904 qua:
3407 841 3466 893 lit
3508 854 3577 894 ex
3613 836 3848 898 humore

2263 910 2544 982 contrario
2568 907 2817 982 tempori,
2852 907 3112 982 minuitur
3138 922 3328 976 nempe
3352 911 3610 978 qua‘itate
3636 923 3850 982 tempo-

2256 981 2329 1032 ris
2362 980 2581 1034 materia
2608 978 2805 1031 morbi.
2854 978 2907 1031 In
2942 977 3130 1030 eodem
3161 986 3250 1033 est
3277 981 3426 1045 utile,
3457 983 3534 1035 uti
3563 977 3766 1038 calidis
3783 994 3844 1039 et

2259 1051 2508 1106 humidis.
2539 1050 2803 1116 lnmquale
2825 1058 2906 1103 est
2930 1049 3039 1122 hoc
3062 1059 3274 1122 tempus
3295 1067 3362 1106 ex
3391 1052 3664 1109 vicinitate
3693 1070 3841 1122 prc-

2256 1122 2493 1176 cedentia
2519 1122 2738 1180 alslalis,
2779 1128 2834 1173 et
2859 1119 3236 1192 subsequentis
3267 1121 3479 1178 hiemis.
3535 1122 3611 1178 Ex
3636 1119 3746 1192 quo
3777 1138 3832 1182 et

2257 1209 2319 1251 ex
2354 1195 2529 1247 succis
2582 1192 2848 1245 fructuum
2892 1199 3015 1246 tunc
3061 1191 3469 1258 abundantiam,
3515 1191 3841 1262 periclitan-

2259 1273 2345 1318 tur
2373 1265 2462 1318 ind
2489 1262 2647 1318 εει-ι»ιί
2686 1263 2963 1333 homines.
3021 1262 3117 1317 Hic
3161 1263 3334 1319 oritur
3377 1265 3607 1333 quaestio
3647 1267 3846 1325 similis

2259 1335 2577 1407 praecedenti
2606 1352 2618 1386 :
2669 1332 2802 1388 Cum
2835 1337 2911 1388 sol
2945 1336 3192 1407 existens,
3212 1337 3264 1390 in
3293 1332 3591 1407 Scorpione
3631 1344 3842 1393 tanturn

2257 1405 2422 1461 distet
2451 1423 2482 1461 a
2529 1407 2685 1461 nobis
2731 1415 2990 1472 quantum
3037 1405 3090 1459 in
3141 1405 3517 1478 Piscibus,'in
3548 1408 3846 1478 Sagittario

2258 1489 2513 1545 quantum
2546 1478 2597 1534 in
2631 1477 2898 1546 Aqmrio.‘
2932 1492 3101 1546 quare
3137 1477 3272 1532 alias
3319 1480 3374 1532 in
3423 1481 3542 1536 istis
3579 1477 3845 1548 operetur

2259 1551 2566 1618 qualitates,
2619 1551 2747 1602 aias
2775 1548 2827 1601 in
2877 1547 3036 1602 istis?
3087 1547 3251 1618 liuius
3276 1549 3446 1607 facilis
3484 1559 3569 1607 est
3617 1547 3840 1608 Salutio.

2190 1627 2196 1632 ‘
2221 1637 2224 1642 ·
2263 1617 2316 1673 In
2349 1621 2793 1689 praecedentibus.
2820 1620 2870 1674 id
2901 1630 3002 1683 est,
3033 1619 3087 1673 in
3115 1617 3411 1689 Scorpione
3439 1633 3496 1679 et
3515 1624 3836 1687 Sagittario.

2259 1697 2381 1759 quia
2429 1709 2492 1746 ex
2527 1700 2714 1746 :estate
2757 1692 3056 1745 desiccatus
3084 1701 3164 1744 est
3217 1692 3429 1757 humor.
3472 1695 3695 1762 jamuue
3744 1697 3830 1751 sol

2221 1815 2223 1817 ,
2261 1763 2494 1819 medium
2546 1762 2762 1816 torridm
2792 1763 3022 1830 transiit,
3069 1775 3152 1816 est
3183 1764 3348 1832 frigus
3387 1775 3443 1822 et
3489 1767 3724 1821 siccitas.
3781 1767 3842 1822 In

2261 1833 2380 1905 aliis
2410 1833 2676 1905 similiter,
2705 1845 2942 1888 remotus
2988 1842 3090 1905 est.
3142 1850 3210 1887 ex
3242 1852 3350 1902 quo
3394 1847 3479 1893 est
3522 1837 3835 1905 frigiditas;

2259 1904 2504 1982 sed_’qttia
2533 1904 2846 1982 jamdudum
2875 1904 3072 1982 defecit
3096 1905 3263 1982 calor,
3304 1908 3395 1982 qui
3428 1923 3554 1965 aera
3576 1904 3842 1982 desiegat,

2259 1977 2527 2048 paulisper
2544 1976 2816 2048 Aspiseatur
2857 1990 2951 2030 aer
2987 1976 3041 2030 in
3073 1977 3260 2041 nubes,
3307 1979 3470 2048 ﬁtque
3499 1976 3843 2040 tempus'bu-

2260 2045 2481 2100 niiduni.
2529 2045 2784 2113 Quamvis
2808 2062 2956 2115 ergo,
3002 2053 3061 2100 ιιι
3088 2045 3400 2116 pr:edictum
3429 2058 3534 2117 est,
3569 2049 3746 2106 hiems
3771 2053 3842 2107 sit

2259 2119 2445 2190 {rigida
2477 2119 2632 2171 nimis
2654 2126 2708 2172 et
2739 2118 2978 2190 humida.
3028 2117 3079 2190 iu
3105 2121 3210 2174 tlne
3234 2122 3405 2190 magis
3432 2122 3676 2187 humida,
3727 2125 3831 2177 mi-

2258 2204 2358 2264 nus
2384 2188 2594 2264 frigida.
2626 2191 2678 2264 in
2712 2189 2888 2264 taedio
2914 2188 3215 2264 :cqnaliter.
3248 2188 3352 2264 Ver
3389 2201 3568 2248 autetn
3602 2194 3657 2264 in
3687 2196 3843 2264 priu-

2258 2260 2400 2326 ripiu'
2429 2261 2599 2329 magis
2629 2260 2928 2322 humidum,
2974 2261 3151 2315 minus
3177 2262 3410 2318 calidum
3437 2306 3451 2326 ,
3500 2265 3556 2320 in
3587 2260 3702 2319 line
3726 2280 3842 2320 ma-

2257 2329 2337 2406 gis
2360 2333 2614 2406 calidum.
2645 2331 2822 2384 minus
2850 2332 3149 2406 humidum,
3199 2333 3250 2387 in
3301 2335 3480 2406 medio
3524 2335 3836 2406 aquaiiter.

2259 2403 2561 2456 Notandum
2591 2416 2725 2457 vero
2751 2411 2836 2476 est
2864 2403 3004 2472 quoi
3034 2406 3280 2476 quamvis
3306 2405 3424 2462 ista
3451 2408 3560 2462 sint
3593 2403 3839 2476 quatuor

2259 2483 2556 2542 temporum
2586 2474 2941 2544 proprietates
2975 2489 3040 2528 ex
3070 2475 3372 2542 accidente,
3405 2483 3586 2533 tamen
3618 2474 3841 2534 varia-

2260 2546 2524 2620 tur._utsi
2556 2560 2676 2620 cum
2720 2547 2831 2620 sole
2863 2545 2913 2598 in
2939 2544 3262 2620 hiemalibus
3303 2549 3470 2618 signis
3519 2551 3598 2613 sit,
3638 2549 3839 2620 aliquis

2255 2616 2462 2670 calidus
2490 2624 2549 2690 et
2575 2617 2747 2690 siccus
2768 2617 3032 2690 planeta,”
3044 2625 3110 2690 ιιι
3135 2616 3296 2690 Mars.
3345 2616 3432 2674 est
3462 2627 3660 2690 prater
3684 2616 3841 2676 naut-

2257 2701 2371 2759 ram
2402 2688 2569 2759 calida
2600 2695 2655 2738 et
2675 2687 2814 2739 sicca
2842 2704 2860 2752 ;
2895 2687 3148 2742 similiter
3169 2689 3216 2743 ei
3245 2691 3298 2744 in
3326 2687 3515 2747 astate
3542 2693 3612 2747 sit
3638 2691 3843 2759 aliquis

2257 2755 2484 2832 frigidus
2508 2767 2568 2832 _e_t
2602 2759 2850 2832 humidus
2871 2759 3170 2832 _cum_sole.
3216 2761 3268 2815 id
3297 2772 3632 2832 est,.pr:eter
3676 2755 3839 2818 natu-

2258 2845 2368 2883 ram
2403 2828 2590 2906 frigida
2623 2839 2678 2906 et
2700 2828 2944 2884 humida.
2975 2829 3103 2906 Ideo
3145 2832 3400 2906 prudenti
3435 2828 3669 2906 physico
3693 2849 3843 2906 sem-

2257 2915 2354 2973 per
2383 2901 2770 2966 providendum
2803 2910 2888 2957 est
2913 2915 3035 2970 qua
3061 2900 3210 2971 signa
3241 2900 3482 2968 obtineat
3508 2900 3611 2967 sol,
3641 2913 3698 2962 et
3718 2904 3843 2973 quis

2256 2972 2470 3037 plaueta
2488 2986 2624 3044 cum
2654 2986 2722 3026 eo
2749 2973 3126 3044 sitiueodem
3148 2975 3344 3042 signa,
3395 2985 3453 3030 ut
3480 2976 3631 3044 .sciat
3657 2972 3841 3044 qualis

2257 3044 2432 3097 intura
2455 3042 2526 3099 sit
2548 3050 2730 3108 testis,
2761 3042 2843 3097 vel
2872 3043 2976 3097 alia
3009 3051 3273 3112 tempora,
3301 3053 3360 3101 ut
3386 3053 3572 3100 contra
3602 3042 3842 3102 trituram

2253 3114 2563 3236 auiditatem
2597 3123 2796 3182 prasto
2841 3115 2914 3168 sit
2939 3114 3296 3196 medicamen.
3347 3115 3479 3174 Cum
3528 3115 3694 3188 igitur
3741 3117 3845 3172 has

2293 3192 2589 3236 tversttates
2618 3196 2874 3236 oneretur
2900 3185 2981 3236 sol
3026 3185 3244 3236 oblique
3273 3187 3617 3236 ascendendo
3657 3197 3713 3236 et
3743 3187 3845 3236 de.

2293 3184 2589 3256 iversitates
2618 3196 2874 3252 operetur
2900 3185 3002 3256 sol;
3026 3185 3244 3256 oblique
3273 3184 3617 3243 ascendendo
3657 3197 3713 3243 et
3743 3187 3845 3244 de-

2253 3255 2582 3322 scendendo,
2614 3256 2889 3328 videamus
2915 3254 3044 3323 quid
3076 3254 3204 3312 mali
3233 3269 3569 3328 sequeretur,
3618 3259 3664 3315 si
3693 3273 3847 3313 sem-

2257 3341 2352 3395 per
2376 3335 2528 3383 recto
2549 3327 2709 3382 modo
2739 3330 3064 3382 volveretur.
3093 3328 3204 3383 Sed
3234 3327 3433 3385 dehoc
3465 3330 3641 3385 nullus
3684 3329 3847 3384 dubi-

2257 3405 2332 3450 iul
2361 3401 2502 3466 quod
2529 3399 2574 3453 si
2605 3412 2820 3467 semper
2849 3401 2919 3452 ita
2957 3399 3292 3467 propinquus
3339 3402 3496 3457 nobis
3526 3400 3845 3455 volveretur

2254 3479 2313 3522 ut
2341 3479 2424 3522 est
2452 3471 2503 3523 itt
2534 3478 2744 3534 testate,
2773 3483 2988 3538 semper
3017 3477 3207 3524 autum
3237 3469 3578 3535 haberemus.
3611 3485 3712 3525 nec
3743 3470 3850 3524 ali-

2253 3539 2378 3610 quid
2404 3555 2652 3597 crescere
2678 3549 2882 3607 posset.
2915 3541 3178 3597 Similiter
3203 3544 3248 3596 si
3273 3557 3490 3610 semper
3515 3549 3761 3600 remotus
3785 3549 3848 3596 at

2252 3620 2337 3664 est
2365 3609 2418 3666 iu
2460 3613 2660 3678 hieme,
2711 3611 2857 3681 rigor
2887 3610 3105 3680 frigoris
3145 3627 3363 3680 semper
3400 3609 3568 3680 esset,
3619 3626 3722 3668 nec
3772 3627 3847 3668 ex

2256 3690 2397 3736 terra
2421 3682 2624 3738 fructus
2651 3695 2705 3738 et
2730 3683 2920 3737 herba:
2935 3695 3308 3739 nascerentur.
3332 3682 3442 3739 Sed
3462 3683 3590 3739 dicit
3608 3682 3811 3751 aliquis
3827 3719 3844 3736 .

2252 3752 2306 3807 Si
2338 3755 2407 3808 ita
2441 3769 2498 3810 se
2530 3760 2772 3808 moveret
2809 3763 2866 3807 ut
2901 3762 2984 3810 est
3034 3754 3087 3808 in
3137 3753 3347 3819 Ariete,
3388 3755 3534 3822 quod
3562 3754 3850 3822 mastiter

2253 3837 2523 3896 semperla
2551 3827 2708 3880 nobis
2731 3823 2971 3896 distaret,
3007 3837 3221 3896 semper
3251 3823 3744 3896 tempuiemgeris
3765 3823 3796 3877 ι
3807 3847 3848 3872 ιο

2252 3905 2420 3958 ceret.
2474 3893 2574 3951 nec
2602 3895 2802 3964 aliquid
2831 3896 2980 3948 .tnali
3023 3894 3148 3953 inde
3196 3896 3523 3964 proveniret.
3568 3893 3686 3950 Nos
3711 3909 3848 3952 sero

2253 3978 2442 4023 contra
2492 3968 2720 4022 dicimus
2763 3967 3050 4033 pessimum
3098 3967 3296 4021 malum
3351 3966 3477 4021 inde
3528 3965 3847 4034 provenire,

2255 4053 2526 4106 nunquam
2548 4037 2692 4093 enim
2717 4048 2875 4107 terra
2903 4038 3045 4091 intus
3085 4038 3418 4107 conciperet,
3443 4038 3588 4106 quod
3616 4036 3730 4106 agit
3779 4036 3842 4090 in

2255 4105 2430 4163 hieme
2455 4127 2470 4176 ;
2503 4124 2676 4179 neque
2701 4105 2929 4175 fructus,
2958 4109 3007 4163 si
3040 4108 3206 4177 aliqui
3229 4105 3600 4173 nascerentur,
3632 4105 3701 4162 ad
3726 4121 3848 4162 ma-

2257 4180 2530 4236 turitatem
2561 4182 2870 4245 tenderent,
2914 4179 3037 4234 sine
3063 4181 3256 4248 quibus
3280 4181 3458 4235 mdlus
3486 4179 3846 4234 animantium

2254 4251 2434 4304 vivere
2464 4260 2665 4317 posset.
2715 4251 2824 4306 Sed
2845 4251 2976 4320 quia
3003 4250 3246 4306 diximus
3273 4251 3564 4310 elementa.
3597 4260 3844 4318 tempora

2254 4323 2401 4386 anui,
2445 4323 2719 4386 humores,
2769 4320 3204 4390 complexiones,
3236 4331 3427 4376 aetates
3450 4319 3658 4374 similes
3693 4334 3846 4390 esse,

2254 4394 2356 4445 sub
2383 4395 2552 4448 oculis
2582 4395 2635 4446 in
2667 4393 2832 4462 ﬁgura
2857 4387 3018 4462 (Vide
3042 4387 3262 4462 primum
3285 4394 3507 4463 ﬁgurant
3535 4407 3659 4462 pag.
3677 4387 3845 4461 αφ).

2254 4463 2396 4531 quod
2427 4465 2512 4518 cui
2561 4464 2631 4518 sit
2674 4463 2872 4528 simile,
2923 4463 3290 4518 ostendamus.

2328 4534 2589 4600 Quoniam
2619 4534 2687 4588 de
2713 4533 2940 4588 naturali
2967 4545 3110 4587 mutu
3141 4537 3271 4590 solis
3285 4545 3346 4590 et
3370 4535 3439 4589 de
3458 4535 3537 4589 eis
3556 4532 3702 4604 quod
3727 4533 3848 4601 agit

578 4604 738 4659 tertio
770 4604 1108 4674 lrigiditatem
1134 4616 1187 4662 et
1230 4607 1571 4663 siccitatem?
1599 4606 1691 4659 (Ζιιί
1725 4605 2152 4673 respondendum
2187 4598 2235 4658 ι)
2259 4598 2477 4676 oblique
2501 4606 2844 4660 ascendendo
2869 4616 2920 4659 et
2956 4605 3334 4668 descendendo
3358 4609 3490 4660 satis
3528 4598 3844 4666 docuimus,

579 4683 666 4729 est
692 4676 833 4742 quod
863 4677 1100 4732 existens
1139 4679 1190 4732 in
1223 4681 1391 4734 tribus
1418 4677 1743 4741 vernalibus,
1783 4693 1847 4731 ex
1891 4692 1997 4744 quo
2029 4692 2154 4742 pro-

586 4747 815 4814 pinquus
844 4757 948 4810 est,
989 4759 1240 4817 operatur
1267 4751 1522 4813 calorem,
1554 4763 1621 4802 ex
1665 4748 1934 4804 vicinitate
1966 4747 2157 4801 hiemis

607 4833 711 4869 me:
729 4819 940 4874 edentis
989 4819 1290 4878 humorem.
1341 4822 1474 4875 Cum
1520 4835 1652 4873 vero
1695 4830 1776 4874 est
1805 4823 1856 4871 in
1901 4820 2079 4873 Leone
2105 4827 2160 4874 et

621 4889 851 4957 lirgine,
897 4907 960 4944 ex
1010 4894 1408 4960 propinquitate
1443 4903 1692 4957 operatur
1734 4891 2008 4954 calorem;
2063 4889 2158 4944 sed

584 4963 835 5026 quoniam
867 4977 932 5018 ex
964 4965 1143 5017 calore
1192 4963 1331 5018 reris
1359 4974 1412 5018 et
1452 4961 1652 5015 aestatis
1694 4961 1803 5030 jam
1853 4971 1936 5014 est
1967 4961 2159 5014 humor

587 5032 907 5098 desircatus,
960 5047 1064 5086 non
1095 5041 1177 5088 est
1204 5048 1310 5102 quo
1357 5040 1684 5101 temperetur
1715 5033 1882 5091 calor,
1936 5046 2035 5086 nec
2076 5039 2161 5086 est

583 5101 724 5154 unde
745 5104 819 5174 sit
848 5103 1172 5167 humiditas;
1205 5101 1347 5159 unde
1370 5119 1444 5159 es:
1473 5113 1685 5174 tempus
1712 5104 1943 5159 calidum
1974 5111 2029 5158 et
2056 5103 2161 5157 sic-

581 5184 724 5250 cum.
759 5173 891 5227 Cum
931 5191 1061 5250 vero
1089 5187 1170 5230 est
1196 5176 1247 5230 in
1279 5176 1453 5238 Libra,
1501 5173 1627 5243 quia
1668 5175 1775 5239 iam
1805 5177 2024 5250 ornttino
2052 5174 2161 5250 _de-

583 5246 816 5298 siccatus
859 5253 944 5300 est
993 5249 1227 5311 humor,
1279 5256 1335 5301 et
1399 5250 1700 5302 exstinctus
1747 5247 1937 5308 calor,
1983 5246 2160 5299 oritur

587 5317 875 5386 autumnus
905 5319 1123 5384 [rigidus
1151 5327 1206 5372 et
1224 5318 1418 5381 siccus,
1447 5317 1499 5372 in
1524 5335 1632 5386 quo
1662 5321 1864 5372 tractus
1892 5319 2034 5371 intus
2067 5317 2158 5370 ha-

588 5378 776 5462 ben-trs
809 5378 1109 5455 humorem,
1150 5398 1210 5443 ut
1250 5378 1474 5462 racemi,
1524 5378 1588 5443 ex
1639 5390 1867 5462 gemina
1895 5389 2158 5462 siccitate,

587 5454 816 5520 scilicet,
856 5454 1115 5522 autumni,
1147 5461 1340 5515 maturi
1371 5454 1714 5527 colliguntur.
1767 5460 1954 5529 Incipit
1981 5467 2158 5513 autem

586 5533 870 5600 autumnus
895 5531 1074 5584 medio
1097 5532 1398 5600 Septembri
1427 5533 1540 5585 sole
1567 5531 1801 5586 intrante
1821 5531 2163 5592 Libram,du-

586 5608 714 5650 rans
739 5598 865 5651 dum
897 5601 975 5653 sul
1006 5611 1088 5656 est
1118 5598 1498 5670 in‘Scorpione
1518 5613 1572 5655 et
1596 5603 1898 5670 Sagittario,
1925 5599 2157 5670 primum

591 5681 817 5742 quorum
845 5671 1005 5726 intrat
1034 5672 1212 5742 medio
1238 5669 1508 5741 Octobris,
1537 5669 1825 5727 secundum
1847 5671 2024 5727 medio
2049 5671 2158 5726 No-

589 5739 846 5814 vembris.
881 5739 1222 5797 Assimilatur
1250 5743 1372 5798 huic
1396 5739 1620 5814 tempori
1652 5754 1814 5807 terra,
1848 5742 2160 5798 utelancbu-

587 5805 680 5884 lia,
707 5823 972 5884 senectus,
1002 5817 1122 5882 mna
1150 5814 1352 5884 frigida:
1373 5826 1427 5869 et
1447 5805 1602 5870 sicce
1622 5824 1763 5868 sunt.
1792 5805 1846 5868 in
1873 5828 1940 5868 eo
1959 5831 2020 5870 se
2047 5830 2158 5869 me-

589 5878 690 5936 lius
733 5882 932 5941 habent
962 5878 1288 5957 sanguinei,
1343 5890 1497 5955 pejus
1545 5883 1954 5948 utelancbolici;
2006 5885 2155 5956 pueri

2258 4691 2593 4745 Consequens
2639 4685 2724 4728 est
2763 4685 3027 4745 quatenus
3056 4676 3124 4730 de
3151 4679 3232 4730 eis
3261 4691 3380 4745 quas
3425 4677 3544 4744 agit~
3579 4677 3783 4730 relatus
3810 4689 3845 4728 ι

2261 4749 2601 4802 lirmatnento
2627 4747 2888 4805 dicamus.
2937 4747 3075 4800 Cum
3113 4749 3274 4817 igitur
3304 4749 3398 4802 sol.
3431 4749 3657 4801 naturali
3689 4755 3843 4799 metu

2259 4819 2327 4872 ab
2354 4819 2649 4874 Occidente
2677 4821 2728 4870 iu
2757 4820 3030 4872 Orientem
3059 4833 3246 4874 contra
3277 4819 3674 4873 (irritamentum
3704 4819 3847 4878 nitas

2260 4899 2364 4954 tur,
2395 4891 2632 4959 quotidie
2663 4898 2839 4943 tamen
2863 4907 2899 4942 ea
2928 4889 3268 4946 ﬁrmamento
3296 4892 3362 4945 ad
3385 4905 3640 4945 occasum
3671 4887 3848 4943 refer-

2262 4970 2365 5021 tur.
2407 4962 2755 5030 existeasque
2770 4976 2934 5030 super
2965 4971 3184 5026 terram,
3214 4963 3328 5029 agit
3345 4962 3717 5029 splenderent,
3743 4959 3843 5029 qui

2260 5031 2458 5085 dicitur
2487 5029 2857 5086 diesaliodem
2888 5034 3305 5088 veroexistente
3341 5035 3446 5088 sub
3468 5043 3635 5098 terra,
3654 5033 3720 5085 in
3747 5047 3846 5084 su-

2264 5104 2456 5167 periuri
2486 5115 2635 5169 parte
2661 5112 2746 5156 est
2770 5103 3100 5170 obscuritas,
3146 5118 3290 5174 quae
3316 5118 3423 5158 nox-
3453 5112 3695 5174 vocatur.
3746 5108 3848 5157 At-

2263 5174 2699 5243 teudeudumque
2731 5185 2815 5228 est
2850 5173 3332 5242 quodcdies’alius
3375 5173 3661 5238 naturalis,
3707 5173 3846 5227 alius

2262 5247 2503 5317 usualis:
2553 5248 2623 5301 de
2656 5246 2895 5317 naturali
2941 5260 3083 5316 ergo.
3120 5245 3300 5317 prius,
3349 5247 3542 5302 deinde
3573 5243 3844 5317 deusaali

2262 5315 2610 5372 disseramus.
2653 5316 2924 5372 Naturalis
2972 5314 3100 5373 vero
3121 5314 3241 5373 dies
3275 5324 3368 5372 est
3396 5318 3628 5387 spatium
3657 5314 3843 5384 viginti

2261 5398 2491 5451 quatuor
2514 5390 2787 5450 horarum,
2804 5388 3088 5443 continens
3109 5390 3352 5448 naualem
3362 5387 3507 5444 diem
3529 5397 3588 5442 et
3605 5397 3842 5440 noctem.

2263 5458 2414 5514 Unde
2440 5459 2668 5514 dicimus
2698 5460 2908 5527 trigiutt
2939 5459 3060 5514 dies
3085 5460 3140 5514 in
3169 5475 3388 5528 mense,
3410 5475 3532 5514 eum
3563 5460 3615 5513 in
3645 5459 3845 5528 easint

2261 5530 2379 5584 dies
2407 5540 2463 5586 et
2488 5543 2694 5584 noctes.
2746 5525 2897 5584 Hunc
2924 5531 3314 5601 philosopbi'iu
3347 5525 3601 5602 oqaatuor-
3634 5525 3846 5602 divise-

2265 5609 2407 5672 runt,
2433 5617 2462 5656 a
2495 5617 2633 5654 nona
2667 5609 2816 5670 parte
2833 5603 3004 5655 noctis
3029 5617 3199 5672 usque
3222 5601 3664 5659 ad:tertiant'tiiei
3685 5612 3846 5672 usus:

2263 5670 2327 5725 lis
2355 5712 2372 5737 ,
2417 5669 2754 5726 calidnmet
2800 5673 3074 5728 humidum
3111 5669 3366 5729 dicentes
3394 5688 3486 5735 ενι
3514 5709 3516 5713 -
3541 5673 3697 5729 ιοτιιι
3741 5669 3842 5726 diei

2216 5797 2218 5799 .
2261 5745 2461 5798 usualis
2489 5759 2655 5811 usque
2675 5747 2740 5798 ad
2762 5761 2981 5810 nouam,
2999 5742 3250 5809 calidum
3272 5755 3332 5801 et
3359 5744 3562 5801 siceum
3588 5759 3678 5812 ςπιι.
3701 5757 3841 5800 nona

2267 5815 2510 5882 ejusdem
2555 5822 2721 5885 usque
2742 5817 2807 5870 ad
2841 5825 3050 5871 tertiam
3084 5819 3293 5884 noctis,
3321 5847 3323 5854 ι
3348 5817 3594 5888 frigidum
3636 5827 3692 5871 et.
3715 5849 3718 5854 -
3739 5817 3844 5868 sic-

2260 5898 2379 5939 cum
2408 5904 2421 5944 :
2477 5903 2505 5942 a
2535 5890 2688 5944 tertia
2723 5890 2895 5943 noctis
2923 5903 3088 5958 usque
3120 5889 3190 5945 ad
3217 5903 3438 5958 nouam,
3485 5888 3740 5958 lrigidum
3789 5897 3840 5941 et
