4162 6212
270 416 404 482 "bl

1227 411 1751 474 ELESIENTORUM
1792 409 2266 473 PHILOSOPIHE
2307 417 2437 474 Llii.
2479 415 2563 475 ill.

3381 418 3521 477 μσς

267 533 452 604 frigus.
505 534 634 604 Pars
676 531 951 600 supposita
1000 532 1217 588 torridze
1242 532 1464 604 torrida,
1498 547 1603 585 non
1633 528 1838 604 quiain
1871 529 1915 586 Α
1945 526 2232 604 splendore
2276 529 2430 604 solis,
2462 526 2549 582 ubi
2571 533 2654 604 est
2679 527 2892 604 tenuior
2920 535 2974 584 et
3000 526 3244 593 calidior,
3290 530 3514 604 rubenru

268 601 468 660 enitere
515 603 590 658 sit
630 605 824 673 aliquis
871 604 1047 660 fervor
1074 604 1285 658 caloris.
1318 603 1406 656 Est
1435 605 1576 656 enim
1599 601 1843 670 superior

269 685 374 754 tam
421 674 656 754 subtilis,
704 676 844 746 quod
873 678 1184 754 _aecenderc
1211 676 1431 754 aliquid
1481 689 1586 727 non
1622 681 1839 754 potest.

267 747 437 800 donec
467 746 686 799 humido
723 744 788 802 se
818 747 1037 800 misceat
1065 755 1122 800 et
1145 746 1339 814 spisso.
1375 746 1491 798 Ista:
1521 746 1727 798 eaedem
1755 744 1839 796 di-

271 819 555 896 versitates
593 831 660 896 ex
713 832 840 872 aere
879 817 1156 896 supposito
1182 819 1233 896 i_t_t
1267 826 1406 870 terra
1437 815 1842 896 sunt,_qualitas

264 887 461 954 quippe
514 886 659 941 aeris
703 898 902 942 terram
950 886 1139 941 inlicit.
1189 888 1326 940 Sunt
1364 903 1492 954 ergo
1521 887 1757 955 quinque
1788 888 1838 940 in

267 967 432 1024 terra,
463 959 702 1027 quinque
744 972 894 1012 sonat
934 958 987 1010 in
1018 972 1160 1011 acrc.
1194 957 1269 1012 De
1298 972 1424 1011 aere
1454 958 1613 1025 igitur
1643 966 1841 1010 nostrae

265 1028 537 1099 habitandi
579 1031 915 1099 superposito
954 1030 1313 1091 disseramus,
1350 1028 1693 1081 ostendenti-8
1720 1041 1839 1094 qua:

265 1097 316 1148 in
361 1113 430 1150 en
474 1107 530 1152 et
578 1101 719 1153 unde
745 1097 872 1152 ‘sint
900 1099 1264 1162 diversitates,
1295 1112 1323 1150 a
1347 1101 1522 1167 pluvia
1554 1113 1669 1168 qua:
1694 1099 1839 1153 nnmi

265 1169 492 1228 tempori
522 1179 606 1222 est
633 1169 932 1224 communis
962 1170 1305 1234 incipientes.

337 1237 639 1294 Pluviarum
690 1240 978 1308 aliquando
1026 1241 1251 1294 diversre
1311 1248 1436 1293 sunt
1483 1253 1680 1294 causae.
1721 1239 1838 1292 Ali-

265 1308 483 1380 quando
513 1324 744 1379 namque
770 1309 974 1380 spissus
1001 1311 1176 1364 fumus
1204 1321 1482 1377 evaporat,
1513 1322 1568 1366 et
1590 1310 1839 1365 humidus

263 1379 352 1448 qui
405 1391 462 1431 ut
506 1382 772 1446 ascendit,
804 1379 1196 1436 minutissima
1243 1393 1405 1449 gutta:
1436 1397 1495 1436 sc
1534 1382 1838 1445 involvunt,

263 1464 381 1521 quae
411 1452 712 1514 grossioi'es
738 1461 792 1505 et
819 1467 1006 1519 graves
1030 1451 1180 1504 factae
1204 1453 1421 1515 cadunt,
1448 1452 1613 1521 fitque
1631 1452 1834 1519 plovia.

264 1520 562 1588 Aliquando
592 1536 718 1576 vero
744 1537 836 1593 aer
861 1538 922 1576 ex
953 1522 1239 1590 frigiditale
1269 1533 1426 1577 terra:
1456 1532 1512 1578 et
1531 1520 1682 1593 aqua:
1697 1524 1839 1590 spis-

262 1598 427 1662 satnr,
457 1594 752 1662 transitque
776 1591 827 1646 in
849 1607 1073 1662 aqucam
1103 1594 1481 1658 substantiam,
1512 1591 1633 1662 quae
1659 1597 1839 1651 calore

262 1661 412 1723 solis.
466 1670 525 1715 ut
569 1661 769 1730 glaeies
814 1661 956 1731 igne,
990 1663 1271 1726 dissoluta,
1306 1679 1398 1731 per
1430 1669 1664 1718 minutas
1695 1666 1840 1721 cadit

265 1734 572 1798 particulas.
618 1733 921 1802 Aliquando
952 1735 1015 1787 ad
1045 1731 1430 1789 nutrimentum
1453 1736 1534 1788 sui
1563 1736 1729 1789 solem
1754 1748 1837 1791 at.

265 1802 497 1876 trahere
527 1803 804 1857 humorem
855 1804 1131 1876 contingit,
1170 1815 1225 1858 et
1251 1806 1392 1876 quod
1416 1807 1468 1858 in
1490 1821 1558 1859 eo
1588 1806 1838 1874 liquidius

257 1885 338 1950 est
393 1873 446 1950 in
491 1875 700 1943 igneam
746 1858 938 1950 transit
983 1858 1363 1950 substantiam,
1394 1858 1534 1950 quod
1568 1858 1917 1950 verograZ'B

265 1944 382 1996 vius
409 1944 657 1998 deorsum
690 1945 851 1999 cadit.
881 1945 1030 2001 Umle
1063 1956 1181 2012 post
1208 1948 1573 2000 acutissimum
1604 1950 1834 2003 calorem

262 2014 506 2068 videmus
555 2017 868 2085 contingere
915 2017 1106 2083 pluviae
1152 2017 1574 2074 inundationem.
1611 2019 1843 2075 llahetur

259 2093 438 2138 autem
487 2088 734 2160 qua-stin,
763 2089 978 2160 cumsit
1007 2088 1278 2160 proprium
1310 2089 1455 2160 ignis
1482 2091 1701 2143 tendere
1723 2108 1841 2146 sur-

262 2167 403 2217 sum,
461 2156 601 2210 unde
644 2155 714 2212 sit
763 2157 906 2226 quod
963 2158 1096 2210 radii
1140 2159 1270 2212 solis
1300 2155 1353 2212 et
1381 2159 1528 2213 calor
1550 2161 1614 2213 ad
1645 2171 1841 2216 terram

262 2227 506 2280 tendunt.
562 2227 640 2280 Ad
689 2229 832 2296 quod
875 2230 1105 2281 dicimus
1135 2229 1277 2297 quod
1309 2229 1388 2283 sol
1417 2229 1586 2297 ignea!)
1613 2242 1838 2296 natura},

261 2311 367 2349 non
415 2297 537 2369 quia
567 2311 628 2369 es
659 2303 774 2351 solo
803 2299 922 2363 igne
951 2309 1182 2365 constet,
1215 2299 1311 2354 sed
1340 2303 1460 2369 quia
1493 2303 1544 2354 in
1574 2317 1638 2354 eo
1668 2304 1842 2357 duini-

261 2377 442 2439 natur.
472 2367 872 2439 i’ratdocnimus
892 2373 1036 2423 enim
1065 2383 1291 2436 corpora
1319 2367 1593 2425 stellarum
1624 2389 1686 2425 nx
1712 2389 1842 2439 «μη-

262 2444 384 2492 tuor
397 2437 676 2493 elementis
691 2437 850 2505 facta,
876 2441 1184 2514 dominante
1203 2450 1378 2495 tamen
1402 2441 1543 2514 igne.
1561 2443 1690 2496 Cum
1714 2437 1842 2514 ergo

258 2520 326 2561 ex
372 2518 601 2577 quatuor
628 2521 893 2581 constent
920 2511 1224 2573 elementis,
1251 2512 1494 2581 quamvis
1527 2514 1646 2581 igne
1668 2511 1842 2567 (Ionii-

260 2589 442 2650 nante,
498 2580 641 2650 quod
688 2583 740 2634 in
790 2596 858 2635 eo
902 2596 966 2635 ex
1019 2597 1155 2650 aqua
1203 2594 1254 2636 et
1273 2580 1425 2637 terra
1461 2580 1636 2637 est’ad
1667 2585 1842 2640 simile

259 2648 601 2722 t_endit._S‘ed
639 2652 758 2720 quia
791 2666 820 2704 a
851 2652 1047 2706 caloris
1071 2648 1216 2706 fonte
1248 2652 1505 2722 procedit,
1534 2669 1716 2708 secum
1747 2658 1842 2709 de-

257 2717 359 2772 fert
408 2720 608 2791 aliquid
654 2717 871 2786 caloris,
923 2737 1028 2791 quo
1062 2734 1202 2778 terra
1235 2717 1286 2777 et
1310 2738 1445 2792 aqua
1473 2726 1756 2789 caleliont;
1787 2737 1842 2779 et

256 2792 510 2865 quoniam
541 2801 728 2865 natura
759 2804 840 2847 est
865 2795 1060 2848 caloris
1090 2795 1406 2861 ascendere,
1436 2796 1684 2865 calorqui
1707 2810 1842 2862 pra:-

255 2861 402 2914 dicto
445 2862 607 2916 modo
647 2865 1022 2927 desectideral,
1050 2875 1347 2928 revertens,
1375 2867 1571 2932 aliquid
1598 2861 1839 2922 humoris

256 2945 442 2985 secum
494 2934 696 2998 trahit,
751 2936 893 3003 quod
938 2935 1208 2990 hnlliendo
1256 2936 1308 2991 in
1363 2937 1442 2989 sui
1483 2937 1836 2992 substantiam

260 3013 604 3078 transmutat.
660 3006 713 3058 Si
744 3021 874 3074 ergo
899 3006 1110 3074 proprie
1141 3005 1366 3060 velimus
1399 3006 1564 3078 loqui,
1593 3009 1839 3067 dicemus

256 3072 398 3139 quod
428 3075 507 3127 sol
543 3072 830 3130 humorem
847 3072 1060 3130 sursum
1083 3077 1284 3140 elevat,
1303 3091 1408 3132 non
1430 3072 1670 3134 attrahit.
1693 3081 1841 3138 idco-

257 3159 359 3220 que
413 3143 531 3197 fons
587 3145 787 3220 dicitur
826 3147 1045 3214 caloris,
1073 3150 1194 3216 quia
1225 3150 1302 3202 sic
1322 3150 1537 3220 subdita
1566 3154 1835 3220 calefacit,

257 3215 391 3280 ignis
440 3230 566 3269 vero
611 3217 859 3281 superior
905 3234 1032 3272 non.
1081 3215 1215 3272 Cum
1244 3219 1386 3273 enim
1413 3220 1479 3274 sit
1503 3215 1831 3278 elementum

255 3299 363 3358 non
395 3301 459 3338 ex
482 3288 763 3358 clementis
796 3287 1012 3351 factum,
1044 3289 1173 3343 nihil
1198 3300 1280 3344 est
1310 3289 1362 3344 in
1392 3305 1457 3347 eo
1483 3294 1623 3358 quod
1653 3295 1717 3347 ad
1749 3295 1833 3348 iii-

256 3352 452 3408 feriora
500 3357 814 3432 descendat.
866 3360 988 3432 Inde
1023 3375 1151 3432 vero
1183 3371 1263 3414 est
1293 3364 1431 3428 quod
1467 3352 1589 3432 pars
1617 3365 1757 3418 aeris
1783 3375 1836 3420 et

261 3435 419 3478 terra:
436 3427 539 3501 soli
566 3429 772 3501 subdita
805 3439 884 3501 est
916 3430 1136 3495 fervida,
1161 3442 1380 3486 remotas
1404 3427 1579 3488 autem
1608 3435 1832 3501 frigidm,

257 3505 359 3572 etsi
404 3498 736 3572 sinimtheri
765 3499 1038 3568 subjecta.
1072 3502 1176 3555 Sed
1209 3503 1352 3572 dicet
1375 3504 1567 3572 aliquis
1599 3522 1612 3558 :
1648 3498 1834 3562 Nonne

257 3567 416 3640 ignis,
451 3567 878 3640 ubicunque’cst,
904 3572 1110 3625 calidus
1141 3573 1262 3626 est?
1291 3571 1387 3626 Cui
1417 3567 1682 3631 dicimus:
1715 3578 1833 3632 Non

258 3639 360 3713 nisi
414 3639 587 3713 spisso
630 3653 684 3713 et
715 3641 933 3699 humido
957 3645 1166 3713 mistus.
1204 3644 1458 3707 Quamvis
1481 3645 1642 3711 igitur
1673 3663 1836 3713 super

256 3707 534 3762 Iunamrsit
555 3712 711 3780 ignis,
738 3728 843 3765 non
868 3721 944 3764 est
976 3712 1229 3777 inferior;
1254 3707 1602 3770 defi-cilenim
1619 3707 1832 3772 humida

255 3790 309 3831 et
333 3783 502 3858 spissa
536 3786 752 3858 materia
797 3798 899 3858 qua
927 3782 1062 3851 ignis
1085 3785 1430 3858 accendatur,
1455 3801 1637 3858 neque
1671 3787 1836 3858 frigus

255 3863 428 3929 neque
444 3851 1369 3929 i-bscnrita_s,sediinosetcontinuus
1386 3851 1838 3929 splendenneqne

255 3920 820 3995 aliquatnutabilitas.
852 3924 956 3977 Sed
976 3925 1153 3978 dicent
1175 3927 1314 3995 quod
1347 3920 1697 3984 Aristoteles:
1735 3920 1836 3983 liu-

256 3991 512 4062 possibile
535 4005 614 4046 est
648 3994 823 4062 ignem
858 4011 962 4048 πιοτι
994 3991 1205 4050 caleref
1223 3996 1461 4051 Dicimus
1493 4000 1835 4056 Aristotelem

381 4061 616 4140 locutum
665 4060 785 4120 esse
827 4067 894 4140 de
936 4067 1037 4119 hoc
1069 4065 1306 4122 inferiori
1340 4069 1484 4136 igne,
1516 4071 1604 4139 qtti
1625 4087 1839 4140 semper

255 4131 631 4207 alicnispissa:
660 4138 900 4189 materiai
943 4140 1151 4200 mistus,
1187 4131 1665 4207 nunquam'calere
1693 4131 1837 4197 tlesi-

255 4204 356 4277 nit.
407 4200 500 4256 Vel
541 4204 781 4260 dieamus
830 4211 971 4275 quod
1013 4208 1139 4261 dicit
1167 4200 1339 4276 ignem
1368 4211 1671 4266 ealeretton
1697 4227 1837 4277 actu,

253 4271 356 4325 sed
398 4284 611 4348 natura.
657 4271 860 4348 Quarta
878 4292 1036 4331 causa
1084 4271 1382 4348 pluviarum
1411 4290 1494 4335 est
1524 4293 1710 4337 ventus
1737 4271 1841 4338 cie;

254 4357 390 4416 yans
443 4346 720 4400 humorem
762 4345 830 4400 de
879 4345 1106 4416 sttgniv',
1157 4359 1212 4406 et
1238 4349 1449 4413 fluviis,
1490 4362 1545 4406 et
1598 4355 1839 4410 lacubus.

252 4412 386 4488 inde
429 4425 509 4469 est
552 4419 692 4484 quod
725 4412 1004 4473 ranuncuii
1033 4429 1086 4472 et
1115 4422 1286 4488 pisces
1314 4437 1343 4473 a
1373 4412 1557 4475 multis
1589 4425 1684 4477 visi
1715 4437 1839 4480 sunt

252 4485 324 4539 de
370 4499 496 4540 aere
549 4488 762 4562 cadere.
813 4488 946 4562 Cum
996 4485 1158 4554 enim,
1209 4501 1266 4545 ut
1311 4493 1674 4560 praediximus,
1703 4510 1838 4562 aqua

253 4567 420 4608 vento
447 4559 776 4623 sustollatur,
802 4560 1059 4629 contingit
1084 4562 1224 4626 quod
1250 4559 1570 4620 ranunculos
1592 4575 1647 4618 et
1665 4559 1834 4628 pisces

252 4639 441 4700 secum
497 4629 688 4694 elevat,
743 4643 811 4696 qu
837 4630 934 4682 bus
962 4648 1024 4684 ex
1055 4633 1279 4686 naturali
1301 4635 1587 4700 gravedine
1615 4639 1834 4691 descen-

252 4697 531 4776 dentibus,
577 4712 790 4766 Stupent
838 4703 1167 4776 ignorantes.
1215 4697 1428 4758 Nullum
1471 4721 1604 4775 ergo
1632 4717 1839 4776 tempus

250 4766 386 4819 uttzii
412 4769 664 4846 ‘illltlttlne
710 4782 794 4825 est
824 4766 878 4822 η’
900 4773 1100 4837 pluvia.
1144 4772 1197 4826 lit
1220 4777 1362 4829 omni
1392 4766 1622 4846 namque
1648 4766 1840 4833 vel'fw

253 4852 383 4890 unus
411 4839 658 4917 humidus
688 4852 963 4910 cvaporat,
999 4846 1078 4897 vel
1111 4859 1204 4899 aer
1227 4862 1293 4900 et
1324 4839 1610 4912 frigiditate
1641 4851 1839 4917 spissa-

253 4918 370 4968 tur,
404 4912 480 4987 vel
512 4911 703 4987 humor
729 4919 906 4987 calore
938 4917 1020 4968 vel
1044 4925 1202 4969 vento
1216 4918 1506 4973 elevantur.
1527 4919 1650 4973 llaec
1665 4911 1836 4987 pluvia

251 4980 579 5052 quandoipie
625 4983 740 5052 plus
789 4984 947 5039 solito
1000 4987 1247 5052 spissata,
1280 4998 1334 5041 et
1373 5004 1438 5044 ex
1473 4990 1637 5044 nimio
1662 4980 1837 5045 calore

253 5049 507 5128 incensa,
529 5125 538 5128 _
559 5049 637 5106 fit
670 5054 735 5108 ad
772 5057 1004 5128 modum
1032 5049 1306 5123 sanguinis
1336 5060 1500 5114 rubea
1529 5069 1585 5113 et
1619 5063 1786 5128 spissa
1823 5080 1836 5114 :

251 5122 410 5186 quod
455 5125 717 5199 videntes
735 5122 1369 5199 physicamigimrantes,
1404 5130 1588 5185 dicunt
1621 5122 1836 5199 sangui-

254 5204 394 5268 nem
442 5194 642 5268 pluere.
703 5194 831 5250 lude
872 5194 1159 5251 verisimile
1183 5198 1383 5253 dictum
1413 5211 1518 5266 est,
1548 5203 1686 5268 quod
1717 5194 1841 5258 ante

253 5262 426 5340 finem
455 5264 609 5332 hujus
634 5268 813 5340 saeculi
845 5277 1008 5337 guttae
1033 5268 1309 5336 sanguinis
1330 5262 1542 5331 cadent,
1567 5262 1693 5340 quia
1717 5289 1838 5327 cum

247 5331 752 5412 delicatesustione
778 5331 938 5401 finiri,
971 5349 1023 5392 ut
1056 5331 1281 5392 testatur
1308 5331 1602 5409 Scriptura:
1621 5345 1838 5412 qumdi-

249 5405 344 5482 cit_
385 5422 400 5459 :
451 5404 597 5477 Ignis
646 5410 1010 5482 inconspecltt
1053 5411 1366 5463 exardescct.
1410 5404 1556 5482 siqua
1601 5404 1745 5467 enim
1774 5431 1838 5468 ex

251 5475 450 5550 calore
485 5475 549 5530 in
578 5477 807 5534 nubibus
854 5495 1113 5548 suspensa
1155 5495 1226 5536 es
1262 5475 1837 5550 fervore'spissabitur,

249 5560 384 5614 qum
416 5549 655 5613 incensa,
689 5551 955 5618 rubeaque
980 5551 1170 5606 ell'ecm
1201 5550 1266 5604 ad
1292 5553 1695 5608 similitudinem
1718 5569 1840 5609 san-

250 5619 442 5684 guinis
462 5620 654 5692 cadet;
687 5633 739 5673 et
769 5624 1020 5689 quoniam
1057 5637 1108 5676 tn
1154 5623 1399 5692 pluvioso
1421 5633 1662 5690 tempore
1685 5640 1842 5680 arcus

249 5692 500 5762 discolor
549 5691 601 5742 in
647 5693 873 5745 nubibus
917 5705 1160 5762 apparet,
1212 5693 1354 5749 unde
1375 5697 1589 5758 existat,
1619 5707 1673 5750 et
1703 5698 1843 5752 unde

251 5767 340 5811 tot
372 5759 514 5813 ineo
543 5773 832 5829 appareant
849 5759 1058 5817 colores
1080 5763 1387 5819 doceamus.
1410 5767 1540 5820 Cum
1563 5767 1837 5824 diximus:

247 5832 418 5884 calor
439 5832 566 5885 solis
593 5834 872 5890 humorem
898 5836 1091 5898 elevat,
1123 5837 1204 5890 vel
1237 5837 1412 5892 fumus
1441 5837 1692 5893 humidus
1712 5853 1840 5895 eva-

253 5912 444 5968 porat,
499 5916 634 5969 aqua
683 5904 734 5956 in
761 5905 900 5958 nube
944 5906 1204 5961 illustrata
1246 5916 1306 5964 ut
1345 5910 1397 5966 in
1428 5911 1595 5968 vitreo
1626 5925 1749 5968 vase
1776 5925 1842 5968 ex

555 5999 829 6060 Parant.
877 5998 1004 6062 XC.

1945 599 2188 670 ostendit
2228 601 2505 670 colorem;
2553 599 2643 653 ubi
2685 600 2932 670 spissior,
2965 614 3310 670 purpureum,
3333 603 3416 657 vel
3441 604 3522 657 ui-

1946 683 2120 742 grum.
2175 668 2301 724 Inde
2343 673 2595 742 estquod
2622 668 2778 724 arcus
2809 669 2895 725 ille
2925 668 3190 740 nunquam
3222 672 3322 726 nisi
3345 673 3398 727 in
3422 689 3522 742 op-

1948 741 2114 806 posita
2165 749 2314 808 parte
2360 741 2489 795 solis
2531 743 2754 797 relucet.
2781 743 2890 795 Aer
2911 741 3054 795 enim
3086 742 3293 795 vicinus
3321 745 3418 798 soli
3450 741 3516 799 ex

1945 812 2061 879 ejus
2089 811 2378 879 splendore
2411 813 2480 865 ita
2506 812 2809 879 irradiatur,
2839 813 2977 880 quod
3009 814 3206 868 diversi
3228 815 3442 870 colores
3464 817 3518 871 in

1945 895 2012 935 eo
2058 897 2163 935 non
2213 891 2488 949 apparent.
2544 881 2678 935 Visis
2722 897 2849 947 ergo
2894 884 3188 949 pluviarum
3221 885 3418 950 causis,
3465 896 3526 942 et

1945 958 2102 1006 Jrcus
2120 952 2378 1023 caelestis.
2407 953 2476 1006 de
2496 953 2840 1019 grandinibus
2862 953 3206 1008 disseramus.
3231 955 3363 1009 Cum
3388 968 3519 1023 ergo

1945 1024 2219 1096 przedicto
2245 1021 2404 1076 modo
2438 1026 2629 1076 humor
2677 1025 2941 1096 elevatur,
2982 1025 3240 1090 contingit
3287 1042 3432 1096 saipe
3459 1021 3515 1082 iti

1943 1093 2308 1161 superioribus
2355 1108 2476 1148 e~se
2514 1104 2733 1169 ventum
2793 1094 3039 1169 frigidum
3066 1104 3121 1148 et
3145 1093 3516 1169 siccum,qui,

1941 1175 2118 1231 guttas
2168 1179 2319 1233 aqua:
2368 1178 2454 1237 es
2483 1163 2722 1237 siccitate
2771 1175 2823 1217 et
2874 1166 3157 1237 {rigiditate
3206 1163 3514 1237 congelans,

1942 1244 2260 1288 transmutat
2301 1249 2392 1288 eas
2443 1235 2494 1286 in
2544 1235 2804 1306 lapideam
2859 1236 3241 1301 substantiam;
3296 1235 3351 1293 et
3395 1235 3519 1306 quia

1942 1313 2106 1369 gutta:
2130 1306 2375 1359 rotunda:
2404 1314 2548 1370 sunt,
2583 1305 2722 1375 quod
2748 1315 2922 1374 potest
2947 1308 3157 1372 probari
3184 1323 3273 1372 per
3296 1305 3524 1366 rotunda

1943 1375 2226 1439 foramina,
2280 1390 2399 1446 qua:
2439 1385 2604 1444 agunt
2649 1375 2700 1447 in
2728 1377 2902 1444 lapide
2942 1378 3253 1433 assiduitate
3274 1381 3520 1447 cadendi,

1941 1448 2146 1520 grando
2208 1451 2432 1501 rotunda
2466 1446 2764 1501 descendit.
2796 1447 2958 1502 Nives
2979 1464 3105 1520 vero
3135 1451 3282 1514 fiunt,
3313 1451 3357 1505 si
3387 1446 3527 1520 prte-

1942 1518 2097 1570 diem
2138 1527 2325 1587 gnttm,
2371 1528 2678 1587 antequam_
2707 1532 2908 1585 grossze
2956 1518 3085 1581 sint,
3135 1518 3438 1587 spissantur
3467 1537 3526 1579 et

1941 1585 2315 1662 congelantur.
2369 1587 2464 1642 llic
2489 1585 2822 1662 subjicient;
2853 1588 2988 1662 Cum
3017 1589 3070 1641 in
3098 1585 3290 1662 testate
3315 1596 3523 1662 grando

1941 1655 2086 1727 smpe
2114 1661 2408 1729 contingat,
2433 1655 2600 1729 quare
2629 1655 2684 1711 in
2713 1655 2898 1714 eadem
2931 1660 3068 1713 circa
3096 1655 3349 1716 infe-riora
3372 1679 3524 1719 mon-

1943 1729 2075 1784 tium
2123 1744 2391 1797 nunquam
2441 1729 2591 1785 uives
2625 1731 2987 1801 contingunt?
3042 1733 3239 1785 Contra
3271 1733 3370 1787 hoc
3395 1736 3527 1790 dici-

1950 1814 2068 1853 mus
2097 1801 2150 1854 in
2199 1810 2388 1855 aState
2429 1801 2711 1856 humorem
2750 1815 2814 1855 ex
2846 1803 3024 1855 calore
3052 1803 3273 1857 alterius
3297 1805 3522 1869 elevari,

1944 1870 2317 1942 elevandoque
2361 1879 2540 1940 guttas
2589 1872 2812 1936 involvi,
2868 1887 2988 1941 qua:
3025 1874 3323 1939 grossiores
3346 1875 3521 1942 facta,

1945 1941 2250 2010 frigoreque
2279 1941 2600 2011 congelatas,
2643 1943 2962 2011 grandinem
2990 1941 3231 2011 gignunt.
3265 1944 3320 2000 In
3345 1941 3525 2001 hieme

1944 2026 2073 2066 vero
2125 2012 2291 2082 frigus
2346 2013 2490 2067 circa
2522 2022 2718 2066 terram
2740 2023 2870 2088 _est,
2928 2023 2982 2088 et
3033 2016 3296 2088 contingit
3343 2026 3525 2088 guttas

1942 2096 2096 2151 aquae
2147 2081 2451 2155 antequam
2483 2096 2685 2151 gressa:
2715 2081 2885 2155 facta:
2935 2083 3066 2148 sint,
3120 2099 3186 2138 ex
3222 2081 3524 2155 'frigi'ditate

1946 2153 2204 2222 temporis
2233 2152 2476 2234 astringi,
2508 2163 2562 2208 et
2584 2155 2643 2234 .in
2677 2153 2852 2208 nivem
2877 2156 3254 2234 transmutari;
3283 2152 3337 2211 in
3363 2167 3522 2234 testa-

1947 2234 1996 2276 te
2028 2237 2177 2288 vero,
2204 2225 2326 2292 quia
2364 2223 2530 2291 frigus
2551 2225 2691 2278 circa
2725 2235 2923 2280 terram
2949 2241 3052 2279 non
3079 2233 3184 2290 est,
3209 2227 3380 2283 donec
3408 2229 3522 2283 ele-

1947 2303 2082 2349 vata:
2104 2295 2165 2370 in
2193 2297 2359 2348 altum
2389 2309 2591 2362 grossze
2620 2305 2674 2370 et
2703 2298 2891 2370 spissa;
2925 2296 3075 2361 fiant,
3102 2311 3206 2350 non
3228 2301 3526 2370 congelan-

1945 2373 2052 2418 tur.
2103 2364 2381 2432 Nunquam
2433 2379 2562 2434 ergo
2610 2366 2698 2420 nix
2744 2376 2826 2420 est
2881 2368 2933 2421 in
2973 2377 3183 2430 mstate,
3226 2364 3434 2426 licet'in
3461 2389 3524 2427 ea

1944 2449 2087 2505 saepe
2109 2435 2215 2488 sint
2243 2435 2551 2503 gramlines.
2592 2436 2668 2491 De
2693 2439 2943 2490 tonitruis
2960 2447 3012 2492 et
3031 2437 3362 2504 fulminibus,
3382 2443 3524 2496 unde

1944 2514 2014 2582 et_
2041 2507 2282 2582 qualiter
2327 2506 3039 2582 contingant,disseramus.
3078 2507 3245 2582 Ριιιιψ
3274 2525 3404 2582 ergo
3431 2517 3528 2568 hu-

1944 2575 2112 2648 tuido,
2138 2585 2195 2630 ut
2224 2575 2586 2644 praediximus,
2620 2577 2684 2630 ad
2714 2579 2990 2648 superiora
3022 2575 3370 2646 ascendente,
3398 2597 3521 2638 cum

1944 2646 2012 2717 ad
2044 2661 2313 2701 summum
2345 2649 2486 2702 aeris
2515 2646 2874 2716 pervenit,”
2908 2650 3298 2717 ponderatione
3326 2653 3523 2708 humo-

1945 2714 2017 2789 ris
2049 2728 2291 2789 movetur
2311 2714 2590 2772 summitas
2614 2719 2779 2786 aeris,
2812 2714 2965 2787 cujus
2999 2721 3273 2789 particula
3303 2725 3367 2776 ad
3403 2741 3518 2778 mo-

1943 2787 2069 2862 dum
2087 2787 2364 2862 undarum
2388 2804 2542 2858 aqum
2572 2790 2672 2845 sibi
2702 2787 3050 2862 occurrentes
3091 2789 3354 2862 fragorem
3382 2796 3522 2850 toni-

1945 2856 2047 2910 triti
2078 2856 2298 2936 faciunt.
2329 2856 2593 2936 Ες-ἰηοιιι⁸
2611 2876 2737 2915 vero
2757 2876 2850 2916 aer
2873 2856 3198 2936 calefactus:
3219 2865 3272 2918 in
3305 2865 3515 2936 igneam

1945 2929 2138 3006 transit
2163 2931 2537 3006 substantiam,
2566 2931 3087 3006 litquegcoruscatio;
3133 2948 3254 3003 qua:
3280 2929 3525 3006 quamvis

1944 3013 2067 3073 cum
2098 3000 2306 3071 fragore
2338 3003 2455 3073 fiat,
2496 3000 2655 3056 citius
2679 3003 2742 3055 ad
2777 3019 2874 3057 nos
2905 3000 3168 3071 pervenit,
3200 3000 3324 3073 quia
3379 3007 3529 3063 visus

1945 3072 2184 3148 velocior
2228 3082 2312 3125 est
2354 3071 2558 3126 auditu.
2583 3075 2715 3127 Cum
2745 3088 2876 3144 ergo
2907 3075 2965 3148 fit
2995 3071 3368 3142 pr:i2dictarotn
3399 3093 3522 3148 par-

1943 3142 2224 3216 ticularum
2275 3157 2550 3208 occursus,
2606 3142 2889 3211 generatur
2939 3145 3191 3213 impetus,
3237 3147 3328 3216 qui
3359 3142 3520 3205 si'as-

1943 3214 2185 3268 cenderit
2225 3228 2457 3284 sursum,
2485 3226 2565 3269 est
2596 3217 2772 3284 fragor
2802 3217 2918 3269 sine
2947 3217 3199 3279 fulmine;
3225 3214 3308 3274 sin
3339 3230 3518 3278 autem

1945 3285 2178 3352 impetus
2224 3283 2312 3339 ille
2350 3284 2601 3339 deorsum
2649 3283 2855 3349 tendat,
2880 3295 3058 3342 tamen
3083 3297 3269 3343 tantus
3291 3305 3398 3343 non
3421 3293 3514 3354 sit.

1938 3355 2080 3422 quod
2133 3370 2304 3426 usque
2354 3356 2418 3409 ad
2464 3356 2801 3411 ob-tacnlum
2847 3361 3403 3426 perveniat,nundum
3436 3373 3522 3416 est

1941 3426 2175 3490 fulmen;
2204 3442 2327 3480 cum
2351 3441 2478 3479 vero
2500 3428 2564 3480 ad
2594 3428 2931 3482 obstaculnm
2957 3431 3217 3495 perve..it,
3250 3432 3520 3486 obstantia

1940 3497 2111 3550 findit.
2160 3499 2266 3552 Sed
2320 3497 2443 3566 quia
2493 3499 2763 3567 proprium
2809 3507 2891 3552 est
2921 3507 3097 3551 motus
3124 3503 3268 3554 aerLs
3297 3503 3517 3555 tendere

1939 3581 2195 3633 sursum,
2266 3569 2410 3622 nulla
2466 3567 2685 3621 materia
2735 3571 2883 3622 evire
2929 3577 3159 3633 vetante,
3207 3573 3513 3636 revertitur,

1938 3652 2261 3706 sparsosque
2311 3637 2571 3706 recolligit
2616 3639 2786 3707 ignes.
2822 3639 2878 3693 Si
2920 3654 3049 3691 vero
3074 3640 3125 3691 in
3151 3643 3248 3695 hac
3279 3641 3518 3697 inferiori

1941 3721 2088 3774 parte
2136 3709 2274 3761 aeris
2318 3707 2515 3761 multus
2561 3709 2630 3761 sit
2676 3713 2888 3772 humor,
2930 3725 3025 3764 aer
3077 3712 3314 3765 existens
3350 3713 3402 3767 in
3430 3715 3522 3769 illo

1939 3781 2137 3846 impetu
2183 3793 2343 3834 urere
2394 3793 2498 3832 non
2555 3788 2747 3848 potest,
2800 3780 2960 3848 fitquc
3000 3779 3201 3836 fulmen
3234 3783 3441 3838 lindens
3466 3795 3525 3841 et

1939 3864 2043 3902 non
2087 3863 2270 3902 urens.
2327 3849 2577 3922 E-tergo
2609 3849 2808 3905 fulmen
2843 3865 2962 3918 pars
2986 3852 3126 3906 aeris
3154 3853 3329 3922 aliqua
3360 3855 3520 3911 colli-

1939 3923 2089 3974 sinne
2139 3936 2307 3989 ttsque
2371 3920 2438 3973 ad
2490 3923 2821 3976 oustaculnm
2865 3937 2987 3976 cum
3034 3920 3518 3989 impetu’veniens.

1940 3990 2258 4044 Ίοειὶίτυιιιιι
2303 4007 2431 4044 vero
2478 4000 2562 4045 est
2589 3997 2821 4061 partium
2854 3995 2993 4048 aeris
3016 3994 3221 4048 diversa
3254 3995 3516 4051 incursio.

1942 4061 2055 4114 [Non
2104 4073 2188 4116 est
2235 4078 2363 4136 ergo
2395 4061 2596 4136 fulmen
2619 4063 2837 4136 lapidea
2867 4063 3183 4136 substantia,
3219 4075 3277 4119 ut
3300 4067 3518 4136 quidam

1941 4145 2227 4207 assertttit._
2249 4132 2305 4188 Si
2351 4133 2494 4187 enim
2527 4133 2730 4201 lapidea
2761 4143 2906 4188 esset
2927 4134 3245 4200 substantia,
3279 4132 3517 4207 noultuc

1941 4211 1997 4258 et
2027 4205 2151 4259 illoc
2177 4204 2528 4267 discurreret,
2561 4218 2661 4259 nec
2691 4220 2903 4260 rursum
2927 4216 3307 4276 reverteretur,
3332 4204 3521 4264 etcum

1943 4276 2143 4344 aliquid
2198 4277 2404 4334 feriret.
2457 4290 2675 4331 carnem
2718 4287 2773 4332 et
2801 4290 2920 4333 ossa
2952 4278 3363 4334 comtninueret.
3398 4278 3523 4335 ideo

1945 4346 2144 4421 fuamen
2201 4348 2398 4421 saepius
2425 4347 2582 4421 Aalta_
2611 4351 2826 4421 sternit,
2875 4346 2998 4414 quia
3025 4363 3146 4421 cum
3173 4348 3389 4421 oblique
3416 4353 3518 4405 ali-

1943 4417 2158 4490 quando
2205 4417 2503 4482 desceudzt,
2537 4418 2693 4472 citius
2722 4418 2828 4490 alta
2863 4421 3075 4490 repetit.
3105 4419 3210 4476 Sed
3237 4417 3359 4489 quia
3387 4438 3520 4490 quo-

1944 4488 2296 4560 rumdatuest
2316 4493 2580 4542 Sententia
2605 4488 2872 4556 quoddam
2892 4489 3091 4544 fulmen
3115 4488 3376 4560 lapideam
3397 4488 3522 4548 esse

1950 4559 2326 4624 substantiam,
2371 4573 2436 4612 ne
2463 4575 2530 4613 ex
2573 4559 2870 4628 ignorantia
2899 4562 2980 4615 vel
3015 4559 3212 4616 invidia
3241 4564 3519 4617 videamur

1947 4643 2064 4683 eam
2114 4630 2467 4700 vitupet‘asse,
2526 4635 2607 4685 vel
2660 4632 2908 4695 tacuisse,
2944 4633 3178 4686 breviter
3202 4646 3320 4686 eam
3352 4649 3520 4700 pone-

1942 4715 2082 4754 tnus.
2127 4701 2284 4754 Aiunt
2311 4699 2422 4772 γίθιί
2455 4701 2596 4769 quod
2627 4715 2747 4755 cum
2779 4701 2959 4756 fumus
2991 4703 3237 4756 humidus
3265 4704 3331 4756 ad
3356 4699 3521 4772 Supe-

1943 4773 2082 4824 riora
2127 4771 2386 4835 ascendit,
2409 4786 2532 4823 cunt
2554 4786 2621 4826 eo
2648 4773 2886 4827 elevatur
2915 4773 3115 4843 aliquid
3139 4782 3365 4828 terrena:
3393 4774 3528 4828 sub-

1941 4846 2176 4906 stantire,
2201 4843 2342 4911 quod
2382 4856 2447 4894 ex
2481 4843 2662 4897 calore
2705 4843 2833 4897 ευΙίς
2880 4845 2932 4897 in
2963 4845 3221 4912 lapideam
3254 4847 3522 4909 spi~satnr

1942 4915 2318 4980 suhstantiam,
2370 4913 2785 4983 contineturque
2832 4915 2883 4968 in
2918 4918 3136 4970 nubium
3167 4920 3520 4980 concavitate.

1941 4983 2114 5037 donec
2145 4986 2344 5052 impetu
2367 4983 2549 5050 aliquo
2586 4985 2752 5039 nubes
2777 4985 3051 5050 dividitur,
3085 4985 3225 5040 unde
3255 4988 3389 5053 lapis
3431 4989 3522 5043 ille

1943 5055 2224 5121 impulsus,
2273 5053 2439 5108 altum
2491 5054 2691 5125 aliquid
2723 5060 2976 5124 percutit.
3003 5057 3098 5111 Hic
3126 5057 3259 5112 dicit
3288 5059 3477 5126 :riiquis
3504 5078 3518 5113 :

1941 5129 2073 5196 dum
2107 5128 2158 5178 in
2184 5125 2326 5178 omni
2360 5134 2602 5192 tempore
2627 5128 2750 5180 anni
2791 5127 2967 5180 fumus
2991 5127 3260 5190 humidus,
3298 5139 3352 5181 ut
3382 5125 3524 5196 pra-

1941 5195 2193 5262 diximus,
2250 5197 2527 5261 ascendat,
2566 5210 2740 5265 quare
2787 5199 2840 5250 iu
2891 5200 3038 5252 omni
3069 5215 3174 5252 non
3205 5195 3525 5265 contingunt

1943 5266 2160 5321 fulmina
2206 5275 2262 5319 et
2308 5264 2580 5319 tonitrua?
2609 5265 2707 5320 Cui
2730 5265 2959 5322 dicimus
2992 5286 3007 5323 :
3063 5268 3174 5324 Etsi
3205 5285 3270 5322 ex
3300 5264 3524 5324 humido

1943 5339 2089 5390 lmuo
2137 5338 2466 5394 ascendente
2520 5339 2752 5396 habeant
2808 5343 2952 5408 fleri,
3010 5355 3117 5394 non
3173 5341 3309 5393 fluut
3346 5351 3524 5398 tamen

1944 5407 2087 5473 inde,
2116 5409 2290 5464 donec
2314 5410 2379 5462 ad
2409 5423 2679 5465 summum
2712 5413 2854 5466 aeris
2884 5407 3219 5480 perveniunt,
3249 5413 3390 5478 quod
3425 5426 3524 5479 per

1943 5479 2116 5534 simile
2146 5482 2310 5533 maris
2338 5480 2548 5549 probari
2581 5493 2777 5548 petest.
2807 5479 2941 5536 Cum
2973 5483 3116 5538 enim
3138 5485 3269 5537 mari
3293 5498 3358 5538 es
3371 5483 3527 5538 fumo

1945 5560 2100 5605 terra:
2123 5551 2449 5606 ascendente
2466 5552 2516 5603 in
2543 5553 2707 5606 fundo
2723 5565 3032 5608 removetur
3054 5569 3120 5610 ex
3148 5554 3522 5623 spissitudine,

1945 5631 2121 5676 tamen
2151 5638 2255 5675 non
2286 5629 2461 5690 petcst
2491 5626 2594 5678 huc
2611 5633 2664 5676 ct
2685 5625 3059 5693 illucimpelli;
3089 5629 3183 5679 sed
3208 5642 3327 5680 cum
3353 5642 3524 5694 usque

1945 5707 2210 5747 summum
2251 5694 2542 5747 commotio
2569 5695 2655 5750 illa
2681 5706 3004 5762 pervenerit,
3039 5698 3140 5750 huc
3180 5707 3235 5752 et
3271 5698 3396 5751 iiluc
3428 5712 3528 5748 un-

1944 5765 2026 5818 de
2048 5763 2413 5832 impelluntur,
2440 5764 2600 5835 fitque
2624 5775 2932 5835 tempestas.
2968 5772 3118 5835 Quod
3151 5783 3279 5821 vero
3309 5784 3336 5819 a
3358 5767 3524 5821 fundo

1945 5835 2110 5907 maris
2155 5846 2450 5907 tempestas
2496 5836 2737 5906 incipiat,
2789 5855 2854 5894 ex
2917 5842 3018 5894 hoc
3069 5847 3244 5906 potest
3311 5837 3523 5904 probari

1946 5906 2088 5978 quod
2117 5905 2315 5979 phocas
2342 5909 2510 5963 undas
2535 5905 2796 5982 agitantes
2823 5923 2946 5966 ante
2979 5910 3242 5966 videmus.
3295 5909 3523 5963 Utenim

3019 6007 3094 6068 37
