4162 6212
507 369 644 425 H75

966 371 1166 429 BEDJS
1210 372 1657 430 VENERABILIS
1694 371 1844 429 OPP.
1887 367 2060 428 PARS

2188 365 2383 426 SECT.
2423 368 2488 426 ΙΙ.
2533 399 2598 411 -
2640 368 2841 427 DUBM
2886 369 2972 425 ετ
3009 362 3285 428 ὃΡυῐὶιᾹ.

3631 365 3764 430 ιιτι

503 482 610 536 tin‘.
629 481 682 534 In
712 481 882 557 capite
912 484 1279 557 cnimbabent
1304 484 1485 541 sedem
1516 501 1635 557 qua:
1665 485 1865 539 faciunt
1895 481 2073 557 homi-
2103 482 2151 538 Α
2179 479 2402 557 ceperit,
2434 481 2900 557 exiens,_primam
2929 479 3312 557 partemaeris
3331 495 3491 557 quam
3520 482 3766 557 reperit,

503 570 624 605 ftt‘tlt
655 554 974 619 sapientem,
1004 555 1226 619 scilicet,
1256 554 1576 618 intellectus,
1603 557 1759 622 ratio,
1790 554 2068 610 memoria.

499 624 583 677 Ab
614 623 712 676 hoc
739 625 964 678 ccieliro
994 627 1254 690 prodeunt
1293 628 1440 682 nervi
1467 628 1534 681 ad
1569 627 1786 692 oculos,
1816 639 1910 692 per
1938 640 2072 694 quos

501 694 746 766 animalis
775 696 990 762 spiritus
1020 697 1206 753 exiens
1236 700 1404 750 visum
1436 707 1712 766 operatur,
1748 707 1803 750 ut
1830 696 2073 766 ostendi~

502 783 639 819 inus.
669 765 954 838 Sedprius
980 766 1046 820 de
1073 768 1367 822 snbstantta
1395 769 1672 822 oculorum
1703 767 1902 838 aliquid
1927 765 2070 838 «lica-

500 851 640 890 tntts.
672 835 866 891 Oculus
914 838 1071 906 igitur
1110 849 1190 892 cst
1227 839 1466 904 quaedam
1498 835 1805 893 orb‘culata
1835 846 1888 890 et
1928 837 2068 890 clara

498 908 814 968 substantia,
845 908 938 960 scd
968 909 1016 961 in
1049 911 1332 976 superficie
1370 910 1758 977 aliquantulum
1792 909 1966 978 plana,
2002 922 2066 978 ex

502 978 669 1032 tribus
701 977 1010 1032 humoribus
1036 989 1089 1033 et
1131 991 1332 1045 septem
1365 980 1558 1035 tunicis
1599 977 1870 1034 constans.
1915 977 2070 1032 Urbi-

498 1047 673 1120 rulata
713 1059 811 1112 cst,
862 1059 920 1120 ut
957 1049 1060 1108 huc
1089 1058 1141 1104 et
1173 1052 1278 1106 illic
1306 1052 1436 1107 verti
1468 1052 1654 1120 possit.
1704 1051 1756 1103 In
1785 1050 2070 1118 superficie

499 1117 676 1190 plana,
702 1129 762 1174 ut
787 1119 974 1190 melius
999 1123 1193 1175 formas
1221 1137 1398 1177 rerum
1437 1117 1490 1177 in
1520 1137 1580 1178 se
1606 1122 1775 1190 possit
1804 1117 2066 1189 recipere.

497 1186 726 1270 Lucens,
752 1203 815 1243 ex
847 1189 1158 1273 humoribus
1184 1202 1456 1273 constans,
1498 1200 1559 1248 ut
1583 1186 1619 1246 ἱ
1647 1186 2067 1273 visuali_spiritu

499 1261 664 1332 possit
694 1261 978 1326 penetrari.
1014 1262 1092 1316 Ex
1125 1264 1312 1316 tunicis
1340 1277 1565 1332 septem.
1595 1274 1652 1317 ιιι
1673 1261 2068 1328 superﬂuitates

497 1331 745 1396 expcilat,
780 1346 845 1384 ne
875 1333 1020 1386 illum
1055 1332 1264 1386 litidant.
1299 1331 1469 1389 Sed'si
1501 1336 1619 1400 quis
1649 1348 1838 1388 nomen
1873 1333 2063 1386 humo-

498 1417 613 1454 runt
645 1413 696 1455 et
725 1403 1017 1455 tunicarum
1057 1403 1430 1469 dispositiones
1459 1407 1598 1459 scire
1635 1403 1925 1468 desiderat,
1960 1402 2068 1456 Ga-

497 1469 672 1525 lerium
701 1473 856 1542 legat.
892 1471 1034 1527 Duos
1062 1487 1188 1527 vero
1217 1476 1399 1535 oculos
1438 1475 1714 1528 constituit
1752 1484 1972 1538 natura,
2008 1482 2065 1527 ut

496 1541 541 1594 si
570 1558 705 1596 unus
738 1541 1048 1607 laederetur,
1087 1544 1224 1599 alter
1251 1554 1571 1600 remaneret.
1615 1544 1820 1601 Deinde
1848 1545 1915 1600 de
1948 1544 2062 1598 visu

495 1611 754 1686 dicamus.
785 1612 917 1686 Cum
948 1614 1104 1681 igitur
1131 1616 1376 1670 animalis
1404 1614 1642 1684 spiritus,
1683 1631 1779 1686 per
1809 1630 2005 1670 nervos
2031 1630 2063 1670 a

494 1683 719 1754 cerebro
741 1683 1067 1754 prodeuntes
1087 1725 1102 1750 ,
1134 1695 1185 1739 et
1215 1687 1280 1740 ad
1318 1683 1502 1742 oculos
1531 1683 1702 1754 usque
1741 1686 2060 1754 pervenerit,

495 1752 683 1826 exiens
707 1753 752 1807 si
780 1753 1009 1823 aliquem
1038 1756 1355 1812 exteriorem
1385 1752 1758 1826 splendorem,
1797 1759 1879 1812 vel
1910 1757 2058 1821 solis,

494 1825 578 1878 vel
599 1825 839 1905 alterius,
867 1840 1074 1892 recepet
1170 1843 1338 1896 usque
1357 1828 1421 1905 ad
1433 1828 1774 1905 obstaculum
1796 1829 2056 1905 dirigitur,
2094 1845 2139 1905 Β

493 1895 634 1969 quod
661 1895 935 1969 olfcndeus
974 1895 1262 1969 per‘ipsum’
1285 1913 1343 1952 se
1369 1897 1636 1964 diffundit,
1681 1895 1969 1969 faunisque
1997 1899 2061 1952 il-

495 1965 599 2020 lius
626 1975 680 2020 et
707 1966 975 2039 coloribus
1000 1965 1316 2039 informatur
1342 1985 1434 2036 per
1466 1970 1668 2028 oculos.
1701 1979 1754 2024 et
1785 1965 2060 2039 per'phzin-

496 2044 740 2090 tasttcam
767 2037 957 2093 cellam
985 2037 1050 2090 ad
1092 2039 1384 2106 iugisticam
1432 2040 1619 2093 cellam
1652 2041 1861 2106 transit,
1894 2037 2060 2095 visus-

492 2121 596 2172 que
625 2106 871 2182 efﬁcitur.
922 2106 1046 2182 inde
1075 2110 1322 2182 estquod
1356 2111 1471 2165 visu
1519 2112 1712 2182 lignus
1760 2122 1815 2166 et
1844 2115 2060 2182 colores

492 2191 671 2230 rerum
719 2177 1097 2234 discernimus.
1146 2180 1309 2235 Stoici
1361 2189 1537 2236 tamen
1561 2177 1764 2237 'dicunt
1804 2181 2058 2236 visuztlem

489 2248 734 2322 spiritum
765 2263 937 2322 usque
957 2248 1023 2304 ad
1051 2265 1161 2305 rem
1199 2266 1304 2306 non
1345 2252 1623 2322 pervenire
1647 2293 1663 2318 ,
1708 2252 1802 2307 sed
1845 2255 2058 2308 oculum

493 2317 687 2392 figuras
717 2317 896 2392 rerum
923 2318 975 2372 in
1009 2334 1066 2374 se
1096 2317 1361 2392 recipere,
1381 2324 1447 2376 ad
1470 2337 1602 2392 quas
1629 2317 1946 2392 perveniens
1969 2322 2060 2379 ille

490 2389 1111 2461 radius,rsimiliterque
1155 2389 1510 2458 informatus,
1560 2389 1732 2449 visum
1784 2402 2056 2461 operatur.

489 2463 622 2514 Sunt
650 2460 739 2533 alii
765 2462 854 2530 qui
879 2462 1062 2516 dicunt
1083 2478 1254 2532 neque
1275 2464 1420 2517 illurn
1447 2479 1612 2533 usque
1637 2465 1701 2517 ad
1725 2460 2056 2520 obstaculum

491 2532 798 2611 pervenire,
831 2546 1003 2601 neque
1032 2534 1188 2611 oculo
1215 2532 1636 2611 infortnari,sed
1669 2536 1900 2611 medium
1929 2551 2056 2611 aera

489 2602 629 2654 inter
655 2602 922 2658 videntem
969 2612 1024 2656 et
1069 2604 1421 2668 obstaculmn,
1468 2607 1650 2661 formis
1693 2615 1747 2660 et
1787 2606 2058 2661 coloribus

489 2670 789 2738 informari,
805 2675 871 2726 ad
888 2689 1050 2745 quem
1074 2675 1255 2731 radius
1278 2676 1618 2745 perveniens,
1639 2677 2059 2745 informatueque

489 2753 765 2820 revertens
789 2785 804 2810 ,
851 2743 1033 2820 visum.
1065 2743 1358 2820 operatur.
1389 2746 1550 2802 Nobis
1590 2761 1716 2802 vero
1748 2748 1846 2820 illa
1887 2743 2060 2820 placet

489 2814 1206 2887 sententia,_quod_visualis
1236 2817 1449 2887 spiritus
1492 2831 1658 2886 usque
1695 2817 1761 2871 ad
1795 2814 1905 2874 rem
1938 2834 2057 2884 per-

490 2886 686 2958 veniat.
712 2884 874 2958 Cttjus
903 2885 980 2941 rei
1011 2887 1125 2941 haec
1154 2897 1236 2942 cst
1264 2884 1525 2954 probatio,
1549 2884 1617 2958 qu
1644 2889 1689 2942 -d
1720 2904 1784 2944 es
1817 2891 1931 2944 visu
1960 2891 2058 2957 lip-

491 2954 684 3019 pientis
710 2955 934 3026 alicujus
978 2971 1121 3025 sarpe
1158 2959 1399 3012 eamdem
1439 2954 1805 3016 contrahimus
1830 2954 2057 3014 infirmi-

492 3035 675 3079 tatem.
711 3029 775 3081 Et
804 3029 944 3082 unde
973 3028 1092 3093 hoc,
1125 3029 1224 3083 nisi
1255 3029 1394 3098 quod
1419 3030 1601 3086 visuali
1630 3032 1820 3099 spiritu
1850 3032 1915 3086 ad
1938 3045 2057 3086 cor-

491 3109 705 3165 ruptum
733 3099 944 3152 oculum
975 3101 1320 3168 perveniente
1344 3100 1725 3168 corrumpitur,
1757 3113 2058 3159 revertens-

490 3169 824 3241 queoculos
845 3171 1181 3241 corrumpit?
1227 3171 1478 3238 Ejusdem
1525 3173 1600 3227 rei
1649 3172 1891 3241 probatio
1938 3185 2053 3238 cst,

490 3239 632 3304 quod
662 3239 736 3293 sic
763 3239 1050 3309 contingit:
1083 3241 1216 3296 Cum
1259 3243 1501 3297 homines
1539 3239 2054 3303 sint’contrariarum

489 3309 940 3382 complexionum,
971 3311 1058 3365 alii
1084 3313 1230 3382 enim
1260 3325 1382 3367 sunt
1413 3313 1608 3382 frigidi,
1639 3314 1725 3368 alii
1755 3313 1936 3380 caluli,
1966 3315 2056 3371 alii

491 3376 717 3454 humidi,
746 3381 1014 3454 aliisiccl,
1043 3381 1260 3440 visualis
1301 3376 1520 3454 spirius
1558 3376 1624 3439 ab
1650 3385 1828 3454 aliquo
1852 3376 2057 3454 exiens,

489 3450 774 3522 qualitates
805 3453 946 3507 illius
981 3466 1161 3510 secum
1192 3450 1431 3518 trahens,
1459 3454 1683 3510 diffusus
1731 3450 1824 3522 per
1871 3450 2057 3512 faciem

489 3520 1128 3596 alterittscomplexiouis
1177 3527 1460 3581 contraria:
1486 3568 1500 3592 ,
1552 3527 1696 3580 illum
1733 3520 2058 3596 corrumpit.

488 3589 770 3672 Contraria
795 3589 1024 3672 namque
1051 3596 1330 3672 contrariis
1359 3589 1642 3651 laeduntur.
1660 3596 1783 3672 inde
1809 3608 1892 3653 est
1915 3589 2058 3667 quod

490 3663 678 3735 vetuit:
710 3663 968 3735 lingentes
996 3665 1208 3732 faciem,
1238 3680 1292 3724 et
1321 3677 1635 3735 esttuentes,
1665 3669 1756 3722 illo
1783 3663 2058 3735 curantur,

489 3731 628 3808 quod
657 3731 811 3808 enint'
821 3745 904 3792 est
924 3737 993 3792 ibi
1017 3731 1260 3796 nocivum
1289 3731 1544 3807 expuunt.
1567 3737 1634 3795 Ut
1649 3738 1808 3808 igitur
1822 3741 1962 3796 visus
1981 3731 2059 3796 ef;

490 3802 720 3876 ticiatur,
739 3804 837 3859 tria
864 3815 991 3862 sunt
1009 3811 1307 3869 necessaria
1325 3826 1340 3864 :
1362 3802 1586 3867 interior
1609 3802 1808 3876 radius,
1826 3812 2060 3866 exterior

488 3875 777 3950 splendor,
807 3877 1138 3934 obetaculum
1169 3880 1266 3934 rei.
1307 3880 1398 3935 llis
1428 3880 1584 3950 igitur
1619 3875 2058 3938 concurrentibus

487 3953 572 4018 est
599 3945 782 4010 visus;
821 3949 998 4018 aliquo
1025 3959 1199 4005 autem
1251 3945 1472 4005 istorum
1512 3951 1824 4016 deficiente,
1855 3953 2055 4008 deficit.

490 4014 853 4089 Visusautem
877 4014 1083 4086 species
1116 4020 1224 4074 sint
1255 4032 1398 4076 tres:
1439 4022 1663 4076 detuiaio
1685 4061 1701 4088 ,
1745 4014 2006 4079 cuntuitio
2035 4063 2053 4089 ,

488 4087 719 4142 tutuitio.
755 4089 819 4142 Et
846 4099 930 4144 est
956 4091 1166 4144 itttuitio
1190 4091 1402 4160 quando
1422 4092 1617 4160 aliquid
1651 4087 1889 4146 videmus
1914 4093 1965 4148 in
1989 4087 2057 4150 co

488 4170 806 4232 occurrente
831 4161 1149 4228 simulacro;
1175 4163 1269 4216 sed
1298 4162 1640 4217 ostendentes
1657 4162 1885 4232 qualiter
1913 4166 2056 4222 visus

491 4229 790 4306 llatadeea
830 4231 1237 4306 satis‘disinius.
1271 4232 1542 4288 Centuitio
1589 4229 1920 4306 est—quando
1958 4235 2056 4289 ali-

493 4299 922 4374 q_uid_videtnus,
966 4303 1016 4356 in
1054 4303 1206 4374 cujus
1247 4306 1529 4373 eupcrllcie
1567 4299 1780 4374 aliquod
1823 4307 2057 4362 occurrit

490 4369 855 4447 simulacrum.
897 4369 1139 4447 petultio"
1159 4381 1237 4428 cst
1264 4369 1476 4444 quando
1513 4388 1616 4429 non
1638 4369 1717 4447 in
1738 4375 2053 4447 superficie,

487 4437 664 4519 sedili
697 4438 957 4519 profundo
984 4453 1224 4513 apparet,
1251 4437 1313 4519 ut
1343 4448 1394 4500 in
1421 4460 1588 4519 aqua;
1617 4437 1917 4519 dicitur'que
1953 4437 2053 4503 de;

491 4509 679 4585 tuitio,
708 4513 858 4581 quasi
903 4509 1150 4585 deorsum
1192 4516 1364 4571 tuitio.
1416 4509 1600 4570 ltestat
1639 4529 1768 4585 ergo
1795 4509 1863 4578 de
1893 4517 2054 4573 intui-

2179 550 2343 604 simili
2373 548 2625 604 informat
2653 552 2845 615 forma,
2879 560 2933 605 et
2973 551 3057 604 illa
3093 553 3250 604 aliam
3272 591 3288 613 .
3318 548 3489 618 donec
3515 548 3770 610 all—sum

2179 621 2519 688 perveniatur
2547 621 2612 674 ad
2644 621 2859 674 modum
2889 622 3126 690 tympani
3154 621 3280 675 εἱεςί
3313 631 3360 675 et
3388 625 3605 677 concavi
3628 640 3643 687 ;
3669 627 3764 678 cui

2179 692 2447 745 resonanti
2501 692 2765 746 excitatur
2809 693 2898 745 ille
2948 692 3170 758 spiritus
3219 690 3501 756 animalis.
3549 695 3764 750 descen-

2174 760 2414 828 densque
2439 763 2502 815 ad
2535 778 2690 814 aurei
2725 777 2816 829 per
2840 762 3096 828 quosdam
3146 777 3340 816 nervos
3364 804 3380 825 ,
3424 764 3670 820 informat
3697 780 3761 820 se

2173 831 2332 886 simili
2361 833 2556 897 forma,
2593 835 2776 902 :h'cqite
2805 833 3119 888 intorsitatus
3149 834 3214 886 ad
3242 834 3534 901 logisticam
3561 835 3753 890 cellam

2176 915 2493 969 revertens,
2543 904 2781 956 auditum
2813 915 3085 971 operatur.
3135 905 3394 958 Similiter
3437 905 3524 956 alii
3567 920 3762 961 sensus

2176 974 2303 1030 linnt
2330 975 2518 1029 eodem
2558 973 2774 1027 animali
2818 974 3012 1041 spiritu
3041 975 3103 1028 ad
3137 977 3347 1028 illorum
3379 975 3762 1040 instrumenta,

2175 1057 2268 1110 per
2299 1059 2492 1100 nervos
2534 1060 2564 1097 a
2610 1045 2836 1100 cerebro
2863 1043 3246 1115 descendente.
3298 1043 3395 1100 llis
3434 1045 3618 1114 itaque
3647 1061 3760 1115 pcr-

2169 1118 2375 1183 ceptis.
2407 1117 2476 1171 de
2521 1117 2696 1170 anima
2737 1123 2790 1169 et
2831 1113 2952 1186 ejus
3003 1116 3286 1170 virtutibus
3315 1113 3763 1186 tempusest‘dis-

2171 1198 2373 1243 eerere.

2241 1259 2432 1312 Auitna
2478 1256 2826 1328 estrquidtm
2875 1259 3094 1327 spiritus
3142 1256 3460 1328 cotijztnctus
3503 1261 3758 1328 corpori,

2170 1326 2518 1397 itIOueitatem
2566 1326 2916 1382 (IlStfﬂt‘ltcmll
2955 1341 3010 1383 et
3065 1326 3394 1397 intelligendi
3447 1326 3754 1385 conferens.

2170 1396 2320 1463 Quod
2348 1400 2492 1453 enim
2523 1414 2589 1454 ex
2615 1403 2788 1452 animi
2817 1399 2882 1453 sit
2908 1398 3217 1453 discernere
3244 1396 3298 1452 et
3330 1398 3647 1469 intelligere,
3675 1400 3759 1455 sic

2170 1469 2449 1549 prolimir:
2484 1470 2633 1549 qmnl_
2666 1480 2942 1524 crescente
2981 1484 3116 1549 cura
3163 1471 3412 1536 corporis
3435 1509 3453 1534 ,
3501 1471 3752 1549 oriuntur

2169 1537 2275 1594 illa:
2300 1537 2519 1595 virtutes
2544 1557 2558 1604 ;
2601 1539 2946 1593 decre~ccnte
2979 1539 3068 1594 illa
3094 1549 3150 1593 et
3175 1551 3454 1596 crescente
3479 1554 3610 1596 cura
3639 1542 3762 1595 ani-

2169 1624 2289 1674 mm,
2320 1621 2569 1665 crescunt
2595 1610 2723 1663 illic.
2741 1610 2795 1664 Si
2819 1610 2960 1664 enim
2985 1626 3047 1665 es
3073 1621 3260 1664 natura
3286 1613 3528 1680 corporis
3548 1624 3754 1680 essetu,

2167 1690 2443 1735 crescente
2463 1695 2591 1734 cura
2615 1683 2853 1745 corporis
2874 1690 3200 1751 crescerent.
3229 1685 3580 1751 Augmeutata
3605 1696 3764 1738 natl-

2169 1763 2273 1819 que
2308 1767 2453 1815 cura,
2494 1760 2864 1820 augntentatur
2908 1750 3150 1804 etractus.
3201 1750 3395 1806 lterum
3422 1765 3550 1805 cunt
3575 1753 3756 1809 omnis

2167 1831 2411 1875 creatura
2441 1836 2698 1890 corporea
2747 1823 2826 1876 vel
2862 1822 3081 1890 spiritus
3106 1823 3194 1883 sit,
3225 1823 3554 1877 conveniens
3579 1823 3678 1879 fuit
3700 1835 3759 1881 ut

2167 1893 2324 1964 homo
2346 1907 2409 1946 ex
2437 1907 2662 1964 corpore
2686 1903 2738 1946 et
2758 1893 2945 1964 spiritu
2972 1901 3265 1964 constaret,
3298 1902 3354 1946 ut
3378 1907 3499 1964 cum
3523 1903 3758 1964 utroque

2163 1960 2394 2030 aliquam
2441 1961 2752 2017 affinitatem
2797 1963 3040 2017 haberet.
3091 1962 3261 2018 llabet
3300 1963 3444 2017 enim
3473 1978 3595 2018 cum
3624 1960 3752 2020 cor-

2165 2038 2379 2096 poribus
2419 2035 2519 2086 vita
2546 2033 2870 2096 carentibus,
2889 2049 3174 2088 comm-tne
3192 2038 3450 2097 existere,
3473 2049 3592 2088 cuin
3621 2037 3751 2090 her-

2171 2102 2251 2157 bis
2283 2114 2335 2157 et
2364 2104 2643 2158 arboribus
2674 2106 2853 2159 vivere
2874 2146 2886 2164 .
2920 2119 3041 2158 cum
3071 2105 3240 2159 brutis
3273 2105 3595 2159 animalibus
3623 2121 3754 2162 sen-

2166 2173 2266 2246 tire
2292 2213 2306 2238 ,
2357 2173 2802 2246 cum_spiritibus
2846 2175 3176 2230 discernere.
3212 2175 3340 2229 lude
3382 2183 3463 2229 est
3506 2178 3646 2246 quod
3688 2176 3748 2232 in

2161 2242 2340 2298 divina
2386 2242 2574 2316 pagina
2623 2245 2819 2300 dicitur
2867 2247 3027 2299 homo
3075 2247 3249 2300 omits
3293 2242 3557 2300 creaturi.
3607 2245 3684 2301 Cu
3710 2265 3743 2300 ιι

2165 2327 2296 2384 ergo
2321 2332 2384 2370 ex
2419 2330 2645 2385 corpore
2670 2327 2722 2371 et
2753 2316 2929 2370 anima
2958 2328 3169 2370 constet
3211 2317 3371 2371 homo
3391 2359 3405 2380 ,
3437 2318 3752 2374 dominante

2163 2393 2338 2440 tamen
2369 2388 2567 2447 anima,
2593 2386 2645 2440 itt
2679 2402 2779 2457 qui
2810 2387 3012 2456 quippe
3041 2389 3236 2442 similis
3262 2398 3342 2441 est
3365 2387 3633 2453 Creatori,
3664 2391 3753 2444 in-

2159 2457 2486 2512 conveniens
2533 2470 2677 2512 esset
2733 2458 2778 2511 si
2830 2457 3060 2512 hominis
3106 2473 3300 2526 corpus
3342 2474 3468 2512 suas
3523 2459 3752 2515 haberet

2159 2532 2420 2603 actiones,
2439 2531 2612 2582 anima
2637 2543 2765 2603 vero
2782 2545 2909 2582 non.
2928 2528 3038 2603 Sed
3060 2531 3203 2603 dicet
3219 2528 3408 2603 aliquis
3425 2545 3441 2583 :
3465 2529 3753 2603 Quomodo

2160 2596 2462 2654 disc.:rnam
2493 2613 2611 2668 quin
2651 2600 2893 2654 actiones
2927 2599 2978 2653 itt
3011 2599 3227 2653 homine
3254 2596 3751 2669 debeant'judicari

2158 2673 2370 2733 animae,
2402 2686 2520 2737 qn-e
2547 2670 2801 2737 corpori?
2835 2669 3071 2724 Dicimus
3119 2670 3261 2739 quid
3311 2668 3418 2724 illic.
3465 2668 3706 2728 actiones
3727 2715 3747 2738 ,

2158 2753 2283 2808 qua:
2310 2751 2436 2794 sunt
2465 2754 2779 2796 communes
2811 2740 3013 2795 homini
3041 2756 3159 2795 cum
3191 2741 3346 2795 bruto
3391 2742 3628 2807 animali,
3663 2746 3752 2800 vei

2163 2825 2291 2879 ωιτν
2316 2813 2478 2866 tribus
2501 2811 2607 2865 vita
2628 2813 2963 2879 Carentibus,
2983 2813 3081 2866 etsi
3117 2811 3232 2866 illas
3255 2812 3310 2866 in
3331 2813 3547 2868 homine
3564 2813 3754 2869 anima

2158 2893 2427 2955 cperctur,
2461 2896 2564 2955 non
2595 2883 2794 2955 debent
2814 2884 2922 2955 dici
2945 2883 3160 2949 animm,
3191 2882 3282 2936 sed
3311 2885 3588 2955 corporis;
3621 2900 3751 2955 quas

2161 2967 2292 3004 Vero
2321 2954 2665 3008 inveniuntur
2697 2953 2748 3006 in
2781 2953 3019 3016 homine,
3054 2967 3106 3010 et
3136 2956 3189 3007 iu
3213 2953 3362 3008 nullo
3388 2956 3496 3009 alio
3517 2953 3755 3024 Corpore

2158 3037 2279 3077 esse
2310 3032 2551 3092 possunt,
2580 3025 2774 3078 animas
2803 3035 2949 3078 sunt.
2979 3025 3292 3079 DiSCcrttere
3319 3039 3449 3093 ergo
3471 3035 3526 3082 et
3549 3027 3750 3083 intefli-

2162 3106 2329 3167 gere,
2347 3096 2540 3167 anima}
2565 3104 2678 3160 est;
2710 3097 2914 3167 sentire
2945 3109 3070 3150 vero
3093 3137 3108 3160 ,
3137 3105 3190 3167 et
3219 3096 3414 3150 sunilta
3437 3136 3451 3159 ,
3476 3099 3746 3167 corporis.

2169 3164 2272 3220 Sed
2300 3165 2441 3219 dicet
2471 3164 2664 3232 aliquis
2690 3185 2700 3217 :
2729 3166 2782 3221 St
2815 3167 3059 3220 actiones
3098 3166 3290 3220 anima:
3320 3181 3424 3221 nou
3451 3164 3609 3234 sunt,
3639 3169 3768 3226 (Ιο-Δ

2166 3239 2360 3291 buntnc
2407 3236 2515 3310 dici
2542 3237 2622 3310 vel
2671 3239 2893 3294 virtutes
2928 3239 3015 3310 vel
3049 3237 3172 3291 vitia
3219 3237 3449 3302 auiam,
3480 3249 3536 3293 et
3578 3255 3749 3310 quare

2166 3317 2382 3374 propter
2413 3307 2500 3361 illa
2543 3307 2829 3361 damnatur
2857 3307 2939 3364 vel
2984 3318 3356 3363 remuneratur
3383 3311 3560 3366 anima
3578 3307 3746 3368 fNoe

2163 3392 2292 3432 vero
2313 3377 2578 3450 dicimus:
2606 3377 2715 3450 Eisi
2745 3379 2889 3450 illius,
2906 3395 3010 3432 non
3031 3388 3167 3450 sunt
3196 3379 3456 3444 actiones,
3482 3381 3600 3450 ejus
3628 3396 3750 3449 pos-

2162 3457 2286 3502 sunt
2315 3463 2434 3503 esse
2459 3449 2607 3505 vitia.
2634 3447 2766 3502 Cum
2808 3449 2952 3508 enim
2979 3448 3043 3502 ad
3077 3451 3180 3504 hoc
3210 3449 3280 3504 sit
3309 3447 3524 3504 homini
3565 3447 3746 3507 anima

2162 3519 2282 3572 data
2316 3529 2374 3573 ut
2409 3519 2624 3574 illicitos
2660 3529 2841 3574 motus
2872 3519 3113 3588 corporis
3139 3520 3410 3589 corrigat,
3445 3522 3748 3590 ignorantia

2162 3591 2243 3642 vel
2282 3590 3074 3662 negligentiaejuscontingit.
3101 3589 3254 3646 Sicut
3281 3606 3412 3662 ergo
3453 3589 3749 3662 discipulus

2162 3663 2242 3714 vcl
2274 3675 2464 3734 servus
2493 3661 2816 3734 negligentia
2860 3661 3098 3734 doctoris
3138 3663 3226 3715 vel
3271 3661 3474 3717 dofnini
3522 3675 3747 3734 peccet,

2162 3732 2416 3800 magister
2454 3739 2510 3787 et
2556 3733 2806 3786 dominus
2836 3742 2988 3786 extra
3017 3732 3227 3799 culpam
3262 3747 3368 3786 non
3399 3731 3616 3800 est;'sic
3642 3731 3747 3792 nec

2159 3805 2336 3856 anima
2370 3802 2476 3857 illis
2502 3804 2938 3870 contingentibus
2963 3815 3069 3856 non
3091 3813 3173 3858 est
3192 3812 3344 3857 extra
3371 3805 3607 3873 culpam,
3636 3807 3746 3862 etsi

2162 3874 2308 3927 illius
2335 3877 2577 3928 actiones
2602 3889 2709 3928 non
2736 3875 2865 3929 sint.
2897 3875 3028 3929 Cum
3073 3873 3234 3944 igitur
3265 3875 3426 3929 homo
3467 3890 3532 3929 es
3562 3875 3744 3932 anima

2160 3955 2215 4000 et
2243 3959 2474 4012 corpore
2503 3953 2733 4007 constet,
2760 3947 3020 4014 quzeritur
3043 3959 3109 3999 an
3133 3945 3201 3999 sit
3229 3946 3470 4015 apposita
3499 3948 3736 4015 corpori,

2159 4030 2226 4096 an
2253 4025 2530 4098 concreta,
2559 4030 2627 4069 an
2656 4017 2966 4098 commixta,
2995 4032 3063 4098 an
3087 4015 3394 4098 conjuncta.
3421 4014 3522 4073 Uni
3542 4014 3751 4098 quippe

2162 4085 2383 4140 istorum
2415 4086 2614 4152 insunt,
2644 4102 2764 4155 qua:
2795 4091 2974 4156 insunt
3001 4088 3053 4141 in
3073 4087 3303 4155 alicujus,
3324 4085 3740 4156 compositione.

2160 4158 2416 4225 Apposita
2446 4171 2552 4210 non
2582 4153 2700 4227 est,
2734 4153 2858 4226 quia
2894 4165 3020 4212 tunc
3049 4169 3199 4212 extra
3215 4153 3423 4227 corpus
3451 4153 3627 4215 anima
3653 4175 3745 4215 es.

2156 4237 2260 4313 set.
2289 4241 2386 4313 nec
2415 4226 2689 4313 aequaliter
2710 4227 3126 4313 illudutoveret.
3148 4226 3490 4313 Omneenim
3518 4232 3740 4313 apposi-

2161 4306 2272 4371 tum
2302 4306 2452 4371 extra
2481 4296 2612 4371 illud
2643 4307 2742 4371 est»
2772 4299 2857 4353 cui
2909 4308 2994 4354 est
3042 4303 3380 4371 appositum,
3409 4310 3465 4355 et
3508 4296 3742 4371 majores

2159 4369 2299 4446 vires
2324 4369 2486 4423 habet
2512 4369 2568 4423 itt
2597 4369 2883 4438 proximo,
2931 4378 2990 4424 ut
3040 4369 3176 4440 ignis
3225 4369 3386 4446 alicui
3435 4369 3738 4446 appositus.

2157 4437 2419 4495 Concreto
2471 4437 2705 4494 nonest
2733 4457 2746 4492 :
2778 4437 3088 4495 concretum
3134 4450 3218 4496 est
3269 4441 3324 4495 id
3371 4437 3515 4511 quod
3542 4456 3609 4498 es
3637 4458 3736 4502 sua

2157 4512 2454 4585 substantia
2478 4511 2667 4585 transit
2691 4512 2740 4585 in
2763 4511 2983 4585 alterius
2999 4511 3376 4585 substantiam,
3403 4525 3458 4568 ut
3479 4529 3617 4583 aqua
3639 4530 3740 4585 per

492 4579 637 4636 tione
663 4579 815 4657 etde
842 4584 1064 4657 mitione
1101 4585 1312 4657 dicere,
1360 4601 1584 4656 quarum
1607 4579 1729 4657 quia
1759 4587 1946 4643 eadem
1973 4597 2058 4644 est
2084 4581 2138 4642 D
2159 4582 2524 4657 ebullitioue‘tn
2554 4580 2824 4657 insident.
2851 4581 2988 4637 Cum
3015 4595 3145 4657 ergo
3166 4584 3347 4638 anima
3369 4579 3740 4657 uotrtranseat

487 4665 671 4726 causa,
699 4654 766 4707 de
786 4655 1067 4726 intuitione
1093 4654 1445 4724 disputemus,
1468 4666 1527 4712 ut
1550 4654 1690 4726 quod
1710 4657 1778 4715 de
1797 4672 1861 4714 ea
1882 4668 2057 4714 osten-

489 4723 742 4799 derimus,
767 4723 834 4799 de
863 4727 1084 4799 tuitionc
1100 4723 1456 4799 intelligatur.
1479 4723 1619 4799 Cum
1649 4727 1812 4799 igitur
1838 4730 2059 4792 visualis

490 4794 804 4869 spiritusad
833 4795 1031 4869 aliquid
1062 4794 1349 4869 videndum
1387 4794 1764 4869 dirigiturfex
1801 4798 2058 4857 labilitate

491 4867 596 4920 huc
623 4873 678 4939 et
698 4866 1154 4939 illucimpellitur,
1181 4866 1604 4939 informatusque
1626 4869 1809 4924 formis
1828 4870 2056 4934 circum-

490 4937 768 5012 stantium,
797 4937 842 4992 si
862 4941 932 5012 ad
969 4938 1164 5012 aliquid
1209 4941 1495 5012 obscurum
1520 4937 1850 5012 pervenerit,
1881 4958 1948 4997 ex
1975 4946 2057 4999 sui

490 5007 784 5084 subtilitate
820 5008 990 5084 videri
1017 5007 1144 5084 non
1193 5017 1386 5084 potest.
1419 5009 1476 5066 Si
1507 5007 1684 5065 autem
1729 5011 1797 5065 ad
1842 5007 2057 5084 aliquod

491 5078 762 5152 radiosurn
789 5082 910 5152 ,‘es
948 5079 1234 5152 splendore
1276 5081 1418 5136 illius
1451 5090 1692 5152 apparet.
1741 5078 2060 5144 Aristoteles

491 5160 619 5220 vero
644 5148 777 5205 dixit
805 5148 1007 5205 nullum
1038 5151 1108 5206 ibi
1137 5165 1393 5220 apparere
1430 5148 1796 5215 simulacrum,
1839 5154 1934 5209 sed
1966 5157 2058 5210 bo-

493 5215 690 5293 miuem
718 5235 778 5293 se
805 5229 858 5293 et
887 5215 1184 5293 posteriora
1207 5215 1386 5293 videre
1413 5225 1501 5277 tali
1533 5224 1727 5277 modo:
1767 5224 1896 5279 Cum
1930 5241 2059 5293 prae-

494 5287 917 5363 dictusspiritus
942 5292 1154 5363 aliquod
1184 5292 1453 5349 radiosum
1486 5293 1720 5348 offendat
1745 5334 1759 5360 ,
1804 5287 1966 5351 radiis
1996 5297 2068 5351 ilo’

494 5357 596 5433 lius
626 5357 786 5433 elisus
812 5357 1207 5432 repercu'titur,
1257 5379 1608 5433 reversusque
1642 5365 1710 5420 ad
1746 5357 1938 5422 faciem
1981 5368 2059 5428 vi-

493 5426 692 5504 dentis,
737 5426 910 5504 ipsum
949 5443 1005 5487 et
1041 5426 1332 5503 posteriora
1377 5426 1619 5504 percipit.
1649 5435 1754 5491 Sed
1796 5438 1918 5503 quia
1947 5426 2060 5499 nie-

495 5499 678 5554 diattte
701 5501 919 5578 speculo
947 5499 1353 5578 hoc—contingit,
1378 5499 1588 5561 videtur
1626 5507 1728 5562 hoc
1759 5499 2060 5578 itis-poculo

496 5585 779 5643 apparere.
805 5569 940 5643 Sunt
977 5573 1067 5643 qui
1113 5569 1298 5630 dicun't
1339 5569 1466 5631 aera
1507 5578 1646 5632 inter
1691 5569 1962 5633 hominem
2005 5591 2061 5638 et

493 5640 1028 5720 speculumdiversis
1071 5647 1254 5701 formis
1297 5647 1606 5720 insignitum
1650 5656 1704 5702 et
1744 5650 2055 5714 coloribus.

496 5712 636 5768 unde
663 5712 926 5788 sialiquid
947 5725 1264 5788 otzponatur,
1288 5712 1625 5785 splendidum
1649 5731 1922 5788 appareat,
1947 5712 2060 5776 sive

496 5785 783 5851 contrario,
811 5801 937 5839 non.
967 5787 1230 5852 Contingit
1251 5801 1424 5841 autem
1446 5790 1525 5843 sic
1551 5785 1789 5844 auditus:
1815 5791 1945 5844 Cum
1969 5807 2061 5852 aer

499 5856 826 5912 naturalibus
857 5855 1225 5912 instrumentis
1244 5871 1526 5928 percussus
1553 5863 1775 5916 fortnam
1806 5862 1951 5920 vocis
1973 5877 2035 5919 ac

2161 4653 2218 4707 in
2267 4652 2510 4724 corporis
2556 4651 2946 4724 substantiam,
2980 4651 3328 4721 sed’seuiper
3369 4653 3588 4724 spiritus
3634 4656 3738 4724 sit,

2161 4735 2411 4780 concreta
2438 4722 2507 4777 illi
2539 4738 2645 4777 non
2675 4732 2780 4778 est.
2810 4723 3110 4778 Commixta
3141 4739 3247 4778 non
3277 4735 3359 4780 est
3386 4722 3502 4782 illi:
3532 4722 3738 4783 nullum

2159 4794 2304 4854 enim
2323 4793 2730 4849 commistorum
2754 4809 2875 4849 esse
2895 4809 3050 4866 suum
3082 4795 3296 4860 retinet,
3325 4811 3430 4850 non
3451 4806 3577 4851 sunt
3603 4812 3737 4866 ergo

2159 4867 2448 4922 commixta
2488 4877 2681 4936 corpus
2727 4875 2783 4920 et
2825 4863 3023 4920 anima.
3059 4866 3199 4934 Ergo
3243 4875 3369 4920 sunt
3409 4863 3734 4936 conjuncta,

2161 4938 2253 4993 sed
2285 4936 2359 4994 ita
2386 4935 2529 5007 quod
2563 4945 2671 4990 tota
2703 4937 2882 4991 anima
2915 4939 2966 4990 iti
2994 4939 3246 4992 omnibus
3289 4935 3532 5004 corporis
3563 4941 3742 5006 parti-

2159 5008 2260 5064 bus
2283 5018 2366 5062 est
2392 5022 2514 5063 esse
2540 5022 2695 5062 suum
2729 5007 2984 5074 retinens,
3019 5017 3128 5061 tota
3152 5018 3207 5063 et
3237 5008 3462 5077 integra.
3489 5008 3584 5064 llic
3610 5015 3739 5064 sub-

2153 5077 2381 5150 jicient:
2413 5078 2472 5134 Si
2502 5077 2556 5136 in
2601 5079 2852 5150 omnibus
2897 5081 3137 5148 partibus
3179 5087 3288 5134 tota
3330 5091 3447 5145 est,
3495 5081 3736 5136 abscissa

2161 5149 2265 5204 una
2298 5161 2446 5218 parte
2472 5149 2733 5218 corporis,
2763 5151 2941 5206 ablata
2971 5158 3057 5210 est
3084 5157 3192 5204 tota
3215 5150 3391 5206 animi
3423 5165 3453 5204 a
3479 5165 3734 5218 corpore.

2159 5219 2266 5274 Nos
2297 5236 2423 5277 vero
2450 5220 2671 5291 dicimu.
2725 5225 2962 5274 animam
2999 5235 3103 5274 non
3129 5234 3252 5274 esse
3280 5220 3331 5273 in
3361 5220 3538 5291 aliqua
3582 5232 3736 5291 parte

2161 5295 2422 5361 corporis,
2455 5289 2555 5346 uisi
2581 5291 2708 5345 dum
2732 5300 2816 5345 est
2833 5296 3116 5359 conjuncta
3140 5291 3355 5358 corpori
3375 5289 3566 5357 idoneo
3585 5289 3736 5350 vita.

2159 5363 2417 5436 separata
2446 5363 2606 5436 igitur
2626 5377 2656 5415 a
2682 5361 2928 5429 corporis
2959 5373 3139 5429 parte,
3173 5374 3415 5436 remanet
3454 5365 3632 5428 anima
3676 5367 3732 5436 in

2158 5432 2278 5489 aliis
2304 5434 2538 5510 partibus
2567 5432 2619 5486 in
2649 5438 2841 5502 quibus
2867 5441 2993 5510 ante
3015 5445 3122 5487 tora
3146 5441 3280 5488 erat.
3311 5434 3506 5490 lterum
3527 5434 3726 5510 queri-

2161 5512 2244 5558 tur
2272 5519 2338 5558 an
2370 5504 2545 5558 anima
2576 5513 2631 5556 et
2657 5518 2853 5572 corpus
2899 5508 3005 5558 sint
3038 5519 3100 5558 es
3132 5518 3200 5556 eo
3221 5520 3359 5571 tem,
3389 5519 3455 5560 an
3499 5504 3568 5562 es
3605 5508 3734 5564 alio.

2160 5574 2268 5638 Nos
2294 5590 2420 5646 vero
2463 5575 2693 5646 dicimus
2737 5573 2959 5646 nullam
2981 5589 3102 5629 esse
3141 5575 3284 5646 illius
3312 5590 3567 5646 causam,
3599 5593 3738 5646 βω.

2161 5655 2241 5701 ter
2279 5645 2450 5701 solum
2479 5645 2788 5701 Creatorem
2810 5685 2827 5712 ,
2874 5645 2964 5715 qui
3012 5644 3262 5699 omnibus
3291 5645 3386 5701 dat
3413 5661 3559 5704 esse.
3584 5644 3738 5710 [inde

2163 5717 2347 5783 l’lato,
2396 5719 2638 5771 omnium
2691 5718 3129 5786 ptt.losopliorutu
3176 5716 3554 5786 doctissimus,
3603 5721 3737 5779 dicit

2163 5788 2328 5844 Deum
2355 5797 2654 5843 creatorem
2679 5787 2847 5858 Stellis
2876 5785 2911 5840 a'
2936 5800 2995 5840 se
3023 5785 3215 5842 creatis
3237 5797 3287 5841 ct
3308 5789 3584 5858 spiritibus
3605 5807 3736 5848 cata-

2164 5874 2276 5916 sam
2321 5859 2584 5916 formandi
2638 5857 2903 5916 hominem
2954 5858 3223 5931 injecissc,
3258 5857 3429 5931 ips-tut
3461 5877 3588 5919 vero
3613 5861 3739 5925 aut;
