4162 6212
380 406 518 476 ιιπ

1343 403 1857 463 ειειιειιτοιιυιι
1899 399 2380 459 Ριιιιοεοριιιίε
2420 399 2552 456 LIB.
2596 399 2677 457 ιγ.

3519 399 3656 456 1178

382 551 521 597 mam
553 533 747 590 fecisse
770 540 824 588 et
845 530 920 586 tllt
950 527 1232 585 tradidisse
1259 548 1274 582 ;
1304 527 1425 597 quia
1459 525 1758 582 ministerio
1791 521 1951 593 spiri-
1985 521 2030 583 Α
2057 519 2360 597 dissolutio.
2393 517 2508 597 Non
2549 519 2705 597 enim,
2735 515 3005 597 exstincto
3043 518 3268 597 naturali
3299 516 3497 597 calore
3553 520 3652 576 diu

381 623 548 670 tuum,
577 614 633 660 et
657 603 851 676 eﬂ'ectu
886 603 1158 676 stellarum
1190 600 1418 676 humana
1459 613 1682 676 corpora
1709 597 1956 676 existunt

384 690 438 738 et
460 668 732 742 crescunt,
762 674 855 730 sed
887 671 1002 748 sola
1033 673 1304 748 voluntate
1335 669 1609 748 tlrcatoris
1637 668 1812 721 anima
1836 668 1956 748 eti-7

386 753 496 810 siit.
525 741 725 804 lterum
751 745 1008 815 quaeritur
1028 743 1303 815 ananima
1339 741 1570 815 humana
1612 741 1959 815 ante_ex‘istat

384 809 542 887 quam
568 809 796 884 corpus,
841 813 1156 887 ecquando
1202 813 1273 887 illi
1314 813 1689 887 conjnugutnr.
1722 809 1960 887 Dicimus

389 881 531 949 illam
564 881 819 941 non'ante
847 881 1100 946 existere,
1130 881 1268 950 quod
1296 883 1504 950 probari
1538 889 1718 948 potest
1747 881 1958 950 ratione

388 974 444 1017 et
471 958 810 1014 auctoritate.
836 955 890 1009 Si
919 956 1062 1009 enim
1094 949 1216 1007 ante
1241 949 1404 1013 esset,
1439 952 1516 1007 κει
1550 953 1599 1004 in
1633 953 1844 1004 miseria
1875 949 1959 1006 vel

391 1033 443 1088 iu
467 1028 792 1086 beatitudine
815 1034 975 1087 esset,
1004 1026 1150 1079 nullo
1171 1022 1504 1094 praecedente
1535 1022 1746 1094 metito.
1765 1024 1960 1094 Aucto-

391 1105 549 1155 ritate
574 1099 713 1154 beati
745 1096 1018 1166 Augustini
1048 1099 1148 1150 hoc
1173 1092 1451 1162 probatur,
1484 1093 1573 1160 qui
1603 1092 1736 1146 dicit
1769 1110 1782 1144 :
1814 1093 1961 1166 Quo-

393 1171 524 1227 tidie
552 1181 696 1224 creat
728 1163 868 1224 Deu's
898 1180 1064 1222 novas
1092 1167 1320 1231 animas,
1347 1174 1556 1233 tempus
1583 1179 1708 1218 vero
1734 1163 1959 1230 conjun-

392 1244 586 1308 ctionis
614 1241 754 1294 illius
793 1252 916 1294 cum
957 1251 1183 1308 corpore
1223 1252 1254 1289 a
1304 1236 1449 1308 nullo
1489 1233 1760 1288 delinitur.
1801 1233 1965 1308 Nobis

394 1303 573 1368 tamen
607 1322 724 1380 post
761 1303 1125 1376 operationem
1145 1306 1469 1380 turmatim;
1495 1314 1573 1380 et_
1598 1303 1962 1360 concava'iva:

394 1377 619 1439 virtutis
634 1381 879 1436 videtur:
913 1387 1041 1433 tunc
1088 1394 1192 1432 nou
1240 1377 1502 1431 naturalis
1529 1377 1697 1432 virtus
1727 1392 1820 1445 per
1847 1392 1962 1430 tmt-

396 1453 545 1510 bram
569 1461 745 1522 potest
761 1449 1341 1522 discurrere,sine_qua
1362 1448 1467 1501 vita
1493 1456 1794 1522 nospotest
1818 1462 1962 1511 esse,

395 1540 498 1583 nec
526 1518 704 1578 anima
753 1522 806 1576 in
849 1533 1100 1588 corpore.
1130 1520 1294 1588 llujus
1341 1529 1520 1572 autem
1567 1518 1793 1572 diversas
1840 1526 1966 1572 sunt

471 1594 681 1658 lentiae;
706 1593 1078 1662 intelligentia,
1109 1591 1267 1662 ratio,
1295 1588 1572 1662 memoria.
1607 1589 1674 1643 Et
1700 1599 1783 1662 est
1811 1589 1966 1644 intel-

471 1609 681 1658 tenttte;
706 1609 1078 1662 tntetngentta,
1109 1609 1267 1655 ratio,
1295 1609 1572 1643 memoria.
1607 1609 1674 1643 ct
1700 1609 1783 1643 est
1811 1609 1963 1644 tutet-

397 1609 610 1736 [igentia
641 1664 721 1736 vis
741 1661 934 1718 animm
961 1676 1071 1736 qua,
1088 1661 1308 1736 percipit
1337 1660 1497 1736 homo
1525 1661 1820 1729 corporalia
1842 1675 1963 1736 cum

398 1731 543 1791 certa
573 1735 780 1790 ratione
801 1773 820 1800 ,
861 1731 1028 1802 quare
1059 1733 1130 1786 ita
1157 1731 1255 1798 sit;
1289 1733 1578 1802 ratiovero
1607 1741 1689 1785 est
1721 1732 1964 1802 quaedam

399 1808 482 1864 vis
501 1806 718 1871 anima,
747 1818 850 1874 qua
882 1801 1104 1871 percipit
1130 1803 1289 1857 homo
1317 1801 1442 1874 quid
1473 1801 1544 1854 sit
1572 1816 1680 1866 res,
1698 1814 1752 1857 et
1782 1804 1833 1856 in
1857 1816 1965 1871 quo

399 1877 683 1933 conveniat
705 1871 826 1948 cum
850 1875 990 1935 aliis,
1011 1884 1073 1948 et
1088 1877 1138 1927 ιιι
1160 1887 1267 1948 quo
1288 1871 1527 1937 dill'erat;
1554 1875 1810 1948 memoria
1839 1889 1965 1948 vero
2005 1886 2046 1948 Β

401 1957 485 2003 est
513 1949 616 2010 vis,
643 1960 749 2016 qua
778 1945 930 2016 lirnie
973 1944 1169 2002 retinet
1214 1944 1376 1998 homo
1423 1952 1550 2000 ante
1596 1947 1827 2016 cognita.
1860 1943 1966 1998 Sed

400 2014 684 2088 qumritur,
713 2031 833 2072 cum
877 2014 990 2070 istm
1014 2017 1122 2088 sint
1153 2017 1506 2088 praprie‘tates
1540 2015 1974 2088 animamquare

403 2084 597 2158 infans,
627 2087 678 2142 itt
708 2102 814 2158 quo
841 2097 924 2158 est
946 2086 1124 2141 anima
1149 2128 1165 2158 ,ί
1191 2101 1296 2158 non
1321 2084 1618 2158 discernit,
1635 2095 1740 2158 etc.
1768 2086 1846 2140 Ad
1873 2087 1974 2141 hoc

400 2157 628 2214 dicimus
652 2156 792 2226 quod
821 2157 998 2211 anima
1024 2156 1257 2211 hominis
1276 2170 1306 2210 a
1328 2157 1585 2210 CreatOt-e
1607 2156 1807 2210 habens
1831 2173 1978 2225 prm-

405 2230 600 2297 cipium
628 2271 643 2295 ,
674 2243 739 2283 ex
769 2243 874 2297 quo
904 2237 986 2283 est
1033 2230 1266 2296 perlecta
1313 2226 1368 2281 in
1412 2242 1510 2298 suo
1539 2242 1735 2298 go-nere
1759 2271 1774 2291 ,
1813 2229 1978 2282 sciret

401 2313 520 2368 qua:
548 2301 616 2355 ab
647 2300 861 2354 homine
905 2298 1031 2352 Scit-i
1072 2306 1335 2367 possunt,
1384 2297 1483 2351 nisi
1525 2297 1761 2365 gravitas
1799 2303 1977 2354 carnis

398 2379 565 2434 esset,
595 2371 734 2440 quod
769 2383 864 2439 per
907 2369 1136 2438 primum
1169 2370 1443 2440 hominem
1485 2369 1574 2436 qui
1619 2379 1744 2423 ante
1787 2384 1976 2423 curru.

401 2438 636 2512 ptionem
668 2438 1036 2504 immanitatis,
1068 2455 1132 2494 ex
1165 2454 1270 2512 quo
1311 2438 1438 2503 fuit,
1471 2442 1771 2512 perlectam
1795 2441 1980 2494 habuit

399 2509 676 2568 scientiam
705 2513 1014 2574 humanam,
1049 2509 1264 2579 probari
1297 2519 1494 2577 potest.
1517 2511 1622 2566 Sed
1654 2511 1814 2564 modo
1857 2528 1982 2565 cor-

400 2595 554 2653 rupta
608 2582 972 2646 humanitate,
1018 2596 1085 2635 ει
1139 2595 1245 2650 quo
1295 2580 1635 2650 conjungitur
1683 2594 1977 2649 corrupto,

399 2653 761 2724 corrumpitur
787 2671 799 2706 :
833 2667 933 2724 nec
963 2654 1316 2724 pr0prietzttes
1343 2665 1469 2724 suas
1495 2662 1669 2719 potest
1697 2667 1978 2718 exercere,

398 2726 569 2780 donec
589 2722 713 2779 usus
730 2723 1085 2792 experientia,
1106 2722 1189 2777 vel
1211 2722 1433 2791 alicujus
1455 2724 1696 2792 doc-riuo
1722 2724 1977 2788 excitata,

399 2791 966 2864 locipitdiscernere,
1016 2795 1162 2847 velut
1217 2808 1338 2864 cum
1387 2791 1578 2858 aliquis
1626 2793 1809 2848 subtili
1865 2797 1980 2850 acie

399 2863 698 2932 oculorum,
731 2866 1019 2920 tenebroso
1038 2863 1242 2918 carceri
1260 2865 1570 2932 deputatur,
1591 2865 1772 2919 videre
1798 2875 1978 2921 tamen

400 2950 507 2990 non
538 2945 714 3006 potest
743 2935 846 2990 nisi
874 2945 1149 2989 assuescat
1172 2934 1434 2996 tenebris.
1464 2937 1544 2990 vel
1577 2935 1758 2991 lumen
1785 2951 1980 2992 accen-

398 3005 577 3063 datur.
609 3007 760 3064 Unde
793 3005 1039 3078 Virgilius
1066 3023 1080 3060 :

514 3109 832 3180 '...Quantum
854 3130 941 3167 nos
961 3119 1109 3169 noxia
1133 3129 1336 3181 corpora
1363 3120 1570 3169 tardant.

398 3201 456 3258 lit
487 3201 655 3272 prima
688 3216 818 3256 vero
847 3213 1004 3257 atate
1029 3217 1129 3258 nec
1161 3203 1435 3272 praecessit
1458 3217 1584 3258 usus
1607 3206 1968 3273 experientia,

397 3287 499 3329 nec
525 3281 611 3328 est
636 3283 844 3342 tempus
871 3273 1127 3328 doctrina:
1154 3274 1504 3329 conveniens.
1536 3274 1669 3330 Cum
1703 3277 1847 3332 enim
1883 3278 1974 3332 illa

397 3351 528 3399 actas
550 3344 720 3399 calida
751 3344 820 3397 sit
845 3353 900 3400 et
929 3343 1146 3398 humida
1179 3353 1420 3411 tantum,
1449 3345 1630 3401 statim
1670 3346 1848 3403 cibum
1890 3351 1974 3404 di-

397 3418 614 3489 geritAet
637 3416 841 3489 appetit
867 3433 892 3489 :_
917 3414 1056 3470 unde
1108 3413 1371 3489 frequenti
1427 3418 1719 3474 inllutione
1771 3422 1975 3488 indiget

399 3484 455 3558 et
475 3484 789 3550 emusimte,
813 3485 1125 3558 spissusque
1146 3484 1321 3542 {uiuus
1341 3499 1647 3558 generatur,
1671 3491 1756 3558 qui
1781 3484 1970 3546 ascen-

398 3555 534 3610 dens
564 3555 862 3619 cerebrum,
893 3556 944 3610 itt
974 3555 1078 3627 quo
1100 3567 1182 3614 est
1213 3560 1292 3614 vis
1311 3555 1651 3614 discernendi
1674 3555 1733 3614 et
1765 3562 1969 3617 intelli-

398 3627 580 3696 gendi,
599 3629 979 3700 turbatallaoc
1007 3637 1218 3684 atatem
1262 3630 1502 3700 sequitur
1524 3628 1778 3698 juventus
1803 3672 1819 3696 ,
1851 3651 1971 3700 quin

401 3705 488 3753 est
510 3699 680 3753 calida
707 3709 761 3754 et
784 3698 944 3755 sicca.
977 3700 1284 3757 Desiccatus
1308 3698 1391 3756 eSt
1410 3701 1552 3756 enim
1586 3702 1678 3756 ille
1708 3698 1971 3760 naturalis

401 3767 613 3837 humor,
636 3784 795 3841 quem
816 3772 1085 3826 contrahit
1115 3773 1276 3826 homo
1305 3787 1370 3826 es
1405 3772 1592 3825 matris
1615 3783 1789 3827 utero.
1819 3774 1970 3830 Unde

399 3851 504 3912 non
537 3841 607 3894 ita
637 3843 840 3911 spissus
863 3843 1037 3898 tomus
1062 3853 1370 3912 generatur,
1400 3857 1571 3912 neque
1593 3843 1874 3898 cerebrum
1901 3847 1968 3900 ita

396 3911 662 3980 turbatur,
688 3923 877 3981 estque
905 3922 1035 3968 atas
1065 3911 1392 3968 Conveniens
1437 3911 1502 3966 ad
1534 3912 1883 3981 discendum,
1917 3926 1972 3972 et

394 3985 654 4054 maxime,
685 3985 730 4037 si
761 3982 966 4052 lampas
1013 3985 1280 4054 diligentis
1323 3985 1583 4039 doctrinae
1623 3987 1966 4043 accendatur.

395 4051 645 4124 Sequitur
662 4051 912 4109 senectus
933 4051 1184 4124 lt'igida'et
1207 4055 1365 4111 sicca.
1386 4055 1696 4110 Exstinctus
1718 4068 1800 4112 est
1822 4060 1966 4113 enim

395 4123 482 4177 ille
513 4127 770 4181 naturalis
805 4126 975 4190 calor,
1000 4123 1139 4182 tmde
1175 4127 1226 4180 itt
1259 4129 1358 4180 hac
1387 4138 1544 4180 actate
1584 4128 1725 4196 viget
1759 4143 1932 4183 mento

391 4197 492 4266 ria,
523 4196 617 4249 sed
644 4196 785 4252 vires
805 4198 1046 4266 corporis
1073 4197 1348 4266 dellciunt,
1374 4213 1441 4252 ex
1472 4197 1715 4253 siccitate
1743 4202 1884 4253 enim
1913 4211 1969 4256 ει

391 4265 711 4338 lrigiditate,
744 4265 1006 4338 cujusest
1031 4271 1432 4338 constringere,
1458 4280 1542 4324 est
1572 4269 1851 4324 tnemoiia.
1889 4272 1967 4326 Es

388 4335 588 4409 calore,
621 4337 773 4407 cujus
801 4335 885 4409 est
912 4339 1169 4408 impetum
1197 4335 1423 4409 faccre,
1451 4342 1594 4394 vires
1623 4344 1870 4408 corporis
1899 4358 1966 4396 co

389 4407 671 4482 deliciettte
696 4408 952 4464 deficiunt
976 4407 999 4474 ;’
1019 4410 1156 4465 hanc
1176 4407 1421 4481 sequitur
1450 4411 1683 4476 senium,
1710 4407 1964 4482 frigidum

392 4488 448 4531 et
475 4479 773 4536 humidum.
800 4482 1078 4537 Exstincto
1101 4483 1242 4538 enim
1258 4479 1498 4537 Vitaturali
1538 4483 1740 4547 cnlore,
1765 4479 1965 4540 crescit

389 4548 637 4626 (rigidum
669 4554 948 4624 phlegma;
984 4557 1125 4608 unde
1156 4555 1209 4626 in
1242 4554 1331 4609 illa
1359 4564 1521 4626 aetate
1544 4556 1724 4608 delicit
1753 4569 1960 4610 memo-

389 4622 739 4695 ria,liuutque
762 4622 1006 4680 homines
1031 4625 1262 4694 pueriles
1290 4641 1306 4682 :
1339 4634 1420 4680 est
1440 4625 1585 4681 enim
1608 4638 1638 4678 a
1657 4626 1962 4695 plilegtnate

390 4693 466 4752 vis
514 4697 806 4762 expulsiva.
889 4693 1043 4754 llauc’
1093 4700 1334 4768 sequitur
1379 4699 1572 4752 animae
1620 4706 1676 4751 et
1719 4693 1962 4768 corporis

2062 599 2233 659 potest
2257 594 2435 644 vivere
2460 589 2640 641 homo.
2670 591 2729 643 Et
2753 590 2872 653 quia
2897 591 2963 642 de
2981 590 3195 644 himiue
3219 591 3351 643 satis
3378 589 3648 657 diximus,

2059 662 2212 728 cujus
2239 672 2318 714 εει
2353 660 2531 713 doceri
2577 661 2821 713 dicamus
2847 701 2864 720 ,
2916 660 3102 729 quales
3146 672 3200 714 ut
3241 661 3471 713 doceant
3504 679 3656 729 quae-

2063 732 2211 785 rendi
2268 732 2410 794 sint,
2443 730 2630 797 quales
2660 740 2717 784 ut
2765 732 3080 793 doceantur,
3121 730 3297 799 qualis
3347 734 3657 789 complexio

2062 803 2393 856 conveniens
2424 803 2496 854 sit
2525 801 2814 863 doctrinm,
2851 802 2901 854 in
2932 817 3034 866 qua
3065 811 3224 855 aetate
3254 801 3362 855 sitit
3394 802 3658 868 incipieu.

2059 873 2148 934 da,
2179 883 2234 925 et
2260 871 2472 940 quando
2504 872 2753 937 liuienda,
2785 874 2904 939 quis
2934 873 3004 926 sit
3030 871 3166 926 ordo
3198 871 3467 928 discendi.
3499 874 3650 930 'l‘alis

2063 944 2221 1010 igitur
2269 953 2328 996 ut
2377 945 2565 996 doceat
2608 943 2927 1009 quaerendus
2975 954 3090 1005 est,
3126 946 3217 1013 qui
3270 958 3446 1013 neque
3489 959 3654 999 causa

2063 1013 2260 1079 lauds,
2291 1028 2389 1066 nec
2412 1027 2506 1081 spe
2529 1014 2841 1080 temporalis
2867 1013 3184 1078 indumenti,
3211 1016 3303 1069 sed
3322 1017 3438 1068 solo
3464 1029 3656 1070 amore

2061 1097 2252 1155 sapere
2299 1084 2513 1155 doceat.
2564 1083 2618 1139 Si
2667 1084 2808 1138 enim
2863 1089 3130 1150 propriam
3185 1085 3396 1139 laudem
3442 1086 3656 1155 diligit,

2065 1153 2334 1224 utinquam
2367 1154 2691 1218 discipulum
2722 1155 2786 1207 atl
2815 1156 2896 1207 sui
2934 1155 3320 1222 perfectionem
3356 1153 3658 1212 venire—vo.

2066 1224 2158 1297 let,
2181 1224 2466 1297 Subtrahit
2490 1227 2636 1297 enim
2668 1226 3106 1297 doctrinampne
3151 1227 3203 1280 in
3245 1243 3309 1280 eo
3349 1227 3491 1296 quod
3537 1227 3658 1297 plus

2064 1294 2238 1366 diligit
2283 1308 2525 1363 aequetur
2558 1296 2638 1349 vel
2679 1306 2983 1361 superetur.
3016 1296 3071 1351 Si
3104 1297 3294 1351 iterum
3341 1294 3655 1363 temporalis

2066 1366 2341 1420 commodi
2367 1380 2461 1434 spe
2495 1367 2742 1419 inductus
2772 1366 2991 1433 doceat,
3031 1383 3133 1421 noti
3185 1369 3393 1423 curabit
3423 1368 3550 1435 qttid
3579 1371 3658 1423 di-

2065 1443 2181 1502 cat,
2213 1436 2340 1491 dum
2393 1437 2614 1491 nimium
2661 1447 2996 1507 extorqueat.
3041 1437 3197 1504 Srpe
3244 1443 3387 1494 enim
3441 1440 3659 1507 placent

2068 1522 2222 1576 nugas
2255 1510 2424 1577 mag's
2453 1524 2611 1574 quam
2659 1506 2826 1561 utilia.
2859 1507 2966 1562 Sed
3010 1509 3054 1561 si
3098 1523 3286 1563 amore
3317 1506 3559 1565 scientic
3588 1511 3658 1564 ad

2065 1578 2366 1632 docendum
2397 1580 2710 1642 accesserit,
2744 1595 2840 1634 nec
2887 1589 3107 1646 propter
3150 1579 3411 1635 invidiam
3453 1581 3658 1635 doctri-

2069 1664 2191 1703 nam
2221 1650 2501 1704 subtrahet
2528 1666 2544 1704 :
2574 1663 2671 1704 nec
2702 1661 2754 1703 ut
2780 1649 2980 1718 a'iqu‘d
3008 1658 3344 1718 ettorqueat,
3371 1652 3654 1706 veritatem

2071 1721 2340 1787 Cognitum
2375 1719 2568 1786 fugiet;
2606 1734 2702 1774 nec
2729 1722 2770 1773 si
2803 1721 3015 1774 dellciat
3043 1721 3331 1775 multitudo
3358 1722 3652 1784 Sociorum,

2069 1789 2301 1862 deliciet,
2325 1793 2418 1845 sed
2448 1792 2513 1844 ad
2544 1793 2943 1844 instructionum
2976 1793 3056 1845 sui
3089 1802 3146 1847 et
3181 1791 3571 1862 aliorumrvigil
3600 1801 3656 1848 et

2072 1859 2298 1930 diligens
2331 1862 2439 1932 lict.
2470 1861 2538 1917 Ut
2559 1863 2813 1915 doceatur
2841 1878 3004 1930 ergo,
3037 1864 3157 1917 tatis
3201 1859 3614 1932 diligendusvest
3636 1904 3651 1925 ,

2078 1932 2167 2000 qui
2211 1948 2312 1984 non
2365 1931 2438 1985 sit
2483 1932 2741 1987 doetrinte
2783 1942 3065 2000 strepens,
3111 1948 3208 1987 nec
3253 1931 3543 2002 superbus,
3591 1948 3661 1988 ne

2080 2002 2326 2056 videatur
2349 2003 2548 2073 aliquid
2591 2018 2710 2057 esse
2731 2045 2745 2065 ,
2778 2017 2899 2055 cum
2935 2003 3062 2056 nihil
3091 2005 3198 2070 sit;
3223 2005 3312 2073 qui
3344 2004 3657 2073 magistrum

2078 2080 2139 2126 ut
2168 2086 2371 2144 patrem
2401 2072 2611 2144 diligat,
2643 2073 2725 2128 vel
2761 2078 2922 2144 etiam
2955 2073 3073 2140 plus
3104 2072 3274 2141 patre.
3303 2075 3346 2129 Δ
3376 2072 3483 2142 quo
3512 2075 3657 2129 enim

2080 2141 2279 2216 majora
2307 2152 2361 2198 et
2389 2141 2628 2216 digniora
2673 2143 2997 2213 accipimus,
3029 2145 3200 2216 magis
3238 2141 3464 2216 diligere
3492 2144 3659 2216 debe-

2081 2228 2222 2267 mus.
2255 2215 2291 2268 Δ
2322 2225 2472 2282 patre
2500 2214 2643 2270 enim
2682 2217 2840 2288 rudes
2869 2229 2990 2288 esse
3021 2215 3316 2288 capimus,
3340 2214 3368 2268 Ξι
3396 2215 3658 2288 magistro

2082 2299 2208 2339 vero
2231 2299 2352 2357 esse
2379 2288 2670 2353 sapientes,
2700 2285 2841 2357 quod
2869 2284 3040 2354 majus
3067 2295 3152 2340 est
3180 2297 3235 2342 et
3262 2284 3515 2357 diguius.‘
3532 2287 3658 2342 Plus

2080 2368 2210 2423 ergo
2247 2356 2505 2425 diligendi
2537 2366 2660 2409 sunt
2709 2356 2832 2410 boui
2879 2357 3128 2410 doctores
3174 2356 3342 2426 quam
3383 2368 3655 2424 parentes,

2087 2439 2191 2479 nec
2221 2436 2407 2498 tamen
2433 2437 2513 2481 est
2535 2426 2738 2496 jusmm
2769 2426 2910 2498 quod
2941 2427 3108 2496 magis
3152 2427 3440 2498 diligantur
3469 2428 3658 2483 docto-

2080 2510 2190 2559 res,
2216 2497 2309 2551 scd
2339 2497 2468 2552 utile
2502 2507 2561 2551 nt
2589 2498 2829 2552 scientiis
2859 2497 3003 2552 illius
3025 2497 3186 2552 verba
3211 2497 3365 2553 nobis
3388 2499 3656 2566 placeant,

2081 2567 2206 2638 quia
2257 2567 2310 2638 lu
2360 2583 2427 2621 eo
2473 2583 2630 2638 quem
2679 2584 2782 2622 non
2815 2569 3088 2637 diligimus
3119 2583 3262 2638 saepe
3294 2569 3454 2625 etiam
3506 2570 3662 2624 nobis

2084 2634 2225 2709 bona
2258 2634 2544 2707 displicent
2567 2680 2582 2703 ,
2616 2640 2808 2708 illaque
2841 2634 3065 2709 fugimus
3095 2634 3219 2694 dum
3249 2640 3523 2695 studemus
3554 2654 3660 2696 nou

2084 2707 2283 2762 imitati
2313 2710 2431 2762 illos
2461 2723 2595 2778 quos
2626 2707 2735 2764 non
2761 2707 3051 2777 diligimus.
3077 2711 3338 2775 Quamvis
3369 2710 3510 2766 enim
3538 2726 3662 2765 san-

2084 2778 2274 2852 guinea
2300 2782 2619 2852 complexio
2671 2780 2865 2835 habilis
2893 2780 2962 2835 sit
3004 2784 3070 2835 ad
3113 2781 3431 2844 doctrinam,
3465 2782 3664 2852 quippe

2085 2849 2138 2902 in
2167 2850 2414 2904 omnibus
2443 2858 2756 2921 tetttperala,
2788 2863 2962 2905 tamen
2995 2852 3046 2905 iu
3076 2852 3222 2906 omni
3250 2852 3447 2922 aliquis
3481 2849 3664 2922 perle-

2084 2928 2202 2992 ctus
2245 2935 2365 2992 esse
2396 2931 2591 2990 potesr,
2625 2924 2724 2976 etsi
2763 2938 2883 2977 cunt
2934 2923 3154 2988 labore;
3186 2925 3334 2992 quia,
3379 2932 3438 2977 ut
3482 2933 3666 2978 narrat

2091 2990 2439 3063 Pamphilus:
2475 2992 2650 3047 Labor
2701 2992 2975 3063 improbus
3026 2990 3417 3049 Ottiniivittcit.
3462 2994 3664 3048 Princi~

2089 3061 2234 3134 pium
2265 3077 2392 3117 vero
2418 3063 2678 3118 doctrina:
2705 3061 3159 3118 ab'adolescentia
3193 3077 3275 3118 est
3303 3065 3656 3134 conveniens,

2085 3131 2229 3202 quia,
2263 3142 2320 3186 ut
2346 3135 2419 3187 ait
2450 3136 2598 3189 Plato
2627 3153 2640 3188 :
2675 3133 2828 3189 Aitas
2869 3135 3100 3189 hominis
3130 3136 3320 3190 similis
3363 3143 3447 3189 est
3489 3131 3668 3202 certe,

2087 3218 2207 3270 qua:
2247 3204 2292 3257 si
2337 3205 2494 3259 nimis
2538 3207 2715 3262 mollis
2759 3207 2869 3270 sit,
2903 3221 3003 3260 nec
3049 3206 3271 3274 ligurant
3313 3207 3536 3274 recipit;
3571 3222 3668 3261 nec

2077 3275 2272 3329 retinet
2303 3275 2570 3347 similiter,
2600 3278 2644 3330 si
2675 3277 2744 3330 sit
2767 3276 2898 3329 dura
2926 3293 2939 3330 :
2966 3292 3094 3347 ergo
3123 3292 3222 3331 nec
3250 3278 3411 3331 nimis
3450 3286 3666 3342 tenera,

2081 3360 2179 3399 nec
2211 3346 2372 3400 nimis
2400 3348 2550 3407 dura,
2587 3347 2918 3401 conveniens
2943 3346 3335 3402 est’doctrinm.
3377 3347 3666 3402 Terminus

2074 3415 2335 3472 doctrina:
2364 3428 2446 3473 est
2474 3433 2644 3472 mors.
2672 3416 2825 3473 Unde
2851 3418 3067 3485 quidam
3089 3419 3325 3487 sapiens,
3360 3433 3480 3472 cum
3508 3418 3576 3472 ab
3597 3433 3666 3473 eo

2074 3488 2152 3542 sic
2183 3498 2551 3556 qurereretur:
2586 3488 2682 3545 Ubi
2715 3498 2799 3542 est
2830 3489 3096 3543 terminus
3124 3489 3412 3544 discendi?
3441 3502 3669 3557 respon-

2075 3557 2208 3628 det:
2247 3557 2345 3613 Ubi
2373 3568 2428 3612 et
2463 3561 2600 3614 vitae.
2630 3560 2858 3626 Quidam
2901 3559 3251 3628 philosophus
3277 3573 3398 3614 cum
3431 3574 3664 3628 nonage-

2074 3627 2256 3681 narius
2285 3638 2605 3692 moreretur,
2645 3639 2701 3684 et
2743 3631 2999 3698 quasitus
3038 3645 3068 3683 a
3113 3627 3348 3698 quodam
3399 3627 3665 3698 discipulo

2072 3713 2173 3751 suo
2200 3699 2242 3752 si
2268 3701 2334 3753 de
2365 3709 2537 3753 morte
2563 3701 2808 3760 doleret;
2835 3700 2914 3752 sic
2937 3699 3292 3767 interroganti
3321 3699 3617 3767 respondet
3641 3715 3658 3752 :

2072 3769 2205 3835 Quia
2257 3782 2398 3822 nunc
2438 3770 2728 3839 incipiebat
2769 3771 2998 3824 discere.
3046 3770 3194 3824 Ordo
3241 3783 3370 3825 vero
3411 3769 3656 3824 discendi

2074 3841 2197 3894 talis
2222 3849 2324 3912 est,
2353 3850 2408 3892 ut
2435 3843 2555 3908 quia
2587 3856 2684 3912 per
2707 3839 3073 3912 eloquentiam
3105 3840 3281 3912 omnis
3305 3841 3363 3895 lit
3389 3840 3661 3903 doctrina,

2075 3912 2223 3980 prius
2275 3910 2608 3966 instruantur
2664 3913 2716 3966 in
2769 3911 3100 3980 eloquentia.
3150 3910 3318 3981 Cujus
3370 3921 3480 3965 tres
3535 3919 3668 3966 sunt

2072 3992 2251 4052 partes
2283 3999 2295 4033 :
2333 3994 2482 4038 recte
2508 3985 2749 4039 scribere
2776 3991 2828 4036 et
2857 3991 3005 4037 recte
3044 3984 3244 4051 scripta
3277 3981 3624 4049 pronuntiare
3645 4020 3665 4048 ,

2073 4054 2304 4121 probare
2332 4051 2386 4106 id
2418 4054 2558 4123 quod
2588 4065 2672 4109 est
2705 4052 3044 4122 probandum
3071 4094 3088 4119 ,
3129 4052 3270 4121 quod
3309 4052 3470 4107 docet
3494 4053 3666 4123 diale-

2067 4125 2232 4189 ctica;
2266 4122 2461 4194 ornare
2487 4126 2646 4181 verba
2673 4137 2726 4180 et
2756 4127 3077 4190 sententias,
3109 4126 3250 4194 quod
3285 4123 3447 4194 tradit
3477 4122 3660 4177 rheto-

2069 4194 2198 4267 rica.
2234 4193 2479 4249 luitiandi
2510 4212 2642 4267 ergo
2663 4210 2859 4267 sumus
2891 4195 2943 4248 in
2973 4193 3344 4267 grammatica,
3376 4193 3572 4267 deinde
3605 4194 3660 4249 in

2069 4265 2349 4320 dialectica
2371 4306 2387 4326 ,
2421 4265 2605 4333 postea
2659 4266 2712 4320 in
2765 4267 3055 4320 rhetorica.
3092 4265 3300 4332 Quibus
3329 4266 3573 4320 instructi
3606 4271 3668 4320 ut

2069 4338 2254 4404 armis,
2288 4336 2356 4390 ad
2386 4340 2623 4392 Studium
2659 4337 3019 4406 philosophias
3063 4335 3324 4391 debemus
3373 4337 3662 4392 accedere.

2065 4406 2231 4477 Cujus
2263 4407 2351 4460 hic
2379 4417 2463 4462 est
2491 4411 2646 4474 ordo,
2677 4417 2735 4463 ut
2762 4407 2910 4477 prius
2939 4407 2993 4460 in
3026 4408 3321 4477 quadruvio
3358 4417 3415 4461 et
3460 4406 3513 4460 itt
3546 4407 3665 4476 ipso

2068 4481 2216 4547 prius
2243 4479 2296 4534 in
2325 4479 2660 4535 arithmetica
2689 4522 2705 4548 ,
2745 4477 2987 4535 secundo
3033 4478 3086 4533 iu
3132 4478 3334 4533 musica
3358 4517 3374 4542 ,
3407 4479 3564 4532 tertio
3610 4481 3663 4532 in

2070 4549 2386 4620 geometria,
2420 4560 2614 4620 quarto
2645 4554 2696 4606 in
2727 4549 3091 4615 astronomia,
3141 4549 3338 4604 deinde
3387 4549 3439 4602 in
3485 4548 3666 4620 divina

2070 4617 2280 4691 pagina,
2311 4617 2509 4688 quippe
2541 4630 2598 4676 ut
2624 4638 2718 4690 per
2739 4621 3100 4691 cognitionem
3131 4629 3396 4676 creaturae
3421 4661 3436 4683 ,
3470 4617 3540 4672 ad
3567 4631 3657 4674 co-

2068 4693 2360 4765 gnitionem
2384 4695 2656 4751 Creatoris
2687 4694 3062 4765 perveniamus
