1923 3080
264 141 316 176 ’111

845 142 875 172 s.
896 141 1040 171 mxmr
1059 126 1314 173 eosrsssoms
1833 141 1876 173 τω

302 199 383 227 Hisce
408 197 549 228 nimirum,
575 200 658 230 atque
683 195 727 222 his
754 195 891 222 similibus
916 203 1050 230 propenso

1137 195 1257 229 Τούτων,
1271 197 1318 223 καὶ
1331 195 1386 223 τῶν
1401 195 1528 222 τοιούτων
1545 193 1615 222 οἶδεν
1629 196 1642 222 ό
1656 194 1722 226 Θεδς
1736 195 1875 229 φείδεσθαι·

264 243 337 272 Deus
363 242 492 279 ignoscit;
519 244 601 275 atque
628 240 723 267 talium
744 240 841 275 gratia,
866 240 970 267 mundo
987 240 1050 267 uni-

264 297 346 317 verso
370 289 470 323 parcit;
494 287 561 314 viris
578 286 683 322 utique,
704 286 752 321 qui
775 286 866 320 reipsa
882 285 1049 320 vituperium

264 335 411 362 habentem
427 333 568 360 dexteram
588 340 663 359 suam
693 332 734 359 vel
760 331 901 358 sinistram
924 339 980 358 non
1003 338 1051 358 co-

263 383 406 416 gnoscant.
426 378 531 406 Cuncta
546 378 619 405 enim
641 377 708 410 fere,
729 378 755 404 in
771 377 859 404 laudis
874 384 906 403 ac
921 376 1051 411 vituperii

263 428 367 460 partem
401 428 530 458 usurpata
565 423 729 458 Seripturce;
754 430 912 457 quanquam
937 422 1051 455 invidia,

262 469 407 503 omnisque
439 468 610 496 humanioris
639 476 736 495 sensus
761 467 885 500 inimica,
913 475 944 495 ac
969 475 1051 502 quam

262 515 382 543 humana
403 516 476 542 salus
500 515 613 542 moleste
635 514 733 541 habeat
755 523 760 541 :
785 522 901 549 quaeque
924 514 993 541 adeo
1018 521 1052 541 eo

262 562 373 590 nomine
394 562 527 589 adversus
544 561 592 588 Dei
607 561 805 596 benignitatem
819 559 988 588 contendere
1003 568 1052 588 1111-

262 608 335 640 deat,
354 607 479 642 improba
492 605 664 643 ingrataque,
677 615 708 634 ac
721 615 782 642 qme
795 607 947 633 humanum
963 613 1052 641 genus

263 653 364 685 oderit,
381 653 536 680 Judzeorum
553 653 630 687 plebs
651 652 834 687 dirumpatur,
848 651 988 686 vitamque
1005 655 1053 678 ta:-

263 699 309 726 dio
327 702 447 733 respuat,
469 706 501 725 ac
523 698 615 725 luctus
639 701 843 733 argumentum,
873 697 996 732 gentium
1023 697 1052 723 in

262 743 372 773 Christo
402 745 518 772 salutem
549 744 648 777 ducat;
678 751 733 778 qua
757 743 838 778 longe
868 743 966 778 pluris,
997 748 1052 777 pra:

263 788 427 824 ignorantia,
451 787 624 815 cucurbitam
648 788 798 820 aestimans,
824 787 945 823 lugebat,
976 795 1051 820 cum,

264 842 336 868 eam,
365 842 459 862 verme
486 834 643 866 arrodente,
661 837 787 861 cerneret
809 833 966 861 arefactam.
990 833 1051 860 Dixi

1102 243 1149 269 καὶ
1168 243 1212 269 διὰ
1226 242 1290 274 τοὺς
1302 242 1449 274 τοιούτους,
1464 241 1512 268 τοῦ
1527 242 1630 276 κόσμου
1645 241 1745 272 παντὸς
1757 260 1764 272 ,
1784 241 1875 275 ἀνδρῶν

1102 288 1164 316 κατ’
1179 288 1307 324 ἀλήθειαν
1329 288 1366 323 μὴ
1394 288 1582 322 γινωσκόντων
1606 286 1655 322 τὴν
1684 286 1785 322 ψεκτὴν
1799 287 1875 313 αὺτιῖν

1102 334 1202 367 δεξιὰν,
1220 334 1236 370 ἢ
1261 334 1408 370 ἀριστεράν
1421 341 1428 349 ·
1443 333 1537 367 ἐπειδὴ
1554 332 1642 359 πάντα
1662 332 1754 366 σχεδὸν
1779 333 1874 358 ἐπαινε-

1102 380 1156 411 τῶς
1173 379 1342 414 λαμϐάνεται
1361 380 1394 414 τῇ
1410 379 1514 414 Γραφῇ,
1526 378 1574 404 καὶ
1587 378 1696 411 ψεκτῶς
1715 385 1724 393 ο
1742 377 1792 403 κᾶν
1807 378 1820 404 ό
1834 377 1873 411 βά.

1104 435 1213 457 σκανος.
1228 426 1274 452 καὶ
1302 426 1392 460 πάσης
1419 424 1626 460 φιλανθρωπίας
1651 423 1764 459 ἐχθρὸς,
1781 424 1825 450 καὶ
1838 424 1875 449 ἐπὶ

1102 471 1134 505 τῇ
1150 470 1272 506 σωτηρίᾳ
1293 470 1346 496 τῶν
1364 469 1515 505 ἀνθρώπων
1539 468 1748 503 διαπονούμενος
1760 477 1768 484 ·
1784 469 1826 495 καὶ
1839 468 1874 495 διὰ

1101 513 1181 540 τοῦτο
1197 514 1263 549 πρὸς
1278 514 1362 548 αὐτὴν
1380 514 1570 549 ἀπομάχεσθαι
1590 513 1637 540 τοῦ
1658 513 1726 540 Θεοῦ
1751 513 1800 548 τὴν
1817 514 1874 546 ἁγα-

1103 559 1204 594 Θότητα
1217 559 1334 594 τολμῶν,
1348 559 1499 594 ἀγνώμων,
1513 559 1660 595 ἀχάριστός
1676 567 1705 585 τε
1729 559 1777 585 καὶ
1793 559 1874 594 μισάν-

1102 604 1210 640 θρωπος
1221 605 1283 636 λαὸς
1298 606 1351 632 τῶν
1367 605 1500 632 Ἰουδαίων
1516 605 1680 640 διαπρίεται,
1693 605 1741 631 καὶ
1755 606 1802 639 τῆς
1816 605 1874 638 ζωῆς

1106 650 1166 687 [Fr.
1189 653 1238 686 τὴν
1263 651 1347 687 ζωὴν]
1363 651 1524 685 ἀπολέγεται
1542 659 1550 667 ·
1568 651 1615 677 καὶ
1631 651 1747 682 πένθους
1763 650 1874 677 ὑπόθεσιν

1102 699 1174 725 ποιεῖ
1189 699 1240 733 τὴν
1255 699 1284 725 ὲν
1311 697 1422 733 Χριστῷ
1445 697 1498 724 τῶν
1515 697 1600 724 ἐθνῶν
1620 697 1759 732 σωτηρίαν
1774 705 1781 712 ·
1839 697 1872 722 διὰ

1102 746 1151 781 τὴν
1164 745 1277 779 ἄγνοιαν
1291 744 1380 780 πολλῷ
1393 744 1534 779 κρείττονα
1547 743 1596 779 τὴν
1618 743 1784 770 κολόκυνταν
1804 744 1873 778 ἠγοῦ-

1105 799 1194 826 μενος,
1208 791 1318 818 ἐπένθει
1333 791 1512 826 ξηρανθεῖσαν
1528 790 1664 825 Θεὼμενος
1683 789 1738 816 ὑπὸ
1756 790 1799 816 τοῦ
1816 789 1874 815 σκώ-

1103 838 1263 873 ληκος(55).
1283 836 1365 864 Εἶπον
1390 837 1443 872 γὰρ
1475 836 1682 872 προλαϐὼν,ὃτι
1700 837 1748 862 καὶ
1762 835 1808 871 τὴν
1830 835 1874 860 τῶν

262 880 337 908 enim
352 880 379 907 in
397 880 598 915 superioribus,
615 887 742 915 magnum
757 873 854 907 Ionam
880 879 967 914 ipsam
984 886 1051 913 quo-

1111 884 1247 911 ῚΟυδαίων
1264 884 1374 918 μανίαν,
1391 884 1419 910 ὲν
1436 882 1524 918 ἑαυτῷ
1541 883 1664 914 τυπικῶς
1683 883 1698 909 ὁ
1721 883 1805 917 μέγας
1819 890 1872 916 προ-

263 934 317 961 que
339 926 496 953 Judworum
518 922 546 953 in
562 925 653 960 seipse
677 925 762 960 ﬁgura
776 925 955 960 prmsignasse
978 925 1051 952 insa-

263 972 357 999 niam:
388 979 444 999 non
469 971 545 999 velut
567 972 592 999 ei
623 971 758 1007 ejusmodi
792 971 897 1006 aliquid
925 970 1050 1003 all‘ectus,

260 1022 345 1053 atque
363 1017 475 1052 Iudicis,
506 1018 653 1051 inciderit;
681 1018 772 1045 absit!
797 1017 845 1045 sed
872 1017 944 1052 quod
970 1017 997 1044 in
1022 1024 1052 1044 se

263 1063 310 1091 ille
331 1068 465 1098 occupato
491 1071 586 1091 eorum
600 1063 769 1098 impietatem
785 1067 934 1098 argueret;
953 1070 1052 1098 quam-

261 1109 358 1137 obrem
383 1109 476 1142 etiam,
499 1109 575 1136 velut
590 1109 708 1144 quadam
725 1109 824 1137 amissa
845 1109 942 1144 Joppe,
966 1108 1051 1143 priori

262 1155 387 1183 claritate
408 1155 555 1183 exciderit.
574 1155 681 1183 Idcirco
695 1155 721 1182 ei
745 1155 865 1190 Spiritus
883 1158 995 1182 sanctus
1009 1158 1051 1181 ta—

261 1201 316 1228 lem
341 1201 456 1236 mystice
472 1201 572 1228 indidit
587 1200 810 1235 appellationem,
827 1207 880 1235 qua
894 1207 928 1227 ex
942 1199 1052 1227 diversa

262 1246 383 1274 nominis
408 1246 647 1281 interpretatione,
663 1246 787 1273 omnium
803 1254 921 1281 quorum
937 1245 1051 1281 ﬁguram

262 1294 364 1329 praevie
390 1294 514 1329 gerebat,
535 1293 710 1321 aﬁ'ectionem
735 1293 856 1328 proclive
881 1291 1051 1320 ostenderet.

261 1339 332 1368 Cum
358 1340 443 1375 igitur
476 1340 505 1367 in
536 1347 566 1367 se
596 1339 681 1374 ﬁgura
702 1339 858 1366 Iudaeorum
885 1338 1052 1366 dementiam

263 1386 365 1421 arguit,
389 1385 529 1413 dolentem
553 1385 587 1412 de
611 1384 734 1420 gentium
758 1385 856 1414 salute,
880 1391 913 1411 ac
936 1392 996 1419 quae
1019 1391 1053 1412 ex

263 1439 336 1459 nova
365 1436 393 1459 et
414 1431 538 1459 inaudita
562 1431 707 1458 vocatione
736 1430 965 1463 confunderetur,
991 1430 1052 1457 ani-

264 1485 364 1513 moque
387 1477 565 1513 dejiceretur,
589 1484 621 1504 ae
645 1484 725 1504 secus
741 1483 772 1504 ac
785 1476 841 1503 Deo
863 1475 952 1503 visum
968 1479 1051 1508 esset,

262 1530 345 1565 262
360 1529 396 1557 ob
418 1528 567 1556 arefactum
586 1528 768 1560 cucurbitam,
793 1532 910 1555 mortem
923 1528 1052 1562 blasphe-

264 1576 319 1603 mia
345 1576 409 1602 viue
438 1574 600 1607 anteferret,
629 1582 720 1601 eorum
751 1573 825 1601 labor
849 1574 969 1601 nominis
995 1574 1054 1608 ipsa

265 1621 496 1658 interpretatione
521 1621 640 1654 dicitur;
653 1629 734 1656 quem
751 1620 883 1656 sugillans
901 1619 1052 1655 Scriptura,

265 1666 304 1694 ait
319 1675 325 1693 :
342 1666 409 1693 Vidit
435 1665 506 1692 Deus
522 1674 603 1700 opera
625 1673 716 1692 eorum
731 1665 804 1701 (cum
816 1672 916 1699 nempe
929 1665 963 1691 de
975 1664 1054 1691 Nini~

265 1712 329 1740 vitis
352 1710 468 1746 diceret)
490 1715 559 1746 quod
577 1712 662 1738 aversi
683 1715 799 1738 essenta
818 1710 865 1737 viis
883 1711 937 1737 suis
957 1709 1053 1742 malis;

265 1762 291 1786 et
317 1758 437 1794 pwnituit
462 1766 522 1784 eum
543 1765 576 1784 ne
597 1757 695 1792 facere:
721 1758 768 1789 eis,
790 1761 815 1784 et
844 1765 897 1783 non
920 1756 990 1791 fecit.
1018 1756 1053 1783 Et

261 1804 434 1831 contristent;
462 1807 498 1830 est
523 1801 622 1835 Jonas,
639 1806 664 1829 et
688 1802 774 1829 dixit:
792 1801 879 1835 Nunc,
902 1801 1054 1828 dominator

262 1849 385 1881 Domine,
402 1847 465 1875 tolle
481 1849 599 1875 animam
619 1855 704 1874 meam
726 1856 742 1874 a
756 1855 808 1879 me,
830 1846 893 1882 quia
910 1845 1002 1873 melius
1016 1849 1053 1872 est

262 1895 328 1921 mihi
350 1894 428 1926 mori,
450 1902 530 1929 quam
555 1894 640 1920 vivere
649 1893 682 1920 “.
705 1893 736 1920 Et
752 1900 849 1920 rursus
870 1901 877 1919 :
900 1892 935 1919 Et
955 1899 1053 1927 praece-

261 1942 303 1976 pit
319 1940 446 1967 Dominus
464 1940 545 1966 vermi
569 1947 646 1966 mane
660 1940 688 1966 in
705 1939 870 1970 crastinum;
885 1941 910 1964 et
922 1937 1051 1973 percussit

259 1986 437 2019 .eucurbitam,
460 1991 485 2013 et
499 1986 614 2013 exaruit.
637 1985 672 2012 Ει
689 1985 789 2020 factum
810 1989 858 2016 est,
874 1983 955 2011 simul
974 1988 1052 2019 atque

262 2036 371 2059 exortus
387 2035 424 2059 est
441 2031 482 2059 sol
494 2052 501 2064 ,
520 2035 544 2058 et
561 2031 687 2066 percussit
703 2031 742 2056 sol
759 2037 839 2065 super
863 2033 941 2064 caput
959 2029 1052 2062 Jama;

263 2083 290 2105 et
310 2079 476 2114 angustiam:
493 2082 542 2110 est,
557 2083 581 2104 et
597 2077 686 2104 twduit
700 2085 759 2103 eum
772 2077 831 2103 uiue
842 2083 913 2108 sum;
929 2079 953 2102 et
967 2075 1051 2102 dixit:

265 2123 357 2151 Melius
381 2128 438 2150 erat
463 2123 525 2150 mihi
550 2123 628 2154 mori,
649 2130 730 2158 quam
746 2123 834 2150 vivere
849 2121 882 2148 "’.

298 2219 398 2246 Ninive
412 2218 495 2253 igitur
510 2218 632 2254 gentium
645 2217 767 2246 Ecclesia
780 2222 832 2249 est,
849 2225 921 2252 quae,
938 2223 1051 2252 recepto

262 2264 362 2300 gratiae
386 2272 524 2296 sermone,
551 2264 697 2299 prioreque
723 2263 933 2291 simulacrorum
956 2271 1051 2291 errore

262 2309 403 2341 abdicato,
426 2309 541 2336 salutem
563 2313 721 2343 consecuta,
738 2316 769 2335 ac
785 2308 916 2336 ccelorum
935 2308 1051 2343 gloriam

262 2354 364 2390 adepta
379 2359 432 2382 est.
445 2354 664 2381 Tabernaculum
685 2357 788 2386 autem,
804 2353 877 2388 quod
901 2353 952 2380 sibi
967 2353 1051 2381 Jonas

261 2408 299 2428 ex
314 2400 424 2428 civitate
436 2407 574 2435 egressus,
589 2399 698 2430 struxit,
717 2398 778 2434 ejus
791 2406 851 2432 qua:
868 2397 895 2424 in
913 2398 995 2425 terris
1009 2401 1052 2424 est

262 2446 427 2476 Jerusalem,
445 2453 477 2472 ac
493 2443 641 2471 manufacti
656 2443 684 2470 in
699 2451 731 2471 ea
744 2440 849 2478 templi,
873 2443 959 2479 ﬁgura
977 2443 1051 2470 exsi-

260 2493 321 2520 stit.
341 2491 503 2523 Cucurbita,
516 2498 576 2525 qua:
588 2490 615 2517 in
631 2489 789 2518 solalittera
802 2493 854 2521 est,
872 2490 1051 2524 temporalem

261 2536 416 2570 corporalis
428 2535 496 2571 legis
512 2534 637 2562 umbram
650 2534 838 2569 prmsignavit,
854 2533 923 2561 nihil
941 2541 1053 2568 prorsus

263 2582 373 2608 ﬁrmum
385 2590 417 2609 ac
427 2582 590 2608 diuturnum
601 2580 759 2612 habentem,
772 2585 819 2606 aut
830 2580 963 2615 ejusmodi
978 2579 1051 2614 quod

263 2627 388 2654 animum
419 2626 556 2654 oblectare
588 2626 686 2661 possit.
708 2625 826 2657 Vermis,
851 2629 894 2652 est
918 2625 1051 2653 Dominus

265 2676 362 2700 noster
389 2672 468 2699 .lesus
495 2671 641 2704 Christus,
670 2671 901 2706 quemadmodum
930 2671 988 2706 ipse
1016 2671 1051 2698 de

264 2717 357 2753 seipso
378 2717 405 2744 in
428 2717 527 2744 Davide
546 2717 679 2752 propheta
707 2717 792 2744 dicit:
813 2716 911 2743 Vermis
931 2725 1001 2748 sum,
1027 2721 1051 2743 et

265 2772 319 2792 non
335 2764 411 2791 homo
423 2763 444 2779 ⁵⁸
455 2771 463 2796 ;
474 2762 521 2798 qui
534 2771 632 2798 nempe
644 2763 680 2790 ob
691 2767 859 2797 assumptam
879 2762 982 2797 absque
995 2762 1052 2789 ullo

1103 930 1250 966 διέγραψεν
1268 930 1369 961 Ἰωνᾶς,
1385 930 1434 956 οὒκ
1449 929 1529 961 αὑτός
1541 938 1567 956 τι
1585 929 1708 964 πάσχων,
1725 929 1762 964 μὴ
1773 929 1871 962 γένοιτο,

1103 979 1157 1005 τῶν
1179 979 1315 1009 Ἰουδαίοις
1333 978 1499 1014 προσόντων,
1515 978 1573 1005 ἀλλ’
1587 978 1615 1003 ὲν
1630 976 1721 1012 ἑαυτῷ
1744 977 1791 1011 τὴν
1816 976 1872 1001 ὲκεί-

1103 1033 1157 1052 νων
1173 1025 1373 1061 προδιελέγχων
1390 1025 1518 1051 ἀσέϐειαν
1531 1033 1537 1038 ·
1551 1023 1584 1050 δι’
1598 1025 1631 1058 ἣν
1641 1024 1692 1058 τῆς
1705 1024 1832 1058 προτέρας
1844 1021 1872 1048 ὁὸ·

1104 1071 1163 1107 ξης,
1179 1071 1216 1103 ὡς
1226 1071 1258 1098 ἐκ
1267 1080 1340 1103 τινος
1357 1071 1468 1107 Ἰόππης
1492 1071 1637 1103 ἐξέπεσαν.
1654 1070 1705 1097 Διὰ
1733 1070 1808 1096 τοῦτο
1833 1078 1872 1103 μυ-

1105 1118 1205 1150 στικῶς
1224 1118 1254 1144 τδ
1280 1118 1393 1153 Πνεῦμα
1414 1117 1445 1144 τὸ
1466 1118 1553 1152 ἅγιον,
1565 1117 1693 1152 τοιαύτην
1721 1116 1792 1151 αὐτῷ
1805 1123 1872 1150 προς-

1103 1163 1219 1199 ηγορίαν
1229 1163 1359 1199 ἐπέθηκε,
1372 1163 1523 1199 δυναμένην
1532 1163 1601 1190 κατὰ
1611 1163 1658 1198 τὴν
1673 1163 1797 1197 διάφορον
1805 1161 1872 1194 αὐτῆς

1103 1209 1262 1246 ἑρμηνείαν,
1276 1209 1444 1244 ἐνδείξασθαι
1476 1209 1525 1245 τὴν
1554 1209 1663 1235 πάντων
1695 1208 1752 1235 τῶν
1773 1209 1798 1234 ὲν
1813 1207 1870 1239 αὑτῷ

1104 1256 1336 1291 προτυπουμένων
1361 1256 1491 1283 διάθεσιν.
1508 1256 1593 1283 Ὅταν
1618 1254 1665 1283 οὖν
1691 1256 1724 1282 ὲν
1749 1255 1816 1290 αὑτῷ
1838 1263 1872 1280 τυ-

1103 1302 1191 1335 πικῶς
1207 1303 1257 1339 τὴν
1268 1302 1322 1330 τῶν
1330 1303 1464 1330 Ἰουδαίων
1479 1303 1584 1338 ἐλέγχει
1596 1303 1810 1338 παραφροσύνην
1818 1301 1869 1335 (3S1.

1104 1348 1279 1385 λυπουμένην
1312 1349 1361 1384 μὲν
1388 1350 1433 1376 ἐπὶ
1458 1351 1491 1385 τῇ
1521 1349 1644 1386 σωτηρίᾳ
1657 1349 1714 1376 τῶν
1736 1348 1822 1378 ἐθνῶν.
1835 1346 1870 1372 11‘-

1105 1395 1292 1430 συγχεομένην
1316 1395 1362 1422 ἐπὶ
1384 1395 1423 1429 τῷ
1440 1394 1584 1430 παραδόξῳ
1594 1395 1643 1429 τῆς
1659 1395 1783 1430 κλήσεως
1799 1393 1870 1419 -ἀπτι-

1103 1441 1255 1476 λεγομένην
1283 1450 1313 1468 τε
1330 1441 1377 1468 καὶ
1396 1441 1563 1476 βλασφήμως
1581 1441 1656 1477 παρὰ
1670 1441 1722 1477 τὴν
1737 1440 1807 1467 Θείαν
1822 1438 1870 1474 βού-

1103 1488 1180 1523 λησιν
1202 1488 1251 1522 τῆς
1279 1487 1352 1522 ζωῆς
1373 1487 1553 1523 προτιμῶσαν
1571 1487 1617 1513 τὸν
1642 1486 1758 1514 θάνατον
1773 1485 1812 1512 διὰ
1833 1485 1870 1517 τὴν

1066 1542 1087 1570 c
1105 1533 1285 1569 ξηρανθεῖσαν
1310 1533 1485 1564 κολόκυνταν,
1498 1532 1681 1568 ἑρμηνεύεται
1711 1531 1869 1563 διαπόνησις

1104 1578 1226 1605 α-ὺτῶνν
1249 1578 1283 1613 ἢν
1312 1577 1475 1613 στηλιτεύων
1500 1579 1514 1604 ὀ
1547 1577 1626 1612 λόγος
1656 1577 1751 1612 φησὶν,
1778 1574 1870 1603 Ἵδενό

1106 1624 1178 1657 Θεὸς
1190 1624 1224 1651 τὰ
1239 1624 1312 1658 ἔργα
1326 1623 1426 1650 αὐτῶν
1440 1632 1448 1640 ι
1461 1623 1526 1658 περὶ
1538 1623 1592 1649 τῶν
1613 1622 1762 1649 Νινευῐτῶν
1788 1619 1869 1656 δηλαδὴ

1105 1671 1227 1705 φάσκων,
1244 1670 1287 1697 ὅτι
1316 1670 1514 1704 ἀπέστρεψαν
1544 1669 1604 1697 ἀπὸ
1628 1668 1689 1695 τῶν
1704 1668 1780 1696 ὁδῶν
1789 1666 1869 1694 αὐτῶν

1104 1715 1163 1743 τῶν
1193 1715 1342 1750 πονηρῶν,
1365 1716 1413 1743 καί
1438 1716 1607 1751 μετενόησε
1619 1714 1673 1741 τοῦ
1691 1714 1809 1748 ποιῆσαι
1829 1713 1869 1738 αὐ-

1103 1761 1176 1794 τοῖς,
1194 1761 1242 1788 καὶ
1256 1762 1311 1788 οὐκ
1326 1761 1462 1794 ἐποίησε.
1476 1760 1531 1787 Καὶ
1555 1759 1695 1794 ἐλυπήθη
1715 1758 1819 1791 Ἰωνᾶς,
1832 1756 1868 1782 καὶ

1103 1805 1168 1835 εἷπε
1181 1815 1188 1822 θ
1201 1807 1266 1834 Νῦν
1281 1807 1415 1834 δέσποτα
1435 1807 1534 1840 Κύριε,
1552 1805 1626 1833 λάὕε
1645 1805 1686 1840 δὴ
1710 1805 1766 1839 τὴν
1783 1803 1869 1838 ψυχήν

1101 1862 1160 1888 μου
1173 1853 1224 1880 ἀπ’
1237 1852 1321 1887 ἐμοῦ,
1336 1852 1379 1879 ὅτι
1391 1852 1488 1880 καλὸν
1507 1852 1539 1879 τὸ
1553 1852 1718 1879 ἀποθανεῖν
1729 1859 1775 1885 με,
1788 1850 1805 1883 ἦ
1817 1848 1866 1881 ζῇν.

1105 1900 1162 1927 Καὶ
1181 1898 1270 1930 αὖθις
1288 1899 1342 1925 Καὶ
1358 1898 1524 1933 προσέταξε
1538 1899 1646 1931 Κύριος
1671 1899 1689 1924 ό
1719 1897 1789 1929 Θεὸς
1805 1894 1866 1922 σκὼ-

1105 1945 1176 1977 ληκι
1192 1943 1298 1977 ἐωθινῇ
1309 1943 1345 1977 τῇ
1361 1943 1514 1976 ἐπαύριον,
1525 1942 1574 1970 καὶ
1589 1942 1720 1974 ἐπάταξε
1735 1941 1788 1975 τὴν
1798 1941 1844 1966 πολ
1854 1939 1866 1957 ‘-

1103 1997 1226 2019 κυνταν,
1245 1989 1294 2015 καὶ
1321 1988 1523 2022 ἀπεξηράνθη.
1551 1987 1606 2014 Καὶ
1628 1987 1748 2021 ἐγένετο
1773 1985 1824 2018 ἅμα
1837 1981 1866 2013 τῷ

1102 2034 1257 2062 ἀνατεῖλαι
1270 2035 1326 2061 τὸν
1348 2034 1448 2068 ἣλιον,
1464 2034 1512 2060 καὶ
1528 2033 1680 2065 ἐπάταξεν
1697 2034 1714 2060 ὁ
1737 2032 1813 2065 ἥλιος
1827 2027 1864 2055 ἐπὶ

1102 2080 1160 2115 τὴν
1175 2081 1313 2116 κεφαλὴν
1336 2080 1430 2112 Ἰωνᾶ,
1442 2080 1490 2107 καὶ
1502 2079 1718 2114 (ἐλιποψύχησε
1728 2099 1734 2110 ,
1752 2077 1795 2104 καὶ
1817 2075 1862 2102 ἁπ-

1102 2127 1222 2162 ελέγετο
1234 2127 1291 2161 τὴν
1308 2126 1385 2160 ζωὴν
1400 2127 1503 2159 αὐτοῦ,
1520 2126 1569 2153 καὶ
1583 2124 1659 2152 εἷπε·
1673 2127 1773 2152 Καλόν
1783 2132 1826 2158 μοι
1837 2119 1865 2155 ἦν

1102 2172 1265 2200 ἀποθανεῖν
1276 2180 1324 2206 με,
1339 2172 1357 2205 ἢ
1369 2171 1431 2205 ζῇν.

1069 2209 1092 2237 Ῐ)
1141 2217 1243 2253 Νινευὴ
1267 2217 1358 2244 τοίνυν
1380 2217 1464 2249 ἐστὶν,
1481 2218 1497 2251 ὴ
1517 2217 1571 2243 τῶν
1595 2218 1681 2245 ἐθνῶν
1702 2212 1862 2250 Ἐκκλησίανῆ

1104 2263 1238 2298 δεξαμένη
1249 2262 1295 2289 τὸν
1316 2262 1394 2296 λόγον
1410 2262 1460 2297 τῆς
1476 2263 1604 2298 χάριτος,
1617 2262 1666 2289 καὶ
1683 2260 1863 2295 ἁποστραφεῖεα

1105 2309 1154 2343 τὴν
1187 2309 1324 2345 προτέραν
1341 2308 1445 2343 πλάνην
1463 2308 1518 2334 τῶν
1539 2308 1668 2341 εἰδώλων,
1686 2308 1733 2334 καὶ
1747 2306 1787 2333 διὰ
1802 2303 1863 2331 τοῦτο

1106 2356 1234 2386 σωθεῖσα,
1252 2356 1359 2390 καὶτῆς
1374 2354 1427 2381 τῶν
1445 2355 1568 2390 οὐρανῶν
1582 2355 1730 2387 ἀξιωθεῖσα
1745 2352 1822 2386 δόξης-
1839 2348 1862 2374 Ἡ

1106 2402 1135 2429 δὲ
1149 2402 1235 2437 σκηνὴ
1248 2402 1281 2437 ἣν
1296 2401 1411 2434 ἐξελθὼν
1424 2401 1478 2427 ἀπὸ
1492 2402 1541 2436 τῆς
1554 2401 1659 2432 πόλεως
1669 2399 1754 2435 ἑαυτῷ
1769 2396 1862 2429 πεποίη-

1106 2454 1155 2473 κεν
1177 2445 1279 2477 Ἰωνᾶς,
1302 2443 1428 2476 εἰκονίζει
1450 2444 1499 2479 τὴν
1525 2444 1601 2470 κάτω
1624 2443 1802 2479 Ἰερουσαλὴμ,
1827 2439 1862 2464 καὶ

1104 2490 1150 2517 τὸν
1179 2490 1208 2516 ἐν
1233 2490 1301 2525 αὐτῇ
1320 2489 1509 2525 χειροποίητον
1531 2489 1605 2516 ναόν.
1623 2490 1656 2516 Ἢ
1674 2489 1702 2515 δὲ
1725 2487 1860 2514 κολόκυνειι

1104 2535 1153 2571 τὴν
1169 2536 1197 2563 ὲν
1218 2536 1290 2571 μόνῳ
1320 2535 1359 2570 τῷ
1378 2535 1524 2571 γράμματι
1545 2535 1713 2571 πρόσκαιρον
1737 2533 1780 2560 τοῦ
1797 2531 1861 2564 νόμω

1105 2581 1155 2616 τῆς
1169 2580 1329 2616 σωματικῆς
1343 2580 1470 2616 λατρείας
1489 2581 1568 2607 σκιὰν
1592 2580 1770 2616 προδιέγραφε
1780 2599 1785 2608 ,
1797 2574 1861 2612 μηδὲν

1105 2625 1135 2652 τὺ
1153 2626 1264 2652 σύνολον
1277 2625 1392 2660 ἔχουσαν
1409 2625 1533 2661 μόνιμον,
1554 2626 1600 2652 καὶ
1613 2625 1659 2652 τὸν
1669 2625 1731 2652 νοῦν
1744 2619 1860 2658 canopi-Ml

1105 2671 1264 2707 δυνάμενον.
1285 2671 1316 2698 '0
1329 2671 1358 2698 δὲ
1373 2672 1481 2706 σκώληξ
1495 2672 1568 2698 ἐστὶν
1579 2692 1585 2703 ,
1597 2672 1611 2698 ὁ
1624 2671 1724 2706 Κύριος
1743 2667 1811 2705 ἡμῶν
1824 2662 1859 2690 καὶ

1105 2716 1170 2747 Θεὸς
1193 2716 1295 2752 Ἰησοῦς
1324 2718 1450 2752 Χριστὸς,
1466 2718 1504 2749 ὼς
1521 2717 1604 2749 αὐτὸς
1624 2718 1688 2752 περὶ
1701 2714 1789 2743 ἑαυτοῦ
1800 2713 1823 2738 ἐν
1832 2708 1860 2742 τῷ

1107 2763 1234 2799 προφήτῃ
1256 2763 1337 2790 Δαϐὶδ
1363 2764 1440 2799 φησὶ,
1456 2763 1580 2799 Σκώληξ
1602 2763 1671 2798 ειμι,
1689 2764 1735 2790 καὶ
1755 2761 1803 2788 οὐκ
1822 2757 1859 2783 ἀν’·

300 2853 325 2869 ⁸⁵
339 2853 402 2881 Jon.
423 2861 462 2886 In,
479 2852 529 2885 10;
547 2859 583 2884 IV,
600 2852 627 2886 ‘2,
639 2852 665 2878 3.
704 2852 725 2867 ⁸⁷
747 2851 813 2878 ibid.
827 2851 853 2885 7,
867 2851 894 2878 8.
933 2851 955 2867 ⁸⁸
967 2850 1037 2878 Psal.
1056 2858 1111 2882 xxi,
1128 2851 1152 2878 7.
