1923 3080
54 159 158 191 apameae
169 163 175 169 '
193 155 302 192 σκώληξ
318 156 364 184 διὰ
390 157 439 193 τὴν
463 156 683 193 προσληφθεῖσαν
705 157 824 191 ἄσπορον
839 157 860 184 Α

53 203 142 238 σάρκα,
157 202 204 228 καὶ
227 203 374 238 γενόμενος
401 203 507 238 ἀληθῶς
539 204 587 232 καὶ
607 203 764 239 λεγόμενος.
782 203 826 234 Ὠς

52 249 119 283 γᾷρὸ
128 248 236 284 σκώληξ
249 249 418 284 συνδυασμὸν
432 250 482 276 οὐκ
493 249 560 285 ἔχει,
577 249 624 276 καὶ
638 249 712 290 μίξιν
727 257 827 283 προκα-

51 294 211 329 θηγουμένην
222 293 304 321 αὑτοῦ
318 294 367 330 τῆς
385 294 527 328 γενέσεως,
546 294 632 327 οὕτως
641 295 702 322 οὐδὲ
714 294 763 330 τῆς
777 303 827 321 κα-

51 341 81 368 τὰ
94 341 179 376 σάρκα
192 341 345 376 γεννήσεως
357 341 404 368 τοῦ
416 342 527 376 Κυρίου,
539 342 770 377 προκαθηγήσατο
787 341 827 376 μί-

51 387 174 422 ξις.11ρὸς
197 387 236 419 δὲ,
257 387 304 414 καὶ
325 387 364 420 ὡς
379 387 474 424 δέλεαρ
495 390 564 424 πρὸς
585 388 634 425 τὴν
649 388 757 423 ἀπάτην
779 395 826 414 του

49 433 161 460 διαόόλου
173 433 212 468 τῷ
226 434 275 468 τῆς
289 433 417 470 Θεότητος
429 434 571 470 ἀγκίστρῳ
584 434 764 471 περιθέμενος
779 434 812 461 αὖ

49 480 102 513 τὴν,
115 479 145 505 ἵν’
156 479 194 510 ὡς
209 479 346 515 ἄπληστος
358 480 372 506 ό
387 479 482 515 νοητὸς
498 479 615 515 δράκων,
629 479 672 506 διὰ
683 479 733 515 τὴν
745 479 826 514 φύσιν

50 523 200 559 εὐχείρωτον
216 523 263 559 τὴν
278 524 368 560 σάρκα
382 524 549 560 περιχανὼν,
561 524 600 560 τῷ
620 525 670 559 τῆς
696 524 825 561 θεότητος

49 569 179 604 ἀγκίστρῳ
210 571 387 606 περισπαρῇ·
409 571 456 597 καὶ
476 570 537 597 ὅλον
560 570 646 606 ἐμέσῃ
664 570 708 598 διὰ
729 571 779 606 τῆς
796 570 825 605 ἐξ

49 615 118 649 ἡμῶν
142 615 225 649 ἀγίας
248 615 294 642 τοῦ
312 616 400 651 Λόγου
427 617 538 653 σαρκὸς,
557 617 757 645 καταποθείσαν
773 617 825 653 ἤδη

49 661 91 695 τὴν
105 661 184 696 φύσιν
195 661 247 696 τὴν
259 661 435 698 ἀνθρωπίνην
449 670 456 677 ”
478 663 510 690 ἵν’
526 663 564 695 ὠς
585 663 699 690 κατέπιε
725 663 824 699 πρότε-

50 715 90 742 ρον
109 708 236 740 δελεάσας
257 708 343 735 ὲλπίδι
366 708 492 745 θεότητος
515 709 560 736 τδν
573 709 725 746 ἄνθρωπον,
739 710 824 743 οὕτως

50 753 248 788 ἀνθρωπότητος
278 754 474 789 προσλήμματι
514 754 679 788 δελεασθεὶς,
711 755 824 791 ὕστερον

49 798 125 834 ἐμέσῃ
132 799 177 826 τ³ιν
188 800 362 835 ἀπατηθέντα
378 800 421 827 διὰ
434 800 598 836 προσδοκίαν
608 800 744 837 θεότητος,
754 801 825 828 ἀπα-

49 844 132 878 τηθεὶς
141 844 351 880 ἀνθρωπότητος
364 845 513 882 προσδοκίᾳ.
523 854 530 861 ·
551 846 600 873 καὶ
612 847 682 882 φανῇ
695 846 727 872 τὸ
740 846 825 882 ὑπερη

49 890 135 917 ϐάλλον
157 891 208 926 τῆς
231 891 306 923 θείας
326 892 468 928 δυνάμεως
479 912 486 925 ,
502 892 547 919 διὰ
556 892 606 928 τῆς
618 892 759 924 ἀσθενείας
776 894 825 929 τῆς

49 937 202 972 ἡττηθείσης
221 937 330 972 φύσεως
345 937 465 974 νικώσης
477 938 527 974 τὴν
544 939 622 974 ίσχὺν
634 938 679 965 τοῦ
697 939 824 973 νικήσαν-

47 989 106 1013 τος⁸
126 981 172 1008 καὶ
181 982 274 1017 δειχθῇ
287 982 369 1009 πλέον
394 983 477 1009 νικῶν
498 984 512 1010 δ
540 983 606 1016 Θεὸς
629 983 676 1011 τὸν
701 983 824 1012 διάϐολον

48 1027 156 1064 προϐολῇ
172 1027 224 1063 τῆς
242 1028 343 1064 σαρκὸς
365 1027 506 1064 χρώμενος
516 1049 523 1061 ,
537 1029 553 1065 ἢ
582 1030 628 1056 τὸν
653 1029 797 1066 ἄνθρωπον
811 1032 825 1058 ό

47 1072 158 1106 διάϐολος
174 1075 256 1109 φύσιν
278 1074 405 1110 θεότητος
427 1075 643 1111 ὑπισχνούμενος
655 1076 722 1111 (55).
740 1073 824 1108 Οὗτος

48 1119 59 1144 ὸ
72 1119 173 1156 σκώληξ
202 1120 320 1154 ἐπάταξε
333 1120 382 1157 τὴν
397 1121 571 1155 κολόκυνταν,
587 1122 634 1149 καὶ
648 1121 805 1159 ἀπεξήρανε
816 1131 822 1138 ·

47 1165 90 1199 τὴν
104 1166 217 1201 νομικὴν
242 1166 313 1201 λέγω
331 1167 461 1203 λατρείαν
482 1168 657 1204 κατήργησεν
680 1168 718 1200 ὡς
735 1169 822 1201 σκιὰν,

48 1209 90 1235 καὶ
119 1209 167 1245 τὴν
183 1211 213 1237 ὲν
225 1211 293 1247 αὐτῇ
304 1211 359 1239 τῶν
380 1212 516 1240 Ἰουδαίων
537 1213 709 1249 ἁπεξήρανεν
725 1214 822 1249 οἴησιν.

79 1253 130 1280 Καὶ
140 1254 259 1289 ἐγένετο
272 1255 307 1289 τῇ
320 1256 464 1290 ἐπαύριον
474 1256 534 1291 ἅμα
554 1256 593 1290 τῷ
606 1257 759 1285 ἀνατεῖλαι
773 1259 825 1284 ταῖν

48 1298 136 1331 ἣλιον.
160 1301 308 1337 Ἐπαύριον
337 1302 395 1338 μὲν,
412 1303 454 1329 ὅτι
482 1303 551 1338 μετά
571 1303 621 1339 τὴν
641 1303 757 1340 πάροδον
770 1304 824 1330 τῶν

48 1345 110 1372 κατά
126 1346 208 1382 νόμον
220 1347 344 1374 τυπικῶν
358 1348 540 1383 αἰνιγμάτων,
551 1349 599 1376 καὶ
608 1349 655 1376 τὸν
669 1350 824 1385 ὡρισμένον

47 1391 132 1426 χρόνον
146 1392 197 1428 τῆς
212 1394 273 1420 κατ’
281 1393 360 1420 αὑτὸν
376 1395 535 1430 σωματικῆς
548 1395 686 1431 λατρείας,
703 1395 749 1426 τοῦ
764 1404 824 1423 και-

46 1437 86 1464 νοῦ
99 1439 247 1475 μυστηρίου
264 1440 344 1476 χάρις
357 1440 510 1473 ἀνέτειλεν,
525 1442 634 1477 ἡμέραν
662 1441 745 1477 ἄλλην
761 1450 824 1469 ποι-

45 1484 105 1534 olida
120 1485 247 1520 γνώσεως
267 1487 388 1522 ὑψηλῆς,
400 1487 447 1514 καὶ
461 1487 564 1523 ἀρετῆς
590 1487 693 1521 ἐνθέου,
708 1489 757 1524 τῆς
776 1489 822 1515 καὶ
835 1504 858 1534 c

45 1529 93 1556 τῶν
107 1530 293 1566 ἀντεχομένων
311 1531 397 1567 αὐτῆς
412 1532 556 1568 θεωτικήν.
570 1532 647 1559 Μετὰ
660 1532 714 1569 γὰρ
725 1533 756 1560 τὺ
768 1542 822 1560 πα-

44 1574 116 1607 τάξαι
128 1575 173 1602 τὸν
189 1576 321 1612 σκώληκα
335 1576 430 1604 τοῦτον
446 1577 496 1613 τὴν
524 1577 697 1612 κολόκυνταν,
716 1578 763 1605 καὶ
776 1578 823 1605 τὸν

45 1619 114 1655 ηλιον
142 1621 256 1649 τοῦτον·
279 1623 293 1649 ὁ
317 1622 397 1654 αὐτὸς
420 1622 476 1659 γὰρ
496 1623 542 1650 καὶ
569 1623 678 1659 σκώληξ
700 1624 760 1651 ἐστὶ
775 1624 823 1651 καλ⁴

45 1665 112 1700 ἥλιος
135 1667 310 1703 δικαιοσύνης
328 1667 394 1705 (56)·
410 1668 441 1695 τὸ
464 1669 525 1704 μὲν,
537 1669 574 1701 ὼς
597 1669 727 1706 ἁσπὸρως
752 1670 824 1697 κατά

47 1711 127 1747 σάρκα
143 1713 315 1749 τικτόμενος,
332 1714 381 1741 καὶ
394 1715 485 1741 πᾶσαν
502 1714 702 1750 διαφεύγουσαν
719 1716 823 1743 ἔννοιαν

46 1757 106 1791 ἔχων
122 1759 170 1794 τὴν
186 1759 319 1794 σύλληψιν
334 1767 341 1774 ·
362 1760 393 1786 τὺ
407 1760 446 1793 δὲ,
458 1759 496 1793 ὡς
517 1761 568 1787 ὑπὸ
582 1762 633 1797 γῆν
648 1760 682 1787 δι’
692 1761 742 1796 ἐμὲ
754 1762 824 1789 κατὰ

45 1802 72 1828 τὸ
87 1804 131 1830 τοῦ
148 1804 267 1832 θανάτου
280 1806 328 1832 καὶ
337 1805 388 1841 τῆς
398 1805 487 1841 ταφῆς
504 1807 655 1842 μυστήριον
664 1807 821 1841 γενόμενος*

46 1848 88 1874 καὶ
105 1849 141 1880 ὡς
165 1849 225 1885 φῶς
248 1850 334 1877 ἀΐδιον
359 1850 439 1885 φύσει
459 1850 493 1877 δι’
516 1850 613 1878 ἑαυτὸν
635 1851 776 1887 ὑπάρχων,
791 1852 824 1878 ὲκ

44 1894 141 1930 νεκρῶν
154 1895 299 1928 ἀνατείλας
321 1896 365 1922 διὰ
380 1896 432 1932 τῆς
443 1897 626 1930 ἀναστάσεως,
638 1898 824 1933 προσέταξεν

43 1940 58 1966 ό
71 1940 137 1974 Θεὸς
151 1942 302 1976 πνεύματι
315 1942 473 1976 καύσωνος
489 1943 675 1977 συγκαίοντι,
687 1943 735 1970 καί
751 1943 824 1970 ἐπά-

43 1984 126 2016 ταξεν
141 1987 157 2012 ὀ
175 1986 263 2020 ἥλιος
277 1986 326 2014 ἐπὶ
342 1986 399 2021 τὴν
410 1987 548 2022 κεφαλὴν
566 1987 662 2016 Ἰωνᾶ.
676 1989 754 2016 Μετὰ
770 1989 824 2024 γὰρ

41 2030 86 2065 τὴν
100 2031 233 2068 ἀνατολὴν
249 2032 294 2060 τοῦ
309 2033 386 2068 ἡλίου
409 2034 458 2069 τῆς
473 2033 647 2070 δικαιοσύνης
659 2054 666 2067 ,
676 2036 760 2070 ἧγουν
775 2035 824 2071 τὴν

42 2075 183 2104 ἀνάστασιν
197 2077 244 2105 τοῦ
258 2079 360 2114 Κυρίου
375 2080 422 2106 καὶ
437 2080 487 2115 τὴν
505 2080 648 2116 ἀνάληψιν,
659 2082 673 2108 ό
686 2081 824 2116 συγκαίων

43 2121 144 2149 καύσων
164 2123 221 2149 τῶν
232 2124 394 2160 πειρασμῶν
409 2123 538 2160 ἐπῆλθεν,
552 2126 749 2162 ἀμετανοήτοις
762 2127 824 2162 μεί-

840 826 861 855 Β

568 100 813 138 QU/ESTIONES
832 100 882 139 AD
900 101 1154 135 THALASSIUM.

1614 108 1665 140 7H

877 156 981 183 semine
998 165 1120 191 carnem,
1138 163 1195 185 tum
1218 167 1283 187 vere
1303 159 1407 188 vermis
1436 160 1524 189 factus
1545 161 1591 196 sit,
1607 167 1665 190 tum

879 202 1040 236 appelletur.
1054 203 1291 236 Quemadmodum
1303 205 1377 232 enim
1391 206 1492 234 vermis
1504 207 1579 234 nullo
1591 208 1666 236 coitu

878 246 1009 282 nullaque
1039 257 1153 277 sexuum
1180 250 1308 278 mistione
1332 251 1423 279 oritur
1438 260 1471 280 ac
1493 258 1665 288 procreatur,

878 293 918 321 sic
945 301 996 322 nec
1028 295 1179 323 Dominicae
1201 297 1352 325 secundum
1378 306 1488 327 carnem
1518 295 1665 334 nativitati,

878 340 1034 368 commistio
1053 341 1107 368 ulla
1132 349 1225 370 comes
1247 342 1309 370 fuit.
1336 343 1376 371 Ad
1396 344 1454 372 btec
1478 345 1573 379 etiam,
1588 347 1666 374 velut

877 385 1032 415 divinitatis
1056 387 1138 415 hamo
1155 397 1188 416 ea
1203 389 1347 425 apposita;
1365 394 1395 417 ut
1411 390 1518 419 scilicet
1533 391 1665 427 spiritalis

878 431 962 459 draco
987 433 1064 461 velut
1082 433 1257 467 insatiabilis,
1280 435 1314 462 ob
1331 440 1459 464 naturam
1475 437 1562 472 ipsam
1579 437 1665 473 fragi-

877 479 942 512 lem,
957 480 1033 507 carni
1048 480 1169 514 inhians,
1184 481 1337 509 divinitatis
1347 482 1429 510 hamo
1439 483 1663 519 transﬁgeretur;

877 532 909 553 ac
929 533 1011 561 quam
1026 526 1082 562 jam
1099 526 1280 555 absorbuerat
1294 527 1442 556 humanam
1456 533 1594 563 naturam,
1615 537 1666 565 per

875 569 958 598 Verbi
984 578 1095 599 carnem
1119 579 1152 599 ex
1180 571 1261 600 nobis
1287 577 1466 608 assumptam,
1493 577 1578 601 totam
1600 582 1665 602 evo-

876 621 979 649 meret;
998 621 1029 644 ut
1043 617 1274 652 quemadmodum
1290 622 1447 654 exspectata
1468 619 1575 647 Deitate
1588 620 1665 647 velut

875 668 937 688 esca
958 661 1080 689 illectum
1101 662 1242 690 hominem
1258 666 1339 698 atque
1357 662 1503 693 seductum
1527 667 1591 691 ante
1617 664 1665 692 ab-

875 707 1032 740 sorbuerat,
1065 707 1106 735 sic
1131 708 1190 743 ipse
1216 712 1363 743 assumptae
1391 708 1574 737 humanitatis
1601 716 1665 737 esca

875 751 985 779 illectus
997 752 1195 788 deceptusque,
1216 761 1247 781 ea
1263 753 1379 781 Deitatis
1393 754 1599 790 exspectatione
1614 754 1665 782 de-

875 800 998 831 ceptum,
1023 797 1150 825 humana:
1178 799 1384 834 exspectatione
1407 804 1514 827 natura:
1532 799 1666 836 deceptus

869 846 971 877 postea
990 847 1133 872 evomeret
1151 852 1158 870 :
1175 843 1331 879 divinaeque
1357 844 1468 872 virtutis
1495 845 1663 880 praestantia,

875 895 925 923 per
953 893 1082 916 naturam
1112 897 1173 924 quae
1195 889 1268 918 victa
1292 890 1383 918 fuerat
1409 891 1526 918 victoris
1553 891 1664 920 devicta

874 934 1009 970 potentia,
1034 934 1169 962 illustrior
1193 935 1252 970 ipsa
1275 935 1455 969 claresceret;
1474 937 1664 972 amplioreque

874 980 948 1008 Deus
966 980 1093 1014 victoria,
1118 981 1209 1009 carnis
1236 981 1346 1017 objecta
1371 981 1482 1009 diabolo
1506 982 1586 1017 233
1612 990 1663 1018 po-

875 1026 943 1054 titus
969 1031 1180 1060 monstraretur,
1206 1035 1288 1063 quam
1316 1028 1443 1056 diabolus
1468 1028 1591 1062 homine,
1612 1035 1663 1055 na-

875 1075 964 1099 turam
991 1072 1105 1101 Deitatis
1128 1073 1167 1101 illi
1194 1073 1345 1109 pollicitus.
1363 1074 1473 1102 Vermis
1495 1074 1548 1102 iste
1565 1081 1665 1102 cucur-

874 1117 959 1145 bitam
981 1119 1119 1154 percussit
1145 1127 1177 1147 ac
1198 1119 1327 1153 atefecit;
1349 1127 1449 1155 nempe
1462 1120 1532 1155 legis
1545 1120 1661 1153 cultum,

874 1171 925 1190 ceu
955 1164 1092 1196 umbram,
1120 1164 1252 1198 abolevit,
1277 1169 1360 1200 atque
1390 1165 1418 1192 in
1442 1172 1476 1192 eo
1503 1164 1662 1193 Iudaeorum

874 1210 1006 1237 exstinxit
1027 1209 1127 1238 fastum
1144 1214 1228 1245 atque
1252 1210 1420 1246 iactantiam.

910 1254 944 1282 Et
966 1256 1068 1290 factum
1085 1260 1123 1283 est
1138 1257 1165 1283 in
1181 1256 1336 1289 crastinum,
1354 1256 1525 1292 simulatque
1538 1261 1609 1284 ortus
1626 1261 1664 1284 at

873 1300 914 1328 sol
932 1301 966 1328 δ’.
987 1301 1017 1328 In
1032 1301 1202 1335 crastinum;
1228 1301 1302 1337 quod
1325 1301 1467 1335 nimirum,
1483 1306 1663 1338 posteaquam

873 1346 1001 1383 legalium
1033 1347 1183 1383 ﬁgurarum
1205 1347 1359 1383 aenigmata,
1385 1348 1499 1384 ejusque
1511 1348 1663 1383 corporalis

873 1393 964 1421 cultus
991 1393 1135 1420 deﬁnitum
1153 1397 1261 1428 tempus
1279 1393 1438 1427 transierat,
1453 1393 1517 1421 novi
1537 1393 1662 1429 mysterii

873 1439 971 1474 gratia,
992 1439 1066 1466 diem
1085 1439 1203 1467 alterum
1225 1439 1352 1467 sublimis
1377 1439 1500 1467 scientia:
1528 1439 1661 1471 condens,

875 1484 1041 1520 virtutisque
1063 1485 1164 1513 divinae
1187 1486 1334 1522 (ejusmodi
1351 1486 1468 1519 scilicet.
1493 1493 1554 1521 qua:
1565 1485 1663 1513 sedulo

874 1531 1072 1566 amplectentes
1093 1531 1194 1560 deitate
1205 1531 1343 1567 donaret).
1360 1536 1420 1560 orta
1433 1536 1486 1560 est.
1510 1531 1563 1560 Ubi
1587 1531 1662 1559 enim

874 1577 977 1605 vermis
999 1577 1051 1604 iste
1073 1581 1155 1612 atque
1168 1577 1210 1605 sol
1235 1577 1409 1605 cucurbitam
1427 1577 1564 1612 percussit
1577 1575 1662 1612 (idem

873 1623 947 1650 enim
957 1626 1013 1650 tum
1024 1623 1125 1650 vermis
1137 1623 1170 1654 ‘°,
1180 1626 1239 1650 tum
1247 1623 1409 1659 soljustitiae
1421 1623 1442 1639 “
1451 1631 1458 1656 ;
1467 1623 1586 1650 alterum
1599 1622 1663 1657 qui-

873 1667 948 1701 dem,
960 1668 1034 1703 quod
1048 1668 1152 1704 absque
1165 1669 1221 1696 ullo
1239 1669 1344 1696 semine
1361 1660 1444 1696 natus
1461 1668 1496 1696 sit
1510 1668 1662 1696 secundum

874 1721 997 1746 carnem,
1021 1715 1137 1750 ejusque
1154 1714 1298 1750 conceptio
1314 1715 1370 1741 vim
1393 1721 1503 1742 omnem
1517 1714 1663 1749 cogitantis

874 1758 959 1786 animi
986 1759 1065 1795 longe
1088 1764 1216 1794 superet;
1252 1760 1369 1786 alterum
1394 1767 1470 1793 vero,
1499 1759 1572 1795 quod
1604 1760 1659 1787 mei

875 1812 967 1837 causa,
990 1812 1040 1839 per
1065 1805 1164 1833 mortis
1189 1813 1221 1832 ac
1237 1806 1387 1840 sepultura:
1403 1806 1564 1841 mysterium
1583 1811 1663 1834 terra

875 1851 968 1879 abdita
981 1852 1108 1885 subierit,
1128 1860 1161 1880 ac
1173 1853 1249 1880 velut
1268 1853 1315 1888 qui
1332 1852 1374 1880 sui
1391 1853 1450 1888 ipse
1468 1854 1575 1880 ratione
1588 1860 1662 1881 sem-

874 1896 1015 1932 piternum
1037 1901 1136 1924 natura
1163 1896 1255 1924 lumen
1284 1896 1342 1930 sit),
1357 1904 1407 1932 per
1429 1896 1662 1923 resurrectionem

875 1947 989 1971 exortus
1002 1950 1036 1970 ex
1050 1942 1167 1970 mortuis
1181 1951 1188 1969 τ
1208 1941 1335 1978 Ργωεερῑι
1351 1942 1422 1969 Deus
1439 1942 1544 1978 spiritui
1560 1942 1664 1969 ardori:

876 1989 1055 2022 comburenta‘;
1074 1993 1099 2015 et
1120 1990 1247 2024 percussit
1259 1988 1300 2015 sol
1314 1997 1392 2024 super
1407 1994 1485 2025 caput
1498 1988 1582 2016 Jonte.
1600 1988 1664 2016 Post

876 2039 967 2062 ortum
988 2035 1062 2062 enim
1082 2034 1198 2070 iustitiae
1217 2034 1314 2067 solem,
1337 2034 1364 2062 id
1381 2038 1433 2066 est,
1461 2039 1524 2069 post
1540 2034 1664 2061 Domini-

877 2089 935 2110 cam
955 2081 1187 2109 resurrectionem
1207 2085 1291 2116 atque
1311 2081 1339 2108 in
1365 2081 1450 2109 caelos
1465 2081 1662 2116 receptionem,

876 2127 1041 2155 comburens
1051 2127 1234 2156 tentationum
1246 2127 1329 2154 ardor
1340 2126 1449 2154 Iudaeos
1460 2127 1664 2161 impmnitcntes

43 2174 97 2192 νασι
113 2169 170 2200 τοίς
189 2168 339 2202 Ἰουδαίοις,
357 2169 403 2195 καὶ
419 2170 554 2204 ἐπάταξεν
565 2170 665 2202 αὐτοὺς
680 2171 721 2203 είς
737 2180 821 2206 κεφα-

878 2174 988 2206 invasit,
998 2174 1128 2210 justeque
1138 2173 1243 2208 judicio
1262 2172 1290 2200 in
1309 2180 1406 2201 eorum
1419 2172 1508 2207 capita
1523 2172 1585 2199 illos
1603 2179 1666 2207 per-

42 2209 84 2243 λὲις
97 2213 186 2240 αὐτῶν
201 2214 274 2241 κατά
285 2214 393 2242 δικαίαν
403 2215 505 2251 κρίσιν,
520 2216 699 2252 ἐπιστρέψας,
708 2217 780 2245 κατά
793 2217 824 2245 τὸ

43 2260 239 2295 γεγραμμένον,
252 2261 297 2287 τδν
314 2261 395 2288 πόνον
410 2261 500 2288 αὐτῶν
515 2263 556 2294 είς
572 2262 622 2295 τὰς
641 2263 763 2298 κεφαλὰς
775 2263 824 2291 αὐ-

42 2302 89 2329 τῶν
107 2312 114 2319 ·
132 2305 226 2338 καθὼς
248 2307 325 2333 αὐτοὶ
355 2307 539 2343 προλαῦόντες
552 2308 667 2344 ηὔξαντο
683 2309 745 2336 καθ’
757 2311 821 2338 ἑαυ-

41 2349 233 2385 τῶν,είπόντες
247 2360 254 2368 ·
271 2353 305 2380 Τὸ
320 2351 392 2388 alga
415 2355 509 2382 αὑτοῦ
533 2355 579 2390 ἐφ’
596 2356 745 2391 ὴμᾶς,καὶ
774 2357 822 2384 ἐπὶ

41 2395 171 2425 τὰτέκνα
197 2398 293 2435 ἡμῶν.
312 2399 411 2434 Σαφῶς
431 2400 485 2437 γὰρ
503 2400 572 2437 μετὰ
598 2402 648 2438 τὴν
675 2403 823 2431 ἀνάστασιν

40 2442 82 2468 καὶ
97 2444 146 2480 τὴν
171 2444 307 2480 ἀνάληψιν
327 2444 374 2472 τοῦ
391 2446 527 2482 Σωτῆρος,
542 2447 652 2483 πνεῦμα
682 2448 822 2481 καύσωνος

41 2487 104 2533 άγαν
113 2491 304 2524 συγκαίοντος,
318 2491 335 2527 ἡ
353 2491 398 2519 διὰ
414 2492 467 2519 τῶν
480 2492 565 2520 ἐθνῶν
577 2494 718 2530 ἐκδίκησις
736 2496 822 2533 ὲπῆλο

42 2532 81 2577 θεν
97 2535 187 2567 αὐτοῖς
210 2544 217 2551 ·
238 2536 285 2563 καὶ
301 2537 402 2569 παντὸς
424 2537 471 2564 τοῦ
485 2537 578 2571 ἔθνους
595 2539 722 2576 καθάπερ
736 2532 820 2577 κεφα-

41 2575 84 2612 λὴν
96 2577 144 2614 τὴν
157 2579 251 2613 δόξαν.
267 2580 314 2607 καὶ
334 2581 364 2608 τὺ
378 2581 479 2617 κράτος
494 2583 628 2616 πατάξας,
643 2575 793 2614 κατέλαϐεν
808 2588 823 2613 ὁ

41 2622 107 2657 ἣλιος
121 2626 135 2652 ὸ
152 2625 221 2660 ἐμός
231 2634 237 2640 ·
251 2626 319 2662 πρὸς
330 2626 359 2654 δν
373 2628 436 2659 τοὺς
453 2627 611 2664 ὀφθαλμοὺς
634 2631 684 2665 τῆς
702 2631 822 2665 διανοίας

41 2668 230 2705 ἐπιμύααντες,
244 2671 274 2698 τὸ
285 2671 344 2704 φῶς
357 2672 406 2707 τῆς
418 2672 547 2708 ἀληθιίας
558 2675 650 2708 αὐτοῖς
664 2677 822 2712 ὲπτλάμψαν

41 2713 84 2741 οὐκ
98 2715 233 2750 ιγνωσαν.

877 2220 963 2248 cussit
979 2228 987 2253 ;
1007 2227 1106 2254 nempe
1120 2227 1217 2247 eorum
1241 2219 1365 2246 dolorem
1389 2218 1417 2246 in
1435 2222 1517 2253 caput
1540 2218 1664 2253 ipsorum

877 2269 1052 2297 convertens,
1071 2265 1118 2292 'uti
1141 2265 1275 2300 scriptum
1299 2268 1341 2292 est
1362 2265 1401 2297 ";
1430 2264 1664 2299 quemadmodum

877 2312 917 2339 illi
935 2316 1015 2340 antea
1040 2311 1093 2339 sibi
1114 2311 1223 2338 fuerant
1245 2310 1421 2346 comprecati,
1445 2317 1508 2337 cum
1520 2310 1664 2337 dicerent:

879 2359 993 2395 Sanguis
1011 2360 1068 2394 ejus
1090 2367 1168 2394 super
1194 2366 1252 2390 nos,
1270 2362 1294 2385 et
1314 2366 1393 2393 super
1408 2357 1479 2392 ﬁlias
1500 2361 1602 2384 nostros
1628 2357 1663 2384 ⁵³.

876 2406 968 2433 Palam
983 2405 1057 2433 enim
1085 2410 1148 2440 post
1172 2404 1320 2433 Salvatoris
1335 2403 1566 2431 resurrectionem
1580 2406 1663 2437 atque

876 2451 904 2478 in
926 2450 1010 2478 caelos
1033 2451 1230 2485 receptionem,
1255 2449 1369 2484 spiritus
1391 2448 1498 2475 ardoris
1521 2455 1554 2474 ac
1581 2451 1664 2474 astus

876 2495 1021 2531 ejusmodi,
1036 2495 1084 2530 qui
1106 2496 1239 2523 acerrime
1260 2499 1354 2521 ureret
1372 2493 1459 2529 (illata
1478 2493 1585 2520 scilicet
1599 2500 1664 2527 gen-

876 2540 945 2568 tium
969 2540 1149 2576 impressione
1176 2538 1255 2574 ultio)
1282 2538 1349 2573 ipsis
1376 2537 1495 2572 ingruit;
1519 2536 1663 2572 gerulisque

877 2586 963 2613 totius
979 2585 1056 2613 velut
1070 2584 1303 2620 caput,(gloriam
1324 2591 1356 2611 ac
1380 2582 1560 2618 potestatem)
1586 2590 1666 2610 meus

876 2632 917 2660 sol
941 2631 1054 2666 justitia:
1074 2630 1242 2666 percutiens,
1271 2629 1436 2665 prostravit;
1460 2629 1487 2656 in
1512 2638 1594 2665 quem
1618 2637 1664 2657 oc-

877 2677 961 2705 clusis
987 2676 1070 2704 animi
1095 2676 1193 2708 oculis,
1215 2675 1288 2711 quod
1316 2676 1357 2704 eis
1383 2676 1509 2704 illuxerat
1539 2676 1664 2704 veritatis

877 2723 981 2755 lumen,
1003 2730 1058 2749 non
1080 2726 1276 2757 cognoverunt.

77 2818 182 2849 “lenae
193 2829 232 2853 tv,
243 2822 269 2849 8.
307 2823 331 2839 "
349 2823 421 2850 Psal.
439 2831 493 2855 ut,
514 2824 529 2851 7
578 2822 599 2839 "
618 2823 783 2859 M.ulach.n',
803 2825 830 2853 9.
867 2825 890 2842 "
905 2825 977 2854 Psal.
993 2833 1041 2859 vn,
1056 2825 1096 2852 17.
1137 2825 1159 2840 ⁵³
1173 2824 1267 2852 Matth.
1285 2832 1365 2859 xxv",
1384 2825 1428 2852 25.

151 2868 290 2898 Parnm"
311 2870 370 2900 Gn.
390 2870 448 2900 XC.

1422 2856 1502 2902 23'
