1923 3080
67 161 130 195 5'25

599 165 844 200 QUIESTIONES
871 167 920 196 AD
938 167 1192 197 TIIALASSIUM.

1653 170 1706 201 726

71 216 213 249 παντελῶς
243 216 294 244 οὐκ
315 217 389 245 ἔστιν
416 218 433 253 ἡ
460 217 507 245 νῦν
524 219 662 253 κρατοῦσα
685 221 734 256 τῆς
756 221 863 256 φύσεως

922 221 989 249 linis
1005 222 1146 249 vinculum
1163 225 1219 255 est;
1237 230 1292 250 una
1309 223 1450 252 voluntate
1467 232 1498 252 ac
1517 226 1661 258 sententia,
1677 227 1704 255 in

70 264 117 292 διὰ
131 263 180 298 τὴν
195 263 337 297 φιλαυτίαν
350 263 489 300 διαίρεσις.

918 275 1000 296 unam
1015 276 1111 296 omnes
1124 277 1224 304 cogens
1239 275 1343 297 natura:
1357 271 1505 298 rationem-
1524 271 1551 298 in
1564 279 1617 306 qua
1629 271 1704 299 nullo

70 316 188 344 prorsus
198 308 280 336 modo
292 313 343 342 est,
353 317 414 344 quae
428 319 502 339 nunc
515 313 635 347 perversi
648 313 750 340 amoris
762 312 861 348 privati
880 313 952 347 labe,
965 318 1071 342 natura:
1083 314 1183 343 divisio
1194 315 1278 351 viget.

115 356 145 388 Ὀ
168 355 197 382 δὲ
214 356 337 391 γραπτὸς
363 357 444 392 νόμος
455 358 522 393 (48),
543 359 618 394 φόϐῳ
635 358 689 385 τῶν
717 359 862 394 ἐπιτιμίων

70 402 181 437 ὶπέχων
206 402 256 433 τὰς
284 402 418 436 ἀτάκτους
444 405 498 431 τῶν
529 405 737 441 ἁφρονεστὲρων
764 405 862 440 ὁρμὰς,

70 448 158 480 ἐθίζει
182 448 316 475 διδάσκων
337 450 405 484 πρὸς
426 450 510 485 μόνην
535 450 634 483 αὐτοὺς
660 452 726 486 όρᾷν
751 451 799 486 τὴν
816 450 862 476 τοῦ

60 494 133 536 ὶἴσον.)
157 495 288 530 διανομὴν
301 515 309 527 ,
323 495 385 522 καθ’
406 496 439 531 ἢν
453 497 502 531 τῆς
522 497 695 533 δικαιοσύνης
711 498 741 524 τὸ
762 497 863 532 κράτος

64 538 162 578 ξχρόνῳ
178 541 337 576 βεϐαιωοὲν,
354 542 395 574 εἰς
407 542 488 576 φύσιν
502 543 661 578 μεθίσταται
675 551 681 558 ·
706 543 800 570 ποιοῦν
818 543 863 570 τὸν

138 575 233 620 (ῥόδον,
247 587 367 614 διάθεσιν
384 575 478 624 ἡρέμα
496 575 566 616 κατὰ
582 591 679 624 μικρὸν
694 591 728 625 τῇ
750 590 814 625 περὶ
833 589 864 616 τὺ

69 631 157 658 καλὸν
178 632 275 668 γνώμῃ
294 634 482 670 κρατουμένην
495 643 502 650 θ
528 636 583 668 ἕξιν
607 635 635 662 δὲ
653 636 702 671 τὴν
716 635 862 671 συνήθειαν

68 678 105 712 τῇ
121 677 191 713 λήθῃ
206 678 259 704 τῶν
272 679 415 715 προτέρων
435 680 649 716 καθαιρομένην,
665 682 754 713 καὶτὸ
770 681 864 716 φιλάλ-

69 718 154 758 ληλον
179 725 263 760 ἑαυτῇ
293 726 562 760 συναποτίκτουσαν,
590 727 651 754 καθ’
674 727 688 753 ὃ
708 727 754 754 τοῦ
780 728 863 763 νόμου

70 770 198 804 γίνεσθαι
225 771 255 798 τὸ
280 772 417 807 πλήρωμα
446 773 550 808 πέφυκε
565 793 572 806 ,
604 774 713 800 πάντων
739 774 864 810 ἀλλήλοις

70 817 145 844 κατὰ
172 818 221 852 τὴν
243 818 353 853 ἀγάπην
370 819 625 854 συναρμοσθέντων.
650 820 793 856 Πλήρωμοι
810 821 864 856 γὰρ

71 864 159 898 νόμου
177 864 347 900 καθέστηκεν
363 866 380 901 ἡ
404 866 464 893 κατ’
479 866 590 901 ἀγάπην
609 867 751 902 διάλληλος
765 867 864 902 συνοχὴ

70 910 185 937 πάντων
201 910 256 936 τῶν
271 911 473 946 μετειληφότων
487 912 536 946 τῆς
551 911 659 946 φύσεως
669 931 676 944 ,
692 913 814 948 φέρουσα
826 913 864 949 τῷ

70 956 133 982 κατ’
149 956 261 991 ἀγάπην
288 956 363 991 πόθῳ
386 957 608 992 κατεστεμμένον
632 957 678 984 τὸν
709 957 788 991 λόγον
813 957 864 992 τῆς

70 1002 185 1037 φύσεως
198 1010 204 1016 ·
222 1003 268 1029 καὶ
282 1004 317 1039 τῇ
335 1003 479 1038 προσθήκῃ
497 1003 544 1029 τοῦ
568 1003 663 1036 πόθου,
680 1003 726 1030 τὸν
739 1004 789 1036 τῆς
814 1003 864 1038 φύ-
880 995 902 1024 Β

71 1057 147 1080 eam;
167 1048 425 1084 καταφαιδρὺνουσα
451 1049 544 1084 νόμον.
571 1049 664 1084 Νόμος
680 1050 734 1085 γὰρ
757 1048 865 1084 φύσεώς

71 1096 135 1121 ἐστι
147 1094 217 1129 (49),
232 1095 311 1129 λόγος
325 1095 439 1131 φυσικὸς
459 1096 514 1127 τοῖς
539 1096 652 1130 τρόποις
674 1095 724 1130 τὴν
739 1095 866 1130 αἴσθησιν

70 1141 169 1167 λαϐὼν
187 1141 354 1177 ὑποχείριον.
382 1142 506 1176 Γρατπὺς
520 1141 549 1167 δὲ
572 1142 654 1176 νόμος
680 1142 764 1175 ἐστὶν,
781 1142 866 1176 ἥγουν

70 1187 201 1222 γραπτοῦ
218 1187 301 1222 νόμου
314 1188 465 1222 πλήρωσις,
481 1187 559 1220 λόγος
575 1188 689 1222 φυσικὸς
703 1187 866 1221 προσλαϐὼν

70 1233 155 1266 λόγον
173 1234 361 1268 πνευματικὸν
382 1235 431 1269 τῆς
452 1233 520 1269 πρὸς
536 1233 566 1260 τὸ
591 1234 722 1267 συγγενὲς
737 1233 865 1268 ἀλληλου-

71 1277 136 1312 lia;
152 1278 310 1314 ἐπίκουρον.
333 1278 378 1305 Διό
400 1286 500 1314 φησιν,
522 1278 702 1312 Ἀγαπήσεις
724 1278 778 1306 τὸν
793 1280 867 1312 πλη-

70 1324 147 1359 σίον
161 1332 220 1350 σου
236 1325 275 1357 ὡς
293 1324 413 1352 ἑαυτόν·
431 1324 489 1352 ἀλλ’
504 1324 545 1355 οὐ,
571 1324 668 1359 Σχοίης
687 1324 732 1351 τὸν
753 1325 866 1360 πλησίον

71 1378 122 1396 σου
152 1369 192 1401 ὡς
215 1370 322 1399 ἑαυτόν.
347 1371 383 1397 Τὸ
408 1371 456 1406 μὲν
481 1371 535 1406 γὰρ
551 1390 558 1401 .
579 1370 629 1406 τὴν
653 1370 722 1406 πρὸς
743 1371 774 1398 τὸ
798 1369 867 1398 εἶναι

71 1416 158 1451 μόνον
187 1416 262 1451 δηλοῖ
285 1417 332 1443 τοῦ
359 1417 508 1451 συγγενοῦς
537 1419 652 1454 συνοχὴν
663 1418 719 1453 (50)
737 1427 743 1433 -
770 1419 800 1446 τὸ
827 1419 866 1451 δὲ,

70 1463 125 1498 τὴν
141 1462 212 1498 πρὸς
229 1463 259 1490 τὸ
271 1462 301 1489 εὖ
316 1462 386 1490 εἶναι
400 1464 529 1499 σημαίνει
547 1465 686 1500 πρόνοιαν,

948 360 1003 388 Lex
1033 366 1125 388 autem
1143 361 1244 396 scripta
1260 369 1403 397 poenarum
1425 367 1510 395 metu,
1538 371 1635 390 eorum
1657 365 1704 399 qui

914 407 1010 442 majori
1040 407 1198 443 insipientia
1223 407 1360 439 laborant,
1386 408 1540 443 petulantes
1557 410 1705 444 appetitio-

914 459 980 478 num
1007 457 1098 479 motus
1121 459 1310 487 compescens,
1327 453 1361 480 ad
1377 453 1462 480 solum
1478 453 1549 488 aequi
1571 453 1704 482 distribu—

914 497 1016 525 tionem
1033 497 1123 530 docet,
1148 498 1291 525 attendere
1315 498 1437 525 animum
1466 503 1497 525 ut
1526 503 1703 532 assuescant;

914 551 969 578 qua
983 543 1100 575 scilicet,
1113 543 1228 578 iustitia:
1247 543 1290 570 vis
1302 546 1425 578 tempore
1439 542 1556 576 ﬁrmata,
1575 544 1602 570 in
1621 548 1702 570 natu-

915 596 973 617 ram
995 590 1113 621 transit;
1131 589 1168 616 ita
1183 589 1314 617 nimirum
1329 594 1360 616 ut
1388 589 1521 624 paulatim
1548 590 1704 624 sensimque

915 643 1020 668 metum
1033 661 1040 673 ,
1066 639 1150 667 animi
1165 639 1338 667 honestatem
1365 639 1482 667 volentis
1508 641 1645 666 sententia
1660 648 1705 666 ro-

915 686 1024 714 bustam
1037 685 1211 713 allectionem
1238 685 1356 718 etﬂciat;
1380 685 1570 720 mundumque
1585 685 1706 720 priorum

915 731 1054 760 oblivione
1065 732 1202 766 habitum,
1218 731 1458 763 consuetudinem,
1473 739 1534 766 quae
1547 732 1642 766 utique
1654 740 1708 759 una

915 785 1009 805 secum
1019 777 1198 805 dilectionem
1210 777 1300 812 pariat
1312 786 1320 811 ;
1336 785 1390 812 qua
1406 777 1475 813 legis
1489 778 1632 812 plenitudo
1643 783 1707 805 con--

915 824 998 857 sistit,
1006 824 1113 852 cunctis
1126 824 1198 852 inter
1213 832 1242 851 se
1256 824 1400 851 charitatis
1409 824 1520 851 vinculo
1530 825 1666 852 consertis
1674 825 1708 850 ⁵ο.

915 870 1062 898 Plenitudo
1078 870 1153 898 enim
1174 870 1242 905 legis
1256 873 1308 901 est,
1323 877 1384 904 quae
1401 878 1450 904 per
1465 869 1626 897 charitatcm
1646 878 1706 897 mu-

916 920 962 943 tua
979 915 1102 942 omnium
1123 919 1229 942 natura:
1256 914 1423 942 commercio
1439 915 1617 949 gaudentium
1633 922 1705 942 com-

915 961 1007 996 plexio
1019 964 1078 994 est;
1097 960 1239 988 charitatis
1254 959 1393 987 desiderio
1411 964 1493 995 atque
1508 967 1611 993 amore,
1628 964 1705 986 natu-

917 1015 954 1034 ηιξ
972 1007 1106 1034 rationem
1129 1006 1220 1034 ferens
1234 1010 1402 1038 coronatam,
1418 1006 1533 1041 ejusque
1550 1005 1707 1033 accessione

917 1061 949 1081 ac
962 1053 1083 1085 cumulo,
1097 1057 1203 1081 natura:
1219 1053 1307 1089 legem
1322 1053 1481 1080 honestans.
1499 1052 1606 1079 Etenim
1623 1055 1707 1079 natu-

917 1107 953 1126 rae
966 1100 1009 1126 lex
1021 1099 1154 1126 naturalis
1163 1099 1233 1126 ratio
1243 1103 1294 1131 est,
1307 1106 1368 1134 qua:
1380 1106 1492 1126 sensum
1503 1098 1627 1126 moribus
1641 1097 1707 1124 sub-

918 1145 1005 1172 ditum
1023 1145 1236 1180 dedititiumque
1251 1149 1329 1171 nacta
1343 1148 1394 1171 est.
1423 1144 1478 1171 Lex
1500 1151 1567 1171 vero
1594 1144 1707 1178 scripta,

917 1191 974 1219 sive
1000 1191 1068 1226 legis
1091 1191 1201 1226 scriptae
1224 1190 1378 1225 plenitudo,
1395 1191 1465 1217 ratio
1493 1195 1535 1217 est
1557 1189 1707 1220 naturalis,

917 1242 1018 1264 mutuae
1041 1237 1205 1264 colizesionis
1227 1244 1289 1263 cum
1306 1237 1349 1269 iis,
1364 1244 1434 1272 quos
1456 1236 1566 1271 generis
1586 1235 1708 1262 necessi-

918 1283 984 1310 tudo
1004 1283 1098 1315 sociat,
1117 1283 1234 1318 spiritali
1262 1283 1366 1310 ratione
1389 1287 1537 1317 assumpta.
1562 1282 1710 1316 Propterea

918 1329 957 1356 ait
974 1338 980 1356 :
996 1329 1096 1365 Diliges
1113 1330 1264 1365 proximum
1290 1334 1365 1356 tuum
1384 1330 1451 1356 sicut
1469 1329 1630 1364 teipsum“;
1655 1335 1709 1355 non

919 1379 1021 1408 autem,
1033 1376 1111 1408 V'ide,
1125 1376 1226 1403 habeas
1239 1376 1396 1410 proximum
1405 1380 1480 1402 tuum
1492 1375 1563 1402 sicut
1579 1374 1708 1409 teipsum.

919 1422 1043 1450 Alterum
1059 1421 1143 1454 enim,
1162 1421 1285 1456 ejusdem
1301 1421 1412 1456 generis
1434 1419 1578 1447 hominum
1597 1419 1713 1454 conjun-

920 1469 1041 1495 ctionem
1069 1467 1215 1503 significat,
1242 1475 1275 1494 eo
1301 1467 1435 1494 duntaxat
1462 1469 1648 1502 spectantem,
1683 1468 1713 1491 ut

69 1511 148 1544 sint;
161 1511 279 1538 alterum
296 1516 388 1539 autem
405 1512 616 1548 providentiam,
633 1519 663 1540 ut
677 1513 748 1540 bene
762 1513 816 1541 illis
833 1514 869 1541 sit
885 1522 917 1542 ac
934 1516 1013 1543 beate
1027 1516 1128 1542 vivant.

115 1557 148 1584 '0
165 1556 196 1584 δὲ
211 1558 260 1592 τῆς
277 1558 388 1593 χάριτος
408 1559 500 1594 νόμος,
517 1559 600 1586 αὐτὸν
619 1559 731 1594 ἀμέσως
749 1559 868 1586 διδάσκει

70 1604 140 1636 τοὺς
157 1604 312 1638 ἀγομένους
331 1605 476 1640 μιμεῖσθαι
505 1605 550 1632 τὸν
575 1605 657 1637 Θεὸν,
684 1606 714 1637 ὃς
742 1606 868 1633 τοσοῦτον

956 1562 1044 1589 Atlex
1062 1562 1174 1597 gratiae,
1201 1563 1291 1597 ipsum
1316 1560 1474 1588 immediate
1498 1561 1585 1587 Deum
1611 1555 1714 1586 imitari

919 1615 967 1635 eos
980 1609 1070 1641 docet,
1086 1608 1134 1643 qui
1159 1609 1362 1640 instituuntur;
1377 1607 1460 1643 270
1476 1606 1523 1641 qui
1546 1606 1652 1633 scilicet
1675 1605 1714 1632 sic

72 1650 148 1685 ὑπὲρ
173 1650 269 1676 ἑαυτὸν
285 1651 370 1685 ἡμᾶς,
394 1652 418 1677 εί
439 1650 517 1685 Θέμις
534 1652 631 1684 εἰπεῖν,
650 1652 697 1678 καὶ
718 1652 804 1678 ταῦτα
825 1652 867 1678 διὰ

922 1661 970 1681 nos
984 1661 1067 1689 supra
1083 1654 1203 1689 seipsnm
1229 1654 1262 1689 (si
1288 1653 1371 1680 modo
1398 1653 1439 1680 ias
1453 1656 1495 1680 est
1512 1651 1615 1686 dicere)
1633 1655 1714 1686 atque

73 1697 126 1730 τὴν
148 1695 289 1731 ἁμαρτίαν
310 1695 389 1728 ὄντας
406 1696 520 1732 ἐχθροὺς
533 1718 540 1728 ,
556 1697 700 1732 ἠγάπησεν
711 1717 718 1730 ,
734 1697 804 1724 ὥστε
823 1697 868 1724 καὶ

75 1744 116 1774 εἰς
140 1742 194 1777 τὴν
211 1742 272 1769 καθ’
289 1743 364 1777 ἡμᾶς
385 1743 480 1770 οὐσίαν
504 1743 591 1770 ἐλθεῖν
614 1744 759 1779 ἀτρέπτως
772 1764 779 1776 ,
799 1744 868 1779 ὑπὲρ

74 1789 170 1816 πᾶσαν
187 1789 283 1815 οὐσίαν
295 1788 360 1816 ὅντα
379 1790 425 1816 καὶ
442 1786 522 1824 φῦσιν
537 1790 708 1824 ὑπερουσίως
720 1789 869 1822 καταδέξα-

75 1835 160 1868 σθαι,
179 1835 226 1862 καὶ
241 1835 386 1871 ἄνθρωπον
401 1835 527 1870 γενέσθαι
541 1858 548 1870 ,
572 1837 620 1863 καὶ
645 1837 700 1864 τῶν
717 1836 869 1872 ἀνθρώπων

74 1882 126 1908 ἕνα
141 1882 314 1917 χρηματίσαι
330 1881 473 1917 βούλεσθαι
486 1891 491 1897 ·
507 1884 555 1909 καὶ
570 1882 619 1916 τὴν
633 1884 774 1918 ἡμετέραν
786 1882 870 1909 κατά-

74 1937 173 1964 κρισιν
204 1928 308 1955 οἰκείαν
333 1928 447 1964 ποιῆσαι
478 1929 515 1964 μὴ
546 1928 790 1964 παραιτήσασθαι“
822 1928 870 1955 καὶ

74 1975 210 2002 τοσοῦτον
229 1976 304 2010 ἡμᾶς
323 1975 424 2002 θεῶσαι
440 1976 509 2002 κατὰ
523 1975 603 2011 χάριν
615 1996 623 2008 ,
641 1976 703 2002 ὅσον
724 1975 785 2002 κατ’
799 1976 870 2002 οἰκοο

74 2021 179 2056 νομίαν
212 2021 293 2052 αὐτὸς
323 2020 403 2054 φύσει
429 2020 542 2055 γέγονεν
570 2020 733 2056 ἄνθρωπος·
760 2021 814 2048 ἵνα·
834 2020 871 2056 μὴ

75 2068 164 2103 μόνον
183 2067 315 2102 μάθωμεν
332 2067 457 2102 ἀλλήλων
483 2067 644 2102 ἀντέχεσθαι
660 2067 802 2102 φυσικῶς,
825 2067 872 2094 καὶ

74 2114 116 2145 ὡς
142 2113 259 2144 ἑαυτοὺς
278 2112 411 2148 ἀλλήλους
436 2113 548 2147 ἀγαπᾷν
574 2113 785 2147 πνευματικῶς⁸
805 2112 873 2140 ἀλλὰ

75 2161 126 2187 x1".
147 2160 220 2194 ὑπὲρ
241 2159 354 2190 ἑαυτοὺς
382 2159 504 2194 ἀλλήλων
530 2159 661 2194 κήδεσθαι
683 2158 796 2190 Θεῑκῶς·
826 2158 873 2185 καὶ

74 2205 187 2239 ταύτην
198 2205 247 2238 τῆς
258 2205 298 2236 είς
310 2204 442 2240 ἀλλήλους
455 2205 566 2240 ἀγάπης
577 2204 713 2237 ἀπόδειξιν
725 2203 872 2236 ποιεῖσθαι,

76 2252 110 2278 τὸ
135 2251 201 2276 κατ’
217 2250 319 2286 ἀρετὴν
343 2250 415 2286 ὑπὲρ
434 2251 557 2286 ἀλλήλων
570 2250 615 2277 τὸν
632 2250 756 2277 ἑκοῦσιον
772 2249 874 2285 προθυ-

78 2297 198 2332 μεῖσθαι
215 2297 340 2324 θάνατον.
359 2298 420 2324 Οὐκ
439 2297 505 2324 ἐστι
527 2297 581 2332 γὰρ
594 2298 705 2331 ταύτης
715 2297 796 2331 ἄλλη
811 2297 875 2331 μεί-

76 2344 139 2375 ζων
154 2342 273 2377 ἀγάπη,
304 2343 399 2378 φησὶν,
418 2344 468 2371 ἵνα
482 2352 528 2378 τις
541 2343 579 2378 σῇ
595 2343 653 2378 τὴν
663 2343 770 2378 ψυχὴν
782 2342 876 2370 αὐτοῦ

75 2390 163 2423 ὑπὲρ
178 2389 238 2415 τῶν
253 2392 352 2424 φίλων
366 2390 470 2417 αὑτοῦ.

116 2435 229 2463 Οὐκοῦν
243 2435 258 2461 ὁ
278 2435 329 2470 μὲν
342 2436 392 2471 τῆς
415 2435 523 2471 φύσεως
546 2435 628 2471 νόμος
652 2435 726 2461 ἐστὶν
741 2434 796 2469 (5i)
808 2456 815 2467 ,
833 2434 876 2462 ἵνα

78 2481 207 2509 συνελὼν
233 2482 322 2515 arm»,
349 2482 429 2516 λόγος
463 2481 578 2517 φυσικὸς
599 2481 649 2516 τὴν
679 2480 807 2516 αἴσθησιν
830 2480 877 2507 λα-

77 2529 140 2555 ῦὼν
163 2528 329 2564 ὑποχείριον,
349 2529 417 2564 πρὸς
432 2528 581 2563 ἀφαίρεσιν
604 2528 653 2563 τῆς
668 2527 797 2562 ἀλογίας·
813 2526 874 2553 καθ’

78 2578 114 2611 ἣν
132 2575 240 2612 [marg].
252 2575 364 2610 ἀλογίαν
377 2574 528 2610 δηλονότι],
558 2574 613 2600 τῶν
631 2573 754 2608 φυσικῶς
769 2581 876 2608 συνημ-

80 2622 180 2657 μένων
196 2621 271 2647 ἐστὶν
289 2622 306 2656 ή
322 2621 465 2656 διαίρεσις.
485 2620 514 2647 '0
528 2619 556 2646 δὲ
571 2619 693 2654 γραπτὺς
707 2618 793 2654 ινόμος
805 2618 876 2651 ἐστὶ,

78 2668 169 2702 λόγος
186 2666 301 2701 φυσικὸς
318 2667 387 2701 μετὰ
405 2667 455 2702 τὴν
472 2665 532 2693 κατ’
556 2666 683 2701 αἴσθησιν
701 2665 752 2700 τῆς
766 2665 878 2699 ἀλογίας

79 2713 237 2747 ἀφαίρεσιν
251 2711 413 2748 προσλαῧὼν
439 2713 487 2738 καὶ
508 2711 590 2738 πόθον
613 2710 797 2745 πνευματικὸν
808 2731 814 2743 ,
830 2710 879 2744 τῆς

80 2759 157 2794 πῴς
181 2758 210 2784 τὺ
237 2758 367 2792 συγγενὲς
390 2757 570 2792 ἁλληλουχίας
596 2756 764 2784 συνεκτικόν.
795 2756 825 2782 '0
852 2756 881 2782 δὲ

82 2805 138 2838 τῆς
166 2804 279 2840 χάριτος
295 2804 395 2839 νόμος,
421 2804 492 2839 ὑπὲρ
517 2803 598 2838 φύσιν
622 2803 775 2838 καθέστηκε
790 2802 879 2836 λόγος,

122 2898 149 2914 *⁵
167 2897 246 2924 Rom,
265 2905 323 2924 xm.
338 2896 378 2923 l0.
418 2897 438 2912 ⁸¹
456 2896 550 2923 Matth.
571 2895 652 2929 γνῶ.

920 1699 958 1732 id,
975 1707 1037 1727 cum
1050 1700 1086 1727 oh
1097 1704 1241 1735 peccatum
1261 1699 1366 1726 inimici
1379 1707 1515 1731 essemus,
1532 1699 1669 1729 dilexerit,
1685 1703 1715 1725 ut

919 1748 1041 1771 nostram
1056 1752 1168 1780 quoque
1180 1744 1329 1772 essentiam
1345 1752 1377 1771 ac
1385 1750 1522 1774 naturam,
1535 1743 1582 1778 qui
1593 1743 1714 1770 essentia

920 1790 996 1816 omni
1014 1794 1168 1824 naturaque
1189 1790 1317 1824 superior
1345 1793 1404 1821 est,
1428 1789 1652 1824 supercssentiali
1670 1797 1714 1815 ra—

921 1837 995 1864 tione
1020 1836 1233 1864 immutahililer
1258 1835 1335 1863 adire
1361 1835 1510 1867 annuerit,
1535 1839 1618 1870 atque
1634 1835 1716 1862 homo

921 1882 993 1915 ﬁeri,
1008 1891 1136 1917 unusque
1152 1882 1295 1909 hominum
1309 1882 1416 1914 audire,
1444 1881 1561 1908 voluerit
1574 1889 1581 1914 ;
1599 1888 1650 1908 nec
1665 1888 1716 1908 no-

922 1933 1006 1956 stram
1024 1929 1284 1957 condemnationem
1297 1936 1375 1956 suam
1391 1928 1479 1963 ipsius
1496 1927 1586 1955 facere
1605 1935 1717 1955 recusa-

922 1974 1014 2007 verit;
1036 1978 1197 2009 tantumque
1218 1982 1269 2002 nos
1283 1982 1333 2009 per
1357 1974 1473 2009 gratiam
1489 1973 1593 2000 deitatc
1616 1981 1717 2008 augere

923 2021 1050 2056 dignatus
1074 2020 1130 2052 sit,
1160 2025 1294 2055 quantum
1325 2020 1384 2055 ipse
1409 2019 1623 2054 dispensationis
1650 2027 1717 2054 ergo

923 2066 1007 2094 homo
1021 2070 1121 2093 natura
1140 2067 1247 2094 exstitit
1266 2076 1271 2093 ε
1290 2071 1391 2093 utnon
1410 2066 1499 2092 solum
1519 2065 1564 2092 alii
1586 2065 1655 2092 alios
1668 2073 1717 2092 na-

926 2113 1051 2140 turaliter
1063 2113 1221 2148 complecti,
1245 2120 1277 2139 ac
1293 2116 1423 2147 tanquam
1440 2119 1491 2138 nos
1507 2111 1580 2145 ipsos
1596 2111 1666 2138 alter
1676 2111 1717 2138 al-

924 2163 1014 2186 terum
1027 2158 1190 2193 spiritaliter
1201 2158 1316 2193 diligere
1329 2157 1505 2190 noverimus;
1524 2164 1619 2183 venum
1635 2156 1718 2184 etiam

925 2213 1008 2240 supra
1022 2213 1073 2232 nos
1090 2205 1164 2240 ipsos
1175 2205 1221 2231 alii
1235 2205 1295 2231 aliis
1315 2204 1407 2232 divine
1422 2211 1517 2231 curam
1539 2203 1717 2238 impendere;

926 2251 1052 2286 hancque
1065 2255 1168 2278 mutuae
1185 2250 1342 2278 dilectionis
1360 2249 1559 2277 exhibitionem
1577 2254 1718 2284 priestare,

891 2301 958 2344 Ι)ιιι
971 2297 1082 2324 virtutis
1106 2303 1174 2324 nutu
1193 2296 1239 2323 alii
1254 2297 1371 2324 aliorum
1394 2303 1476 2323 causa
1501 2300 1616 2323 mortem
1642 2296 1720 2323 obire

927 2342 1091 2370 ambiamus.
1106 2342 1189 2370 Nulla
1204 2342 1289 2373 enim,
1317 2341 1417 2376 inquit,
1447 2342 1534 2376 major
1559 2350 1589 2368 ac
1616 2341 1720 2368 dilectio

926 2393 974 2422 est,
990 2393 1022 2416 ut
1040 2389 1097 2425 quis
1118 2393 1200 2424 ponat
1217 2389 1336 2415 animum
1356 2395 1432 2414 suam
1450 2395 1497 2422 pro
1513 2387 1604 2414 amicis
1617 2388 1670 2414 suis
1686 2388 1718 2414 ⁶⁹.

963 2436 1019 2464 Lex
1035 2436 1127 2470 itaque
1140 2439 1254 2467 naturas,
1279 2437 1309 2461 ut
1325 2441 1430 2461 summa
1441 2433 1622 2466 complectar,
1637 2437 1719 2460 natu-

927 2491 965 2510 ra:
980 2482 1051 2510 ratio
1073 2485 1125 2514 est,
1153 2488 1264 2508 sensum
1289 2483 1369 2507 nacta
1385 2478 1527 2506 subditum
1543 2479 1719 2506 dedititium-

928 2537 993 2564 que,
1018 2536 1073 2563 quo
1090 2527 1197 2554 ratione
1223 2533 1320 2553 carens
1337 2526 1433 2560 illique
1449 2531 1556 2557 aversa,
1579 2525 1720 2554 auferatur

931 2575 1058 2607 atl‘ectio;
1074 2582 1107 2600 ex
1117 2581 1170 2608 qua
1189 2577 1240 2605 est,
1253 2572 1343 2605 utqui
1358 2575 1458 2598 natura
1481 2571 1620 2606 conjuncti
1644 2576 1718 2605 sunt,

930 2621 1056 2656 partibus
1071 2620 1128 2647 scin
1139 2619 1242 2647 ‘antur.
1264 2620 1319 2646 Lex
1347 2624 1441 2648 autem
1455 2620 1570 2655 scripta,
1586 2621 1722 2647 naturalis

933 2667 1003 2694 ratio
1016 2670 1068 2695 est.
1084 2673 1145 2700 post
1160 2672 1256 2693 sensus
1270 2673 1396 2692 aversam
1417 2674 1432 2693 a
1455 2666 1562 2693 ratione
1584 2665 1720 2692 sublatam

933 2712 1118 2745 affectionem,
1130 2712 1251 2747 spiritale
1263 2711 1345 2739 etiam
1360 2711 1528 2739 desiderium:
1544 2719 1721 2745 amoremque

934 2765 1087 2788 assumens,
1105 2764 1160 2792 quo
1177 2760 1271 2783 mutua
1288 2763 1384 2783 eorum
1403 2756 1454 2791 qui
1472 2756 1582 2792 generis
1599 2755 1721 2783 necessi-

937 2801 1031 2829 tudine
1045 2800 1132 2837 juncti
1147 2803 1209 2828 sunt
1233 2799 1353 2828 cohaesit)
1369 2800 1504 2828 consistat
1521 2805 1604 2834 atque
1627 2806 1720 2826 serve-

692 2894 713 2910 δ’
732 2894 809 2923 Joan.
827 2902 872 2929 xv,
893 2894 934 2922 15.
