1923 3080
229 168 279 201 ’127

859 170 1001 200 ΜΑΧΙΜῘ
1021 170 1273 200 CONFESSORIS

1799 160 1858 194 ’128

229 230 284 252 tur.
300 225 354 252 Lex
369 224 488 260 denique
508 224 611 260 gratim,
636 225 705 252 ratio
731 229 773 252 est
787 230 914 253 naturam
934 233 1015 254 exce-

1081 227 1135 262 ιρδς
1151 226 1246 253 θέωσιν
1263 225 1406 260 ἀτρέπτως
1421 224 1470 258 τὴν
1486 222 1566 258 φύσιν
1581 219 1788 258 μεταπλάπτων,
1805 219 1858 245 καὶ

228 270 311 303 dens,
337 278 453 306 eamque
473 275 503 298 ut
519 270 622 298 deitate
643 270 783 298 imbuatur
806 270 1017 299 immutabiliter

229 316 438 350 transformans,
463 316 594 352 velutque
614 317 643 345 in
657 317 775 353 imagine
799 325 832 345 ae
854 317 1014 350 simulacro,

227 362 455 397 incomprehensa
469 363 587 396 ratione,
600 363 675 398 quod
687 363 814 391 essential,
826 363 902 391 omni
921 370 955 391 ae
964 371 1014 390 na-

1068 271 1105 304 ὡς
1127 272 1157 298 ὲν
1180 271 1265 298 εικόνι
1287 271 1395 302 δεικνὺς
1419 268 1620 304 ἀκαταλήπτοις
1640 268 1674 303 τῇ
1697 265 1777 301 φύσει
1798 263 1858 292 τῶν

1068 317 1221 354 ἀνθρώπων
1239 317 1269 344 τδ
1295 317 1365 352 ὑπὲρ
1388 316 1482 343 οὐσίαν
1505 315 1553 342 καὶ
1578 313 1660 349 φύσιν
1684 311 1857 348 ἀρχέτυπον

1068 364 1116 391 καὶ
1129 364 1178 400 τὴν
1190 363 1238 391 τοῦ
1252 364 1297 391 ἀεὶ
1310 360 1339 390 εὗ
1359 361 1429 389 εἶναι
1442 361 1573 397 διαμονὴν
1587 359 1783 395 παρεχόμενος.

226 412 295 435 tum
312 408 434 442 eminet,
457 409 653 444 primigenium
675 409 815 444 exemplar
837 409 957 437 humana
981 410 1009 436 in
1028 414 1127 438 natura
1151 414 1360 446 repraaseiitans,
1388 413 1471 444 atque
1488 408 1596 436 beatam
1612 413 1722 442 semper
1747 403 1860 432 essendi

225 454 427 489 perennitatem
438 460 581 491 praestans.

262 500 311 528 Sin
323 505 415 528 autem
434 501 462 528 in
477 502 552 529 hune
566 509 597 529 se
617 502 730 529 modum
754 502 838 531 habet
860 503 939 530 trina:
950 503 1020 538 legis

227 545 309 578 ratio,
324 554 379 573 non
404 547 517 582 injuria,
537 555 635 582 magna
652 548 700 576 Dei
727 549 825 576 civitas
841 549 951 584 (nempe
968 549 1021 576 Ec-

228 589 322 622 clesia,
350 590 407 618 sive
432 591 566 627 cujusque
591 591 764 627 singulorum
782 592 885 627 anima)
911 592 1022 620 itineris

228 636 280 663 vite
294 637 377 663 trium
393 636 500 665 dierum
517 641 577 670 est;
595 642 626 665 ut
645 646 707 673 qum
721 638 782 673 ejus
797 638 914 674 justitize
936 646 1021 674 capax

228 685 353 718 exsistat,
370 693 486 722 eamque
499 688 710 722 complectatur,
730 695 792 723 quae
803 696 837 715 ex
849 692 964 720 naturae,
979 688 1020 716 le-

229 731 271 766 gis
284 739 316 759 ac
329 731 454 767 spiritus,
471 733 627 761 rationibus
639 733 789 761 constituta
808 739 861 761 est.
875 733 932 761 Hac
945 733 1021 760 enim

231 778 302 806 trina
326 778 386 814 lege
412 778 582 812 continetur,
604 779 740 814 quidquid
759 779 891 807 Ecclesiae
909 784 1023 807 ornatus

230 827 272 851 est
281 828 438 859 ;-quantum
451 825 581 852 nimirum
596 825 743 853 latitudine
764 826 886 858 virtutis,
899 825 1023 853 scientiae

230 869 414 905 longitudine,
436 878 468 898 ac
489 870 632 906 sapientia:
648 870 786 905 profundo
803 871 929 906 mysticae
945 870 1023 898 theo-

1106 504 1138 531 Εἰ
1159 504 1188 530 δὲ
1210 503 1306 530 τοῦτον
1320 503 1377 538 ἔχει
1396 502 1442 528 τὸν
1466 501 1568 537 τρόπον
1583 501 1597 528 ό
1619 499 1684 535 περὶ
1706 499 1760 526 τῶν
1773 490 1862 534 τριῶν

1070 549 1162 585 νόμων
1176 549 1265 584 λόγος,
1279 549 1393 580 εἰκότως
1406 549 1422 583 ἡ
1438 547 1544 583 μεγάλη
1555 546 1602 573 τοῦ
1617 546 1685 572 Θεοῦ
1700 544 1775 576 πόλις
1796 545 1863 571 Ἐκ-

1047 629 1053 637 _
1072 595 1190 630 κλησία·
1210 595 1295 632 ἤγουν
1319 595 1336 630 ἡ
1354 593 1401 621 τοῦ
1422 593 1483 620 καθ’
1502 593 1619 619 ἕκαστον
1632 590 1725 637 ψυχὴ,
1746 589 1863 637 πορείας

1072 641 1133 668 ὁδοῦ
1153 641 1238 677 τριῶν
1257 640 1427 675 καθέστηκεν
1452 638 1566 674 ἡμερῶν
1578 637 1633 671 (52)
1647 645 1654 651 ·
1681 636 1720 668 ὡς
1748 634 1864 669 δεκτικὴ

1072 687 1119 714 καὶ
1133 686 1276 723 χωρητικὴ
1287 687 1337 722 τῆς
1352 685 1424 713 κατὰ
1438 684 1519 719 φύσιν
1531 683 1580 710 καὶ
1593 683 1675 717 νόμον
1690 682 1737 708 καὶ
1750 680 1864 722 πνεῦμα

1072 731 1256 767 δικαιοσύνης.
1281 730 1326 757 Ἑν
1343 730 1449 762 τούτοις
1474 729 1529 764 γὰρ
1552 729 1608 760 τοῖς
1624 727 1699 763 τρισὶ
1719 727 1833 762 νόμοις,
1850 727 1866 752 δ

1073 779 1128 810 πᾶς
1152 778 1309 814 περιέχεται
1327 777 1377 813 τῆς
1399 775 1566 811 Ἐκκλησίας
1582 774 1729 809 διάκοσμος
1740 781 1747 788 ο
1764 773 1865 799 πλάτει

1072 833 1102 851 τε
1117 824 1156 859 τῷ
1182 824 1243 850 κατ’
1265 823 1376 859 ἀρετὴν,
1396 820 1598 858 [πλάτει].καὶ
1623 822 1704 856 μήκει
1728 819 1768 854 τῷ
1791 818 1867 845 κατὰ

1074 869 1175 904 γνῶσιν
1188 876 1196 884 ”
1217 869 1264 896 καὶ
1284 868 1322 904 τῷ
1341 867 1413 895 κατὰ
1442 867 1538 902 σοφίαν
1557 865 1634 900 βάθει
1662 864 1711 900 τῆς
1728 863 1866 899 μυστικῆς

231 915 312 950 logia:
323 916 555 950 comprehensum
566 920 619 944 est.
631 916 733 944 Verum
749 923 908 949 caveamus,
918 923 954 943 ne
964 916 1022 943 vel-

1081 914 1215 949 )εολογίας
1230 914 1479 950 περιγραφόμενος.
1502 911 1583 939 Ἀλλὰ
1597 910 1701 946 ταύτης
1713 910 1785 937 κατὰ
1803 909 1866 936 διά-

231 965 262 988 ut
273 961 436 989 Judzeorum
447 962 578 997 populus,
594 963 679 990 animi
693 962 793 990 all'ectu
811 970 828 989 a
838 961 950 990 civitate
962 961 1024 989 abs-

230 1007 381 1039 cedamus,
411 1007 459 1042 qui
487 1008 564 1035 velut
591 1008 670 1043 271
693 1008 882 1040 tabernaculo,
912 1006 1024 1042 corpori

230 1060 325 1081 amore
338 1053 550 1089 impendamur;
573 1053 716 1089 instarque
737 1054 901 1087 cucurbitae,
919 1058 1025 1088 tempo-

231 1107 345 1127 raneam
359 1100 485 1134 corporis
496 1099 665 1135 voluptatem
677 1099 815 1132 colamus;
833 1107 868 1127 ne
883 1099 1026 1126 conscien-

232 1146 277 1173 tia:
290 1153 385 1173 verme
403 1146 586 1181 pereutiente,
603 1153 699 1174 errore
713 1146 805 1174 nitens
817 1145 966 1181 voluptatis
983 1145 1025 1172 al-

232 1191 316 1219 lectio
338 1191 493 1225 inarescat;
510 1199 543 1219 ac
564 1191 640 1219 velut
658 1191 758 1226 spiritu
777 1191 897 1224 ardoris,
913 1198 975 1226 quae
985 1190 1025 1218 in-

232 1237 396 1266 voluntariis
427 1238 627 1266 tentationibus
662 1237 809 1270 consistit,
839 1244 936 1264 eorum
965 1244 1026 1271 quae

232 1284 304 1311 male
316 1284 344 1311 in
359 1283 415 1311 vita
437 1283 561 1319 egimus,
587 1283 691 1311 ultione
706 1288 860 1319 grassante.
877 1283 959 1310 vitam
976 1282 1026 1309 de-

233 1336 396 1364 speremus,
423 1330 626 1364 adversumque
653 1328 778 1356 divinum
800 1328 936 1364 judicium
952 1328 1025 1356 indi-

233 1375 363 1412 gnatione
374 1375 507 1403 feramur.

269 1418 434 1453 Quicunque
462 1418 537 1446 enim
571 1423 746 1446 terrenorum
776 1425 872 1446 errore
904 1418 1025 1454 superati

234 1472 341 1498 sumus,
356 1472 388 1492 ac
402 1464 496 1492 carnis
512 1463 702 1499 voluptatibus
717 1464 898 1497 delectamur,
924 1465 1027 1493 vermis

235 1509 333 1541 instar,
351 1509 400 1537 Dei
415 1517 570 1539 sermonem
592 1510 770 1545 suscipimus,
789 1510 845 1545 qui'
861 1517 946 1545 penes
962 1517 1028 1538 eon—

235 1554 380 1583 scientiam
399 1555 532 1582 hactenus
552 1555 701 1590 percutiat,
727 1563 759 1583 ac
775 1556 851 1583 velut
876 1555 1028 1583 cucurbita:

237 1601 370 1634 radicem,
398 1609 451 1637 qua
480 1601 614 1636 voluptati
637 1601 740 1629 addicti
756 1609 861 1634 sumus,
881 1601 1026 1629 libidinem

236 1647 350 1680 exedat;
369 1651 453 1683 atque
470 1647 498 1675 in
510 1656 573 1675 eum
589 1648 712 1681 modum,
726 1648 848 1683 perfecte
862 1652 957 1675 exorta
969 1648 1029 1675 elo-

237 1693 366 1729 quiorum
391 1694 506 1728 spiritus
530 1694 710 1722 collustrante
723 1694 796 1728 luce,
813 1694 920 1728 peccati
935 1699 1027 1722 actum

238 1742 369 1770 arefaciat
379 1751 386 1775 ;
398 1750 507 1771 necnon
523 1742 623 1778 spiritu
634 1742 752 1774 ardoris,
761 1747 927 1770 teterrimum
933 1750 1029 1777 paena-

238 1796 300 1816 rum
315 1789 459 1821 memoria,
476 1789 562 1817 veluti
581 1793 675 1824 caput,
704 1788 854 1816 aﬂectuum
869 1788 1030 1816 libidinum-

238 1843 292 1870 que
307 1835 429 1868 initium,
448 1842 545 1863 sensus
555 1834 612 1870 ipsa
626 1834 812 1871 suggestioue,
826 1834 980 1869 percutiat;
1000 1838 1031 1861 ut

238 1881 420 1916 providentia:
428 1881 583 1916 judiciique
597 1880 720 1908 rationes
730 1879 901 1912 noverimus,
912 1886 1030 1914 quorum

239 1931 388 1962 utrumque
397 1927 591 1962 temporaneis,
600 1935 718 1962 quorum
731 1926 856 1954 absentia
871 1926 1031 1953 mortalium

239 1978 327 2006 genus
342 1971 413 1998 male
430 1972 513 1999 habet
535 1979 568 1999 ac
582 1971 741 2003 contristat,
756 1976 860 1998 aeterna
877 1971 1030 2005 anteponit.

240 2016 383 2052 Siquidem
397 2017 472 2044 enim
488 2016 631 2052 Scriptura
645 2016 786 2044 hominem
818 2016 927 2043 induxit
942 2016 1033 2043 taber-

240 2062 333 2092 naculi
357 2070 438 2091 causa
466 2071 500 2091 ac
515 2063 667 2092 cucurbitm
691 2071 810 2091 maerore
837 2063 966 2091 allectum
985 2062 1032 2098 (ob

240 2109 333 2137 carnis
352 2109 459 2138 scilicet
475 2118 508 2137 ac
521 2111 659 2138 carnalem
672 2109 829 2145 libidinem)
841 2110 927 2137 Deum
940 2114 1032 2137 autem

241 2154 347 2183 Ninivaa
369 2154 544 2188 studentem;
563 2155 643 2190 plane
665 2155 780 2190 liqueat,
795 2155 870 2190 quod
888 2155 945 2182 Deo
965 2155 1033 2182 cha-

241 2208 303 2228 rum
318 2201 406 2228 visum
419 2201 465 2233 sit,
480 2201 515 2229 iis
527 2201 667 2235 omnibus,
680 2209 741 2238 quae
752 2202 911 2230 hominibus
928 2202 956 2229 in
968 2210 1033 2237 pre-

1075 962 1169 994 θεσιν,
1200 961 1238 993 ὼς
1256 960 1341 987 ότῶν
1367 959 1502 987 Ἰουδαίων
1527 958 1606 990 λαδς,
1631 956 1669 992 μὴ
1683 954 1867 991 χωρισθῶμεν

1074 1007 1124 1042 τῆς
1141 1006 1263 1038 πόλεως,
1280 1005 1312 1032 τὸ
1333 1005 1413 1040 σῶμα
1426 1004 1554 1039 καθάπερ
1568 1001 1672 1038 σκηνὴν
1690 1000 1865 1036 στέργοντες,

1075 1053 1122 1080 καὶ
1132 1052 1183 1088 τὴν
1195 1052 1364 1087 πρόσκαιρον
1383 1050 1431 1077 τοῦ
1450 1049 1577 1085 σώματος
1591 1048 1686 1084 ὥσπερ
1698 1046 1867 1074 κολόκυνθαν

1075 1098 1173 1133 ἡδονὴν
1188 1097 1367 1133 περιέποντες
1379 1104 1387 1112 ο
1412 1095 1456 1123 ἶνα
1473 1095 1511 1131 μὴ
1533 1095 1566 1122 ἂν
1583 1095 1633 1130 τῆς
1654 1093 1839 1128 συνειδήσεως
1853 1093 1868 1119 ὸ

1075 1143 1187 1180 σκώληξ
1203 1142 1310 1179 πλήξας
1321 1163 1328 1175 ,
1347 1141 1507 1178 ἀποξηράνῃ
1532 1141 1582 1176 τὴν
1599 1140 1660 1167 καθ’
1679 1139 1777 1175 ἡδονὴν
1790 1139 1866 1173 ἠπα-

1075 1189 1197 1228 τημένην
1212 1189 1335 1216 διάθεσιν
1345 1197 1353 1205 υ
1376 1189 1424 1215 καὶ
1442 1188 1459 1224 ἠ
1483 1187 1529 1214 διὰ
1548 1186 1602 1214 τῶν
1615 1185 1751 1214 ἀκουσίων
1767 1193 1867 1220 πειρα-

1077 1236 1154 1271 σμῶν
1174 1234 1328 1263 ἐπελθοῦσα
1355 1234 1484 1270 καθάπερ
1509 1233 1619 1268 πνεῦμα
1650 1232 1790 1263 καύσωνος
1810 1230 1867 1257 τῶν

1077 1281 1171 1313 κακῶς
1186 1281 1253 1316 ἡμῖν
1270 1280 1449 1316 βεῦιωμένων
1473 1279 1587 1312 ἐκτισις,
1610 1276 1793 1312 ἀπειτιιὶιμεθα
1818 1276 1867 1311 τὴν

1077 1329 1169 1365 ζωὴν,
1203 1329 1252 1357 κα)⁴
1281 1329 1353 1365 πρὸς
1385 1328 1441 1364 [τὴν
1473 1327 1550 1355 θείαν
1582 1324 1869 1360 δυσανασχετησωμεν

1077 1376 1167 1411 κρίσιν

1114 1422 1251 1454 Ἕκαστος
1276 1421 1331 1456 γὰρ
1353 1419 1432 1457 ἡμῶν
1451 1420 1505 1447 τῶν
1533 1417 1694 1454 ἡττημένων
1715 1417 1749 1452 τῇ
1775 1415 1869 1451 ἀπάτῃ

1077 1467 1132 1494 τῶν
1147 1467 1262 1500 ὑλικῶν,
1279 1466 1327 1493 καὶ
1342 1467 1403 1498 ταῖς
1417 1466 1526 1501 ἡδοναῖς
1539 1464 1690 1499 χαιρόντων
1706 1461 1754 1488 τοῦ
1775 1460 1869 1496 σῶμα·

1077 1522 1123 1545 τος
1134 1513 1203 1549 (55),
1217 1513 1358 1548 σκώληκος
1370 1511 1447 1546 δίκην
1457 1511 1504 1538 τοῦ
1514 1509 1583 1537 Θεοῦ
1597 1509 1643 1536 τὸν
1655 1509 1734 1543 λόγον
1745 1508 1868 1543 δέχεται,

1079 1560 1125 1587 καὶ
1138 1560 1188 1595 τὴν
1200 1559 1354 1595 συνείδησιν
1365 1557 1446 1586 αὐτὸν
1461 1557 1612 1592 πλήττοντα
1624 1555 1694 1587 τέως
1705 1563 1713 1570 ⁸
1729 1554 1778 1581 καὶ
1793 1553 1870 1590 ῥίζης

1079 1606 1157 1641 δίκην
1178 1605 1345 1641 κολοκύνθης
1365 1605 1414 1640 τὴν
1440 1604 1508 1640 πρὸς
1533 1604 1583 1638 τὴν
1602 1602 1699 1639 ἡδονὴν
1716 1601 1803 1629 αὐτοῦ
1829 1601 1869 1627 δι-

1079 1652 1203 1679 εσθίοντα
1226 1651 1334 1686 σχέσιν·
1357 1651 1405 1676 καὶ
1427 1650 1513 1681 οὕτως
1530 1649 1575 1676 διὰ
1603 1648 1653 1684 τῆς
1677 1647 1787 1678 τελείας
1806 1647 1872 1673 ἁνα-

1079 1699 1161 1733 τολῆς
1185 1697 1232 1725 τοῦ
1261 1696 1402 1732 φωτισμοῦ
1429 1696 1483 1723 τῶν
1511 1694 1611 1730 λογίων
1634 1693 1681 1721 τοῦ
1701 1692 1871 1728 πνεύματος,

1081 1745 1300 1781 ἁποξηραίνοντα
1321 1745 1372 1779 τὴν
1391 1743 1452 1771 καθ’
1474 1743 1613 1778 ἁμαρτίαν
1641 1740 1807 1776 ἐνέργειαν·
1827 1740 1873 1767 καὶ

1081 1791 1217 1827 πνεύματι
1239 1790 1395 1822 καύσωνος,
1413 1791 1446 1825 τῇ
1468 1790 1564 1825 μνήμῃ
1581 1788 1636 1814 τῶν
1653 1786 1775 1814 αἰωνίων
1793 1785 1872 1812 κολά-

1083 1846 1169 1871 σεων,
1197 1837 1323 1872 καθάπερ
1338 1835 1460 1872 κεφαλὴν
1474 1835 1524 1870 τὴν
1539 1834 1600 1862 κατ’
1614 1833 1745 1868 αἴσθησιν
1759 1833 1792 1858 ὲν
1814 1832 1873 1862 ταῖς

1083 1883 1249 1919 προσϐολαῖς
1274 1882 1363 1918 ἀρχὴν
1387 1881 1442 1908 τῶν
1460 1880 1556 1908 παθῶν
1574 1879 1625 1915 τῆς
1642 1878 1743 1910 κακίας
1763 1877 1872 1904 πατὰσο

1083 1937 1181 1956 σοντα·
1210 1928 1254 1955 ἵνα
1284 1927 1416 1964 μάθωμεν
1445 1926 1574 1962 προνοίας
1604 1925 1701 1958 λόγους
1730 1923 1780 1950 καὶ
1815 1922 1872 1958 κρί-

1084 1974 1226 2010 σεως(5ί),
1243 1973 1298 2001 τῶν
1317 1973 1504 2009 προσκαίρων,
1522 1969 1559 1999 ὧν
1577 1973 1612 2007 τῇ
1637 1970 1765 2006 στερήσει
1781 1969 1872 1995 λυπεῖ-

1084 2021 1146 2047 σθαι
1165 2020 1195 2047 τὸ
1221 2020 1299 2054 γένος
1324 2019 1419 2046 εἴωθεν
1444 2018 1499 2045 τῶν
1518 2017 1687 2053 ἀνθρώπων,
1713 2016 1750 2043 τὰ
1776 2015 1873 2042 αἰώνια

1083 2066 1297 2103 προκρινούσης.
1314 2066 1346 2092 Et
1361 2065 1416 2101 γὰρ
1427 2065 1473 2092 τὸν
1489 2064 1632 2100 ἄνθρωπον
1645 2063 1690 2090 διὰ
1702 2063 1754 2098 τὴν
1770 2062 1872 2097 σκηνὴν

1088 2113 1135 2139 καὶ
1143 2111 1193 2148 τὴν
1205 2111 1371 2139 κολόκυνθαν
1385 2110 1553 2145 λυπούμενον
1561 2117 1568 2125 '
1582 2109 1656 2143 λέγω
1666 2109 1696 2135 δὲ
1706 2109 1757 2145 τὴν
1773 2108 1871 2144 σάρκα,

1085 2159 1131 2186 καὶ
1146 2159 1195 2195 τὴν
1213 2159 1263 2193 τῆς
1279 2158 1379 2194 σαρκὸς
1396 2158 1494 2193 ἡδονήν
1507 2165 1514 2172 ·
1532 2157 1582 2192 τῆς
1599 2155 1628 2183 δὲ
1642 2155 1744 2190 Νινευὴ
1765 2154 1871 2189 ἀντεχό-

1087 2213 1167 2240 μενον
1178 2204 1224 2231 τδν
1238 2203 1304 2231 Θεὸν
1318 2204 1450 2238 είσήγαγε
1464 2202 1514 2238 τῆς
1532 2201 1645 2237 Γραφῆς
1662 2202 1676 2227 ὁ
1689 2200 1781 2234 λόγος.
1795 2199 1870 2234 δῆλον

242 2245 282 2274 tio
298 2245 354 2273 sint
368 2249 451 2280 atque
479 2245 533 2273 illis
557 2247 644 2274 amori
671 2247 835 2279 habeantur,
861 2255 1027 2282 qumcunquc

1084 2250 1122 2282 ὠς
1133 2250 1187 2277 τῶν
1210 2250 1267 2282 τοῖς
1289 2249 1446 2285 ἀνθρώποις
1467 2248 1568 2283 τιμίων
1585 2247 1632 2274 καὶ
1652 2245 1830 2281 ὲπεράστων,
1844 2245 1871 2270 τὸ

242 2290 353 2318 demum
371 2291 416 2320 illa
430 2291 575 2324 exsistant,
588 2292 667 2328 longe
679 2292 856 2328 pra-stantius
874 2301 934 2320 esse
951 2297 1034 2327 atque

244 2338 383 2371 nobilius;
398 2338 500 2366 nedum
513 2339 556 2371 iis,
569 2347 631 2374 quae
646 2347 681 2367 ne
699 2340 834 2367 exsistant
850 2339 973 2374 quidem,
989 2347 1034 2366 so-

242 2385 323 2419 laque
336 2389 469 2420 occupata
483 2385 625 2419 opinione,
640 2390 750 2413 errante
763 2385 880 2420 judicio.
895 2393 955 2412 esse
974 2385 1034 2413 exi-

241 2430 401 2463 stimentur,
428 2438 490 2458 cum
514 2430 590 2459 nulla
610 2439 724 2466 prorsus
743 2439 840 2459 eorum
868 2431 1035 2460 exsistcntia:

243 2475 313 2503 ratio
332 2475 377 2508 sit,
404 2475 452 2503 sed
480 2476 539 2504 sola
565 2481 686 2504 mentem
711 2476 849 2504 deludens
877 2477 1033 2511 cogitatio;

243 2521 379 2556 ejusmodi
393 2521 509 2554 scilicet,
525 2530 586 2557 qua:
597 2530 653 2550 non
665 2523 722 2550 enti
745 2523 855 2551 inanem
870 2523 984 2558 ﬁgurant
1003 2531 1036 2550 ac

244 2567 374 2602 speciem,
388 2576 442 2596 non
462 2568 574 2596 all‘cctui
591 2568 714 2604 vitioque
732 2577 824 2597 veram
837 2569 1034 2601 exsislentiam,

245 2613 375 2648 praebeat.

564 2660 719 2689 SCHOLIA.

284 2704 308 2732 l.
329 2705 402 2738 Quot
432 2703 521 2734 modis
548 2706 630 2735 Jonas
654 2707 776 2734 nominis
806 2707 1035 2742 interpretation)

247 2750 391 2779 reddatur.

281 2797 308 2824 2.
329 2798 426 2833 Joppe,
440 2802 508 2833 quot
523 2798 612 2826 mo‘dis
625 2799 833 2834 interpretanda
844 2799 935 2827 veniat

283 2843 309 2870 5.
330 2842 417 2876 Quam
434 2845 528 2872 multis
554 2845 636 2872 Jonas
664 2845 827 2880 spiritaliter
843 2845 1037 2873 consideratus

253 2889 349 2920 similis
363 2897 405 2919 cst
420 2899 449 2920 ac
468 2891 595 2926 congruit
608 2912 614 2923 ,

1085 2295 1124 2331 τῷ
1137 2295 1198 2331 Θεῷ
1212 2295 1295 2330 φανὲν
1318 2294 1477 2330 προσφιλὲς,
1496 2294 1608 2320 πάντων
1626 2292 1680 2319 τῶν
1694 2290 1820 2317 ὁπωσοῦν
1834 2289 1872 2316 δν-

1085 2350 1140 2368 των
1167 2340 1258 2376 πολλῷ
1277 2340 1401 2376 κρεῖττόν
1414 2340 1473 2366 ἐστι
1492 2339 1539 2366 καὶ
1556 2338 1717 2372 τιμιώτερον
1729 2344 1738 2352 ”
1755 2337 1828 2371 ἦπου
1843 2342 1872 2369 γε

1084 2386 1139 2413 τῶν
1153 2386 1203 2412 οὒκ
1218 2387 1305 2414 ὄντων
1318 2405 1325 2418 ,
1353 2385 1400 2412 καὶ
1417 2385 1485 2420 μόνῃ
1505 2383 1638 2419 προλήψει
1659 2383 1717 2409 κατ’
1739 2380 1873 2416 ἐσφαλμέ-

1085 2441 1134 2467 νην
1157 2431 1248 2468 κρίσιν
1265 2429 1336 2458 εἶναι
1360 2431 1522 2461 δοκούντων,
1541 2426 1579 2456 ὧν
1592 2429 1680 2460 οὐδεὶς
1700 2427 1731 2454 τδ
1745 2427 1872 2463 παράπαν

1086 2478 1145 2505 ἐστὶ
1168 2477 1240 2505 κατὰ
1263 2478 1313 2513 τὴν
1340 2476 1458 2511 ὓπαρξιν
1484 2476 1578 2510 λόγος·
1606 2475 1673 2510 μόνη
1695 2473 1725 2500 δὲ
1740 2471 1873 2508 φαντασία

1085 2525 1131 2552 τὸν
1154 2524 1218 2551 νοῦν
1235 2524 1439 2559 φενακίζουσα·
1471 2523 1519 2550 καὶ
1543 2523 1638 2558 σχῆμα
1660 2522 1718 2552 τοῖς
1745 2521 1796 2547 οὐκ
1817 2517 1871 2546 οὖσι

1085 2570 1225 2604 διάκενον,
1255 2569 1314 2597 ἀλλ’
1339 2570 1388 2605 οὐχ
1418 2569 1569 2602 ὑπόστασιν
1592 2567 1633 2602 τῷ
1657 2566 1740 2595 πάθει
1760 2572 1872 2602 παρεχο-

1089 2617 1166 2653 μένη.

1413 2660 1552 2689 ΣΧΟΛΙΑ.

1125 2710 1157 2734 ι’.
1179 2706 1310 2742 [ῐοσαχῶς
1326 2704 1510 2741 ἑρμηνεύεται
1528 2704 1630 2735 Ἰωνᾶς.

1125 2797 1157 2832 β’.
1179 2795 1310 2831 Ποσαχῶς
1325 2794 1507 2830 ἑρμηνεύεται
1525 2792 1629 2828 Ἰόππη.

1124 2846 1159 2876 γ’.
1181 2842 1279 2873 Πόσοις
1306 2842 1438 2875 ἀναλογεῖ
1465 2838 1665 2876 πνευματικῶς
1694 2836 1870 2878 θεωρούμενος

1096 2890 1196 2921 Ἰωνᾶς.
