1923 3080
111 174 165 208 ἳ29

641 173 839 211 QUIESTION
843 174 887 203 ES
906 173 956 203 ΑΙ)
974 173 1227 204 THALASSIUM.

1681 167 1736 200 730

149 234 183 258 δ’.
201 231 279 263 Τίνος
300 231 448 266 ἀναλογίαν
466 231 523 267 ἔχει
549 233 683 267 νοουμένη
707 230 900 266 πνευματικῶς

986 230 1013 256 1.
1033 229 1157 262 Quocum
1186 228 1274 263 Joppe
1297 226 1460 262 spiritaliter
1482 223 1655 253 considerata
1673 230 1739 250 con—

112 277 130 311 θι
151 277 258 311 Ἰόππη.

151 327 182 350 ε’.
204 323 272 350 Κατ’
292 324 375 359 ἄλλην
398 323 526 358 ἑπιῦολὴν
545 325 602 355 τοῖς
620 323 681 350 καθ’
697 324 800 350 ἕκαστα
820 322 902 358 πρόσ-

111 377 199 405 φορος
214 369 316 406 θεωρία
329 371 395 406 περὶ
407 370 457 405 τῆς
479 370 600 406 Ἰόππης.

152 419 192 448 ς’.
209 416 401 452 Πολυταράχου
419 415 513 451 ζάλης.

153 461 185 493 ζ’.
207 461 337 497 Κεφαλήν
361 461 435 496 λέγει
460 461 505 488 τὸν
527 461 634 497 πρῶτον
650 461 715 496 περὶ
731 460 842 496 μονάδος
861 459 904 486 λό-

115 515 177 541 γον,
200 506 238 538 ὡς
258 507 345 542 ἀρχὴν
363 507 453 541 πάσης
469 506 571 542 ἀρετῆς
583 515 590 522 ·
605 507 654 538 τὰς
669 506 697 532 δὲ
716 506 834 541 σχισμᾶις
848 505 904 532 τῶν

117 553 218 588 ὀρέων,
242 553 292 584 τὰς
307 553 426 584 διανοίας
446 553 500 579 τῶν
515 553 677 587 πνευμάτων
691 554 741 587 τῆς
756 551 899 586 πονηρίας,

119 598 167 633 ὑφ’
183 594 220 624 ὧν
243 598 380 634 κατεπόθη
398 598 444 625 διὰ
467 597 518 633 τῆς
542 597 725 633 παραϐάσεως
739 598 753 623 6
771 596 906 632 ἡμέτερος

118 652 194 676 νους.

132 717 145 726 ,
156 693 193 725 η’.
208 690 264 725 Γῆν
286 689 361 724 λέγει
381 689 551 725 κατωτάτην,
565 689 614 726 τὴν
630 689 763 724 μηδαμῶς
782 688 909 723 γνώσεως

120 735 321 770 αίῖθανομένην
338 735 413 767 θείας
427 754 435 767 ,
461 735 478 770 ἢ
494 736 545 771 τῆς
571 736 632 762 κατ’
650 735 751 771 ἀρετὴν
769 734 841 769 ζωῆς
860 734 908 769 τὴν

121 780 231 807 οἱα-θοῦν
248 781 354 808 κίντισιν
372 780 499 817 ἔχουσαν,
518 781 586 814 ἕξιν.

160 869 194 897 θ’.
213 869 348 896 ’Δϐυσσον
372 869 450 896 καλεῖ
464 870 515 906 τὴν
541 870 654 905 ἄγνοιαν
671 869 851 904 ἐπικειμένην
875 869 909 904 τῇ

122 914 182 948 ἔξει
205 915 255 950 τῆς
273 915 372 947 κακίας
385 923 393 930 ”
414 916 457 950 ἔφ’
516 915 632 951 βέϐηκεν
658 915 784 950 καθάπερ
811 915 858 949 γῇ,
873 914 908 940 τὰ

121 959 174 995 τῆς
188 960 285 992 κακίας
301 961 418 996 πελάγη.

113 1048 116 1050 _
162 1008 188 1032 ι’.
208 1006 263 1041 Γῆν
282 1006 332 1041 μὲν
346 1006 396 1042 τὴν
414 1006 517 1041 παγίαν
539 1005 589 1040 τῆς
613 1005 712 1037 κακίας
738 1005 795 1037 ἕξιν
814 1003 908 1031 εἷπεν·

123 1051 252 1083 αιωνίους
264 1051 293 1078 δὲ
310 1051 425 1087 μοχλοὺς
437 1074 446 1086 ,
463 1051 512 1083 τὰς
527 1051 734 1088 συγκρατούσας
754 1051 803 1087 τὴν
826 1051 912 1086 χειρί-

124 1103 193 1131 στην
208 1095 263 1128 ἕξιν
278 1097 414 1132 ἐμπαθεῖς
429 1096 616 1133 προσπαθείας
630 1097 684 1123 τῶν
699 1096 810 1123 ὑλικῶν.

167 1146 213 1170 ια’.
239 1143 342 1178 Φέγγος
366 1145 440 1179 λέγει
464 1144 513 1181 τὴν
544 1145 631 1180 ἀληθῆ
663 1144 781 1179 γνῶσιν·
798 1144 871 1179 ζωὴν
885 1143 914 1171 δὲ

124 1188 247 1225 βροτῶν,
267 1189 317 1225 τὴν
343 1190 503 1226 πρέπουσαν
529 1191 649 1225 λογικοῖς
665 1191 804 1218 πολιτείαν
816 1210 824 1224 ,
850 1187 883 1226 ἧς
900 1192 915 1217 6

123 1234 175 1271 τὴν
197 1234 286 1271 κακὴν
300 1235 356 1269 ἕξιν
372 1235 441 1271 ἔχων
456 1237 614 1272 ὲστερῆται.

953 276 1035 311 gruit.

989 321 1015 348 5.
1035 320 1097 347 Alio
1112 327 1195 347 sensu
1216 319 1332 354 singulis
1348 319 1517 346 conveniens
1549 315 1683 352 spiritalis
1705 313 1741 342 de

953 367 1038 402 Joppe
1053 366 1248 394 consideratio.

988 413 1013 440 6.
1035 412 1212 438 Turbulentae
1225 410 1363 446 procellae.

991 459 1017 485 7.
1036 458 1124 492 Caput
1137 457 1256 492 appellat
1269 456 1386 491 primam
1400 454 1515 482 unitatis
1526 453 1743 485 rationem,quae

955 505 1062 533 scilicet
1073 504 1184 531 virtutis
1193 503 1282 530 omnis
1294 502 1459 537 principium
1474 500 1597 528 exsistat.
1609 497 1743 526 Montium

956 555 1048 578 autem
1063 549 1206 580 scissuras,
1227 546 1407 582 cogitationes
1418 553 1450 573 ac
1464 544 1577 572 consilia
1594 543 1743 578 spirituum

956 596 1097 631 nequitiae,
1118 602 1236 630 quorum
1246 593 1337 620 atllatu
1351 597 1434 626 atque
1448 591 1561 617 ineursu
1573 609 1580 621 ,
1591 596 1640 623 per
1656 591 1746 614 trans-

958 641 1137 677 gressionem,
1155 647 1234 667 mens
1252 643 1345 666 nostra
1360 637 1489 671 absorpta
1500 639 1552 663 est.

992 687 1074 722 272
1091 686 1117 713 8.
1137 685 1250 713 Terram
1267 684 1388 719 appellat
1399 682 1532 713 inﬁmam,
1550 678 1687 716 ejusmodi
1698 678 1747 705 ha-

959 733 1048 760 bitum
1064 732 1111 766 qui
1131 731 1206 758 nullo
1228 730 1327 758 divinae
1348 729 1472 757 scientiae
1491 735 1574 755 sensu
1602 725 1747 755 aﬁiciatur,

960 778 1090 813 omnique
1102 785 1215 812 prorsus
1239 776 1301 804 vita:
1316 780 1403 807 motu,
1422 774 1495 809 quod
1519 775 1626 808 spectat
1637 770 1670 798 ad
1691 769 1749 797 vir-

962 829 1058 856 tutem,
1068 826 1169 851 careat.

996 871 1022 899 9.
1039 869 1175 905 Abyssum
1200 873 1290 900 vocat,
1316 866 1504 894 imminentem
1521 864 1621 892 vitioso
1642 859 1750 889 habitui

962 916 1159 954 ignorantiam;
1175 922 1258 950 quam
1277 914 1335 941 vitii
1350 921 1382 940 ae
1394 911 1539 947 pravitatis
1563 911 1619 937 alto
1643 907 1752 944 gurgite

914 985 916 987 .
962 963 1085 994 ﬁumina,
1102 962 1178 989 velut
1192 965 1292 988 terram
1311 959 1483 987 inscendam.

997 1009 1041 1036 10.
1061 1008 1176 1036 Terram
1209 1006 1373 1042 appellavit,
1402 1004 1512 1031 ﬁrmum
1538 1002 1598 1030 vitii
1614 1000 1752 1028 habitum.

961 1051 1090 1080 Aitemos
1111 1055 1214 1083 vectes,
1241 1055 1416 1077 terrenorum
1438 1048 1605 1076 libidinosos
1623 1045 1751 1078 aﬂectus,

962 1096 1112 1133 pessimum
1127 1094 1278 1123 conﬁantes
1296 1094 1432 1121 habitum.

997 1143 1042 1170 11.
1063 1142 1147 1171 Jubar
1162 1145 1258 1173 vocat,
1285 1148 1379 1168 veram
1408 1138 1574 1167 scientiam:
1595 1136 1753 1164 mortalium

962 1197 1029 1217 vero
1040 1189 1134 1220 vitam,
1153 1195 1213 1222 quae
1226 1191 1336 1214 utentes
1352 1185 1459 1212 ratione
1480 1183 1586 1215 deccat,
1601 1182 1664 1209 vitae
1675 1180 1755 1208 insti-

964 1232 1097 1261 tutionem
1111 1252 1118 1265 ,
1144 1239 1198 1267 qua
1220 1234 1306 1263 caret,
1325 1229 1373 1265 qui
1402 1228 1474 1256 malo
1504 1227 1599 1255 habitu
1622 1225 1755 1261 praeditus

911 1286 915 1291 '
964 1282 1018 1306 CSL

163 1324 208 1360 ιβ’.
235 1325 368 1352 Ἐνταῦθα
384 1325 434 1360 τὴν
451 1325 599 1357 θάλασσαν,
617 1326 657 1356 είς
673 1325 718 1352 τὸν
735 1325 837 1361 κόσμον
854 1325 916 1352 τοῦ·

125 1380 173 1398 τον
192 1371 303 1398 ἔλαϐεν·
319 1373 359 1404 είς
370 1372 400 1399 ὃν
415 1372 459 1399 διὰ
477 1372 578 1408 σαρκὸς
595 1373 608 1399 6
628 1372 729 1407 Κύριος
741 1371 864 1406 γέγονεν.

165 1421 210 1452 ιγ’.
234 1417 400 1445 ’Δνάπαυσιν
423 1417 498 1452 λέγει
518 1418 563 1444 τὸν
590 1417 711 1453 Κύριον,
738 1417 775 1449 ὡς
794 1417 848 1443 τῶν
872 1417 915 1445 ἐπ’

126 1464 214 1500 ἁρετῇ
237 1464 326 1490 πόνων
345 1464 489 1499 λυτήριον⁸
507 1463 579 1490 ἴασιν
604 1463 632 1490 δὲ
657 1463 744 1496 Θεοῦ,
769 1463 807 1495 ὡς
826 1463 917 1498 ἰατρὸν

125 1511 179 1546 τῆς
201 1512 233 1538 ὲκ
259 1511 306 1538 τοῦ
333 1511 448 1538 θανάτου
473 1511 596 1546 πληγῆς·
617 1510 685 1537 Θεοῦ
709 1511 738 1537 δὲ
761 1511 853 1546 χάριν,
879 1511 918 1542 ὡς

130 1556 324 1592 ἀπολύτρωσιν
336 1566 343 1573 '
366 1557 414 1585 καὶ
438 1557 505 1584 Θεοῦ
522 1557 613 1591 πόνον,
630 1557 668 1589 ὡς
687 1557 741 1584 τῶν
757 1557 836 1593 ἡμῶν
852 1558 917 1584 ἁνα-

127 1602 210 1638 δοχέα
227 1603 331 1631 παθῶν.

167 1688 208 1716 ιδ’.
227 1687 272 1715 Fr.
286 1688 349 1720 Πῶς
364 1689 423 1715 ἐστι
438 1687 519 1723 χάρις
534 1688 548 1715 6
559 1687 662 1723 Κύριος
675 1686 754 1722 ἡμῶν
770 1687 818 1713 καὶ
830 1677 917 1718 826;.-

131 1733 183 1766 ῐδε.
203 1734 295 1766 Νεῖλε,
312 1735 359 1761 καὶ
380 1734 419 1770 μὴ
439 1733 563 1766 σαλεύου,
580 1733 629 1769 τῷ·
655 1733 780 1767 Πλήρης
799 1732 920 1767 χάριτος

130 1779 181 1807 καί
196 1780 353 1814 ἀληθείας.

169 1829 212 1852 ιε’.
233 1824 294 1856 Πῶς
310 1824 386 1859 δηλοῖ
401 1824 451 1860 τὴν
473 1822 647 1859 προφητικὴν
661 1822 742 1858 χάριν
762 1822 864 1854 Ἰωνᾶς.

170 1915 219 1944 ις’.
239 1911 301 1938 Ὀτι
316 1912 424 1946 δαπανᾷ
437 1931 445 1942 ,
462 1911 529 1946 φησὶ
542 1930 550 1942 ,
571 1910 793 1946 προσϐάλλουσαν
808 1909 856 1944 τὴν
871 1918 920 1936 πο-

133 1959 221 1994 νηρὰν
235 1959 361 1994 δύναμιν,
377 1959 393 1992 ὴ
409 1958 463 1984 τῶν
482 1957 567 1991 ἁγίων
582 1958 715 1992 ὐπομονή.

171 2005 215 2037 ιζ’.
236 2006 298 2032 Ὅτι
321 2004 485 2040 σωματικῶς
497 2004 523 2030 οἰ
542 2003 616 2038 ἅγιοι
632 2004 793 2038 πάσχοντες,
814 2004 862 2030 καὶ
875 2003 921 2029 τὸν

134 2051 208 2086 ὑπὲρ
228 2050 356 2086 ἀληθείας
379 2049 512 2080 ἑκουσίως
529 2048 712 2084 ὑπερχόμενοι
741 2048 856 2075 θάνατον
870 2048 920 2083 τῆς

135 2098 250 2134 σαρκὸς,
263 2098 314 2132 τὴν
328 2097 400 2123 κατὰ
413 2096 504 2122 πίστιν
515 2095 543 2122 ὲν
555 2095 690 2130 πνεύματι
702 2094 775 2130 ζωὴν
787 2095 922 2130 ἐνήργουν

133 2145 195 2175 τοῖς
211 2143 311 2169 ἔθνεσι.

173 2189 218 2225 ιη’.
241 2189 303 2215 Ὅτι
333 2188 383 2222 τῆς
407 2187 468 2214 καθ’
497 2186 650 2222 ὑπερϐολὴν
685 2185 760 2217 θείας
782 2183 923 2220 δυνάμεώς

1001 1324 1045 1351 12.
1070 1323 1120 1350 Hic
1134 1322 1186 1350 loci
1206 1329 1281 1349 mare
1305 1321 1334 1348 in
1352 1318 1448 1348 mundi
1466 1318 1550 1354 hujus
1575 1316 1688 1351 ﬁguram
1711 1322 1757 1343 ae-

965 1369 1047 1404 cepit,
1066 1369 1093 1395 in
1110 1375 1191 1400 quem
1209 1366 1342 1394 Dominus
1353 1373 1402 1400 per
1417 1370 1529 1392 carnem
1544 1361 1621 1388 venit

1001 1403 1044 1442 15.
1067 1414 1202 1448 chuiem
1222 1412 1368 1440 Dominum
1382 1409 1513 1445 appellat,
1531 1411 1561 1435 ut
1573 1414 1628 1442 quo
1643 1403 1754 1432 virtutis

967 1462 1092 1497 palsestra
1108 1461 1220 1488 labores
1239 1459 1391 1486 solvantur.
1409 1455 1457 1483 Dei
1476 1460 1568 1482 autem
1592 1451 1758 1479 medicinam

967 1507 1044 1539 dicit,
1064 1511 1094 1534 ut
1107 1506 1153 1541 qui
1178 1504 1276 1532 mortis
1305 1504 1412 1538 plagam
1436 1500 1603 1528 medieetur.
1629 1497 1678 1524 Dei
1692 1502 1758 1523 vero

969 1554 1101 1589 gratiam,
1121 1555 1152 1578 ut
1177 1550 1224 1585 qui
1250 1548 1406 1583 redemptio
1431 1546 1477 1574 sit.
1503 1544 1627 1578 Denique
1645 1541 1694 1569 Dei
1716 1541 1758 1567 la-

970 1600 1076 1630 borem,
1090 1601 1120 1624 ut
1131 1596 1178 1624 aui
1190 1594 1384 1630 aegrotationes
1395 1595 1506 1620 nostras
1517 1589 1687 1622 aﬁ‘ectusque
1700 1594 1761 1613 sus-

970 1643 1084 1678 ceperit.

1005 1676 1049 1716 11.
1069 1687 1213 1721 Quomodo
1235 1685 1328 1713 Gratia
1351 1683 1485 1711 Dominus
1506 1685 1601 1708 noster
1616 1685 1648 1706 ac
1661 1676 1760 1705 Deus?

970 1735 1127 1768 Vide,Nile,
1141 1738 1168 1761 et
1182 1740 1217 1760 ne
1227 1729 1449 1764 moveare,quod
1464 1727 1600 1762 scriptum
1615 1728 1659 1752 est
1676 1732 1682 1750 :
1697 1722 1759 1749 Ple-

971 1794 1020 1812 nus
1038 1785 1133 1820 gratiae
1146 1786 1169 1809 et
1184 1782 1302 1810 veritatis
1318 1781 1354 1807 ⁸³.

1009 1817 1051 1857 15'.
1071 1828 1130 1862 Qua
1147 1826 1258 1854 tandem
1278 1825 1384 1852 ratione
1399 1824 1482 1851 Jonas
1494 1820 1630 1856 signiﬁcet
1643 1817 1763 1854 prophe-

972 1881 1054 1904 ticam
1071 1873 1199 1909 gratiam.

1007 1921 1048 1948 16.
1070 1907 1233 1947 Danctorum
1253 1915 1386 1951 patientia
1399 1914 1469 1949 ipsis
1490 1913 1664 1947 ingruentem
1677 1907 1762 1935 absu-

935 1962 946 1975 ’
971 1967 1022 1995 mit
1034 1965 1228 2001 nequissimam
1247 1965 1421 1998 potestatem.

1007 2013 1050 2040 17.
1070 2010 1162 2039 Sancti
1181 2016 1298 2044 corpore
1315 2010 1454 2035 tormenta
1473 2004 1651 2034 sustinentes,
1666 2009 1698 2028 ac
1712 2008 1767 2035 pro

972 2060 1075 2095 pietate
1092 2056 1184 2085 carnis
1201 2059 1319 2082 mortem
1334 2053 1481 2083 obeuntes,
1500 2050 1584 2077 vitam
1609 2048 1637 2075 in
1650 2046 1761 2083 spiritu.

973 2113 1034 2141 quae
1046 2112 1095 2140 per
1112 2103 1193 2130 ﬁdem
1204 2105 1257 2134 est,
1272 2101 1300 2128 in
1311 2098 1442 2136 gentibus
1455 2095 1633 2132 praestabant.

1009 2193 1052 2220 18.
1082 2191 1187 2220 Divinae
1226 2188 1390 2218 excellentis
1413 2186 1543 2223 potentiae
1571 2185 1764 2220 argumentum

136 2237 212 2280 εστιν
225 2235 366 2266 ὑπόθεσις,
383 2234 400 2270 ἡ
416 2233 487 2260 κατὰ
504 2232 585 2267 φύσιν
605 2232 660 2259 τῶν
674 2232 760 2266 ἁγίων
776 2231 914 2258 ἀσθένεια

982 2242 1026 2270 εει,
1040 2245 1101 2273 quze
1122 2244 1155 2264 ex
1171 2239 1271 2262 natura
1294 2237 1452 2261 sanctorum
1479 2229 1625 2258 inﬁrmitas
1642 2231 1695 2258 est,
1711 2231 1767 2261 qua

134 2279 171 2317 ἦς
205 2280 305 2314 ἥττονα
336 2279 382 2306 τδν
420 2278 593 2314 ὑπερήφανον
625 2277 747 2304 διάϐολον
775 2277 789 2303 6
819 2276 922 2312 Κύριος

136 2327 250 2360 ἔδειξεν.

177 2374 220 2401 ιθ¹.
237 2374 258 2400 Τ
260 2373 288 2399 ὸν
306 2372 418 2407 βασιλέα
433 2371 516 2406 φησὶν
531 2368 611 2402 εἶναι,
632 2370 677 2396 τὸν
688 2369 806 2404 φυσικὸν
818 2370 901 2404 νόμον
913 2377 921 2385 ·

136 2421 186 2448 τον
200 2420 230 2447 δὲ
249 2419 354 2455 θρόνον,
369 2418 418 2454 τὴν
433 2417 545 2453 ἐμπαθῆ
560 2417 620 2443 κατ’
640 2415 766 2451 αἴσθησιν
779 2415 836 2447 ἕξιν
849 2424 856 2430 ·
874 2416 924 2450 τὴν

137 2467 168 2493 δὲ
187 2465 295 2501 στολὴν,
314 2465 363 2501 τὴν
381 2464 432 2499 τῆς
445 2463 527 2498 κενῆς
545 2462 622 2497 δόξης
641 2461 791 2496 περιϐολήν
803 2469 810 2476 ·
827 2461 873 2488 τὸν
895 2461 924 2487 δὲ

139 2513 253 2544 σάκκον,
266 2512 296 2538 τὺ
310 2511 380 2538 κατὰ
394 2510 445 2546 τὴν
460 2509 603 2546 μετάνοιαν
620 2507 718 2539 πένθος
728 2515 735 2521 ·
750 2507 800 2542 τὴν
812 2507 841 2533 δὲ
859 2516 926 2534 σπο-

138 2558 195 2588 δὸν,
210 2557 260 2593 τὴν
273 2555 537 2592 ταπεινοφροσύνην.

176 2607 211 2630 κ’.
231 2603 404 2638 ’Λνθρώπους
418 2602 503 2636 λέγει,
516 2602 579 2633 τοὺς
593 2596 654 2636 περὶ
670 2600 715 2627 τὸν
726 2600 804 2634 λόγον
814 2608 820 2615 ·
838 2599 926 2635 κτήνη

139 2650 180 2683 δὲ,
193 2651 257 2681 τοὺς
274 2650 338 2684 περὶ
351 2649 401 2684 τὴν
415 2648 563 2690 ἐπιθυμίαν
573 2657 580 2662 -
596 2646 660 2682 βόας
673 2646 712 2680 δὲ,
726 2647 791 2677 τοὺς
804 2647 869 2680 περὶ
881 2645 929 2672 τὸν

141 2697 250 2733 θυμόν·
276 2696 400 2731 πρόῆατα
421 2695 450 2722 δὲ
493 2696 556 2727 τοὺς
579 2695 642 2730 περὶ
664 2693 714 2729 τὴν
740 2693 858 2728 θεωρίαν
873 2692 928 2719 τῶν

141 2741 249 2777 ὁρατῶν
263 2740 419 2772 πταίοντας.

180 2785 232 2814 ια’.
250 2786 312 2813 Ὀτι
339 2786 386 2812 καὶ
410 2786 459 2821 τὴν
476 2786 593 2813 ἑκάστου
618 2782 706 2820 ψυχὴν
728 2782 746 2819 ἡ
763 2781 864 2817 Νινευὴ
881 2789 929 2816 ct;-

145 2844 156 2868 ιη
165 2833 246 2860 αίνει.

182 2890 204 2907 ⁸³
215 2889 293 2918 Joan.
311 2897 331 2923 ι,
345 2889 386 2918 Η.

972 2284 1039 2312 fecit
1050 2271 1204 2315 Dominus,
1218 2286 1249 2308 ut
1265 2280 1402 2316 superbus
1415 2277 1542 2305 diabolus
1552 2274 1666 2302 victoria
1683 2271 1765 2300 eade-

972 2334 1024 2358 ret.

1010 2376 1053 2403 19.
1066 2376 1168 2411 Regem
1180 2382 1240 2402 esse
1251 2372 1328 2405 dicit,
1341 2375 1446 2398 natura:
1455 2369 1544 2403 legem
1562 2375 1568 2393 :
1582 2365 1681 2392 solium
1695 2362 1764 2397 ejus.

974 2422 1103 2449 vitiosum
1121 2427 1217 2447 sensus
1230 2418 1292 2445 labe
1312 2416 1437 2444 habitum
1459 2423 1465 2429 ·
1483 2412 1591 2441 stolam,
1606 2407 1696 2435 inanis
1709 2405 1768 2440 glo-

976 2466 1024 2493 rize
1035 2464 1163 2492 amictum
1181 2471 1188 2489 :
1207 2469 1327 2492 saccum,
1350 2458 1517 2496 poenitentim
1541 2456 1665 2485 luctum;
1690 2451 1768 2478 cine-

978 2519 1048 2542 rem,
1063 2517 1159 2537 sensus
1176 2507 1355 2539 modestiam;
1377 2504 1403 2532 id
1422 2509 1464 2531 est
1483 2501 1679 2530 humilitatem.

1016 2598 1062 2626 (ΞΟ.
1083 2597 1213 2624 llomines
1224 2593 1370 2629 voeat,qui
1383 2593 1510 2624 ratione;
1531 2597 1641 2626 pecora,
1657 2587 1704 2624 qui
1717 2595 1768 2615 cu-

981 2643 1110 2679 piditate;
1127 2642 1221 2673 boves,
1238 2640 1284 2675 qui
1297 2641 1355 2672 ira;
1370 2645 1446 2669 oves,
1465 2637 1513 2672 qui
1534 2643 1627 2663 rerum
1641 2635 1670 2662 in
1685 2641 1768 2668 aspe-

982 2687 1222 2717 ctumeadentium
1242 2683 1473 2720 contemplatione
1490 2681 1644 2710 oﬁ‘endunt.

1016 2782 1061 2809 21.
1080 2781 1207 2809 Ninivem
1223 2780 1305 2808 etiam
1322 2778 1457 2815 cujusque
1465 2776 1636 2811 singulorum
1649 2772 1769 2799 animam

982 2826 1147 2863 signiﬁcare.
