1923 3080
178 138 230 173 731

178 241 238 268 sine
250 241 352 276 quibus
364 241 432 268 nihil
447 241 474 267 in
487 241 589 268 creatis
600 242 719 268 exsistit.

211 285 257 313 2'5.
278 285 410 316 Ecclesia,
428 293 488 319 quae
506 285 617 312 virtutis
632 293 663 312 ac
673 285 799 314 scientia:
814 285 970 314 rationibus

178 325 290 366 fulgeat,
306 339 338 357 ac
350 331 482 364 cujusque
495 330 668 364 singulorum
682 331 772 358 anima
785 331 897 366 (quippe
909 339 970 366 qua:

179 381 287 412 tempus
303 377 435 404 excedant
447 381 475 403 ct
491 378 630 411 naturam)
649 386 732 413 supra
749 378 894 405 duodecim
912 387 970 414 my-

179 421 269 448 riades
287 421 324 456 (id
336 426 388 450 est,
404 428 515 449 centum
525 422 621 457 viginti
639 422 734 457 millia)
751 423 842 450 habet.
852 423 970 450 Virtutis

177 467 250 494 enim
276 467 355 499 ratio,
380 468 420 494 uti
438 468 567 500 sinistrze,
584 469 675 496 carnis
700 474 843 503 peccatum
860 469 967 502 nescit;

178 521 208 540 ac
226 514 346 541 scientia:
362 515 432 541 ratio
446 515 543 542 animae
556 514 651 542 vitium
665 515 742 549 quasi
753 515 876 542 dextram
892 515 970 551 igno-

163 563 230 594 μοι.
919 587 930 594 _

160 609 165 639 ζ
211 604 255 631 24.
280 604 417 632 Virtutum
435 611 531 633 auctor
552 607 624 634 Deus
642 612 694 634 est.
713 607 779 642 Ejus
811 608 900 643 reipsa
921 616 968 636 ac—

160 654 261 690 Etuque
280 652 405 683 scientia,
429 652 515 687 ipsius
532 658 574 681 est
602 654 649 688 qui
674 654 760 680 Deum
775 662 839 682 vere
857 655 969 690 agnovit

159 688 163 697 ’
177 697 205 723 in
222 697 348 732 spiritum
364 698 456 725 habitu
475 699 636 727 immtttatio.

212 793 257 820 25.
287 794 342 821 Lex
358 799 480 826 naturae,
510 796 607 823 mediis
625 796 785 827 virtutibus.
807 795 969 824 incumben-

178 841 234 865 tem
252 837 347 864 sedulo
373 839 485 870 actioni,
505 839 538 866 ad
555 845 674 867 mentem
696 849 833 875 propensc
851 841 966 874 evehit;

177 890 255 910 mens
270 888 361 910 autem
378 892 426 919 per
439 885 715 919 contemplationem,
739 886 860 914 scientiae
891 886 965 914 desi-

177 927 255 955 derio
269 929 408 963 cupidum,
424 930 458 957 ad
472 931 635 965 sapientiam
653 931 769 959 inducit.
791 931 857 965 Quze
873 936 964 959 autent

177 977 253 1000 extra
268 974 401 1002 rationem
420 976 516 1010 illique
530 985 626 1004 aversa
645 977 754 1005 aﬁ‘ectio
767 982 820 1009 est,
839 979 966 1006 mandata

177 1019 358 1054 negligentem
383 1021 417 1048 ad
440 1029 551 1049 sensum
568 1022 674 1049 detrahi
700 1023 785 1057 facit;
810 1024 888 1059 cujus
905 1024 967 1052 ﬁnis

176 1070 227 1098 est,
244 1071 274 1094 ut
290 1067 399 1095 animus
412 1073 541 1104 tanquam
559 1069 637 1097 clavo
653 1070 759 1098 deﬁxus
771 1070 875 1098 haereat
887 1072 966 1098 volu-

178 1112 257 1146 ptati.

210 1158 255 1185 ‘26.
277 1158 459 1187 Diﬁidentiam
471 1168 519 1187 seu
535 1160 761 1190 incredulitatem
775 1168 867 1196 vocat,
886 1172 968 1200 nega-

177 1204 281 1232 tionem
298 1206 510 1241 mandatorum;
535 1208 615 1234 ﬁdem
635 1216 710 1241 vero,
734 1209 856 1237 animqu
875 1210 909 1238 iis
922 1218 966 1237 as-

177 1252 365 1286 sentientem;
394 1254 533 1286 tenebras,
554 1254 619 1281 boni
642 1255 808 1291 honestique
837 1257 967 1292 ignoran-

176 1297 259 1331 tiam;
278 1297 377 1330 luccm,
404 1300 463 1335 ejus
477 1300 638 1336 agnitionen
662 1309 710 1328 seu
729 1302 867 1330 notitiam.
886 1302 968 1330 Chri-

175 1347 248 1370 stum
264 1340 339 1377 vero;
358 1344 458 1372 horum
485 1346 633 1374 essentiam
650 1347 820 1382 nuncupavit
843 1356 876 1375 ac
900 1348 968 1375 sub-

177 1390 321 1423 stantiam;
349 1390 490 1418 diabolum
509 1392 629 1428 denique
649 1393 801 1428 pessimum
830 1394 968 1430 ejusmodi

177 1433 312 1467 habitum,
330 1436 376 1470 qui
386 1437 528 1471 sitparens
540 1438 662 1465 omnium
678 1439 825 1466 malorum.

212 1480 257 1507 27.
279 1481 415 1509 Virtutem
428 1483 558 1518 appellat,
575 1483 831 1519 tranquillissimum
842 1485 969 1512 ﬁrmum-

177 1534 230 1560 que
241 1534 304 1562 erga
323 1527 349 1554 id
363 1529 438 1563 quod
457 1529 603 1557 honestum
617 1530 663 1563 sit,
682 1530 824 1564 habitum;
838 1531 883 1559 cui
899 1531 969 1558 nihil

178 1572 308 1607 utrinque
325 1577 368 1600 est
383 1574 489 1608 gerenti
507 1575 553 1602 Dei
572 1575 687 1610 ﬁguram
709 1583 742 1603 ac
759 1576 949 1605 characterem
962 1598 970 1610 ,

177 1617 223 1645 cui
238 1618 306 1645 nihil
322 1620 495 1647 contrarium
508 1626 560 1648 est.
944 1624 947 1625 ⁷

212 1664 257 1692 28.
279 1664 420 1700 Siquidem
445 1666 526 1699 ratio,
543 1674 594 1702 pro
615 1675 648 1694 eo
665 1675 696 1694 ac
711 1668 750 1695 illi
780 1673 971 1703 comparatum

178 1715 230 1744 est,
245 1711 344 1746 cuique
360 1719 456 1739 rerum
469 1716 562 1740 ortum
577 1713 704 1741 definivit
719 1722 751 1741 ac
766 1714 950 1742 substantiam
963 1724 971 1749 ;

178 1757 254 1784 nulla
272 1765 316 1785 res
336 1762 434 1785 natura
450 1759 569 1794 scipsam
587 1763 635 1787 aut
651 1761 863 1795 snperexcedit,
881 1765 930 1788 aut
943 1769 972 1789 se

178 1801 294 1830 inferior
307 1807 358 1830 est.
383 1803 486 1841 Rerum
508 1805 593 1840 igitur
618 1805 744 1833 deﬁnitio
766 1806 970 1842 terminusque,

178 1851 299 1878 auctoris
317 1851 455 1879 desiderio
469 1853 572 1888 agnitio
584 1858 644 1887 est;
663 1854 763 1882 modus
777 1858 869 1882 autem
887 1859 972 1890 atque

178 1903 307 1924 mensura
319 1918 326 1930 ,
350 1899 472 1927 auctoris
499 1899 601 1934 reipsa,
616 1904 720 1934 quanta
736 1901 820 1928 rebus
839 1908 973 1928 concessa

178 1946 231 1974 est,
252 1942 370 1970 imitatio
383 1948 435 1971 est.

213 1989 258 2016 29.
280 1990 358 2022 Quod
377 1998 476 2018 eorum
499 1992 547 2026 qui
573 1997 722 2020 moventur
738 1993 872 2028 appetitio
888 2002 973 2030 supra

179 2039 281 2062 metam
293 2035 399 2063 feratur
419 2037 588 2073 modumque
608 2038 735 2070 excedat,
754 2047 851 2066 eorum
868 2044 974 2068 motum

180 2081 272 2108 reddit
300 2081 439 2115 inutilem,
453 2083 527 2118 quod
550 2077 638 2110 litium
664 2092 720 2111 non
737 2090 931 2120 assequentur,
946 2085 974 2114 in

178 2135 235 2161 quo
249 2127 373 2154 omnium
393 2127 565 2162 conquiescit
576 2129 757 2164 appetitionis
767 2135 870 2164 motus,
881 2139 931 2166 per
944 2139 974 2159 se

180 2180 277 2200 verum
290 2180 322 2200 ac
342 2181 407 2200 vere
423 2174 600 2202 cxsistentem
626 2180 723 2204 nactus
743 2176 838 2210 ﬁnem,
856 2177 905 2204 Dei
929 2177 974 2204 ni-

179 2218 282 2250 mirum
294 2218 467 2247 fruitiouem.

212 2264 296 2299 273
310 2265 354 2292 50.
370 2265 448 2298 Quod
465 2273 547 2301 supra
561 2266 681 2302 regulam
699 2273 727 2295 et
740 2276 895 2296 mensuram
915 2274 973 2303 est;

176 2310 309 2350 quodque
323 2311 417 2345 utique
429 2316 529 2346 praeter
541 2313 662 2347 regulam
675 2318 758 2349 atque
771 2322 938 2342 mensuram.

215 2356 259 2384 5|.
277 2357 411 2384 Nimirum
428 2358 540 2386 rationi.

215 2403 260 2430 52.
279 2403 508 2438 lneorporeorum
524 2412 728 2441 corporumque
744 2407 866 2434 rationes
880 2407 974 2435 dimit-

179 2449 225 2482 tit,
242 2457 303 2484 quae
315 2457 366 2484 per
382 2457 525 2478 excessum
540 2459 619 2478 mens
639 2460 750 2479 cursum
766 2452 795 2479 in
807 2452 894 2480 Deum
909 2461 976 2481 con-

181 2496 270 2525 tendit
284 2505 290 2524 :
304 2505 359 2524 non
372 2497 446 2524 enim
458 2502 647 2533 comparatum
659 2503 712 2531 est,
726 2503 756 2525 ut
774 2507 870 2526 eorum
884 2507 943 2534 qua:
959 2508 975 2531 a

181 2541 238 2570 Deo
250 2542 371 2569 secunda
391 2547 466 2576 sunt,
482 2543 587 2577 aliquid
603 2552 657 2571 una
672 2552 735 2571 cum
749 2545 805 2572 Deo
820 2545 975 2580 conspicia-

182 2591 238 2614 tur.

217 2632 262 2660 55.
280 2632 403 2665 Quonam
420 2634 501 2662 modo
521 2635 605 2664 Jonas
622 2635 710 2670 accipi
724 2636 821 2671 possit,
837 2639 867 2664 ut
883 2641 912 2664 et
924 2637 974 2665 Ju-

182 2678 255 2708 daici
274 2679 369 2714 populi
385 2679 470 2715 ﬁgura
488 2681 534 2708 sit.
554 2680 557 2682 ί

217 2724 262 2752 34.
278 2725 336 2759 Qua
353 2726 475 2753 nominis
493 2726 720 2762 interpretatione
735 2727 817 2755 Jonas
829 2727 974 2756 Iudaicum

183 2772 315 2807 populum
328 2771 414 2807 ﬁgura
428 2773 493 2800 olim
511 2774 699 2808 reprehendit.

218 2816 263 2843 55.
280 2817 384 2846 Vieisse
411 2819 497 2854 magis
519 2819 666 2846 Dominum
680 2820 788 2855 tyranni
810 2820 973 2855 potentiam,

186 2862 290 2898 objecta
309 2864 398 2891 carnis
415 2864 582 2897 inﬁrmitate,
601 2873 682 2900 quant
698 2865 824 2893 diabolus
839 2865 972 2894 Adamum

770 142 798 172 S.
823 142 968 172 MAXIMI
988 141 1243 172 CONFESSORIS

214 194 260 222 22.
282 194 319 222 Ea
334 194 393 226 sine
406 194 507 230 quibus
527 201 594 226 non,
613 199 722 231 tempus
738 199 802 228 sunt
821 203 853 222 ac
871 194 950 222 locus
964 203 970 221 :
986 197 1009 224 Α

1754 140 1810 172 732

1058 196 1110 230 κβ¹.
1135 195 1191 221 Οὐκ
1210 196 1274 222 ἄνευ
1291 195 1354 228 εἰσὶ,
1372 195 1466 230 χρόνος
1487 194 1533 222 καὶ
1545 194 1645 226 τόποςι
1665 190 1702 220 ὧν
1722 195 1808 231 χωρίς

1021 240 1097 266 οὐδέν
1113 240 1190 266 ἐστιν
1203 240 1257 266 τῶν
1272 233 1404 276 γενητῶν.

1056 287 1107 320 κγ’.
1119 287 1188 318 Τοὺς
1202 288 1266 322 περὶ
1279 287 1380 322 ἀρετῆς
1395 287 1442 314 καὶ
1457 287 1585 321 γνώσεως
1597 286 1693 320 λόγους
1707 287 1809 322 ἔχοντα

1021 334 1037 368 ἠ
1059 332 1228 367 Ἐκκλησία,
1250 334 1297 360 καὶ
1327 334 1342 368 ἡ
1369 333 1416 359 τοῦ
1443 332 1504 360 καθ’
1521 333 1636 359 ἕκαστον
1651 331 1744 367 ψυχὴ,
1769 331 1810 363 ὡς

1022 378 1236 414 ὑπερϐαίνοντας
1260 379 1354 414 χρόνον
1378 379 1425 405 καὶ
1442 378 1544 413 φύσιν,
1571 377 1652 404 πλέον
1675 377 1730 412 ἔχει
1752 377 1810 403 τῶν

1019 423 1123 450 δώδεκα
1149 425 1303 460 μυριάδων·
1333 426 1346 451 ὁ
1369 423 1423 458 γὰρ
1447 424 1498 458 τῆς
1524 423 1626 458 ἀρετῆς
1645 422 1733 456 λόγος,
1757 423 1809 456 τὴν

1022 470 1122 505 σαρκὸς
1137 469 1175 500 ὡς
1189 470 1336 506 ἀριστερᾶς
1357 470 1407 499 οὐκ
1422 467 1492 496 οἶδεν
1511 469 1664 504 ἁμαρτίαν·
1688 469 1702 494 ὁ
1713 468 1740 494 δὲ
1757 467 1810 502 τῆς

1020 514 1148 549 γνώσεως
1168 515 1261 549 λόγος,
1280 515 1328 550 τὴν
1343 515 1430 550 ψυχῆς
1454 515 1492 546 ὡς
1515 514 1606 546 δεξιὰν
1621 513 1652 540 οὑ
1677 512 1809 548 γινώσκει

1019 562 1128 588 κακίαν.

1056 607 1106 634 κδ’.
1133 607 1213 635 Αἰτία
1231 608 1284 634 τῶν
1306 607 1413 643 ἀρετῶν
1434 608 1508 633 ἐστιν
1528 608 1542 633 ὁ
1564 606 1644 638 Θεός’
1667 605 1761 632 τούτου
1780 604 1812 630 δὲ

1020 653 1082 680 κατ’
1102 654 1245 689 ἐνέργειαν
1265 653 1367 688 γνῶσίς
1383 654 1472 685 ἐστιν,
1495 654 1512 688 ἡ
1529 652 1575 679 τοῦ
1599 653 1658 679 κατ’
1675 651 1812 686 ἀλήθειαν

1020 700 1209 734 ὲπεγνωκότος
1235 700 1279 727 τὸν
1302 701 1368 727 Θεὸν
1387 700 1455 735 πρὸς
1470 699 1500 726 τὸ
1525 699 1634 734 πνεῦμα
1660 698 1730 725 κατὰ
1757 698 1812 732 τὴν

1019 747 1076 780 ἕξιν
1092 747 1247 779 ἀλλοίωσις.

1054 797 1103 820 κε’.
1127 794 1157 820 '0
1173 794 1245 820 κατὰ
1269 793 1349 828 φύσιν
1363 793 1460 828 λόγος,
1483 792 1567 828 φησὶ,
1585 791 1628 818 διὰ
1646 790 1736 826 μέσων
1753 789 1812 816 τῶν

1020 839 1126 875 ἀρετῶν
1152 839 1221 874 πρὸς
1253 839 1298 866 τδν
1320 839 1382 866 νοῦν
1404 839 1516 872 ἀνάγειν
1545 837 1650 871 πέφυκε
1679 837 1725 862 τὸν
1749 836 1813 862 ἐπι-

1022 885 1188 920 μελούμενον
1215 885 1357 922 πράξεως·
1382 886 1396 912 ὁ
1421 885 1448 911 δὲ
1463 884 1540 917 νοῦς,
1566 883 1632 919 πρὸς
1647 883 1695 918 τὴν
1713 881 1813 916 σοφίαν

1020 930 1126 964 εἰσάγει
1144 931 1188 957 διὰ
1203 931 1321 966 θεωρίας
1342 930 1387 957 τὸν
1406 930 1551 965 ἐφιέμενον
1572 928 1698 963 γνώσεως
1713 937 1720 942 -
1736 927 1767 953 τὺ
1781 926 1813 953 δὲ

1021 976 1177 1012 παράλογον
1198 976 1294 1007 πάθος,
1313 976 1381 1010 πρὶς
1398 976 1449 1011 τὴν
1464 975 1592 1010 αἴσθησιν
1612 973 1702 1000 πείθει
1723 979 1814 998 κατα-

1021 1021 1152 1057 σύρεσοαι
1177 1023 1223 1048 τὸν
1250 1022 1403 1059 ἀμελοῦντα
1432 1022 1485 1048 τῶν
1514 1021 1645 1047 ἐντολῶν⁸
1671 1018 1704 1056 ἧς
1733 1018 1814 1050 τέλος

1020 1068 1089 1100 ἐστὶ,
1108 1067 1138 1094 τὸ
1153 1068 1220 1102 πρὸς
1235 1068 1285 1105 τὴν
1304 1067 1400 1104 ἡδονὴν
1416 1067 1607 1103 καθηλωοῆναι
1622 1067 1667 1092 τὸν
1682 1065 1754 1092 νοῦν.

1056 1173 1111 1202 κζ’.
1138 1170 1278 1197 Ἀπιστίαν
1300 1169 1373 1203 Λέγει
1391 1169 1438 1204 τὴν
1455 1169 1569 1203 ἄρνησιν
1601 1167 1655 1193 τῶν
1677 1166 1812 1193 ἐντολῶν·

1022 1215 1113 1241 πίστιν
1132 1215 1171 1246 δὲ,
1192 1215 1241 1249 τὴν
1259 1215 1348 1241 αὐτῶν
1370 1214 1582 1248 συγκατάθεσιν,
1598 1214 1628 1240 τὸ
1650 1213 1678 1239 δὲ
1702 1213 1813 1244 σκότος,

1021 1260 1068 1287 τοῦ
1084 1260 1167 1287 καλοῦ
1183 1260 1231 1296 τὴν
1246 1261 1367 1294 ἄγνοιαν,
1388 1260 1418 1287 τὸ
1434 1260 1462 1286 δὲ
1482 1259 1549 1294 φῶς,
1570 1259 1619 1294 τὴν
1638 1258 1733 1284 τούτου
1751 1258 1814 1284 ἐπί-

1022 1315 1133 1340 γνωσιν.
1153 1306 1270 1340 Χριστὸν
1289 1307 1318 1332 δὲ
1350 1306 1500 1340 κέκληκεν,
1530 1306 1578 1340 τὴν
1609 1305 1703 1331 οὐσίαν
1720 1304 1814 1331 αὐτῶν

1022 1353 1070 1380 καὶ
1096 1353 1144 1388 τὴν
1163 1352 1332 1379 ὑπόστασιν·
1351 1353 1396 1379 τὸν
1412 1352 1536 1379 διάϐολον
1562 1351 1601 1384 δὲ,
1628 1351 1678 1386 τὴν
1702 1351 1814 1377 πάντων

1021 1398 1183 1434 γεννητικὴν
1200 1398 1253 1426 τῶν
1265 1398 1358 1425 κακῶν
1371 1399 1513 1434 χειρίστην
1527 1397 1594 1431 ἕξιν.

1058 1494 1109 1528 κζ’.
1125 1496 1238 1532 Ἀρετὴν
1256 1495 1340 1530 λέγει.
1360 1495 1553 1531 ὰπαθεστάτην
1568 1495 1615 1522 καὶ
1634 1495 1737 1530 παγίαν
1749 1496 1815 1531 περὶ

984 1550 1005 1578 c
1022 1541 1053 1568 τὸ
1070 1541 1151 1568 καλὸν
1171 1541 1245 1574 ἕξιν·
1270 1540 1304 1578 ἧς
1327 1542 1368 1575 ἐφ’
1385 1541 1504 1577 ἑκάτερα
1529 1541 1699 1577 καθέστηκεν
1722 1541 1811 1573 οὐδὲν,

1021 1587 1089 1614 Θεοῦ
1122 1587 1256 1622 φερούσης
1281 1587 1462 1623 χαρακτῆρα,
1488 1583 1510 1621 ᾧ
1533 1587 1610 1614 οὐδέν
1633 1589 1708 1614 ἐστιν
1732 1588 1813 1615 ἐναν-

1021 1641 1090 1661 τιον.

1057 1682 1110 1714 κη’.
1140 1679 1172 1706 Εἰ
1197 1679 1276 1713 λόγος
1300 1678 1445 1714 διώρισεν,
1466 1679 1504 1711 ὡς
1528 1678 1667 1713 πέφυκεν,
1696 1679 1812 1706 ἑκάστου

1022 1725 1075 1753 τῶν
1098 1726 1182 1753 ὄντων
1204 1725 1254 1761 τὴν
1277 1726 1383 1759 γένεσιν
1402 1733 1407 1740 ·
1426 1725 1509 1752 ὀὐδὲν
1535 1725 1589 1752 τῶν
1613 1725 1699 1752 ὄντων
1715 1725 1814 1752 ἑαυτοῦ

1023 1772 1146 1806 φυσικῶς
1160 1772 1176 1807 ἢ
1192 1771 1390 1807 ὑπερϐέϐηκεν,
1404 1771 1616 1807 ἢ,ὑποϐέ6ηκεν.
1631 1770 1738 1798 Οὐκοῦν
1750 1772 1815 1806 ὅρος

1025 1819 1073 1854 μὲν
1089 1818 1143 1846 τῶν
1160 1818 1244 1845 ὄντων
1259 1818 1343 1850 ἐστὶν,
1359 1818 1375 1853 ἡ
1391 1818 1450 1844 κατ’
1466 1817 1560 1851 ἔφεσιν
1579 1818 1629 1852 τῆς
1643 1819 1733 1848 αἰτίας
1755 1817 1815 1844 ἐπί-

1024 1873 1124 1898 γνωσις
1135 1872 1141 1878 ·
1158 1864 1257 1899 μέτρον
1267 1864 1306 1896 δὲ,
1322 1865 1338 1899 ὴ
1349 1863 1448 1899 ἐφικτὴ
1463 1865 1520 1895 τοῖς
1530 1861 1590 1890 οὖσι
1601 1863 1662 1890 κατ’
1673 1863 1814 1899 ἐνέργειαν

1022 1911 1072 1946 τῆς
1087 1910 1177 1942 αἰτίας
1194 1911 1355 1946 ὲκμίμησις.

1059 2007 1093 2026 κο
1103 2019 1110 2026 .
1131 1999 1168 2025 Τὸ
1184 1998 1254 2034 ὑπὲρ
1267 1998 1314 2025 τὸν
1337 1999 1400 2034 ὅρον
1414 1998 1546 2033 φέρεσθαι
1559 2018 1566 2030 ,
1592 1998 1640 2025 καὶ
1654 1998 1686 2024 τὸ
1705 1999 1814 2033 μέτρον.

1025 2047 1106 2082 φησὶ,
1132 2046 1186 2072 τῶν
1202 2045 1368 2080 κινουμένων
1393 2045 1443 2079 τὴν
1466 2044 1573 2078 ἔφεσιν,
1597 2044 1728 2080 ἀνόνητον
1743 2046 1817 2071 ποιεῖ

1024 2093 1070 2120 τὸν
1094 2093 1214 2128 δρόμον,
1237 2091 1274 2127 μὴ
1298 2090 1495 2118 καταντῶντων
1521 2092 1561 2122 είς
1587 2090 1672 2124 Θεὸν,
1700 2093 1730 2117 ὲν
1752 2087 1775 2124 ᾧ
1799 2092 1816 2126 ἡ

1025 2138 1085 2166 κατ’
1107 2138 1201 2172 ἔφεσιν
1217 2138 1326 2164 πάντων
1346 2138 1453 2164 ἵσταται
1469 2136 1593 2172 κίνησις,
1610 2136 1818 2164 ἀνουπόστατον

1025 2184 1160 2220 δεχομένη
1173 2184 1250 2216 τέλος
1265 2183 1337 2210 θεοῦ
1346 2183 1395 2218 τὴν
1409 2183 1570 2209 ἀπόλαυσιν.

1059 2264 1094 2293 λ’.
1112 2265 1149 2291 Τὸ
1167 2265 1236 2301 ὑπὲρ
1251 2265 1296 2291 τὸν
1323 2265 1386 2300 ὅρον
1406 2264 1453 2290 καὶ
1477 2265 1508 2291 τὸ
1526 2264 1628 2300 μέτρου
1640 2273 1647 2280 ·
1675 2265 1725 2291 καὶ
1742 2264 1819 2300 παρὰ

1026 2312 1071 2338 τὸν
1090 2311 1152 2346 ὅρον
1168 2311 1215 2337 καὶ
1228 2311 1258 2337 τὸ
1274 2311 1372 2345 μέτρον
1385 2310 1516 2345 δηλονότι.

1062 2357 1113 2384 λα’.
1134 2357 1179 2392 Τῷ
1194 2357 1264 2392 λόγῳ
1280 2356 1411 2392 δηλονότι.

1061 2404 1113 2439 λβ¹.
1129 2404 1192 2431 Ὅτι
1211 2404 1258 2431 καὶ
1277 2404 1341 2435 τοὺς
1362 2403 1416 2430 τῶν
1445 2403 1600 2438 ἀσωμάτων
1618 2403 1666 2429 καὶ
1682 2403 1747 2435 τοὺς
1763 2403 1820 2430 τῶν

1028 2449 1163 2486 σωμάτιον
1187 2449 1284 2484 ἀφίησι
1301 2449 1407 2483 λόγους,
1424 2449 1438 2474 ὁ
1456 2448 1523 2484 πρὸς
1549 2448 1595 2475 τὸν
1610 2448 1678 2475 Θεὸν
1695 2449 1820 2485 ἀναδρα-

1028 2496 1087 2531 μὼν
1107 2495 1166 2523 κατ’
1184 2496 1312 2523 ἔκστασιν
1331 2494 1404 2526 νοῦς,
1431 2494 1469 2521 Οὐ
1492 2495 1547 2530 γὰρ
1572 2494 1677 2528 πέφυκέ
1706 2502 1733 2521 τι
1758 2494 1819 2530 Θεῴ

1026 2542 1079 2569 τῶν
1098 2542 1167 2578 μετὰ
1184 2541 1250 2569 Θεὸν
1266 2541 1327 2576 ἅμα
1343 2540 1626 2575 συγκατοπτεύεσοαι.

1061 2633 1112 2667 λγ¹.
1132 2633 1192 2664 Πῶς
1209 2633 1257 2659 καὶ
1277 2633 1317 2664 εἰς
1331 2631 1376 2659 τὸν
1394 2631 1543 2659 Ἰουδαϊκὸν
1563 2631 1627 2659 λαὸν
1641 2632 1755 2658 δύναται
1770 2631 1818 2667 λης

1027 2681 1125 2716 φθῆναι
1136 2679 1258 2711 τυπικῶς
1275 2679 1377 2710 Ἰωνᾶς.
1430 2675 1437 2681 ’

1061 2727 1108 2754 λδ’.
1124 2727 1184 2758 Πῶς
1198 2726 1416 2762 ἑρμηνευόμενος
1427 2725 1521 2757 Ἰωνᾶς
1538 2725 1726 2761 προδιελέγχει
1737 2734 1818 2753 τυπι-

1027 2774 1082 2806 κῶς
1097 2776 1143 2800 τὸν
1169 2773 1315 2800 Ἰουδαϊκὸν
1335 2772 1409 2799 λαόν.

1061 2821 1089 2847 λε
1103 2842 1108 2847 .
1130 2813 1192 2846 ’Ὁτι
1208 2820 1335 2855 νενίκηκε
1352 2818 1450 2854 μᾶλλον
1465 2819 1479 2845 ὁ
1491 2819 1592 2854 Κύριος
1618 2818 1667 2854 τὴν
1679 2819 1817 2855 τυράννου

1027 2869 1140 2902 δύναμιν
1171 2867 1270 2902 σαρκός
1299 2865 1442 2893 ἀσθένειαν
1471 2865 1715 2902 προὸαλλόμενος,
1745 2867 1818 2903 ᾗπερ
