1923 3080
91 153 153 184 733

611 151 858 189 QUi‘ESTlONES
876 151 926 181 AD
945 148 1198 182 THALASSIUM.

1667 146 1721 181 ’ποι

91 208 144 235 τὸν
169 205 255 242 Ἀδὰμ
286 207 300 233 ό
333 205 455 238 διάϐολος
485 205 564 240 ἀξίαν
605 207 732 243 θεότητος
768 207 885 242 ὑποσχό-

952 206 1041 234 icerat
1073 207 1164 235 eidem
1206 204 1346 242 pollicitus
1387 203 1509 232 divinam
1549 202 1720 238 dignitatem.

92 262 190 289 μενος.

131 299 188 332 λς’.
219 298 331 335 Σκώληξ
352 299 427 326 ἐστὶν
452 300 467 326 ὁ
492 299 593 335 Κύριος
617 299 661 326 διὰ
691 299 740 335 τὴν
765 299 885 334 ἄσπορον

95 345 189 380 σάρκα
201 353 208 360 -
228 344 305 379 ἣλιος
319 345 359 377 δὲ,
383 345 429 371 καὶ
451 344 488 376 ὡς
502 344 546 370 διὰ
559 345 608 380 τὴν
623 344 699 371 δύσιν
715 345 765 379 τῆς
780 349 880 382 ταφῆς,

94 391 161 418 καθ’
183 392 217 427 ἢν
243 391 296 417 ὑπὸ
319 391 373 426 γῆν
395 391 490 425 γέγονε
523 390 560 422 ὡς
589 391 732 426 ἄνϐρωπος
747 392 760 417 ὁ
786 390 884 424 Λόγος,

95 437 146 463 καὶ
171 437 209 468 ὡς
243 437 322 472 φύσει
347 440 406 464 κατ’
448 436 544 463 οὐσίαν
577 437 634 468 σῶς
669 437 800 472 ὑπάρχων
839 437 886 463 καὶ

94 483 175 514 Θεός.

134 528 183 560 λζ’.
197 529 259 555 Ὅτι
271 529 301 555 τὸ
315 528 423 564 πνεῦμα
440 528 487 555 τοῦ
505 529 655 562 καύσωνος,
671 530 702 556 οὐ
728 530 808 566 μόνον
823 530 886 561 τοὺς

97 575 271 610 πειρασμοὺς
283 595 290 607 ,
305 575 372 612 ἀλλᾷ
391 575 438 602 καλ⁸
453 576 501 611 τὴν
526 575 718 610 ὲγκατάλειψιν
742 573 789 602 ’ἑοῦ
807 576 885 608 Θεοῦ,

96 621 149 656 τὴν
174 622 381 657 ἀφαιρουμένην
407 621 462 648 τῶν
499 620 630 654 Ἰουδαίων
653 621 703 656 τὴν
728 620 783 647 τῶν
807 621 887 648 θείων

98 669 279 704 χαρισμάτων
292 667 425 703 χορηγίαν
443 668 529 703 δηλοῖ.

136 714 188 748 λη’.
214 714 419 749 ’Υπερηφανίας
443 714 508 741 ἴδιόν
531 723 608 749 φησι,
623 715 654 741 τὺ
676 714 816 750 ἀρνεῖσθαι
841 714 887 741 τὸν

99 757 168 785 Θεὸν
183 759 284 794 ἀρετῆς
303 757 372 790 εἶναι
389 759 503 795 γενὲτην
523 761 570 786 καὶ
586 760 692 795 φύσεως
706 769 713 775 ·
734 759 887 792 κενοδοξίας

100 804 141 835 δὲ,
158 804 187 831 τὺ
208 803 329 839 μερίζειν
344 805 394 840 τὴν
417 805 498 840 φύσιν
522 806 589 841 πρὸς
608 805 657 841 τὴν
677 806 772 840 ὕφεσιν
786 815 793 821 ·
816 802 854 832 ὧν
873 806 887 832 ὁ

100 850 185 885 τῦφος
199 848 269 877 εἶναι
284 851 407 886 γέννημα
424 851 554 885 πέφυκεν,
571 851 628 884 ἕξις
641 852 740 884 κακίας
755 853 887 888 ὑπάρχων

970 296 1014 324 56.
1029 295 1138 323 Vermis
1153 299 1197 323 est
1213 294 1355 326 Dominus,
1377 298 1490 328 propter
1511 300 1619 319 carnem
1642 291 1723 326 ,nullo

935 350 969 370 ex
983 342 1087 369 semine
1102 340 1214 368 editam.
1230 340 1274 367 Sol
1287 347 1363 371 vero,
1378 343 1436 366 tum
1449 341 1562 373 propter
1576 337 1724 372 sepultum

935 395 1074 419 occasum,
1089 394 1144 422 quo
1159 385 1277 414 Verbum
1293 389 1324 412 ut
1341 385 1424 411 homo
1441 389 1541 411 terram
1557 382 1651 414 subiit,
1666 386 1723 408 tum

936 432 1008 467 quod
1033 436 1131 458 natura
1161 439 1211 466 per
1235 430 1383 458 essentiam
1406 429 1499 456 lumen
1525 436 1557 455 ac
1583 428 1655 454 Deus
1677 435 1725 454 ex-

936 481 1154 547 ειδῒξῗῗθδρίτὶιυε
1177 511 1296 543 ardoris,
1320 510 1423 538 nedum
1448 509 1612 537 tentationes
1639 509 1725 544 signi—

937 558 1009 590 ﬁcat,
1023 566 1118 585 verum
1132 558 1214 585 etiam
1229 557 1277 584 Dei
1291 557 1507 587 derelictionem,
1526 564 1578 590 qua
1592 563 1607 582 a
1624 554 1725 582 Judaais

937 605 1093 632 divinorum
1114 603 1310 631 charismatum
1327 602 1418 629 ablata
1435 601 1653 628 subministratio
1672 604 1723 627 est.

972 690 1017 726 38.
1034 698 1176 733 Superbia:
1196 698 1338 733 proprium
1353 702 1405 729 est,
1429 701 1458 724 ut
1478 697 1564 724 Deum
1586 700 1725 723 auctorem

904 761 909 766 -
936 745 1049 772 virtutis
1072 752 1104 772 ac
1127 749 1231 772 natum
1253 750 1334 779 neget
1347 753 1353 770 :
1368 744 1456 771 inanis
1471 749 1561 770 autem
1580 743 1683 778 glorire.
1696 746 1727 768 ut

937 791 1113 826 sequioribus
1129 795 1254 818 naturam
1275 791 1429 825 partiatur:
1445 797 1560 824 quarum
1580 788 1667 815 fastus
1683 792 1726 814 tu-

938 845 1053 872 morque
1071 837 1209 872 iactantia:
1226 836 1315 870 proles
1330 840 1382 866 est,
1398 835 1456 861 vitii
1479 842 1576 869 nempe
1593 833 1728 868 composi-

103 879 241 928 σύνοετος,
262 879 330 923 Θεοῦ
425 879 687 932 ἄρνησινὲκοόσιον
706 879 887 933 ἕίουσαζῖιαὶ

952 891 983 910 us
994 882 1118 915 habitus;
1131 883 1215 909 Deum
1228 882 1338 917 quidem
1351 884 1449 916 sponte
1460 881 1607 915 abnegans,
1619 887 1727 915 parem-

101 941 153 977 τῆς
170 941 241 968 κατὰ
257 942 307 976 τὴν
324 941 405 976 φύσιν
421 942 556 977 ἰσοτιμίας
573 943 695 977 ἄγνοιαν.

139 987 188 1013 λθ’.
215 987 248 1013 Ἦ
277 987 322 1014 διὰ
343 988 498 1022 πνεύματος
525 988 596 1015 κατὰ
620 988 708 1024 ψυχὴν
732 988 886 1023 ἀγχιστεία,

104 1032 206 1068 σαρκὸς
224 1033 273 1068 μὲν
293 1033 351 1060 λύει
370 1033 417 1069 τὴν
433 1034 526 1069 σχέσιν
537 1034 587 1070 τῆς
602 1035 789 1070 προαιρέσεως
802 1044 808 1051 ·
829 1035 888 1071 Θεῷ

103 1077 132 1105 δὲ
152 1079 318 1114 προσδεσμεῖ
334 1079 404 1106 κατὰ
417 1080 498 1107 πόθον
515 1080 750 1116 προσηλωοείσαν.

141 1129 177 1167 μ’.
187 1125 282 1153 Νύκτα
294 1126 371 1161 φησι,
388 1126 422 1154 τὰ
438 1127 539 1162 νομικὰ
555 1127 685 1167 σύμϐολα,
699 1129 744 1164 ὑφ’
756 1127 774 1155 ἃ
785 1129 799 1155 ὁ
808 1128 890 1164 νόμος

103 1165 192 1197 τελεῖ·
211 1171 239 1197 ἐν
257 1168 298 1202 οἷς
310 1171 360 1198 οὒκ
391 1171 464 1198 ἔστιν
481 1173 571 1208 εὑρεῖν
582 1173 671 1208 ψυχῆς
681 1164 827 1210 νφωτισμδν
852 1174 889 1209 μὴ

103 1214 260 1249 νοουμένοις
273 1216 476 1249 πνευματικῶς.

146 1261 202 1296 μα’.
221 1262 283 1289 Ὅτι
299 1262 342 1295 διᾲ
356 1263 386 1289 τὸ
410 1262 491 1298 μέγα,
510 1262 557 1290 καὶ
581 1264 676 1298 μηδενὶ
692 1263 764 1299 λόγῳ
780 1264 892 1300 μετρού-

107 1316 189 1342 μενον
207 1309 256 1343 τῆς
269 1307 346 1345 θείας
357 1309 514 1344 οἰκονομίας
529 1310 687 1345 μυστήριον,
704 1310 720 1345 ἡ
737 1309 792 1337 τῶν
806 1310 891 1337 ἐθνῶν

111 1354 278 1388 Ἐκκλησία,
306 1355 394 1390 φησὶ,
421 1352 499 1388 πόλις
528 1356 634 1392 μεγάλη
660 1356 700 1391 τῷ
727 1355 786 1392 Θεῷ
806 1359 892 1392 προσ-

105 1400 257 1436 ηγορεύθη.

142 1457 198 1493 μβ’.
220 1457 299 1485 Κατὰ
313 1457 363 1490 μὲν
381 1458 431 1493 τὴν
448 1458 571 1494 οὐσίανή
587 1459 711 1494 ἀλήθεια,
732 1460 809 1495 φησὶ,
822 1468 893 1496 προ-

103 1505 215 1537 ηγεῖται
231 1503 285 1530 τῶν
297 1503 392 1530 τύπων
402 1513 411 1520 ·
433 1505 504 1532 κατὰ
517 1505 545 1532 δὲ
559 1506 609 1541 τὴν
628 1505 754 1540 ἔκφασιν,
768 1508 793 1533 οἱ
809 1506 890 1533 τύποι

938 937 991 965 que
1008 933 1114 956 naturae
1129 928 1289 963 dignitatem
1307 927 1445 961 ignorans.

974 975 1018 1002 59.
1041 973 1132 1002 Animi
1149 981 1197 1008 per
1211 972 1337 1006 spiritum
1360 969 1534 998 necessitudo
1549 977 1580 996 ac
1600 969 1726 1001 atlinitas,

938 1019 1089 1047 voluntatis
1109 1027 1125 1046 a
1140 1026 1223 1046 carne
1244 1017 1419 1044 affectionem
1434 1016 1529 1048 solvit;
1546 1015 1666 1049 Deoque,
1681 1014 1728 1042 de-

939 1065 1041 1093 siderio
1056 1064 1173 1096 allixam,
1192 1063 1323 1091 devincit.

974 1110 1018 1138 40.
1033 1111 1147 1138 Noctem
1163 1109 1292 1144 appellat,
1307 1108 1403 1144 legalia
1416 1107 1548 1144 symbola,
1563 1106 1614 1133 sub
1627 1105 1728 1140 quibus

939 1157 983 1184 lex
1004 1156 1076 1192 agit;
1101 1156 1128 1182 in
1143 1156 1245 1190 quibus
1266 1155 1350 1182 animi
1371 1153 1516 1181 illustratio
1533 1151 1650 1179 inveniri
1673 1159 1727 1178 non

940 1206 1040 1237 potest,
1058 1201 1110 1228 nisi
1126 1201 1188 1235 quis
1202 1200 1361 1235 spiritaliter
1374 1198 1551 1226 intellexerit.

976 1247 1020 1274 At.
1034 1246 1075 1274 0b
1093 1254 1220 1281 magnum
1245 1253 1408 1280 omnemque
1434 1243 1549 1271 rationis
1572 1249 1729 1270 mensuram

939 1293 1019 1328 longe
1041 1292 1177 1320 excedens
1200 1291 1300 1318 divina:
1321 1290 1534 1325 dispensationis
1556 1287 1728 1324 mysterium,

941 1336 1062 1364 Ecclesia
1084 1336 1216 1371 gentium,
1236 1335 1335 1370 Magna
1350 1334 1403 1361 Deo
1419 1334 1509 1360 civitas
1523 1333 1637 1360 audivit.

978 1459 1021 1487 42.
1039 1457 1154 1490 Veritas,
1169 1456 1320 1484 secundum
1338 1455 1485 1482 essentiam
1501 1454 1602 1489 ﬁguras
1617 1457 1729 1480 antece-

941 1503 998 1537 dit;
1016 1503 1166 1531 secundum
1181 1511 1247 1531 vero
1261 1502 1486 1533 declarationem,
1507 1501 1600 1536 ﬁgurae
1619 1499 1730 1527 veritati

106 1549 242 1585 χρονικῶς
257 1550 441 1586 προηγοῦνται
455 1551 505 1586 τῆς
519 1551 660 1585 ἀληθείας.
677 1552 781 1578 Οὐκοῦν
797 1552 890 1587 ἐπειδὴ

952 1558 1064 1586 empore
1086 1555 1230 1585 praeeunt:
1247 1550 1319 1585 quod
1342 1549 1425 1585 igitur
1442 1549 1525 1576 Jonas
1547 1547 1576 1574 in
1596 1555 1625 1574 se
1645 1546 1731 1582 ﬁgura

107 1595 251 1632 προλαϐὼν
272 1597 302 1624 ὲν
324 1596 414 1633 ἑαυτῷ
439 1597 563 1629 τυπικῶς
587 1597 638 1633 τὴν
667 1598 797 1632 ἀλήθειαν
823 1607 892 1634 προ-

107 1642 255 1677 διέγραψεν
274 1643 366 1674 Ἰωνᾶς
378 1662 386 1676 ,
411 1643 505 1678 μείνας
520 1644 549 1670 ὲν
563 1644 595 1679 τῇ
613 1643 702 1679 κοιλίᾳ
721 1643 768 1670 τοῦ
793 1645 893 1680 κήτους

106 1689 181 1723 τρεῖς
195 1688 302 1724 ἡμέρας
313 1689 360 1715 καὶ
376 1690 451 1725 τρεῖς
465 1689 566 1721 νύκτας
578 1697 586 1704 -
607 1691 671 1716 Ἔτι
686 1689 766 1723 τρεῖς
776 1689 891 1724 ἡμέραι,

107 1734 186 1769 φησι,
202 1735 252 1765 τὰς
263 1735 338 1770 τρεῖς
351 1735 458 1770 ἡμέρας
477 1734 528 1769 τῆς
544 1734 592 1761 τοῦ
615 1735 719 1770 Κυρίου
735 1736 826 1770 ταφῆς
846 1737 894 1762 καὶ

108 1780 284 1811 ἀναστάσεως
296 1780 395 1815 λέγων,
411 1780 470 1815 μεθ’
483 1780 527 1814 ἃς,
541 1782 558 1817 ἡ
572 1781 625 1808 τῶν
638 1781 723 1808 ὲονῶν
739 1791 894 1819 καταστρα-

108 1826 224 1861 φήσεται
237 1826 324 1861 πλάνη
353 1827 399 1854 καὶ
413 1827 543 1861 ἀγνωσία.

148 1876 202 1907 μγ’.
220 1873 346 1907 Δηλονότι
362 1873 411 1909 τῆς
429 1873 555 1905 πίστεως.

146 1919 197 1954 μθ.
220 1919 364 1954 Ἑπίτομος
385 1919 495 1951 ἐκθεσις
518 1920 568 1955 τῆς
592 1919 742 1956 ἑρμηνείας
764 1920 812 1947 τοῦ
837 1921 897 1948 ὀνό-

109 1972 197 2000 ματος
221 1965 316 1997 Ἰωνᾶ,
346 1965 418 1992 κατὰ
445 1961 495 2000 τήν
522 1965 701 2002 ἐπικειμένην
727 1966 802 2002 αὑτῷ
829 1967 894 2002 περὶ

108 2011 226 2037 ἑκάστου
239 2010 294 2037 τῶν
308 2010 499 2046 ἐκφερομένων
514 2011 666 2046 προσώπων
679 2020 708 2038 τε
721 2012 768 2038 καὶ
783 2012 894 2048 τρόπων

108 2055 232 2090 δύναμιν.

146 2101 198 2138 με’.
212 2102 304 2138 Νόμος
317 2102 450 2138 δηλονότι.

142 2150 206 2182 -μς¹.
234 2147 336 2182 Ἔργον
354 2145 425 2174 εἶναι
441 2146 489 2174 τοῦ
504 2147 620 2182 φυσικοῦ
636 2147 720 2182 νόμου
741 2148 828 2182 φησὶ,
845 2147 896 2183 τὴν

107 2193 251 2229 γνωμικὴν
267 2195 378 2221 πάντων
403 2193 473 2229 πρὸς
491 2193 597 2224 πάντας
611 2193 772 2228 ὀμόγνωμον
790 2193 893 2227 σχέσιν.

145 2240 199 2275 ρξ’.
215 2241 335 2272 Κανόνες
348 2239 532 2267 ἀποδεικτικαὶ
550 2238 602 2271 τῆς
617 2239 664 2266 τοῦ
680 2239 795 2273 φυσικοῦ
811 2239 893 2274 νόμου

106 2285 362 2320 χαρακτηριστικῆς
381 2284 522 2320 ἰδιότητος.

146 2344 203 2377 μη¹.
230 2341 259 2367 Ὁ
277 2341 399 2376 γραπτὺς
424 2340 514 2375 νόμος,
538 2340 616 2376 φησὶ,
631 2341 744 2368 κωλύων
758 2342 833 2378 φόϐῳ
846 2342 895 2376 τὴν

107 2387 227 2421 ἀδικίαν,
244 2387 328 2418 ἐθίζει
343 2387 411 2422 πρὸς
428 2387 458 2414 τὸ
479 2386 584 2414 δίκαιον
598 2396 604 2402 ·
620 2387 709 2423 χρόνῳ
732 2388 769 2419 δὲ,
792 2388 822 2414 τὺ
835 2388 895 2420 ἔθος

107 2434 184 2460 ποιεῖ
196 2433 315 2460 διάθεσιν
328 2433 493 2467 φιλοδίκαιον
509 2434 577 2468 ἰὐφ’
593 2430 627 2470 ἧς
648 2434 665 2468 ὴ
678 2433 765 2468 παγία
784 2434 853 2469 πρὸς
865 2434 895 2460 τὸ

107 2479 192 2507 καλὸν
209 2480 265 2512 ἕξις
280 2479 443 2514 ἐπιγίνεται,
460 2479 547 2515 λήθην
561 2479 747 2515 προλαὸούσης
763 2479 895 2515 πονηρίας

108 2526 261 2561 ἐπάγουσα.

147 2573 202 2609 μθ¹.
218 2573 297 2607 Ὅροι
311 2571 360 2607 τῆς
377 2571 491 2598 ἑκάστου
510 2570 565 2598 τῶν
581 2570 791 2606 προρρηθέντων
806 2571 896 2597 νόαων

108 2618 250 2654 ἐνεργείας
265 2617 458 2644 ἀποδεικτικοί.

147 2678 179 2703 ν’.
197 2675 258 2701 Ὅτι
282 2674 314 2701 τὸ
338 2673 388 2709 μὲν
408 2674 483 2708 σχεῖν
508 2673 546 2705 ὡς
573 2672 671 2700 ὶαυτδν
696 2673 742 2699 τὸν
770 2672 895 2707 πλησίον,

111 2721 197 2757 μόνης
215 2721 275 2748 ἐστὶ
295 2720 436 2756 φροντίδος
455 2719 503 2754 τῆς
518 2719 585 2756 πρὸς
600 2718 630 2745 τὸ
645 2715 715 2744 εἶναι
730 2717 814 2753 ζωῆς,
828 2718 896 2752 ὅπερ

110 2767 228 2802 φυσικοῦ
247 2767 329 2803 νόμου
343 2767 508 2802 καθέστηκε.
525 2766 562 2793 Τὸ
587 2766 617 2800 δὲ
635 2766 680 2798 τὸν
696 2765 810 2800 πλησίον
825 2765 895 2798 ἀγα-

111 2815 167 2851 πᾷν
184 2814 223 2846 ὼς
240 2814 347 2847 ἑαυτὸν,
363 2814 410 2840 καὶ
428 2813 476 2840 τοῦ
490 2813 558 2848 πρὸς
574 2812 605 2839 τὸ
619 2809 648 2839 εὖ
666 2810 735 2838 εἶναι
757 2809 818 2837 atat"
833 2810 898 2844 ἁρε‹

111 2861 161 2896 τήν
190 2860 251 2887 ὲστι
275 2859 447 2896 προνοεῖσθαι
470 2858 517 2886 τοῦ
535 2859 617 2891 πέλας
631 2866 637 2873 ·
659 2859 725 2892 ὅπερ
742 2858 756 2884 ό
776 2856 897 2893 γραπτὺς

941 1597 1085 1624 veritatem
1105 1601 1238 1631 occupato
1258 1596 1445 1631 prmsignarat,
1459 1602 1573 1621 manens
1592 1593 1619 1620 in
1634 1596 1731 1620 ventre

942 1642 996 1669 ceti
1011 1645 1066 1669 tres
1079 1642 1139 1669 dies
1153 1649 1185 1669 ac
1199 1646 1254 1669 tres
1267 1646 1379 1669 noctes:
1397 1641 1488 1668 Adhuc
1504 1644 1554 1666 tres
1567 1640 1632 1670 dies,
1652 1639 1730 1671 dicit,

942 1693 999 1716 tres
1018 1688 1077 1716 dies
1096 1688 1252 1723 signiﬁcans
1268 1687 1416 1715 Dominicm
1432 1687 1579 1721 sepultura:
1592 1693 1624 1712 ac
1638 1693 1731 1712 resur-

943 1734 1073 1761 rectionis
1094 1737 1156 1768 post
1176 1740 1246 1769 quos
1268 1733 1411 1761 nationum
1433 1740 1512 1760 error
1530 1735 1558 1759 ct
1579 1731 1731 1766 ignorantia

942 1779 1089 1807 evertenda
1102 1783 1172 1807 erat.

979 1879 1024 1906 45.
1039 1878 1143 1913 Nempe
1158 1878 1220 1906 ﬁde.

978 1925 1023 1952 M.
1047 1923 1127 1951 Brevi
1148 1928 1270 1958 exposrta
1293 1923 1413 1950 nominis
1433 1923 1508 1950 Jonae
1530 1922 1732 1957 interpretatio.

943 1978 994 2005 pro
1014 1978 1046 1998 ea
1068 1977 1129 2005 quae
1151 1970 1191 1997 illi
1213 1970 1284 1997 inest
1305 1977 1484 2004 personarum
1508 1977 1670 2004 morumque
1692 1969 1732 2001 vi,

944 2014 1033 2048 quoad
1048 2013 1155 2049 singula
1171 2021 1231 2046 qua:
1246 2014 1279 2041 de
1302 2014 1348 2041 illo
1364 2021 1413 2048 per
1435 2013 1592 2048 allegoriam
1609 2013 1683 2041 dicta
1702 2021 1734 2041 ac

944 2059 1098 2094 conscripta
1112 2063 1185 2086 sunt.

980 2105 1024 2132 45.
1037 2104 1171 2131 Nimirum
1186 2104 1241 2131 lex.

980 2151 1024 2178 46.
1041 2150 1175 2178 Eﬁ‘ectum
1190 2150 1228 2177 ait
1240 2149 1307 2186 legis
1323 2150 1466 2182 naturalis,
1484 2153 1515 2176 ut
1530 2157 1612 2176 unam
1624 2149 1657 2177 ad
1672 2156 1733 2176 om-

946 2205 996 2225 nes
1008 2197 1091 2224 animi
1107 2196 1280 2224 affectionem
1291 2204 1323 2224 ac
1335 2197 1503 2224 voluntatem
1518 2195 1627 2224 eﬁieiat.

981 2244 1026 2270 47.
1038 2244 1149 2278 Regulae
1159 2243 1378 2270 demonstrantes
1391 2243 1599 2278 proprietatem,
1614 2250 1675 2278 qua:
1686 2249 1735 2269 na-

947 2289 1061 2316 turalem
1074 2289 1160 2324 legem
1173 2287 1312 2324 insigniat.

979 2344 1023 2372 48.
1034 2344 1088 2372 Lex
1097 2345 1208 2379 scripta,
1219 2344 1316 2372 timore
1325 2343 1397 2379 quod
1405 2344 1440 2371 sit
1451 2344 1582 2380 injustum
1593 2343 1732 2375 inhibens,

943 2389 1056 2424 justitite
1077 2397 1235 2417 assuescere
1258 2389 1332 2417 facit.
1354 2389 1530 2418 Consuetudo
1548 2393 1640 2417 autem
1662 2394 1733 2416 tem—

946 2443 1012 2470 pore
1026 2436 1129 2467 adulta,
1139 2436 1206 2470 justi
1220 2440 1355 2462 amantem
1370 2436 1498 2462 aﬁ'cctum
1511 2435 1599 2470 parit;
1616 2443 1668 2469 qua
1688 2434 1734 2461 ﬁr—

946 2489 1008 2508 mus
1034 2481 1140 2508 honesti
1169 2485 1249 2508 tenax
1276 2481 1386 2508 habitus
1410 2481 1560 2513 accedens,
1583 2481 1739 2515 superioris

945 2528 1074 2562 nequitim
1086 2527 1252 2554 oblivionem
1269 2526 1384 2554 inducit.

981 2574 1025 2601 49.
1041 2573 1228 2604 Deﬁnitiones,
1245 2572 1347 2607 quibus
1369 2571 1536 2607 singularum
1552 2572 1642 2607 legum
1663 2579 1740 2606 quam

946 2626 1008 2657 rum
1029 2617 1099 2646 facta
1121 2618 1224 2645 mentio
1245 2621 1297 2651 est,
1313 2618 1354 2646 vis
1371 2623 1503 2652 actusque
1518 2617 1740 2648 demonstratur._

982 2672 1024 2700 50.
1040 2672 1075 2700 Ut
1086 2671 1240 2707 proximum
1252 2671 1355 2699 habeas
1368 2671 1440 2699 sicut
1453 2671 1580 2706 teipsum,
1593 2671 1653 2706 ejus
1664 2671 1735 2698 dun-

947 2723 1020 2752 taxat
1033 2725 1105 2749 curae
1117 2722 1168 2749 cst,
1182 2725 1242 2752 quae
1255 2717 1290 2745 ad
1304 2718 1387 2744 vitam
1405 2725 1519 2752 esseque
1534 2721 1647 2752 spectat,
1660 2717 1739 2751 quod

947 2768 989 2795 est
1014 2763 1082 2798 legis
1104 2763 1238 2790 naturalis
1266 2771 1273 2790 :
1293 2767 1324 2791 ut
1347 2768 1438 2791 autem
1457 2763 1612 2798 proximum
1636 2762 1739 2798 diligas

949 2810 1020 2837 sicut
1036 2814 1061 2836 te
1078 2809 1177 2844 ipsum,
1194 2809 1221 2837 in
1233 2817 1267 2837 eo
1282 2810 1401 2844 positum
1423 2814 1475 2842 est,
1489 2815 1520 2837 ut
1538 2809 1564 2837 ei
1586 2816 1642 2844 quo
1664 2809 1737 2836 bene

948 2856 1083 2892 beateque
1104 2859 1164 2890 agat
1185 2855 1296 2883 virtutis
1312 2855 1386 2884 cultu
1410 2856 1574 2891 prospicias;
1597 2854 1670 2890 quod
1691 2853 1735 2884 lex
