1936 3078
99 123 151 156 737

407 182 587 216 Ἀπόκρισις.

138 228 172 256 Ἦ
187 229 237 264 μὲν
255 228 373 264 ἀκριϐὴς
389 228 489 262 γνῶσις
502 228 557 255 τῶν
574 227 673 263 λογίων
695 227 741 255 τοῦ
759 227 887 262 Πνεὺμα-

97 284 158 306 τος,
197 276 290 309 μόνοις
316 274 558 301 ἀποκαλύπτεσθαι
584 274 690 309 πέφυκε
719 276 776 306 τοῖς
800 273 887 306 ἀξίοις

96 321 256 356 Πνεύματος
271 330 277 336 ·
296 321 321 348 οἳ
335 321 378 347 διὰ
395 320 496 355 πολλὴν
515 321 570 347 τῶν
588 321 694 356 ἀρετῶν
715 320 885 356 ἐπιμέλειαν,

94 366 145 400 τῆς
165 366 219 392 τῶν
234 365 329 392 παθῶν
345 365 459 400 αἱθάλης
476 365 522 391 τὸν
537 364 599 391 νοῦν
621 365 823 407 ἐκκαθάραντες
834 366 884 399 (ί),

95 412 231 447 ἐσόπτρου
254 411 332 446 δίκην
349 411 470 447 καθαροῦ
493 420 522 439 τε
547 413 594 438 καὶ
609 412 754 446 διαυγοῦς,
780 412 836 447 ἅμα
852 414 885 447 τῇ

95 457 194 493 πρώτῃ
207 457 343 493 προσῆολῇ
364 458 489 494 καθάπερ
512 458 659 493 πρόσωπον
680 458 885 493 ὲντυπουμὲνην

93 504 187 534 αὐτοῖς
205 504 252 529 καὶ
266 504 469 537 ἐμπίπτουσαν,
482 505 531 539 τὴν
542 505 597 530 τῶν
612 504 692 531 θείων
705 505 885 540 ὑποδέχονται

92 548 205 582 γνῶσιν.
221 546 268 580 Οἷς
285 548 312 574 δὲ
334 550 394 575 κατ’
419 549 468 583 ἐμὲ
491 549 540 583 τὴν
558 549 611 575 τῶν
637 549 733 575 παθῶν
749 550 856 584 κηλῖσιν
870 551 885 576 ὁ

94 593 154 628 βίος
179 594 365 624 κατέστικται,
386 593 464 628 μόλις
484 593 535 620 κᾶν
551 593 580 625 ἐξ
594 594 709 620 είκῆτων
723 594 805 621 τινῶν
822 603 884 621 στο-

92 638 211 673 χασμῶν
238 639 428 674 τεκμηριῶσαι
449 639 499 674 τὴν
523 639 579 666 τῶν
595 639 676 666 θείων
699 639 799 674 γνῶσίν
825 641 883 666 ἐστι

91 685 206 712 δυνατόν
219 693 226 700 ·
243 685 280 720 μὴ
295 686 335 711 ὄτι
351 693 382 719 γε
395 685 489 720 νοῆσαί
503 694 532 712 τε
552 686 598 712 καὶ
612 686 716 721 φράσαι
734 686 836 721 ταύτην
849 686 873 713 δι

91 731 238 765 ἀκριῦείας
263 731 525 764 ἁπαυθαδιάζεσθαι.
553 732 607 758 Καὶ
627 730 685 758 οἶδα
712 732 805 767 σαφῶς
827 733 882 767 ἔγω

90 785 140 811 γε,
169 777 210 803 ὅτι
226 778 339 811 πάσχων
358 778 439 808 αὐτὸς
455 777 608 812 ’γινώσκεις
635 778 668 805 τὰ
689 777 749 804 θεῖα
768 779 880 813 μᾶλλον,

90 822 167 857 τίμιε
185 823 272 857 πάτερ
287 823 336 857 (2),
357 823 404 848 καὶ
421 823 504 858 πείρᾳ.
525 823 615 850 λαϐὼν
630 823 701 858 ἔχεις
717 824 818 850 τούτων
832 823 881 859 τὴν

89 869 248 904 ἐπιστήμην
259 888 266 899 ,
283 868 356 903 ᾗπερ
379 868 435 903 ἐγὼ
451 869 542 903 λέγειν
558 869 726 904 ἐπίσταμαι,
749 870 832 906 μηδὲν
850 872 881 897 ἐκ

88 915 137 942 τοῦ
153 915 249 942 παθεῖν
263 915 457 950 ἀποφήνασθαι
480 915 544 951 περὶ
559 916 612 942 τῶν
627 916 707 942 θείων
721 917 879 951 δυνάμενος.

90 962 167 997 Πλὴν
183 962 229 988 καὶ
251 962 281 988 τὸ
303 962 373 988 κατά
387 962 502 997 δύναμιν
518 962 568 988 οὐκ
586 962 749 997 ἀπόϐλητον,
771 963 818 989 καὶ
833 963 881 998 μά-

89 1007 160 1033 λισθ’
182 1007 246 1042 ὑμῖν
260 1009 316 1039 τοῖς
341 1008 496 1041 ὲπιτέιξασι,
513 1008 561 1034 καὶ
591 1008 666 1034 τόνδε
689 1016 733 1044 μοι
749 1008 814 1044 περὶ
827 1008 881 1035 τῶν

91 1052 163 1087 ὑπὲρ
174 1052 289 1088 δύναμιν
301 1052 348 1079 τοῦ
368 1053 458 1087 λέγειν
476 1053 556 1080 πόνον
571 1053 755 1088 ἐπιθεμένοις.

127 1141 216 1167 Σαοὺλ
242 1141 330 1167 τοίνυν
353 1141 411 1168 ἐστὶ
434 1142 505 1168 κατὰ
526 1142 601 1169 τόνδε
626 1142 675 1178 τῆς
702 1143 812 1178 Γραφῆς
834 1144 880 1170 τὸν

87 1186 173 1213 τόπον
192 1186 241 1220 (5),
259 1187 273 1211 ὀ
289 1187 440 1222 βασιλεύων
459 1187 528 1214 κατὰ
547 1187 661 1223 δύναμιν
687 1188 798 1222 ἐντολῆς
813 1197 881 1223 σαρ-

88 1232 171 1266 κίνης
187 1232 241 1257 τῶν
259 1232 398 1268 σαρκικῶν
418 1232 552 1259 Ἰουδαίων
567 1233 595 1259 ὲν
611 1233 757 1268 γράμματι
779 1233 860 1269 νόμος
870 1242 877 1250 ⁸

87 1275 172 1311 ἤγουν
184 1277 198 1302 ὁ
215 1275 365 1311 βασιλεύων
380 1276 435 1303 τῶν
444 1277 585 1312 ἀγομένων
601 1278 674 1312 μόνῳ
686 1278 724 1314 τῷ
733 1279 878 1314 γράμματι

87 1321 135 1348 τοῦ
152 1322 237 1356 νόμου
255 1323 413 1357 σωματικὸς
436 1323 538 1358 τρόπος
558 1323 575 1359 ἢ
592 1323 731 1358 λογισμός.
755 1325 878 1358 Alton);-

86 1368 143 1403 γὰρ
151 1368 227 1401 ᾅδης
240 1368 273 1404 (r)
287 1368 358 1395 κατὰ
371 1369 436 1403 μίαν
447 1369 575 1404 ἐπιϐολὴν
588 1370 672 1397 Σαοὺλ
685 1371 876 1407 ἑρμηνεύεται.

87 1413 144 1448 Τῆς
162 1414 216 1449 γὰρ
233 1416 262 1440 ὲν
276 1414 488 1450 πνεύματινθεοῦ
502 1416 563 1442 κατ’
571 1416 672 1451 ἀρετὴν
682 1416 878 1452 διεξαγομένης

87 1459 162 1494 ζωῆς
175 1467 204 1485 τε
220 1460 266 1486 καὶ
290 1460 440 1495 βασιλείας,
464 1462 636 1497 προτιμήσας
662 1461 712 1497 τὴν
736 1462 877 1498 φιλήδονον

626 124 824 161 ΟΙῘΞΕΞΤΙΟΝ
828 125 873 155 ES
891 125 940 155 AD
959 125 1213 159 TIIALASSIUM.

1678 135 1733 170 738

1259 185 1410 221 Responsio.

974 227 1013 254 ita
1031 228 1163 256 nimirum
1185 231 1383 265 comparatum,
1407 236 1436 259 ut
1451 232 1624 268 cloquiorum
1643 233 1731 269 Spiri-

940 275 983 299 tus
1000 273 1114 305 notitia,
1139 274 1312 303 solummodo
1329 276 1419 311 dignis
1443 277 1545 312 Spit’ltu
1571 278 1730 306 manifeste—

939 322 999 350 t.ur;
1013 318 1046 345 iis
1061 319 1176 351 scilicet,
1189 321 1236 355 qui
1247 321 1378 348 virtutum
1395 322 1518 357 diligenti
1534 324 1619 354 cultu.
1631 331 1730 351 emun-

937 363 1002 390 dato
1015 372 1031 391 a
1045 365 1176 391 vitiorum
1192 365 1306 401 fuligine
1318 368 1419 400 animo,
1432 369 1507 395 velut
1523 369 1655 395 mundum
1669 377 1731 404 spe-

937 409 1028 436 culum
1044 418 1076 437 ac
1091 411 1268 445 pellucidum,
1281 413 1400 447 primum
1418 414 1508 441 statim
1525 416 1647 449 conjecta
1659 416 1728 442 acie.

937 455 1013 489 quasi
1029 456 1135 483 vultum
1155 457 1195 483 eis
1211 457 1385 492 impressum,
1403 460 1606 495 immissamque
1620 461 1728 488 divino-

936 507 997 526 rum
1014 501 1149 532 notitiam,
1170 501 1319 536 accipiunt.
1336 503 1441 536 Quibus
1461 508 1552 531 autem
1570 505 1623 532 mei
1642 513 1727 538 more,

935 545 1066 573 vitiorum
1084 548 1199 577 maculis
1214 549 1268 576 vita
1282 555 1444 584 compuncta
1459 556 1511 579 est.
1528 551 1556 582 ii,
1571 551 1615 578 vix
1631 559 1662 577 ex
1679 559 1728 578 ven

935 590 1097 620 risimilibus
1109 594 1273 628 quibusdam
1288 595 1463 630 coniecturis,
1477 595 1557 631 275
1572 596 1726 624 divinorum

934 637 1062 664 nclitiam
1076 638 1159 666 debili
1175 640 1236 666 nisu
1249 640 1400 676 attingant;
1416 645 1520 668 tantum
1536 642 1611 669 abest
1628 647 1656 669 ut
1670 642 1727 670 hmc

934 687 1062 709 accurate
1085 688 1176 711 mente
1204 685 1335 720 consequi
1358 693 1480 720 voceque
1501 687 1600 714 cﬂcrre
1622 695 1726 722 praesu-

934 726 1019 752 mant.
1035 726 1268 763 Exploratumque
1285 729 1343 764 ipse
1360 729 1458 761 habeo,
1480 739 1560 758 nosse
1576 736 1602 758 te
1622 732 1724 766 magis,

934 772 1089 798 venerande
1105 778 1194 807 pater,
1210 774 1313 804 divina.
1329 775 1376 809 qui
1393 775 1438 802 illa
1455 777 1513 811 ipse
1528 777 1651 811 patiaris,
1669 785 1726 804 ma-

931 815 1074 851 joremque
1109 819 1299 853 experimento
1330 826 1466 857 gustuque
1498 831 1594 850 eorum
1627 829 1726 852 nactus

897 851 918 878 Β
933 862 1075 890 scientiam
1097 865 1146 896 sis,
1162 869 1244 900 quam
1270 868 1395 894 noverim
1423 867 1481 902 ipse
1497 868 1601 901 dicere,
1627 871 1672 904 qui
1691 879 1725 898 ex

933 907 992 942 ipso
1015 909 1054 936 rei
1076 918 1169 942 sensu,
1186 919 1218 939 ac
1230 913 1303 947 quod
1323 921 1354 940 ea
1375 914 1473 948 patiar,
1492 915 1526 942 de
1542 915 1643 943 divinis
1657 917 1725 944 nihil

932 955 1112 988 pronuntiare
1129 957 1244 984 valeam.
1262 958 1400 986 Caeterum
1425 968 1476 987 nec
1491 961 1564 995 quod
1581 970 1614 988 ex
1637 961 1724 989 facul-

932 1003 998 1030 tate,
1028 1000 1117 1035 ipsum
1146 1003 1359 1037 repudiandum,
1385 1007 1537 1040 przesertim
1564 1008 1651 1039 vobis,
1676 1008 1724 1043 qui

931 1052 989 1071 rem
1006 1045 1172 1080 injunxistis,
1189 1056 1221 1075 ac
1233 1048 1267 1076 de
1281 1049 1314 1076 iis
1327 1051 1456 1084 loquendi
1470 1059 1512 1084 ea,
1532 1060 1593 1087 quae
1610 1053 1724 1080 faculta-

931 1093 986 1117 tem
1002 1097 1143 1126 superant,
1161 1100 1232 1120 onus
1248 1094 1426 1129 imposuistis.

968 1143 1031 1171 Saul
1047 1144 1130 1180 igitur
1144 1150 1196 1178 est,
1213 1146 1266 1174 hoc
1286 1147 1436 1182 Scriptura:
1452 1148 1524 1179 loco.
1544 1157 1605 1184 quas
1623 1158 1723 1178 secun-

930 1188 995 1216 dum
1013 1190 1141 1218 virtutem
1163 1192 1284 1220 mandati
1300 1194 1429 1226 carnalis,
1447 1195 1599 1222 carnalium
1613 1196 1722 1224 Iudaeo-

929 1243 990 1263 rum
1004 1237 1096 1265 littera
1108 1237 1265 1266 dominatur
1279 1240 1322 1267 lex
1337 1249 1344 1268 :
1361 1241 1413 1268 hoc
1427 1246 1479 1274 est,
1496 1242 1647 1277 corporalis
1661 1250 1722 1270 mo-

929 1281 980 1309 dus
996 1286 1044 1309 aut
1061 1283 1141 1316 ratio,
1158 1291 1254 1312 eorum
1273 1285 1429 1320 dominans,
1444 1287 1490 1322 qui
1507 1288 1563 1315 sola
1587 1287 1654 1324 legis
1675 1289 1721 1316 lit-

929 1329 987 1353 tera
1011 1327 1161 1356 ducuntur.
1187 1330 1288 1358 Petita:
1313 1332 1386 1359 enim
1418 1333 1537 1368 infernus
1560 1342 1615 1360 uno
1638 1341 1720 1362 sensu

929 1371 992 1399 Saul
1017 1372 1136 1406 dicatur,
1162 1374 1184 1402 si
1209 1384 1310 1404 nomen
1337 1378 1539 1413 interpreteris.
1562 1379 1720 1407 Judazorum

927 1425 1046 1453 namque
1061 1420 1190 1454 populus,
1209 1421 1246 1448 illi
1261 1422 1324 1450 vita:
1340 1431 1401 1458 qua:
1422 1423 1526 1459 Spiritu
1548 1425 1595 1452 Dei
1609 1425 1721 1453 virtutis

927 1464 1004 1491 cultu
1021 1465 1163 1500 agebatur,
1186 1467 1281 1502 sicque
1303 1469 1430 1497 instituto
1451 1478 1546 1506 regno,
1569 1471 1719 1506 prachabita

86 1504 163 1541 ζωὴν
173 1505 187 1531 ό
202 1506 256 1532 τῶν
269 1507 403 1534 Ἰουδαίων
416 1507 492 1539 λαὸς,
505 1508 626 1544 ᾐτήσατο
639 1508 685 1535 τὸν
699 1508 775 1544 ᾅδην,
793 1509 876 1544 ἦγουν

930 1510 1067 1538 luxuriosa
1082 1511 1148 1544 vita,
1167 1512 1305 1541 infernum
1322 1516 1451 1550 expetiit;
1467 1524 1576 1551 nempe,
1598 1517 1720 1546 scientiae

85 1552 137 1587 τὴν
171 1551 293 1586 ἄγνοιαν,
315 1552 375 1580 ἀντὶ
391 1553 441 1588 τῆς
462 1553 589 1588 γνώσεως
609 1554 692 1581 αὐτοῦ
711 1554 875 1589 βασιλεύειν.

86 1599 147 1630 Πᾶς
159 1599 213 1634 γὰρ
225 1600 239 1625 6
252 1599 301 1634 τῆς
317 1598 393 1631 Θείας
405 1599 592 1632 ὲκπεπτωκὼς
603 1601 725 1636 ἀγάπης,
740 1601 786 1628 τὸν
802 1602 830 1627 ἐν
843 1602 875 1637 τῇ

87 1645 173 1680 σαρκὶ
190 1644 271 1680 νόμον
284 1644 342 1680 ἔχει
368 1645 412 1672 διὰ
433 1645 484 1680 τῆς
496 1645 594 1680 ἡδονῆς
615 1646 809 1681 βασιλεύοντα·
831 1646 877 1683 τὸν

88 1690 227 1726 μηδεμίαν
245 1689 321 1717 θείαν
334 1691 445 1726 ἐντολὴν
465 1691 582 1726 φυλάξαι
599 1691 757 1728 δυνάμενον,
775 1692 791 1728 ἢ
809 1692 876 1728 μηδὲ

88 1736 263 1772 βουλόμενον.

123 1782 192 1809 Κατ’
211 1782 291 1810 ἄλλον
307 1782 335 1809 δὲ
355 1783 454 1818 τρόπον
477 1782 564 1810 Σαοὺλ
583 1783 774 1819 ἑρμηνεύεται,
792 1783 877 1812 δεδα-

87 1828 290 1864 ηισμένος,ἢ
313 1827 441 1855 δάνειον.
472 1829 509 1855 Οὐ
530 1828 584 1864 γὰρ
610 1829 688 1865 ἐδόθη
717 1831 732 1856 ὸ
755 1831 876 1866 γραπτδς

87 1875 170 1909 νόμος
182 1876 237 1906 τοῖς
250 1874 379 1901 λαϐοῦσιν
393 1875 434 1906 εἰς
453 1875 551 1909 κτῆσιν
570 1876 739 1910 περιουσίας,
755 1876 814 1904 ἀλλ’
834 1878 874 1908 είς

87 1919 277 1953 παιδαγωγίαν
305 1919 534 1955 προσδοκωμένης
556 1921 733 1954 ἐπαγγελίας.
757 1922 803 1948 Διὸ
828 1923 874 1949 καὶ

85 1965 147 1996 δοὺς
171 1964 212 2000 τῷ
232 1965 319 1991 Σαοὺλ
341 1966 390 2000 τὴν
412 1965 551 2000 βασιλείαν
566 1968 580 1994 ὁ
594 1967 672 2000 Θεὸς,
694 1968 723 1994 ὲν
749 1969 781 2003 τῇ
806 1969 875 2004 πρὸς

85 2011 168 2038 αὐτὸν
183 2011 310 2046 διαθήκῃ,
334 2011 443 2038 αἰώνιον
463 2012 493 2038 οὐ
518 2013 706 2048 καθυπέσχετο
723 2014 771 2050 τὴν
797 2014 875 2050 βασι-

84 2056 169 2084 λείαν.
197 2057 256 2083 Πᾶν
284 2057 338 2092 γὰρ
365 2057 481 2090 δάνειον,
507 2058 538 2084 οὑ
569 2058 676 2090 γίνεται
707 2059 745 2094 τῷ
766 2060 874 2087 λαὸόντι

83 2102 178 2136 κτῆμα
207 2101 377 2135 περιουσίας,
404 2101 473 2128 ἀλλὰ
501 2102 640 2137 πρόφασις
669 2103 794 2138 καμάτου
827 2103 875 2130 καὶ

83 2148 167 2175 πόνου
180 2146 191 2182 l
203 2147 248 2174 Fr.
264 2147 312 2174 ml.
324 2147 413 2174 πόνων
425 2147 446 2183 ].
463 2148 504 2179 εἰς
521 2148 604 2183 ἄλλης
623 2150 784 2184 περιουσίας
809 2151 873 2176 συλ-
890 2163 902 2184 ς

928 1555 989 1583 loco
1013 1556 1172 1591 ignorantiae
1189 1559 1304 1594 ejusque
1322 1560 1437 1596 imperio
1455 1561 1606 1597 mancipari
1625 1563 1718 1599 elegit.

927 1600 1057 1636 Quisquis
1073 1602 1147 1630 enim
1163 1611 1178 1630 a
1197 1604 1291 1632 divina
1307 1606 1456 1635 dilectione
1473 1608 1584 1640 excidit,
1600 1609 1720 1637 carnalis

927 1645 993 1680 legis
1004 1654 1037 1674 ex
1052 1648 1192 1683 voluptate
1208 1649 1344 1678 obnoxius
1358 1651 1480 1679 dominio
1494 1652 1533 1685 tit,
1548 1661 1609 1688 quae
1622 1662 1717 1681 eorum

927 1699 987 1727 qua:
1002 1698 1137 1728 prazcepta
1152 1702 1168 1722 a
1189 1695 1245 1723 Deo
1261 1695 1327 1728 sint,
1344 1697 1413 1724 nihil
1435 1705 1546 1725 servare
1566 1699 1663 1734 possit,
1685 1707 1718 1727 ac

926 1745 1015 1773 neque
1029 1739 1104 1766 velit.

961 1783 1022 1810 Alio
1046 1789 1138 1811 autem
1165 1785 1323 1818 intellectu,
1345 1787 1487 1816 notatione
1509 1788 1629 1816 nominis
1652 1789 1715 1817 Saul

927 1833 1017 1856 mutuo
1035 1829 1123 1862 datus,
1147 1835 1194 1859 aut
1218 1836 1338 1859 mutuum
1361 1833 1479 1860 dicatur.
1504 1834 1564 1861 Non
1581 1835 1654 1862 enim
1672 1836 1716 1863 lex

927 1873 1043 1909 Scripta,
1060 1879 1090 1902 ut
1106 1875 1183 1903 firma
1200 1882 1313 1912 rataque
1330 1886 1363 1906 ac
1377 1879 1487 1914 propria
1502 1881 1638 1914 possessio
1653 1881 1715 1910 data

925 1924 978 1952 est,
997 1921 1043 1948 sed
1068 1925 1098 1947 ut
1115 1921 1192 1949 rudis
1208 1927 1372 1957 exspectatas
1385 1925 1579 1958 promissionis
1602 1926 1715 1954 institu-

927 1966 975 1993 tio.
991 1965 1081 1999 Quare
1103 1975 1153 1995 nec
1175 1975 1306 1996 concesso
1329 1969 1404 1996 Sauli
1425 1978 1510 2006 regno
1529 1979 1714 2008 percussoque

925 2019 987 2039 cum
1004 2019 1038 2039 eo
1053 2012 1165 2045 taedere,
1185 2013 1243 2041 fore
1265 2015 1332 2042 illud
1347 2020 1510 2051 perpetuum
1526 2017 1598 2045 Deus
1610 2019 1716 2053 pollici-

926 2061 969 2084 tus
982 2062 1034 2085 est.
1051 2057 1189 2093 Quidquid
1204 2059 1277 2086 enim
1295 2065 1391 2088 mutuo
1405 2065 1433 2089 et
1448 2062 1499 2089 sub
1518 2062 1614 2090 fenore
1637 2071 1715 2090 acce-

922 2108 1002 2138 ptum
1017 2103 1063 2136 sit,
1078 2112 1132 2131 non
1145 2109 1219 2132 certa
1233 2106 1400 2142 propriaque
1413 2109 1562 2142 possessio.
1575 2109 1623 2136 sed
1639 2110 1715 2137 labo—

925 2149 963 2176 ris
977 2149 1123 2184 operisque
1136 2150 1244 2177 occasio
1258 2152 1404 2187 accipienti
1416 2153 1533 2186 exsistit,
1547 2154 1620 2182 unde
1633 2155 1713 2182 aliam

81 2194 176 2229 λογήν.
200 2193 232 2220 Ἦ
256 2193 285 2220 δὲ
305 2193 353 2220 τοῦ
373 2193 458 2220 Σαοὺλ
482 2191 609 2230 παλλακὴ
629 2183 740 2230 Ῥεσφὰ,
763 2195 873 2230 δρόμος

930 2183 1107 2223 substantiam
1129 2199 1161 2223 ac
1174 2183 1417 2232 peculium-paret.
1432 2199 1498 2234 Ejus
1515 2183 1606 2228 autem
1626 2201 1714 2236 pellex

81 2239 265 2274 ἑρμηνεύεται
293 2239 443 2272 στόματος
471 2239 516 2276 (ε).
544 2240 649 2276 Δρόμος
672 2241 700 2267 δὲ
737 2241 872 2276 στόματός

81 2286 167 2317 ἐστιν,
196 2285 213 2319 ὴ
235 2284 307 2311 κατὰ
332 2284 417 2319 μόνην
439 2282 485 2318 τὴν
510 2285 540 2312 ἐν
561 2286 633 2321 λόγῳ
659 2286 800 2322 προφορὰν
823 2285 870 2313 τοῦ

80 2331 165 2365 νόμου
187 2329 321 2365 μάθησις·
352 2328 386 2364 ἣν
403 2330 578 2362 είσοικίζεται
594 2334 771 2368 παρανόμως,
786 2332 800 2358 ὁ
819 2332 869 2368 μό-

118 2424 153 2466 (ν)
168 2425 295 2458 Διτητὸς
311 2424 397 2466 ᾅδηςτ
415 2425 476 2454 Duo
500 2430 590 2465 etyma
607 2427 634 2454 in
654 2433 740 2469 unum
762 2424 864 2452 conﬁat

79 2459 224 2487 Haximus.
236 2460 260 2487 Α
271 2468 339 2488 voce
354 2469 428 2488 enim
445 2463 509 2491 Ἵκω
528 2462 682 2496 postulavit,
711 2460 865 2496 tummodo-

79 2496 125 2524 υἱι.
142 2500 197 2535 (ιιι)ε
209 2499 252 2536 est
267 2503 366 2536 nomen
384 2497 476 2536 nw,_
488 2494 561 2536 quod
574 2503 616 2536 est
624 2497 762 2536 infernas,
774 2494 866 2530 repul-

79 2537 174 2561 crum;
190 2530 254 2557 inde
272 2530 378 2558 dictum
404 2531 477 2565 quod
500 2530 674 2563 insatiabile,
689 2531 867 2564 omniumque

78 2565 214 2601 cadavera
224 2570 315 2601 petat;
329 2566 371 2593 vel
385 2566 469 2593 etiam
499 2566 615 2599 animas,
636 2571 666 2594 ut
680 2574 731 2601 pro
758 2565 868 2593 inferno

78 2599 198 2636 sumitur
209 2620 216 2632 ,
231 2600 262 2636 in
274 2608 355 2636 quem
368 2601 456 2628 sancti
477 2601 530 2636 ipsi
553 2599 772 2633 descendebant,
801 2605 867 2627 ante

79 2635 180 2671 celum
191 2634 272 2671 nobis
283 2634 305 2662 Va
316 2635 431 2663 Christo
447 2634 585 2671 apertum.

115 2670 149 2703 (δ)
165 2670 277 2703 Δρόμος
304 2670 472 2704 στόματοςξ
489 2671 587 2699 Divisit
610 2671 742 2699 Maximus
764 2670 866 2698 dictio-

78 2712 153 2737 nem,
166 2705 245 2739 quasi
259 2708 274 2731 :t
291 2710 350 2734 run

78 2747 145 2772 rere.
158 2739 234 2776 Psal.
252 2747 324 2773 χιιι,
341 2739 386 2767 18ξ
401 2740 430 2768 Si
455 2739 560 2768 videbas
586 2742 682 2776 furem,
710 2746 770 2776 πων
781 2745 865 2773 vnn-1.

78 2774 201 2810 canebas
213 2783 273 2801 cum
291 2783 321 2802 eo
331 2784 340 2802 :
360 2783 515 2810 quanquam
530 2774 608 2803 reddi
626 2779 725 2810 potest,
739 2775 781 2802 illi
794 2783 867 2802 com-

78 2809 199 2850 ρίιιεςίναρ
217 2809 476 2850 σθσᾳεεεηίαῡανίι.
490 2810 561 2838 llinc
576 2809 646 2850 ergo
660 2811 795 2850 Maximus
806 2810 868 2850 δρό-

80 2853 129 2880 μον
148 2845 255 2879 habuit,
269 2845 296 2872 id
314 2850 366 2878 est,
380 2853 498 2880 cursum,
509 2850 538 2873 et.
555 2850 594 2876 ΠΒ
606 2846 669 2872 oris.
686 2846 720 2873 At
730 2845 867 2873 llebraica

369 2706 443 2740 quod
458 2711 500 2733 est
510 2707 627 2740 placere,
641 2711 669 2734 et
697 2706 780 2733 etiam
806 2712 872 2740 επιν-Δ

924 2241 1054 2276 Rhespha
1068 2241 1189 2268 nominis
1203 2243 1356 2275 notatione,
1369 2244 1422 2270 oris
1437 2253 1528 2272 cursus
1542 2238 1653 2274 dicitur.
1666 2246 1714 2274 Est

924 2291 1016 2315 autem
1029 2287 1086 2315 oris
1107 2295 1215 2320 cursus,
1232 2287 1299 2323 legis
1316 2287 1471 2323 disciplina,
1495 2298 1529 2318 eo
1550 2291 1638 2318 solum
1654 2298 1714 2318 ser-

923 2340 1005 2360 mone
1026 2337 1164 2365 constans,
1182 2332 1228 2367 qui
1243 2340 1290 2360 ore
1305 2334 1465 2362 enuntiatur
1479 2344 1485 2362 :
1499 2343 1581 2370 quam
1604 2336 1712 2372 illegiti-

916 2425 1022 2460 integra
1036 2432 1088 2452 vox
1099 2429 1142 2452 est
1156 2430 1221 2454 run-
1237 2433 1336 2460 pruna,
1350 2426 1429 2453 carbo
1441 2426 1552 2461 ignitus,
1567 2426 1707 2460 pavimen-

917 2465 986 2489 tum.
1007 2460 1143 2486 extensio:
1160 2468 1221 2494 quae
1237 2460 1319 2486 etiam
1342 2461 1402 2495 ejus
1426 2460 1502 2487 vocis
1518 2465 1608 2495 etyma
1627 2460 1710 2488 habet

917 2495 1032 2522 libellus
1043 2494 1225 2529 expositionis
1249 2494 1392 2522 nominum
1413 2494 1586 2529 propriorum
1603 2495 1635 2522 ad
1652 2496 1709 2522 cal-

919 2537 978 2557 cem
992 2529 1155 2556 Bibliorum.
1172 2528 1333 2564 Quanquam
1354 2528 1421 2556 vero
1438 2528 1572 2557 Maximus
1584 2531 1611 2557 in
1634 2530 1709 2557 vitu-

920 2564 992 2605 perii
1005 2568 1112 2605 partem
1124 2563 1263 2604 Respham
1276 2565 1434 2605 ἀλληγορεζ,
1447 2566 1587 2605 egregium
1618 2570 1708 2605 tamen

921 2598 981 2635 ejus
998 2598 1268 2635 virtutisrspecirmen
1282 2598 1619 2634 commendatScriptura,
1634 2601 1706 2635 quod

921 2633 1065 2669 suspensis
1085 2633 1160 2666 ﬁliis,
1181 2634 1214 2661 ad
1238 2642 1334 2661 eorum
1355 2634 1488 2662 cadavera
1503 2633 1707 2663 substrato'sibi

920 2668 1024 2702 cilicio,
1034 2669 1078 2696 vel
1092 2668 1175 2696 etiam
1188 2673 1302 2696 extenso
1313 2670 1426 2697 tentorii
1451 2670 1477 2696 in
1493 2678 1598 2697 morem
1613 2671 1646 2698 sd
1659 2678 1706 2697 ar-

921 2704 1040 2740 cendum
1058 2708 1166 2735 aestum,
1185 2704 1353 2740 inroratione
1373 2706 1603 2740 perseveraverit,
1615 2706 1705 2733 donec

920 2739 993 2767 Deus
1009 2746 1106 2766 eorum
1119 2746 1187 2766 nece
1197 2739 1330 2774 placatus,
1348 2739 1464 2767 imbrem
1485 2740 1610 2767 dederit:
1628 2740 1707 2773 cujus

921 2774 1007 2811 etiam
1016 2774 1088 2801 facto
1100 2781 1132 2811 ac
1145 2774 1246 2811 pietate
1262 2779 1363 2811 motus,
1376 2775 1424 2810 qui
1439 2775 1466 2802 in
1476 2783 1585 2803 crucem
1601 2779 1704 2811 egerat,

922 2809 1020 2842 David,
1039 2809 1143 2837 tumulo
1155 2809 1277 2837 mandari
1288 2810 1380 2846 jussit.
