1936 3078
206 116 260 148 ἳ43

789 113 818 142 S.
841 112 983 142 ΜΑΧΙΜΙ
1004 111 1074 142 (ΣοΝ
1080 111 1256 141 FESSOBIS

1773 108 1827 140 744

207 172 309 200 tionem
328 172 453 200 admittat
472 175 520 198 aut
539 169 742 205 cogitationem,
756 167 828 202 quod
846 174 934 202 neque
949 174 986 194 res

1044 167 1173 201 τοὺμενος
1199 166 1304 200 λόγους.
1321 165 1415 197 οὐδεὶς
1436 166 1490 201 γὰρ
1508 166 1576 202 μόνῃ
1597 165 1774 201 προσανέχων
1790 166 1827 201 τῇ

207 217 277 245 ferat
289 222 318 245 ut
329 217 447 253 sylnbola
463 224 495 243 ac
510 216 585 251 signa
596 215 668 242 idem
682 214 738 241 sint
746 221 777 240 ac
793 218 900 240 natura.
913 212 989 245 Quod

205 263 230 290 si
252 264 310 290 hate
332 270 386 289 non
408 262 480 288 idem
497 261 552 288 sint
566 268 598 288 ac
619 265 727 292 natura,
746 267 884 293 nunquam
900 258 945 285 ﬁat
961 262 991 284 ut

206 316 251 335 res
274 308 346 342 quod
372 312 435 334 sunt
457 311 555 334 natum
573 315 604 334 ac
621 306 785 337 substantia,
804 306 875 332 clare
891 305 988 336 rideat.

206 354 252 388 qui
277 353 409 388 legalibus
438 353 578 388 symbolis,
608 352 684 379 velut
713 351 809 386 primis
835 350 931 377 formis
958 357 990 377 ac

205 399 407 433 exemplaribus
432 403 505 426 totus
524 398 610 425 inhiat
625 406 632 430 ;
648 405 762 431 eamque
777 397 812 424 ob
830 404 886 423 rem
901 396 990 423 alieno

204 452 219 470 a
241 444 345 470 ratione
366 448 465 470 conatu
486 443 640 477 mentisque
658 442 782 469 absentia
799 441 937 468 naturales
947 449 1006 467 ra-‘

205 488 294 515 tiones
311 489 409 522 rejicit,
434 496 488 515 non
504 488 659 522 intelligens
671 487 849 514 vindicandos
869 494 928 513 esse
942 485 988 520 qui

203 543 217 561 a
246 534 309 562 Jesu
337 534 436 561 servati
459 535 515 561 sint
539 534 575 560 “’z
594 534 620 560 in
643 541 759 567 quorum
780 533 861 559 etiam
875 532 988 567 gratiam

202 581 333 608 -»dversus
347 582 469 616 quinque
485 588 563 616 reges
578 580 605 607 in
623 580 685 608 illos
697 580 879 614 insurgentes,
892 579 989 606 formi-

203 626 292 653 dabile
317 626 441 660 pradium
468 625 536 653 illud
562 624 754 653 commiserit:
775 624 802 651 in
822 632 877 658 quo
900 624 987 658 ipsum

201 679 311 706 quoque
327 671 426 698 uelum
444 670 579 698 adversus
594 669 806 697 Gabaonitarum
831 668 923 695 hostes
948 668 988 695 la-

202 714 295 750 pidum
309 716 441 751 grandine
457 716 520 744 Jesu
543 715 683 750 suppetias
701 714 749 742 ivit
766 714 805 746 “;
828 713 987 741 constituitv

202 770 255 796 que
282 770 330 789 eos
359 767 389 789 ut
415 766 507 789 essent
523 761 728 796 comportandis
742 760 822 795 lignis
833 764 860 786 et
875 768 943 794 aqua
960 760 987 786 in

202 805 296 832 divino
316 806 491 833 tabernaculo
516 806 538 820 θ⁷
567 805 670 842 (sancta
696 804 826 831 nimirum
854 804 985 834 Ecclesia,

202 851 280 885 cujus
299 851 362 877 olim
385 851 590 878 tabernaculum
613 849 699 884 ﬁgura
726 847 840 883 exstitit)
864 848 989 874 int-arua—
1004 843 1023 869 Β

203 901 246 924 tus
266 897 370 924 Sermo.
389 897 414 924 Is
431 897 515 928 enim,
538 897 560 923 is
580 897 659 924 Jesus
679 900 730 927 est,
750 895 797 929 qui
817 894 988 929 insurgentes

202 944 229 971 in
261 951 308 970 eos
335 951 369 970 ex
399 951 495 970 sensus
520 943 626 970 ratione
654 941 815 969 libidinosos
843 941 938 968 modos
956 948 989 968 ac

200 989 379 1024 cogitationes
398 988 540 1015 interimit.
565 988 679 1022 Semper
709 987 783 1014 enim
807 985 855 1013 Dei
890 986 988 1013 Sermo

153 1052 156 1054 ν
200 1034 280 1062 Jesus
299 1038 381 1068 atque
400 1034 471 1061 ratio
489 1033 623 1060 naturalis
643 1032 883 1067 contemplationis
903 1031 989 1058 ratio-

201 1087 250 1108 nes
274 1080 384 1107 asciseit
409 1083 554 1114 servatque
579 1078 739 1110 incolumes,
768 1078 820 1105 hoc
845 1077 898 1104 illis
920 1085 988 1104 con-

200 1126 306 1154 credito
336 1134 461 1156 munere.
484 1130 514 1153 ut
539 1126 566 1152 in
593 1124 686 1151 divino
708 1124 767 1159 ejus
795 1123 987 1159 mysteriorum

201 1171 388 1204 tabernaculo,
404 1171 478 1206 ligna
498 1173 525 1197 et
544 1177 642 1204 aquam
659 1173 832 1203 comportent
856 1177 862 1195 :
887 1167 988 1202 quippe

200 1224 261 1252 quae
281 1220 369 1251 aptant
387 1215 509 1242 fomento
526 1214 717 1242 illustrationis
737 1213 836 1240 divinae
855 1213 986 1245 scientiat,

199 1261 365 1296 eluendique
386 1261 515 1288 vitiorum
536 1260 641 1290 sordes,
661 1267 693 1286 ac
718 1259 808 1286 vitalis
834 1259 860 1286 in
888 1259 988 1293 spiritu

199 1307 338 1343 augmenti
356 1307 498 1334 materiam
516 1306 745 1339 occasionemque
758 1305 903 1332 suiﬁeiant.
914 1304 986 1332 Abs-

199 1360 254 1388 que
267 1353 339 1380 euim
354 1352 472 1380 naturali
487 1350 674 1386 speculatione
693 1350 720 1376 in
733 1350 819 1381 nullo,
836 1350 891 1376 ullo
905 1357 986 1384 pror-

199 1407 247 1427 sus
265 1399 345 1426 modo
358 1401 556 1432 comparatum,
572 1399 603 1423 ut
616 1395 653 1422 sit
667 1394 811 1422 incolumis
825 1402 857 1422 ac
873 1401 988 1422 conser-

198 1450 280 1473 vetur
292 1443 486 1479 mysteriorum
501 1442 600 1470 virtus.

235 1490 284 1518 Sin
299 1493 391 1517 autem
406 1488 488 1515 etiam
503 1487 661 1515 Gabaonitaa
675 1494 734 1514 eam
747 1486 870 1522 gentium
881 1491 987 1522 partem

199 1535 364 1571 signiﬁcant,
377 1541 438 1569 quae
451 1541 484 1560 ea
498 1532 614 1564 ratione,
630 1540 684 1567 qua
700 1532 815 1559 accessit
831 1531 866 1559 ad
879 1531 986 1559 divina-

198 1589 260 1609 rum
280 1579 493 1615 promissionum
511 1578 718 1605 distributorem
737 1577 848 1610 Jesum,
870 1578 986 1605 salutem

198 1631 277 1654 nacta
308 1630 361 1657 est,
388 1625 525 1659 doctaque
548 1623 620 1658 ligna
642 1628 671 1651 et
694 1631 793 1657 aquam
814 1627 987 1658 comportare

199 1673 308 1708 (nempe
332 1670 472 1706 mysticam
497 1673 526 1697 et
551 1669 698 1696 salutarem
723 1669 815 1704 reipsa
839 1668 874 1696 de
893 1677 986 1701 cruce,

198 1717 287 1752 deque
310 1724 380 1751 aqua
395 1715 495 1742 divinae
512 1713 729 1749 regenerationis
746 1714 892 1749 mysticum
906 1719 934 1742 et
945 1722 988 1742 sa-

196 1763 314 1792 lutarem
334 1762 466 1789 virtutum
483 1759 608 1787 humeris
622 1759 800 1786 circumferre
816 1766 986 1793 sermonem;

196 1815 249 1836 nec
263 1816 318 1835 non
331 1806 430 1834 divinae
443 1813 523 1838 arcae,
540 1813 589 1840 per
600 1805 673 1840 piam
686 1804 777 1837 ﬁdem,
794 1804 881 1832 instar
897 1804 986 1840 ligno-

199 1861 272 1885 rum,
292 1852 409 1879 actionis
424 1851 535 1886 quidem
550 1851 636 1883 eultu,
649 1850 835 1878 membrorum
846 1857 908 1885 quae
922 1854 986 1877 sunt

200 1904 283 1931 super
302 1900 413 1928 terram,
430 1894 668 1924 mortiﬁcationem
690 1894 729 1926 ⁶⁸;
750 1901 799 1928 per
818 1893 986 1928 contempla-

198 1942 301 1970 tionem
320 1949 396 1974 vero,
416 1941 492 1968 velut
511 1947 621 1974 aquam,
638 1939 770 1974 spiritalis
786 1938 908 1966 scientiae
920 1938 985 1965 irri-

198 1993 265 2022 guos
281 1985 377 2013 latices
396 1982 627 2018 subministrare),
638 1982 787 2010 absurdum
804 1982 873 2009 nihil
891 1981 986 2014 fuerit,-

198 2037 246 2059 aut
262 2031 336 2066 quod
351 2030 502 2058 abhorrere
521 2036 536 2055 a
555 2029 658 2063 pietate
676 2027 827 2062 putandum
839 2027 885 2054 sit.

234 2077 298 2105 Sive
318 2077 402 2112 igitur
416 2074 550 2102 naturalis
563 2073 760 2108 speculationis
772 2073 903 2105 rationes,
914 2072 982 2106 sive,

198 2128 258 2156 qua
283 2129 332 2156 per
360 2120 440 2147 tidem
469 2119 557 2146 salute
580 2118 708 2149 donatur,
734 2118 856 2153 gentium
877 2123 983 2153 partem

198 2165 357 2194 Gabaonita:
376 2164 504 2200 ﬁgurent,
525 2163 606 2198 279
621 2171 682 2190 eum
696 2163 744 2197 qui
756 2163 868 2190 Judaice
883 2171 916 2190 ex
926 2163 983 2191 sola

198 2213 268 2248 legis
286 2212 378 2238 littera
396 2211 479 2237 vitam
492 2210 635 2237 instituere
656 2209 731 2241 velit,
747 2209 854 2236 hostem
871 2208 982 2242 habent,

198 2257 280 2291 eique
306 2255 453 2286 infensum,
475 2254 520 2281 cui
547 2253 620 2281 salus
647 2253 738 2280 dedita
762 2253 806 2280 sit.
829 2252 880 2285 Qui
909 2253 982 2280 enim

198 2300 284 2327 Deum
300 2303 425 2326 ventrem
451 2296 527 2324 ducit
547 2297 581 2328 ‘9,
599 2303 688 2330 eoque
708 2294 781 2330 quod
802 2295 900 2330 pudori
922 2303 985 2330 pro-

198 2349 304 2383 broque
327 2346 372 2379 sit,
398 2345 475 2373 velut
497 2344 600 2380 inclyto
620 2343 718 2371 decore
731 2342 863 2378 gloriatur
882 2351 913 2370 ac
931 2343 984 2370 sibi

197 2398 295 2433 placet,
313 2395 336 2422 is
351 2394 422 2422 solas
435 2393 578 2429 passiones
588 2391 747 2427 ignominia:
758 2391 862 2427 (turpes
881 2391 986 2419 scilicet

197 2449 368 2484 probrosque
383 2445 508 2481 aﬂ'eetus)
521 2445 561 2473 uti
576 2445 683 2472 divinas
699 2450 833 2479 propenso
848 2443 984 2471 sustinere

196 2502 278 2529 novit.
298 2500 433 2534 Quocirca
452 2498 535 2526 etiam
555 2497 614 2525 sola
633 2501 811 2531 temporanea
831 2495 983 2531 (materiam

196 2544 303 2572 scilicet
317 2548 346 2571 et
358 2543 487 2574 formam,
500 2547 689 2575 sensuumque
699 2546 809 2574 pravam
823 2539 911 2566 abusu
924 2539 985 2573 qui-

197 2590 240 2616 nis
259 2589 383 2624 partibus
397 2589 511 2616 scissam
531 2585 732 2622 operationem)
751 2585 825 2612 colit.
838 2585 886 2612 Illa
900 2584 983 2613 nimi-

197 2642 269 2667 rum,
288 2634 363 2661 velut
381 2633 515 2668 Rhesphae
533 2633 640 2668 pellicis
655 2632 757 2659 liberos
773 2639 780 2663 ;
801 2631 859 2658 hac
878 2634 979 2662 autem,

196 2684 226 2708 ut
243 2684 405 2715 contempta:
420 2679 482 2707 ﬁlia:
492 2678 624 2710 Merohes,
646 2681 769 2712 nepotes.
790 2677 892 2704 Sensus
905 2677 979 2703 enim

196 2726 315 2754 elaterii:
331 2731 359 2754 et
375 2725 469 2753 forma:
485 2723 645 2752 commistus
665 2723 864 2758 implexusque,
882 2726 978 2757 suopte

230 2817 254 2838 ⁸³
267 2817 349 2846 .Iosue
366 2826 403 2848 ut.
418 2818 435 2845 5
450 2824 524 2852 seqq.

564 2816 585 2832 “
597 2815 679 2843 Josue
698 2823 724 2847 ι,
738 2815 753 2843 5
767 2823 843 2850 seqq.
881 2815 902 2832 ⁸⁷
915 2815 997 2842 Josue
1010 2821 1036 2841 ιι
1063 2812 1106 2842 ἳ7.
1146 2814 1169 2830 ⁸⁸
1185 2813 1289 2842 Coloss.
1305 2821 1345 2848 ul,
1361 2813 1388 2842 5.

1044 213 1187 247 σωματικῇ
1203 211 1249 238 τοῦ
1266 213 1349 247 νόμου
1367 211 1487 247 λατρεία.
1507 211 1619 246 φυσικὸν
1635 211 1665 237 τὸ
1693 212 1828 246 παράπαν

1041 257 1142 284 δύναιτ’
1159 257 1192 284 ἂν
1222 257 1425 293 παραδέξασθαι
1454 258 1532 291 ιόγον
1563 257 1579 291 ἢ
1604 257 1736 291 λογισμόν
1752 264 1760 272 ·
1782 255 1828 282 ὅτι

1044 301 1110 337 μηδὲ
1126 302 1231 337 πέφυκε
1249 302 1347 328 ταυτὸν
1357 300 1427 329 εἶναι
1438 303 1470 337 τῇ
1486 302 1565 336 φύσει
1593 302 1627 328 τὰ
1651 301 1782 336 σύμϐολα.
1794 301 1827 328 El

1041 348 1069 374 δὲ
1080 348 1177 374 ταυτὸν
1190 349 1240 374 οὐκ
1251 348 1308 374 ἐστι
1323 349 1355 383 τῇ
1371 347 1451 381 φύσει
1465 348 1499 375 τὰ
1514 346 1646 382 σύμϐολα,
1658 347 1728 373 κατὰ
1745 346 1828 381 φύσιν

1041 393 1107 429 ὁρᾷν
1119 394 1172 420 τῶν
1182 394 1266 420 ὅντων
1273 394 1322 430 τὴν
1331 394 1456 430 γέννησιν
1466 394 1592 421 οὐδέποτε
1601 394 1710 420 δῦναται
1720 393 1824 428 σαφῶς,

1041 441 1055 465 ὀ
1069 441 1124 470 τοῖς
1136 440 1183 465 τοῦ
1199 440 1281 472 νόμου
1295 440 1439 475 συμϐόλοις
1455 440 1493 472 ὡς
1515 440 1702 476 πρωτοτύποις
1714 448 1830 475 προστε-

1041 485 1132 520 τηκὼς
1145 494 1152 500 ’
1168 488 1215 512 καὶ
1231 486 1275 512 δια
1289 486 1368 519 τοῦτο
1382 486 1544 521 παραλόγως
1562 488 1627 517 τοὺς
1654 485 1725 512 κατὰ
1745 485 1828 520 φύσιν

1041 531 1234 566 ἀποπέμπεται
1249 532 1345 566 λόγους
1359 541 1366 548 ·
1386 533 1422 568 μὴ
1439 524 1611 567 λογιζόμενος
1629 531 1698 567 (i2),
1716 532 1757 558 ὅτι
1773 531 1828 567 χρὴ

1041 577 1241 612 περιποιεῖσθαι
1254 578 1316 609 τοὺς
1329 578 1381 604 ὑπὸ
1389 577 1475 613 Ἰησοῦ
1496 577 1689 610 διασωθέντας,
1705 577 1777 612 ὑπὲρ
1790 575 1828 604 ὧν

1041 624 1088 650 καὶ
1103 623 1171 658 πρὸς
1187 624 1250 656 τοῦς
1272 624 1477 655 ὲπαναστάντας
1493 624 1584 653 αὐτοῖς
1598 624 1679 650 πέντε
1694 622 1826 658 βασιλεῖς,

1041 669 1087 696 τὸν
1100 669 1215 704 φοόεοδν
1233 671 1336 697 ἐκεῖνον
1352 670 1534 705 συνεκρότησε
1551 670 1666 705 πόλεμον
1679 677 1686 684 ·
1698 671 1726 696 ιν
1739 666 1762 704 ᾧ
1779 669 1828 696 καὶ

1040 715 1153 749 οὕρανὸς
1182 716 1262 747 αὐτὸς
1287 716 1356 743 κατὰ
1385 716 1438 742 τῶν
1457 716 1668 743 ἐπαναστάντων
1691 717 1747 747 τοῖς
1771 715 1791 741 Γ
1791 723 1825 742 α-

1041 760 1185 792 ϐαωνίταις
1193 760 1236 787 διὰ
1248 761 1330 788 λίθων
1341 761 1461 797 χαλάζης
1473 762 1511 797 τῷ
1525 761 1612 797 Ἰησοῦ
1627 761 1826 796 συνεμάχησεν

1041 804 1086 834 οὒς
1102 805 1166 831 κατέ
1173 814 1251 841 ςτηκε
1268 805 1428 841 ξυλοφόρους
1444 807 1491 833 καὶ
1506 806 1669 842 ὑδροφόρους
1686 806 1735 841 τῆς
1751 806 1827 838 θείας

1040 852 1140 886 σκηνῆς
1150 852 1349 886 (15),τουτέστι,
1359 853 1409 886 τῆς
1418 852 1460 879 διὰ
1468 853 1517 887 τῆς
1525 853 1629 887 σκηνῆς
1637 852 1826 887 προδιατυπω-

1042 896 1135 932 θείσης
1152 898 1232 930 ἁγίας
1253 897 1426 932 Ἐκκλησίας,
1437 899 1451 924 ό
1461 898 1611 933 σαρκωθεὶς
1635 898 1730 932 Λόγος.
1742 894 1825 927 Οὗτος

1039 939 1182 978 γὰρ,οὖτός
1188 943 1365 978 ἐστινἸησοῦς
1372 944 1386 969 ὁ
1396 944 1558 975 ἀποκτείνας
1565 943 1627 975 τοὺς
1634 945 1693 970 κατ’
1700 943 1826 979 αἴσθησιν

1038 989 1129 1020 αὐτοῖς
1152 990 1384 1024 ἐπανισταμένους
1410 990 1543 1024 ἐμπαθεῖς
1556 991 1673 1025 τρίπους
1688 989 1735 1016 καὶ
1751 989 1826 1024 λογι-

1039 1034 1134 1069 σμούς.
1153 1035 1208 1061 ’Λεὶ
1223 1034 1277 1070 γὰρ
1289 1035 1352 1067 τοὺς
1362 1035 1432 1062 κατὰ
1450 1035 1568 1070 φυσικὴν
1585 1035 1702 1070 θεωρίαν
1716 1035 1824 1069 λόγους,

1038 1080 1051 1106 ὁ
1068 1080 1115 1106 τοῦ
1140 1079 1208 1106 Θεοῦ
1237 1080 1323 1115 Λόγος
1341 1081 1445 1116 Ἰησοῦς
1477 1082 1672 1116 περιποιεῖται,
1692 1080 1825 1116 προκαθι-

1039 1126 1109 1152 στῶν
1124 1126 1207 1152 αὐτοῦ
1224 1127 1272 1162 τῆς
1290 1126 1365 1159 θείας
1378 1126 1432 1153 τῶν
1449 1126 1607 1162 μυστηρίων
1622 1127 1726 1162 σκηνῆς
1746 1126 1825 1160 ξυλο·

1039 1172 1138 1207 φόρους
1150 1172 1197 1199 καὶ
1213 1172 1377 1208 ὑδροφόρους
1394 1181 1401 1188 ·
1412 1171 1457 1199 οἷα
1483 1173 1516 1207 δὴ
1531 1173 1581 1207 τῆς
1604 1172 1754 1207 ἐξαπτικῆς
1776 1172 1825 1199 τοῦ

1039 1217 1178 1252 φωτισμοῦ
1193 1217 1266 1250 θείας
1287 1218 1414 1251 γνώσεως
1440 1218 1516 1252 ὕλης,
1539 1218 1586 1244 καὶ
1608 1217 1659 1250 τῆς
1690 1217 1826 1253 ρυπτικῆς

1038 1263 1092 1289 τῶν
1107 1263 1199 1290 παθῶν
1209 1263 1379 1300 καθάρσεως,
1394 1264 1500 1299 καὶτῆς
1513 1265 1542 1290 ἐν
1554 1264 1690 1298 πνεύματι
1704 1263 1826 1298 ξωτικῆς

1037 1309 1181 1341 διαδόσεως
1210 1310 1336 1345 ἀφορμῆς
1359 1310 1485 1345 χορηγός.
1503 1310 1622 1345 Φυσικῆς
1640 1310 1694 1345 γὰρ
1707 1309 1826 1345 θεωρίας

1038 1355 1133 1389 χωρὶς,
1167 1355 1195 1380 ὲν
1227 1355 1314 1381 οὐδενὶ
1348 1355 1408 1381 κατ’
1439 1355 1534 1382 οὐδένα
1565 1355 1666 1389 τρόπον
1698 1355 1826 1390 οὐδαμῶς

1040 1400 1231 1436 συντηρεῖσθαι
1246 1401 1351 1436 πέφυκε
1367 1401 1421 1428 τῶν
1440 1401 1624 1437 μυστηρίωνή
1641 1401 1769 1437 δύναμις.

1073 1488 1106 1515 Et
1119 1487 1147 1514 δὲ
1164 1487 1212 1515 καὶ
1224 1487 1407 1523 τὴνῈθνικὴν
1423 1489 1521 1524 μοῖραν
1531 1488 1658 1524 δηλοῦσιν
1669 1489 1694 1516 οί
1709 1489 1827 1517 Γαϐαω-

1038 1534 1109 1561 νῖται
1123 1534 1191 1569 (14),
1212 1534 1425 1570 προσχωροῦσαν
1447 1534 1486 1570 τῷ
1500 1534 1649 1571 κληροδότῃ
1663 1535 1719 1562 τῶν
1745 1535 1826 1563 θείων

1037 1580 1209 1614 ἐπαγγελιῶν
1241 1580 1327 1616 Ἰησοῦ
1356 1582 1403 1608 καὶ
1429 1581 1610 1617 σωζομένην’
1625 1582 1826 1619 διδασκομένην

1038 1635 1067 1653 τε
1080 1627 1237 1663 ξυλοφορεῖν
1261 1628 1309 1654 καὶ
1333 1628 1492 1663 ὑδροφορεῖν
1505 1637 1512 1644 ·
1530 1628 1671 1660 τουτέστιν
1692 1629 1738 1656 τὸν
1759 1630 1826 1664 περὶ

1038 1672 1157 1707 σταυροῦ
1174 1673 1221 1699 καὶ
1235 1674 1284 1708 τῆς
1298 1672 1331 1699 δι’
1345 1672 1441 1705 ὕδατος
1458 1673 1534 1705 θείας
1551 1673 1760 1709 ἀναγεννὴσεως
1776 1683 1824 1709 μυ-

1037 1716 1130 1744 στικὸν
1160 1717 1209 1743 καὶ
1232 1717 1365 1753 σωτήριον
1392 1718 1471 1752 λόγον
1491 1719 1652 1754 πρακτικῶς
1665 1720 1722 1751 τοῖς
1737 1719 1826 1755 ὤμοις

1036 1763 1091 1790 τῶν
1104 1763 1210 1798 ἀρετῶν
1225 1764 1395 1800 περιφέρειν,
1415 1764 1463 1791 καὶ
1482 1766 1611 1800 χορηγεῖν
1633 1767 1667 1801 τῇ
1691 1765 1752 1801 θείᾳ
1781 1774 1825 1792 κι-

1037 1807 1116 1843 ϐωαῷ
1131 1808 1182 1843 τῆς
1204 1808 1333 1841 εὐσεσοῦς
1354 1809 1481 1842 πίστεως,
1499 1809 1584 1842 ξύλων
1597 1810 1685 1846 δίκην,
1703 1811 1748 1838 διὰ
1773 1811 1824 1846 μὶν

1036 1855 1085 1890 τῆς
1097 1854 1261 1889 πρακτικῆς,
1272 1855 1326 1883 τῶν
1341 1855 1387 1882 ἐπὶ
1398 1856 1449 1890 γῆς
1467 1855 1556 1891 μελῶν
1580 1856 1630 1892 τὴν
1659 1857 1796 1892 νέκρωσιν
1810 1865 1820 1873 ·

1035 1899 1079 1926 διὰ
1094 1899 1210 1936 θεωρίας
1222 1900 1261 1932 δὲ,
1278 1900 1404 1937 καθάπερ
1414 1901 1487 1937 ὕδωρ
1509 1902 1560 1937 τὴν
1576 1902 1710 1938 ὲπιρροὴν
1727 1903 1778 1938 τῆς
1792 1903 1822 1930 ὲν

1036 1946 1172 1981 πνεύματι
1186 1946 1324 1980 γνώσεως,
1339 1948 1390 1974 οὐκ
1404 1947 1515 1980 ἄτοπον,
1527 1948 1587 1975 οὐδὲ
1607 1949 1656 1984 τῆς
1678 1948 1821 1982 εὐσεϐείας

1036 1991 1184 2028 ἀλλότριον.

1071 2078 1134 2106 Εἴτε
1149 2080 1217 2113 γοῦν
1230 2080 1292 2112 τοὺς
1305 2081 1377 2107 κατὰ
1387 2080 1436 2116 τὴν
1451 2089 1569 2117 φυσικην
1582 2081 1699 2117 θεωρίαν
1711 2082 1818 2118 λόγους,

1034 2126 1089 2152 sit:
1105 2125 1155 2160 τὴν
1191 2126 1346 2161 σωζομένην
1359 2126 1404 2153 διὰ
1428 2127 1545 2159 πίστεως
1569 2127 1666 2163 μερίδα
1694 2128 1750 2154 τῶν
1774 2127 1819 2154 ἐθ-

1001 2187 1022 2214 D
1034 2171 1087 2198 νῶν
1099 2170 1283 2207 προτυποὼιν
1296 2172 1321 2198 ot
1336 2172 1516 2205 Γαϐαωνῖται,
1536 2172 1582 2199 τὸν
1600 2173 1753 2205 Ἰουδαϊκῶς
1770 2173 1820 2208 ζῇν

1036 2217 1106 2244 κατὰ
1120 2217 1166 2243 τὸν
1187 2217 1216 2243 ὲν
1243 2217 1316 2253 μόνῳ
1329 2217 1367 2253 τῷ
1380 2218 1525 2253 γράμματι
1550 2219 1631 2253 νόμον
1659 2219 1821 2254 προῃρημέ-

1034 2272 1089 2295 νον,
1105 2263 1211 2299 ἔχουσιν
1226 2263 1331 2299 ἐχθρὸν,
1346 2265 1393 2290 καὶ
1406 2264 1453 2291 τοῦ
1466 2265 1619 2300 σωζομένου
1628 2265 1768 2300 πολέμιον.
1789 2265 1820 2291 '0

1034 2309 1089 2346 γὰρ
1115 2310 1182 2337 Θεὸν
1208 2311 1259 2346 τὴν
1281 2310 1385 2337 κοιλίαν
1406 2310 1566 2346 ἡγούμενος,
1583 2311 1631 2338 καὶ
1642 2311 1680 2343 ὡς
1694 2312 1742 2338 ἐπὶ
1754 2312 1819 2348 δόξῃ

1033 2358 1068 2392 τῇ
1085 2356 1202 2393 αἰσχύνῃ
1215 2356 1462 2392 καλλωπιζόμενος,
1481 2357 1568 2392 μόνων
1588 2355 1658 2385 οἶδεν
1680 2357 1718 2390 ὡς
1738 2357 1820 2385 θείων

1035 2401 1179 2436 ἀνέχεσθαι
1189 2401 1233 2428 διὰ
1246 2401 1363 2436 σπουδῆς
1375 2401 1429 2428 τῶν
1443 2402 1538 2429 παθῶν
1551 2402 1600 2438 τῆς
1616 2403 1729 2438 ἀτιμίας
1745 2411 1753 2418 ·
1771 2404 1821 2431 καὶ

1032 2446 1075 2473 διὰ
1089 2446 1168 2473 τοῦτο
1182 2446 1249 2482 μόνα
1262 2446 1390 2482 περιέπει¹
1410 2446 1446 2473 τὰ
1466 2447 1581 2482 χρονικὰ
1595 2455 1601 2462 ·
1618 2449 1752 2480 τουτέστι,
1768 2449 1820 2485 τὴν

1033 2491 1099 2527 ὕλην
1115 2491 1162 2518 καὶ
1186 2491 1214 2518 τὸ
1230 2489 1300 2523 εἶδος
1313 2491 1380 2527 (i5),
1396 2492 1443 2519 καὶ
1470 2491 1519 2527 τὴν
1548 2493 1618 2519 κατὰ
1643 2493 1822 2528 παράχρησιν

1032 2537 1188 2572 πενταπλῆν
1202 2538 1342 2573 ἐνέργειαν
1355 2537 1407 2564 τῶν
1422 2537 1584 2573 αἰσθήσεων.
1595 2538 1636 2565 Τὰ
1649 2538 1698 2573 μὲν
1709 2539 1748 2570 ὡς
1762 2539 1821 2566 Ῥε-

1033 2582 1103 2617 σφᾶς
1117 2582 1168 2618 τῆς
1180 2581 1321 2617 παλλακῆς
1335 2582 1418 2608 τέκνα
1431 2590 1439 2598 ⁸
1454 2583 1489 2609 τὰ
1515 2583 1554 2615 δὲ,
1569 2583 1607 2614 ὡς
1635 2583 1687 2617 γῆς
1717 2583 1820 2618 ἀτίμου

1034 2628 1168 2663 θυγατρὸς
1185 2627 1283 2662 ἔκγονα
1297 2628 1408 2663 Μερώΰ.
1428 2629 1467 2664 Τῇ
1483 2629 1536 2664 γὰρ
1556 2629 1606 2665 ’ύλῃ
1623 2629 1669 2656 καὶ
1687 2629 1724 2664 τῷ
1752 2629 1822 2656 εῖδει

1034 2674 1226 2708 συμπλακεῖσα
1239 2674 1310 2701 κατὰ
1328 2674 1401 2709 μίξιν
1417 2675 1434 2709 ὴ
1446 2674 1582 2709 αίσθησις,
1598 2674 1741 2701 ἀποτελεῖν
1769 2674 1821 2709 μὲν

1032 2720 1116 2751 πάθος
1130 2728 1137 2735 ·
1153 2720 1314 2748 ἀποκτενεῖν
1328 2719 1356 2746 δὲ
1370 2719 1418 2746 καὶ
1430 2719 1564 2746 συντελεῖν
1577 2721 1640 2752 τοὺς
1653 2719 1724 2746 κατὰ
1736 2720 1821 2754 φύσιν

1436 2814 1457 2830 ⁸⁹
1480 2813 1596 2849 Philipp.
1615 2821 1654 2847 In,
1671 2814 1713 2842 19.
