1933 3078
92 121 146 152 ’145

623 115 867 154 ΟΗᾸΞΞΤΙΟΝΕΞ
886 115 936 144 AD
959 114 1211 145 THALASSIUM.

1669 117 1721 148 ’146

92 178 200 212 πέφυκε
215 175 372 212 λογισμούς.
386 176 425 202 Οὐ
439 175 493 211 γὰρ
509 176 614 210 πέφυκε
627 175 710 202 πάθει
725 173 878 209 συνεμφαί-

945 172 1011 199 ‘enio
1025 175 1054 200 et
1072 172 1170 199 vilium
1185 172 1268 200 habet
1281 180 1387 208 parere,
1400 177 1425 201 et
1447 173 1587 202 naturales
1601 175 1722 203 rationes

92 223 188 250 νεσθαι
217 223 248 249 τὺ
271 222 402 256 παράπαν
416 220 524 255 φύσεως
534 220 613 254 λόγος
627 220 693 255 (lii),
707 219 803 254 ὥσπερ
818 218 881 245 οὔτε

92 268 175 303 φύσει
188 266 432 294 συναποτίκτεσθαι
447 265 517 292 κατὰ
528 265 577 301 τὴν
596 265 702 299 γένεσιν
713 264 810 295 πάθος.

130 355 235 382 οὐκοῦν
254 355 268 380 ὸ
286 353 367 389 μόνου
392 353 437 380 τοῦ
459 353 623 389 γράμματος
635 354 684 389 τῆς
698 353 808 390 Γραφῆς
820 354 883 380 ἀντ-

92 402 225 437 εχόμενος
241 401 313 428 κατὰ
324 400 369 427 τὸν
380 400 477 432 Σαοὺλ,
494 401 541 426 καὶ
554 401 616 432 τοὺς
631 400 703 426 κατὰ
718 400 800 435 φύσιν
816 400 884 426 ἀπο-

94 448 235 483 πέμπεται
250 447 356 481 λόγους,
372 446 419 473 καὶ
438 446 486 481 τὴν
499 446 638 480 μυστικῶς
654 446 884 482 προκεκηρυγμέ-

93 502 145 529 νην
161 494 216 520 τῶν
235 492 320 520 ὲθνῶν
340 493 370 520 οὐ
388 493 567 528 προσδέχεται
592 492 699 527 κλῆσιν,
716 492 785 528 πρὸς
801 492 885 528 μόνην

93 538 221 575 κεχηνὼς
239 539 311 566 κατὰ
334 539 415 574 νόμον
428 559 436 571 ,
454 538 492 570 ὡς
505 539 602 572 οἴεται,
628 539 677 573 τῆς
706 538 809 575 σαρκὸς
836 539 886 575 τὴν

95 586 259 612 ἀπόλαυσιν.
275 585 383 620 Ταύτης
397 584 444 612 οὖν
468 584 622 620 κρατούσης
635 585 690 611 τῶν
707 585 778 612 κατὰ
802 585 887 620 μόνην

95 632 146 666 τὴν
160 631 287 666 αἴσθησιν
301 630 410 662 ζώντων
423 630 490 665 (l7),
507 630 557 664 τῆς
572 630 643 657 κατὰ
661 630 744 665 νόμον
765 639 886 665 σωματι-

95 677 151 712 κῆς
160 677 317 709 διαθέσεως,
332 677 345 703 ὁ
356 676 436 712 λιμὸς
449 677 478 703 οὺ
495 676 678 703 διαδείκνυται
693 676 743 711 τῆς
757 675 833 708 θείας
858 677 888 702 ὲν

97 723 236 758 πνεύματι
260 723 397 757 γνώσεως.
425 723 512 758 Λιμὸς
527 723 581 757 γάρ
601 723 686 754 ἐστιν,
713 723 752 753 ὠς
769 723 886 757 ἀληθῶς,

97 769 219 803 ἔκλειψις
238 769 292 796 τῶν
312 769 373 796 κατ’
401 769 485 804 αὐτὴν
511 768 562 804 τὴν
591 769 689 804 πεῖραν
710 768 888 804 ἐγνωσμένων

94 815 220 850 ἀγαθῶν,
254 815 302 841 καὶ
318 815 438 853 ςᾲπορία
467 815 514 842 καί
540 815 638 846 σπάνις
661 815 799 850 παντελὴς
831 815 887 842 τῶν

934 216 1073 250 perimere
1091 220 1120 243 et
1138 224 1312 244 consumere.
1332 216 1410 244 Haud
1426 218 1501 244 enim
1521 222 1722 253 comparatum,

935 264 967 287 ut
991 267 1045 287 una
1066 267 1128 287 cum
1154 260 1232 292 vitio,
1252 264 1358 288 naturae
1384 261 1453 288 ratio
1474 262 1666 296 splendescat;
1682 263 1723 290 uti

935 313 1025 340 neque
1041 311 1072 333 ut
1085 314 1139 333 una
1158 314 1220 333 cum
1233 310 1340 338 natura,
1353 307 1450 334 vilium
1463 312 1555 335 ortum
1576 308 1688 336 habeat.

971 350 1024 384 Qui
1048 351 1132 386 igitur
1156 350 1246 378 Saulis
1269 358 1356 384 more,
1382 352 1433 379 soli
1459 352 1609 387 Scripturaa
1624 352 1724 381 littera:

935 396 1067 429 adhaeret,
1084 401 1142 424 tum
1161 396 1302 424 naturales
1321 397 1426 432 respuit
1440 395 1571 430 rationes,
1589 402 1645 426 lum
1657 398 1723 426 olim

936 442 1051 478 mystice
1068 441 1244 477 praedicatam
1258 442 1380 477 gentium
1406 443 1579 471 vocationem
1598 451 1654 471 non
1673 444 1723 472 ad-

936 488 1042 521 mittit;
1063 487 1114 515 soli
1135 487 1176 523 (ut
1197 487 1345 520 existimat)
1361 495 1395 515 ex
1411 487 1479 523 legis
1493 489 1599 516 ratione
1614 489 1724 516 inhians

936 533 1028 560 carnis
1047 532 1191 567 voluptati.
1211 531 1268 560 Hac
1285 532 1368 568 igitur
1379 532 1433 560 illis
1447 527 1609 568 imperante,
1624 535 1671 569 qui
1690 542 1722 562 ex

938 579 996 606 sola
1011 585 1109 606 sensus
1128 578 1233 605 ratione
1245 578 1352 612 vivunt,
1366 578 1466 606 divina:
1482 579 1511 606 in
1524 579 1623 614 Spiritu
1633 580 1708 608 scien
1723 600 1727 601 ν

938 623 983 651 tiae
998 623 1085 651 fames
1098 631 1154 651 non
1178 623 1314 658 proditur.
1340 624 1446 652 Revera
1465 625 1540 652 enim
1562 626 1648 653 fames
1671 631 1723 657 est.

938 677 1036 698 eorum
1065 669 1202 697 bonorum
1228 669 1364 702 defectus,
1387 678 1449 705 quae
1471 670 1531 705 ipsa
1555 671 1725 706 experientia

939 715 1048 750 cognita
1067 721 1141 748 sunt.
1163 720 1324 750 egestasque
1343 716 1463 750 undique
1482 724 1514 744 ac
1536 717 1651 752 penuria
1671 718 1727 752 spi-

940 761 1063 788 ritalium
1096 769 1238 792 escarum.
1265 769 1326 796 quae
1349 762 1556 789 consistentiam
1581 770 1613 789 ac
1642 760 1730 789 robur‘

941 807 1039 834 anima:
1058 807 1193 834 tribuunt.
1215 806 1274 840 Quo
1294 806 1370 834 enim
1391 807 1453 841 quis
1468 807 1550 835 modo
1568 807 1667 835 famem
1682 809 1726 835 ul-

94 862 146 896 τὴν
162 861 252 896 ψυχὴν
267 860 494 896 συγκρατούντων
511 860 705 895 πνευματικῶν
723 860 885 895 βρωμάτων.

945 859 1027 879 ,amve
1046 851 1181 886 iacturam
1199 850 1411 883 existimaverit,
1432 852 1507 886 quod
1525 851 1560 879 iis
1573 857 1666 880 careat
1679 853 1726 880 bo-

96 907 160 938 Πῶς
174 907 229 941 γὰρ
239 906 318 941 λιμὸν
329 906 462 941 ἡγήσεται
477 915 519 938 τις
531 906 546 942 ἢ
561 906 674 941 ζημίαν,
692 905 741 941 τὴν
753 906 808 933 τῶν
821 906 887 933 καθ-

95 953 172 985 άπαξ
191 953 265 987 αὐτῷ
282 951 415 987 μηδαμῶς
437 952 617 987 ἐγνωσμένων
631 951 793 987 ἀφαίρεσιν;
807 951 888 978 Ὅθεν

95 999 200 1031 ζῶντος
218 998 313 1029 Σαοὺλ,
336 997 366 1024 οὺ
389 998 493 1031 γίνεται
514 997 611 1032 λιμόςο
636 998 678 1024 ὅτι
700 997 767 1032 μηδὲ
782 997 888 1032 πέφυκε

95 1045 200 1078 ζῶντος
214 1043 261 1070 τοῦ
277 1043 348 1070 κατὰ
360 1043 441 1079 νόμον
454 1043 627 1079 γράμματος,
639 1043 687 1070 καὶ
702 1042 889 1078 βασιλεύοντος

95 1092 153 1118 τῶν
169 1090 268 1118 ὑλικῶν
280 1090 329 1125 τὴν
340 1090 458 1117 διάνοιαν
479 1089 625 1121 Ἰουδαίων,
639 1089 689 1124 τῆς
702 1089 889 1124 πνευματικῆς

95 1137 226 1171 γνώσεως
245 1136 443 1171 διαγνωσθῆναι
458 1135 506 1171 τὴν
524 1136 644 1163 ἔνδειαν·
662 1136 780 1171 ὁπηνίκα
797 1135 826 1162 δὲ
840 1136 889 1170 τῆς

97 1182 281 1217 εὐαγγελικῆς
300 1182 411 1217 χάριτος
428 1181 567 1218 διαλάμψῃ
591 1182 622 1209 τὸ
642 1181 733 1214 σέλας,
753 1182 800 1208 καὶ
819 1181 889 1218 λάϐῃ

96 1230 150 1264 τὴν
168 1228 306 1263 βασιλείαν
324 1227 378 1254 τῶν
395 1227 588 1262 πνευματικῶν
612 1227 661 1262 τὴν
675 1227 795 1254 διάνοιαν
809 1227 890 1254 Δαϐὶδ

96 1276 111 1301 ὁ
124 1273 317 1308 πανεύφημος,
335 1274 364 1305 ὃς
375 1274 448 1300 ἐστιν
462 1274 476 1300 6
490 1273 561 1300 κατὰ
577 1273 686 1308 πνεῦμα
710 1273 802 1308 νόμος,
822 1272 891 1308 μετὰ

96 1320 147 1346 τὸν
163 1319 277 1346 θάνατον
298 1320 395 1352 Σαοὺλ,
410 1320 496 1355 ἤγουν
514 1319 584 1354 μετὰ
597 1319 647 1354 τὴν
667 1318 713 1346 τοῦ
727 1320 891 1354 γράμματος

96 1366 232 1400 τελευτήν
247 1374 252 1380 ·
265 1365 446 1400 ἑρμηνεύεται
470 1365 524 1400 γὰρ
540 1365 554 1391 ὁ
568 1365 661 1398 Δαόὶδ,
678 1364 890 1398 ἐξουδένωσις,

97 1411 150 1436 καὶ
169 1409 294 1444 ἰσχυρὸς
313 1409 416 1444 ὁράσει
426 1419 432 1425 ·
445 1410 476 1436 τὸ
489 1409 605 1445 μὲνγὰρ
621 1409 729 1444 λέγεται
747 1410 809 1437 κατ’
824 1410 891 1437 Ἰου-

97 1456 194 1488 δαίους
205 1455 426 1487 πλεονεκτοῦντος
440 1455 470 1482 τὸ
478 1455 587 1490 πνεῦμα
597 1455 643 1482 τοῦ
652 1455 815 1492 γράμματος
825 1455 890 1490 (18)·

98 1503 131 1528 τὸ
143 1503 183 1534 δὲ,
197 1502 268 1528 κατὰ
278 1502 460 1537 Χριστιανοὺς
474 1501 720 1537 προσαγορεύεται,
732 1503 892 1538 νικήσαντος
906 1512 927 1540 C

101 1548 134 1575 τδ
146 1548 265 1584 γράμμα
283 1547 330 1575 τοῦ
350 1548 523 1583 πνεύματος·
541 1547 693 1583 τηνικαῦτα
716 1548 894 1582 διαγινώσκε-

101 1602 151 1620 ται
166 1593 216 1628 τῆς
230 1593 259 1618 ἐν
273 1592 407 1628 πνεύματι
422 1592 549 1627 γνώσεως
559 1594 573 1619 ὁ
586 1591 666 1628 λιμός
675 1600 681 1606 ·
696 1592 794 1624 κοινῶς
806 1592 855 1628 μὲν
865 1593 895 1619 ἐν

101 1638 144 1673 τῷ
163 1637 251 1672 πιστῷ
271 1637 349 1672 λαῷ,
374 1638 420 1664 καὶ
441 1639 475 1673 τῇ
490 1638 563 1673 ψυχῇ
577 1637 625 1664 τοῦ
638 1638 700 1664 καθ’
716 1638 831 1665 ἕκαστον
848 1638 895 1664 ιδι-

103 1684 174 1715 κὼς,
198 1684 262 1710 ὅταν
283 1683 333 1716 τῆς
348 1685 377 1710 ὲν
407 1683 542 1717 πνεύματι
559 1684 693 1719 μυστικῆς
708 1683 825 1718 θεωρίας
846 1683 896 1719 τὴν

105 1728 186 1760 ἐκτὸς
202 1729 422 1764 προφαινομένην
434 1728 480 1756 τοῦ
497 1729 663 1764 γράμματος
674 1727 818 1763 προκρίνει
830 1737 897 1762 προ-

105 1777 204 1811 ϐολήν·
222 1776 269 1803 καὶ
284 1773 340 1802 οἷον
355 1776 452 1808 εἰπεῖν,
467 1777 517 1811 τὴν
542 1775 630 1810 ψυχὴν
645 1775 695 1810 τῆς
711 1775 731 1800 Γ
733 1776 824 1810 ραφῆς
840 1775 896 1801 ἀτι-

107 1824 236 1859 μωτέραν
251 1824 365 1849 ποιεῖται
382 1822 429 1849 τοῦ
446 1821 571 1857 σώματος
593 1820 659 1857 (19).
681 1820 818 1856 Λιμώττει
842 1821 896 1856 γὰρ

105 1872 152 1897 ἐπ’
169 1870 298 1905 ἀληθείας
310 1871 364 1896 τῶν
378 1869 483 1896 πιστῶν
495 1871 541 1896 καὶ
556 1869 751 1903 ὲπεγνωκότων
766 1868 815 1904 τὴν
831 1869 897 1904 ἁλή-

106 1917 185 1943 θειαν
196 1917 210 1942 ὁ
223 1916 297 1948 λαὸς,
320 1916 367 1942 καὶ
382 1916 399 1951 ἡ
413 1915 486 1951 ψυχὴ
507 1915 554 1942 τοῦ
569 1915 630 1942 καθ’
646 1915 761 1942 ἕκαστον
773 1915 896 1949 ἀφεμένη

104 1963 157 1996 τῆς
167 1963 196 1987 ἐν
206 1963 238 1997 τῇ
251 1962 341 1996 χάριτι
357 1961 544 1996 πνευματικῆς
558 1960 687 1996 θεωρίας,
702 1960 750 1987 καὶ
763 1960 896 1995 γενομένη

105 2009 157 2043 τῆς
172 2008 292 2041 τυπικῆς
318 2008 346 2033 ἐν
360 2007 399 2042 τῷ
419 2007 562 2042 γράμματι
586 2006 718 2038 δουλείας,
734 2006 771 2041 μὴ
790 2005 898 2041 διατρέ-

106 2062 200 2088 (pauca.
215 2053 259 2078 τὸν
274 2053 336 2078 νοῦν
360 2054 420 2084 ταῖς
443 2052 499 2078 τῶν
522 2053 665 2087 νοημάτων
689 2052 896 2088 μεγαλονοΐαις⁶

105 2099 180 2128 ἀλλὰ
209 2098 350 2134 πληροῦσα
370 2098 418 2133 τὴν
444 2098 569 2133 αἴσθησιν
591 2098 729 2133 ὲμπαθοῦς
749 2099 898 2132 φαντασίας

103 2147 170 2176 ταῖς
187 2146 353 2180 σωματικαῖς
370 2144 424 2171 τῶν
441 2144 586 2178 γραφικῶν
602 2144 743 2179 συμϐόλων
762 2144 899 2171 διατυπώ-

107 2200 181 2218 σεσι.
197 2191 242 2216 Διὸ
255 2190 329 2221 θείας
337 2190 464 2224 γνώσεως
477 2190 594 2225 μάλιστα
609 2190 712 2224 γίνεται
723 2190 820 2224 λιμὸς,
831 2191 896 2224 τρίιι

105 2237 175 2270 ἔτη,
195 2236 330 2268 ἐνιαυτὸς
353 2236 497 2270 ἐχόμενος
525 2236 674 2263 ἐνιαυτοῦ.
692 2237 748 2268 Πᾶς
763 2237 817 2271 γὰρ
847 2236 897 2272 τὴν

106 2283 299 2318 πνευματικὴν
315 2283 361 2318 τῆς
375 2282 448 2313 θείας
465 2282 575 2317 Γραφῆς
592 2282 708 2317 θεωρίαν
728 2282 765 2318 μὴ
784 2284 896 2319 προσιέ-

938 896 991 928 nis,
1004 904 1065 931 quae
1077 904 1129 924 nec
1139 904 1251 931 prorsus
1269 896 1399 924 noverit?
1415 896 1599 930 Quamobrem
1615 898 1726 926 vivente

939 942 1020 970 Saule
1033 950 1089 970 non
1108 943 1242 978 contingit
1260 943 1365 976 fames;
1386 943 1460 978 quod
1479 938 1569 978 neque
1586 951 1726 979 compara-

941 994 998 1016 tum
1010 989 1046 1016 sit
1058 993 1099 1021 ut,
1111 990 1220 1017 vivente
1230 989 1406 1024 legislittera,
1423 997 1454 1018 ac
1467 989 1624 1017 Judmorum
1636 990 1726 1018 animo

940 1038 1114 1062 terrenorum
1133 1034 1302 1067 dominante,
1326 1034 1458 1069 spiritalis
1476 1035 1599 1063 scientiae
1612 1036 1726 1070 penuria

940 1079 1126 1115 dignoscatur.
1142 1080 1194 1108 Ubi
1205 1084 1298 1108 autem
1311 1081 1474 1116 evangelica;
1485 1081 1578 1116 gratiae
1588 1081 1669 1117 juhar
1684 1082 1727 1109 di—

940 1126 1027 1159 luxit;
1047 1134 1080 1154 ac
1091 1126 1260 1154 clarissimus
1272 1126 1369 1159 David,
1390 1126 1555 1161 spiritalium
1574 1130 1666 1154 mente
1683 1133 1727 1153 re-

941 1179 1025 1206 gnum
1048 1171 1195 1207 capessivit
1217 1172 1274 1208 (lex
1294 1172 1400 1199 scilicet
1418 1171 1561 1207 spiritalis)
1586 1172 1667 1200 Saule
1682 1180 1729 1199 ex-

941 1218 1062 1250 stincto;
1080 1222 1142 1252 post
1162 1221 1278 1245 mortem
1296 1217 1401 1245 scilicet
1419 1218 1519 1246 litterae
1532 1218 1627 1254 (David
1641 1218 1726 1248 enim.

941 1264 965 1291 si
985 1272 1087 1291 nomen
1105 1264 1306 1299 interpreteris,
1327 1265 1424 1299 spretio
1441 1270 1492 1297 est,
1514 1269 1543 1291 et
1560 1265 1616 1291 visu
1629 1265 1703 1299 fartis
1718 1272 1728 1292 :

942 1310 1016 1346 quod
1043 1310 1177 1342 alterum,
1204 1310 1362 1338 Judteorum
1383 1318 1466 1339 sensu
1491 1311 1610 1343 dicitur,
1637 1311 1729 1339 littera

942 1356 1068 1392 spiritum
1076 1356 1264 1391 opprimente;
1275 1356 1565 1389 alterum,Christiano
1573 1365 1649 1385 more
1657 1365 1730 1385 nun-

943 1408 1069 1439 cupatur,
1088 1405 1188 1439 spiritu
1209 1404 1329 1431 litteram
1355 1403 1492 1440 vincente)
1522 1408 1588 1432 tunc
1607 1405 1731 1433 scientiae

942 1445 972 1478 in
986 1449 1085 1485 spiritu
1100 1449 1186 1477 fames
1202 1449 1393 1485 dignoscitur:
1408 1451 1592 1478 communiter
1607 1450 1729 1485 quidem,

944 1495 972 1522 in
992 1494 1066 1522 ﬁdeli
1087 1495 1145 1530 ipso
1164 1496 1284 1530 populo;
1299 1495 1425 1531 privatim
1438 1501 1539 1529 autem,
1556 1497 1582 1523 in
1598 1497 1732 1532 cujusque

945 1540 1115 1575 singulorum
1143 1541 1244 1573 anima,
1274 1548 1337 1568 cum
1363 1541 1484 1576 mystica:
1504 1541 1532 1568 in
1548 1541 1646 1576 spiritu
1666 1549 1732 1568 con-

947 1585 1129 1619 templationi,
1149 1586 1270 1614 exterius
1291 1585 1494 1619 observantem,
1521 1587 1603 1621 280
1621 1587 1733 1621 primis-

945 1639 999 1666 que
1016 1632 1101 1659 radiis
1117 1633 1216 1663 lucem,
1230 1633 1365 1668 objectam
1380 1633 1501 1660 litteram
1519 1634 1671 1668 anteponit,
1693 1637 1731 1665 et,

946 1683 977 1706 ut
995 1679 1034 1706 sic
1051 1679 1159 1713 loquar,
1181 1678 1331 1713 Scripturie
1349 1680 1469 1706 animam
1489 1686 1605 1713 corpore
1624 1679 1732 1713 ignobi-

946 1724 1044 1752 liorem
1063 1724 1148 1751 ducit.
1166 1724 1248 1751 Plane
1267 1724 1341 1751 enim
1363 1724 1485 1751 ﬁdelium
1496 1725 1624 1759 populus,
1638 1733 1670 1752 ac
1685 1726 1733 1760 qui

946 1770 1058 1805 agnovit
1083 1770 1236 1801 veritatem,
1263 1769 1371 1802 esurit;
1387 1770 1519 1804 cujusque
1535 1770 1599 1797 item
1613 1770 1735 1805 singulo-

947 1824 1009 1843 rum
1036 1816 1139 1847 anima,
1169 1816 1285 1850 spiritali
1313 1816 1407 1850 gratia:
1438 1816 1668 1850 contemplatione
1693 1816 1735 1843 di~

947 1861 1045 1893 missa,
1066 1869 1098 1888 ac
1121 1862 1228 1896 ﬁgurali
1252 1862 1352 1889 littera:
1372 1862 1500 1889 servituti
1527 1862 1652 1894 addicta,
1673 1871 1734 1898 qua:

947 1907 1100 1943 magnificis
1125 1907 1209 1934 animi
1232 1911 1414 1942 conceptuum
1435 1908 1524 1935 sensis
1544 1913 1664 1935 mentem
1679 1917 1732 1935 non

947 1958 1066 1991 nutriat,
1092 1957 1141 1985 sed
1164 1948 1311 1984 libidinosa
1338 1957 1520 1991 cogitatione,
1548 1958 1735 1992 corporalibus

948 2004 1134 2040 symbolarum
1161 2003 1311 2037 Scriptum
1339 2003 1595 2034 inl'ormationibus,
1624 2011 1733 2030 sensum

948 2055 1061 2090 repleat.
1084 2055 1187 2082 Divina:
1210 2055 1302 2089 itaque
1319 2054 1440 2082 scientiae
1461 2055 1620 2089 comprimis
1632 2055 1734 2083 conﬂa-

949 2106 993 2128 tur
1010 2101 1103 2136 [ωηο-ς,
1118 2109 1201 2127 annos
1212 2105 1273 2132 tres,
1295 2108 1380 2127 annus
1396 2102 1467 2126 mino
1488 2101 1635 2127 continuus.
1653 2101 1734 2134 Quis-

949 2147 1011 2182 quis
1029 2147 1103 2174 enim
1123 2146 1273 2182 spiritalem
1301 2146 1451 2180 Scripturze
1474 2147 1733 2181 contemplationem

950 2201 1004 2220 non
1018 2192 1146 2224 admittit,
1163 2196 1219 2219 tum
1230 2193 1382 2219 naturalem
1395 2192 1550 2219 .ludaeorum
1563 2200 1638 2219 more
1649 2193 1734 2227 legem

952 2247 1006 2266 una
1023 2238 1138 2273 respuit,
1160 2243 1216 2265 tum
1234 2238 1327 2272 gratia:
1350 2237 1448 2272 legem,
1470 2245 1523 2272 qua
1548 2238 1602 2265 illis
1633 2238 1680 2272 qui
1704 2246 1735 2264 ea

949 2289 1078 2320 aguntur,
1093 2284 1232 2311 deiticatio
1245 2288 1401 2318 praestatur,
1422 2284 1547 2310 nescivit.

108 2340 204 2367 μενος,
219 2330 264 2356 τόν
283 2338 313 2356 τε
340 2330 453 2364 φυσικὸν
480 2329 566 2366 ταύτῃ
598 2331 668 2357 κατὰ
701 2332 764 2363 τοὺς
795 2332 937 2366 Ἰουδαίους
957 2333 1134 2359 συναπώσατο
1157 2333 1255 2367 νόμον·
1275 2333 1321 2359 καὶ
1351 2332 1398 2358 τὸν
1424 2333 1452 2357 ὲν
1478 2334 1511 2367 τῇ
1537 2331 1629 2366 χάριτι
1655 2332 1736 2366 νόμον

106 2377 241 2412 ἠγνόησε,
256 2375 317 2402 καθ’
330 2376 359 2402 ὃν
370 2376 469 2402 δίδοται
484 2377 539 2407 τοῖς
549 2375 608 2402 κατ’
626 2375 706 2402 αὑτὸν
723 2377 893 2414 ἀγομένοιςὴ
914 2378 1020 2409 θέωσις.

144 2424 253 2452 Οὐκοῦν
267 2424 377 2459 ὀΙλιμὸς
389 2424 443 2450 τῶν
462 2425 544 2460 τριῶν
564 2424 633 2450 ἑτῶν
651 2424 707 2459 (20)
721 2425 795 2459 δηλοῖ
810 2426 855 2452 τὸν
870 2427 896 2452 ἐν

105 2473 168 2502 τοῖς
184 2470 256 2506 τρισὶ
270 2470 373 2505 νόμοις,
388 2470 427 2505 τῷ
440 2479 468 2496 τε
484 2470 590 2505 φυσικῷ
608 2470 688 2501 λέγω,
712 2471 758 2496 καὶ
777 2470 816 2505 τῷ
833 2479 900 2506 γρα-

108 2518 184 2552 πτῷ,
200 2518 247 2543 καὶ
261 2516 299 2551 τῷ
313 2516 363 2551 τῆς
379 2517 498 2551 χάριτος,
514 2515 652 2550 ἀναλόγως
666 2516 773 2551 ἑκάστῳ
787 2517 900 2552 γενομέ-

107 2573 161 2599 νην
179 2565 228 2597 τῆς
242 2563 370 2597 γνώσεως
394 2562 506 2593 ἔνδειαν,
527 2563 582 2593 τοῖς
606 2562 655 2588 οὐκ
676 2562 900 2597 ἐπιμελουμένοις

107 2610 161 2644 τῆς
180 2608 269 2635 αὐτῶν
284 2609 353 2634 κατὰ
369 2608 418 2643 τὴν
430 2608 546 2644 θεωρίαν
568 2609 722 2642 ἀναγωγῆς.
746 2609 901 2644 Ἐπιμελεί-

107 2656 177 2682 εθαι
192 2656 245 2690 γὰρ
261 2654 399 2685 παντελῶς
414 2655 444 2680 οὐ
459 2655 568 2681 δύναται
587 2654 636 2688 τῆς
653 2655 705 2680 τῶν
717 2655 832 2689 Γραῳῶν
842 2656 902 2682 ἑπι-

110 2701 233 2736 στήμης,
247 2701 260 2726 ὁ
278 2700 340 2730 τοὺς
368 2700 416 2734 μὲν
432 2699 561 2732 φυσικοὺς
585 2699 640 2725 τῶν
668 2699 752 2725 ὄντων
769 2700 841 2726 κατὰ
853 2700 901 2735 τὴν

109 2748 232 2782 Θεωρίαν
247 2746 441 2780 ἀπωθούμενος
460 2746 554 2778 λόγους
566 2753 572 2760 ·
586 2746 762 2780 ἀντεχόμενος
774 2745 801 2772 δὲ
814 2746 902 2781 μόνων

109 2795 167 2822 τῶν
181 2793 283 2820 ὑλικῶν
302 2792 455 2826 συμϐόλων,
473 2792 519 2818 καὶ
534 2791 668 2827 μηδεμίαν
683 2792 774 2823 αὐτοῖς
787 2793 902 2819 ἐπινοῶν

110 2841 268 2876 ὀψηγορίαν
284 2839 484 2873 πνευματικήν.
512 2834 674 2873 Κρατούσης
688 2838 741 2873 γὰρ
759 2838 841 2873 μόνης
854 2839 904 2874 τῆς

274 2889 409 2918 ΡΑτιιοι..
434 2887 492 2918 Gn.
540 2887 605 2916 XC.

988 2426 1081 2452 Trium
1103 2432 1167 2459 ergo
1185 2432 1319 2452 annorum
1338 2424 1432 2456 fames,
1455 2424 1576 2451 scientiae
1594 2425 1735 2458 penuriam

953 2472 980 2499 in
1001 2472 1079 2499 tertia
1100 2478 1208 2505 quaque
1227 2471 1285 2505 lege
1307 2470 1444 2504 (naturali,
1468 2470 1568 2504 scripta
1587 2474 1615 2496 ct
1632 2470 1735 2505 gratim)

953 2526 1003 2553 pro
1024 2519 1157 2553 cujusque
1179 2517 1286 2544 ratione
1307 2517 1341 2543 iis
1360 2516 1504 2543 conﬂatam
1525 2516 1669 2551 signiﬁcat,
1691 2517 1736 2551 qui

953 2571 1047 2592 earum
1071 2562 1253 2590 institutionis
1282 2561 1484 2597 contemplandi
1511 2570 1625 2589 munere
1644 2571 1740 2589 sensu-

954 2618 1008 2645 que
1033 2609 1149 2645 spiritali
1179 2617 1272 2636 curam
1292 2617 1346 2636 non
1365 2613 1489 2643 egerunt.
1511 2609 1568 2636 Nec
1591 2609 1664 2635 enim
1685 2610 1740 2636 ullo

953 2657 1063 2691 penitus
1076 2655 1158 2682 modo
1170 2655 1371 2689 Scripturarum
1387 2655 1512 2689 peritiam
1528 2663 1626 2682 curare
1640 2660 1739 2690 potest.

954 2701 1000 2736 qui
1023 2700 1162 2727 naturales
1176 2707 1267 2727 rerum
1289 2700 1409 2726 rationes
1427 2699 1606 2734 contemplari
1625 2700 1740 2734 respuit,

953 2747 1073 2782 solisque
1089 2747 1207 2774 terrenis
1223 2746 1355 2782 symbolis
1372 2745 1493 2772 animum
1506 2745 1618 2775 addicit,
1634 2752 1684 2771 nec
1699 2745 1744 2771 ul-

954 2793 1009 2820 lam
1024 2794 1052 2819 in
1071 2793 1112 2820 eis
1131 2793 1263 2827 spiritalis
1277 2800 1375 2820 sensus
1391 2792 1588 2819 sublimitatem
1605 2791 1741 2825 intelligit.

954 2839 1082 2872 Quandiu
1104 2839 1177 2867 enim
1208 2839 1264 2866 sola
1292 2838 1496 2874 Scripturarum
1518 2837 1648 2864 historica
1671 2837 1744 2872 viget

1544 2883 1583 2914 2'4
