1933 3078
223 131 273 164 747

807 127 836 157 S.
858 127 1001 157 ΜΑΧΙΜΙ
1020 126 1274 158 CONFESSORIS

1794 127 1844 158 748

221 184 350 214 narratio.
374 183 491 211 necdum
519 182 683 209 cnducarum
711 185 1004 216 temporanearumque

1064 181 1231 216 ίστοριώδους
1254 181 1306 207 τῶν
1330 181 1445 216 Γραφῶν
1474 182 1637 217 ἀφηγήσεως
1663 180 1729 216 (Si),
1746 181 1776 207 τὸ
1791 181 1845 207 τῶν

221 239 313 259 rerum
331 234 449 265 potestas
463 236 495 255 ac
515 228 661 262 imperium
685 227 778 254 animo
801 227 941 259 decessit;
958 225 1006 253 sed

219 275 309 303 adhuc
325 273 447 302 defuncti
466 272 557 300 Saulis
575 272 656 300 liberi
673 276 755 307 atque
771 276 895 306 nepotes,
911 277 1007 298 omnes

219 329 333 349 numero
350 323 466 356 septem,
487 319 514 346 in
534 318 605 346 vivis
622 323 706 353 agunt
719 326 726 351 ;
739 316 891 352 corporalis
903 316 1009 343 scilicet

218 370 246 393 et
272 371 465 400 temporaneus
487 363 555 398 legis
574 363 674 395 cultus,
701 371 735 390 ex
762 370 817 397 quo
846 361 1008 397 voluptariis

220 410 387 443 hominibus,
408 417 458 445 pro
475 409 535 445 ejus
552 416 633 444 quam
651 408 760 436 reddidi
780 416 870 435 causae
889 408 1007 440 ratione,

219 457 366 485 libidinosa
384 456 497 484 conflari
516 455 628 483 affectio
646 455 725 487 solet,
742 454 845 482 erroris
855 454 1008 482 fomentum

220 503 334 535 habens,
348 507 470 538 apertam
484 502 522 537 vin
543 501 675 536 symbolis
698 500 827 536 praecepti
844 500 1007 536 iussionem.

219 549 297 577 llanc
313 548 442 576 existimo
457 555 580 579 causam,
592 554 644 574 cur
663 546 691 573 in
706 546 804 573 diebus
817 545 909 573 Saulis
923 545 1009 573 fames

217 607 273 626 non
289 598 392 631 fuerit;
408 598 462 625 hoc
474 601 527 629 est,
543 595 665 624 scientiae
678 596 808 631 spiritalis
823 595 938 630 penuria
954 602 1009 622 non

220 646 247 672 in
270 650 394 679 tempore
414 643 511 679 legalis
529 642 632 670 carnali
655 641 762 668 ratione
784 641 886 673 cultus,
908 640 956 667 sed
981 641 1009 667 in

221 697 344 725 tempore
358 684 463 724 gratiae:
477 687 631 715 innotuerit
648 696 655 713 :
672 695 721 721 per
737 686 822 721 quod,
836 686 887 713 nisi
901 693 1011 712 omnem

221 735 337 770 spiritali
355 742 438 762 sensu
458 733 627 768 Scripturam
648 732 846 767 acceperimus,
866 735 1010 766 postquam

221 781 319 808 litterae
348 779 506 807 dominatus
530 777 672 809 transivit,
709 777 822 804 omnino
857 776 1011 804 esurientes

221 826 306 852 fames
339 823 519 855 conlicimur,
556 822 604 858 qui
643 821 758 857 mystico
787 820 904 856 spiritali
934 820 1010 848 cultu

220 870 385 898 Christianis
405 876 527 904 congruo
551 873 633 903 atque
657 867 760 900 dedito,
785 867 898 894 minime
919 866 1009 901 potia-

222 924 293 943 mur.
315 915 365 944 Ubi
380 919 471 942 autem
486 913 596 942 Davidis
609 921 686 941 more
699 917 840 948 assumpto
854 920 948 944 sensu,
964 920 1011 939 cx-

221 962 400 997 quisierimus
425 961 522 988 faciem
549 959 670 992 Domini,
693 959 781 994 palam
799 958 951 990 discimus;
967 957 1011 984 id-

221 1008 294 1036 circo
305 1006 427 1035 scientiae
440 1006 556 1041 gratiam
566 1013 617 1032 nos
633 1005 768 1036 amisisse,
781 1003 854 1039 quod
871 1004 1011 1031 naturales

221 1054 300 1089 28],
317 1054 449 1085 rationes,
466 1052 569 1087 quibus
583 1051 665 1079 nobis
685 1051 719 1078 ad
740 1050 883 1086 mysticam
902 1049 930 1076 in
953 1049 1011 1084 spi-

222 1100 276 1127 ritu
294 1098 554 1133 contemplationem
575 1097 689 1133 gradum
706 1096 848 1128 faciamus,
860 1103 916 1122 non
933 1102 1011 1122 rece-

217 1146 323 1180 pimus,
344 1145 392 1172 sed
412 1142 508 1171 adhuc
522 1143 680 1178 corporales
703 1142 772 1178 legis
791 1141 889 1169 litterae
906 1140 1012 1176 cogita-

216 1192 314 1220 tiones
330 1189 532 1226 amplectimur.

257 1293 292 1321 Et
318 1291 437 1328 qttwsivit
462 1290 558 1322 David,
584 1288 685 1323 inquit,
708 1287 801 1322 faciem
826 1286 943 1313 Domini.
977 1284 1013 1312 Et

213 1340 288 1367 "dixit
301 1338 430 1366 Dominus
445 1345 454 1365 :
472 1335 558 1371 Super
576 1334 682 1361 domum
701 1332 790 1361 Saulis
815 1333 960 1368 injustitia,
983 1329 1031 1358 eo.

223 1386 291 1422 quod
303 1383 460 1419 interfecerit
474 1381 646 1410 Gabaonitas.
661 1379 748 1407 David
763 1384 815 1411 est,
833 1386 911 1406 mens
923 1378 1014 1405 omnis

211 1433 252 1460 *in
267 1432 377 1460 Christo
395 1429 552 1466 perspicax,
575 1435 637 1463 quas
660 1434 770 1461 semper
787 1425 885 1453 faciem
904 1425 1012 1452 Domini

225 1481 338 1513 quaerat.
357 1475 467 1503 Domini
483 1473 570 1502 facies
586 1478 639 1506 est,
653 1480 720 1500 vera
733 1472 888 1500 divinorum
902 1471 1013 1499 virtutis

1059 226 1236 262 προσ-χαίρων
1250 226 1298 252 καὶ
1322 227 1456 261 χρονικῶν
1475 227 1524 262 τῆς
1541 226 1660 258 διανοίας
1681 225 1730 252 οὐκ
1745 225 1846 260 ἁπεγέ-

1058 279 1118 297 νετο
1130 271 1228 306 κράτος
1239 278 1246 285 ·
1259 271 1317 297 ἀλλ’
1332 271 1371 298 ἔτι
1383 271 1450 303 ζῶσι
1465 271 1498 298 τὰ
1510 271 1593 298 τέκνα
1604 271 1651 297 τοῦ
1665 271 1847 302 ἀποθανόντες

1058 316 1155 349 Σαοὺλ,
1169 317 1216 343 καὶ
1226 316 1261 343 τὰ
1271 317 1379 351 ἔκγονα,
1399 317 1469 344 ἑπτὰ
1482 317 1546 344 ὄντα
1560 317 1606 344 τὸν
1620 317 1736 353 ἀριθμόν
1745 325 1753 333 ⁶
1771 325 1847 344 τουτ-

1059 363 1133 389 έστιν
1144 364 1160 398 ἡ
1175 364 1318 399 σωματικὴ
1328 364 1376 390 τοῦ
1387 364 1470 400 νόμου
1483 363 1595 400 λατρεία
1606 364 1652 390 καὶ
1665 364 1846 400 πρόσκαιρος,

1059 407 1087 441 ἐξ
1104 404 1138 444 ἧς
1157 409 1174 444 ἡ
1189 409 1316 445 ἐμπαθὴς
1331 409 1427 436 εἴωθεν
1444 409 1644 442 ἀπογεννᾶσθαι
1660 411 1717 441 τοῖς
1732 408 1848 443 φιλοσω-

1060 455 1158 490 μάτοις
1175 456 1246 483 κατὰ
1262 456 1313 491 τὴν
1329 455 1507 483 ἀποδοθεῖσαν
1528 455 1617 483 αἰτίαν
1642 455 1771 488 διάθεσις,
1789 455 1848 482 επί-

1059 510 1157 537 κουρον
1171 501 1268 537 ἔχουσα
1278 502 1327 538 τῆς
1340 502 1444 538 πλάνης
1458 502 1507 537 τὴν
1522 502 1654 538 πρόδηλον
1666 502 1695 529 ὲν
1705 504 1762 534 τοῖς
1778 511 1851 537 συμ-

1059 548 1149 580 ϐόλοις
1172 548 1315 584 διαταγήν.
1340 549 1389 576 Διὰ
1414 548 1515 583 ταύτην
1531 546 1608 584 οἶμαι
1624 549 1673 584 τὴν
1701 548 1791 575 αἰτίαν
1814 548 1852 584 μὴ

1060 595 1183 629 γίνεσθαι
1200 594 1278 630 λιμὸν
1302 595 1331 621 ὲν
1346 596 1406 626 ταῖς
1422 595 1540 631 ἡμέραις
1553 595 1640 621 Σαούλ
1654 603 1661 610 ⁸
1690 595 1832 621 τουτέστιν
1842 615 1850 628 ,

1060 641 1089 667 ὲν
1103 640 1142 675 τῷ
1167 641 1255 676 χρόνῳ
1283 641 1332 675 τῆς
1349 642 1464 675 νομικῆς
1495 642 1564 668 κατὰ
1594 642 1681 675 σάρκα
1701 641 1830 677 λατρείας
1843 660 1850 672 ,

1060 687 1109 722 τὴν
1121 687 1224 714 ἔνδειαν
1244 687 1281 723 μὴ
1303 687 1502 723 διαγνωσθῆναι
1516 688 1566 723 τῆς
1579 689 1607 714 ὲν
1620 688 1755 723 πνεύματι
1777 687 1852 722 γνὼ-

1062 741 1131 764 σεως
1141 741 1147 747 ·
1175 733 1233 759 ἀλλ’
1248 734 1276 759 ὲν
1290 733 1328 769 τῷ
1346 734 1434 769 χρόνῳ
1448 734 1499 768 τῆς
1514 734 1696 769 εὐαγγελικῆς
1720 734 1832 769 χάριτος
1843 743 1850 749 ·

1062 779 1122 806 καθ’
1137 779 1177 810 ὃν,
1192 780 1257 806 ὅταν
1273 779 1310 815 μὴ
1336 780 1427 807 πᾶσαν
1452 780 1645 815 πνευματικῶς
1668 780 1717 815 τὴν
1737 781 1853 815 Γραφὴν

1062 825 1287 861 ὲκλαμϐάνωμεν,
1310 827 1378 861 μετὰ
1394 827 1443 861 τὴν
1459 826 1574 862 πάροδον
1590 826 1640 862 τῆς
1654 826 1702 853 τοῦ
1718 827 1855 861 γράμμα-

1061 880 1107 903 τος
1129 872 1297 904 δυναστείας,
1320 872 1490 908 λιμώττομεν
1515 873 1635 905 πάντως,
1656 873 1706 908 τῆς
1720 873 1855 908 Χριστια-

1061 919 1116 950 νοῖς
1131 919 1289 954 πρεπούσης
1304 920 1439 954 μυστικῆς
1453 919 1524 946 κατὰ
1541 919 1649 955 πνεῦμα
1663 919 1791 955 λατρείας
1803 919 1855 945 οὐκ

1061 965 1254 998 ἀπολαύοντες.
1283 965 1368 992 Ἐπὰν
1382 965 1410 992 δὲ
1436 966 1564 998 λαϐόντες
1578 965 1702 1001 αἴσθησιν
1718 965 1790 992 κατὰ
1807 965 1856 992 τδν

1061 1011 1153 1044 Δασὶδ,
1167 1010 1331 1047 ζητήσωμεν
1349 1012 1379 1038 τὺ
1400 1012 1545 1047 πρόσωπον
1567 1012 1669 1047 Κυρίου
1686 1011 1741 1047 (22)
1752 1033 1758 1044 ,
1775 1012 1854 1039 διδα-

1063 1058 1185 1093 σκόμεθα
1214 1058 1317 1093 σαφῶς,
1337 1059 1378 1085 ότι
1404 1059 1448 1085 διὰ
1461 1058 1492 1085 τὸ
1508 1059 1544 1094 μὴ
1567 1059 1770 1093 παραδέξασθαι
1787 1059 1855 1090 τοὺς

1063 1104 1133 1131 κατὰ
1155 1104 1237 1139 φύσιν
1254 1104 1350 1137 λόγους
1361 1105 1429 1140 πρὸς
1444 1105 1569 1132 ἐπίϐασιν
1586 1105 1635 1140 τῆς
1666 1106 1695 1131 ὲν
1713 1105 1855 1140 πνεύματι

1065 1152 1200 1186 μυστικῆς
1211 1150 1337 1186 θεωρίας,
1352 1151 1410 1178 ἀλλ’
1425 1151 1464 1178 ἔτι
1475 1151 1529 1178 τῶν
1544 1152 1573 1177 ὲν
1590 1151 1629 1186 τῷ
1644 1151 1788 1187 γράμματι
1807 1152 1855 1179 τοῦ

1062 1197 1145 1232 νόμου
1172 1197 1336 1232 σωματικῶν
1359 1197 1520 1234 ἀντέχεσθαι
1547 1197 1696 1234 λογισμῶν,
1727 1199 1744 1233 ἡ
1770 1199 1857 1234 χάρις

1063 1243 1188 1280 ἀφῃρέθη
1205 1244 1254 1279 τῆς
1269 1245 1405 1278 γνώσεως.

1100 1290 1154 1317 Καί
1170 1290 1306 1324 ἐζήτησε,
1319 1290 1397 1325 φησὶ,
1408 1290 1497 1317 Δαϐίδ
1509 1291 1541 1317 τὸ
1555 1291 1718 1325 πρόσωπον
1730 1293 1857 1325 Κυρίου.

1063 1337 1118 1364 Kal
1130 1335 1195 1364 εἷπε
1210 1337 1331 1371 Κύριος⁸
1354 1336 1416 1362 Ἐπί
1431 1337 1484 1363 τὸν
1497 1335 1582 1364 οἶκον
1596 1337 1696 1364 Σαοὺλ
1711 1338 1729 1371 ἠ
1741 1338 1857 1370 ἀδικία,

1064 1382 1129 1416 περὶ
1144 1381 1179 1410 οὗ
1190 1382 1361 1410 ἐθανάτωσε
1376 1382 1447 1415 τοὺς
1463 1383 1665 1416 Γαϐαωνίτας.
1686 1384 1767 1410 Δαὸίδ
1782 1384 1858 1417 ἐστι,

1064 1429 1118 1460 πᾶς
1135 1427 1196 1460 νοῦς
1210 1427 1282 1454 κατὰ
1295 1428 1412 1463 Χριστὸν
1425 1428 1578 1463 διορατικὸς
1600 1428 1666 1463 (25),
1689 1429 1732 1455 ἀεὶ
1761 1429 1858 1464 ζητῶν

1063 1474 1093 1500 τὺ
1105 1474 1249 1509 πρόσωπον
1263 1473 1376 1508 Κυρίου.
1395 1473 1544 1510 Πρόσωπον
1559 1473 1588 1501 δὲ
1604 1474 1706 1509 Κυρίου
1719 1475 1859 1511 καθέστη-

218 1530 338 1552 munere
351 1520 547 1555 contemplatio
558 1518 740 1553 scientiaque,
751 1525 834 1553 quam
845 1517 891 1552 qui
903 1516 1011 1552 quarrit,

1064 1528 1111 1546 κεν
1127 1520 1144 1555 ὴ
1161 1519 1232 1547 κατὰ
1257 1519 1305 1555 τὴν
1329 1519 1429 1556 ἀρετὴν
1455 1519 1510 1546 τῶν
1535 1519 1616 1546 θείων
1633 1520 1734 1555 ἀληθὴς
1751 1520 1861 1556 θεωρία

224 1578 335 1599 causam
348 1568 464 1596 docetur
480 1567 539 1603 ejus
557 1566 715 1602 indigentia:
730 1573 761 1593 ac
773 1565 914 1600 penuriae;
932 1565 1014 1601 jube-

226 1621 326 1651 turque
335 1615 405 1642 duos
416 1613 506 1641 Saulis
520 1612 590 1640 filios
606 1619 638 1639 ex
659 1611 794 1646 thcspha
804 1612 902 1647 pellice
919 1611 1013 1639 subla-

214 1668 278 1694 'tos,
295 1660 355 1688 neci
370 1658 489 1691 tradere,
514 1662 542 1685 et
563 1657 687 1692 quinque
707 1656 778 1684 filios
797 1656 932 1688 Merobes,
954 1657 1014 1692 ejus

209 1703 214 1707 ”
227 1708 296 1735 filim.
307 1705 371 1734 Saul
385 1709 436 1737 est,
453 1704 493 1732 uti
508 1703 644 1736 dicebam,
656 1701 801 1738 expetibilis
813 1702 942 1737 infernus,
956 1701 1014 1729 sive

226 1751 377 1789 ignorantia
386 1749 575 1777 desiderabilis.
585 1749 677 1776 Palam
689 1748 762 1776 enim
771 1747 926 1775 desiderata
937 1747 1015 1783 igno-

227 1798 315 1826 rantia
337 1800 390 1828 est,
414 1795 482 1831 legis
501 1795 604 1827 littera,
628 1802 728 1829 nempe
749 1794 900 1829 corporalis
918 1793 1015 1829 legalis

227 1844 318 1872 cultus
337 1842 506 1874 dominatus,
527 1840 600 1876 quod
624 1840 730 1867 scilicet
757 1839 826 1875 legis
850 1847 1014 1874 corporeum

227 1892 270 1916 est
284 1896 292 1920 ς
315 1887 372 1914 sive
386 1881 475 1918 mens,
489 1893 549 1920 quae
564 1885 649 1912 solam
666 1891 748 1911 sensu
760 1884 860 1911 litterae
872 1883 1014 1910 materiam

227 1933 409 1969 corporaliter
426 1931 608 1967 amplectatur
624 1930 749 1967 aqcolat.
769 1929 897 1964 Rhespha
911 1933 1013 1962 autem,

228 1988 277 2016 pro
288 1980 348 2015 ejus
362 1977 482 2006 nominis
491 1977 645 2009 notatione,
657 1977 709 2003 oris
719 1984 810 2003 cursus
822 1980 862 2003 est
875 1984 882 2009 ;
896 1975 954 2010 ipsa
970 1976 1015 2002 ni-

225 2027 328 2054 mirum
345 2024 412 2060 legis
429 2023 565 2056 doctrina,
585 2022 736 2050 secundum
759 2021 833 2056 quod
856 2021 932 2049 nudo
955 2028 1014 2049 ser-

228 2080 308 2101 mone
333 2070 483 2106 profertur.
500 2068 570 2096 Vere
584 2067 687 2095 etenim
701 2067 758 2094 oris
778 2074 900 2099 cursum,
911 2071 945 2094 τοι
959 2075 1015 2094 non

227 2117 339 2148 mentis,
360 2115 454 2146 habet,
477 2113 524 2148 qui
544 2120 559 2139 a
575 2112 692 2147 spiritali
702 2112 770 2148 legis
783 2112 1014 2147 contemplatione

225 2163 335 2189 alienus
347 2165 398 2187 est.
418 2159 503 2187 Porro
520 2157 656 2192 Rllesphaa
668 2158 726 2192 filii,
743 2159 888 2186 Ermonthi
909 2163 974 2186 sunt
987 2163 1016 2186 et

1063 1564 1112 1591 καὶ
1137 1564 1247 1598 γνῶσις,
1263 1565 1297 1600 ἣν
1323 1563 1413 1599 ζητῶν
1431 1564 1586 1592 διδάσκεται
1613 1565 1662 1601 τὴν
1690 1565 1779 1593 αἰτίαν
1807 1567 1861 1602 τῆς

1064 1610 1125 1636 κατ’
1140 1609 1225 1645 αὐτὴν
1239 1609 1340 1640 ἐνδείας
1358 1610 1405 1636 καὶ
1420 1610 1537 1645 ἀπορίας
1550 1618 1557 1625 ⁵
1571 1611 1618 1637 καὶ
1635 1611 1776 1638 κελεύεται
1789 1611 1860 1639 δοῦ-

1063 1664 1108 1683 ναι
1124 1656 1193 1691 πρὸς
1208 1655 1321 1682 θάνατον
1337 1656 1400 1688 τοὺς
1409 1656 1454 1682 δύο
1480 1657 1555 1688 υἱοὺς
1572 1657 1668 1689 Σαοὺλ,
1682 1658 1745 1689 τοὺς
1757 1658 1788 1683 ἐκ
1806 1658 1860 1693 τῆς

1064 1701 1227 1734 παλλακίδος
1252 1702 1383 1736 Ῥεσφᾶς,
1397 1702 1444 1728 καὶ
1460 1703 1523 1734 τοὺς
1542 1702 1624 1729 πέντε
1643 1703 1691 1737 τῆς
1703 1703 1785 1730 αὑτοῦ
1808 1703 1861 1730 Θυ-

1063 1748 1164 1782 γατρὸς
1180 1746 1282 1782 Μερὼὸ
1297 1747 1380 1778 υἱούς.
1393 1747 1478 1774 Σαούλ
1491 1747 1562 1780 ἐστι,
1582 1747 1674 1780 καθὼς
1684 1748 1761 1783 ἔφην,
1774 1750 1861 1784 αἰτη-

1063 1791 1116 1824 τὸς
1128 1791 1215 1825 ᾅδης,
1231 1791 1315 1827 ἤγουν
1329 1791 1435 1826 ἄγνοια
1446 1792 1573 1826 ποθητή.
1593 1794 1753 1829 Ποθουμένη
1765 1794 1792 1820 δὲ
1809 1803 1861 1822 σα-

1065 1838 1122 1872 φῶς
1133 1838 1208 1864 ἐστιν
1222 1839 1319 1872 ἄγνοια
1334 1838 1401 1874 (24),
1418 1838 1449 1865 τὸ
1461 1839 1579 1874 γράμμα
1590 1839 1620 1866 τδ
1634 1840 1758 1875 νομικὸν,
1772 1841 1860 1875 ἤγουν

1065 1883 1095 1910 τὸ
1111 1884 1267 1919 σωματικὸν
1292 1884 1341 1920 τῆς
1363 1884 1393 1911 ὲν
1409 1884 1484 1920 νόμῳ
1502 1885 1631 1921 λατρείας
1655 1887 1768 1922 κράτος,
1786 1887 1859 1922 ὅπερ

1065 1929 1124 1956 ἐστὶ
1139 1929 1170 1956 τὸ
1184 1929 1231 1956 τοῦ
1248 1929 1330 1965 νόμου
1342 1931 1499 1964 σωματικόν
1511 1938 1519 1947 ο
1530 1930 1546 1966 ἢ
1559 1931 1620 1963 νοῦς
1640 1932 1728 1967 μόνης
1742 1933 1805 1959 κατ’
1815 1934 1860 1960 al-

1066 1974 1162 2010 σθησιν
1174 1975 1353 2011 ἀντεχόμενος
1371 1976 1535 2012 σωματικῶς
1551 1976 1600 2012 τῆς
1619 1977 1686 2013 ὕλης
1701 1979 1748 2005 τοῦ
1765 1979 1858 2014 γράμ-

1066 2029 1162 2056 ματος.
1180 2022 1283 2058 Ῥεσφὰ
1297 2023 1326 2050 δὲ
1342 2023 1411 2056 ὲστι,
1434 2024 1505 2051 κατὰ
1525 2024 1574 2060 τὴν
1590 2024 1674 2061 αὐτῆς
1694 2026 1856 2062 ἑρμηνείαν,

1065 2067 1175 2103 δρόμος
1190 2069 1350 2104 στὸματος,
1361 2070 1430 2105 ὅπερ
1443 2071 1516 2098 ἐστὶν
1529 2071 1546 2106 ἢ
1563 2070 1609 2097 τοῦ
1626 2072 1710 2107 νόμου
1724 2073 1796 2100 κατὰ
1810 2074 1858 2108 μό-

1065 2121 1115 2148 νην
1129 2113 1179 2148 τὴν
1206 2114 1235 2140 ὲν
1254 2113 1326 2149 λόγῳ
1352 2115 1494 2150 προφορὰν
1519 2115 1682 2151 ἐκμάθησις.
1710 2117 1857 2152 Δρόμονδὲ

1065 2158 1173 2193 ἀληθῶς
1187 2158 1243 2194 ἔχει
1257 2159 1400 2195 στόματος,
1418 2160 1476 2186 ἀλλ’
1491 2160 1521 2187 οὐ
1533 2161 1663 2194 διανοίας,
1680 2162 1693 2188 ό
1708 2162 1759 2198 τῆς
1774 2171 1857 2190 πνευ-

230 2205 459 2241 Memphibosthe.
482 2205 532 2232 Est
554 2208 645 2232 autem
669 2204 824 2235 Ermonthi,
840 2213 929 2231 eorum
945 2213 1012 2232 ana-

1069 2205 1187 2239 ματικῆς
1203 2204 1249 2231 τοῦ
1266 2205 1349 2240 νόμου
1376 2205 1494 2241 θεωρίας
1509 2207 1658 2243 ἀλλότριος.
1686 2208 1748 2235 Υἱοὶ
1763 2208 1792 2235 δὲ
1809 2209 1857 2243 τῆς

229 2254 327 2283 thema,
346 2251 418 2286 quod
438 2254 481 2278 est
500 2254 613 2286 peccato
632 2249 728 2277 inclita
748 2250 873 2285 corporis
890 2251 951 2278 labe
973 2251 1015 2277 νίς

229 2299 329 2326 tiorum
347 2298 446 2326 effectu
466 2296 628 2331 corruptio;
651 2295 695 2324 vel
715 2295 791 2323 locus
811 2295 942 2332 (mundus
961 2297 1015 2324 sci-

228 2343 301 2380 licet)
324 2343 352 2371 in
369 2350 424 2378 quo
449 2341 552 2369 inﬂicta
576 2340 804 2376 transgressionis
829 2341 925 2372 multa,
952 2348 1016 2369 reus

228 2390 341 2425 punitus
358 2393 400 2416 est
415 2397 422 2422 ;
449 2388 506 2415 sive
524 2386 671 2414 libidinosa
695 2386 779 2413 animi
795 2394 858 2422 erga
883 2387 1015 2414 mundum

227 2435 379 2464 all‘cctioac
389 2433 564 2462 necessitudo
580 2435 645 2459 :aut
660 2432 773 2459 forsitan
789 2436 914 2460 terrenus
926 2432 1016 2460 defor-

227 2481 333 2516 misquc
357 2485 443 2515 atque
462 2477 589 2506 informis
612 2477 742 2505 vitiorum
762 2483 863 2505 motus.
879 2478 1015 2514 Memphi-

227 2527 324 2555 bosthe
351 2530 454 2559 autem,
478 2525 562 2561 pudor
577 2525 694 2559 corporis
708 2532 807 2556 eorum,
827 2524 901 2559 quod
913 2530 955 2552 est
971 2524 1014 2551 in-

227 2572 361 2600 naturalis
376 2571 459 2599 animi
479 2571 553 2598 circa
570 2569 714 2597 libidinem
732 2569 885 2604 vitiumque
903 2574 1012 2603 motus;

223 2615 356 2650 cogitatio
366 2614 496 2642 nimirum
507 2614 669 2641 libidinosos
679 2613 794 2641 affectus
805 2614 927 2648 vitiaque
937 2614 1015 2641 adin-

228 2662 364 2689 vcniens:
390 2664 437 2687 aut
459 2660 529 2687 forte
554 2659 645 2686 δινευίί
667 2667 699 2686 ac
716 2659 840 2694 corporis
851 2667 949 2686 amans
970 2668 1015 2687 ra~

229 2708 332 2736 tionum
346 2706 497 2733 meditatio.
513 2705 567 2733 Aut
582 2712 703 2737 rursum,
721 2712 780 2739 quae
798 2705 945 2732 affectibus
959 2705 1015 2732 for-

226 2761 298 2780 mam
317 2751 434 2784 inducit,
453 2751 684 2786 libidinosamque
699 2751 933 2785 pulchritudinem
949 2760 1013 2779 sen-

225 2800 267 2827 sui
281 2802 477 2833 comparatam,
493 2797 594 2824 mentis
610 2797 721 2832 agitatio
739 2797 850 2833 efﬁngit.
872 2797 928 2824 llos
938 2798 1012 2825 enim

224 2845 231 2871 Ι
245 2845 336 2876 heros,
356 2851 390 2871 cx
408 2842 534 2870 doctrina
551 2849 612 2877 quae
633 2842 690 2870 sola
705 2843 842 2870 sermonis
857 2843 1013 2878 prolatione

1073 2249 1191 2284 Ῥεσφᾶς
1222 2250 1400 2286 ὑπάρχουσιν,
1426 2252 1556 2287 Ἐρμονθὶ
1586 2253 1633 2280 καὶ
1663 2254 1856 2289 Μεμφιϐοσθέ.

1073 2295 1200 2331 Ἐρμονθῖ
1219 2296 1246 2323 δέ
1272 2297 1357 2330 ἐστιν,
1384 2297 1517 2332 ἀνάθεμα
1531 2298 1640 2331 αὐτῶν,
1662 2300 1732 2335 ὅπερ
1752 2301 1855 2335 ἐστὶνή

1067 2342 1130 2368 καθ’
1143 2342 1281 2378 ἁμαρτίαν
1297 2343 1342 2370 διὰ
1364 2343 1490 2379 σώματος
1509 2343 1596 2380 φθορὰ
1616 2346 1666 2380 τῆς
1693 2345 1747 2371 τῶν
1763 2346 1856 2372 παθῶν

1067 2388 1207 2423 ἐνεργείας
1218 2397 1224 2404 ·
1240 2389 1256 2425 ἢ
1270 2390 1384 2423 ότόπος,
1403 2391 1542 2417 τουτέστιν
1560 2392 1574 2417 ὁ
1594 2391 1708 2426 κόσμος,
1727 2393 1756 2418 ὲν
1807 2393 1856 2426 τῆς

1067 2435 1249 2470 παραϐάσεως
1268 2436 1344 2472 ἐδόθη
1358 2436 1388 2462 τὸ
1409 2437 1564 2471 ἐπιτίμιον·
1582 2437 1666 2472 ἤγουν
1681 2439 1697 2472 ἡ
1721 2439 1785 2464 καθ’
1797 2439 1856 2474 ἡδο-

1067 2481 1115 2516 νὴν
1129 2481 1198 2516 πρὸς
1214 2481 1259 2508 τὸν
1273 2482 1375 2516 κόσμον
1396 2482 1549 2514 ἐνδιάθετος
1573 2482 1664 2518 σχέσις
1726 2484 1818 2519 τυχὸν,
1840 2485 1855 2519 ή

1067 2525 1200 2561 πρόσυλος
1220 2526 1267 2552 καὶ
1281 2526 1400 2562 ἁκαλλὴς
1419 2526 1473 2553 τῶν
1492 2527 1586 2553 παθῶν
1606 2528 1654 2553 καὶ
1672 2527 1855 2559 ἀδιάπλαστπ

1066 2572 1183 2607 κίνησις.
1199 2572 1377 2606 Μεμφιϐοσθὲ
1391 2572 1430 2604 δὲ,
1446 2573 1578 2607 αἰσχύνη
1591 2572 1730 2607 σώματος
1745 2573 1855 2606 αὐτῶν,

1066 2617 1135 2652 ὅπερ
1149 2617 1223 2644 ἐστὶν
1233 2619 1249 2652 ὴ
1267 2617 1343 2652 παρὰ
1361 2617 1442 2651 φύσιν
1459 2618 1506 2644 τοῦ
1527 2618 1572 2644 νοῦ
1587 2619 1652 2653 περὶ
1664 2619 1764 2645 κακίαν
1779 2619 1857 2652 κίνη-

1067 2671 1124 2693 σις·
1151 2662 1234 2697 ἤγουν
1260 2662 1452 2697 ὴὲπινοητικὴ
1466 2662 1520 2688 τῶν
1538 2662 1632 2689 παθῶν
1652 2662 1818 2698 ὲνθύμησις·
1840 2663 1856 2698 ἢ

1066 2708 1157 2742 τυχὸν,
1173 2709 1189 2742 ἡ
1206 2707 1372 2742 φιλόκοσμος
1386 2708 1485 2743 μελέτη
1501 2708 1554 2735 τῶν
1568 2708 1706 2742 λογισμῶν
1722 2708 1770 2735 καὶ
1783 2709 1858 2743 φιλο-

1067 2752 1202 2787 σώματος.
1217 2753 1254 2779 ἺΙ
1271 2753 1362 2785 πάλιν,
1378 2754 1394 2789 ἡ
1415 2754 1470 2785 τοῖς
1490 2753 1604 2780 πάθεσιν
1615 2751 1685 2784 εἶδος
1701 2754 1855 2787 ἐπάγουσα,

1066 2799 1151 2826 καὶτὸ
1166 2798 1227 2826 καθ’
1241 2799 1336 2834 ἡδονὴν
1352 2800 1420 2835 πρὸς
1436 2799 1562 2834 αἴσθησιν
1572 2799 1774 2827 διαπλάττουσα
1792 2799 1858 2826 κάλ-

1065 2843 1110 2875 λος
1122 2843 1169 2870 τοῦ
1182 2843 1228 2870 νοῦ
1243 2843 1358 2879 κίνησις.
1380 2844 1496 2876 Τούτους
1515 2844 1569 2879 γὰρ
1590 2844 1689 2879 γεννᾷν
1701 2844 1766 2876 τοὺς
1782 2845 1858 2878 vlo};
