1936 3078
97 113 150 146 749

98 172 221 206 πέφυκεν
243 172 274 197 ἐκ
288 171 338 206 τῆς
354 171 425 198 κατὰ
449 170 534 206 μόνην
549 170 598 204 τὴν
611 170 640 196 ὲν
656 170 727 205 λόγῳ
747 170 889 205 προφορὰν
906 174 926 200 Α

96 217 288 252 ὲκμαθήσεως,
306 217 319 242 ὅ
334 225 363 242 τε
377 216 499 251 γραπτὸς
511 215 604 250 νόμος,
620 215 667 242 καὶ
685 217 700 242 ὁ
719 215 793 250 μόνῳ
806 223 892 251 προσ-

98 262 256 297 καθήμενος
273 261 312 296 τῷ
324 263 470 297 γράμματι
484 260 532 287 τοῦ
550 261 633 296 νόμου
646 260 718 292 νοῦς.
734 260 836 296 Μερὼϐ
852 260 890 293 δὲ,

98 307 169 334 κατὰ
184 307 232 342 τὴν
245 308 329 342 αὐτῆς
344 307 495 342 ἑρμηνείαν
508 307 582 333 ἐστὶν
638 306 685 333 τοῦ
705 306 792 333 Σαοὺλ
808 306 893 341 θυγά-

97 355 172 389 τηρ),
189 353 208 386 ἡ
231 352 395 386 πλησμονὴ
418 352 472 379 τοῦ
495 351 649 386 φάρυγγος
661 361 667 366 ·
686 353 755 387 ὅπερ
769 351 845 387 δηλοῖ
862 351 893 378 τὸ

97 399 147 435 τῆς
173 398 396 434 γαστριμαργίας
416 398 512 430 πάθος.
535 398 627 434 Μόνην
648 398 701 433 γὰρ
725 395 780 424 οἶδε
796 398 894 434 γεννᾷν

99 445 227 480 σώματος
242 444 357 480 τρυφὴν,
377 444 425 470 καὶ
438 445 487 480 τὴν
505 445 559 471 τῶν
574 444 675 471 ὑλικῶν
689 444 894 490 ἀπολαυστιὶιὴν

96 491 228 522 διάθεσιν,
247 491 260 517 ὅ
271 499 299 517 τε
311 491 394 524 νόμος
406 491 476 517 κατὰ
491 491 522 516 τὸ
537 490 666 526 γράμμα,
680 492 736 522 τοῖς
748 490 893 525 συμϐόλοις

96 538 161 570 τοὺς
174 538 234 564 κατ’
249 537 331 563 αὐτὸν
340 537 522 572 λατρεύοντας
536 537 716 572 περιγράφων
729 544 735 551 ·
752 537 766 563 ὅ
776 545 806 563 τε
819 537 892 570 νοῦς,

96 585 142 610 διὰ
162 584 210 618 τὴν
226 583 391 618 φιλόσαρκον
406 582 490 618 ζωὴν,
510 584 581 610 κατὰ
604 583 635 609 τδ
654 583 773 618 γράμμα
790 583 836 610 τὸν
852 583 894 610 νό-

99 638 150 664 μον
164 630 221 660 τοῖς
232 628 328 660 τύποις
341 628 517 664 περιορίζων.
532 628 617 655 Πέντε
629 628 657 654 δὲ
670 628 719 663 τῆς
731 627 834 664 Μερὼῧ
848 628 895 654 θυ-

98 675 199 710 γατρδς
215 675 300 701 Σαοὺλ
317 675 371 701 υἱοὶ
386 675 598 709 καθεστήκασιν,
620 675 644 701 οἱ
660 674 731 701 κατὰ
747 675 895 710 παράχρη-

99 730 142 747 σιν
160 721 294 756 ἐμπαθεῖς
319 721 400 748 πέντε
423 720 520 755 τρόποι
535 720 590 746 τῶν
617 720 699 747 πέντε
720 719 893 755 αἰσθήσεων

97 767 145 799 οῦς
173 767 276 793 τίκτειν
303 767 411 798 παντως
429 765 509 792 εἴωθε
527 765 567 800 τῷ
584 764 721 800 Ἐσδριὴλ,
743 766 828 801 ήγουν
856 765 895 801 τῷ

98 812 262 848 θεωρητικῷ
278 812 367 849 μέρει,
383 814 399 848 ἡ
416 813 498 847 μόνου
518 812 565 839 τοῦ
584 812 711 848 σώματος
729 812 798 840 κατὰ
812 812 894 847 νόμον

97 858 144 886 διὰ
161 859 266 894 τρυφῆς
280 858 485 894 ὲπιμελουμένη
501 857 631 889 διάθεσις.

135 903 254 937 Τοῦτους
269 905 330 936 τοὺς
350 905 397 931 δύο
413 905 459 931 τοῦ
475 905 561 932 Σαοὺλ
575 905 650 936 υἱοὺς
666 905 723 940 (25)
739 905 834 939 (ἤγουν
845 903 895 939 τὴν

99 951 168 987 ὓλην
180 952 226 978 καὶ
237 951 267 978 τὸ
282 949 374 985 εἶδος),
385 951 432 977 καὶ
445 951 508 982 τοὺς
520 951 601 977 πέντε
611 950 658 977 τοῦ
669 950 756 977 Σαοὺλ
769 949 893 981 υἱωνοὺς,

99 999 184 1034 ἡγουν
197 998 261 1028 τοὺς
277 998 342 1033 περὶ
355 998 406 1032 τὴν
420 997 487 1034 ὓλην
504 997 551 1024 καὶ
577 997 608 1024 τὸ
632 994 702 1028 εἶδος
717 996 789 1023 κατὰ
804 995 895 1032 παρά-

100 1054 200 1081 χρησιν
219 1044 300 1071 πέντε
324 1045 443 1080 τρόπους
455 1044 510 1071 τῶν
525 1044 779 1080 αἰσθήσεων’(λέγω
798 1044 831 1079 δὴ
847 1045 897 1080 τὴν

100 1090 211 1125 ἐμπαθῆ
235 1098 266 1115 τε
289 1090 336 1116 καὶ
365 1090 440 1125 παρὰ
466 1089 547 1125 φύσιν
574 1089 644 1125 πρὸς
660 1089 696 1116 τὰ
711 1089 829 1126 αἰσθητὰ
842 1089 896 1116 τῶν

99 1136 257 1171 αἰσθήσεων
273 1136 444 1172 συμπλοκὴν,
459 1137 543 1172 ἤγουν
554 1136 588 1163 τὰ
601 1136 653 1163 ὑπὸ
670 1136 766 1172 χρόνον
780 1137 826 1163 καὶ
839 1137 898 1172 ῥεῦ-

103 1182 168 1217 σιν),
187 1183 256 1217 μετὰ
272 1183 321 1217 τὴν
345 1183 475 1218 τελευτὴν
489 1182 578 1209 Σαοὺλ
590 1183 742 1216 (τουτέστι,
764 1183 835 1218 μετὰ
848 1182 897 1218 τὴν

101 1229 219 1264 παροδον
236 1229 287 1264 τῆς
312 1230 341 1255 ὲν
365 1229 441 1265 νόμῳ
457 1229 528 1256 κατὰ
543 1231 574 1255 τὸ
598 1229 716 1264 γράμμα
732 1228 896 1264 σωματικῆς

101 1275 241 1310 λατρείας,
256 1275 303 1301 καὶ
314 1275 364 1311 τὴν
376 1276 426 1310 τῆς
435 1275 548 1309 ἀγνοίας
562 1275 711 1309 διάϐασιν),
728 1275 897 1310 παραδίδωσι

101 1321 294 1356 Θανατωθῆναι
311 1320 382 1347 κατὰ
397 1321 442 1348 τὸν
467 1321 538 1348 θεῖον
558 1320 762 1356 χρηματισμὸν,
779 1320 862 1347 Δαϐὶδ
884 1321 898 1346 ό

101 1366 256 1402 θαυμάσιος
282 1368 350 1397 τοῖς,
366 1366 552 1398 Γαϐαωνίταις
579 1367 727 1402 (τουτέστι,
750 1368 807 1398 τοῖς
827 1367 897 1393 κατὰ

101 1413 153 1447 τὴν
177 1413 295 1446 φυσικὴν
312 1412 428 1448 θεωρίαν
442 1412 622 1448 ὑψηλοτέροις
643 1412 734 1446 λόγοις
753 1412 801 1439 καὶ
823 1413 898 1446 λογι-

102 1458 193 1492 σμοῖς,
219 1458 232 1482 ό
263 1457 450 1492 πνευματικὸς
472 1458 565 1492 νόμος,
589 1458 604 1493 ἢ
626 1458 698 1491 νοῦς,
719 1459 770 1495 τὴν
795 1461 825 1487 ὲν
841 1463 899 1492 τοῖς

102 1505 250 1540 συμϐόλοις
267 1505 335 1541 πρὸς
355 1505 482 1540 αἴσθησιν
508 1506 555 1532 καὶ
576 1506 656 1541 σῶμα
674 1506 899 1544 καθολικωτάτην
913 1524 934 1552 C

101 1552 159 1578 τῶν
182 1552 236 1578 ὑπὸ
263 1552 358 1587 χρόνον
388 1552 482 1587 σχέσιν
507 1552 638 1586 ἀφανίσαι
659 1553 706 1579 καὶ
721 1552 898 1589 θανατῶσαι),

102 1598 175 1624 κατᾶ
190 1597 220 1623 τὸ
238 1597 304 1631 ὕψος
319 1597 535 1632 γινομένοιςκτοῦ
549 1596 644 1632 βουνοῦ
657 1597 757 1624 Σαούλ·
774 1598 846 1633 λέγω
856 1599 900 1634 δὴ,

101 1644 152 1670 τοῦ
171 1644 255 1678 νόμου
269 1643 319 1677 τῆς
332 1645 522 1679 πνευματικῆς
536 1643 661 1678 θεωρίας.
681 1643 711 1670 Et
725 1643 780 1679 γὰρ
795 1645 832 1679 μὴ
849 1653 901 1679 φυ-

104 1689 192 1721 σικῶς
207 1689 341 1725 πρότερον
357 1698 399 1721 τις
412 1690 462 1724 τὴν
475 1690 504 1715 ἐν
517 1690 574 1721 τοῖς
591 1689 736 1724 συμϐόλοις
753 1690 807 1717 τῶν
822 1690 902 1717 Θείων

103 1736 154 1762 καὶ
166 1735 271 1770 νοητῶν
287 1735 474 1770 διασκοπήσας
489 1735 651 1770 ἀπέμφασιν
667 1736 735 1771 (26),
751 1736 840 1763 ἐλθεῖν
853 1746 902 1764 πο-

104 1782 178 1818 θήσῃ
193 1781 264 1808 κατὰ
289 1781 362 1813 νοῦν,
381 1781 434 1813 ἔξω
463 1781 605 1812 παντελῶς
619 1781 674 1808 τῶν
699 1780 780 1808 θείων
796 1782 902 1809 ἀδύτων

102 1828 155 1862 τὴν
166 1826 293 1861 αἴσθησιν
314 1827 436 1862 θέμενος,
461 1827 530 1862 πρὸς
543 1827 594 1863 τὴν
614 1827 669 1854 τῶν
683 1827 787 1862 νοητῶν
801 1829 902 1864 εὐπρέ-

103 1883 198 1907 πειαν,
217 1874 267 1909 τῆς
284 1874 315 1900 ὲν
341 1875 398 1905 τοῖς
411 1873 507 1905 τύποις
532 1873 700 1908 ἀπολυθῆναι
718 1873 845 1908 καθάπαξ
871 1875 902 1901 οὐ

102 1921 218 1947 δύναται
238 1921 400 1956 σωματικῆς
426 1920 563 1951 ποικιλίας
576 1928 582 1935 ·
602 1920 664 1946 καθ’
681 1920 715 1956 ἦν
730 1920 783 1952 ἕως
802 1920 902 1956 βέϐηκε

102 1967 152 1994 τοῦ
169 1967 334 2002 γράμματος
354 1967 545 2001 ἀντεχόμενος,
573 1966 623 2002 τὴν
640 1966 672 1992 ἐκ
696 1966 742 1993 τοῦ
758 1966 839 2002 λιμοῦ
855 1966 904 2001 τῆς

103 2013 238 2048 γνώσεως
265 2013 379 2045 εἰκότως
406 2013 526 2048 ἀπορίαν
548 2013 579 2039 οὺ
605 2012 830 2048 παραμυθεῖται·
854 2013 905 2048 τῆς

104 2061 220 2096 Γραφῆς
232 2061 282 2095 τὴν
295 2060 357 2095 γῆν,
370 2060 455 2095 ἤγουν
468 2059 498 2086 τὸ
512 2059 604 2094 σῶμα,
619 2059 690 2085 κατὰ
704 2059 750 2085 τὸν
761 2058 904 2094 ἀπατηλὸν

104 2107 169 2142 δεριν
184 2107 285 2132 ἐσθίειν
299 2106 394 2132 ἑαυτὸν
409 2100 612 2137 καταδικάσας·
633 2104 691 2130 ἀλλ’
707 2105 737 2130 οὺ
750 2105 821 2131 κατὰ
834 2105 904 2140 Χρι-

107 2153 170 2179 στὸν
184 2152 231 2178 τὸν
247 2152 320 2184 νοῦν,
334 2153 418 2187 ἤγουν
434 2153 485 2187 τῆς
500 2151 614 2186 Γραφῆς
628 2150 658 2177 τὺ
670 2150 780 2185 πνεῦμα
791 2150 839 2177 καὶ
854 2150 905 2185 τὴν

630 112 878 148 QU/ESTIONES
898 113 946 141 AD
968 111 1220 141 I‘IIALASSIUM.

942 169 1085 200 consistat,
1103 168 1224 202 proclive
1237 168 1362 204 gignant,
1385 172 1443 195 tum
1469 169 1512 196 lex
1537 168 1650 204 scripta,
1680 174 1736 196 tum

943 222 1004 249 quae
1019 215 1070 241 soli
1082 215 1151 250 legis
1162 215 1260 242 littera:
1272 222 1351 242 mens
1360 215 1491 242 adlurret.
1507 215 1618 242 Merobe
1633 219 1737 248 autem,

944 261 981 288 ita
994 265 1023 288 ut
1034 261 1094 296 ejus
1105 269 1205 289 nomen
1216 265 1296 288 sonat
1309 261 1410 297 (Saulis
1424 261 1555 289 nimirum
1570 261 1635 298 ﬁlia)
1654 262 1737 290 abun-

943 305 1011 332 dans
1024 306 1138 340 gutturis
1156 306 1265 332 satietas
1279 310 1339 332 est:
1361 305 1435 340 quod
1452 305 1522 341 gula:
1539 305 1636 333 vitium
1652 306 1738 342 signi-

944 350 1018 378 ﬁcat.
1036 351 1082 378 Sic
1097 351 1170 378 enim
1187 355 1389 386 comparatum,
1404 356 1433 378 ut
1450 356 1508 378 tum
1530 351 1574 378 lex
1591 352 1669 386 juxta
1692 351 1740 379 lit-

944 401 1044 429 teram,
1057 405 1092 424 ex
1108 397 1168 432 ejus
1186 397 1292 424 ratione
1312 397 1394 433 282
1412 397 1575 429 servientes,
1588 398 1652 424 unis
1665 405 1740 433 sym-

944 444 1016 471 bolis
1035 443 1182 476 deﬁnicns,
1201 449 1259 471 tum
1273 452 1351 472 mens
1361 444 1397 472 ob
1409 445 1548 472 carnalem
1561 452 1593 472 ac
1608 444 1740 472 libidino-

945 498 1003 518 sam
1040 490 1143 523 vitam,
1175 498 1208 517 ex
1247 490 1347 518 litterze
1380 491 1488 518 ratione
1523 491 1611 526 legem
1645 490 1739 526 ﬁgulis

945 536 1130 569 concludens,
1156 537 1241 564 solam
1266 537 1380 572 gignant
1405 537 1531 572 corporis
1557 537 1739 572 voluptatem,

945 583 1124 618 fruendisque
1148 584 1266 611 terrenis
1294 584 1451 618 impensum
1473 584 1597 611 animum
1625 583 1739 611 faciam.

946 629 1118 656 Suntautem
1133 629 1256 664 quinque
1269 629 1405 662 Merobes,
1428 629 1520 657 Saulis
1545 629 1616 662 ﬁliae,
1639 629 1740 661 liberi;

946 683 1045 710 nempe
1058 675 1200 702 libidinosi
1216 675 1351 710 quinque,
1366 675 1455 703 abusu
1474 679 1645 707 constantes,
1658 675 1740 710 quin-

945 729 1000 756 que
1018 729 1150 749 sensuum
1165 721 1241 749 modi
1257 731 1263 748 :
1280 729 1351 756 quos
1368 729 1483 756 prorsus
1504 721 1623 749 Esdricli
1644 729 1742 756 parere

946 767 1091 795 consuevit
1118 767 1201 803 (parti
1230 767 1336 795 scilicet
1358 763 1571 802 contemplanti)
1596 775 1659 802 qua:
1689 767 1740 794 soli

946 815 1056 849 corpori
1086 823 1120 842 ex
1149 814 1219 850 legis
1243 814 1351 842 ratione
1381 822 1431 849 per
1461 813 1631 848 votuptatei‘n
1663 821 1744 841 mens

912 848 933 875 Β
947 848 1041 888 dedita
1058 860 1105 888 sit.

984 907 1074 935 Hasce
1085 907 1157 934 duos
1167 907 1258 934 Saulis
1275 906 1347 934 ﬁlios
1358 906 1514 942 (materiam
1526 906 1633 934 scilicet
1644 911 1673 934 et
1685 906 1741 934 for-

947 954 1032 988 mam)
1044 952 1191 988 Saulisque
1206 953 1330 987 quinque
1340 957 1466 988 nepotes,
1482 960 1581 988 nempe
1600 953 1648 988 qui
1669 953 1741 981 circa

948 999 1093 1026 materiam
1111 1003 1139 1026 et
1153 998 1269 1026 formam
1278 999 1402 1034 quinque
1417 1007 1548 1026 sensuum
1564 999 1638 1026 modi
1653 999 1741 1027 abusu

947 1049 1094 1073 versantur
1123 1045 1314 1081 (libidinosam
1339 1045 1472 1072 nimirum
1499 1053 1532 1073 ac
1558 1045 1742 1072 innaturalem

948 1098 1080 1118 sensuum
1095 1098 1159 1118 cum
1171 1090 1331 1123 sensilibus,
1344 1097 1408 1117 cum
1431 1090 1617 1126 temporaneis
1638 1090 1743 1118 scilicet

948 1136 1086 1171 ﬂuxisque
1103 1136 1187 1164 rebus
1201 1136 1438 1172 congressionem)
1451 1141 1513 1172 post
1525 1136 1616 1164 Saulis
1626 1142 1742 1164 mortem

950 1182 1008 1218 (ubi
1031 1182 1138 1210 scilicet
1165 1183 1318 1217 corporalis
1347 1182 1415 1218 legis
1444 1191 1479 1210 ex
1512 1183 1612 1210 littera:
1636 1183 1743 1210 ratione

949 1228 1051 1260 cultus,
1071 1228 1281 1263 ignorantiaquc
1299 1228 1456 1264 transierat)
1469 1228 1678 1256 interﬁciendos
1691 1233 1745 1256 tra-

949 1273 990 1302 dit
1003 1274 1164 1302 Gabaonitis
1179 1274 1353 1302 admirabilis
1370 1274 1467 1316 David,
1484 1282 1535 1309 pro
1550 1282 1583 1302 eo
1600 1283 1632 1302 ac
1649 1275 1745 1302 divino

950 1325 1040 1352 fuerat
1063 1325 1223 1352 admonitus
1248 1325 1361 1352 oraculo
1378 1325 1488 1361 (nempe
1499 1326 1634 1353 naturalis
1647 1334 1745 1360 specu—

949 1370 1060 1398 lationis
1077 1371 1288 1398 sublimioribus
1299 1370 1455 1398 rationibus
1474 1379 1506 1398 ac
1519 1370 1744 1406 cogitationibus,

950 1416 994 1444 lex
1010 1416 1154 1451 spiritalis,
1171 1417 1228 1444 sive
1246 1424 1334 1449 mens,
1359 1417 1393 1444 ad
1424 1417 1690 1444 universalissimam
1717 1418 1746 1445 in

950 1462 1081 1497 symbolis
1109 1470 1172 1490 cum
1192 1471 1276 1490 sensu
1301 1470 1334 1490 ac
1357 1470 1475 1498 corpore
1506 1467 1746 1498 temporanearum

951 1516 1045 1535 rerum
1054 1508 1219 1536 abolendam
1229 1516 1261 1536 ac
1272 1508 1488 1536 interimendum
1499 1509 1746 1544 necessitudinem)

954 1555 997 1582 his
1017 1554 1063 1589 qui
1084 1558 1149 1582 sunt
1171 1555 1198 1581 in
1219 1554 1389 1582 sublimitate
1404 1554 1484 1582 collis
1499 1554 1590 1582 Saulis
1604 1554 1748 1590 (spiritalis
1792 1584 1799 1589 ρ

953 1600 1060 1627 scilicet
1077 1600 1145 1635 legis
1162 1599 1426 1634 contemplationis).
1439 1599 1507 1626 Nam
1523 1599 1576 1627 nisi
1590 1600 1653 1634 quis
1665 1603 1748 1626 natu-

954 1646 1050 1674 raliter
1067 1646 1146 1681 prius
1162 1646 1286 1680 dispecta
1302 1653 1364 1680 qua:
1380 1645 1409 1672 in
1429 1645 1563 1680 symbolis
1582 1649 1624 1672 est
1638 1645 1749 1672 divino-

953 1701 1014 1720 rum
1030 1700 1062 1720 ac
1079 1692 1248 1727 spiritalium
1263 1691 1501 1724 dissimilitudine,
1520 1699 1602 1718 sensu
1632 1699 1749 1726 prorsus

953 1743 1030 1766 extra
1041 1738 1120 1774 adyta
1136 1738 1245 1770 relicto,
1258 1741 1350 1765 mente
1366 1737 1424 1765 sola
1439 1737 1471 1764 ad
1485 1737 1650 1772 spiritalium
1664 1738 1748 1765 deco-

954 1791 1013 1810 rem
1031 1782 1177 1817 pervenire
1191 1782 1347 1817 percupiat,
1367 1788 1397 1809 ut
1415 1790 1430 1809 a
1444 1783 1581 1816 corporali
1598 1782 1748 1818 ﬁgurarum

953 1829 1087 1856 varietate
1099 1829 1233 1856 liberetur
1242 1836 1416 1864 nequaquam
1429 1834 1545 1864 prorsus
1562 1829 1622 1856 ﬁeri
1638 1833 1729 1864 potest
1741 1838 1748 1861 ;

954 1881 988 1901 ex
1006 1875 1087 1910 cujus
1109 1874 1217 1901 ratione
1235 1874 1359 1908 quandiu
1381 1874 1486 1901 incedit
1507 1874 1628 1902 litteram
1644 1875 1749 1907 colens,

954 1928 1037 1956 quam
1049 1919 1169 1948 sustinet
1184 1928 1220 1947 ex
1244 1920 1366 1965 scientiae
1388 1920 1461 1947 fame
1484 1921 1628 1955 penuriam
1650 1921 1751 1949 merito

955 1974 1010 1993 non
1025 1966 1141 1998 solatur,
1155 1965 1203 2000 qui
1219 1973 1248 1993 se
1263 1966 1321 2000 ipse
1336 1965 1369 1993 ad
1391 1965 1541 2001 Scriptura:
1559 1970 1660 1994 terram
1673 1974 1750 1994 com-

955 2012 1090 2040 cdendam
1108 2011 1146 2047 (id
1159 2016 1211 2044 est,
1222 2012 1336 2047 corpus)
1351 2012 1506 2039 seductoris
1520 2019 1597 2039 more
1615 2013 1752 2047 serpentis

956 2059 1115 2091 addixerit;
1139 2066 1194 2085 non
1215 2062 1245 2084 ut
1267 2058 1421 2085 secundum
1438 2057 1580 2085 Christum
1597 2058 1753 2094 intelligen-

958 2104 994 2132 tia
1016 2112 1154 2138 sensuque
1174 2103 1339 2139 (Scriptura:
1357 2104 1465 2131 scilicet
1486 2104 1585 2139 spiritu
1607 2109 1635 2131 ct
1649 2105 1751 2137 anima,

956 2159 1027 2185 pane
1043 2150 1174 2177 nimirum
1191 2149 1298 2177 cmlesti
1315 2153 1342 2176 et
1355 2149 1491 2185 angelico)
1503 2155 1631 2177 vescatur
1647 2159 1654 2182 ;
1669 2151 1753 2185 spiri—

106 2199 208 2233 ψυχὴν,
233 2199 357 2224 τουτέστι
385 2199 431 2224 τὸν
447 2197 574 2232 οὐράνιον
590 2198 637 2223 καὶ
651 2196 795 2231 ἁγγελικὺν
821 2196 898 2232 ἄρτοι

957 2195 1003 2223 tali
1015 2195 1120 2222 scilicet
1134 2195 1162 2222 in
1176 2194 1287 2222 Christo
1302 2194 1508 2229 Scripturarum
1519 2195 1753 2230 contemplatione

107 2245 191 2279 (λέγω
206 2244 249 2279 δὴ,
263 2245 313 2279 τὴν
331 2245 360 2270 ὲν
377 2243 489 2279 Χριστῷ
507 2243 562 2270 τῶν
579 2243 698 2278 Γραφῶν
713 2242 903 2278 πνευματικὴν

107 2290 226 2325 θεωρίαν
239 2291 286 2317 καὶ
298 2290 409 2324 γνῶσιν)
422 2289 503 2325 [ἄλλ.
518 2288 632 2324 βρῶσιν]
646 2288 885 2325 βρωματιζὸμενος
896 2297 903 2303 ·

107 2337 141 2370 ῆν
157 2335 251 2362 δίδωσι
272 2335 392 2368 δαψιλῶς
415 2334 672 2370 ἐπιχορηγουμένην
689 2336 745 2365 τοῖς
762 2334 905 2368 ἀγαπῶσιν

959 2248 991 2267 ac
1010 2240 1143 2272 scientia;
1168 2247 1250 2274 quam
1280 2239 1354 2274 larga
1381 2240 1640 2267 subministraiione
1671 2240 1754 2267 tradit

959 2287 1042 2319 Deus,
1061 2286 1116 2319 liis,
1130 2286 1278 2321 quiipsum
1296 2286 1425 2321 diligunt,
1441 2287 1519 2321 juxta
1541 2286 1608 2313 illud
1626 2295 1632 2313 :
1652 2286 1754 2313 Panem

960 2332 1017 2359 σωίὶ
1028 2332 1098 2358 dedit
1110 2332 1164 2364 eis;
1175 2340 1271 2367 partem
1289 2331 1446 2366 angelorum
1459 2331 1627 2358 manducavit
1637 2332 1752 2358 homo".

106 2382 189 2409 αὑτὸν
201 2384 215 2408 ὁ
230 2382 307 2414 Θεὸς,
319 2382 390 2408 κατὰ
402 2382 432 2408 τὸ
448 2381 643 2417 γεγραμμένον
656 2389 662 2395 ·
679 2381 784 2414 ’Ἄρτον
795 2379 925 2414 οὐρανοῦ
940 2378 1052 2406 ἔδωκεν
1066 2377 1168 2410 αὐτοῖς
1179 2385 1186 2392 ·
1205 2377 1297 2412 ἄρτον
1307 2377 1443 2411 ἀγγέλων
1454 2377 1567 2411 ἔφαγεν
1585 2377 1752 2410 ἅνθρωπος,

144 2429 206 2465 Χρὴ
218 2428 362 2464 τοιγαροῦν
373 2427 421 2463 τὴν
435 2427 496 2453 κατ’
511 2426 638 2462 αἴσθησιν
658 2426 726 2462 προς
754 2425 834 2461 σῶμα
855 2426 903 2460 τῆς

107 2474 221 2510 Γραφῆς
236 2473 364 2508 ἐκδοχὴν,
376 2473 414 2504 ὡς
430 2472 523 2498 παθῶν
540 2472 680 2507 προδήλως
699 2472 746 2498 καὶ
763 2472 812 2506 τῆς
836 2471 904 2507 πρὸς

106 2521 142 2546 τὰ
157 2519 272 2554 χρονικὰ
299 2519 346 2545 καὶ
373 2519 471 2554 ῥέοντα
495 2519 623 2553 σχετικῆς
650 2517 797 2548 διαθέσεως
822 2515 904 2544 οὖσαν

108 2566 272 2601 γεννητικὴν
299 2566 392 2600 (ἤγουν
408 2565 458 2600 τῆς
471 2565 541 2601 πρὸς
556 2564 589 2591 τὰ
613 2563 730 2599 αἰσθητὰ
741 2564 795 2590 τῶν
809 2563 905 2598 αἰσθή-

108 2621 179 2638 σεων
199 2611 341 2646 ἐμπαθοῦς
367 2610 531 2646 ἐνεργείας),
549 2610 586 2641 ὡς
602 2610 689 2636 Σαοὺλ
700 2609 781 2636 τέκνα
797 2610 844 2636 καὶ
861 2609 911 2635 ἔκλ-

107 2667 187 2692 γονα,
202 2658 246 2684 διὰ
255 2658 306 2692 τῆς
322 2657 451 2691 φυσικῆς,
463 2657 500 2688 ὡς
515 2658 544 2682 ἐν
558 2656 615 2691 ὄρει
628 2657 660 2691 τῇ
678 2656 732 2682 τῶν
748 2655 828 2682 θείων
845 2655 907 2681 ἀνα-

110 2705 190 2738 γωγῇ
205 2703 304 2738 λογίων
315 2702 398 2739 [ἄλλ.
415 2702 526 2738 λόγων],
540 2702 676 2737 ἀφανίσας
688 2701 816 2737 θεωρίας,
827 2701 906 2735 εἴπερ

108 2749 302 2785 ἐμφορηθῆναι
333 2749 409 2780 θείας
428 2748 563 2784 ἐφιέμεθα
589 2748 711 2783 χάριτος.
737 2748 767 2774 Εἰ
787 2746 841 2782 γὰρ
859 2746 905 2773 ἐπὶ

145 2841 171 2858 ⁷⁵
187 2842 259 2869 Psal.
279 2849 377 2874 Lxxvu,
393 2841 436 2868 Ἠ.

994 2423 1090 2459 Opera:
1105 2423 1225 2458 pretium
1244 2422 1327 2457 igitur
1339 2423 1386 2454 sit,
1404 2428 1433 2449 ut
1450 2422 1601 2457 Scriptura:
1611 2430 1643 2449 ex
1657 2430 1755 2450 sensus

958 2470 1069 2505 corpori
1091 2469 1202 2497 addicta
1226 2469 1334 2496 ratione
1357 2469 1438 2503 283
1465 2469 1665 2503 expositionem
1692 2477 1755 2497 seu-

957 2524 1075 2551 sumquc
1091 2523 1142 2543 ceu
1159 2516 1291 2542 vitiorum
1310 2522 1425 2550 prorsus
1449 2523 1481 2542 ac
1502 2515 1754 2549 perturbationum,

957 2562 1128 2596 affectusque
1150 2561 1182 2588 ad
1201 2565 1381 2595 temporanca
1403 2560 1532 2595 (luxuque
1544 2560 1686 2589 libidinosi
1704 2562 1755 2599 (vi~

958 2609 1035 2635 tiosae
1051 2607 1159 2634 scilicet
1186 2615 1317 2634 sensuum
1342 2615 1406 2641 erga
1434 2607 1545 2634 sensilia
1571 2609 1752 2644 operationis)

959 2657 1113 2689 parentem,
1138 2653 1213 2680 velut
1230 2652 1318 2679 Saulis
1331 2652 1435 2680 liberos
1449 2661 1481 2680 ac
1494 2658 1619 2689 nepotes,
1633 2655 1711 2689 quasi
1727 2655 1754 2681 in

961 2704 1054 2728 monte
1069 2694 1238 2734 (divinorum
1254 2699 1361 2726 scilicet
1380 2699 1558 2734 eloquiorum
1585 2700 1752 2728 celsitudine

959 2754 1008 2782 per
1021 2745 1176 2774 naturalem
1189 2745 1407 2780 speculationem
1417 2746 1578 2774 aboleamus
1590 2755 1598 2780 ;
1618 2746 1755 2782 siquidem
