1936 3078
218 169 271 201 ’155

254 225 348 261 igitur,
363 226 384 253 si
398 226 470 253 hunc
482 226 584 259 locum,
597 234 630 254 ex
644 227 776 256 historica
790 228 843 255 ﬁde
858 235 1008 260 sumamus,
1026 229 1046 256 Α

218 271 386 307 Scriptaram
402 273 518 301 veritate
534 274 583 301 niti
599 274 671 301 baud
688 273 871 303 inveniemus.
892 275 1009 303 Ubinam

215 320 289 346 enim
305 321 559 349 cxterntinaverunt
578 322 736 351 Gabaoniue
754 323 864 351 Saulem
878 330 912 349 ex
929 321 1009 356 285

215 364 291 391 οιιιιιί
314 365 433 393 conﬁnio
458 367 582 400 Israelis;
612 376 676 395 cutn
701 368 780 395 multi
805 373 898 403 postea
921 367 1010 394 Saulis

216 410 311 438 attines
334 411 360 438 in
384 413 489 446 populo
510 414 684 441 exsisterent.
708 414 755 441 Sin
780 418 870 441 autent
891 413 1009 448 spiritali

215 465 297 484 sensu
325 457 528 493 intelligamus,
555 460 627 487 clare
658 460 846 491 inveniemus,
875 459 1009 488 naturalis

215 502 413 537 speculationis
434 512 496 539 ope,
516 505 544 531 in
568 505 642 532 celso
657 506 779 533 scientia:
798 506 919 538 vertice,
941 506 1010 533 scri-

214 552 289 582 ptam
306 548 394 584 legem
413 550 594 585 (corporalem
610 552 714 579 scilicet
728 553 756 579 in
773 553 904 588 symbolis
918 554 1009 581 cultus

215 593 310 629 ritum)
324 602 437 629 prorsus
452 596 588 625 desinere.
605 597 655 625 Ubi
671 598 744 625 enim
760 599 911 626 etiamnum
926 599 1009 626 stabit

215 640 334 667 carnalis
349 641 534 674 circumcisio,
557 651 619 670 cum
636 644 679 670 lcx
697 643 857 678 spiritaliter
873 645 1008 680 intelliga-

216 686 279 712 tur?
303 685 350 713 ubi
374 686 503 719 Sabbala,
524 689 715 724 mensiumque
739 689 836 717 initia?
853 690 900 716 ubi
922 691 1007 717 l'cstn-

216 739 276 758 rum
291 732 414 760 universi
432 735 525 770 populi
543 741 679 763 conventu
696 736 849 764 solemnia?
864 737 910 763 ubi
927 738 1006 764 victi-

217 785 332 810 marum,
353 783 486 815 ternaque
508 781 556 808 otii
582 786 609 809 et
631 783 743 817 quietis,
758 791 790 810 ac
810 784 922 819 reliqum
940 784 1008 820 legis

215 825 352 858 corporali
368 825 442 853 cultu
461 827 642 856 institutionis
656 829 910 858 traditio?.Scimus
921 831 1005 864 enim,

215 870 262 904 qui
281 875 386 899 natura:
401 873 460 907 ipso
475 874 558 901 ducttt
573 875 695 901 animum
718 876 801 903 rebus
822 877 1006 908 attendamus.

216 924 269 944 non
295 918 323 945 in
349 927 383 946 eo
409 921 523 954 positam
552 922 749 956 perfectionem
776 931 852 956 esse,
876 929 905 951 ut
923 932 1005 958 quam

215 964 286 991 Deus
309 970 405 992 natura
430 966 614 1002 integritatem
636 968 750 1000 indidit,
772 970 924 997 auferatur.
945 971 1005 998 Non

213 1008 287 1035 enim
305 1015 403 1038 natura
421 1016 479 1038 arlc
496 1013 620 1040 mutilata
637 1014 834 1048 perfectionem
851 1015 924 1047 facit,
939 1016 1005 1043 sub-

215 1053 311 1088 tilique
331 1055 443 1083 invento
458 1057 484 1084 id
499 1058 639 1090 amittens,
655 1059 730 1094 quod
752 1060 789 1087 illi
805 1068 838 1087 ex
858 1061 1006 1088 creationis

215 1101 321 1128 ratione
336 1102 422 1135 inest;
444 1111 479 1131 ne
504 1104 538 1131 ad
562 1105 748 1139 praestandum
773 1106 885 1141 justitiaa
909 1106 1004 1139 robur,

213 1145 355 1172 fortiorem
374 1147 429 1174 Deo
449 1153 535 1175 artem
559 1148 732 1182 inducamus,
750 1157 781 1177 ac
798 1155 904 1178 natura:
922 1159 1004 1178 exco-

211 1190 327 1224 gitatum
340 1191 495 1226 defectum,
512 1193 637 1222 defectus
657 1195 782 1230 justitite,
800 1195 848 1230 qui
873 1204 906 1223 ex
926 1204 1004 1224 crea-

213 1236 287 1264 tione
315 1237 439 1270 inolevit,
463 1241 685 1275 supplementum
711 1241 845 1269 faciamus
867 1251 873 1268 :
897 1243 944 1270 sed
971 1251 1005 1270 ex

168 1275 172 1280 ’
212 1283 303 1317 typieo
317 1284 378 1319 ejus
395 1286 512 1313 membri
532 1287 597 1320 situ,
617 1288 691 1322 quod
714 1289 934 1322 circumciditur,
952 1290 1006 1316 cir-

211 1328 421 1357 cumcidendam
444 1332 561 1366 spiritali
581 1340 614 1360 ac
636 1333 758 1360 scientiaa
776 1341 889 1361 munere
911 1334 1005 1362 libidi-

211 1380 306 1399 nosam
322 1374 407 1401 animi
423 1375 598 1403 alfectioncm
618 1376 766 1410 docemur;
785 1377 863 1412 cujus
877 1383 1004 1412 amputa-

211 1417 287 1446 tione
303 1419 413 1447 animus
427 1422 615 1456 componitur,
631 1427 661 1450 ut
679 1426 805 1450 naturam
821 1423 914 1458 potius
930 1431 1005 1451 asse-

211 1468 312 1497 ctetur,
331 1466 509 1494 libidinosam
533 1468 677 1496 adventitii
697 1474 775 1496 ortus
801 1469 888 1505 legem
909 1477 1004 1497 emen—

211 1509 290 1536 dans.
319 1509 459 1546 Spiritalis
483 1512 558 1539 enim
584 1513 758 1541 circumcisio
784 1519 846 1547 est,
872 1515 951 1550 plena
976 1519 1005 1543 et

212 1554 336 1582 absoluta
352 1555 506 1584 libidinosa:
523 1557 622 1585 mentis
637 1558 792 1586 affectionis
807 1560 926 1587 ascilitio
940 1565 1002 1588 ortu

212 1600 389 1635 amputatio:
411 1601 561 1630 Sabbatum
587 1608 690 1636 autem,
711 1604 832 1639 perlecta
855 1606 1003 1640 perturba-

213 1647 318 1674 tionum
343 1648 467 1682 sedatio,
495 1651 714 1686 universalisquc
740 1659 805 1687 erga
830 1660 876 1679 res
898 1657 1005 1680 creatas

213 1698 303 1721 motus
326 1695 427 1722 utentis
449 1696 528 1731 quies
553 1705 585 1724 ac
608 1697 740 1730 cessatio,
763 1703 845 1733 atque
870 1699 897 1725 in
918 1699 1005 1726 Deum

212 1739 331 1773 perfecta
356 1742 565 1777 commigratio;
594 1743 621 1770 in
648 1751 747 1778 quem,
773 1744 821 1778 qui
849 1745 952 1772 virtute
978 1748 1006 1772 et

211 1785 325 1813 scientia
348 1789 500 1821 concessit,
526 1797 576 1824 pro
598 1789 737 1817 facultatis
759 1790 886 1823 modulo,
910 1796 1006 1818 caveat

211 1839 324 1860 necesse
339 1837 391 1866 est,
407 1842 442 1861 ne
463 1835 540 1862 velut
556 1835 628 1870 ligna
646 1836 679 1868 ⁷⁸,
698 1837 841 1864 materiam
863 1836 946 1864 ullam
962 1837 1004 1863 vi-

212 1878 257 1905 tiis
272 1878 425 1907 fomentum
438 1881 607 1915 praebentem
622 1881 715 1909 animo
729 1882 893 1915 meditetur;
911 1887 942 1910 ut
958 1891 1006 1910 ne-

211 1932 264 1959 que
276 1925 390 1952 omnino
405 1931 511 1954 naturae
530 1917 661 1955 rationes.
664 1928 784 1963 colligat,
798 1935 832 1955 ne
847 1928 1004 1956 Graecorum

211 1978 301 2004 more,
323 1972 425 2006 Deum,
446 1973 490 2000 vel
513 1973 660 2001 alfectibus
679 1982 712 2001 ac
734 1974 850 2002 libidine
873 1975 1027 2003 delectari-

210 2023 374 2051 statuamus,
393 2024 441 2046 aut
458 2024 565 2047 naturae
586 2020 713 2048 terminis
729 2029 917 2049 commensum
939 2029 1002 2049 eum

209 2071 383 2097 asseramus;
404 2072 486 2099 quem
512 2065 600 2092 solum
620 2066 773 2100 perfectum
794 2067 934 2095 silentium
951 2068 1005 2095 cla-

210 2113 278 2141 mat,
295 2117 328 2136 ac
352 2110 432 2144 plena
453 2110 607 2138 secundum
632 2113 826 2141 excellentiam
850 2114 1005 2148 ignorantia

211 2159 400 2189 repraesentat.
417 2155 582 2183 Neomenias
599 2164 666 2184 vero
686 2165 747 2185 esse
767 2157 897 2191 dicimus,
912 2158 1005 2186 diver-

211 2205 256 2224 sas
278 2198 391 2226 virtutis
416 2206 449 2227 ac
474 2199 597 2227 scientia:
624 2209 707 2229 cursu
738 2202 952 2236 illustrationes,
976 2204 1005 2231 in

211 2243 313 2278 quibus
333 2245 432 2273 srecula
456 2246 549 2273 omnia
571 2251 686 2282 repente
709 2252 884 2281 contuentes,
900 2257 1003 2281 annum
1019 2259 1043 2289 ι)

211 2290 320 2318 Domini
348 2292 546 2326 acceptabilem
572 2293 718 2328 implemus
739 2295 778 2327 ⁷⁷,
803 2295 849 2322 cui
876 2300 1004 2323 ornatum

211 2345 310 2364 corona
332 2338 502 2373 benignitati:
520 2339 543 2355 ⁷⁸
561 2342 682 2374 praestet.
710 2339 758 2368 Est
781 2345 873 2368 autem
901 2349 1004 2368 corona

212 2383 400 2417 benignitatis,
418 2384 500 2422 286
513 2384 581 2412 lides
594 2385 706 2415 munda.
721 2393 782 2421 quae
796 2387 902 2414 scilicet
918 2387 1005 2415 instar

211 2428 368 2463 lapillorum
398 2436 623 2464 gemmarumque
653 2431 819 2459 sublimibus
850 2432 1003 2467 dogmatis,

211 2475 437 2510 spiritalibusque
457 2476 632 2504 sermonibus
655 2484 688 2504 ac
711 2477 799 2504 sensis
820 2477 1003 2511 interstincta,

212 2520 260 2548 Dei
283 2525 420 2548 amantem
445 2529 478 2549 ac
501 2521 657 2557 religiosam
681 2528 800 2550 mentem
826 2524 903 2551 velut
922 2529 1005 2559 caput

212 2567 355 2602 astringat.
373 2567 437 2595 Sive
455 2568 547 2602 potius
567 2577 676 2596 rursum
695 2577 796 2596 corona
816 2569 1003 2606 benignitatis,

213 2613 271 2648 ipse
289 2613 336 2641 Dei
361 2613 458 2643 Sermo
472 2618 525 2645 est,
547 2614 595 2649 qui
613 2615 698 2642 variis
718 2615 899 2650 providentiae
915 2624 948 2644 ac
958 2617 1003 2652 ju-

213 2659 277 2686 dicii
292 2658 381 2686 modis
400 2659 577 2694 (abstinentia
592 2661 699 2688 scilicet
713 2661 861 2688 aﬂ‘ectuum
874 2666 903 2689 et
915 2662 1004 2693 malo-

213 2712 284 2737 rum,
299 2713 360 2740 quaa
376 2712 409 2732 ex
424 2705 516 2732 animo
530 2712 603 2738 sunt,
620 2714 771 2741 eorumque
786 2707 929 2742 patientia,
943 2715 1003 2742 qua:

214 2749 315 2778 invitos
340 2750 472 2786 afﬁciunt)
496 2751 572 2779 velut
593 2757 684 2787 caput,
701 2757 821 2780 mentem
837 2753 1001 2786 circumdat,

804 171 832 201 S.
855 171 999 201 ΜΛΧΙΜΙ
1019 169 1274 200 CONFESSORIS

1800 169 1852 200 756

1097 226 1202 253 Οὐκοῦν
1218 230 1289 252 κατα
1303 225 1351 260 μὲν
1366 225 1414 260 τὴν
1427 225 1548 261 ίστορίαν
1559 224 1654 252 τοῦτον
1669 224 1853 260 λαμϐάνοντες

1061 272 1107 299 τὸν
1121 273 1213 305 τόπον,
1228 272 1276 307 οὐχ
1290 271 1454 306 εὑρίσκομεν
1471 272 1520 306 τὴν
1536 270 1645 306 Γραφὴν
1657 270 1852 305 ἀλῃθεύουσαν.

1061 318 1117 346 Ποῦ
1132 319 1186 354 γὰρ
1198 318 1335 353 ⁴ἦφόινισαν
1354 319 1378 344 οἱ
1394 317 1565 344 Γαϐαωνῖται
1590 317 1635 342 τὸν
1648 316 1736 342 Σαοὺλ
1752 316 1852 346 παντὸς

1060 366 1136 400 ὁρίου
1159 366 1278 401 Ἰσραὴλ,
1294 365 1395 400 πολλῆς
1409 364 1477 398 μετὰ
1497 363 1577 390 τοῦτο
1603 362 1765 397 συγγενείας
1781 363 1853 397 εὑρι-

1061 412 1198 446 σκομὲνης
1212 411 1239 436 ἐν
1253 409 1291 445 τῷ
1304 409 1360 445 λαῷ
1371 418 1377 440 ;
1390 409 1469 435 Κατὰ
1480 408 1568 443 δὲτὴν
1588 408 1705 443 θεωρίαν
1717 408 1851 439 νοοῦντες,

1062 456 1155 490 σαφῶς
1171 456 1344 492 εὑρίσκομεν,
1361 455 1402 481 ὅτι
1413 454 1458 481 διὰ
1476 454 1564 489 μέσης
1575 454 1625 488 τῆς
1646 452 1765 488 φυσικῆς
1788 453 1852 479 θεω-

1061 503 1132 539 ρίας,
1144 503 1172 529 ἐν
1187 502 1225 537 τῷ
1239 501 1301 536 ὕψει
1321 501 1371 536 τῆς
1385 501 1522 535 γνώσεως,
1541 501 1554 527 ό
1571 500 1693 535 γραπτὸς
1712 499 1852 530 παντελῶς

1060 549 1221 583 ἀπογίνεται
1241 547 1332 582 νόμος,
1347 548 1430 582 ἤγουν
1441 547 1456 573 ὁ
1473 545 1627 580 σωματικδς
1641 546 1669 571 ἐν
1683 546 1740 576 τοῖς
1756 545 1853 579 συμϐό-

1059 595 1116 626 λοις
1133 594 1202 621 κατὰ
1213 594 1261 628 τὴν
1276 593 1403 628 λατρείαν
1418 593 1529 627 θεσμός.
1553 592 1608 618 Ποῦ
1622 591 1676 626 γὰρ
1690 591 1730 618 ἔτι
1755 592 1852 626 στήσε-

1059 650 1104 668 ται
1119 640 1255 676 περιτομὴ
1271 639 1381 675 σαρκὸς,
1395 640 1541 674 νοουμένου
1561 638 1608 664 τοῦ
1629 640 1710 672 νόμου
1728 645 1852 672 πνευμα-

1059 687 1144 719 τικῶς
1159 696 1166 720 ;
1181 687 1234 713 ποῦ
1246 686 1281 713 τὰ
1297 686 1435 719 Σάϐϐατα,
1448 685 1497 712 καὶ
1511 685 1565 712 τῶν
1590 684 1683 721 μηνῶν
1700 685 1728 711 αἱ
1751 683 1852 719 ἀρχαί;

1059 734 1111 760 ποῦ
1124 733 1179 760 τῶν
1191 732 1294 768 ἑορτῶν
1305 732 1333 758 al.
1352 731 1536 767 πανηγύρεις;
1552 730 1604 757 ποῦ
1616 730 1669 756 τῶν
1680 729 1792 761 θυσιῶν,
1804 729 1853 755 καὶ

1058 780 1108 815 τῆς
1123 779 1222 815 ἀργίας
1239 778 1289 814 τῆς
1302 779 1363 814 γῆς,
1384 778 1431 804 καὶ
1445 778 1495 812 τῆς
1507 777 1604 812 λοιπῆς
1615 776 1661 802 τοῦ
1673 776 1756 811 νόμου
1780 775 1854 802 κατὰ

1058 826 1107 862 τὴν
1127 825 1287 860 σωματικὴν
1303 824 1430 860 λατρείαν
1445 824 1526 860 [[ονι.
1554 822 1617 850 add.
1637 820 1853 857 καταστάσεως]

1059 873 1075 908 ἡ
1090 871 1254 908 παράδοσις;
1268 871 1385 906 Οἴδαμεν
1394 870 1448 906 γὰρ
1460 870 1582 904 φυσικῶς
1593 868 1785 899 ἐπιϐάλλοντες
1797 869 1855 899 τοῖς

1058 919 1220 955 πράγμασιν
1234 917 1346 953 (50),ὠς
1363 917 1412 944 οὐκ
1423 916 1480 943 ἐστι
1496 915 1633 950 τελειότης
1645 916 1661 950 ἡ
1674 914 1723 949 τῆς
1739 915 1771 940 ἐκ
1784 913 1854 940 Θεοῦ

1057 965 1127 992 κατὰ
1136 965 1216 999 φύσιν
1224 964 1382 1000 ἀρτιότητας
1391 963 1571 998 περιαίρεσις.
1579 962 1617 989 Οὐ
1626 962 1680 997 γὰρ
1689 962 1761 987 ποιεῖ
1767 960 1856 987 τελει-

1056 1011 1142 1046 ότητα
1151 1010 1231 1045 φύσις
1237 1009 1280 1037 διὰ
1291 1010 1389 1045 τέχνης
1401 1009 1597 1044 κολοϐουμένη,
1607 1007 1705 1035 καὶδιὰ
1712 1007 1856 1042 περινοίας

1056 1056 1238 1092 ἀποτιθεμένη
1244 1056 1274 1083 τὸ
1282 1056 1382 1091 προσὸν
1388 1055 1456 1090 αὐτῇ
1464 1055 1555 1081 θεόθεν
1563 1054 1633 1081 κατὰ
1640 1054 1718 1088 λόγον
1724 1053 1755 1088 δη
1761 1061 1857 1087 μιουρ-

1055 1103 1182 1137 γίας·ἵνα
1198 1102 1235 1138 μὴ
1253 1103 1302 1137 τὴν
1315 1102 1413 1137 τέχνην
1429 1102 1496 1128 Θεοῦ
1514 1101 1581 1136 πρὸς
1596 1099 1855 1135 βεϐαίωσινδικαιο-

1056 1149 1139 1184 σύνης
1149 1148 1274 1184 ίσχυροτέ
1279 1156 1326 1182 ραν
1333 1147 1535 1181 εἰσαγάγωμεν,
1543 1147 1591 1173 καὶ
1598 1145 1647 1180 τὴν
1654 1152 1796 1180 περινενοη
1802 1144 1853 1178 μὲ-

1055 1205 1105 1231 νην
1113 1196 1163 1231 τῆς
1173 1195 1279 1229 φύσεως
1289 1194 1405 1229 ἔλλειψιν
1412 1193 1640 1229 ἀναπληρωτικὴν
1647 1192 1855 1228 ποιώμεθα,τῆς

1055 1243 1085 1270 ὲν
1098 1241 1256 1277 δικαιοσύνῃ
1267 1241 1339 1267 κατὰ
1350 1242 1399 1276 τὴν
1413 1240 1593 1276 δημιουργίαν
1615 1238 1759 1273 ἐλλείψεως
1771 1247 1778 1254 ·
1793 1238 1854 1265 ἀλλ’

1055 1290 1088 1316 ὲκ
1103 1289 1153 1324 τῆς
1168 1288 1286 1323 τυπικῆς
1296 1287 1343 1314 τοῦ
1363 1286 1596 1323 περιτεμνομένου
1614 1284 1710 1321 μυρίου
1736 1283 1851 1316 θέσεως,

1055 1334 1239 1370 διδασκόμεθα
1267 1333 1405 1360 ποιεῖσθαι
1432 1331 1592 1367 γνωστικῶς
1618 1331 1679 1366 τὴνν
1697 1329 1853 1365 περιτομὴν

1055 1381 1106 1416 τῆς
1120 1380 1191 1408 κατὰ
1202 1380 1290 1415 ψυχὴν
1308 1378 1449 1415 ἐμπαοοῦς
1463 1378 1611 1409 διαθέσεως
1621 1385 1628 1392 ·
1646 1376 1706 1403 καθ’
1724 1376 1757 1411 ἡν
1778 1375 1851 1410 μᾶλ-

1055 1427 1101 1453 λον
1119 1428 1151 1462 τῇ
1169 1426 1249 1460 φύσει
1275 1425 1432 1460 συντρέχειν
1459 1425 1475 1459 ἡ
1492 1423 1588 1458 γνώμη
1608 1422 1784 1458 ῥυθμίζεται,
1804 1422 1853 1448 τὸν

1057 1472 1171 1507 ἐμποιθῆ
1182 1472 1232 1507 τῆς
1245 1472 1396 1506 ἐπικτήτου
1411 1470 1544 1506 γενέσεως
1557 1469 1640 1503 νόμον
1656 1468 1854 1503 διορθουμένη.

1056 1519 1196 1554 Περιτομὴ
1208 1518 1263 1553 γάρ
1276 1519 1334 1544 ἐστι
1349 1518 1468 1552 μυστικὴ
1485 1516 1553 1551 (51),
1566 1516 1615 1550 τῆς
1627 1514 1770 1550 ὲμπαθοῦς
1782 1514 1856 1540 κατὰ

1055 1565 1119 1591 νοῦν
1136 1565 1201 1599 περὶ
1215 1563 1264 1599 τὴν
1282 1563 1444 1590 ἐπείσακτον
1461 1562 1567 1596 γένεσιν
1583 1561 1701 1596 σχέσεως
1714 1560 1856 1595 παντελὴς

1055 1611 1238 1645 περιαίρεσις.
1262 1609 1299 1635 Τὸ
1326 1609 1353 1635 δὲ
1383 1609 1519 1635 Σάὄϐατον
1536 1607 1603 1643 (52)
1637 1606 1727 1632 τελεία
1756 1606 1856 1633 παθῶν

1055 1657 1130 1682 ἐστιν
1140 1654 1271 1691 ἀπραξία,
1284 1655 1331 1681 καὶ
1346 1655 1394 1689 τῆς
1403 1654 1466 1690 περὶ
1483 1653 1517 1680 τὰ
1531 1653 1703 1687 πεποιημένα
1717 1652 1856 1688 καθολικὴ

1055 1700 1102 1727 τοῦ
1120 1699 1166 1726 νοῦ
1182 1699 1273 1725 παῦλα
1292 1699 1435 1734 κινήσεως,
1452 1698 1500 1724 καὶ
1526 1697 1593 1732 πρὸς
1611 1697 1641 1723 τὸ
1659 1696 1736 1723 Θεῖον
1760 1696 1855 1723 τελεία

1055 1745 1180 1777 διάϐασις
1192 1753 1198 1760 ·
1216 1745 1245 1771 ὲν
1259 1741 1280 1778 ᾧ
1297 1744 1341 1770 τὸν
1354 1744 1387 1770 δι’
1405 1744 1506 1779 ἀρετῆς
1518 1744 1566 1769 καὶ
1581 1742 1707 1777 γνώσεως
1722 1743 1796 1768 κατὰ
1822 1743 1856 1769 τὸ

1056 1791 1167 1827 θεμιτὸν
1181 1791 1358 1826 ἀφικόμενον,
1370 1790 1400 1816 οὑ
1414 1790 1455 1816 δεῖ
1465 1789 1590 1833 καθάπερ
1602 1789 1667 1821 ξύλα
1678 1789 1728 1824 τὴν
1742 1789 1855 1815 οῑανοῦν

1055 1836 1198 1869 παντελῶς
1213 1836 1280 1871 ὕλην
1294 1835 1445 1871 ἑξαπτικὴν
1460 1835 1637 1870 ἐνθυμεῖσθαι
1659 1834 1754 1860 παθῶν
1764 1842 1772 1849 ⁸
1789 1834 1854 1861 οὔτε

1057 1882 1112 1918 μὴν
1134 1882 1243 1917 φύσεως
1261 1882 1292 1908 τὸ
1313 1881 1446 1917 παράπαν
1471 1880 1656 1914 ἀναλέγεσθαι
1681 1879 1791 1914 λόγους,
1809 1880 1855 1906 ἵνα

1057 1928 1095 1964 μὴ
1109 1928 1225 1955 πάθεσιν
1239 1928 1381 1963 ἡδόμενον,
1398 1927 1415 1962 ἢ
1433 1926 1542 1961 φύσεως
1557 1926 1630 1961 ὅροις
1653 1926 1854 1961 μετρούμενον,

1056 1974 1128 2001 κατὰ
1140 1975 1205 2006 τοὺς
1223 1973 1360 2008 ’Έλληνας
1375 1973 1420 2000 τὸν
1437 1972 1505 2000 Θεὸν
1521 1972 1731 2008 δογματίζωμεν
1741 1979 1750 1988 ⁸
1767 1973 1854 2005 ὅνπερ

1056 2021 1073 2056 ἡ
1087 2020 1179 2046 τελεία
1194 2019 1264 2055 μόνη
1279 2019 1402 2054 κέκραγε
1430 2019 1494 2054 σιγὴ
1522 2018 1590 2054 (55),
1608 2018 1656 2044 καὶ
1679 2019 1695 2053 ὴ
1714 2018 1855 2053 παντελὴς

1055 2066 1118 2093 καθ’
1130 2065 1268 2101 ὑπεροχὴν
1279 2067 1402 2100 ἀγνωσία
1415 2062 1576 2100 παρίστησι.
1590 2064 1647 2096 Τὰς
1659 2064 1688 2090 δὲ
1703 2065 1854 2099 νεομηνίας

1055 2110 1126 2139 εἷναί
1138 2121 1230 2148 φαμεν
1245 2113 1313 2148 (54),
1333 2112 1397 2144 τοὺς
1409 2112 1438 2138 ὲν
1450 2111 1490 2146 τῷ
1500 2111 1594 2147 δρόμῳ
1605 2111 1660 2138 τῶν
1674 2111 1735 2138 κατ’
1751 2111 1854 2146 ἀρετὴν

1055 2159 1104 2186 καὶ
1118 2158 1220 2193 γνῶσιν
1236 2158 1350 2194 ἡμερῶν
1374 2157 1520 2192 διαφόρους
1537 2157 1706 2192 φωτισμοὺς,
1725 2155 1767 2187 οἷς
1785 2165 1854 2191 προ-

1056 2204 1195 2240 τροπάδην
1209 2203 1334 2235 ἅπαντας
1346 2202 1483 2234 ὲνθέοντες
1494 2203 1557 2234 τοὺς
1571 2202 1682 2233 αἰῶνας,
1697 2202 1743 2228 τὸν
1758 2202 1855 2228 δεκτὺν

1056 2248 1179 2274 ἐνιαυτὸν
1187 2247 1233 2274 τοῦ
1246 2247 1347 2282 Κυρίου
1358 2247 1572 2282 πληροῦμεν,τῷ
1579 2246 1635 2280 τῆς
1645 2248 1855 2281 χρηστότητος

1057 2293 1198 2329 στεφάνῳ
1215 2294 1413 2329 κοσμούμενον.
1442 2294 1580 2328 Στέφανος
1607 2293 1635 2319 δὲ
1666 2293 1855 2328 χρηστότητός

1056 2339 1115 2366 ὲστι
1138 2339 1194 2373 (55)
1217 2339 1310 2370 πίστις
1333 2339 1442 2374 καθαρὰ
1461 2338 1543 2365 λίθων
1559 2339 1657 2373 τιμίων
1681 2338 1774 2373 δίκην,
1794 2340 1854 2369 ταῖς

1056 2386 1112 2412 τῶν
1137 2385 1282 2420 δογμάτων
1296 2385 1461 2421 ὐψηγορίαις
1490 2386 1539 2411 καὶ
1560 2385 1651 2419 λόγοις
1673 2384 1853 2420 διηνθισμένη

1057 2433 1254 2468 πνευματικοῖς
1274 2432 1322 2458 καὶ
1339 2432 1468 2467 νοήμασι,
1486 2431 1531 2457 τὸν
1543 2430 1653 2466 θεοφιλῆ
1665 2430 1795 2465 καθάπερ
1809 2439 1855 2456 κε-

1059 2477 1148 2513 φαλὴν
1164 2477 1363 2511 διασφίγγουσα
1377 2476 1450 2504 νοῦν.
1470 2477 1505 2503 ’Ἡ
1524 2476 1624 2512 μᾶλλον
1648 2476 1782 2510 στέφανος
1801 2476 1851 2505 πά-

1056 2524 1097 2551 λιν
1115 2524 1300 2559 χρηστότητός
1316 2523 1391 2550 ἐστιν
1410 2522 1466 2559 (56)
1485 2523 1568 2554 αὐτὸς
1582 2523 1596 2549 ό
1613 2522 1660 2549 τοῦ
1675 2522 1743 2549 Θεοῦ
1761 2523 1851 2556 λόγος,

1054 2571 1069 2596 6
1083 2571 1116 2606 τῇ
1133 2569 1256 2605 ποικιλίᾳ
1272 2569 1327 2596 τῶν
1342 2569 1414 2596 κατὰ
1426 2570 1556 2604 πρόνοιαν
1569 2569 1615 2596 καὶ
1629 2569 1719 2604 κρίσιν
1729 2569 1851 2604 τρόπων,

1055 2616 1141 2652 ἤγουν
1168 2615 1317 2651 ἐγκρατείᾳ
1339 2615 1394 2642 τῶν
1422 2615 1555 2641 ἑκουσίων
1573 2615 1629 2649 (57)
1647 2614 1707 2641 καὶ·
1724 2615 1851 2650 ὑπομονῇ

1054 2661 1110 2688 τῶν
1120 2661 1255 2688 ἀκουσίων
1268 2661 1373 2693 παθῶν.
1387 2661 1423 2692 ὡς
1439 2660 1561 2696 κεςαλὴν
1575 2659 1620 2686 τὸν
1635 2659 1697 2686 νοῦν
1714 2661 1852 2695 περιγρὰ-

1058 2716 1126 2742 φων,
1148 2708 1196 2735 καὶ
1211 2709 1244 2743 τῇ
1267 2709 1366 2743 μετοχῇ
1387 2707 1436 2742 τῆς
1453 2707 1524 2734 κατὰ
1547 2706 1597 2742 τὴν
1612 2706 1711 2733 θέωσιν
1728 2707 1854 2743 χάριτος,

1058 2754 1140 2785 αὐτὸς
1156 2752 1255 2780 ἑαυτοῦ
1270 2753 1315 2780 τὸν
1330 2752 1391 2781 νοῦν
1405 2752 1490 2779 ποιῶν
1506 2751 1683 2787 ὡραιότερον.

212 2806 254 2829 ac,
271 2805 324 2832 qua
344 2798 458 2826 Deitatis
475 2799 560 2834 gratia
582 2799 713 2834 impartit,
732 2799 816 2836 ipsam
835 2800 926 2835 seipsa
944 2801 1135 2829 formosiorcm
1153 2800 1254 2829 reddit.

248 2875 272 2892 ἐ
286 2875 365 2903 Num.
381 2885 424 2910 xv,
440 2878 483 2905 52.
522 2879 543 2894 ⁷ῖ
561 2879 610 2906 lsa.
628 2887 698 2911 LVIII,
715 2880 740 2906 Ξι.
779 2879 802 2895 ’⁸
815 2881 886 2907 l'sal.
899 2878 1005 2912 μηνὶ.
