1933 3078
95 161 112 194 ’ἶ
117 162 148 192 57

625 159 872 197 ΟΙΜΞΞΤΙΟΝΕΞ
890 159 940 190 AD
958 159 1213 190 THALASSIUM.

1670 160 1723 191 758

133 215 194 243 Τῶν
207 215 308 251 ἑορτῶν
321 216 360 248 δὲ,
378 215 426 252 τὴν
444 216 492 252 μὲν
517 216 628 252 πρώτην
639 216 706 252 ('58),
726 216 882 252 πρακτικῆς
896 230 902 244 Α

972 214 1010 242 Διά
1037 214 1107 243 festa
1132 220 1224 243 autem
1247 216 1322 251 quod
1341 217 1441 245 attinet
1463 224 1496 245 ac
1517 217 1724 250 solemnitates,

98 259 169 287 εἶναι
193 261 351 296 φιλοσοφίας
381 262 524 297 σύμϐολον,
551 262 619 297 πρὸς
650 262 750 298 ἀρετὴν
777 262 815 293 ὡς
837 261 885 288 ἀπ’

100 307 240 341 Αἰγύπτου
262 308 311 343 τῆς
328 308 465 343 ἁμαρτίας
476 308 539 339 τοὺς
569 308 613 335 ὑπ’
634 308 720 343 αὐτῆς
735 307 887 343 κρατουμέ-

101 361 163 384 νους
185 352 408 384 διαϐιϐάζουσαν·
437 354 486 389 τὴν
498 354 527 380 δὲ
556 354 684 390 δευτέραν
706 354 774 389 (39),
797 354 847 388 τῆς
859 354 888 380 ἐν

103 399 239 434 πνεύματι
266 400 383 434 φυσικῆς
407 399 491 426 τύπον
518 400 649 435 ὑπάρχειν
682 400 810 435 θεωρίας,
839 399 888 434 τὴν

102 445 169 480 περὶ
185 445 239 471 τῶν
252 445 335 472 ὄντων
350 445 447 480 εὐσεϐῆ
474 445 561 479 δόξαν,
587 446 625 478 ὡς
643 446 770 482 ἀπαρχὴν
794 446 890 481 θέρους

103 491 142 526 τῷ
156 491 217 527 Θεῷ
237 491 473 527 προσκομίζουσαν
484 500 491 508 ⁸
506 493 556 528 τὴν
571 492 599 518 δὲ
611 492 718 528 τρίτην,
751 492 891 528 Θεολογίας

102 535 173 563 εἶναι
191 537 337 573 μυστήριον
357 537 424 572 (40),
441 537 490 573 τὴν
507 538 615 564 πάντων
630 537 684 564 τῶν
701 538 729 564 ὲν
741 539 797 569 τοῖς
809 546 889 572 γεγο-

102 583 161 609 νόσι
184 582 374 618 πνευματικῶν
395 583 481 617 λόγων
497 583 651 618 γνωστικὴν
675 582 742 615 ἕξιν,
771 584 818 610 καὶ
841 583 891 616 τὴν

104 629 165 654 κατ’
194 629 349 663 οἰκονομίαν
375 628 423 655 τοῦ
444 629 630 664 σαρκωθέντος
657 629 743 663 Λόγου
770 630 888 664 παντελῆ

103 672 148 698 διά
169 673 218 708 τῆς
234 673 342 709 χάριτος
372 673 589 709 ἀναμαρτησίαν,
608 674 655 700 καὶ
669 675 718 708 τὴν
739 675 782 701 ἐπ’
798 675 892 707 αὑταῖς

104 719 135 744 ὲν
149 718 189 753 τῷ
206 719 301 754 ἁγαθῷ
317 719 424 746 τελείαν
441 719 488 746 καὶ
515 719 647 746 ἀθάνατον
667 720 799 756 ἀτρεψίαν
814 729 893 756 περι-

106 763 234 798 έχουσαν,
245 763 282 796 ὡς
294 764 452 800 σαλπίγγων
467 764 515 792 καὶ
524 765 638 800 ἱλασμοῦ
649 766 697 792 καὶ
708 766 894 801 σκηνοπηγίας

106 810 264 845 ποιητικήν.

144 897 254 934 Ταύτην
270 899 324 935 ἔχω
339 900 408 933 τέως
422 901 491 928 κατὰ
507 901 571 937 μίαν
582 902 711 938 ἐπιϐολὴν
734 903 766 929 ὲκ
779 903 827 937 τῆς
840 902 894 929 τῶν
911 887 931 914 Β

105 944 221 980 ἡμερῶν
241 946 321 981 τιμῆς
349 946 398 982 τὴν
420 947 558 976 ὑπόνοιαν.
583 949 620 976 Οὐ
642 948 696 984 γὰρ
719 948 749 983 δὴ
765 949 895 984 τιμᾶσθαι

106 990 194 1017 θέλων
206 992 220 1017 ὁ
237 990 302 1024 Θεὸς
313 992 419 1028 ἡμέρας
434 993 486 1019 ὑπὸ
500 993 553 1021 τῶν
566 994 727 1029 ἀνθρώπων,
748 993 895 1029 προσέταξε

105 1036 256 1071 τιμηθῆναι
286 1037 317 1063 τό
339 1046 369 1064 τε
387 1038 533 1072 Σάϐϐα-εον,
550 1039 597 1066 καὶ
613 1039 661 1071 τὰς
681 1039 834 1074 νεομηνίας,
850 1038 897 1065 καὶ

105 1080 158 1112 τὰς
168 1081 274 1117 ἑορτάς.
283 1082 360 1109 Οὕτω
367 1083 421 1118 γὰρ
432 1083 464 1110 ἂν
473 1084 613 1120 λατρεύειν
625 1086 657 1120 τῇ
668 1085 754 1111 κτίσει
770 1085 844 1119 παρὰ
852 1084 897 1111 τὸν

105 1126 241 1154 κτίσαντα
258 1128 329 1155 κατὰ
341 1129 423 1165 νόμον
438 1129 549 1165 ἐντολῆς
564 1130 712 1164 ὲξεδίδαξεν
726 1131 791 1166 (Ill),
807 1131 898 1166 οἰομέ-

106 1179 172 1202 νους
190 1173 290 1205 σεπτὰς
318 1173 386 1200 εἶναι
402 1174 482 1209 φύσει
496 1175 545 1207 τὰς
558 1175 675 1210 ἡμέρας,
691 1175 738 1202 καὶ
761 1175 807 1202 διὰ
820 1175 898 1202 τοῦτο

106 1219 301 1253 προσκυνητάς
315 1227 322 1234 °
335 1219 393 1246 ἀλλ’
405 1220 502 1247 ἑαυτὸν
519 1220 649 1256 τιμᾶσθαι
673 1221 842 1256 συμϐολικῶς
855 1221 899 1248 διὰ

107 1260 164 1287 τῶν
185 1262 295 1297 ἡμερῶν
315 1265 515 1300 παρεδήλωσεν.
536 1265 622 1297 Αὐτὸς
638 1265 692 1301 γάρ
707 1267 764 1292 ἐστι
789 1265 900 1292 Σάϐϐα-

106 1315 158 1332 τον
172 1307 221 1342 μὲν
233 1307 300 1344 (42),
326 1309 363 1341 ὼς
379 1309 433 1335 τῶν
448 1311 477 1336 ὲν
506 1310 588 1345 σαρκὶ
608 1311 656 1346 τῆς
677 1310 766 1346 ψυχῆς
792 1310 900 1346 μόχθων

107 1353 275 1385 ἀνάπαυσις,
285 1355 332 1380 καὶ
349 1355 402 1382 τῶν
416 1357 486 1383 κατὰ
508 1356 679 1392 δικαιοσύνην
694 1357 782 1383 πόνων
814 1347 900 1383 κατά-

109 1407 216 1430 παυσις
229 1408 236 1416 ·
255 1401 351 1436 Πάσχα
365 1401 391 1428 δὲ
411 1403 477 1437 (43),
491 1402 528 1433 ὡς
541 1402 724 1438 ἐλευθερωτής
738 1403 792 1429 τῶν
804 1404 836 1439 τῇ
855 1412 901 1430 πι-

109 1445 168 1479 κρᾷ
189 1445 295 1481 δουλείᾳ
316 1448 528 1483 κεκρατημένων
541 1448 590 1483 τῆς
618 1449 765 1484 ἁμαρτίας.
802 1449 902 1484 Πεντη-

111 1490 200 1525 κοστὴ
217 1491 244 1517 δὲ
266 1491 334 1527 (44),
353 1492 390 1524 ὼς
408 1493 478 1528 ἁρχὴ
505 1494 551 1520 καὶ
566 1493 642 1525 τέλος
658 1494 712 1520 τῶν
734 1494 829 1527 ὄντων,
855 1495 902 1522 καὶ

109 1535 204 1569 λόγος,
258 1537 292 1563 τὰ
323 1538 412 1564 πάντα
429 1539 508 1572 φύσει
526 1539 700 1574 συνέστηκεν.
716 1540 747 1566 Et
763 1540 817 1576 γὰρ
834 1540 902 1575 μετὰ.

109 1582 166 1617 τὴν
174 1583 213 1614 εἰς
229 1583 328 1619 ἑαυτὴν
346 1584 527 1620 ἑϐδοματικὴν
542 1586 591 1620 τῆς
617 1585 762 1621 ἑϐδομάδος
778 1586 902 1622 περίοδόν

111 1628 220 1662 ἐστινὴ
234 1628 417 1665 Πεντηκοστὴ,
442 1630 589 1665 πενταδικὴ
613 1630 641 1657 δὲ
666 1631 759 1666 σαφῶς
784 1632 902 1667 ὑπάρχει

111 1673 219 1709 δεκάςή
238 1675 411 1711 Πεντηκοστή
418 1684 425 1691 ·
438 1675 578 1712 προδήλως
584 1676 637 1712 ἄρα
646 1676 699 1703 τῶν
707 1677 790 1704 ὄντων
800 1678 903 1713 ἡφύσις

112 1720 188 1746 κατὰ
205 1719 249 1746 τὸν
269 1721 370 1756 ἑαυτῆς
400 1721 478 1756 λόγον
497 1722 663 1757 ὑπάρχουσα
692 1723 838 1759 πενταδικὴ
861 1723 904 1750 διὰ

112 1766 167 1797 τὰς
200 1766 350 1802 αἰσθήσεις,
379 1768 447 1803 μετὰ
475 1769 524 1804 τὴν
536 1769 663 1805 ,φυσικὴν
681 1769 727 1796 τοῦ
742 1769 838 1804 χρόνου
858 1769 905 1796 καὶ

113 1811 172 1837 τῶν
192 1811 299 1839 αἰώνων
326 1812 462 1846 διάϐασιν,
488 1814 517 1841 ἐν
538 1814 577 1849 τῷ
599 1814 660 1850 Θεῷ
676 1813 762 1846 ἔσται,
780 1814 819 1849 τῷ
835 1815 906 1841 κατὰ

115 1857 202 1891 φύσιν
222 1858 272 1891 ἐνὶ,
286 1858 327 1895 μὴ
348 1859 481 1895 δεχομένη
495 1860 596 1896 πέρας·
620 1861 649 1887 ὲν
669 1857 691 1895 ᾧ
707 1860 843 1891 παντελῶς
855 1860 905 1886 οὐκ

115 1903 178 1929 ἐστι
207 1903 357 1935 διάστασις.
385 1904 454 1931 Φασὶ
472 1905 526 1940 γάρ
550 1914 622 1937 τινες
641 1903 710 1932 εἶναι
731 1905 832 1941 μονάδα
847 1904 904 1940 [Fn

114 1947 231 1984 δεκάόαῙ
249 1949 294 1976 τὸν
318 1950 406 1984 λόγον,
425 1951 464 1983 ὡς
490 1952 617 1987 πρόνοιαν
645 1953 717 1978 κατὰ
738 1951 850 1987 πρόοδον
872 1952 906 1986 τῇ

114 1992 211 2018 δεκάδι
243 1993 298 2020 τῶν
328 1994 445 2021 ἐντολῶν
467 1995 676 2031 πλατυνόμενον.
707 1996 841 2032 ὀπηνίκα
879 1996 908 2023 δὲ

117 2038 245 2074 συναφθῇ
258 2039 297 2074 τῷ
309 2039 380 2075 λόγῳ
395 2041 467 2067 κατὰ
482 2041 562 2077 χάριν
575 2042 592 2077 ἡ
604 2041 696 2076 φύσις,
720 2042 771 2068 οὐκ
781 2041 858 2068 ἔσται
873 2041 908 2068 τὰ.

116 2081 157 2110 ὧν
170 2084 218 2110 οὐκ
238 2085 315 2118 ἄνευ,
329 2086 379 2119 τῆς
391 2086 444 2113 τῶν
460 2086 540 2121 φύσει
554 2088 721 2123 κινουμένων
731 2088 908 2122 ἀλλοιωτικῆς

116 2131 325 2167 ἀπογενομένης
350 2133 493 2169 κινήσεως.
515 2134 562 2160 Δεῖ
580 2134 635 2170 γὰρ
654 2136 704 2169 τὴν
731 2134 908 2171 πεπερασμέ-

116 2185 171 2212 νην
183 2177 287 2209 στάσιν,
304 2179 332 2204 ὲν
377 2178 499 2212 γίνεσθαι
516 2180 638 2215 πέφυκεν
661 2180 690 2214 ὲε
707 2181 830 2216 ἀνάγκης
848 2181 909 2208 κατ’

116 2222 263 2249 ἀλλοίωσιν
276 2223 329 2250 τῶν
343 2225 508 2260 κινουμένων
519 2226 536 2260 ἡ
557 2227 673 2261 κίνησις,
691 2225 819 2259 δέξασθαι
833 2225 910 2259 τέλος

115 2268 150 2302 τῇ
171 2268 308 2304 παρουσίᾳ
322 2269 372 2304 τῆς
389 2270 543 2306 ἀπεράντου
554 2271 684 2304 στάσεως,
698 2268 754 2310 ὲνῇ
774 2272 910 2299 παύεσθαι

117 2314 229 2347 πέφυκε
243 2313 297 2341 τῶν
311 2316 476 2351 κινουμένων
493 2317 509 2353 ἡ
523 2317 640 2353 κίνησις.
661 2318 705 2344 Ἐν
715 2314 737 2352 ᾧ
753 2318 807 2354 γὰρ
823 2319 910 2354 πέρας

116 2359 193 2386 κατὰ
213 2360 294 2395 φύσιν
309 2363 377 2394 ἐστὶ,
393 2363 440 2390 καὶ
461 2363 623 2400 ἀλλοιωτικὴ
647 2365 756 2397 πάντως
775 2365 792 2400 ἡ
808 2365 862 2391 τῶν
883 2367 912 2392 ὲν

116 2405 197 2440 αὐτῷ
212 2406 366 2443 καθέστηκε
376 2408 483 2444 κίνησις
496 2417 502 2424 ·
519 2409 547 2436 ἐν
599 2409 628 2436 δὲ
645 2409 730 2445 πέρας
745 2410 817 2437 κατὰ
830 2411 912 2444 φύσιν

117 2452 174 2478 οὐκ
201 2451 285 2484 ἔστιν,
307 2453 420 2489 οὐδεμία
446 2454 587 2487 παντελῶς
617 2455 779 2491 ἀλλοιωτικὴ
806 2456 858 2483 τῶν
884 2457 912 2483 ἐν

117 2497 199 2532 αὖτῷ
227 2498 414 2534 γνωσθήσεται
432 2501 547 2536 κίνησις.
568 2500 672 2528 Οὐκοῦν
697 2502 711 2528 ὁ
736 2501 786 2537 μὲν
812 2502 914 2536 κόσμος

118 2544 205 2575 τόπος
216 2545 274 2571 ἐστὶ
300 2546 520 2581 πεπερασμένος,
542 2547 588 2573 καὶ
613 2547 707 2579 στάσις
724 2556 914 2583 περιγεγραμ-

120 2590 193 2626 μένη
204 2599 210 2606 ·
224 2591 238 2617 ὁ
252 2590 280 2617 δὲ
289 2591 394 2626 χρόνος,
412 2593 636 2628 περιγραφομένη
653 2593 805 2629 καθέστηκε
834 2594 913 2629 κίνη-

120 2645 166 2668 σις
177 2644 184 2651 ’
203 2636 266 2663 ὅθεν
277 2639 324 2664 καὶ
340 2637 503 2674 ἀλλοιωτικὴ
518 2639 573 2665 τῶν
604 2640 632 2665 ὲν
654 2638 728 2674 αὐτῷ
743 2639 915 2675 καθέστηκεν

121 2685 139 2719 ἠ
154 2683 226 2711 κατὰ
251 2685 301 2720 τὴν
330 2684 402 2720 ζωὴν
425 2685 543 2721 κίνησις.
567 2685 700 2720 Ὀττηνίκα
721 2685 749 2712 δὲ
767 2685 812 2712 τὸν
835 2685 918 2712 τόπον

120 2730 279 2763 διελθοῦσα,
306 2731 353 2757 καὶ
366 2731 411 2758 τὸν
427 2732 522 2767 χρόνον
537 2733 597 2759 κατ’
614 2732 754 2767 ἐνέργειάν
767 2740 797 2758 τε
816 2732 863 2758 καὶ
876 2731 919 2758 ἔν-

121 2784 211 2808 νοιαν,
225 2776 241 2810 ἡ
267 2776 347 2809 φύσις
361 2776 455 2811 (ἤγουν
471 2776 506 2805 τὰ
522 2774 559 2804 ὦν
583 2777 633 2803 οὐκ
647 2776 723 2809 ἄνευ,
736 2775 859 2802 τουτέστι
872 2775 920 2812 τὴν

162 2865 186 2882 "’
202 2865 281 2893 Rom.
301 2874 319 2897 ι,
335 2865 378 2892 25.

936 260 1027 295 prima
1042 260 1153 295 quidem
1168 261 1228 296 ejus
1240 261 1422 297 philosophiae
1435 262 1590 299 symbolum
1601 266 1654 295 est,
1665 270 1726 297 qua:

938 306 966 334 in
977 307 1084 334 actione
1101 312 1241 340 versatur;
1258 315 1319 342 quae
1339 308 1445 336 scilicet
1463 309 1539 336 velut
1551 316 1585 336 ex
1598 308 1725 344 Egypto,

938 359 954 379 a
970 356 1084 387 peccato
1102 352 1135 380 ad
1148 352 1278 380 virtutem
1293 360 1342 380 eos
1356 353 1491 387 traducat.
1506 361 1624 389 quorum
1637 353 1727 381 domi-

939 402 1030 426 natur.
1042 398 1136 426 Altera
1149 405 1227 432 vero,
1240 399 1375 427 naturalis
1386 399 1413 426 in
1423 399 1523 434 spiritu
1533 398 1729 434 speculationis

940 448 1034 480 typum
1057 444 1146 480 gerit;
1169 452 1230 479 quae
1250 444 1382 472 nimirum
1405 445 1502 480 pietati
1523 445 1674 473 haerentem
1694 445 1728 473 de

941 493 1024 521 rebus
1048 494 1215 522 sententiam
1239 498 1368 529 tanquam
1393 494 1492 521 messis
1514 494 1650 529 primitias
1672 493 1730 520 Deo

941 538 1048 566 oderat.
1067 539 1160 566 Tertia
1182 538 1301 574 denique
1323 539 1467 574 theologia:
1489 538 1650 574 mysterium
1671 542 1728 571 est;

941 591 1003 619 quae
1016 583 1145 612 videlicet
1165 584 1289 611 omnium
1308 583 1337 611 in
1352 583 1436 611 rebus
1452 583 1553 611 creatis
1566 582 1730 617 spiritalium

943 629 1083 656 rationum
1103 629 1226 657 scientia:
1244 629 1382 661 habitum,
1400 628 1566 664 plenamque
1579 628 1664 656 Verbi
1686 635 1731 655 sc-

943 674 1064 702 cundum
1082 674 1315 710 dispensationem
1333 674 1467 702 incarnati
1480 674 1575 709 gratia:
1589 680 1703 700 munere
1717 681 1732 699 a

943 724 1057 756 peccato
1071 721 1286 753 immunitatem;
1303 728 1334 747 ac
1349 724 1498 755 postremo,
1513 719 1588 747 velut
1603 726 1663 753 qum
1675 718 1732 753 ipsa

945 766 1073 793 tubarum
1093 770 1121 793 et
1142 765 1346 800 propitiationis
1368 773 1400 793 ac
1420 765 1589 800 scenopegiaa
1609 763 1733 792 effectrix

944 811 1068 844 exsistat,
1084 811 1234 846 perfectam
1249 818 1281 838 ac
1296 810 1478 838 immortalem
1495 810 1522 837 in
1538 809 1612 837 bono
1633 809 1734 836 immu-

946 858 1118 890 tabilitatcm,
1137 857 1234 884 horum
1249 857 1361 886 cumulo
1376 856 1583 891 complectatur.

982 903 1028 930 Sic
1049 902 1117 930 mihi
1147 903 1280 930 hactenus
1304 910 1359 929 uno
1387 909 1481 934 sensu,
1499 908 1531 928 ex
1556 901 1661 928 honore
1688 900 1734 935 qui

946 949 1045 976 diebus
1066 948 1194 981 habetur,
1220 948 1388 983 opinandum
1412 947 1559 975 succurrit.
1581 946 1640 974 Non
1662 946 1735 973 enim

947 995 1061 1027 idcirco,
1078 995 1149 1029 quod
1167 995 1239 1022 Deus
1258 995 1363 1022 honore
1383 994 1436 1021 coli
1453 993 1487 1021 ab
1503 992 1662 1020 hominibus
1678 991 1736 1019 dies

947 1042 1047 1073 vellet,
1071 1040 1220 1068 Sabbatum
1243 1041 1346 1075 pariter
1366 1044 1394 1068 et
1415 1039 1589 1071 neomenias,
1614 1037 1736 1072 festaque

947 1087 1080 1114 solemnia
1097 1086 1212 1114 colenda
1232 1086 1371 1121 praecepit.
1389 1085 1434 1112 Sic
1449 1085 1523 1112 enim
1540 1083 1644 1112 servire
1661 1089 1738 1110 crear

949 1138 1017 1160 tura:
1031 1133 1068 1165 ",
1082 1132 1169 1167 magis
1188 1139 1270 1167 quam
1292 1131 1415 1159 Creatori
1441 1130 1485 1166 (ad
1505 1130 1625 1158 mandati
1650 1130 1737 1164 legem

949 1178 1023 1214 quod
1048 1177 1157 1212 attinet)
1179 1178 1242 1205 illos
1261 1177 1415 1210 docuisset;
1431 1184 1493 1204 cum
1511 1176 1616 1204 scilicet
1636 1175 1664 1208 ii,
1679 1174 1739 1202 dies

949 1229 1048 1252 natura
1063 1223 1245 1256 venerabiles,
1264 1231 1296 1250 ac
1313 1227 1458 1258 propterea
1477 1223 1518 1250 eis
1534 1222 1638 1249 cultum
1659 1219 1739 1248 adhi—

950 1269 1071 1298 bendum
1096 1269 1314 1302 arbitrarentur;
1340 1268 1389 1296 sed
1414 1268 1472 1303 ipse
1495 1268 1546 1295 sibi
1573 1275 1607 1294 ex
1632 1267 1739 1294 dierum

951 1315 1058 1342 ratione
1080 1315 1214 1342 honorem
1239 1314 1412 1347 habendum,
1434 1314 1558 1350 symbolo
1579 1313 1738 1341 declaravit.

951 1362 1011 1397 Ipse
1031 1361 1104 1388 enim
1128 1366 1156 1389 et
1174 1361 1325 1388 Sabbatum
1347 1365 1400 1393 est,
1415 1360 1491 1388 velut
1509 1360 1594 1387 animi
1612 1359 1640 1386 in
1659 1366 1742 1386 carne
1774 1395 1778 1398 ι

952 1414 1138 1434 aerumnarum
1164 1406 1297 1440 amolitio,
1319 1413 1350 1433 ac
1372 1405 1486 1441 iustitiae
1508 1405 1633 1432 laborum
1651 1403 1741 1439 quies.

953 1451 1058 1478 Pascha
1075 1455 1178 1482 autem,
1192 1454 1222 1477 ut
1238 1457 1335 1478 eorum
1352 1450 1494 1482 liberator,
1508 1449 1555 1484 qui
1571 1456 1662 1477 amara
1678 1455 1742 1483 pec-

954 1495 1008 1523 cati
1028 1495 1160 1522 servitute
1180 1498 1319 1522 tencnlur.
1336 1494 1499 1521 Pentecoste
1514 1501 1591 1525 vero,
1605 1497 1635 1520 ut
1653 1501 1744 1520 rerum

916 1551 936 1581 c
953 1536 1121 1576 principium
1146 1544 1174 1568 et
1197 1540 1270 1572 ﬁnis,
1286 1540 1461 1574 Vcrbumque
1486 1544 1514 1566 et
1541 1540 1621 1572 ratio,
1638 1540 1665 1566 in
1691 1546 1746 1574 qua

953 1590 1052 1614 cuncta
1073 1589 1173 1613 natura
1195 1585 1360 1613 consistunt.
1389 1584 1456 1612 Cum
1479 1585 1552 1612 enim
1573 1589 1636 1620 post
1657 1589 1747 1620 septe-

954 1640 1017 1659 nam
1030 1632 1188 1667 septimanae
1200 1631 1227 1659 in
1239 1632 1356 1667 seipsam
1370 1631 1512 1666 periodum
1525 1631 1560 1659 sit
1572 1632 1745 1663 Pentecoste.

954 1678 1044 1713 sitque
1073 1677 1351 1712 palam‘Pentecoste
1382 1677 1462 1711 287
1489 1676 1614 1711 quinaria
1646 1676 1745 1708 decas;

955 1723 1100 1758 perspicue
1127 1722 1253 1757 sequitur
1272 1730 1364 1749 rerum
1381 1727 1517 1755 naturam,
1533 1730 1593 1757 qum
1609 1722 1666 1757 ipsa
1686 1730 1701 1750 a
1718 1730 1748 1750 se

956 1777 1087 1797 sensuum
1107 1769 1214 1796 ratione
1237 1769 1362 1803 quinaria
1380 1768 1424 1800 sit,
1443 1772 1505 1803 post
1522 1773 1681 1803 superatum
1701 1776 1750 1796 na-

956 1820 1017 1843 tura
1038 1819 1146 1849 tempus
1162 1817 1244 1848 atque
1262 1814 1372 1847 saecula,
1392 1813 1420 1841 in
1440 1814 1496 1841 Deo
1517 1813 1586 1846 fore,
1605 1815 1653 1849 qui
1677 1823 1749 1842 unus

956 1866 998 1888 cst
1016 1867 1065 1896 per
1080 1864 1218 1892 naturam,
1234 1859 1341 1887 nullum
1360 1859 1515 1887 habituram
1535 1858 1614 1887 ﬁnem
1628 1868 1634 1886 :
1652 1859 1679 1886 in
1695 1868 1750 1895 quo

957 1906 1063 1933 Scilicet
1075 1905 1149 1931 nulla
1161 1912 1275 1940 prorsus
1286 1904 1415 1932 distantia
1429 1912 1476 1932 seu
1491 1905 1606 1932 mutatio
1619 1904 1664 1932 sit.
1680 1904 1751 1932 Sunt

957 1952 1030 1979 enim
1052 1952 1099 1987 qui
1121 1952 1214 1980 dicant
1246 1956 1308 1980 ease
1330 1952 1476 1980 monadem
1497 1952 1575 1986 λόγον
1595 1952 1750 1987 (sermonem

959 1998 1065 2026 scilicet
1089 2006 1122 2026 ac
1145 1997 1287 2034 rationem)
1314 2003 1442 2034 tanquam
1465 1999 1676 2034 providentiam,
1691 2007 1752 2034 qua:

959 2044 1150 2079 progressione
1179 2044 1371 2072 mandatorum
1413 2044 1515 2072 decade
1538 2039 1750 2079 multiplicetur.

959 2089 1011 2118 Ubi
1031 2094 1123 2118 autem
1140 2094 1238 2118 natura
1261 2090 1360 2118 rationi
1378 2090 1480 2126 (Verbo
1495 2090 1625 2117 nimirum
1640 2097 1672 2116 ac
1686 2089 1752 2117 Ser—

961 2137 1047 2173 moni)
1065 2145 1115 2172 per
1138 2137 1253 2173 gratiam
1279 2138 1405 2172 copulata
1427 2136 1520 2170 fuerit,
1537 2144 1592 2164 non
1610 2141 1693 2164 erunt
1708 2143 1750 2168 ea,

961 2183 1021 2210 sine
1038 2182 1139 2217 quibus
1155 2190 1220 2214 non,
1237 2181 1311 2217 quod
1329 2189 1428 2217 nempe
1447 2189 1554 2213 eorum,
1571 2188 1632 2216 qua:
1655 2185 1752 2208 natura

965 2233 1122 2260 moventur,
1138 2233 1230 2256 motus
1249 2228 1325 2256 varie
1340 2235 1451 2255 sensum
1474 2227 1593 2255 alliciens
1611 2227 1753 2255 detereusv

964 2282 1019 2310 que
1044 2274 1231 2310 (alterationis
1257 2274 1370 2308 vocant)
1396 2273 1520 2301 desierit.
1547 2273 1663 2301 Necesse
1680 2272 1753 2300 enim

964 2324 1016 2352 est,
1032 2326 1062 2347 ut
1077 2319 1153 2347 ﬁnita
1171 2319 1251 2355 quies
1265 2319 1304 2355 (in
1323 2326 1376 2354 qua
1392 2319 1549 2346 necessario
1566 2326 1615 2353 per
1630 2318 1755 2346 demuta-

966 2366 1068 2393 tionem
1090 2365 1143 2393 alia
1161 2373 1195 2392 ex
1213 2365 1265 2392 alia
1283 2365 1429 2400 qualitate,
1442 2371 1549 2396 eorum,
1565 2371 1626 2398 quae
1644 2371 1755 2390 moven-

967 2416 1023 2445 tur,
1040 2413 1126 2440 motui
1142 2416 1173 2439 ut
1189 2411 1236 2438 ﬁat
1253 2415 1440 2446 comparatum
1456 2408 1508 2445 est)
1530 2409 1612 2437 ﬁnem
1627 2409 1753 2444 accipiat.

967 2461 1101 2493 praesente
1118 2457 1174 2492 jam
1197 2455 1395 2483 interminabili
1416 2455 1520 2489 quiete,
1538 2453 1565 2480 in
1586 2461 1640 2489 qua
1659 2460 1755 2480 eorum

967 2510 1029 2538 qute
1047 2506 1202 2533 moventur,
1217 2505 1309 2528 motus
1328 2507 1436 2528 cessare
1450 2499 1542 2525 habet.
1564 2498 1593 2525 In
1613 2505 1668 2532 quo
1682 2497 1755 2524 enim

967 2551 1065 2575 natura
1080 2546 1213 2574 terminus
1227 2549 1279 2579 est,
1291 2544 1404 2572 omnino
1415 2544 1497 2572 etiam
1510 2547 1600 2570 motus
1609 2542 1755 2578 ejusmodi,

968 2593 1015 2628 qui
1030 2600 1064 2620 ex
1079 2592 1131 2621 alia
1149 2592 1177 2619 in
1194 2591 1276 2618 aliam
1290 2590 1420 2620 transfert
1433 2589 1604 2625 qualitatem,
1621 2589 1660 2616 illi
1674 2589 1755 2616 inest.

969 2638 998 2666 ln
1013 2645 1068 2673 quo
1080 2641 1171 2665 autem
1184 2641 1282 2664 natura
1295 2635 1430 2664 terminus
1445 2643 1500 2663 non
1515 2639 1565 2668 est,
1580 2635 1608 2662 in
1620 2642 1653 2662 eo
1665 2634 1758 2662 nullus

966 2683 1079 2711 omnino
1097 2682 1236 2719 ejusmodi
1255 2686 1347 2709 motus
1365 2684 1501 2709 occurret.
1522 2680 1617 2716 igitur,
1638 2679 1757 2706 mundus

968 2730 1079 2765 quidem
1095 2729 1173 2757 locus
1187 2732 1230 2756 est
1241 2727 1434 2757 terminativus
1445 2735 1478 2754 ac
1489 2726 1565 2754 ﬁnita
1579 2725 1672 2760 quies;
1686 2730 1752 2752 tem-

969 2783 1022 2811 pus
1037 2779 1139 2808 autem,
1154 2778 1245 2803 motus
1258 2777 1301 2803 est
1313 2773 1459 2807 deﬁnitus;
1473 2779 1507 2800 ex
1518 2778 1573 2807 quo
1586 2770 1669 2799 etiam
1684 2769 1715 2798 ﬁt
1728 2775 1756 2798 ut
