1936 3078
230 166 284 199 ’159

815 165 846 196 S.
866 166 1009 196 MAXIMI
1028 166 1283 198 CONFESSORIS

1809 168 1872 202 ’τω

229 229 327 251 eorum
341 229 401 256 qua:
417 221 442 248 in
458 220 505 248 illo
517 222 674 252 versantur,
688 219 751 247 vita).
766 225 867 253 motus,
884 221 1007 256 ejusmod

1073 224 1284 258 πεπερασμένην
1300 223 1394 251 στάσιν
1408 224 1454 252 καὶ
1469 225 1597 260 κίνησιν),
1611 221 1723 261 hilum-4'
1737 227 1864 261 συναφθῇ

230 267 277 300 sit,
290 267 336 302 qui
353 274 401 301 per
416 273 463 293 cas
476 265 636 299 qualitates,
653 272 713 299 quae
730 265 806 292 varie
824 273 936 293 sensum
959 266 1018 294 alli-

230 314 324 344 ciunt,
343 312 478 338 immutet.
501 310 553 339 Ubi
575 314 668 337 autem
691 315 800 344 natura,
817 319 848 338 re
865 311 970 346 pariter
987 319 1019 340 ac

229 358 393 394 cogitatione
415 358 504 384 locum
524 364 700 392 supergressa
719 362 747 384 et
760 362 867 392 tempus
886 359 928 393 (ca
944 358 1018 386 scili-

229 409 273 432 cet
295 404 355 431 sine
377 403 479 439 quibus
502 411 575 435 non,
599 407 630 430 ut
648 408 762 436 vocant,
790 411 889 439 nempe
913 405 1018 432 [initam

228 450 349 485 quietem
360 457 392 476 ac
407 449 523 483 motum)
536 449 612 476 nullo
626 449 717 475 medio
732 449 914 476 Pravidentize
931 450 1019 477 cohae-

227 495 305 529 serit,
320 495 455 523 rationem
470 499 569 522 natura
581 494 734 529 simplicem
748 498 778 522 et
793 495 931 528 stabilem,
943 496 1018 523 omni

227 542 340 569 omnino
356 541 611 576 circumscriptione
626 541 669 576 (ac
688 540 804 575 proinde
816 542 891 568 omni
907 550 1018 576 prorsus

227 588 322 621 motu)
345 591 504 619 carentem,
531 586 656 614 oﬂ‘endit.
687 586 873 619 Quamobrem
902 592 1016 621 natura,

226 633 350 669 quandlu
377 633 490 669 quidem
518 633 547 660 in
573 633 678 660 mundo
706 638 881 668 temporanea
910 634 1018 662 ratione

226 684 363 711 versatur,
391 683 498 707 motum
526 679 610 707 habet
635 679 712 706 varia
743 686 855 707 sensum
887 681 1018 715 qualitate

226 729 391 758 mutantem,
413 725 450 752 ob
468 724 564 752 mundi
589 724 695 752 ﬁnitam
719 725 850 760 quietem,
874 726 1019 761 temporis-

225 779 280 807 que
295 773 323 799 in
339 772 478 800 diversum
501 771 655 798 trahentem
675 771 893 806 corruptionem,
908 780 940 800 ac
957 773 1018 800 labe

1072 271 1104 305 τῇ
1121 271 1246 306 Προνοίᾳ,
1259 271 1338 305 λόγον
1355 271 1474 307 εὑρίσκει
1483 272 1532 307 τὴν
1547 272 1680 308 Πρόνοιαν
1690 271 1762 298 κατὰ.
1778 271 1865 307 φύσιν

1071 317 1173 344 ἁπλοῦν
1197 318 1244 345 καὶ
1258 318 1399 354 στάσιμον,
1429 319 1475 345 καὶ
1493 319 1627 354 μηδεμίαν
1652 319 1747 354 ἔχοντα
1770 319 1865 354 πάντη

1071 363 1256 398 περιγραφὴν,
1272 363 1320 390 καὶ
1338 363 1382 390 διὰ
1396 363 1474 390 τοῦτο
1497 364 1638 395 παντελῶς
1650 363 1712 390 οὔτε
1738 364 1863 399 κίνησιν.

1070 408 1169 443 Διόπερ
1190 408 1219 434 ἐν
1237 408 1286 443 μὲν
1312 408 1350 444 τῷ
1375 409 1469 445 κόσμῳ
1488 410 1648 445 ὑπάρχουσα
1673 410 1811 445 χρονικῶς
1845 412 1863 445 ἡ

1068 453 1160 488 φύσις,
1185 452 1363 490 ἀλλοιωτικὴν
1386 456 1441 491 ἔχει
1459 457 1508 492 τὴν
1527 457 1645 492 κίνησιν,
1677 457 1720 483 διὰ
1742 457 1793 492 τὴν
1812 457 1864 484 τοῦ

1067 499 1170 533 κόσμου
1184 501 1395 536 πεπερασμένην
1411 503 1515 535 στάσιν,
1530 503 1578 530 καὶ
1596 503 1646 538 τὴν
1654 503 1718 529 καθ’
1733 503 1865 538 ἑτεροίωη

1067 551 1110 570 σιν
1123 542 1170 570 τοῦ
1185 543 1282 578 χρόνου
1296 546 1399 581 φθοράν
1411 554 1418 562 ·
1435 547 1463 573 ὲν
1478 547 1506 574 δὲ
1526 546 1564 582 τῷ
1587 546 1646 582 Θεῷ
1656 546 1798 582 γινομένη,
1818 547 1865 573 διὰ

1069 589 1118 625 τὴν
1133 590 1252 626 φυσικὴν
1262 590 1308 617 τοῦ
1325 593 1353 618 ὲν
1407 593 1501 627 γέγονε
1528 593 1640 628 μονάδα,
1656 592 1750 618 στάσιν
1770 592 1864 618 ἀεικί-

1069 644 1150 671 νητον
1173 639 1239 672 ἕξει,
1269 640 1317 666 καὶ
1343 640 1473 674 στάσιμον
1499 638 1720 673 ταυτοκινησίαν,
1747 638 1815 673 περὶ
1833 638 1865 664 τὺ

1068 683 1167 710 ταυτὸν
1179 686 1226 712 καὶ
1237 686 1266 713 ἓν
1283 686 1330 712 καὶ
1349 686 1428 721 μόνον
1446 684 1540 716 ἁῐδίως
1554 683 1702 719 γινομένην
1715 691 1721 697 ·
1736 683 1770 718 ἣν
1791 681 1864 710 οἶδεν

1068 729 1084 755 ὁ
1097 728 1176 763 λόγος
1199 731 1302 766 ἄμεσον
1317 731 1387 758 εἶναι
1405 731 1470 766 περὶ
1484 729 1514 756 τὸ
1530 729 1638 765 πρῶτον
1655 728 1742 756 αἴτιον
1756 728 1815 756 τῶν
1833 728 1864 760 ἐξ

1069 775 1153 802 αὐτοῦ
1170 777 1361 813 πεποιημένων
1385 776 1498 812 μόνιμον
1511 775 1628 811 ἵδρυσιν.

226 818 410 846 deterentem.
422 818 453 845 ln
466 818 522 845 Deo
533 820 625 844 autem
641 818 790 845 constituta
800 825 919 854 eumque
930 824 1020 853 nacta,
1041 828 1092 856 per
1105 822 1176 858 ejus,
1192 823 1220 850 in
1238 831 1294 858 quo
1312 824 1423 851 condita
1439 827 1492 855 est,
1526 822 1680 850 naturalem
1694 821 1858 854 monadem,

225 865 387 900 sempiterni
408 868 501 892 motus
521 866 642 900 quietem
664 865 792 892 habitura
813 870 865 897 est,
883 867 1063 903 ejusdemque
1079 873 1170 897 motus
1201 870 1275 898 circa
1291 871 1375 903 idem,
1389 877 1530 904 unumque
1543 877 1575 896 ac
1590 869 1690 900 solum,
1724 869 1752 895 in
1787 876 1862 895 sem-

226 913 364 947 piternum
380 910 459 938 ﬁxam
472 911 650 938 stabilitatem
667 919 674 937 :
691 918 773 945 quam
790 910 882 939 divina
894 912 1015 947 eloquia,
1036 915 1109 942 circa
1124 916 1244 951 primum
1261 917 1420 949 Auctorem,
1433 924 1529 944 eorum
1562 923 1623 950 quae
1640 915 1675 942 ab
1689 922 1724 942 eo
1739 914 1855 943 condita

224 962 299 989 sunt,
318 964 467 992 perennem
489 956 651 992 ﬁrmamque
671 956 866 989 adhaesionem.
886 958 1016 993 velutque
1035 960 1128 988 sedem
1145 969 1177 990 ac
1192 962 1413 994 collocationem,
1432 968 1531 989 vacare
1546 968 1673 988 suevere.

258 1004 343 1038 288
358 1003 406 1031 Est
417 1010 484 1039 ergo
509 1003 688 1031 Pentecostes
713 1003 887 1038 mysterium,
915 1004 1008 1033 imme-

1101 1009 1292 1044 Πεντηκοστῆς
1311 1007 1357 1037 οὖν
1382 1010 1439 1036 ἐστι
1454 1009 1484 1035 τδ
1501 1008 1660 1043 μυστήριον,
1684 1007 1701 1042 ἡ
1717 1005 1786 1042 πρὸς
1808 1006 1860 1041 τὴν

222 1050 296 1077 diata
308 1057 416 1081 eorum,
434 1049 481 1084 qui
499 1049 679 1077 Providentia
695 1054 841 1084 reguntur,
858 1058 922 1077 cum
946 1051 1014 1080 Pro-

222 1097 343 1124 videntia
360 1097 444 1129 unio;
461 1096 514 1123 hoc
530 1101 584 1128 est,
596 1100 702 1123 natura:
717 1103 779 1123 cum
795 1097 902 1125 ratione
917 1097 1013 1126 divino

222 1143 407 1170 Providentia:
422 1143 525 1175 amatu,
554 1143 711 1178 copulatio;
736 1143 890 1171 secundum
918 1153 1011 1179 quam,

220 1189 296 1216 nulla
312 1197 426 1224 prorsus
435 1189 568 1224 temporis
579 1193 712 1224 ortusque
723 1190 912 1224 generationis
923 1191 1013 1227 imago

219 1239 351 1263 exstatac
366 1235 586 1270 reprwsentatio.
605 1235 725 1263 Rursum
742 1240 835 1264 autem
859 1237 935 1270 tuba,
958 1245 1011 1265 no-

219 1286 277 1309 stra
296 1282 367 1309 ratio
386 1286 438 1314 est,
451 1290 484 1309 ac
498 1289 609 1315 sermo;
625 1282 673 1317 qui
693 1282 800 1310 scilicet
816 1283 934 1315 divinas,
952 1291 1011 1311 om-

219 1335 337 1363 nemque
351 1329 406 1356 vim
423 1329 530 1364 eloquii
540 1333 705 1364 superantes
718 1329 799 1356 nobis
812 1329 923 1356 insonet
936 1330 1010 1356 noti-

219 1374 282 1402 tias.
302 1374 466 1410 Propitlatio
477 1382 554 1407 vero,
568 1379 600 1402 ut
614 1375 662 1410 qui
680 1375 709 1402 in
732 1375 826 1410 seipse
842 1375 941 1403 similis
959 1383 1010 1403 no-

219 1420 262 1447 bis
275 1421 391 1448 eﬂectus
407 1425 460 1454 est,
478 1421 513 1448 ad
528 1426 624 1450 nostra
635 1421 812 1449 dissolvenda
823 1422 952 1455 crimina,
979 1427 1008 1450 et

218 1467 291 1494 dono
305 1467 400 1502 gratiae
417 1468 445 1494 in
459 1468 572 1504 spiritu,
586 1473 715 1496 naturam
732 1469 839 1504 peccati
856 1473 936 1497 reatu
954 1469 1006 1497 ob-

217 1512 339 1546 noxiam,
351 1513 452 1542 dcitatc
465 1514 581 1542 imbuat.
597 1515 766 1550 Scenopegia
787 1520 891 1548 autem,
912 1520 942 1543 ut
956 1524 1007 1543 no-

217 1564 281 1587 strae
305 1559 415 1588 honesti
446 1561 523 1588 cultu
550 1561 799 1594 immutabilitatis,
829 1562 927 1590 habitu
959 1563 1007 1590 Dei

216 1606 467 1639 aemulo,lirmitas,
501 1615 533 1634 ae
564 1608 701 1643 ejusmodi
727 1609 880 1641 vinculum,
902 1609 976 1644 quod
1008 1617 1040 1636 ea

215 1652 357 1679 contineat
369 1660 401 1679 ac
418 1658 573 1681 conservet.

251 1700 400 1727 Brutarum
416 1704 509 1727 autem
525 1701 708 1728 animantium
728 1702 857 1734 victimis,
875 1710 1005 1737 asperso-
1019 1705 1040 1732 C

215 1754 269 1782 que
295 1754 394 1774 cruore
413 1738 547 1774 delectari
577 1747 674 1781 Deum,
706 1755 739 1775 ac
770 1748 845 1775 velut
875 1748 1002 1783 obsequii

216 1791 533 1826 pricmio,oﬂcrcntibus
554 1792 718 1820 delictorum
748 1793 856 1820 veniam
880 1793 1003 1828 prmbere

216 1842 246 1864 nt
272 1837 477 1869 existimemus,
504 1845 537 1866 ex
560 1842 659 1866 natura
695 1838 849 1873 bcripturis
878 1838 1003 1865 animum

213 1885 399 1917 attendentes,
428 1885 497 1912 nulli
523 1885 706 1918 adducimur,
742 1894 776 1913 ne
812 1886 1004 1921 imprudentes

213 1931 298 1957 Deum
311 1930 455 1958 all‘ectibus
469 1939 500 1959 ac
512 1931 620 1959 libidini
647 1932 831 1974 mancipatum
863 1932 1002 1965 colamus;

212 1977 288 2004 velut
302 1977 348 2012 qui
367 1977 461 2004 acrius
473 1977 613 2013 cupidinis
626 1982 712 2005 oestro
727 1978 868 2013 depereat,
881 1986 942 2013 qua:
959 1977 1003 2005 vel

211 2021 352 2050 hominem
367 2021 473 2056 pariter
496 2022 696 2057 depereuntem
723 2022 858 2054 videntes,
887 2022 1004 2050 luxuriat

211 2067 374 2095 damnamus
387 2075 418 2095 ac
442 2068 658 2096 incontinentim.
681 2068 826 2103 Spiritales
850 2069 924 2096 enim
951 2069 1003 2096 ho-

211 2114 278 2141 stias
292 2114 432 2146 novimus,
457 2114 558 2141 nedum
577 2114 652 2149 quod
679 2115 858 2150 perturbatos
885 2115 1004 2142 aﬂ'ectus

211 2159 421 2192 mortillcamus,
443 2160 595 2196 jugulando
610 2160 728 2195 spiritus
743 2161 845 2196 gladio,
860 2161 936 2196 quod
960 2166 1004 2189 est

209 2205 325 2233 \‘crbum
339 2205 388 2233 Dei
400 2206 433 2239 ⁸ο,
447 2207 577 2242 omnique
588 2206 644 2234 vita
657 2207 772 2239 carnali,
786 2212 918 2243 tanquam
940 2215 1003 2235 san-

210 2250 294 2286 guine
308 2251 393 2278 animi
416 2251 554 2280 sententia
568 2260 750 2286 cvacuamus;
764 2253 817 2280 sed
833 2253 907 2288 quod
918 2253 1001 2280 etiam

209 2297 334 2325 excultos
354 2298 526 2333 philosophia
542 2307 644 2332 mores,
658 2303 827 2335 cunctasque
862 2300 1004 2327 naturales

209 2343 354 2371 facultates
368 2344 423 2371 Deo
439 2350 614 2372 consecratas
627 2346 780 2379 olferimus,
804 2351 887 2381 atque
919 2351 949 2374 ut
973 2347 1001 2373 in

209 2390 270 2424 ejus
283 2394 390 2425 partem
400 2390 509 2423 cedant,
524 2391 580 2427 igni
597 2391 716 2428 Spiritus
731 2391 892 2420 holocausto
919 2392 1001 2419 absu-

211 2435 320 2463 mimus.
336 2436 366 2463 In
381 2444 444 2463 eum
460 2437 571 2464 modum
587 2437 693 2472 singula
711 2445 826 2473 qumque
835 2438 863 2465 in
879 2437 1004 2473 Scriptu-

209 2481 248 2508 ris
263 2482 399 2509 exstantia
413 2482 537 2518 symbola
553 2491 586 2509 ex
616 2487 721 2510 naturae
750 2482 907 2511 rationibus
935 2491 1002 2511 con-

210 2532 329 2560 tuentes,
343 2528 421 2555 vclut
435 2528 462 2555 in
478 2533 570 2556 monte
594 2529 634 2564 (in
652 2529 726 2556 celso
753 2530 875 2565 mystica:
902 2537 1001 2565 specu-

209 2573 322 2600 ialionis
337 2573 452 2610 vertice)
470 2575 549 2609 quasi
561 2575 636 2602 viros
647 2580 753 2611 septem
770 2584 804 2602 cx
823 2575 912 2603 Saulis
929 2575 1000 2604 libe-

210 2617 250 2644 ris
275 2617 493 2652 (temporaneam
524 2619 631 2647 scilicet
647 2619 804 2656 ﬂuxamque
822 2620 891 2656 legis
913 2621 1001 2649 tradi-

210 2663 323 2698 tionem)
344 2673 494 2699 necamus;
515 2666 681 2702 Saulcmque
695 2667 910 2695 exterminamus
935 2667 1002 2703 (ter-

210 2718 306 2737 renum
319 2710 450 2738 nimirum
466 2711 535 2747 legis
544 2719 656 2740 sensum
669 2713 696 2739 in
707 2714 766 2742 solo
778 2713 930 2748 Scriptura:
939 2721 1001 2741 cor-

208 2756 260 2783 tice
277 2761 407 2792 textaque
424 2758 524 2786 littera:
538 2758 670 2794 positum)
686 2767 738 2788 nec
751 2765 823 2788 stare
842 2760 960 2788 sinimus
972 2759 999 2786 in

207 2802 283 2829 omni
301 2803 421 2830 conﬁnio
434 2803 562 2836 lsraclis;
587 2805 720 2839 spiritalis
747 2805 853 2833 scilicet
875 2810 1000 2834 contem-

208 2846 347 2881 plationis.
365 2848 415 2876 Hic
427 2849 501 2875 enim
514 2858 610 2878 revera
627 2851 691 2878 vitae
713 2857 865 2886 superstes,
897 2860 999 2880 consu-

244 2903 268 2919 ⁸⁰
285 2902 383 2938 lipllcs.
403 2912 437 2936 vi,
459 2905 500 2931 l7.

1017 2377 1038 2404 D

1066 1055 1198 1091 Πρόνοιαν
1222 1056 1325 1091 ἄμεσος
1351 1055 1405 1083 τῶν
1429 1054 1636 1090 προνοουμένων
1651 1053 1758 1084 ἓνωσις,
1774 1051 1859 1088 ἠγουν

1066 1101 1082 1135 ή
1099 1101 1167 1137 πρὸς
1181 1101 1227 1128 ’τὸν
1241 1101 1320 1135 λόγον
1332 1101 1402 1128 κατὰ
1417 1100 1465 1136 τὴν
1487 1099 1537 1135 τῆς
1554 1098 1687 1134 Προνοίας
1711 1097 1859 1125 ἐπίπνοιαν

1066 1145 1173 1179 φύσεως
1185 1145 1292 1178 ἐνωσις,
1315 1145 1377 1173 καθ’
1390 1145 1424 1181 ἥν
1440 1144 1553 1179 οὐδεμία
1577 1143 1607 1170 τὸ
1624 1142 1756 1178 παράπαν
1783 1143 1859 1168 ἐστὶν

1065 1191 1162 1227 χρόνου
1172 1192 1219 1219 καὶ
1230 1192 1364 1226 γενέσεως
1378 1191 1506 1226 ἔμφασις.
1522 1189 1643 1224 Σάλπιγξ
1657 1189 1686 1216 δὲ
1702 1189 1785 1216 πάλιν
1800 1188 1857 1224 (45)

1064 1235 1145 1271 ἡμῶν
1161 1235 1220 1262 ἐστι
1236 1236 1250 1262 ὁ
1264 1235 1352 1270 λόγος,
1366 1236 1404 1268 ὡς
1413 1235 1463 1266 τὰς
1482 1234 1558 1266 θείας
1573 1234 1619 1261 καὶ
1634 1234 1773 1270 ἀρρήτους
1789 1234 1857 1268 ἡμῖν

1061 1281 1242 1318 ὲνηχούμενος
1257 1282 1371 1318 γνώσεις
1381 1289 1388 1296 ·
1418 1281 1531 1316 ἱλασμός
1552 1281 1591 1312 δὲ,
1619 1280 1656 1312 ὡς
1670 1281 1699 1306 ὲν
1717 1279 1809 1314 ἑαυτῷ
1823 1280 1858 1305 τὰ

1061 1334 1194 1370 ἡμέτερα,
1207 1333 1269 1361 καθ’
1287 1333 1360 1369 ἡμᾶς
1373 1333 1528 1368 γενόμενος,
1545 1331 1659 1358 διαλύων
1680 1331 1855 1366 ἐγκλήματα,

1061 1379 1108 1406 καὶ
1124 1381 1158 1415 τῇ
1177 1379 1267 1415 δωρεᾷ
1286 1380 1336 1414 τῆς
1353 1379 1462 1414 χάριτος
1477 1379 1505 1405 ὲν
1530 1377 1677 1412 πνεύματι,
1697 1377 1747 1412 τὴν
1761 1377 1856 1412 ἁμαρ-

1059 1426 1181 1462 τήσασαν
1210 1425 1291 1460 φύσιν
1307 1424 1454 1452 Θεοποιῶν·
1487 1423 1659 1459 σκηνοπηγία
1682 1422 1722 1454 δὲ,
1746 1422 1787 1454 ὡς
1805 1422 1855 1458 τῆς

1060 1471 1140 1507 ἡμῶν
1152 1471 1224 1498 κατὰ
1241 1471 1291 1506 τὴν
1305 1470 1472 1506 Θεομίμητον
1484 1469 1541 1502 ἓξιν
1557 1469 1620 1504 περὶ
1632 1469 1663 1495 τὸ
1679 1467 1761 1495 καλὸν
1773 1469 1855 1503 ἀτρε-

1060 1517 1125 1552 qua;
1142 1517 1233 1552 πῆξις,
1247 1517 1293 1543 καὶ
1316 1516 1366 1550 τῆς
1394 1515 1462 1551 πρδς
1483 1515 1630 1542 ἀθανασίαν
1646 1515 1855 1550 μεταποιήσευς

1063 1562 1221 1593 συνεκτικὸς
1235 1561 1365 1596 ὑπάρχων
1382 1561 1492 1595 δεσμός.

1061 1609 1169 1637 ratione
1192 1616 1247 1644 qua
1281 1608 1314 1635 ad
1346 1607 1584 1635 immortalitatem
1612 1609 1852 1639 transmutamur,

1092 1702 1213 1737 Σφαγαῖς
1245 1700 1275 1727 δὲ
1305 1700 1382 1734 ζώων
1403 1701 1509 1735 ἀλόγων
1523 1700 1591 1735 (όϐὶ,
1618 1701 1665 1728 καὶ
1691 1702 1853 1738 ραντισμοῖς

1055 1748 1179 1783 αἱμάτων
1189 1747 1320 1783 ἡδόμενον
1339 1747 1384 1773 τὸν
1397 1746 1475 1779 Θεὸν,
1493 1747 1541 1774 καὶ
1556 1744 1612 1773 οἷον
1626 1747 1676 1781 τῆς
1698 1746 1850 1783 Θεραπείας

1056 1793 1163 1828 μισθὸν.
1189 1793 1238 1829 τὴν
1263 1793 1317 1820 τῶν
1350 1791 1557 1829 ἁμαρτημάτων
1580 1792 1768 1829 παρεχόμενον
1794 1795 1851 1826 τοῖς

1054 1840 1254 1876 προσφέρουσιν
1270 1839 1376 1873 ἄφεσιν,
1394 1840 1426 1874 τῇ
1439 1839 1533 1874 Γραφῇ
1549 1839 1670 1873 φυσικῶς
1687 1838 1850 1866 ὲπιδάλλον-

1054 1893 1109 1917 τες,
1131 1885 1161 1912 οὐ
1186 1884 1360 1920 πιστεύομεν,
1388 1884 1432 1911 ἵνα
1449 1884 1486 1920 μὴ
1500 1884 1566 1912 Θεὸν
1581 1883 1694 1919 ἐμπαθῆ
1721 1884 1850 1919 λάθωμεν

1056 1931 1189 1962 σέϐοντες,
1205 1931 1243 1962 ὡς
1259 1929 1390 1966 ἐμπαθῶς
1402 1930 1514 1957 ἐκείνων
1527 1929 1571 1956 διὰ
1588 1929 1689 1964 πολλῆς
1705 1929 1850 1964 ἐφιέμενον

1054 1978 1104 2012 τῆς
1126 1976 1255 2012 σπουδῆς,
1285 1976 1350 2012 περὶ
1374 1976 1391 2004 ἃ
1424 1975 1469 2002 καὶ
1499 1975 1661 2010 ἀνθρώπους
1683 1975 1848 2009 περιπαθῶς

1054 2022 1165 2057 ἔχοντας
1181 2021 1213 2048 ἂν
1227 2020 1468 2057 Θεωρήσωμεν,ὡς
1479 2021 1645 2052 ἀκολάστους
1659 2021 1706 2047 καὶ
1717 2021 1849 2056 ἀκρατεῖς

1054 2066 1242 2102 διαϐάλλομεν.
1270 2065 1370 2096 Θυσίας
1385 2067 1441 2101 γὰρ
1458 2065 1649 2101 πνευματικὰς
1674 2062 1744 2092 εἶναι
1763 2066 1847 2100 γινώο

1055 2121 1156 2148 σκομεν
1181 2111 1248 2147 (Η),
1276 2111 1306 2138 οὐ
1329 2111 1408 2147 μόνον
1433 2111 1483 2146 τὴν
1503 2111 1557 2137 τῶν
1580 2110 1674 2137 παθῶν
1701 2111 1847 2146 νέκρωσιν,

1055 2158 1246 2194 σφαττομένων
1265 2159 1298 2193 τῇ
1313 2157 1437 2193 μαχαίρᾳ
1451 2156 1497 2183 τοῦ
1513 2155 1679 2192 πνεύματος,
1697 2156 1767 2192 ὅπερ
1787 2157 1846 2183 ἐστὶ

1055 2209 1130 2245 ῥῆμα
1142 2208 1220 2241 Θεοῦ,
1238 2207 1284 2235 καὶ
1295 2207 1384 2242 πάσης
1394 2207 1443 2242 τῆς
1457 2207 1486 2233 ὲν
1503 2207 1584 2242 σαρκὶ
1595 2205 1667 2241 ζωῆς
1681 2206 1718 2238 ὡς
1729 2206 1846 2241 αἵματος

1053 2255 1102 2291 τὴν
1115 2255 1186 2282 κατὰ
1198 2253 1326 2290 πρόθεσιν
1337 2253 1443 2288 κίνησιν
1457 2251 1595 2289 [κένωσιν]
1608 2259 1614 2266 ·
1630 2253 1638 2262 “
1652 2252 1720 2279 ἀλλὰ
1730 2253 1778 2279 καὶ
1794 2252 1848 2279 τῶν

1054 2300 1125 2328 κατὰ
1137 2300 1296 2335 φιλοσοφίαν
1311 2299 1395 2334 ἠθῶν,
1413 2298 1460 2325 καὶ
1485 2299 1581 2325 πασῶν
1604 2298 1659 2324 τῶν
1675 2299 1746 2325 κατὰ
1762 2298 1846 2333 φύσιν

1054 2346 1205 2381 δυνάμεων,
1222 2344 1415 2381 προσαγωγὴν,
1432 2342 1726 2380 ἀφιερουμένωνῗθεῷ,
1744 2344 1793 2370 καὶ
1809 2344 1848 2379 τῷ

1054 2392 1121 2427 πυρὶ
1135 2392 1182 2427 τῆς
1191 2392 1220 2418 ἐν
1236 2390 1369 2426 πνεύματί
1389 2390 1501 2426 Χάριτοῖ
1516 2389 1584 2426 πρὸς
1606 2389 1654 2426 τὴν
1681 2389 1757 2416 θείαν
1771 2389 1848 2424 λῆξιν

1052 2436 1300 2472 ὁλοκαυτουμένων.
1328 2435 1422 2467 Οὕτως
1439 2435 1555 2462 ἕκαστον
1575 2435 1629 2461 τῶν
1647 2436 1847 2471 ἐμφερομένων

1052 2484 1085 2518 τῇ
1106 2483 1200 2518 Γραφῇ
1228 2481 1368 2516 συμϐόλων
1385 2480 1508 2516 φυσικῶς
1521 2480 1729 2513 ἐποπτεύοντες,
1755 2481 1793 2512 ὥς
1819 2482 1846 2508 ἐν

1051 2527 1109 2564 ὄρει
1123 2527 1162 2563 τῷ
1174 2527 1235 2562 ὕψει
1248 2527 1299 2562 τῆς
1313 2527 1446 2562 μυστικῆς
1467 2527 1592 2562 θεωρίας,
1606 2527 1732 2562 καθάπερ
1746 2527 1846 2563 ἄνδρας

1051 2574 1121 2601 ἑπτὰ
1148 2574 1202 2600 τῶν
1227 2573 1293 2600 υἱῶν
1322 2573 1420 2605 Σαοὺλ,
1438 2573 1488 2608 τὴν
1507 2573 1636 2609 χρονικὴν
1656 2573 1845 2608 ἁποκτὲνομεν

1051 2620 1099 2647 καὶ
1118 2620 1285 2656 πρόσκαιρον
1300 2619 1348 2646 τοῦ
1366 2619 1449 2654 νόμου
1467 2618 1616 2653 παράδοσιν
1627 2626 1633 2634 ·
1650 2618 1697 2645 καὶ
1714 2619 1844 2652 ἀφανίζο-

1053 2675 1102 2702 μεν
1120 2666 1167 2693 τὺν
1180 2665 1275 2699 Σαοὺλ,
1303 2665 1426 2692 τουτέστι
1441 2664 1486 2691 τδν
1502 2665 1530 2691 ὲν
1551 2664 1624 2700 μόνῳ
1639 2663 1678 2700 τῷ
1698 2665 1775 2700 ῥητῷ
1795 2665 1844 2699 τῆς

1052 2712 1164 2748 Γραιρῆς
1187 2712 1278 2748 χοῖκδν
1302 2711 1374 2744 νοῦν,
1399 2710 1452 2737 τοῦ
1475 2710 1518 2746 μὴ
1547 2710 1670 2737 ἑστάναι
1695 2711 1790 2737 αὑτὸν
1811 2711 1844 2736 ἐν

1053 2759 1142 2785 παντί
1167 2759 1236 2791 όρίῳ
1267 2757 1413 2791 Ἰσραήλ·
1444 2756 1580 2787 τουτέστι,
1604 2756 1698 2791 τρόπῳ
1726 2755 1843 2792 Θεωρίας

1056 2805 1251 2840 πνευματικῆς.
1270 2800 1354 2835 Οὗτος
1370 2802 1424 2838 γὰρ
1442 2801 1496 2835 ζῶν
1527 2802 1572 2828 ἐπ’
1591 2801 1731 2837 ἀληθείας,
1749 2810 1841 2841 συντες

1053 2851 1103 2884 λ;ἰ,
1117 2851 1165 2878 καὶ
1179 2850 1270 2878 διώκει
1297 2849 1365 2885 (48),
1383 2849 1430 2876 καὶ
1453 2848 1594 2879 ἀπόλλυσι,
1612 2847 1694 2882 σαρκὶ
1711 2847 1782 2884 μόνῃ
1799 2848 1842 2875 τὸν
