1936 3078
103 179 154 212 761

635 179 882 216 ΟυίΕΞΤΙΟΝΕΞ
899 179 949 209 AD
968 178 1220 209 THALASSIUM.

1684 178 1736 209 ’152

103 235 186 270 νόμον
210 233 408 272 περιγράφων,
432 233 494 265 τοὺς
517 233 589 260 κατὰ
612 233 693 268 φύσιν
720 233 814 268 λόγου,
848 234 884 259 κα

946 232 996 260 mit
1010 237 1038 260 et
1050 234 1239 267 persequitur,
1253 231 1402 268 perditque
1418 231 1487 268 (sola
1503 230 1634 258 nimirum
1652 238 1736 258 carne

102 280 252 315 λογισμούς
267 288 274 294 ·
290 280 378 315 τιμῶν
400 279 438 312 ὡς
457 279 516 306 θεῖα
538 278 573 306 τὰ
601 279 674 314 πάθη
693 280 743 313 τῆς
770 279 892 314 ἀτιμίας,

101 324 176 360 ἅπερ
193 325 217 351 οι
234 324 305 351 κατὰ
331 324 412 359 φύσιν
439 323 582 359 λογισμοὶ,
600 323 785 358 λαμϐάνοντες
799 323 894 350 ἄδειαν

102 370 157 397 ὑπὸ
174 370 220 396 τοῦ
231 370 314 405 νόμου
330 369 378 396 τοῦ
401 369 567 405 πνεύματος,
583 369 779 396 ἀποκτένουσιν
802 370 893 395 επιτο-

101 416 169 442 αυτδ
189 417 234 443 καὶ¹
264 415 424 443 θανατοῦσιν
456 417 485 442 ἐν
513 417 584 451 ἀρχῇ
618 415 748 451 θερισμοῦ
777 414 891 450 κριθῶν.

107 462 192 497 Ἀρχὴ
211 461 240 488 δὲ
251 461 382 497 Θερισμοῦ
389 461 491 496 κριθῶν
501 462 585 494 ἔστιν,
603 462 619 496 ἡ
637 461 708 487 κατὰ
716 460 766 495 τὴν
776 468 892 495 πρακτι-

99 507 154 543 κὴν
186 507 345 542 φιλοσοφίαν
371 507 440 542 μετά
465 515 538 538 τινος
558 506 716 541 συμμέτρου
733 505 813 540 λόγου
836 505 892 532 τῶν

100 552 208 588 ἀρετῶν
235 552 368 588 συλλογή’
397 552 457 580 καθ’
473 553 506 588 ἢν
521 551 552 579 τὸ
570 552 670 586 γεῶδες
698 550 752 578 τῶν
775 551 892 587 Γραφῶν

99 599 299 626 ἀποκτένεσθαι
329 599 445 633 πέφυκε,
471 599 518 626 καὶ
546 599 600 625 πᾶν
629 598 720 634 χοῖκδν
750 598 891 630 παντελῶς

99 644 281 678 ἀφανίζεσθαι
303 644 416 680 κίνημα.
435 645 512 679 ’Ἅμα
527 644 581 679 γάρ
593 653 635 676 τις
649 644 699 679 τὴν
712 643 767 671 τῶν
783 644 890 680 ἀρετῶν

99 689 217 723 λογικῶς
232 689 354 724 μετέλθοι
371 690 531 724 φιλοσοφίαν
545 689 612 725 [49).
627 689 685 724 ἄμα
703 689 750 716 καὶ
762 689 812 725 τὴν
836 690 892 716 τῶν

99 735 216 770 Γραφῶν
227 735 294 770 πρὸς
309 735 339 761 τὸ
355 735 464 770 πνεῦμα
489 735 613 770 φυσικῶς
627 735 795 770 μετήνεγκεν
813 735 891 762 ἐκδο-

98 780 160 815 χὴ-ν,
188 781 218 806 ἐν
248 781 387 816 καινότητι
409 780 563 815 πνεύματος
591 781 751 816 πρακτικῶς
767 780 813 807 διὰ
836 780 892 807 τῶν

99 826 210 861 ὑψηλῶν
238 826 423 862 θεωρημάτων
449 826 488 862 τῷ
514 826 574 861 Θεῷ
601 826 751 861 λατρεύων,
785 827 833 853 καὶ
859 827 889 853 οὐ

98 871 444 907 παλαιότητιγράμματος,
469 871 514 899 διὰ
527 872 576 907 τῆς
597 873 657 899 κατ’
669 871 795 907 αἴσθησιν
820 872 889 907 πρὸς

98 916 180 951 σῶμα
194 918 387 953 ταπεινοτέρας
414 917 462 944 τοῦ
492 919 574 954 νόμου
591 918 759 954 παραδοχῆς,
772 919 888 954 τροφεὺς

98 964 194 990 παθῶν
209 963 280 990 κατὰ
297 965 361 996 τοὺς
382 964 526 997 Ἰουδαίους
541 965 694 1000 γινόμενος,
727 964 773 992 καὶ
800 965 889 1000 ἁμαρ-

97 1010 159 1042 τίας
174 1010 356 1046 θεραπευτής.
372 1010 475 1046 Πράξει
499 1011 555 1047 γὰρ
582 1011 646 1046 χρὴ,
661 1011 710 1047 ,διὰ
733 1011 789 1037 τῶν
819 1011 890 1038 κατὰ

97 1056 181 1090 φύσιν
204 1056 352 1091 λογισμῶν,
379 1057 430 1092 τὴν
455 1057 566 1092 ἐμπαθῆ
595 1058 641 1084 καὶ¹
657 1057 817 1092 σωματικὴν
837 1056 889 1083 ’τοῦ

96 1102 183 1137 νόμου
199 1103 318 1129 διάνοιαν
337 1102 560 1139 διαχειρίζεσθαι,
577 1103 669 1134 καθὼς
681 1105 695 1130 ὁ
713 1103 763 1138 τῆς
779 1104 889 1138 Γραφῆς

97 1148 244 1183 ὑφηγεῖται
258 1148 346 1183 λόγος,
368 1149 480 1183 φάσκων
492 1156 499 1164 ·
521 1149 575 1176 Kal
589 1149 698 1176 ἐλαϐεν
712 1150 729 1176 ό
738 1149 889 1181 βασιλεὺς

96 1195 169 1228 τοὺς
183 1194 238 1222 δύο
262 1194 347 1228 υἱοὺς
366 1194 494 1229 Ῥεσφᾶς
516 1194 660 1229 θυγατρὸς
691 1195 755 1222 Ἀΐιι
771 1196 889 1222 παλλα-

96 1240 154 1275 κῆς
164 1241 218 1268 τοῦ
237 1241 348 1273 Σαοὺλ,
370 1241 425 1267 τὸν
442 1241 578 1276 Ἐρμονθι
603 1241 651 1268 καί
670 1240 724 1267 τὸν
742 1242 889 1275 Μεμφιεο·

95 1286 171 1315 σθὲ·
185 1287 234 1314 καί
259 1287 331 1320 τοὺς
352 1287 442 1314 πέντε
462 1286 548 1319 υἱοὺς
570 1286 627 1320 τῆς
649 1286 756 1321 Μερὼε
769 1287 824 1321 τῆς
836 1289 889 1315 θυ-

94 1332 205 1367 γατρὸς
217 1332 326 1366 Σαοὺλ,
335 1332 388 1366 οὒς
395 1332 478 1359 ἔτεκε
488 1332 528 1365 τῷ
545 1332 690 1367 Ἕσδριιξλ
700 1340 707 1347 ⁸
718 1333 766 1360 καὶ
778 1333 889 1360 ἔδωκεν

95 1378 208 1412 aurarii};
218 1378 254 1405 ἐν
265 1380 341 1413 χειρὶ
358 1377 418 1405 τῶν
428 1377 634 1406 Γαϐαωγιτῶν.
658 1379 729 1414 Χείρ
751 1380 809 1405 ἐστι
834 1379 889 1406 τῶν

95 1423 277 1451 Γαΰαωνιτῶν
311 1424 368 1461 (50)
379 1429 394 1458 ,¹
411 1425 427 1460 ὴ
454 1424 514 1451 κατ’
542 1424 644 1461 ἀρετὴν
658 1425 756 1460 πρᾶξις
769 1425 823 1452 τῶν
837 1434 888 1460 φυ-

96 1470 182 1497 σικῶν
195 1470 343 1506 λογισμῶν,
357 1470 391 1497 δι’
403 1468 437 1506 ἦς
452 1470 476 1497 οἱ
489 1470 543 1497 υίοὶ
561 1470 678 1505 Ῥεσφᾶς
698 1471 826 1506 Ἐρμονθὶ
841 1472 888 1499 καὶ

94 1516 283 1551 Μεμφιόοσθὲ,
304 1516 452 1550 τουτέστιν,
476 1517 494 1552 ἡ
516 1517 548 1543 ὲκ
567 1517 618 1551 τῆς
638 1517 667 1543 ὲν
686 1517 755 1553 μόνῃ
769 1519 803 1553 τῇ
818 1526 886 1554 προ-

944 279 1032 314 legem
1045 278 1189 314 deﬁniens)
1222 279 1364 306 naturales
1384 278 1507 305 rationes
1537 284 1566 305 et
1587 278 1732 313 cogitatio-

943 333 993 352 nes
1007 325 1098 352 :velut
1112 324 1231 357 divinos,
1252 325 1402 360 probrosos
1432 324 1547 352 allectus
1571 325 1666 352 colens
1688 323 1732 351 “t

943 379 1013 406 quos
1028 370 1156 398 videlicet
1170 379 1232 398 assu
1238 375 1344 398 mentes
1354 371 1436 405 289
1444 371 1588 397 naturales
1599 370 1732 401 rationes.

943 421 1054 452 accepta
1083 417 1196 445 licentia
1226 425 1240 444 a
1269 417 1328 452 lege
1357 417 1484 452 spiritali,
1502 417 1529 444 in
1542 425 1629 444 unum
1652 417 1734 444 simul

942 463 1136 492 contrucidant
1149 471 1181 492 ac
1194 464 1370 496 interimunt,
1388 464 1416 490 in
1436 463 1516 490 initio
1542 463 1640 491 messis
1666 463 1735 490 ll0|‘~

941 510 1068 538 deorum.
1091 511 1139 538 Est
1168 514 1260 537 autem
1291 510 1401 537 initium
1428 510 1525 537 messis
1553 507 1732 541 ltdrdeorum,

940 557 1077 584 virtutum
1095 564 1157 584 cum
1171 557 1313 584 moderata
1327 557 1444 591 quadam
1460 556 1568 583 ratione
1582 563 1630 591 per
1642 556 1733 591 philo-

941 603 1067 639 sophiam
1083 603 1240 630 studentem
1256 603 1358 630 actioni
1381 603 1508 630 collectio
1526 611 1533 629 :
1552 611 1606 638 qua
1623 610 1734 637 compa-

941 653 1032 677 ratum
1045 654 1075 676 ut
1092 649 1275 677 internecioni
1302 649 1384 677 detur
1410 649 1545 684 quidquid
1573 649 1731 683 Scriptura-

940 703 1002 723 rum
1019 699 1159 723 terrenum
1176 700 1228 728 est,
1245 703 1277 723 ac
1295 699 1421 723 terrenus
1438 696 1529 723 omnis
1545 699 1638 722 motus
1662 695 1732 722 abo-

940 742 1040 770 leatur.
1059 742 1120 769 Mox
1135 742 1209 770 enim
1221 750 1254 770 ac
1264 742 1364 776 aliquis
1377 742 1511 769 virtutum
1526 741 1731 776 philosophiam

940 794 974 816 ex
988 788 1094 816 ratione
1109 788 1213 819 inierit,
1228 796 1281 815 una
1302 796 1413 823 quoque
1435 788 1641 823 Scripturarum
1668 795 1732 814 sen-

941 841 1002 861 sum
1013 838 1111 860 natura
1123 833 1151 860 in
1169 833 1296 868 spiritum
1317 834 1456 865 transfert,
1472 833 1500 860 in
1518 833 1640 861 novitate
1676 833 1732 868 spi-

941 880 1011 908 ritus
1027 871 1144 907 actionis
1161 880 1237 907 cultu
1253 888 1303 915 per
1317 880 1447 907 sublimia
1465 887 1546 907 sensa
1575 884 1658 914 atque
1682 879 1731 906 ob-

907 909 1009 961 Bjecta
1024 927 1079 953 Deo
1097 926 1230 958 serviens,
1248 929 1276 953 et
1295 934 1349 953 non
1366 925 1393 952 in
1411 929 1550 953 vetustate
1581 926 1680 953 littera:
1693 924 1728 958 5’,

940 978 989 1006 per
1003 971 1179 999 humiliorem
1200 971 1268 1006 legis
1286 979 1401 1006 pronam
1431 971 1541 1006 corpori
1568 979 1601 998 ex
1634 979 1731 998 sensus

940 1017 1048 1044 ratione
1065 1017 1264 1052 acceptionem,
1288 1016 1446 1044 Iudaeorum
1475 1024 1552 1043 more
1580 1015 1728 1043 aﬂ'ectuum

939 1067 1035 1098 pastor
1052 1071 1083 1090 ae
1098 1063 1257 1096 libidinum,
1274 1070 1326 1089 nec
1346 1070 1401 1089 non
1414 1062 1518 1097 peccati
1534 1069 1606 1089 curae
1624 1062 1715 1096 impen

940 1118 997 1144 sus,
1010 1110 1156 1138 exsistens.
1172 1110 1288 1138 NeceSse
1305 1110 1378 1137 enim
1394 1114 1436 1137 est
1448 1114 1487 1141 ut,
1504 1108 1673 1136 naturalium
1685 1117 1730 1136 ra-

940 1155 1045 1182 tionum
1058 1163 1120 1190 ope,
1140 1155 1290 1182 bmrentem
1311 1154 1419 1181 libidini
1450 1161 1481 1181 ac
1498 1154 1671 1188 corporalem
1690 1153 1730 1180 le-

939 1201 980 1237 gis
993 1201 1201 1236 intelligentiam
1217 1201 1397 1236 perimamus,
1415 1201 1453 1229 uti
1466 1201 1614 1235 Scriptura:
1639 1203 1730 1228 textus

939 1250 1050 1274 enarrat
1068 1255 1075 1273 :
1090 1247 1124 1273 Et
1135 1248 1233 1278 accepit
1245 1255 1291 1273 rex
1303 1247 1368 1274 duos
1382 1247 1451 1281 ﬁlios
1464 1247 1589 1281 Rhespliaz
1600 1246 1664 1281 ﬁlia:
1678 1246 1728 1273 Αἰα

939 1291 1039 1325 pellicis
1054 1292 1153 1324 Saulis,
1171 1292 1310 1319 Ermonthi
1326 1293 1579 1328 etMemp/ribostlte;
1604 1297 1628 1319 et
1652 1293 1730 1327 quiu-

939 1346 989 1373 que
1001 1338 1072 1372 ﬁlios
1082 1338 1197 1366 Merobes
1215 1338 1279 1373 ﬁlia:
1291 1339 1391 1372 Saulis,
1403 1348 1468 1374 quas
1485 1340 1584 1374 peperit
1594 1339 1728 1370 Esdrieli;

939 1389 963 1410 et
980 1384 1051 1411 dedit
1063 1392 1105 1410 eos
1120 1385 1145 1411 in
1169 1393 1249 1411 manu
1272 1385 1491 1412 Cabaonilarum.
1511 1385 1727 1412 Gabaonitarum

939 1436 1046 1460 manus,
1067 1430 1235 1457 naturalium
1252 1431 1389 1458 rationum
1404 1431 1476 1458 actio
1498 1435 1549 1463 est,
1568 1438 1618 1466 per
1644 1439 1727 1466 quam

940 1475 1076 1509 Rhespha:
1090 1475 1139 1503 lilii
1153 1476 1299 1503 Ermonthi
1313 1481 1341 1504 et
1355 1477 1576 1511 Memphibosthe
1599 1477 1669 1512 (qme
1685 1477 1728 1504 ni-

939 1519 1039 1547 mirum
1058 1528 1092 1548 ex
1104 1521 1163 1548 sola
1178 1521 1315 1548 sermonis
1335 1522 1503 1557 prolatione,
1529 1521 1666 1555 corporali
1687 1521 1728 1548 le-

94 1561 166 1596 φορᾷ
185 1560 232 1587 τοῦ
258 1561 338 1595 λόγου
357 1561 517 1597 σωματικῆς
526 1560 573 1588 τοῦ
590 1561 673 1597 νόμου
692 1562 803 1598 διδαχῆς
824 1570 884 1596 γεν-

938 1568 979 1603 gis
992 1567 1130 1600 doctrina,
1142 1568 1290 1596 libidinosa
1303 1569 1429 1604 operatio
1455 1568 1590 1600 nascitur,
1612 1568 1728 1595 lasciva-

92 1607 201 1642 νωμιένη
216 1607 283 1635 τῶν.
292 1607 386 1634 παθῶν
399 1607 535 1643 ἐνέργεια,
553 1607 602 1634 καὶ
632 1608 649 1643 ἠ
674 1607 728 1635 τῶν
747 1608 886 1643 λογισμῶν

91 1653 245 1685 ἀκόλαστος
257 1653 374 1688 κίνησις,
398 1653 608 1681 ἀποκτένονται.
640 1654 713 1690 Πρὸς
742 1653 769 1680 δὲ
796 1655 844 1681 καὶ
860 1654 885 1680 οἱ

92 1699 174 1725 πέντε
190 1699 244 1725 υίο).
255 1698 307 1734 τῆς
319 1699 432 1734 Μερὼό,
459 1700 608 1732 τουτέστιν,
623 1700 647 1726 οῑ
666 1699 697 1726 ὲκ
713 1699 761 1734 τῆς
780 1700 886 1735 τρυφῆς

90 1742 259 1777 γεννώμενοι
287 1743 358 1770 κατὰ
379 1743 430 1779 τὴν
462 1744 539 1780 παρὰ
564 1744 645 1778 φύσιν
667 1744 716 1779 τῆς
743 1744 884 1779 ἐνεργείας

90 1788 192 1824 χρῆσιν
202 1788 347 1815 ἀκόλαστοι
359 1789 440 1816 πέντε
452 1789 548 1825 τρόποι
558 1788 613 1816 τῶν
624 1789 704 1817 πέντε
715 1789 867 1825 αἰσθήσεων
875 1796 882 1804 ·

89 1833 137 1865 οὓς
165 1834 326 1861 ἁποκτένειν
347 1835 493 1862 ὲπιτοαυτδ
519 1836 642 1870 πέφυκεν
665 1835 704 1867 ὡς
719 1836 748 1862 ὲν
774 1835 884 1871 ἤρειτῷ

89 1877 154 1913 ὕψει
171 1879 222 1913 τῆς
243 1879 429 1914 πνευματικῆς
448 1879 573 1916 θεωρίας,
596 1880 626 1906 ὲν
649 1881 721 1916 ἀρχῇ
749 1880 882 1916 θερισμοῦ

88 1924 203 1960 κριθῶν,
220 1924 289 1960 ὅπερ
310 1925 385 1951 ἐστὶν
410 1926 439 1952 ὲν
464 1926 619 1961 προοιμίοις
641 1925 691 1961 τῆς
711 1926 770 1953 κατ’
782 1927 883 1963 ἀρετὴν

88 1969 226 2005 πράξεως,
240 1969 257 2005 ἢ
271 1969 321 2005 τῆς
340 1970 411 1997 κατὰ
434 1971 514 2005 φύσιν
532 1971 661 2004 εὐσεϐοῦς
677 1971 805 2007 θεωρίας,
827 1973 883 2003 πᾶς

87 2014 152 2047 νοῦς
179 2016 250 2042 κατά
279 2015 345 2042 Θεὸν
375 2016 477 2052 ὑψηλὸς
504 2018 550 2044 καὶ
572 2017 727 2053 μετέωρος·
757 2018 829 2045 κατὰ
850 2018 883 2045 τὸ

86 2060 164 2093 αὐτὸ,
192 2061 241 2096 τήν
258 2069 288 2088 τε
307 2061 364 2088 τῶν
387 2062 481 2090 παθῶν
505 2063 703 2098 κατασφάττων
727 2063 880 2099 ἐνέργειαν,

85 2106 136 2133 καὶ
153 2107 204 2142 τὴν
223 2107 277 2134 τῶν
300 2108 440 2143 λογισμῶν
467 2108 592 2144 ἄσχημον
616 2109 735 2146 κίνησιν.
760 2111 832 2146 Πρὸς
851 2110 881 2137 δὲ

86 2152 209 2184 καὶτοὺς
221 2153 292 2180 κατὰ
306 2154 481 2191 παράχρησιν
494 2155 545 2190 τῆς
564 2156 619 2182 τῶν
633 2155 788 2191 αἰσθήσεων
804 2157 881 2192 ἐνερ-

86 2197 165 2232 γείας
179 2198 347 2231 ἀκολάστους
365 2200 494 2235 τρόπους.

937 1621 990 1648 que
1002 1613 1186 1641 acluxuriosa
1202 1615 1399 1650 cogitationum
1427 1614 1563 1649 incitatio)
1588 1614 1728 1648 perimun—

937 1665 991 1687 tur.
1012 1660 1051 1688 Ad
1068 1661 1126 1689 hate
1138 1670 1203 1689 vera
1220 1662 1303 1689 etiam
1316 1662 1439 1696 quinque
1453 1662 1580 1688 Merobes
1594 1661 1643 1688 lilii
1669 1660 1726 1696 (qui

936 1706 1044 1734 scilicet
1055 1714 1089 1734 ex
1101 1708 1243 1742 voluptate
1271 1715 1319 1743 per
1346 1708 1530 1735 innaturalem
1556 1706 1726 1742 operationis

935 1760 1027 1785 usum,
1046 1753 1264 1788 intemperantes
1283 1753 1417 1788 quinque,
1442 1753 1565 1788 quinque
1594 1760 1726 1779 sensuum

934 1802 1088 1825 nascuntur
1105 1797 1192 1833 modi)
1220 1806 1291 1833 quos
1320 1798 1349 1825 in
1377 1806 1463 1825 unum
1487 1797 1585 1830 simul,
1608 1796 1724 1824 velutin

933 1847 1027 1870 monte
1039 1843 1078 1879 (in
1089 1844 1162 1871 celso
1175 1843 1309 1878 spiritalis
1323 1844 1519 1879 speculationis
1532 1843 1647 1878 vertice)
1680 1851 1727 1870 oc-

934 1889 1027 1916 cidere
1039 1888 1133 1921 habet,
1150 1889 1178 1916 in
1190 1889 1271 1917 initio
1291 1889 1388 1916 messis
1416 1889 1585 1917 hordeorum
1614 1889 1653 1925 (id
1671 1894 1724 1920 est,

933 1934 1027 1969 primo
1043 1935 1135 1962 statim
1149 1935 1269 1977 actionis
1282 1944 1316 1963 ex
1328 1935 1439 1963 virtutis
1464 1936 1569 1963 ratione
1601 1936 1724 1967 exordio,

933 1979 1000 2011 sive,
1014 1979 1065 2015 piae
1082 1987 1116 2006 ex
1132 1983 1239 2007 natura;
1253 1980 1405 2008 rationibus
1424 1979 1631 2016 speenlationis)
1648 1988 1725 2007 mens

932 2025 1024 2052 omnis
1037 2025 1192 2053 secundum
1216 2025 1303 2053 Deum
1328 2026 1438 2053 excelsa
1459 2033 1491 2053 ac
1524 2026 1669 2059 sublimis;
1697 2026 1723 2052 in

932 2077 1018 2096 unum
1034 2070 1116 2097 simul
1129 2077 1243 2102 necans,
1266 2074 1324 2097 tum
1341 2070 1491 2097 ali'ectuum
1506 2070 1562 2096 vim
1584 2078 1616 2097 ac
1631 2070 1725 2096 libidi-

931 2121 1009 2147 num,
1022 2119 1081 2142 tum
1108 2119 1217 2150 turpem
1245 2115 1444 2150 cogitationum
1459 2119 1576 2142 motum.
1599 2115 1639 2142 Ad
1666 2115 1724 2142 luce

930 2161 1026 2193 etiam,
1044 2168 1175 2188 sensuum
1191 2161 1362 2196 operationis
1394 2161 1480 2189 abusu
1500 2166 1659 2189 constantes
1686 2161 1723 2188 la—

932 2206 1020 2233 scivos
1036 2207 1132 2234 modos
1145 2202 1228 2241 atque
1243 2207 1376 2234 indolem.

120 2244 176 2271 Kal
195 2244 318 2277 ἔπεσον,
341 2247 435 2280 φησὶν,
451 2245 501 2272 ἐπὶ
519 2246 553 2272 τὸ
576 2247 650 2273 αὐτὸ
675 2249 703 2274 οι
725 2247 810 2280 ἑπτὰ,
829 2248 877 2275 καὶ

967 2251 1001 2278 Et
1013 2252 1172 2284 ceciderunt,
1192 2252 1292 2287 inquit,
1320 2253 1346 2279 lu"
1374 2256 1472 2287 septem
1497 2251 1525 2278 in
1550 2252 1675 2288 idipsum,
1700 2257 1725 2278 ct

83 2289 322 2324 ἐθανατώθησαν
348 2291 383 2317 ἐν
408 2291 487 2326 ἀρχῇ
508 2292 652 2327 θερισμοῦ
673 2293 793 2327 κριθῶν.
822 2294 879 2320 Καὶ

83 2335 177 2361 ἔλαϐε
199 2334 313 2370 Ῥεονφὰ
330 2335 463 2370 θυγάτηρ
481 2336 543 2363 'Al‘a
557 2337 611 2364 τὸν
625 2337 753 2371 σάκκον,
773 2339 822 2366 καὶ
835 2339 880 2365 δι-

83 2380 243 2413 ἐστρωσεν
272 2380 367 2408 αὐτὸν
389 2381 483 2416 ἑαυτῇ
505 2382 554 2409 ἐπὶ
585 2383 644 2417 τὴν
667 2384 798 2418 πέτραν,
821 2385 879 2418 ἓως

83 2425 218 2457 ἔσταξεν
241 2426 289 2453 ἐπ’
316 2426 428 2460 αὐτοὺς
450 2427 545 2455 ὕδατα
573 2429 649 2455 Θεοῦ
670 2429 706 2461 ἐξ
733 2430 875 2464 οὐρανοῦ.

89 2471 204 2506 Ῥεσφὰ,
221 2472 313 2504 καθὼς
339 2472 419 2508 ἔφην,
436 2474 509 2501 ἐστὶν
531 2475 750 2511 ἑρμηνευομένη.
766 2476 878 2511 δρόμος

82 2519 245 2552 στόματος,
261 2519 329 2556 ὅπερ
345 2520 419 2546 ἐστὶν
436 2521 453 2557 ὴ
467 2521 538 2548 κατὰ
555 2523 639 2557 μόνην
652 2522 698 2549 τοῦ
714 2523 794 2557 λόγου
807 2532 877 2558 προ-

83 2565 173 2599 φορὰν
191 2565 337 2601 σωματικὴ
350 2566 397 2593 τοῦ
412 2567 495 2600 νόμου
515 2568 620 2604 διδαχὴ,
645 2570 662 2604 ἡ
687 2569 755 2604 μετὰ
770 2569 815 2596 τὸν
829 2569 877 2597 θά-

82 2619 164 2637 νατον
177 2611 232 2637 τῶν
245 2611 276 2644 ἐξ
286 2612 373 2647 αὐτῆς
386 2613 565 2648 γεννωμένων
581 2614 686 2647 παθῶν,
701 2615 748 2642 καὶ
760 2615 811 2650 τὴν
825 2625 877 2650 φαη

81 2655 201 2691 νέρωσιν
215 2657 265 2692 τὴν
279 2658 309 2684 εν
324 2657 384 2693 ὄρει
394 2658 434 2693 τῷ
448 2658 510 2694 ὕψει
524 2661 675 2695 γενομένην
687 2661 736 2696 τῆς
755 2662 875 2696 φυσικῆς

81 2699 200 2735 θεωρίας
213 2701 270 2736 (51)
290 2702 322 2728 ὲν
342 2703 375 2737 τῇ
393 2702 441 2729 τοῦ
470 2702 532 2729 καθ’
555 2704 671 2730 ἕκαστον
693 2704 792 2739 καρδίᾳ
819 2704 873 2730 τῶν

79 2746 151 2781 αὐτῇ
165 2747 460 2783 προκατειλημμένων,
470 2749 596 2784 καθάπερ
610 2750 713 2776 σάκκον
726 2750 774 2785 τὴν
791 2751 874 2785 μετά-

79 2799 156 2818 νοιαν
172 2791 342 2826 στρώννυσιν
358 2794 404 2821 ἐπὶ
417 2794 467 2830 τὴν
482 2795 584 2830 πέτραν
597 2795 678 2830 (λέγω
692 2796 724 2832 δὴ
736 2797 781 2823 τὸν
795 2797 872 2831 λόγον

79 2835 130 2870 τῆς
146 2836 221 2864 κατὰ
235 2837 339 2873 Κύριον
355 2839 496 2875 πίστεως),
507 2841 554 2867 τὸν
571 2842 600 2868 ἐν
617 2842 752 2878 πνεύματι
766 2843 810 2871 διὰ
823 2844 872 2879 τῆς

115 2891 136 2907 ³⁵
158 2892 239 2921 Rom.
254 2902 273 2928 r,
285 2895 330 2929 26,
351 2896 394 2924 27.
435 2897 456 2913 ⁸⁸
471 2897 550 2926 Rom.
570 2907 615 2932 vn,
631 2900 657 2927 6.

931 2296 986 2322 neci
1004 2295 1096 2322 traditi
1112 2300 1185 2327 sunt,
1197 2297 1223 2323 in
1242 2297 1370 2332 principia
1394 2297 1483 2323 messis
1495 2297 1663 2323 lmrdrornm.
1691 2296 1725 2322 Et

928 2341 989 2368 tulit
1003 2342 1123 2377 thespha
1139 2342 1198 2376 ﬁlia
1215 2343 1265 2369 Aia
1277 2351 1396 2374 saccum,
1417 2347 1441 2369 et
1469 2343 1565 2369 stravit
1590 2351 1650 2369 eum
1674 2343 1724 2370 sibi

929 2394 1009 2422 super
1036 2391 1140 2421 petram
1167 2387 1337 2422 quoadusque
1365 2387 1561 2414 distillaveruut
1590 2396 1670 2422 super
1681 2397 1723 2414 eos

929 2432 1012 2467 290
1027 2440 1104 2467 aqua;
1115 2431 1162 2458 Dei
1176 2440 1189 2458 e
1213 2432 1285 2459 coelo.
1305 2432 1446 2467 Rhesplia,
1464 2433 1503 2460 uti
1535 2433 1672 2465 dicebam,
1699 2434 1722 2461 si

928 2485 1030 2504 nomen
1038 2477 1241 2513 interpreteris,
1256 2487 1348 2504 cursus
1363 2479 1427 2511 oris,
1440 2483 1497 2511 est;
1514 2479 1587 2513 quod
1600 2483 1642 2506 est
1659 2487 1722 2506 cor-

928 2523 1032 2558 poralis
1049 2523 1119 2558 legis
1136 2523 1270 2555 doctrina,
1285 2531 1318 2551 ex
1345 2525 1403 2551 sola
1420 2524 1553 2559 prolatitii
1586 2525 1723 2552 sermonis

927 2570 1054 2602 ratione;
1070 2577 1130 2604 quze
1144 2569 1274 2596 nimirum
1286 2573 1349 2604 post
1361 2570 1511 2597 all'ectuum
1529 2578 1562 2598 ex
1578 2571 1635 2605 ipsa
1660 2579 1721 2606 pro-

927 2621 1072 2652 gnatorum
1084 2621 1211 2649 mortem,
1229 2617 1384 2653 factamque
1401 2618 1429 2645 in
1444 2623 1537 2646 monte
1551 2619 1635 2655 (celso
1662 2628 1723 2646 ver-

928 2664 982 2691 tice
993 2664 1128 2691 naturalis
1150 2664 1358 2700 speculationis)
1385 2665 1413 2691 in
1439 2665 1621 2701 singulorum,
1652 2674 1721 2700 qtios

926 2715 990 2738 ante
1006 2710 1148 2744 complexa
1161 2714 1231 2743 erat,
1248 2710 1331 2738 corde
1345 2711 1615 2744 manifestationem;
1644 2712 1720 2738 velut

926 2763 1048 2788 saccum,
1062 2756 1256 2791 paenitentiam
1281 2757 1398 2789 sternit;
1422 2765 1505 2793 super
1521 2761 1627 2793 petram
1661 2757 1719 2792 (do-

926 2802 1046 2829 ctrinam
1069 2802 1176 2830 scilicet
1201 2803 1263 2830 'idei
1288 2803 1447 2836 Dominiem,
1481 2803 1656 2838 spiritalibus
1690 2803 1717 2830 in

925 2848 1034 2876 Christo
1051 2849 1158 2884 legibus
1172 2857 1206 2877 ae
1231 2849 1309 2877 scitis
1324 2857 1372 2884 per
1393 2849 1585 2885 pwnitentiam
1614 2855 1716 2876 navans
