1936 3078
201 157 254 190 763

782 159 811 188 S.
833 159 976 189 ΜᾹΧΙΜΙ
995 158 1249 190 CONFESSORIS

1779 163 1838 194 764

202 213 324 249 operam)
350 220 411 248 quae
438 212 484 240 diu
507 216 662 247 noctuque,
687 217 817 248 tanquam
848 213 920 241 filios
942 222 991 249 per

1048 216 1190 250 μετανοίας
1221 216 1290 242 κατὰ
1320 216 1438 251 Χριστὸν
1469 218 1671 253 ὲπιμελουμένη
1703 218 1836 253 θεσμῶν-

203 259 361 288 memoriam
375 258 410 285 ob
420 257 635 291 oculoshabeat,
650 258 770 293 priorem
786 259 814 285 in
832 267 914 286 carne
946 260 987 286 lc-

203 307 244 341 gis
266 305 490 336 institutionem;
516 304 697 339 quoadusque
719 304 885 332 stillaverint
912 313 990 340 aquae

204 351 250 379 Dei
265 351 299 378 de
319 351 388 378 ccelo
406 350 505 385 (donec
520 350 626 377 scilicet
645 350 735 378 missa:
765 350 868 378 fuerint
889 351 990 379 divina:

203 397 408 431 Scripturarum
440 396 556 433 notitiae,
585 404 601 423 e
632 396 766 431 spiritalis
792 396 990 430 speculationis

195 441 277 469 'celso
293 442 407 476 vertice)
421 449 539 476 quarum
552 441 647 476 utique
658 450 689 469 ea
704 441 755 474 vis,
769 447 799 468 ut
811 441 927 469 aﬂ‘ectus
949 443 991 469 vi-

205 489 294 523 tiaque
309 488 495 522 exstinguant,
508 495 540 515 ac
553 487 668 514 virtutes
684 488 849 515 inslaurcnt.
871 488 898 515 Si
914 496 991 515 nam-

203 543 256 569 que
280 539 439 570 comparata
463 534 532 570 legis
560 533 716 568 disciplina,
742 537 772 560 ut
795 533 829 560 ad
852 533 991 561 Christum

205 583 309 611 (veram
329 580 490 615 ﬁrmamque
505 579 622 615 petram)
634 587 683 614 per
696 579 888 614 paenitentiam
915 587 993 607 acce-

204 627 282 659 dens,
302 626 426 653 divinum
442 626 575 661 spiritalis
585 625 791 660 Seripturarum
805 625 927 652 scicntize
941 625 993 652 im-

204 673 292 704 brem,
305 671 502 707 juxtaDavidis
516 671 590 706 regis
607 670 718 706 (mentis
733 670 839 698 scilicet
851 670 926 704 fortis
950 679 993 697 as-

205 718 480 753 pectu)prtceeptum,
509 717 651 752 suscipiat.
671 717 716 743 Ait
736 716 810 743 enim
840 725 846 742 :
874 716 907 743 Et
934 716 993 750 fecit

205 765 294 791 omnia
311 772 469 799 qumcunque
481 763 653 790 mandaverat
675 771 719 790 rea:
737 771 745 789 :
759 763 792 790 Et
811 763 910 790 audiuit
923 761 992 789 Deus

207 815 306 837 terram
330 813 418 845 postea
447 809 479 836 ⁸⁸.
513 809 673 836 Divinarum
700 816 766 844 ergo
785 808 992 843 Scripturarum

206 856 361 891 disciplina,
381 856 459 891 juxta
486 859 654 890 prteceptum
686 854 798 882 Davidis
820 853 891 889 regis
905 853 994 889 ,(legis

207 903 313 929 scilicet
326 901 468 937 spiritalis,
489 905 536 928 aut
549 900 650 928 mentis
662 899 742 927 fortis
752 898 878 935 aspectu)
904 899 993 934 poeni-
1010 892 1030 919 Β

209 947 300 974 lentiae
315 954 382 982 opes
397 946 487 982 (cujus
502 953 599 974 saccus
613 946 721 981 signum
733 945 851 980 exsistit)
867 945 995 973 navando

207 994 357 1021 virtutibus
370 1001 494 1028 operam,
511 993 545 1020 ad
563 996 671 1028 petram
698 991 815 1028 (scilicet
841 990 994 1026 Christum)

207 1048 267 1066 sese
282 1039 462 1071 transferens,
477 1038 600 1066 divinum
613 1037 735 1065 scientia:
754 1037 874 1064 imbrem
899 1036 995 1064 excire

207 1086 291 1118 so1et;
308 1085 440 1119 novitque
458 1083 606 1118 impetrare
623 1087 654 1110 ut
682 1083 755 1110 Deus
773 1086 874 1109 terram
904 1081 996 1109 cordis

207 1131 310 1163 audiat,
328 1130 487 1164 tribuatque
512 1129 621 1156 divinos
642 1128 793 1164 gratiarum
819 1127 934 1160 imbres,
964 1134 997 1154 ac

204 1177 318 1212 justitize
331 1176 432 1204 uberes
449 1175 555 1202 fructus
572 1174 774 1206 subministrct,
802 1173 934 1207 velutque
957 1171 997 1199 fa-

208 1230 290 1255 mem,
304 1221 478 1257 superiorem
501 1220 590 1248 solvat
617 1219 775 1246 divinorum
802 1217 995 1253 ignorantiam,

208 1277 240 1296 ac
261 1268 432 1303 spiritalibus
457 1267 539 1294 bonis
553 1267 693 1302 regionem
707 1264 868 1299 adimpleat;
898 1270 997 1297 nempe

208 1315 327 1341 animam
345 1313 449 1345 tritico,
461 1313 526 1339 vino
541 1315 624 1346 atque
639 1311 700 1337 oleo
708 1310 866 1337 aillucntem
883 1308 995 1335 reddat:

209 1358 256 1386 illo
276 1359 400 1393 quidem,
423 1362 454 1385 ut
483 1365 543 1392 qua:
567 1355 689 1384 scientiae
716 1354 845 1389 practicte
871 1360 997 1381 sermone

208 1404 388 1432 conﬁrmetur
403 1403 426 1418 “
439 1412 447 1436 ;
462 1403 516 1430 hoc
530 1406 634 1433 autem,
650 1404 682 1427 ut
695 1408 756 1434 quae
774 1398 869 1425 divino
887 1397 997 1424 deside-

209 1451 262 1482 rio,
278 1449 450 1483 fervorisque
466 1447 551 1475 animi
577 1447 634 1474 Deo
660 1445 783 1473 unicntis
805 1445 997 1477 instauratorc,

209 1496 397 1531 splendescat;
417 1495 470 1522 isto
487 1501 562 1525 vero,
591 1496 621 1520 ut
639 1499 699 1527 qum
719 1491 774 1518 leni
800 1491 937 1526 planoque
967 1498 999 1517 ac

209 1541 360 1576 pellucido,
385 1541 531 1573 lucemque
559 1537 696 1569 aﬂ'crenti,
725 1545 758 1563 ac
784 1539 895 1563 terreno
923 1535 999 1563 omni

210 1592 285 1614 motu
302 1586 402 1618 libero,
418 1584 655 1620 tranquillissima:
674 1582 774 1610 mentis
788 1581 869 1609 modo
893 1582 998 1617 pariter

211 1641 242 1660 ac
259 1633 377 1664 ratione,
394 1631 529 1658 virtutum
545 1630 624 1657 vultu
640 1629 796 1664 praeniteat.

211 1680 257 1707 mi.
283 1680 388 1714 διαυγεῖ
417 1681 464 1706 καὶ
486 1677 663 1713 φωτιστικῷ,

211 1729 293 1764 λόγῳ,
310 1727 340 1754 τὸ
355 1727 501 1764 πρόσωπον
518 1725 714 1761 ίλαρυνομένην
729 1724 783 1751 τῶν
795 1723 902 1760 ἀρετῶν
914 1724 980 1758 (56).

246 1774 347 1802 Verum
357 1781 407 1800 nos
418 1775 538 1807 quoque,
554 1771 644 1807 magni
655 1770 765 1798 Davidis
780 1778 867 1802 more,
884 1777 916 1797 ex
927 1770 1003 1797 omni

212 1819 332 1848 conﬁnio
347 1818 465 1850 ls‘aclis,
484 1817 593 1844 Saulem
606 1817 763 1848 deleamus;
779 1819 921 1842 terrenum
947 1814 1002 1841 sci-

213 1867 277 1893 licet
291 1873 322 1892 ac
332 1865 502 1900 corporalem
518 1863 598 1898 291
611 1862 679 1898 legis
695 1863 796 1894 ritum;
823 1861 877 1888 hoc
897 1864 939 1887 est
955 1860 1004 1888 Ju-

213 1911 322 1938 daicum
339 1910 431 1937 cultus
444 1908 569 1940 modum,
585 1915 752 1942 sensumque
766 1907 793 1934 in
809 1906 867 1934 solo
878 1906 1003 1941 Scriptu-

1039 262 1144 296 ἔχουσα
1160 262 1221 288 κατ’
1242 262 1396 297 ὀφθαλμοὺς
1417 263 1523 298 ἡμέρας
1544 264 1590 290 καὶ
1606 264 1703 295 νυκτὸς
1718 264 1764 290 διὰ
1780 263 1837 298 τῆς

1041 307 1161 341 μνήμης.
1174 306 1211 338 ὡς
1228 306 1322 338 τέκνα,
1339 306 1389 342 τὴν
1402 308 1430 334 ὲν
1446 308 1527 342 σαρκὶ
1538 307 1585 334 τοῦ
1599 308 1682 342 νόμου
1694 308 1837 343 προτέραν

1040 352 1199 388 ἀναγωγὴν,
1217 352 1270 384 ἕως
1290 352 1433 385 στάξουσιν
1450 353 1534 380 ὕδατα
1547 353 1615 380 Θεοῦ
1642 349 1816 388 ὲξόὺρανοῦ
1829 361 1836 368 ·

1039 397 1189 429 τουτέστιν,
1203 398 1257 430 ἓως
1272 398 1505 433 καταπεμφθῶσιν
1521 399 1549 433 αι
1563 398 1633 425 Θεῖαι
1644 399 1699 425 τῶν
1713 399 1838 434 Γραφῶν

1041 444 1155 479 γνώσεις
1166 445 1198 472 ὲκ
1209 446 1255 472 τοῦ
1269 445 1353 480 ὕψους
1367 445 1418 480 τῆς
1430 446 1618 480 πνευματικῆς
1632 445 1749 480 Θεωρίας
1762 445 1836 479 (52),

1041 492 1068 517 at
1089 491 1231 518 σὸεστικαὶ
1255 492 1305 527 μὲν
1324 491 1380 518 τῶν
1397 491 1503 525 παθῶν,
1523 491 1704 519 ἀνανεωτικαὶ
1726 491 1756 518 δὲ
1777 490 1838 516 τῶν

1041 536 1158 572 ἀρετῶν.
1180 537 1290 572 Πέφυκε
1309 536 1363 572 γὰρ
1390 537 1407 573 ἡ
1429 536 1477 564 τοῦ
1498 537 1580 572 νόμου
1608 537 1737 571 μάθησις,
1764 536 1838 572 πρὸς

1041 582 1160 617 Χριστὸν
1179 582 1228 617 τὴν
1257 582 1346 617 ἀληθῆ
1373 583 1421 610 καὶ
1445 582 1564 618 στερρὰν
1587 582 1692 618 πέτραν
1715 582 1760 608 διὰ
1783 582 1838 616 τῆς

1044 628 1188 663 μετανοίας
1203 627 1416 664 προσχωροῦσα,
1431 628 1477 655 τὸν
1492 628 1564 654 θεῖον
1578 627 1629 661 τῆς
1642 627 1837 662 πνευματικῆς

1042 674 1096 700 τῶν
1115 674 1232 710 Γραφῶν
1254 673 1381 708 γνώσεως
1394 673 1470 701 ὐετδν
1495 673 1685 708 ὑποδέχεσθαι,
1707 673 1780 699 κατὰ
1805 673 1838 698 τὸ

1043 719 1209 754 πρόσταγμα
1222 719 1269 746 τοῦ
1280 719 1412 754 βασιλέως
1423 719 1519 745 Δαϐίδ·
1533 718 1666 751 τουτέστι,
1679 718 1733 745 τοῦ
1745 719 1838 752 ἰσχυ-

1040 765 1097 800 ροῦ
1111 764 1168 799 τὴν
1181 764 1291 799 ὅρασιν
1299 764 1355 792 νοῦ.
1373 765 1442 799 Φησὶ
1457 764 1521 800 γάρ·
1535 764 1590 791 Kal
1604 764 1730 796 ἐποίησε
1747 762 1836 798 iam.

1044 810 1190 846 ἐποίησαν]
1205 802 1307 838 πάντά
1318 810 1376 837 ὅσα
1390 810 1562 838 ἐνετείλατο
1575 811 1591 837 ό
1604 809 1768 842 βασιλεὺς.
1780 809 1835 835 Kal

1044 855 1218 888 ἐπήκουσεν
1233 857 1249 882 ό
1266 855 1338 888 Θεὸς
1354 855 1390 890 τῇ
1412 855 1448 889 γῇ
1471 857 1547 890 μετὰ
1568 855 1672 882 ταῦτα.
1697 854 1804 880 Οὐκοῦν
1821 855 1837 888 ἡ

1044 902 1098 929 τῶν
1113 901 1193 928 θείων
1208 902 1326 937 Γραφῶν
1341 901 1471 937 μάθησις,
1495 902 1566 929 κατά
1581 901 1632 937 τὴν
1650 900 1763 935 ἐντολὴν
1783 902 1838 927 Δα-

1045 948 1088 975 ϐὶδ
1106 947 1153 974 τοῦ
1171 947 1302 982 βασιλέως
1321 947 1455 983 (τουτέστι
1470 947 1518 974 τοῦ
1534 947 1722 982 πνευματικοῦ
1737 946 1836 981 νόμου,

1046 993 1062 1028 ἢ
1074 992 1120 1020 τοῦ
1140 993 1250 1028 ίσχυροῦ
1263 993 1312 1028 τὴν
1325 993 1420 1028 ὅρασιν
1438 993 1508 1028 νοῦ),
1525 993 1570 1019 διὰ
1583 992 1669 1028 μέσης
1683 991 1734 1026 τῆς
1743 999 1838 1026 μετα-

1046 1039 1130 1070 νοίας,
1146 1036 1178 1073 ἧς
1199 1039 1212 1064 ὁ
1241 1038 1342 1070 σάκκος
1367 1038 1485 1074 ὑπάρχει
1508 1038 1659 1073 σύμϐολον,
1683 1037 1754 1064 κατὰ
1788 1036 1838 1072 τὴν

1047 1084 1146 1120 πρᾶξιν
1176 1084 1229 1110 τῶν
1244 1084 1360 1120 ἀρετῶν,
1382 1084 1429 1111 ἐπὶ
1457 1083 1506 1118 τὴν
1529 1083 1644 1120 πέτραν,
1665 1083 1750 1118 ἤγουν
1767 1082 1839 1118 Χρι-

1048 1131 1127 1162 στὸν,
1152 1130 1378 1166 μεταφερομένη,
1405 1130 1450 1156 τὴν
1477 1130 1548 1156 θεῖον
1580 1128 1756 1156 ἐκκαλεῖσθαι
1788 1128 1839 1163 τῆς

1047 1176 1174 1211 γνώσεως
1189 1177 1311 1211 πέφυκεν
1325 1176 1402 1203 ὑετόν
1414 1184 1421 1191 ο
1445 1174 1598 1203 ἐπακοῦσαι
1615 1183 1645 1202 τε
1659 1174 1705 1201 τὸν
1724 1173 1793 1200 Θεὸν
1803 1174 1840 1208 τῇ

1047 1224 1082 1257 γῇ
1097 1223 1147 1258 τῆς
1160 1222 1276 1257 καρδίας
1294 1222 1374 1248 εἴωθε
1388 1222 1536 1254 δυσωπεῖν,
1560 1222 1609 1248 καὶ
1630 1219 1722 1247 δοῦναι
1746 1219 1839 1250 θείους

1047 1267 1226 1302 χαρισμάτων
1250 1266 1381 1302 ὖμϐρους,
1406 1267 1454 1293 καὶ
1467 1266 1522 1293 τῶν
1542 1266 1571 1292 ὲν
1584 1265 1749 1304 ’δικαιοσύνη
1771 1272 1841 1299 κειρ-

1048 1312 1107 1338 πῶν
1122 1311 1279 1347 χορηγῆσαι,
1289 1311 1338 1346 τὴν
1367 1311 1510 1346 ἀφθονίαν,
1539 1310 1678 1337 καὶλῦσαι
1702 1309 1751 1345 τὴν
1775 1308 1840 1335 καθ-

1049 1358 1120 1392 άπερ
1144 1357 1224 1392 λιμὸν
1238 1357 1288 1392 τὴν
1303 1357 1494 1392 προλαϐοῦσαν
1515 1356 1570 1383 τῶν
1593 1355 1674 1382 θείων
1688 1355 1840 1389 ἀγνωσίαν,

1049 1401 1096 1428 καὶ
1116 1401 1228 1436 ποιῆσαι
1245 1400 1336 1437 χώραν
1361 1401 1451 1436 πλήρη
1474 1400 1528 1428 τῶν
1547 1400 1742 1436 πνευματικῶν
1771 1401 1840 1434 ἀγα-

1050 1446 1117 1472 θῶν·
1151 1446 1199 1482 τὴν
1218 1446 1308 1482 ψυχὴν
1336 1447 1402 1482 σίτῳ
1428 1446 1594 1482 βρίθουσαν,
1619 1447 1668 1473 καὶ
1692 1446 1772 1480 οἴνῳ,
1794 1445 1842 1472 καὶ

1050 1491 1147 1526 ἐλαίῳο
1163 1491 1201 1526 τῷ
1218 1492 1278 1527 μὲν,
1291 1492 1328 1524 ὡς
1342 1492 1414 1528 λόγῳ
1433 1492 1588 1528 πρακτικῆς
1601 1492 1728 1526 γνώσεως
1744 1499 1842 1527 στηρι-

1051 1536 1168 1573 ζομένην
1178 1538 1234 1573 (55)
1246 1547 1251 1553 ·
1265 1538 1304 1574 τῷ
1318 1538 1356 1570 δὲ,
1372 1538 1409 1570 ὡς
1421 1538 1485 1574 θείῳ
1501 1539 1585 1574 πόθῳ,
1603 1539 1649 1565 καὶ
1665 1538 1843 1572 ἀνανεωτικῷ

1050 1583 1100 1618 τῆς
1122 1583 1181 1610 κατ’
1205 1584 1297 1618 ἔφεσιν
1319 1584 1387 1618 πρὸς
1404 1584 1471 1611 Θεὸν
1497 1585 1630 1618 ἑνωτικῆς
1657 1584 1777 1616 ζέσεως.
1796 1584 1843 1610 εὐ-

1051 1629 1238 1665 φραινομένην
1350 1630 1388 1665 τῷ
1402 1630 1441 1663 δὲ,
1460 1630 1496 1661 ὡς
1509 1630 1574 1665 λείῳ
1591 1631 1638 1657 καὶ
1658 1629 1752 1665 ὁμαλῷ
1772 1629 1843 1663 (55),

704 1677 751 1704 καὶ
777 1675 878 1707 παντὸς
900 1675 1018 1710 γεώδους
1037 1677 1173 1713 ἐλευθέρῳ
1201 1678 1360 1714 κινήματος,
1393 1679 1444 1714 τῆς
1466 1678 1602 1710 ἀπαθείας
1624 1677 1720 1713 τρόπῳ
1738 1686 1768 1704 τε
1797 1678 1844 1704 καὶ

1100 1771 1181 1798 Ἀλλὰ
1199 1772 1245 1798 καὶ
1267 1773 1358 1806 ἡμεῖς,
1381 1771 1451 1798 κατὰ
1466 1771 1512 1798 τδν
1529 1771 1614 1806 μέγαν
1629 1770 1722 1802 Δαΰὶδ,
1744 1770 1844 1804 ἀφανί-

1057 1825 1148 1850 σωμεν
1163 1817 1209 1843 τὸν
1229 1817 1316 1843 Σαοὺλ
1335 1817 1367 1843 ἐκ
1385 1817 1486 1848 παντὸς
1512 1817 1587 1852 ὁρίου
1620 1815 1748 1851 Ἰσραήλ·
1765 1824 1844 1842 τουτ-

1056 1863 1126 1894 έστι,
1144 1863 1190 1890 τὸν
1208 1862 1295 1898 γεώδη
1311 1863 1359 1890 κα)⁴
1383 1862 1540 1898 σωματικὸν
1556 1861 1603 1888 τοῦ
1624 1862 1708 1897 νόμου
1726 1861 1843 1896 θεσμόν·

1056 1908 1136 1943 ἡτουν
1151 1908 1196 1934 τὸν
1219 1908 1364 1935 Ἰουδαϊκὸν
1380 1908 1431 1944 τῆς
1451 1908 1581 1944 λατρείας
1602 1907 1713 1942 τρόπον,
1733 1907 1781 1933 καὶ
1800 1907 1844 1932 τὸν

215 1963 252 1982 ne
261 1954 351 1981 omnis
363 1957 493 1981 contextu
504 1953 596 1988 primo
607 1952 719 1979 obvium
731 1951 961 1986 crassiorcmque,
970 1959 995 1978 ei

1055 1955 1085 1981 ἐν
1101 1954 1175 1990 μόνῳ
1191 1954 1230 1990 τῷ
1252 1954 1326 1990 ρητῷ
1344 1954 1490 1990 πρόχειρον
1516 1954 1566 1988 τῆς
1584 1953 1648 1988 ὅλης
1664 1953 1776 1988 Γραφῆς
1800 1953 1845 1979 καὶ

213 2001 289 2028 omni
303 2000 385 2027 modo
403 1999 563 2028 theoreticm
576 1998 775 2030 institutionis;
797 2001 879 2032 atque
891 1997 925 2024 ad
946 1997 1004 2031 spi-

215 2046 322 2073 ritalem
353 2053 449 2072 eorum
481 2052 542 2079 qua:
568 2043 759 2078 intelliguntur
784 2042 910 2069 deiﬁcam
936 2042 1004 2074 vim,

1056 2000 1285 2036 σωματικώτερον
1300 1999 1374 2030 νοῦν,
1390 1999 1425 2025 ὲκ
1437 2000 1538 2029 παντὸς
1554 1998 1656 2034 τρόπου
1675 1997 1844 2032 θεωρητικῆς

1058 2045 1272 2080 μυσταγωγίας·
1287 2045 1334 2072 καὶ
1350 2044 1525 2080 μετέλοωμεν
1541 2043 1609 2079 πρὸς
1631 2043 1680 2078 τὴν
1698 2051 1845 2078 πνευματι-

213 2097 405 2123 transeamus;
451 2089 588 2123 nobisque
624 2088 791 2115 Gabaonitas
826 2088 995 2115 conciliemu:

1057 2091 1109 2128 κὴν
1123 2091 1178 2117 τῶν
1194 2091 1349 2126 νοουμένων
1368 2091 1500 2117 ὲκθέωσιν
1513 2098 1520 2106 ·
1537 2090 1585 2116 καὶ
1601 2088 1846 2125 περιποιησὼμεθα

215 2136 366 2171 (naturales
375 2135 483 2162 sellieet
497 2133 628 2168 rationes)
652 2141 722 2168 quos
749 2133 901 2161 incolumes
922 2140 995 2160 veru:

1056 2137 1120 2169 τοὺς
1143 2136 1337 2170 Γαϐαωνίτας,
1355 2136 1491 2168 τουτέστι,
1512 2137 1576 2168 τοὺς
1602 2135 1673 2162 κατὰ
1697 2135 1779 2168 φύσιν
1795 2135 1846 2160 τῶν

214 2182 368 2209 divinarum
379 2180 594 2215 promissionum
611 2179 774 2206 distributor
794 2184 876 2214 atque
898 2178 995 2205 arbith

1056 2183 1142 2210 ὅντων
1162 2183 1276 2217 λόγους·
1303 2182 1351 2214 οὒς
1373 2183 1490 2214 ἀπαθεῖς
1514 2179 1674 2218 διετήρησεν
1693 2182 1708 2207 ὁ
1723 2181 1847 2215 ἀληθινὸς

214 2227 294 2255 Jesus
303 2234 363 2253 csse
376 2226 464 2253 voluit
478 2225 518 2258 ⁸⁵;
531 2225 567 2252 ob
581 2232 698 2259 quorum
722 2224 812 2251 Saulis
838 2224 937 2259 injuria
958 2231 995 2251 ne

1058 2228 1227 2264 κληροόότης
1249 2228 1304 2255 τῶν
1319 2228 1400 2255 θείων
1420 2228 1592 2262 ἐπαγγελιῶν
1612 2227 1732 2263 Ἰησοῦς·
1753 2227 1787 2253 δι’
1803 2227 1847 2259 οὓς

215 2279 286 2303 cem,
304 2270 428 2298 divinum
442 2270 515 2298 Deus
528 2269 650 2297 scientiae
667 2270 783 2297 imbrem
802 2269 938 2303 inhibuit;
959 2277 993 2297 oc

1057 2275 1268 2310 ἀναιρουμένους
1283 2275 1335 2301 ὑπὸ
1353 2275 1448 2307 Σαοὺλ,
1462 2275 1507 2300 τὸν
1521 2275 1592 2301 θεῖον
1610 2274 1708 2309 ἀνέσχε
1727 2275 1777 2308 τῆς
1794 2283 1846 2309 μυ-

215 2318 394 2352 cidainusquc
406 2325 455 2352 per
465 2317 578 2345 eosdem
593 2317 759 2344 Gabaonitas
773 2316 924 2350 (naturales
953 2315 995 2343 sci

1059 2320 1155 2356 στικῆς
1179 2320 1306 2354 γνώσεως
1330 2321 1407 2346 ὑετὸν
1428 2322 1442 2347 ὸ
1466 2321 1550 2352 Θεόςν
1575 2321 1621 2347 καὶ
1643 2320 1849 2356 ἀποκτείνωμεν

214 2365 280 2391 licet
305 2363 520 2399 speeulationes)
539 2363 615 2390 velut
643 2363 720 2389 viros
748 2366 854 2396 septem
881 2370 915 2389 ex
942 2361 995 2388 ﬁlii:

1059 2367 1092 2394 δι’
1117 2353 1206 2393 αυτῶν
1229 2367 1282 2393 τῶν
1313 2366 1505 2399 Γαὸαωνιτῶν,
1532 2367 1583 2401 τῆς
1605 2366 1726 2401 φυσικῆς
1750 2353 1848 2401 δηλαδὴ

216 2411 306 2438 Saulis
318 2410 459 2446 (nimirum
473 2409 652 2436 libidinosam
669 2408 750 2443 legis,
763 2412 958 2443 terrenamque
977 2415 993 2435 e

1061 2413 1189 2448 θεωρίας,
1207 2413 1302 2448 ὥσπερ
1316 2413 1416 2448 ἄνδρας
1432 2413 1503 2439 ἑπτὰ
1517 2412 1572 2438 τῶν
1600 2412 1669 2439 υἱῶν
1686 2412 1784 2445 Σαοὺλ,
1803 2413 1849 2447 τὴν

216 2462 422 2491 tcmporancam
435 2455 657 2490 intelligentiam)
676 2462 759 2489 quam
788 2454 917 2489 Rhespha
943 2454 995 2490 (ori

1061 2459 1172 2494 ἐμπαθῆ
1189 2459 1236 2486 τοῦ
1250 2459 1346 2494 νόμου,
1363 2458 1497 2493 πρόσυλόν
1513 2467 1543 2485 τε
1562 2459 1610 2486 καὶ
1630 2458 1761 2494 χρονικὴν
1778 2459 1849 2485 ὲκδο-

215 2502 322 2530 scilicet
335 2501 438 2537 cursus)
462 2509 559 2536 parcre
580 2500 663 2528 habet
686 2499 848 2535 (corporalis
874 2500 995 2527 nimirun

1061 2505 1123 2540 χὴν,
1139 2506 1172 2540 ἢν
1186 2506 1289 2532 τίκτειν
1307 2505 1429 2540 πέφυκεν
1441 2505 1457 2540 ἠ
1476 2505 1588 2540 ’1)εσφά,
1601 2506 1751 2540 στόματος
1764 2505 1848 2540 ὑπάρ-

216 2547 284 2583 legis
295 2547 453 2583 disciplina)
465 2551 494 2574 ct
507 2547 629 2579 Merobc,
641 2554 723 2582 quam
735 2546 850 2581 gutturis
859 2547 995 2582 aﬂluenten

1063 2560 1148 2587 χουσα
1163 2552 1273 2587 δρόμος
1289 2552 1367 2587 (ὅπερ
1391 2551 1466 2578 ἐστὶν
1489 2552 1505 2588 ή
1537 2552 1681 2587 σωματικὴ
1697 2551 1745 2578 τοῦ
1770 2551 1848 2586 νόμον

216 2594 364 2620 satietatem
378 2593 572 2628 interpreteris
582 2601 589 2626 ;
599 2592 625 2620 id
638 2597 690 2625 est.
707 2593 813 2620 ventris
827 2592 995 2627 voluptatem

1065 2597 1210 2632 μάθησις)’
1238 2597 1285 2623 καὶ
1314 2597 1330 2631 ἡ
1363 2596 1483 2632 Μερὼὸ,
1509 2596 1674 2630 πλησμονὴ
1701 2595 1849 2630 φάρυγγος

217 2639 308 2671 Prior,
323 2639 544 2673 Memphihosthe
562 2646 662 2674 parcns
678 2643 761 2674 atque
771 2638 916 2666 Ermonthi
932 2639 995 2674 (quo

1064 2641 1284 2676 ἑρμηνευομένη,
1301 2641 1451 2673 τουτέστιν,
1467 2642 1483 2676 ἡ
1500 2641 1590 2676 τρυφὴ
1613 2641 1661 2676 τῆς
1675 2641 1802 2676 γαστρός.
1820 2640 1848 2665 ῚΙ

218 2691 279 2711 rum
292 2684 372 2716 alter,
383 2684 436 2711 oris
450 2684 550 2719 pudor;
563 2685 644 2716 alter,
660 2692 752 2710 eorum
766 2685 910 2711 anathema
922 2684 968 2717 sit,
986 2693 995 2711 ε

1067 2689 1118 2723 μὲν
1135 2688 1180 2714 τὸν
1191 2687 1371 2722 Μεμφιΰοσοὲ
1383 2687 1514 2714 τίκτουσα
1533 2687 1582 2714 καὶ
1596 2688 1642 2714 τὸν
1660 2686 1787 2721 Ἐρμονθὶ
1799 2686 1850 2720 (τὸν

218 2737 318 2757 nomen
334 2730 543 2766 interpreteris;
574 2738 674 2766 nempe
691 2730 823 2758 vitiorum
843 2730 957 2758 habitus
979 2738 994 2758 a

1066 2734 1116 2768 μὲν
1127 2734 1260 2768 αἰσχύνη
1271 2735 1420 2768 στόματος
1428 2733 1658 2768 ἑρμηνευόμενον·
1669 2732 1714 2759 τὸν
1729 2732 1769 2763 δὲ,
1779 2732 1849 2759 ἀνά-

219 2777 353 2812 operatio)
369 2784 500 2812 sequens,
516 2776 639 2812 quinque
655 2776 773 2804 Esdrieli
797 2776 914 2811 suscipit
940 2776 995 2804 tilio

1066 2782 1138 2814 θεμα
1146 2779 1267 2814 αὐτῶν),
1277 2781 1361 2815 ἦγουν
1368 2779 1417 2815 τὴν
1426 2779 1483 2812 ἕξιν
1492 2779 1546 2806 τῶν
1555 2779 1651 2806 παθῶν
1661 2778 1708 2804 καὶ
1721 2778 1771 2813 τὴν
1780 2778 1851 2813 ὲνέρ-

220 2822 429 2858 (contemplanti
444 2824 549 2851 scilicet
561 2823 633 2859 parti
649 2823 744 2856 animi,
754 2823 919 2851 libidinosas
932 2824 995 2858 quin

1067 2834 1154 2860 γειαν·
1162 2827 1179 2862 ἡ
1190 2826 1229 2860 δὲ,
1240 2826 1303 2858 τοὺς
1321 2826 1401 2854 πέντε
1419 2826 1493 2858 υἱοὺς
1501 2825 1539 2862 τῷ
1554 2825 1688 2861 Ὲσδριὴλ,
1702 2825 1742 2859 τῷ
1753 2825 1851 2860 θεωρη-

254 2880 278 2897 “
294 2880 381 2908 lCor.
396 2889 423 2914 ι,
436 2882 461 2909 4.
501 2880 524 2896 ⁸⁵
544 2880 616 2909 Psal.
630 2889 684 2914 cui,
704 2881 744 2908 l5.
785 2879 807 2897 ⁸⁵
821 2880 904 2908 Josue
916 2888 952 2913 ix,
969 2879 1014 2907 το.
