1936 3078
188 165 240 197 ’167

768 164 797 194 S.
816 164 960 194 ΜΑΧΙΜΙ
978 163 1234 194 CONFESSORIS

1772 162 1831 194 768

226 207 432 254 lgituripeecati
450 216 608 251 imperium,
626 215 684 244 sive
697 217 789 244 carnis
803 217 979 251 prudentiam

1067 217 1172 244 Οὐκοῦν
1188 217 1218 243 τὸ
1234 216 1335 252 κράτος
1356 215 1405 250 τῆς
1427 215 1574 250 ἁμαρτίας,
1594 214 1677 249 ἤγουν
1701 214 1732 241 ea
1756 216 1827 250 φρό-

191 271 358 297 sensutnque
382 266 412 289 ut
432 262 541 289 aboleat
553 281 560 294 ,
593 261 679 290 sancti
694 261 868 297 baptismatis
884 263 979 298 gratim

191 313 396 344 comparatum;
424 308 546 342 itemque
560 308 734 341 obedientiae,
761 316 814 343 qua
830 309 920 343 reipsa
934 308 978 336 di-

191 355 252 381 vina
268 354 434 388 impleantur
450 353 595 386 mandata,
613 358 643 381 ut
656 354 746 389 gladio
757 355 871 390 spiritus
883 355 979 390 (verbo

190 401 296 427 scilicet
310 399 410 427 divina:
424 399 451 426 in
464 399 569 434 Spiritu
581 400 722 435 scientim)
741 401 899 434 interimat;
925 401 980 429 cla-

191 441 268 472 mans
281 444 394 479 mystice
409 444 443 472 ad
457 445 562 480 peccati
574 445 718 473 libidinem
735 453 905 481 pronamque
918 454 981 482 pas-

189 491 316 523 sionem,
345 491 419 518 haud
438 499 518 518 secus
537 499 570 518 ac
582 499 697 527 magnus
708 491 818 520 Samuel
831 493 865 519 ad
880 492 954 528 Agag
971 501 977 519 :

190 536 261 563 Sicut
275 537 361 563 liberis
375 537 477 564 orbavit
489 537 611 564 mulieres
627 538 732 573 gladius
745 543 814 571 tuus,
830 538 893 573 ﬁliis
904 538 980 565 hodie

189 583 325 609 arbabitur
348 587 434 610 mater
456 587 501 609 tua
526 591 558 610 ea:
576 583 765 610 mulieribus".
794 583 893 611 Multas
906 584 979 611 enim

191 632 222 656 ut
233 629 261 656 in
272 628 363 664 gladio
373 629 443 664 gulae
453 629 562 663 vitium,
576 629 725 664 voluptatis
735 629 885 663 lenocinio,
894 630 981 658 virtu-

191 681 233 704 tes
245 676 342 704 liberis
356 676 475 704 orbavit.
491 676 693 712 Temperantia:
704 677 778 704 enim
792 680 820 704 et
833 676 979 710 castitatis,

191 730 240 756 per
252 721 483 750 incontinentiam
507 730 539 750 ac
551 723 614 750 vita:
626 722 763 750 luxuriam
777 743 784 756 ,
810 723 918 751 semina
931 730 980 750 ex-

193 767 292 803 tinguit
306 776 312 793 :
325 767 440 803 iustitiae
452 775 530 800 vero,
548 776 598 803 per
612 768 796 797 insatiabilem
813 769 981 804 modumque

191 813 360 840 nescientem
387 813 506 841 habendi
533 813 734 848 cupiditatem,
764 814 980 850 aequabilitatem

191 859 346 894 corrumpit
372 868 378 886 :
406 859 607 892 humanitatis,
638 868 688 895 per
705 861 844 895 privatum
858 861 981 896 vitioque

192 904 341 931 haerentem
360 904 591 940 indulgentiorem
605 905 682 933 illum
700 907 742 934 sui
755 914 877 934 amorem
889 927 896 940 ,
922 915 983 941 qum
1000 902 1019 929 Β

191 957 223 976 ex
239 953 344 978 naturae
356 950 513 978 rationibus
523 950 632 979 exsistit
647 951 872 987 coniunctionem
883 951 983 979 scindit

191 1003 223 1023 ac
237 995 483 1023 necessitudinem.
514 998 614 1031 Atque,
636 1001 665 1024 ut
679 1005 787 1024 summa
797 997 897 1030 dicam,
914 997 983 1032 gula

192 1041 290 1068 vitium
313 1041 424 1069 virtutis
441 1043 533 1070 omnia
544 1043 667 1078 germina
679 1043 799 1078 perimit.
820 1043 877 1071 Hoc
890 1047 982 1071 autem

191 1086 299 1120 vitium,
319 1087 360 1114 uti
376 1088 500 1115 dicebam
513 1109 519 1120 ,
550 1089 606 1116 sola
621 1089 701 1122 tollit,
731 1094 788 1116 tum
810 1090 984 1125 baptismatis

192 1133 280 1167 gratia
292 1153 300 1165 ,
326 1137 385 1160 tum
400 1134 450 1161 Dei
467 1134 660 1161 mandatorum
674 1135 833 1163 obedientia
858 1136 984 1164 instituta

191 1178 254 1205 vita:
267 1179 348 1206 ratio.
378 1179 444 1212 Qua:
463 1179 545 1215 igitur
572 1180 599 1207 in
614 1180 706 1208 littera
732 1181 819 1216 legent
832 1182 919 1216 posita
932 1187 983 1215 cst,

192 1223 278 1252 hocce
287 1224 384 1252 vitium
402 1225 539 1253 foventem
551 1230 633 1261 atque
649 1231 815 1257 servantem.
829 1227 915 1254 Deum
928 1236 985 1263 po:—

192 1268 261 1297 nitet
276 1270 302 1296 in
316 1271 426 1299 lsraelis
440 1279 531 1307 regem
545 1271 698 1306 inunxisse,
716 1273 913 1308 translatisque
925 1281 986 1301 sce—

192 1315 272 1349 ptris,
292 1316 387 1343 Davidi
414 1316 486 1353 (legi
499 1317 605 1345 scilicet
617 1318 783 1353 evangelica:
800 1326 832 1346 ac
847 1319 984 1355 spiritali)

192 1360 339 1395 imperium
353 1362 454 1395 tradit;
473 1370 571 1398 nempe
586 1363 642 1390 tilio
653 1363 740 1391 Jesse.
761 1364 810 1390 Est
825 1369 916 1391 autem
927 1365 986 1392 Jes«

192 1414 233 1439 se,
245 1406 268 1434 si
278 1414 380 1434 nomen
389 1407 591 1443 interpreteris,
605 1409 652 1436 Dei
660 1409 768 1444 e/rectio.
781 1410 911 1437 Sanctum
920 1418 986 1446 ergo

194 1451 372 1486 Evangelium
386 1460 498 1487 germen
514 1457 556 1480 est
572 1453 699 1480 factionis
711 1454 776 1487 Dei;
802 1455 829 1481 id
849 1459 906 1487 est,
926 1455 986 1491 ejus

193 1505 242 1531 per
258 1504 368 1524 carnem
386 1498 505 1533 propria:
519 1497 692 1532 eﬂ‘ectionis,
720 1508 781 1534 qua:
798 1500 878 1535 293
896 1501 923 1527 in
937 1509 987 1528 sae-

194 1543 257 1570 cula
277 1543 383 1570 inﬁnita
408 1551 493 1578 regno
510 1544 632 1578 potitur;
663 1546 742 1580 cujus
755 1547 886 1580 auspiciis
903 1551 985 1582 atque

1032 271 1106 297 νημα
1128 263 1177 298 τῆς
1206 262 1318 298 σαρκὸς,
1342 263 1358 297 ἡ
1382 261 1463 296 χάρις
1488 261 1631 295 ἀφανίζειν
1648 260 1756 295 πέφυκε
1775 260 1828 287 τοῦ

1033 309 1111 343 ἁγίου
1137 308 1334 344 βαπτίσματος,
1358 308 1406 335 καὶ
1431 308 1448 343 ἡ
1465 308 1525 334 κατ’
1547 307 1688 341 ἐνέργειαν
1714 306 1829 341 ὑπακοὴ

1032 354 1087 381 τῶν
1107 354 1189 381 θείων
1217 354 1348 385 ἐντολῶν,
1372 352 1533 380 ἀποκτένειν
1560 354 1594 388 τῇ
1624 353 1748 388 μαχαίρᾳ
1775 352 1829 378 τοῦ

1033 399 1189 434 πνεύματος
1218 399 1312 434 (ἧγουν
1330 398 1369 434 τῷ
1394 398 1496 434 ῥήματι
1514 398 1564 433 τῆς
1588 398 1664 429 θείας
1687 399 1716 425 ἐν
1742 398 1830 424 πνεύ-

1035 455 1099 482 ματι
1115 445 1264 481 γνώσεως)·
1281 445 1371 480 βοῶσα
1387 444 1529 480 μυστικῶς
1545 444 1614 479 πρὸς
1627 444 1657 470 τὸ
1672 444 1759 476 πάθος
1775 446 1830 479 τῆς

1033 491 1187 527 ἁμαρτίας,
1210 491 1248 522 ὡς
1271 491 1284 517 ὁ
1300 491 1386 526 μέγας
1411 490 1479 525 πρὸς
1494 490 1540 517 τὸν
1566 490 1655 525 Ἀγάγ
1676 491 1828 527 Σαμουήλ-

1033 537 1137 570 Καθὼς
1168 537 1324 570 ἠτέκνωσε
1354 536 1501 571 γυναῖκας
1527 537 1546 570 ἠ
1579 535 1713 571 μάχαιρά
1747 532 1830 569 σοὺ,

1034 583 1276 617 ἀτεκνωθήσεται
1303 583 1440 617 σήμερον
1456 582 1490 609 ἐκ
1512 582 1665 618 γυναικῶν
1682 583 1701 617 ἠ
1724 582 1831 617 μήτηρ

1033 638 1102 658 σου.
1120 629 1225 661 Πολλὰς
1242 628 1297 665 γὰρ
1318 629 1348 656 τὸ
1365 628 1450 660 πάθος
1468 629 1518 664 τῆς
1535 628 1770 664 γαστριμαργίας,
1790 628 1832 660 ὡς

1032 675 1063 703 ἓν
1080 677 1215 712 μαχαίρᾳ,
1226 675 1265 711 τῷ
1281 676 1345 712 λείῳ
1360 675 1410 710 τῆς
1424 675 1520 711 ἡδονῆς
1535 674 1658 710 λογισμῷ
1670 674 1831 709 ὴτέκνωσεν

1034 724 1147 759 ἀρετάς.
1168 723 1225 759 Τῆς
1240 722 1290 759 μὲν
1306 723 1360 758 γὰρ
1377 721 1555 757 σωφροσύνης
1567 721 1611 747 διὰ
1623 720 1674 754 τῆς
1690 720 1831 755 ἀκρασίας

1034 769 1180 797 ἀποκτένει
1195 769 1231 795 τὰ
1246 769 1393 804 σπέρματα
1406 776 1412 783 ·
1430 768 1481 804 τῆς
1494 766 1668 801 δικαιοσύνης
1678 765 1706 792 δὲ
1719 765 1764 792 διὰ
1778 767 1830 801 τῆς

1035 815 1194 847 πλεονεξίας
1224 814 1377 850 διαφθείρει
1404 814 1454 849 τὴν
1480 813 1636 848 ἰσονομίαν·
1661 813 1710 847 τῆς
1731 812 1831 852 (primv-

1035 861 1158 896 θρωπίας
1178 860 1206 887 δὲ
1231 860 1275 887 διὰ
1289 861 1340 896 τῆς
1361 860 1503 895 φιλαυτίας
1518 860 1568 895 τὴν
1591 860 1624 886 ὲκ
1647 858 1755 894 φύσεως
1770 858 1830 884 δια-

1034 907 1129 941 τέμνει
1147 906 1306 941 συνέχειαν·
1325 907 1372 933 καὶ
1391 906 1533 941 συντόμως
1554 906 1642 932 εἰπεῖν
1661 905 1729 940 (58),
1757 906 1829 932 πάν-

1035 961 1089 979 των
1112 953 1167 980 τῶν
1182 954 1242 980 κατ’
1258 953 1359 988 ἀρετὴν
1375 952 1553 988 γεννημάτων
1575 952 1750 987 ἀναιρετικὸν
1769 953 1829 977 ἔστι

1034 998 1084 1034 τῆς
1099 998 1323 1034 γαστριμαργίας
1331 999 1361 1024 τὸ
1375 998 1471 1029 πάθος.
1487 997 1573 1024 Τοῦτο
1586 997 1614 1023 δὲ
1635 997 1714 1032 μόνη,
1731 996 1827 1028 καθὼς

1035 1043 1114 1078 ἔφην,
1127 1044 1235 1078 ἀναιρεῖ
1247 1042 1278 1069 τὺ
1293 1042 1389 1074 πάθος,
1399 1042 1416 1077 ἦ
1428 1051 1458 1068 τε
1469 1041 1516 1068 τοῦ
1532 1041 1720 1077 βαπτίσματος
1734 1041 1828 1076 χάρις,

1035 1089 1083 1116 καὶ
1093 1089 1110 1124 ἡ
1125 1089 1184 1116 καθ’
1197 1088 1321 1124 ὑπακοὴν
1331 1088 1399 1115 Θεοῦ
1411 1088 1464 1115 τῶν
1475 1087 1590 1115 ἐντολῶν
1598 1087 1705 1122 ἀγωγή.
1716 1087 1768 1113 Τὺν
1782 1084 1829 1113 οὖν

1035 1134 1131 1161 τούτου
1154 1133 1201 1160 τοῦ
1217 1134 1320 1166 πάθους
1346 1134 1557 1170 περιποιητικδν
1580 1135 1608 1160 ὲν
1623 1134 1770 1169 γράμματι
1786 1133 1827 1159 νό-

1037 1188 1087 1216 μον
1102 1180 1298 1215 μεταμελεῖται
1330 1180 1429 1216 χρίσας
1450 1181 1490 1212 είς
1515 1179 1630 1215 βασιλέα
1650 1180 1696 1206 τοῦ
1719 1179 1829 1215 Ἰσραὴλ

1035 1228 1049 1253 ὁ
1059 1226 1135 1258 Θεὸς,
1151 1226 1198 1252 καὶ
1216 1226 1367 1262 μεταφέρει
1381 1226 1411 1252 τὸ
1432 1225 1532 1261 κράτος
1552 1225 1602 1267 τῇς
1617 1225 1766 1260 βασιλείας,
1781 1225 1829 1251 καὶ

1035 1272 1128 1299 δίδωσι
1145 1271 1184 1306 τῷ
1206 1271 1289 1298 Δαὸὶδ
1309 1270 1359 1306 (τῷ
1377 1270 1549 1306 εὐαγγελικῷ
1568 1270 1669 1305 δηλαδὴ
1683 1271 1731 1296 καὶ
1747 1279 1829 1297 πνευ-

1038 1318 1147 1354 ματικῷ
1171 1317 1270 1353 νόμῳ),
1295 1317 1431 1350 τουτέστι,
1454 1316 1494 1352 τῷ
1519 1315 1568 1352 ιιίῷ
1593 1316 1702 1343 Ἰεσσαί.
1725 1316 1831 1352 Ἑρμη-

1037 1365 1146 1391 νεύεται
1172 1363 1200 1390 δὲ
1221 1363 1332 1395 Ἰεσσαὶ,
1358 1363 1433 1390 Θεοῦ
1456 1363 1580 1396 ποίησις
1605 1362 1650 1398 (ι).
1671 1362 1777 1389 Οὐκοῦν
1800 1362 1831 1389 τδ

1037 1411 1115 1444 ἅγιον
1129 1409 1305 1444 Εὐαγγέλιον,
1320 1409 1444 1444 γέννημα
1464 1409 1595 1444 τυγχάνει
1607 1409 1657 1444 τῆς
1679 1409 1828 1444 ποιήσεως,

1036 1455 1121 1491 ήγουν
1146 1455 1196 1490 τῆς
1223 1455 1270 1481 τοῦ
1290 1454 1359 1481 Θεοῦ
1387 1455 1432 1482 διὰ
1454 1454 1556 1490 σαρκὸς
1581 1455 1763 1490 αὐτουργίας,
1780 1455 1831 1490 τῆς

1038 1500 1156 1536 ἐχούσης
1179 1501 1219 1532 εἰς
1235 1501 1299 1532 τοὺς
1315 1500 1447 1536 ἀπείρους
1472 1500 1573 1532 αἰῶνας
1592 1500 1642 1535 τὴν
1668 1500 1829 1535 βασιλείαν·

1038 1546 1098 1573 καθ’
1112 1547 1145 1583 ἣν
1165 1546 1264 1582 ἔχομεν
1279 1546 1440 1580 ἀγαλλίασιν
1457 1546 1639 1579 ἀκατάλυτον,
1658 1546 1704 1573 καὶ
1717 1545 1767 1581 τὴν
1784 1546 1829 1572 si).

194 1596 307 1617 munere
320 1609 327 1621 ,
346 1589 566 1618 iudissolubilem
582 1591 794 1619 exsultationem
807 1600 840 1620 ac
851 1592 984 1626 laetitiam,

1039 1592 1177 1627 φροσὺνην
1193 1592 1232 1624 ὡς
1248 1592 1355 1628 ἡμέραν
1380 1589 1464 1619 οὖσαν
1481 1592 1633 1628 ἀνέσπερον
1653 1592 1699 1618 καὶ
1719 1592 1831 1618 ἀτελεύ-

194 1635 270 1662 velut
285 1636 357 1663 diem
379 1643 495 1664 occasus
510 1638 631 1665 nesciam
643 1646 676 1666 ac
688 1639 883 1673 immortalem,
899 1640 986 1668 habe-

196 1689 267 1709 mus.
285 1681 331 1709 Ait
344 1682 418 1710 enim
443 1692 450 1710 :
473 1683 536 1710 Ilwc
550 1689 588 1711 est
600 1684 655 1712 dies
667 1693 747 1720 quam
759 1686 819 1721 fecit
830 1686 918 1718 Deus;
942 1695 986 1714 ea:-

193 1726 321 1754 sullemus
335 1747 342 1759 ,
370 1731 395 1754 et
417 1727 538 1755 [utemur
549 1729 576 1755 in
588 1729 663 1763 ea“;
683 1737 782 1765 nempe
798 1731 871 1758 diem
883 1738 986 1759 vocans

194 1772 379 1807 cvangelicam
390 1774 517 1808 gratiam,
527 1774 555 1801 in
567 1782 621 1809 qua
630 1775 700 1808 vult,
717 1776 833 1812 utjuxta
845 1776 917 1812 quod
929 1784 988 1804 mo-

195 1821 242 1844 net
251 1817 400 1852 Apostolus
417 1827 423 1845 :
439 1819 514 1846 Sicut
523 1821 548 1846 in
560 1821 601 1847 die
611 1820 745 1856 (scientiae
752 1829 784 1848 ac
796 1821 931 1857 veritatis)
947 1823 993 1850 Iw—

195 1867 268 1890 neste
280 1864 446 1892 ambulemus
454 1865 489 1892 θ’.
508 1865 558 1892 Est
569 1866 643 1893 enim
656 1865 785 1894 Christus
799 1867 870 1894 lucis
881 1867 985 1901 sempi-

197 1918 283 1937 terna:
291 1910 362 1944 dies,
372 1911 400 1938 in
407 1919 461 1946 quo
468 1919 558 1947 operte
565 1912 697 1947 pretium,
706 1917 738 1939 ut
745 1913 805 1947 ejus
813 1919 909 1939 omnes
921 1912 987 1939 fide-

143 1996 147 1999 .
195 1957 235 1984 les
245 1957 379 1985 virtutum
389 1959 534 1986 honestate
545 1963 572 1986 et
582 1959 658 1987 cultu
672 1959 725 1986 rite
733 1959 818 1987 vitam
828 1958 986 1987 instituant.

196 2002 246 2031 llic
271 2012 388 2046 namque
413 2005 488 2034 solus
513 2014 527 2033 a
546 2005 602 2033 Deo
626 2004 851 2040 (earnisscilicet
863 2004 988 2039 ratione)

1039 1646 1130 1673 τητον.
1147 1638 1216 1674 Φησὶ
1228 1638 1299 1673 γάρ·
1321 1638 1402 1672 Αὕτη
1428 1638 1447 1672 ἠ
1467 1638 1566 1673 ἡμέρα
1582 1637 1622 1672 ἣν
1645 1638 1793 1672 ἐποίησεν
1815 1640 1832 1665 d

1041 1682 1133 1716 Θεός·
1154 1683 1408 1718 ἀταλλιασώμεθα
1427 1683 1477 1710 καὶ
1498 1683 1710 1718 εὐφρανθῶμεν
1727 1682 1762 1710 ἐν
1775 1684 1830 1709 αὑ-

1039 1728 1078 1763 τῇ
1089 1738 1095 1744 ·
1124 1729 1231 1764 ἡμέραν
1252 1729 1349 1764 λέγων,
1371 1729 1420 1765 τὴν
1449 1729 1631 1765 εὐαγγελικὴν
1655 1729 1745 1765 χάριν,
1764 1729 1780 1764 ἢ
1801 1729 1832 1755 τὸ

1042 1775 1193 1810 μυστήριον
1204 1774 1287 1801 αὐτοῦ
1304 1775 1351 1802 τοῦ
1364 1774 1466 1811 ταύτην
1480 1775 1666 1810 ποιησαμένου
1678 1774 1728 1809 τὴν
1740 1774 1830 1809 χάριν.

1040 1822 1069 1848 ὲν
1091 1818 1113 1854 ᾧ
1130 1821 1254 1857 βούλεται
1273 1822 1378 1854 πάντας
1399 1822 1484 1857 ἡμᾶς,
1505 1821 1576 1848 κατά
1590 1821 1635 1848 τὸν
1658 1821 1729 1847 οεῖον
1750 1820 1832 1847 Ἀπό-

1040 1867 1142 1900 στολον,
1159 1867 1196 1899 ὼς
1220 1868 1249 1895 ὲν
1263 1867 1354 1903 ἡμέρᾳ
1369 1867 1498 1900 γνώσεως
1515 1868 1562 1894 καὶ
1579 1866 1708 1902 ἀληθείας
1734 1866 1832 1901 εὐσχη-

1043 1913 1131 1947 μόνως
1146 1914 1319 1948 περιπατεῖν.
1345 1913 1452 1949 Ἡμέρα.
1475 1913 1531 1949 γὰρ
1552 1913 1637 1940 ἀϊδίου
1653 1913 1743 1948 φωτός
1758 1913 1832 1938 ἐστιν

1041 1958 1055 1984 ὁ
1070 1958 1198 1994 Χριστὸς,
1215 1959 1244 1984 ὲν
1261 1955 1283 1992 ᾧ
1298 1958 1339 1985 Ge!
1359 1959 1462 1990 πάντας
1479 1959 1543 1990 τοὺς
1559 1959 1634 1994 αὑτῷ
1654 1958 1833 1985 πεπιστευκό-

1043 2012 1104 2036 τας,
1117 2003 1162 2031 διὰ
1176 2004 1226 2040 τῆς
1240 2004 1294 2031 τῶν
1309 2004 1415 2040 ἀρετῶν
1427 2004 1636 2040 εὐσχημοσύνης
1650 2003 1740 2036 καλῶς
1756 2003 1831 2030 πολι-

232 2129 255 2145 ⁹⁰
269 2129 279 2156 Ι
296 2129 364 2164 Reg.
381 2137 426 2162 xv,
443 2129 488 2157 55.
527 2129 548 2145 ⁰¹
565 2128 635 2157 Psal.
652 2137 733 2161 cxvu,
746 2130 791 2157 24.
830 2130 853 2146 ⁹²
870 2129 950 2157 Rom.
964 2136 1022 2163 χιιι,
1040 2129 1084 2157 13.

199 2245 259 2272 qua:
271 2237 383 2273 eclipsis
397 2237 499 2266 Graecis
523 2238 669 2266 familiaris
680 2242 725 2267 est
741 2247 748 2266 :
769 2239 817 2266 sed
839 2238 989 2266 difﬁcultas

198 2278 242 2300 est
257 2273 419 2308 explicanda
439 2281 507 2301 voce
521 2274 655 2309 σπαίρων,
673 2278 702 2301 et
717 2274 911 2309 componendo
934 2274 990 2301 Ma-

199 2309 265 2335 ximi
277 2313 410 2344 etymum,
425 2316 489 2336 cum
505 2317 538 2336 eo
556 2309 630 2344 quod
659 2310 716 2343 ipse
731 2317 809 2336 sacer
826 2313 917 2336 textus
941 2309 990 2336 ha-

199 2344 256 2376 bet,
272 2344 358 2371 Exod.
387 2352 417 2376 ιι.
449 2344 492 2376 10,
519 2344 565 2371 ubi
591 2345 703 2375 dicitur,
725 2344 760 2371 Et
780 2345 883 2371 vocavit
896 2352 990 2370 nomen

199 2382 256 2413 ejus
275 2379 357 2412 Mase,
373 2384 460 2411 nunc;
492 2384 516 2406 et
545 2379 621 2412 dixit,
649 2380 712 2413 quia
740 2379 772 2405 de
799 2387 871 2413 aqua
887 2379 994 2405 (πιναπί

201 2422 271 2445 mm.
285 2419 347 2443 1.1.17
366 2419 428 2444 wn.
449 2414 491 2441 Ab
521 2419 624 2441 eventu
653 2414 745 2449 itaque
769 2414 862 2441 dictus
890 2414 991 2446 Moses,

199 2450 279 2483 quasi
293 2458 326 2476 ex
341 2457 412 2484 aqua
429 2454 580 2481 extractus,
591 2454 619 2477 et
639 2455 670 2476 ut
693 2449 764 2483 grati
779 2449 865 2476 animi
888 2457 990 2476 monuo

201 2489 305 2516 mento,
327 2485 411 2511 etiam
439 2486 551 2512 nomine
572 2484 738 2512 beneﬁcium
766 2484 899 2511 continue
924 2491 991 2518 pro-

201 2519 291 2546 deret.
309 2519 402 2547 Voluit
417 2520 487 2547 forte
509 2520 653 2551 Maximus,
682 2519 740 2546 sive
768 2519 816 2554 qui
842 2519 880 2546 illi
908 2519 992 2554 hujus

199 2555 284 2589 etymi
302 2559 399 2581 auctor
412 2555 474 2586 fuit,
492 2557 526 2582 ad
542 2555 716 2582 Homericam
742 2561 838 2581 vocem
854 2554 991 2587 alludere,

202 2597 255 2623 qua
269 2597 336 2616 usus
353 2593 395 2625 est
410 2590 438 2617 in
455 2591 535 2622 bove,
556 2590 604 2625 qui
625 2590 775 2617 renitentia
800 2589 919 2625 quadam
932 2593 992 2625 tra-

203 2626 295 2655 llﬂIIII',
308 2628 339 2650 ut
353 2624 394 2651 sic
409 2626 489 2659 quasi
509 2626 702 2653 obnitentibus
731 2624 860 2652 ﬂuctibus
889 2628 917 2651 et
931 2624 992 2659 ipso

206 2659 231 2685 in
247 2658 348 2695 fiscella
360 2658 612 2695 illis’obsequente,
624 2666 653 2688 et
666 2660 731 2687 dum
753 2660 861 2687 illorqu
885 2658 991 2694 impetu

205 2693 338 2726 trahitur,
365 2693 537 2730 signiﬁcetur
554 2696 644 2723 Moses
666 2695 745 2730 quasi
762 2696 868 2730 majore
885 2695 912 2721 vi
926 2693 991 2722 inde

207 2734 353 2766 extractus.
363 2730 410 2766 με
425 2731 511 2759 refert
527 2731 619 2759 Varin.
637 2729 707 2766 Ὀρα
723 2731 751 2757 δὲ
764 2730 805 2756 ὃτι
819 2729 850 2756 rb
865 2729 992 2766 σπαίρειν

205 2765 251 2790 ἐπὶ
269 2765 329 2799 βοὸς
350 2763 411 2792 εἷπε
434 2766 579 2801 σπωμένου
594 2763 729 2801 Ὅμηρος,
744 2765 792 2792 καὶ
811 2765 868 2801 οὐδε
885 2763 991 2801 ὲθᾼέλοντ

204 2807 249 2830 τος
274 2801 389 2827 ἔπεσθαι
417 2803 475 2833 τοῖς
498 2799 606 2835 ἄγουσι.
634 2799 730 2827 "nias.
761 2809 789 2833 γ.
816 2800 879 2827 295.
906 2799 990 2832 Quasi

203 2835 364 2870 metaphora
380 2836 415 2863 ab
429 2836 484 2863 illis
495 2844 555 2871 quin
571 2836 854 2871 palpitant,motuque
868 2842 900 2862 ac
913 2840 990 2869 gestu

204 2845 364 2870 llll‘lﬂpllora
380 2845 415 2863 illi
430 2845 484 2863 IIIIS
514 2845 555 2863 IIII!
571 2845 854 2871 palpllan[,nIOqullB
868 2845 900 2862 ac
913 2845 990 2869 gestu

203 2874 299 2898 contra
323 2875 441 2900 mortem
467 2845 543 2899 ve‘iut
573 2872 775 2899 obluctantum.
809 2870 853 2898 Ait
879 2877 991 2905 quoque

1043 2237 1386 2275 significareinconditum
1398 2237 1549 2275 quemdam
1574 2237 1745 2275 motumacbg
1765 2239 1834 2273 ὀρῶ-

1044 2273 1094 2315 μεν
1104 2275 1138 2314 ,ὲν
1154 2273 1252 2308 ίχθύσι,
1267 2273 1373 2307 qualem
1390 2274 1444 2308 fere
1461 2273 1577 2315 videmus
1592 2275 1619 2300 in
1627 2273 1740 2315 pisi-ilius
1751 2293 1758 2305 ,
1774 2278 1833 2301 tum

1008 2322 1028 2349 υ
1044 2308 1176 2349 nimirum
1194 2316 1306 2349 eunte}
1326 2308 1614 2349 aquarextrahun‘tur,
1640 2312 1669 2349 et
1693 2308 1721 2334 in
1753 2316 1834 2349 suum

1043 2345 1214 2372 elementum
1231 2343 1340 2371 resilire
1352 2343 1535 2371 contendunt.
1552 2343 1661 2378 Alioqui
1683 2351 1738 2370 non
1757 2343 1835 2371 vide-

1046 2384 1090 2406 tur
1105 2379 1224 2413 ἄμουσος
1236 2378 1354 2413 piscium
1371 2378 1399 2405 in
1417 2378 1496 2413 aquis
1511 2382 1613 2410 motus,
1625 2378 1673 2405 sed
1691 2378 1751 2412 ipse
1768 2379 1834 2406 satis

1045 2414 1226 2449 compositus,
1252 2417 1289 2449 et
1316 2413 1363 2449 qui
1380 2421 1411 2440 ea
1434 2413 1635 2449 compositione
1660 2414 1832 2449 terrestrium

1046 2447 1208 2476 animalium
1220 2448 1290 2475 nihil
1303 2448 1384 2475 cedat
1396 2447 1557 2481 motui,’sed
1580 2448 1636 2475 fere
1649 2448 1752 2480 vincat,
1777 2449 1833 2476 sive

1048 2484 1206 2515 subsiliunt,
1226 2484 1285 2510 sive
1304 2483 1383 2517 aquis
1396 2483 1492 2514 ﬁdam,
1507 2483 1565 2510 sive
1578 2483 1662 2510 etiam
1678 2483 1761 2518 longo
1778 2489 1834 2511 tra-

1045 2519 1124 2551 mite,
1150 2519 1192 2546 vcl
1221 2518 1370 2553 gregatim,
1395 2519 1438 2545 vel
1468 2518 1623 2553 singulares
1656 2518 1744 2545 maria
1779 2519 1834 2545 sul-

1045 2558 1109 2582 cent
1123 2558 1151 2581 et
1167 2552 1345 2588 adnavigent,
1363 2558 1394 2581 ut
1421 2552 1464 2581 sui
1475 2552 1582 2589 copiam
1595 2553 1704 2589 cunctis
1714 2553 1833 2582 subinde

1064 2593 1186 2617 rzestent.

1045 2597 1186 2625 praestent.

1082 2624 1116 2659 (ε)
1135 2624 1211 2651 Θεοῦ
1227 2625 1360 2659 ποίησις.
1377 2624 1470 2652 Voluit
1492 2623 1564 2651 forte
1590 2623 1637 2658 qui
1658 2625 1757 2650 auctor
1777 2622 1833 2659 Ma:

1044 2658 1135 2687 ximus
1147 2660 1230 2696 elymi
1245 2658 1296 2688 fuit
1308 2660 1430 2696 scribere
1443 2659 1550 2696 κτῆσις,
1572 2659 1648 2694 quasi
1667 2666 1681 2686 a
1692 2661 1733 2690 τιν,
1752 2658 1832 2696 quod

1045 2703 1133 2722 unum
1161 2692 1204 2722 est
1222 2703 1255 2722 ex
1276 2695 1435 2722 nominibus
1468 2692 1526 2726 Dei,
1557 2692 1650 2727 clm,
1685 2692 1832 2728 quodest

1045 2739 1135 2766 pecus,
1151 2730 1272 2768 et_qnasi
1283 2730 1444 2768 _poss_essio.
1458 2730 1536 2768 _1\'am
1556 2727 1704 2768 et_Gr:ecis
1731 2727 1834 2768 ,κτῆνος

1044 2764 1087 2792 est
1103 2772 1118 2792 a
1141 2764 1262 2800 κτῶμαι.
1283 2764 1331 2793 Vel
1349 2766 1430 2798 forte,
1458 2764 1658 2792 heemanticum
1679 2764 1796 2800 exsistat
1807 2768 1833 2789 et

1044 2798 1224 2827 formativum
1234 2801 1354 2836 nominis
1372 2800 1488 2836 proprii,
1504 2800 1582 2836 quasi
1601 2807 1616 2826 a
1637 2804 1691 2836 nn.
1705 2798 1778 2836 quod
1793 2803 1830 2825 est

1045 2843 1150 2871 nnmus.
1167 2836 1216 2862 Vel
1231 2835 1351 2871 denique
1368 2834 1383 2863 a
1397 2834 1471 2870 man
1489 2835 1567 2871 quasi
1584 2842 1664 2862 senm
1675 2834 1832 2868 decrepitus,

1045 2874 1092 2900 ηυγ
1110 2870 1165 2898 [sai
1175 2871 1267 2899 dictus
1282 2870 1327 2900 sit.
