  <div class='ocr_page' id='page_1' title='image "/cluster/home/n/w/nwhite01/storage/ocr_20150623/90/njp.32101077772828/402.png"; bbox 0 0 1933 3078; ppageno 0'>
   <div class='ocr_carea' id='block_1_1' title="bbox 91 134 140 163">
    <p class='ocr_par' dir='ltr' id='par_1_1' title="bbox 91 134 140 163">
     <span class='ocr_line' id='line_1_1' title="bbox 91 134 140 163; baseline 0.041 -2"><span class='ocrx_word' id='word_1_1' title='bbox 91 134 140 163; x_wconf 70' lang='grc' dir='ltr'>πθ</span> 
     </span>
    </p>
   </div>
   <div class='ocr_carea' id='block_1_2' title="bbox 89 185 909 225">
    <p class='ocr_par' dir='ltr' id='par_1_2' title="bbox 89 185 909 225">
     <span class='ocr_line' id='line_1_2' title="bbox 89 185 909 225; baseline -0.01 -6"><span class='ocrx_word' id='word_1_2' title='bbox 89 191 222 219; x_wconf 74' lang='grc' dir='ltr'>τεύεσθαι.</span> <span class='ocrx_word' id='word_1_3' title='bbox 238 187 322 222; x_wconf 75' lang='grc' dir='ltr'>Οὗτος</span> <span class='ocrx_word' id='word_1_4' title='bbox 334 190 389 225; x_wconf 83' lang='grc' dir='ltr'>γάρ</span> <span class='ocrx_word' id='word_1_5' title='bbox 405 191 477 217; x_wconf 79' lang='grc' dir='ltr'>ἐστιν</span> <span class='ocrx_word' id='word_1_6' title='bbox 489 190 503 216; x_wconf 88' lang='grc' dir='ltr'><strong><em>ὁ</em></strong></span> <span class='ocrx_word' id='word_1_7' title='bbox 518 189 708 224; x_wconf 73' lang='grc' dir='ltr'><strong>πεποιημένος</strong></span> <span class='ocrx_word' id='word_1_8' title='bbox 726 189 790 216; x_wconf 77' lang='grc' dir='ltr'>ἀνευ</span> <span class='ocrx_word' id='word_1_9' title='bbox 808 193 872 212; x_wconf 84' lang='grc' dir='ltr'>σπο-</span> <span class='ocrx_word' id='word_1_10' title='bbox 888 185 909 212; x_wconf 82' lang='grc' dir='ltr'>Α</span> 
     </span>
    </p>
   </div>
   <div class='ocr_carea' id='block_1_3' title="bbox 89 233 873 274">
    <p class='ocr_par' dir='ltr' id='par_1_3' title="bbox 89 233 873 274">
     <span class='ocr_line' id='line_1_3' title="bbox 89 233 873 274; baseline -0.005 -10"><span class='ocrx_word' id='word_1_11' title='bbox 89 239 138 274; x_wconf 73' lang='grc' dir='ltr'><strong>ρᾶς</strong></span> <span class='ocrx_word' id='word_1_12' title='bbox 156 237 207 264; x_wconf 78' lang='grc' dir='ltr'><strong>ὑπὸ</strong></span> <span class='ocrx_word' id='word_1_13' title='bbox 219 237 286 264; x_wconf 84' lang='grc' dir='ltr'><strong>Θεοῦ</strong></span> <span class='ocrx_word' id='word_1_14' title='bbox 306 237 386 272; x_wconf 80' lang='grc' dir='ltr'>μόνος</span> <span class='ocrx_word' id='word_1_15' title='bbox 399 236 428 263; x_wconf 81' lang='grc' dir='ltr'>τὸ</span> <span class='ocrx_word' id='word_1_16' title='bbox 455 235 527 263; x_wconf 83' lang='grc' dir='ltr'>κατὰ</span> <span class='ocrx_word' id='word_1_17' title='bbox 541 235 642 271; x_wconf 83' lang='grc' dir='ltr'><strong>σάρκα,</strong></span> <span class='ocrx_word' id='word_1_18' title='bbox 666 235 714 262; x_wconf 77' lang='grc' dir='ltr'>καὶ</span> <span class='ocrx_word' id='word_1_19' title='bbox 730 234 785 261; x_wconf 89' lang='grc' dir='ltr'><strong>τῶν</strong></span> <span class='ocrx_word' id='word_1_20' title='bbox 802 233 873 260; x_wconf 85' lang='grc' dir='ltr'>κατὰ</span> 
     </span>
    </p>
   </div>
   <div class='ocr_carea' id='block_1_4' title="bbox 89 279 874 319">
    <p class='ocr_par' dir='ltr' id='par_1_4' title="bbox 89 279 874 319">
     <span class='ocr_line' id='line_1_4' title="bbox 89 279 874 319; baseline -0.006 -8"><span class='ocrx_word' id='word_1_21' title='bbox 89 284 167 319; x_wconf 79' lang='grc' dir='ltr'>φύσιν</span> <span class='ocrx_word' id='word_1_22' title='bbox 181 283 290 319; x_wconf 80' lang='grc' dir='ltr'><strong>θεσμῶν</strong></span> <span class='ocrx_word' id='word_1_23' title='bbox 313 283 517 318; x_wconf 86' lang='grc' dir='ltr'>καινοτομήσας</span> <span class='ocrx_word' id='word_1_24' title='bbox 534 282 597 314; x_wconf 76' lang='grc' dir='ltr'>τοὺς</span> <span class='ocrx_word' id='word_1_25' title='bbox 614 282 724 317; x_wconf 87' lang='grc' dir='ltr'>νόμους,</span> <span class='ocrx_word' id='word_1_26' title='bbox 740 280 788 307; x_wconf 65' lang='grc' dir='ltr'><strong>καὶ¹</strong></span> <span class='ocrx_word' id='word_1_27' title='bbox 803 279 874 307; x_wconf 85' lang='grc' dir='ltr'>κατὰ</span> 
     </span>
    </p>
   </div>
   <div class='ocr_carea' id='block_1_5' title="bbox 90 325 874 366">
    <p class='ocr_par' dir='ltr' id='par_1_5' title="bbox 90 325 874 366">
     <span class='ocr_line' id='line_1_5' title="bbox 90 325 874 366; baseline -0.006 -9"><span class='ocrx_word' id='word_1_28' title='bbox 90 330 231 366; x_wconf 80' lang='grc' dir='ltr'>πρόσωπον</span> <span class='ocrx_word' id='word_1_29' title='bbox 250 330 358 357; x_wconf 84' lang='grc' dir='ltr'>πάντων</span> <span class='ocrx_word' id='word_1_30' title='bbox 371 330 427 356; x_wconf 86' lang='grc' dir='ltr'><strong>τῶν</strong></span> <span class='ocrx_word' id='word_1_31' title='bbox 444 328 516 356; x_wconf 87' lang='grc' dir='ltr'>λαῶν</span> <span class='ocrx_word' id='word_1_32' title='bbox 530 328 743 364; x_wconf 81' lang='grc' dir='ltr'><strong>ἡτοιμασμένος,</strong></span> <span class='ocrx_word' id='word_1_33' title='bbox 756 327 802 353; x_wconf 76' lang='grc' dir='ltr'>καὶ</span> <span class='ocrx_word' id='word_1_34' title='bbox 816 325 874 361; x_wconf 88' lang='grc' dir='ltr'><strong>φῶς</strong></span> 
     </span>
    </p>
   </div>
   <div class='ocr_carea' id='block_1_6' title="bbox 89 372 873 410">
    <p class='ocr_par' dir='ltr' id='par_1_6' title="bbox 89 372 873 410">
     <span class='ocr_line' id='line_1_6' title="bbox 89 372 873 410; baseline -0.005 -7"><span class='ocrx_word' id='word_1_35' title='bbox 89 378 126 408; x_wconf 82' lang='grc' dir='ltr'><strong>είς</strong></span> <span class='ocrx_word' id='word_1_36' title='bbox 140 375 313 410; x_wconf 76' lang='grc' dir='ltr'><strong>ἀποκάλυψιν</strong></span> <span class='ocrx_word' id='word_1_37' title='bbox 331 375 417 402; x_wconf 81' lang='grc' dir='ltr'>ἐθνῶν</span> <span class='ocrx_word' id='word_1_38' title='bbox 434 376 482 402; x_wconf 77' lang='grc' dir='ltr'>καὶ</span> <span class='ocrx_word' id='word_1_39' title='bbox 498 375 578 408; x_wconf 83' lang='grc' dir='ltr'>δόξαν</span> <span class='ocrx_word' id='word_1_40' title='bbox 593 375 659 401; x_wconf 82' lang='grc' dir='ltr'>λαοῦ</span> <span class='ocrx_word' id='word_1_41' title='bbox 679 373 800 410; x_wconf 84' lang='grc' dir='ltr'>Ἰσραήλ.</span> <span class='ocrx_word' id='word_1_42' title='bbox 813 372 873 404; x_wconf 78' lang='grc' dir='ltr'><strong>Φῶς</strong></span> 
     </span>
    </p>
   </div>
   <div class='ocr_carea' id='block_1_7' title="bbox 88 417 874 457">
    <p class='ocr_par' dir='ltr' id='par_1_7' title="bbox 88 417 874 457">
     <span class='ocr_line' id='line_1_7' title="bbox 88 417 874 457; baseline -0.006 -9"><span class='ocrx_word' id='word_1_43' title='bbox 88 421 140 457; x_wconf 79' lang='grc' dir='ltr'>γὰρ</span> <span class='ocrx_word' id='word_1_44' title='bbox 160 422 235 448; x_wconf 80' lang='grc' dir='ltr'>ὲστιν</span> <span class='ocrx_word' id='word_1_45' title='bbox 250 420 360 456; x_wconf 86' lang='grc' dir='ltr'>ἀληθῶς</span> <span class='ocrx_word' id='word_1_46' title='bbox 374 420 460 447; x_wconf 77' lang='grc' dir='ltr'>ἐθνῶν</span> <span class='ocrx_word' id='word_1_47' title='bbox 475 420 489 446; x_wconf 85' lang='grc' dir='ltr'><strong>ό</strong></span> <span class='ocrx_word' id='word_1_48' title='bbox 507 419 611 454; x_wconf 85' lang='grc' dir='ltr'>Κύριος</span> <span class='ocrx_word' id='word_1_49' title='bbox 625 418 705 454; x_wconf 76' lang='grc' dir='ltr'>ἡμῶν</span> <span class='ocrx_word' id='word_1_50' title='bbox 720 417 787 453; x_wconf 87' lang='grc'><strong>(60),</strong></span> <span class='ocrx_word' id='word_1_51' title='bbox 808 417 874 443; x_wconf 82' lang='grc' dir='ltr'>ἀπο-</span> 
     </span>
    </p>
   </div>
   <div class='ocr_carea' id='block_1_8' title="bbox 87 463 873 501">
    <p class='ocr_par' dir='ltr' id='par_1_8' title="bbox 87 463 873 501">
     <span class='ocr_line' id='line_1_8' title="bbox 87 463 873 501; baseline -0.008 -7"><span class='ocrx_word' id='word_1_52' title='bbox 87 468 230 494; x_wconf 75' lang='grc' dir='ltr'><strong>καλύπτων</strong></span> <span class='ocrx_word' id='word_1_53' title='bbox 245 467 348 498; x_wconf 87' lang='grc' dir='ltr'>αὑτοῖς,</span> <span class='ocrx_word' id='word_1_54' title='bbox 361 466 406 493; x_wconf 84' lang='grc' dir='ltr'>διὰ</span> <span class='ocrx_word' id='word_1_55' title='bbox 418 466 468 501; x_wconf 80' lang='grc' dir='ltr'>τῆς</span> <span class='ocrx_word' id='word_1_56' title='bbox 481 464 598 500; x_wconf 81' lang='grc' dir='ltr'>ἀληθοῦς</span> <span class='ocrx_word' id='word_1_57' title='bbox 611 464 796 498; x_wconf 78' lang='grc' dir='ltr'><strong>ἐπιγνώσεως,</strong></span> <span class='ocrx_word' id='word_1_58' title='bbox 808 463 873 494; x_wconf 78' lang='grc' dir='ltr'>τοὺς</span> 
     </span>
    </p>
   </div>
   <div class='ocr_carea' id='block_1_9' title="bbox 87 508 873 549">
    <p class='ocr_par' dir='ltr' id='par_1_9' title="bbox 87 508 873 549">
     <span class='ocr_line' id='line_1_9' title="bbox 87 508 873 549; baseline -0.005 -10"><span class='ocrx_word' id='word_1_59' title='bbox 87 513 124 549; x_wconf 82' lang='grc' dir='ltr'>τῷ</span> <span class='ocrx_word' id='word_1_60' title='bbox 141 512 216 547; x_wconf 81' lang='grc' dir='ltr'>ζόφῳ</span> <span class='ocrx_word' id='word_1_61' title='bbox 230 512 280 548; x_wconf 81' lang='grc' dir='ltr'>τῆς</span> <span class='ocrx_word' id='word_1_62' title='bbox 294 511 406 546; x_wconf 83' lang='grc' dir='ltr'><strong>ἀγνοίας</strong></span> <span class='ocrx_word' id='word_1_63' title='bbox 425 511 632 546; x_wconf 81' lang='grc' dir='ltr'>ὲπιμεμυκότας</span> <span class='ocrx_word' id='word_1_64' title='bbox 651 509 808 544; x_wconf 80' lang='grc' dir='ltr'>ὀφθαλμοὺς</span> <span class='ocrx_word' id='word_1_65' title='bbox 823 508 873 543; x_wconf 80' lang='grc' dir='ltr'>τῆς</span> 
     </span>
    </p>
   </div>
   <div class='ocr_carea' id='block_1_10' title="bbox 88 555 873 594">
    <p class='ocr_par' dir='ltr' id='par_1_10' title="bbox 88 555 873 594">
     <span class='ocr_line' id='line_1_10' title="bbox 88 555 873 594; baseline -0.006 -7"><span class='ocrx_word' id='word_1_66' title='bbox 88 561 219 592; x_wconf 78' lang='grc' dir='ltr'>διανοίας·</span> <span class='ocrx_word' id='word_1_67' title='bbox 236 560 283 587; x_wconf 76' lang='grc' dir='ltr'>καὶ</span> <span class='ocrx_word' id='word_1_68' title='bbox 309 559 385 591; x_wconf 89' lang='grc' dir='ltr'>θείας</span> <span class='ocrx_word' id='word_1_69' title='bbox 409 559 520 594; x_wconf 81' lang='grc' dir='ltr'>ἀγωγῆς</span> <span class='ocrx_word' id='word_1_70' title='bbox 536 557 617 584; x_wconf 90' lang='grc' dir='ltr'>πάλιν</span> <span class='ocrx_word' id='word_1_71' title='bbox 642 556 736 584; x_wconf 82' lang='grc' dir='ltr'>ἑαυτὸν</span> <span class='ocrx_word' id='word_1_72' title='bbox 763 555 873 591; x_wconf 74' lang='grc' dir='ltr'>ἑτοιμά-</span> 
     </span>
    </p>
   </div>
   <div class='ocr_carea' id='block_1_11' title="bbox 88 602 872 642">
    <p class='ocr_par' dir='ltr' id='par_1_11' title="bbox 88 602 872 642">
     <span class='ocr_line' id='line_1_11' title="bbox 88 602 872 642; baseline -0.008 -8"><span class='ocrx_word' id='word_1_73' title='bbox 88 617 135 639; x_wconf 77' lang='grc' dir='ltr'><strong>σας</strong></span> <span class='ocrx_word' id='word_1_74' title='bbox 151 607 207 642; x_wconf 85' lang='lat' dir='ltr'><strong>(6i)</strong></span> <span class='ocrx_word' id='word_1_75' title='bbox 222 608 278 638; x_wconf 80' lang='grc' dir='ltr'>τοῖς</span> <span class='ocrx_word' id='word_1_76' title='bbox 291 607 396 638; x_wconf 79' lang='grc' dir='ltr'><strong>πιστοῖς</strong></span> <span class='ocrx_word' id='word_1_77' title='bbox 412 605 486 636; x_wconf 83' lang='grc' dir='ltr'>λαοῖς</span> <span class='ocrx_word' id='word_1_78' title='bbox 501 603 604 638; x_wconf 81' lang='grc' dir='ltr'>ἀγαθὸν</span> <span class='ocrx_word' id='word_1_79' title='bbox 619 604 720 638; x_wconf 85' lang='grc' dir='ltr'>ἀρετῆς</span> <span class='ocrx_word' id='word_1_80' title='bbox 734 602 872 638; x_wconf 80' lang='grc' dir='ltr'>ὲξεμπλά-</span> 
     </span>
    </p>
   </div>
   <div class='ocr_carea' id='block_1_12' title="bbox 89 649 874 690">
    <p class='ocr_par' dir='ltr' id='par_1_12' title="bbox 89 649 874 690">
     <span class='ocr_line' id='line_1_12' title="bbox 89 649 874 690; baseline -0.008 -9"><span class='ocrx_word' id='word_1_81' title='bbox 89 663 142 689; x_wconf 88' lang='grc' dir='ltr'>ριον</span> <span class='ocrx_word' id='word_1_82' title='bbox 153 663 159 669; x_wconf 90' lang='grc'>·</span> <span class='ocrx_word' id='word_1_83' title='bbox 176 653 322 690; x_wconf 80' lang='grc' dir='ltr'>προσώπου</span> <span class='ocrx_word' id='word_1_84' title='bbox 337 653 383 680; x_wconf 90' lang='grc' dir='ltr'><strong>τοῦ</strong></span> <span class='ocrx_word' id='word_1_85' title='bbox 399 652 459 679; x_wconf 84' lang='grc' dir='ltr'>κατ’</span> <span class='ocrx_word' id='word_1_86' title='bbox 474 651 574 687; x_wconf 81' lang='grc' dir='ltr'>ἀρετὴν</span> <span class='ocrx_word' id='word_1_87' title='bbox 589 649 770 686; x_wconf 73' lang='grc' dir='ltr'>ὑπογραμμὸς</span> <span class='ocrx_word' id='word_1_88' title='bbox 781 650 874 681; x_wconf 84' lang='grc' dir='ltr'>αὐτοῖς</span> 
     </span>
    </p>
   </div>
   <div class='ocr_carea' id='block_1_13' title="bbox 87 696 873 736">
    <p class='ocr_par' dir='ltr' id='par_1_13' title="bbox 87 696 873 736">
     <span class='ocr_line' id='line_1_13' title="bbox 87 696 873 736; baseline -0.006 -9"><span class='ocrx_word' id='word_1_89' title='bbox 87 702 229 736; x_wconf 72' lang='grc' dir='ltr'>γενόμενος</span> <span class='ocrx_word' id='word_1_90' title='bbox 242 700 290 727; x_wconf 70' lang='grc' dir='ltr'><strong>καὶ</strong></span> <span class='ocrx_word' id='word_1_91' title='bbox 305 699 482 730; x_wconf 77' lang='grc' dir='ltr'>ὑπο-τύπωσις</span> <span class='ocrx_word' id='word_1_92' title='bbox 494 709 500 714; x_wconf 95' lang='grc'><strong><em>-</em></strong></span> <span class='ocrx_word' id='word_1_93' title='bbox 516 698 586 733; x_wconf 84' lang='grc' dir='ltr'>πρὸς</span> <span class='ocrx_word' id='word_1_94' title='bbox 602 696 631 723; x_wconf 80' lang='grc' dir='ltr'><strong>ὃν</strong></span> <span class='ocrx_word' id='word_1_95' title='bbox 652 696 818 732; x_wconf 78' lang='grc' dir='ltr'>ἀφορῶντες,</span> <span class='ocrx_word' id='word_1_96' title='bbox 836 696 873 728; x_wconf 86' lang='grc' dir='ltr'>ὡς</span> 
     </span>
    </p>
   </div>
   <div class='ocr_carea' id='block_1_14' title="bbox 87 742 873 783">
    <p class='ocr_par' dir='ltr' id='par_1_14' title="bbox 87 742 873 783">
     <span class='ocr_line' id='line_1_14' title="bbox 87 742 873 783; baseline -0.008 -8"><span class='ocrx_word' id='word_1_97' title='bbox 87 747 204 783; x_wconf 80' lang='grc' dir='ltr'>ἀρχηγὸν</span> <span class='ocrx_word' id='word_1_98' title='bbox 215 747 266 781; x_wconf 82' lang='grc' dir='ltr'>τῆς</span> <span class='ocrx_word' id='word_1_99' title='bbox 280 746 430 782; x_wconf 66' lang='grc' dir='ltr'>’σωτηρίας</span> <span class='ocrx_word' id='word_1_100' title='bbox 445 745 534 781; x_wconf 82' lang='grc' dir='ltr'>ἡμῶν,</span> <span class='ocrx_word' id='word_1_101' title='bbox 557 743 607 776; x_wconf 85' lang='grc' dir='ltr'><strong>τὰς</strong></span> <span class='ocrx_word' id='word_1_102' title='bbox 619 744 719 778; x_wconf 81' lang='grc' dir='ltr'>ἀρετὰς</span> <span class='ocrx_word' id='word_1_103' title='bbox 743 743 813 770; x_wconf 86' lang='grc' dir='ltr'><strong>κατά</strong></span> <span class='ocrx_word' id='word_1_104' title='bbox 830 742 873 778; x_wconf 87' lang='grc' dir='ltr'>μί-</span> 
     </span>
    </p>
   </div>
   <div class='ocr_carea' id='block_1_15' title="bbox 88 788 872 829">
    <p class='ocr_par' dir='ltr' id='par_1_15' title="bbox 88 788 872 829">
     <span class='ocr_line' id='line_1_15' title="bbox 88 788 872 829; baseline -0.005 -10"><span class='ocrx_word' id='word_1_105' title='bbox 88 802 177 829; x_wconf 82' lang='grc' dir='ltr'>μησιν,</span> <span class='ocrx_word' id='word_1_106' title='bbox 192 793 230 824; x_wconf 88' lang='grc' dir='ltr'><strong>ῶς</strong></span> <span class='ocrx_word' id='word_1_107' title='bbox 244 793 309 828; x_wconf 78' lang='grc' dir='ltr'>ἡμῖν</span> <span class='ocrx_word' id='word_1_108' title='bbox 324 792 381 818; x_wconf 77' lang='grc' dir='ltr'>ἐστι</span> <span class='ocrx_word' id='word_1_109' title='bbox 403 791 532 823; x_wconf 81' lang='grc' dir='ltr'>δυνατὸν,</span> <span class='ocrx_word' id='word_1_110' title='bbox 550 789 738 826; x_wconf 81' lang='grc' dir='ltr'><strong>κατορθοῦμεν</strong></span> <span class='ocrx_word' id='word_1_111' title='bbox 762 789 805 816; x_wconf 84' lang='grc' dir='ltr'>διὰ</span> <span class='ocrx_word' id='word_1_112' title='bbox 824 788 872 824; x_wconf 80' lang='grc' dir='ltr'>τῆς</span> 
     </span>
    </p>
   </div>
   <div class='ocr_carea' id='block_1_16' title="bbox 87 836 872 874">
    <p class='ocr_par' dir='ltr' id='par_1_16' title="bbox 87 836 872 874">
     <span class='ocr_line' id='line_1_16' title="bbox 87 836 872 874; baseline -0.005 -9"><span class='ocrx_word' id='word_1_113' title='bbox 87 838 220 874; x_wconf 78' lang='grc' dir='ltr'>πράξεως.</span> <span class='ocrx_word' id='word_1_114' title='bbox 243 838 324 865; x_wconf 80' lang='grc' dir='ltr'>Ἀλλά</span> <span class='ocrx_word' id='word_1_115' title='bbox 339 838 387 864; x_wconf 74' lang='grc' dir='ltr'>καὶ</span> <span class='ocrx_word' id='word_1_116' title='bbox 405 837 468 870; x_wconf 81' lang='grc' dir='ltr'>δόξα</span> <span class='ocrx_word' id='word_1_117' title='bbox 481 836 547 864; x_wconf 88' lang='grc' dir='ltr'>λαοῦ</span> <span class='ocrx_word' id='word_1_118' title='bbox 570 836 680 872; x_wconf 87' lang='grc' dir='ltr'>Ἰσραὴλ</span> <span class='ocrx_word' id='word_1_119' title='bbox 697 836 779 868; x_wconf 80' lang='grc' dir='ltr'>αὐτός</span> <span class='ocrx_word' id='word_1_120' title='bbox 799 837 872 862; x_wconf 75' lang='grc' dir='ltr'>ἐστιν</span> 
     </span>
    </p>
   </div>
   <div class='ocr_carea' id='block_1_17' title="bbox 85 883 871 920">
    <p class='ocr_par' dir='ltr' id='par_1_17' title="bbox 85 883 871 920">
     <span class='ocr_line' id='line_1_17' title="bbox 85 883 871 920; baseline -0.003 -9"><span class='ocrx_word' id='word_1_121' title='bbox 85 886 98 912; x_wconf 82' lang='grc' dir='ltr'><strong>ὁ</strong></span> <span class='ocrx_word' id='word_1_122' title='bbox 112 885 175 916; x_wconf 78' lang='grc' dir='ltr'>Θεὸς</span> <span class='ocrx_word' id='word_1_123' title='bbox 190 884 239 911; x_wconf 79' lang='grc' dir='ltr'>καὶ</span> <span class='ocrx_word' id='word_1_124' title='bbox 266 885 352 919; x_wconf 85' lang='grc' dir='ltr'>Λόγος</span> <span class='ocrx_word' id='word_1_125' title='bbox 371 883 439 920; x_wconf 73' lang='grc'>(62),</span> <span class='ocrx_word' id='word_1_126' title='bbox 465 884 503 916; x_wconf 88' lang='grc' dir='ltr'>ὡς</span> <span class='ocrx_word' id='word_1_127' title='bbox 526 884 566 920; x_wconf 83' lang='grc' dir='ltr'>τῷ</span> <span class='ocrx_word' id='word_1_128' title='bbox 581 884 646 920; x_wconf 87' lang='grc' dir='ltr'>θείῳ</span> <span class='ocrx_word' id='word_1_129' title='bbox 671 884 721 919; x_wconf 85' lang='grc' dir='ltr'>τῆς</span> <span class='ocrx_word' id='word_1_130' title='bbox 745 883 871 918; x_wconf 83' lang='grc' dir='ltr'>γνώσεως</span> 
     </span>
    </p>
   </div>
   <div class='ocr_carea' id='block_1_18' title="bbox 86 928 872 966">
    <p class='ocr_par' dir='ltr' id='par_1_18' title="bbox 86 928 872 966">
     <span class='ocr_line' id='line_1_18' title="bbox 86 928 872 966; baseline -0.003 -9"><span class='ocrx_word' id='word_1_131' title='bbox 86 930 152 965; x_wconf 74' lang='grc' dir='ltr'>φωτὶ</span> <span class='ocrx_word' id='word_1_132' title='bbox 166 931 212 958; x_wconf 79' lang='grc' dir='ltr'>διὰ</span> <span class='ocrx_word' id='word_1_133' title='bbox 227 931 278 966; x_wconf 84' lang='grc' dir='ltr'>τῆς</span> <span class='ocrx_word' id='word_1_134' title='bbox 297 929 433 966; x_wconf 81' lang='grc' dir='ltr'><strong>μυστικῆς</strong></span> <span class='ocrx_word' id='word_1_135' title='bbox 448 929 566 965; x_wconf 81' lang='grc' dir='ltr'>θεωρίας</span> <span class='ocrx_word' id='word_1_136' title='bbox 585 928 813 964; x_wconf 79' lang='grc' dir='ltr'>καταφαιδρύνων</span> <span class='ocrx_word' id='word_1_137' title='bbox 826 928 872 955; x_wconf 83' lang='grc' dir='ltr'><strong>τὸν</strong></span> 
     </span>
    </p>
   </div>
   <div class='ocr_carea' id='block_1_19' title="bbox 85 973 872 1011">
    <p class='ocr_par' dir='ltr' id='par_1_19' title="bbox 85 973 872 1011">
     <span class='ocr_line' id='line_1_19' title="bbox 85 973 872 1011; baseline -0.003 -9"><span class='ocrx_word' id='word_1_138' title='bbox 85 976 154 1003; x_wconf 85' lang='grc' dir='ltr'>νοῦν.</span> <span class='ocrx_word' id='word_1_139' title='bbox 172 976 209 1002; x_wconf 79' lang='grc' dir='ltr'><strong>’Ἡ</strong></span> <span class='ocrx_word' id='word_1_140' title='bbox 224 975 305 1011; x_wconf 75' lang='grc' dir='ltr'>τυχὸν</span> <span class='ocrx_word' id='word_1_141' title='bbox 318 975 399 1007; x_wconf 85' lang='grc' dir='ltr'>λαούς</span> <span class='ocrx_word' id='word_1_142' title='bbox 417 983 500 1011; x_wconf 83' lang='grc' dir='ltr'>φησιν</span> <span class='ocrx_word' id='word_1_143' title='bbox 512 975 525 1001; x_wconf 81' lang='grc' dir='ltr'>ὁ</span> <span class='ocrx_word' id='word_1_144' title='bbox 539 974 619 1010; x_wconf 89' lang='grc' dir='ltr'>λόγος</span> <span class='ocrx_word' id='word_1_145' title='bbox 635 973 703 1010; x_wconf 83' lang='grc'>(65),</span> <span class='ocrx_word' id='word_1_146' title='bbox 719 974 782 1006; x_wconf 86' lang='grc' dir='ltr'>τοὺς</span> <span class='ocrx_word' id='word_1_147' title='bbox 801 974 872 1001; x_wconf 81' lang='grc' dir='ltr'>κατὰ</span> 
     </span>
    </p>
   </div>
   <div class='ocr_carea' id='block_1_20' title="bbox 86 1021 872 1058">
    <p class='ocr_par' dir='ltr' id='par_1_20' title="bbox 86 1021 872 1058">
     <span class='ocr_line' id='line_1_20' title="bbox 86 1021 872 1058; baseline -0.004 -8"><span class='ocrx_word' id='word_1_148' title='bbox 86 1023 163 1058; x_wconf 76' lang='grc' dir='ltr'>φύσιν</span> <span class='ocrx_word' id='word_1_149' title='bbox 176 1023 272 1058; x_wconf 83' lang='grc' dir='ltr'>λόγους</span> <span class='ocrx_word' id='word_1_150' title='bbox 283 1031 290 1039; x_wconf 89' lang='grc'>·</span> <span class='ocrx_word' id='word_1_151' title='bbox 309 1022 455 1058; x_wconf 84' lang='grc' dir='ltr'>πρόσωπον</span> <span class='ocrx_word' id='word_1_152' title='bbox 474 1021 503 1048; x_wconf 76' lang='grc' dir='ltr'><strong>δὲ</strong></span> <span class='ocrx_word' id='word_1_153' title='bbox 520 1021 634 1053; x_wconf 82' lang='grc' dir='ltr'>τούτων,</span> <span class='ocrx_word' id='word_1_154' title='bbox 655 1021 705 1056; x_wconf 87' lang='grc' dir='ltr'>τὴν</span> <span class='ocrx_word' id='word_1_155' title='bbox 722 1021 872 1048; x_wconf 80' lang='grc' dir='ltr'>ἄπταιστον</span> 
     </span>
    </p>
   </div>
   <div class='ocr_carea' id='block_1_21' title="bbox 85 1067 871 1106">
    <p class='ocr_par' dir='ltr' id='par_1_21' title="bbox 85 1067 871 1106">
     <span class='ocr_line' id='line_1_21' title="bbox 85 1067 871 1106; baseline -0.005 -9"><span class='ocrx_word' id='word_1_156' title='bbox 85 1070 170 1103; x_wconf 78' lang='grc' dir='ltr'>δόξαν,</span> <span class='ocrx_word' id='word_1_157' title='bbox 187 1067 224 1106; x_wconf 79' lang='grc' dir='ltr'>ἧς</span> <span class='ocrx_word' id='word_1_158' title='bbox 250 1069 413 1105; x_wconf 81' lang='grc' dir='ltr'>ἐτοιμασία,</span> <span class='ocrx_word' id='word_1_159' title='bbox 441 1068 499 1104; x_wconf 85' lang='grc' dir='ltr'><strong>φῶς</strong></span> <span class='ocrx_word' id='word_1_160' title='bbox 521 1067 590 1104; x_wconf 74' lang='grc' dir='ltr'>πρὸς</span> <span class='ocrx_word' id='word_1_161' title='bbox 612 1068 762 1102; x_wconf 74' lang='grc' dir='ltr'>ἐπίγνωσιν</span> <span class='ocrx_word' id='word_1_162' title='bbox 791 1067 871 1099; x_wconf 70' lang='grc' dir='ltr'>αὐτὸς</span> 
     </span>
    </p>
   </div>
   <div class='ocr_carea' id='block_1_22' title="bbox 85 1113 871 1151">
    <p class='ocr_par' dir='ltr' id='par_1_22' title="bbox 85 1113 871 1151">
     <span class='ocr_line' id='line_1_22' title="bbox 85 1113 871 1151; baseline -0.004 -9"><span class='ocrx_word' id='word_1_163' title='bbox 85 1115 253 1151; x_wconf 78' lang='grc' dir='ltr'>καθέστηκεν</span> <span class='ocrx_word' id='word_1_164' title='bbox 267 1116 280 1142; x_wconf 84' lang='grc' dir='ltr'><strong>ὁ</strong></span> <span class='ocrx_word' id='word_1_165' title='bbox 295 1115 391 1149; x_wconf 84' lang='grc' dir='ltr'>Λόγος,</span> <span class='ocrx_word' id='word_1_166' title='bbox 408 1114 446 1146; x_wconf 89' lang='grc' dir='ltr'>ὡς</span> <span class='ocrx_word' id='word_1_167' title='bbox 466 1114 579 1149; x_wconf 85' lang='grc' dir='ltr'>κτίστης</span> <span class='ocrx_word' id='word_1_168' title='bbox 596 1114 645 1149; x_wconf 81' lang='grc' dir='ltr'>τῆς</span> <span class='ocrx_word' id='word_1_169' title='bbox 660 1113 767 1148; x_wconf 80' lang='grc' dir='ltr'>φύσεως</span> <span class='ocrx_word' id='word_1_170' title='bbox 779 1121 786 1128; x_wconf 88' lang='grc'><strong>·</strong></span> <span class='ocrx_word' id='word_1_171' title='bbox 807 1113 871 1148; x_wconf 73' lang='grc' dir='ltr'>ἔθνη</span> 
     </span>
    </p>
   </div>
   <div class='ocr_carea' id='block_1_23' title="bbox 85 1157 870 1196">
    <p class='ocr_par' dir='ltr' id='par_1_23' title="bbox 85 1157 870 1196">
     <span class='ocr_line' id='line_1_23' title="bbox 85 1157 870 1196; baseline -0.004 -9"><span class='ocrx_word' id='word_1_172' title='bbox 85 1161 121 1194; x_wconf 79' lang='grc' dir='ltr'>δὲ,</span> <span class='ocrx_word' id='word_1_173' title='bbox 144 1161 178 1187; x_wconf 86' lang='grc' dir='ltr'><strong>τά</strong></span> <span class='ocrx_word' id='word_1_174' title='bbox 209 1160 286 1196; x_wconf 71' lang='grc' dir='ltr'>παρὰ</span> <span class='ocrx_word' id='word_1_175' title='bbox 313 1160 395 1195; x_wconf 81' lang='grc' dir='ltr'>φύσιν</span> <span class='ocrx_word' id='word_1_176' title='bbox 420 1159 494 1195; x_wconf 78' lang='grc' dir='ltr'>πάθη</span> <span class='ocrx_word' id='word_1_177' title='bbox 512 1158 579 1194; x_wconf 75' lang='grc'>(64),</span> <span class='ocrx_word' id='word_1_178' title='bbox 598 1159 670 1194; x_wconf 74' lang='grc' dir='ltr'>ἅπερ</span> <span class='ocrx_word' id='word_1_179' title='bbox 683 1157 870 1186; x_wconf 76' lang='grc' dir='ltr'>ἀποκαλύπτει</span> 
     </span>
    </p>
   </div>
   <div class='ocr_carea' id='block_1_24' title="bbox 85 1204 871 1242">
    <p class='ocr_par' dir='ltr' id='par_1_24' title="bbox 85 1204 871 1242">
     <span class='ocr_line' id='line_1_24' title="bbox 85 1204 871 1242; baseline -0.005 -8"><span class='ocrx_word' id='word_1_180' title='bbox 85 1207 259 1238; x_wconf 80' lang='grc' dir='ltr'>λανθάνοντα,</span> <span class='ocrx_word' id='word_1_181' title='bbox 270 1206 327 1241; x_wconf 82' lang='grc' dir='ltr'><strong>φῶς</strong></span> <span class='ocrx_word' id='word_1_182' title='bbox 340 1206 510 1242; x_wconf 85' lang='grc' dir='ltr'>δωρούμενος</span> <span class='ocrx_word' id='word_1_183' title='bbox 525 1205 662 1240; x_wconf 85' lang='grc' dir='ltr'>γνώσεως,</span> <span class='ocrx_word' id='word_1_184' title='bbox 675 1204 720 1232; x_wconf 75' lang='grc' dir='ltr'><strong>καὶ</strong></span> <span class='ocrx_word' id='word_1_185' title='bbox 732 1204 871 1237; x_wconf 66' lang='grc' dir='ltr'>παντελῶς</span> 
     </span>
    </p>
   </div>
   <div class='ocr_carea' id='block_1_25' title="bbox 85 1250 871 1293">
    <p class='ocr_par' dir='ltr' id='par_1_25' title="bbox 85 1250 871 1293">
     <span class='ocr_line' id='line_1_25' title="bbox 85 1250 871 1293; baseline -0.004 -13"><span class='ocrx_word' id='word_1_186' title='bbox 85 1254 224 1286; x_wconf 76' lang='grc' dir='ltr'>ἐξωθεῖται</span> <span class='ocrx_word' id='word_1_187' title='bbox 240 1254 289 1289; x_wconf 83' lang='grc' dir='ltr'>τῆς</span> <span class='ocrx_word' id='word_1_188' title='bbox 307 1254 424 1293; x_wconf 58' lang='grc' dir='ltr'>φύσεως.</span> <span class='ocrx_word' id='word_1_189' title='bbox 443 1252 512 1286; x_wconf 83' lang='grc' dir='ltr'>Δόξα</span> <span class='ocrx_word' id='word_1_190' title='bbox 528 1252 556 1279; x_wconf 79' lang='grc' dir='ltr'><strong>δὲ</strong></span> <span class='ocrx_word' id='word_1_191' title='bbox 570 1252 673 1286; x_wconf 85' lang='grc' dir='ltr'>γίνεται</span> <span class='ocrx_word' id='word_1_192' title='bbox 694 1251 740 1278; x_wconf 82' lang='grc' dir='ltr'><strong>τοῦ</strong></span> <span class='ocrx_word' id='word_1_193' title='bbox 762 1250 871 1286; x_wconf 79' lang='grc' dir='ltr'>Ἰσραὴλ</span> 
     </span>
    </p>
   </div>
   <div class='ocr_carea' id='block_1_26' title="bbox 84 1296 871 1335">
    <p class='ocr_par' dir='ltr' id='par_1_26' title="bbox 84 1296 871 1335">
     <span class='ocr_line' id='line_1_26' title="bbox 84 1296 871 1335; baseline -0.005 -8"><span class='ocrx_word' id='word_1_194' title='bbox 84 1302 97 1327; x_wconf 82' lang='grc' dir='ltr'><strong>ὁ</strong></span> <span class='ocrx_word' id='word_1_195' title='bbox 112 1301 194 1335; x_wconf 84' lang='grc' dir='ltr'>Λόγος</span> <span class='ocrx_word' id='word_1_196' title='bbox 209 1300 276 1335; x_wconf 80' lang='lat'><strong>(65),</strong></span> <span class='ocrx_word' id='word_1_197' title='bbox 287 1300 324 1331; x_wconf 90' lang='grc' dir='ltr'>ὼς</span> <span class='ocrx_word' id='word_1_198' title='bbox 337 1299 392 1326; x_wconf 89' lang='grc' dir='ltr'><strong>τῶν</strong></span> <span class='ocrx_word' id='word_1_199' title='bbox 412 1299 489 1334; x_wconf 81' lang='grc' dir='ltr'>παρὰ</span> <span class='ocrx_word' id='word_1_200' title='bbox 506 1298 587 1333; x_wconf 86' lang='grc' dir='ltr'>φύσιν</span> <span class='ocrx_word' id='word_1_201' title='bbox 603 1297 698 1324; x_wconf 85' lang='grc' dir='ltr'>παθῶν</span> <span class='ocrx_word' id='word_1_202' title='bbox 718 1296 871 1324; x_wconf 76' lang='grc' dir='ltr'>ἀποκαθαί-</span> 
     </span>
    </p>
   </div>
   <div class='ocr_carea' id='block_1_27' title="bbox 86 1344 870 1383">
    <p class='ocr_par' dir='ltr' id='par_1_27' title="bbox 86 1344 870 1383">
     <span class='ocr_line' id='line_1_27' title="bbox 86 1344 870 1383; baseline -0.005 -9"><span class='ocrx_word' id='word_1_203' title='bbox 86 1356 137 1383; x_wconf 86' lang='grc' dir='ltr'><strong>ρων</strong></span> <span class='ocrx_word' id='word_1_204' title='bbox 159 1347 206 1374; x_wconf 75' lang='grc' dir='ltr'>τδν</span> <span class='ocrx_word' id='word_1_205' title='bbox 223 1347 294 1378; x_wconf 82' lang='grc' dir='ltr'>νοῦν,</span> <span class='ocrx_word' id='word_1_206' title='bbox 313 1345 428 1377; x_wconf 76' lang='grc' dir='ltr'>καὶτοῖς</span> <span class='ocrx_word' id='word_1_207' title='bbox 452 1345 523 1372; x_wconf 88' lang='grc' dir='ltr'><strong>κατά</strong></span> <span class='ocrx_word' id='word_1_208' title='bbox 542 1344 622 1380; x_wconf 84' lang='grc' dir='ltr'>φύσιν</span> <span class='ocrx_word' id='word_1_209' title='bbox 641 1344 732 1378; x_wconf 86' lang='grc' dir='ltr'>λόγοις</span> <span class='ocrx_word' id='word_1_210' title='bbox 750 1352 870 1371; x_wconf 85' lang='grc' dir='ltr'>κατακο-</span> 
     </span>
    </p>
   </div>
   <div class='ocr_carea' id='block_1_28' title="bbox 86 1389 870 1429">
    <p class='ocr_par' dir='ltr' id='par_1_28' title="bbox 86 1389 870 1429">
     <span class='ocr_line' id='line_1_28' title="bbox 86 1389 870 1429; baseline -0.006 -9"><span class='ocrx_word' id='word_1_211' title='bbox 86 1393 159 1429; x_wconf 86' lang='grc' dir='ltr'>σμῶν</span> <span class='ocrx_word' id='word_1_212' title='bbox 169 1401 176 1409; x_wconf 74' lang='grc'><em>’</em></span> <span class='ocrx_word' id='word_1_213' title='bbox 193 1393 265 1428; x_wconf 80' lang='grc' dir='ltr'>πρὸς</span> <span class='ocrx_word' id='word_1_214' title='bbox 278 1391 316 1424; x_wconf 80' lang='grc' dir='ltr'><strong>δὲ,</strong></span> <span class='ocrx_word' id='word_1_215' title='bbox 328 1391 376 1418; x_wconf 74' lang='grc' dir='ltr'>κα).</span> <span class='ocrx_word' id='word_1_216' title='bbox 388 1390 427 1426; x_wconf 80' lang='grc' dir='ltr'>τῷ</span> <span class='ocrx_word' id='word_1_217' title='bbox 441 1391 587 1426; x_wconf 84' lang='grc' dir='ltr'>διαδήματι</span> <span class='ocrx_word' id='word_1_218' title='bbox 598 1389 649 1425; x_wconf 88' lang='grc' dir='ltr'>τῆς</span> <span class='ocrx_word' id='word_1_219' title='bbox 660 1390 731 1417; x_wconf 80' lang='grc' dir='ltr'>κατὰ</span> <span class='ocrx_word' id='word_1_220' title='bbox 743 1390 792 1426; x_wconf 83' lang='grc' dir='ltr'>τὴν</span> <span class='ocrx_word' id='word_1_221' title='bbox 803 1389 870 1416; x_wconf 81' lang='grc' dir='ltr'>θέω-</span> 
     </span>
    </p>
   </div>
   <div class='ocr_carea' id='block_1_29' title="bbox 72 1434 870 1476">
    <p class='ocr_par' dir='ltr' id='par_1_29' title="bbox 72 1434 870 1476">
     <span class='ocr_line' id='line_1_29' title="bbox 72 1434 870 1476; baseline -0.005 -9"><span class='ocrx_word' id='word_1_222' title='bbox 72 1434 125 1467; x_wconf 68' lang='grc' dir='ltr'><strong>⁵σιν</strong></span> <span class='ocrx_word' id='word_1_223' title='bbox 140 1440 272 1476; x_wconf 79' lang='grc' dir='ltr'>ᾁτρεψίας</span> <span class='ocrx_word' id='word_1_224' title='bbox 293 1438 475 1473; x_wconf 78' lang='grc' dir='ltr'>ὲπισφίγγων.</span> <span class='ocrx_word' id='word_1_225' title='bbox 492 1438 560 1469; x_wconf 80' lang='grc' dir='ltr'>Δόξα</span> <span class='ocrx_word' id='word_1_226' title='bbox 575 1438 629 1473; x_wconf 87' lang='grc' dir='ltr'><strong>γὰρ</strong></span> <span class='ocrx_word' id='word_1_227' title='bbox 648 1436 759 1472; x_wconf 86' lang='grc' dir='ltr'>ἀληθῶς</span> <span class='ocrx_word' id='word_1_228' title='bbox 779 1437 870 1472; x_wconf 83' lang='grc' dir='ltr'>ὑπάρ-</span> 
     </span>
    </p>
   </div>
   <div class='ocr_carea' id='block_1_30' title="bbox 85 1483 870 1523">
    <p class='ocr_par' dir='ltr' id='par_1_30' title="bbox 85 1483 870 1523">
     <span class='ocr_line' id='line_1_30' title="bbox 85 1483 870 1523; baseline -0.005 -10"><span class='ocrx_word' id='word_1_229' title='bbox 85 1495 124 1523; x_wconf 78' lang='grc' dir='ltr'><strong>χει</strong></span> <span class='ocrx_word' id='word_1_230' title='bbox 146 1486 193 1513; x_wconf 85' lang='grc' dir='ltr'><strong>τοῦ</strong></span> <span class='ocrx_word' id='word_1_231' title='bbox 228 1485 376 1520; x_wconf 76' lang='grc' dir='ltr'>Ἰσραὴλ,ἦ</span> <span class='ocrx_word' id='word_1_232' title='bbox 390 1493 421 1511; x_wconf 87' lang='grc' dir='ltr'><strong>τε</strong></span> <span class='ocrx_word' id='word_1_233' title='bbox 435 1483 490 1511; x_wconf 86' lang='grc' dir='ltr'><strong>τῶν</strong></span> <span class='ocrx_word' id='word_1_234' title='bbox 513 1484 591 1520; x_wconf 86' lang='grc' dir='ltr'><strong>παρά</strong></span> <span class='ocrx_word' id='word_1_235' title='bbox 617 1483 699 1519; x_wconf 81' lang='grc' dir='ltr'>φύσιν</span> <span class='ocrx_word' id='word_1_236' title='bbox 724 1483 870 1519; x_wconf 81' lang='grc' dir='ltr'>ἀπαλλαγὴ</span> 
     </span>
    </p>
   </div>
   <div class='ocr_carea' id='block_1_31' title="bbox 85 1526 903 1565">
    <p class='ocr_par' dir='ltr' id='par_1_31' title="bbox 85 1526 903 1565">
     <span class='ocr_line' id='line_1_31' title="bbox 85 1526 903 1565; baseline -0.004 -7"><span class='ocrx_word' id='word_1_237' title='bbox 85 1532 186 1563; x_wconf 83' lang='grc' dir='ltr'>παθῶν,</span> <span class='ocrx_word' id='word_1_238' title='bbox 202 1531 252 1558; x_wconf 75' lang='grc' dir='ltr'>καὶ</span> <span class='ocrx_word' id='word_1_239' title='bbox 266 1530 319 1557; x_wconf 90' lang='grc' dir='ltr'><strong>τῶν</strong></span> <span class='ocrx_word' id='word_1_240' title='bbox 336 1530 407 1557; x_wconf 81' lang='grc' dir='ltr'>κατὰ</span> <span class='ocrx_word' id='word_1_241' title='bbox 423 1529 503 1565; x_wconf 86' lang='grc' dir='ltr'>φύσιν</span> <span class='ocrx_word' id='word_1_242' title='bbox 520 1530 607 1564; x_wconf 83' lang='grc' dir='ltr'>λόγων</span> <span class='ocrx_word' id='word_1_243' title='bbox 625 1528 804 1564; x_wconf 83' lang='grc' dir='ltr'>κατόρθωσις,</span> <span class='ocrx_word' id='word_1_244' title='bbox 822 1529 868 1556; x_wconf 70' lang='grc' dir='ltr'>καὶ</span> <span class='ocrx_word' id='word_1_245' title='bbox 882 1526 903 1556; x_wconf 85' lang='lat' dir='ltr'><strong>C</strong></span> 
     </span>
    </p>
   </div>
   <div class='ocr_carea' id='block_1_32' title="bbox 889 859 908 886">
    <p class='ocr_par' dir='ltr' id='par_1_32' title="bbox 889 859 908 886">
     <span class='ocr_line' id='line_1_32' title="bbox 889 859 908 886; baseline 0 0"><span class='ocrx_word' id='word_1_246' title='bbox 889 859 908 886; x_wconf 86' lang='grc' dir='ltr'><strong><em>Β</em></strong></span> 
     </span>
    </p>
   </div>
   <div class='ocr_carea' id='block_1_33' title="bbox 84 1575 868 1612">
    <p class='ocr_par' dir='ltr' id='par_1_33' title="bbox 84 1575 868 1612">
     <span class='ocr_line' id='line_1_33' title="bbox 84 1575 868 1612; baseline -0.004 -8"><span class='ocrx_word' id='word_1_247' title='bbox 84 1577 134 1604; x_wconf 81' lang='grc' dir='ltr'><strong>τῶν</strong></span> <span class='ocrx_word' id='word_1_248' title='bbox 154 1578 226 1612; x_wconf 81' lang='grc' dir='ltr'>ὑπὲρ</span> <span class='ocrx_word' id='word_1_249' title='bbox 252 1576 332 1611; x_wconf 84' lang='grc' dir='ltr'>φύσιν</span> <span class='ocrx_word' id='word_1_250' title='bbox 355 1577 500 1612; x_wconf 74' lang='grc' dir='ltr'>ἐπίκτησις</span> <span class='ocrx_word' id='word_1_251' title='bbox 524 1575 643 1610; x_wconf 71' lang='grc' dir='ltr'>ἀγαθῶν.</span> <span class='ocrx_word' id='word_1_252' title='bbox 663 1575 694 1602; x_wconf 90' lang='lat'>&#39;0</span> <span class='ocrx_word' id='word_1_253' title='bbox 715 1575 808 1602; x_wconf 85' lang='grc' dir='ltr'>τοῦτον</span> <span class='ocrx_word' id='word_1_254' title='bbox 824 1575 868 1601; x_wconf 72' lang='grc' dir='ltr'><strong>τὸν</strong></span> 
     </span>
    </p>
   </div>
   <div class='ocr_carea' id='block_1_34' title="bbox 84 1621 868 1658">
    <p class='ocr_par' dir='ltr' id='par_1_34' title="bbox 84 1621 868 1658">
     <span class='ocr_line' id='line_1_34' title="bbox 84 1621 868 1658; baseline -0.003 -8"><span class='ocrx_word' id='word_1_255' title='bbox 84 1624 174 1658; x_wconf 62' lang='grc' dir='ltr'>νςητὴν</span> <span class='ocrx_word' id='word_1_256' title='bbox 191 1623 276 1650; x_wconf 78' lang='grc' dir='ltr'><strong>Δαϐὶδ</strong></span> <span class='ocrx_word' id='word_1_257' title='bbox 290 1622 516 1658; x_wconf 75' lang='grc' dir='ltr'>προσδεχόμενος,</span> <span class='ocrx_word' id='word_1_258' title='bbox 545 1622 595 1648; x_wconf 77' lang='grc' dir='ltr'>κᾶν</span> <span class='ocrx_word' id='word_1_259' title='bbox 609 1621 740 1656; x_wconf 84' lang='grc' dir='ltr'>φθονῆται</span> <span class='ocrx_word' id='word_1_260' title='bbox 751 1621 803 1648; x_wconf 75' lang='grc' dir='ltr'>ὑπὸ</span> <span class='ocrx_word' id='word_1_261' title='bbox 822 1622 868 1648; x_wconf 84' lang='grc' dir='ltr'><strong>τοῦ</strong></span> 
     </span>
    </p>
   </div>
   <div class='ocr_carea' id='block_1_35' title="bbox 85 1667 869 1704">
    <p class='ocr_par' dir='ltr' id='par_1_35' title="bbox 85 1667 869 1704">
     <span class='ocr_line' id='line_1_35' title="bbox 85 1667 869 1704; baseline 0 -9"><span class='ocrx_word' id='word_1_262' title='bbox 85 1670 176 1701; x_wconf 74' lang='grc' dir='ltr'>Σαοὺλ,</span> <span class='ocrx_word' id='word_1_263' title='bbox 192 1670 253 1696; x_wconf 85' lang='grc' dir='ltr'>ἀλλ’</span> <span class='ocrx_word' id='word_1_264' title='bbox 267 1669 316 1704; x_wconf 83' lang='grc' dir='ltr'><strong>οὐχ</strong></span> <span class='ocrx_word' id='word_1_265' title='bbox 330 1669 471 1696; x_wconf 83' lang='grc' dir='ltr'>ἁλίσκεται</span> <span class='ocrx_word' id='word_1_266' title='bbox 480 1677 488 1684; x_wconf 75' lang='lat'>&#39;</span> <span class='ocrx_word' id='word_1_267' title='bbox 501 1667 570 1695; x_wconf 78' lang='grc' dir='ltr'>ἀλλὰ</span> <span class='ocrx_word' id='word_1_268' title='bbox 585 1668 633 1695; x_wconf 66' lang='grc' dir='ltr'>καὶ</span> <span class='ocrx_word' id='word_1_269' title='bbox 646 1667 812 1702; x_wconf 80' lang='grc' dir='ltr'>τούναντίον,</span> <span class='ocrx_word' id='word_1_270' title='bbox 825 1668 869 1695; x_wconf 74' lang='grc' dir='ltr'><strong>διὰ</strong></span> 
     </span>
    </p>
   </div>
   <div class='ocr_carea' id='block_1_36' title="bbox 85 1714 868 1751">
    <p class='ocr_par' dir='ltr' id='par_1_36' title="bbox 85 1714 868 1751">
     <span class='ocr_line' id='line_1_36' title="bbox 85 1714 868 1751; baseline -0.003 -9"><span class='ocrx_word' id='word_1_271' title='bbox 85 1716 179 1751; x_wconf 78' lang='grc' dir='ltr'>πολλὴν</span> <span class='ocrx_word' id='word_1_272' title='bbox 206 1715 416 1751; x_wconf 72' lang='grc' dir='ltr'>φιλανθρωπίαν</span> <span class='ocrx_word' id='word_1_273' title='bbox 436 1715 473 1747; x_wconf 86' lang='grc' dir='ltr'>ὼς</span> <span class='ocrx_word' id='word_1_274' title='bbox 492 1714 618 1750; x_wconf 80' lang='grc' dir='ltr'>ἀπαθὴς,</span> <span class='ocrx_word' id='word_1_275' title='bbox 637 1715 685 1741; x_wconf 79' lang='grc' dir='ltr'>καὶ</span> <span class='ocrx_word' id='word_1_276' title='bbox 706 1714 868 1750; x_wconf 77' lang='grc' dir='ltr'>μισούμενος</span> 
     </span>
    </p>
   </div>
   <div class='ocr_carea' id='block_1_37' title="bbox 86 1760 868 1798">
    <p class='ocr_par' dir='ltr' id='par_1_37' title="bbox 86 1760 868 1798">
     <span class='ocr_line' id='line_1_37' title="bbox 86 1760 868 1798; baseline 0 -10"><span class='ocrx_word' id='word_1_277' title='bbox 86 1761 228 1797; x_wconf 77' lang='grc' dir='ltr'>θεραπεύει</span> <span class='ocrx_word' id='word_1_278' title='bbox 255 1763 288 1798; x_wconf 83' lang='grc' dir='ltr'><strong>τῇ</strong></span> <span class='ocrx_word' id='word_1_279' title='bbox 313 1761 414 1797; x_wconf 67' lang='grc' dir='ltr'>κιθάρᾳ.</span> <span class='ocrx_word' id='word_1_280' title='bbox 431 1761 478 1788; x_wconf 84' lang='grc' dir='ltr'><strong>τοῦ</strong></span> <span class='ocrx_word' id='word_1_281' title='bbox 507 1761 677 1795; x_wconf 87' lang='grc' dir='ltr'>πνεύματος,</span> <span class='ocrx_word' id='word_1_282' title='bbox 701 1761 746 1788; x_wconf 83' lang='grc' dir='ltr'>τὸν</span> <span class='ocrx_word' id='word_1_283' title='bbox 772 1760 868 1796; x_wconf 79' lang='grc' dir='ltr'>ἐχθρὸν</span> 
     </span>
    </p>
   </div>
   <div class='ocr_carea' id='block_1_38' title="bbox 87 1805 868 1842">
    <p class='ocr_par' dir='ltr' id='par_1_38' title="bbox 87 1805 868 1842">
     <span class='ocr_line' id='line_1_38' title="bbox 87 1805 868 1842; baseline 0 -10"><span class='ocrx_word' id='word_1_284' title='bbox 87 1807 192 1842; x_wconf 85' lang='grc' dir='ltr'>πονηρῷ</span> <span class='ocrx_word' id='word_1_285' title='bbox 214 1806 453 1841; x_wconf 84' lang='grc' dir='ltr'>καταπνιγόμενον</span> <span class='ocrx_word' id='word_1_286' title='bbox 476 1806 626 1842; x_wconf 86' lang='grc' dir='ltr'>πνεύματι·</span> <span class='ocrx_word' id='word_1_287' title='bbox 652 1806 699 1833; x_wconf 79' lang='grc' dir='ltr'>καὶ</span> <span class='ocrx_word' id='word_1_288' title='bbox 727 1807 800 1833; x_wconf 88' lang='grc' dir='ltr'>ποιεῖ</span> <span class='ocrx_word' id='word_1_289' title='bbox 817 1805 868 1832; x_wconf 72' lang='grc' dir='ltr'><strong>σώι</strong></span> 
     </span>
    </p>
   </div>
   <div class='ocr_carea' id='block_1_39' title="bbox 86 1852 869 1888">
    <p class='ocr_par' dir='ltr' id='par_1_39' title="bbox 86 1852 869 1888">
     <span class='ocr_line' id='line_1_39' title="bbox 86 1852 869 1888; baseline 0.001 -10"><span class='ocrx_word' id='word_1_290' title='bbox 86 1861 177 1888; x_wconf 74' lang='grc' dir='ltr'>φρονα,</span> <span class='ocrx_word' id='word_1_291' title='bbox 191 1853 265 1879; x_wconf 83' lang='grc' dir='ltr'>λύων</span> <span class='ocrx_word' id='word_1_292' title='bbox 276 1853 368 1885; x_wconf 75' lang='grc' dir='ltr'>αὐτὸν,</span> <span class='ocrx_word' id='word_1_293' title='bbox 383 1852 509 1888; x_wconf 84' lang='grc' dir='ltr'>καθάπερ</span> <span class='ocrx_word' id='word_1_294' title='bbox 524 1853 654 1888; x_wconf 84' lang='grc' dir='ltr'>δαίμονος</span> <span class='ocrx_word' id='word_1_295' title='bbox 671 1853 801 1888; x_wconf 89' lang='grc' dir='ltr'>πονηροῦ,</span> <span class='ocrx_word' id='word_1_296' title='bbox 818 1853 869 1888; x_wconf 81' lang='grc' dir='ltr'>τῆς</span> 
     </span>
    </p>
   </div>
   <div class='ocr_carea' id='block_1_40' title="bbox 85 1898 869 1935">
    <p class='ocr_par' dir='ltr' id='par_1_40' title="bbox 85 1898 869 1935">
     <span class='ocr_line' id='line_1_40' title="bbox 85 1898 869 1935; baseline 0 -10"><span class='ocrx_word' id='word_1_297' title='bbox 85 1899 166 1934; x_wconf 85' lang='grc' dir='ltr'>κακῆς</span> <span class='ocrx_word' id='word_1_298' title='bbox 182 1899 232 1926; x_wconf 85' lang='grc' dir='ltr'><strong>τοῦ</strong></span> <span class='ocrx_word' id='word_1_299' title='bbox 249 1899 341 1934; x_wconf 78' lang='grc' dir='ltr'>χοϊκοῦ</span> <span class='ocrx_word' id='word_1_300' title='bbox 365 1899 543 1935; x_wconf 83' lang='grc' dir='ltr'>φρονήματος</span> <span class='ocrx_word' id='word_1_301' title='bbox 566 1898 723 1934; x_wconf 75' lang='grc' dir='ltr'>ἐπιληψίας.</span> <span class='ocrx_word' id='word_1_302' title='bbox 740 1899 798 1931; x_wconf 81' lang='grc' dir='ltr'>Πᾶς</span> <span class='ocrx_word' id='word_1_303' title='bbox 815 1898 869 1934; x_wconf 88' lang='grc' dir='ltr'><strong>γὰρ</strong></span> 
     </span>
    </p>
   </div>
   <div class='ocr_carea' id='block_1_41' title="bbox 85 1944 868 1981">
    <p class='ocr_par' dir='ltr' id='par_1_41' title="bbox 85 1944 868 1981">
     <span class='ocr_line' id='line_1_41' title="bbox 85 1944 868 1981; baseline -0.001 -10"><span class='ocrx_word' id='word_1_304' title='bbox 85 1944 126 1971; x_wconf 79' lang='grc' dir='ltr'><strong>διὰ</strong></span> <span class='ocrx_word' id='word_1_305' title='bbox 143 1945 242 1980; x_wconf 79' lang='grc' dir='ltr'>φθόνον</span> <span class='ocrx_word' id='word_1_306' title='bbox 261 1945 359 1980; x_wconf 76' lang='grc' dir='ltr'>μισῶν,</span> <span class='ocrx_word' id='word_1_307' title='bbox 377 1945 424 1971; x_wconf 69' lang='grc' dir='ltr'>καὶ</span> <span class='ocrx_word' id='word_1_308' title='bbox 443 1945 537 1977; x_wconf 86' lang='grc' dir='ltr'>κακῶς</span> <span class='ocrx_word' id='word_1_309' title='bbox 554 1944 720 1981; x_wconf 85' lang='grc' dir='ltr'>διαθρυλλῶν</span> <span class='ocrx_word' id='word_1_310' title='bbox 733 1946 794 1976; x_wconf 87' lang='grc' dir='ltr'>ταῖς</span> <span class='ocrx_word' id='word_1_311' title='bbox 809 1944 868 1971; x_wconf 83' lang='grc' dir='ltr'>δια-</span> 
     </span>
    </p>
   </div>
   <div class='ocr_carea' id='block_1_42' title="bbox 83 1991 869 2027">
    <p class='ocr_par' dir='ltr' id='par_1_42' title="bbox 83 1991 869 2027">
     <span class='ocr_line' id='line_1_42' title="bbox 83 1991 869 2027; baseline -0.001 -9"><span class='ocrx_word' id='word_1_312' title='bbox 83 1991 171 2024; x_wconf 71' lang='grc' dir='ltr'>ϐολαῖς</span> <span class='ocrx_word' id='word_1_313' title='bbox 184 1991 232 2018; x_wconf 78' lang='grc' dir='ltr'>τὸν</span> <span class='ocrx_word' id='word_1_314' title='bbox 246 1993 275 2018; x_wconf 87' lang='grc' dir='ltr'><strong>ὲν</strong></span> <span class='ocrx_word' id='word_1_315' title='bbox 291 1992 347 2023; x_wconf 87' lang='grc' dir='ltr'>τοῖς</span> <span class='ocrx_word' id='word_1_316' title='bbox 370 1991 459 2026; x_wconf 83' lang='grc' dir='ltr'>ἀγῶσι</span> <span class='ocrx_word' id='word_1_317' title='bbox 474 1991 528 2018; x_wconf 84' lang='grc' dir='ltr'><strong>τῶν</strong></span> <span class='ocrx_word' id='word_1_318' title='bbox 542 1991 660 2027; x_wconf 85' lang='grc' dir='ltr'>ἀρετῶν,</span> <span class='ocrx_word' id='word_1_319' title='bbox 677 1991 723 2018; x_wconf 73' lang='grc' dir='ltr'>καὶ</span> <span class='ocrx_word' id='word_1_320' title='bbox 737 1992 770 2026; x_wconf 87' lang='grc' dir='ltr'>τῇ</span> <span class='ocrx_word' id='word_1_321' title='bbox 791 1999 869 2026; x_wconf 87' lang='grc' dir='ltr'>περι-</span> 
     </span>
    </p>
   </div>
   <div class='ocr_carea' id='block_1_43' title="bbox 83 2035 871 2074">
    <p class='ocr_par' dir='ltr' id='par_1_43' title="bbox 83 2035 871 2074">
     <span class='ocr_line' id='line_1_43' title="bbox 83 2035 871 2074; baseline -0.001 -10"><span class='ocrx_word' id='word_1_322' title='bbox 83 2035 165 2074; x_wconf 76' lang='grc' dir='ltr'>ουσίᾳ⁸</span> <span class='ocrx_word' id='word_1_323' title='bbox 172 2038 220 2064; x_wconf 86' lang='grc' dir='ltr'><strong>τοῦ</strong></span> <span class='ocrx_word' id='word_1_324' title='bbox 237 2038 315 2072; x_wconf 84' lang='grc' dir='ltr'>λόγου</span> <span class='ocrx_word' id='word_1_325' title='bbox 331 2038 381 2073; x_wconf 83' lang='grc' dir='ltr'><strong>τῆς</strong></span> <span class='ocrx_word' id='word_1_326' title='bbox 402 2038 592 2073; x_wconf 83' lang='grc' dir='ltr'>πνευματικῆς</span> <span class='ocrx_word' id='word_1_327' title='bbox 607 2037 734 2071; x_wconf 85' lang='grc' dir='ltr'>γνώσεως</span> <span class='ocrx_word' id='word_1_328' title='bbox 751 2037 871 2064; x_wconf 76' lang='grc' dir='ltr'>δυνατώ-ι</span> 
     </span>
    </p>
   </div>
   <div class='ocr_carea' id='block_1_44' title="bbox 82 2083 866 2120">
    <p class='ocr_par' dir='ltr' id='par_1_44' title="bbox 82 2083 866 2120">
     <span class='ocr_line' id='line_1_44' title="bbox 82 2083 866 2120; baseline 0.001 -11"><span class='ocrx_word' id='word_1_329' title='bbox 82 2091 166 2120; x_wconf 81' lang='grc' dir='ltr'>τερον,</span> <span class='ocrx_word' id='word_1_330' title='bbox 175 2084 263 2111; x_wconf 85' lang='grc' dir='ltr'>Σαούλ</span> <span class='ocrx_word' id='word_1_331' title='bbox 273 2085 331 2111; x_wconf 75' lang='grc' dir='ltr'>ἐστι</span> <span class='ocrx_word' id='word_1_332' title='bbox 348 2084 461 2119; x_wconf 85' lang='grc' dir='ltr'>πονηρῷ</span> <span class='ocrx_word' id='word_1_333' title='bbox 472 2083 709 2118; x_wconf 81' lang='grc' dir='ltr'>καταπνιγόμενος</span> <span class='ocrx_word' id='word_1_334' title='bbox 721 2083 866 2118; x_wconf 88' lang='grc' dir='ltr'>πνεύματι,</span> 
     </span>
    </p>
   </div>
   <div class='ocr_carea' id='block_1_45' title="bbox 83 2127 868 2165">
    <p class='ocr_par' dir='ltr' id='par_1_45' title="bbox 83 2127 868 2165">
     <span class='ocr_line' id='line_1_45' title="bbox 83 2127 868 2165; baseline -0.001 -10"><span class='ocrx_word' id='word_1_335' title='bbox 83 2128 118 2165; x_wconf 80' lang='grc' dir='ltr'>μὴ</span> <span class='ocrx_word' id='word_1_336' title='bbox 132 2129 221 2164; x_wconf 75' lang='grc' dir='ltr'>φέρων</span> <span class='ocrx_word' id='word_1_337' title='bbox 237 2129 269 2156; x_wconf 71' lang='grc' dir='ltr'><strong>τὸ</strong></span> <span class='ocrx_word' id='word_1_338' title='bbox 283 2129 363 2160; x_wconf 83' lang='grc' dir='ltr'>κλέος</span> <span class='ocrx_word' id='word_1_339' title='bbox 374 2129 423 2164; x_wconf 88' lang='grc' dir='ltr'>τῆς</span> <span class='ocrx_word' id='word_1_340' title='bbox 434 2130 495 2156; x_wconf 78' lang='grc' dir='ltr'>κατ’</span> <span class='ocrx_word' id='word_1_341' title='bbox 513 2128 613 2164; x_wconf 85' lang='grc' dir='ltr'>ἀρετὴν</span> <span class='ocrx_word' id='word_1_342' title='bbox 642 2128 690 2155; x_wconf 76' lang='grc' dir='ltr'>καὶ</span> <span class='ocrx_word' id='word_1_343' title='bbox 704 2127 806 2162; x_wconf 86' lang='grc' dir='ltr'>γνῶσιν</span> <span class='ocrx_word' id='word_1_344' title='bbox 822 2129 868 2154; x_wconf 84' lang='grc' dir='ltr'><strong>εὐ-</strong></span> 
     </span>
    </p>
   </div>
   <div class='ocr_carea' id='block_1_46' title="bbox 80 2175 865 2212">
    <p class='ocr_par' dir='ltr' id='par_1_46' title="bbox 80 2175 865 2212">
     <span class='ocr_line' id='line_1_46' title="bbox 80 2175 865 2212; baseline 0.001 -11"><span class='ocrx_word' id='word_1_345' title='bbox 80 2175 216 2210; x_wconf 77' lang='grc' dir='ltr'>δαιμονίας</span> <span class='ocrx_word' id='word_1_346' title='bbox 229 2175 278 2202; x_wconf 84' lang='grc' dir='ltr'><strong>τοῦ</strong></span> <span class='ocrx_word' id='word_1_347' title='bbox 295 2176 451 2212; x_wconf 86' lang='grc' dir='ltr'>κρείττονος</span> <span class='ocrx_word' id='word_1_348' title='bbox 464 2185 470 2191; x_wconf 85' lang='grc'><strong>-</strong></span> <span class='ocrx_word' id='word_1_349' title='bbox 485 2176 532 2202; x_wconf 74' lang='grc' dir='ltr'>καὶ</span> <span class='ocrx_word' id='word_1_350' title='bbox 547 2175 591 2202; x_wconf 80' lang='grc' dir='ltr'><strong>διὰ</strong></span> <span class='ocrx_word' id='word_1_351' title='bbox 607 2175 686 2202; x_wconf 84' lang='grc' dir='ltr'>τοῦτο</span> <span class='ocrx_word' id='word_1_352' title='bbox 706 2175 787 2202; x_wconf 81' lang='grc' dir='ltr'>πλέον</span> <span class='ocrx_word' id='word_1_353' title='bbox 803 2184 865 2210; x_wconf 89' lang='grc' dir='ltr'>μαι-</span> 
     </span>
    </p>
   </div>
   <div class='ocr_carea' id='block_1_47' title="bbox 81 2222 866 2258">
    <p class='ocr_par' dir='ltr' id='par_1_47' title="bbox 81 2222 866 2258">
     <span class='ocr_line' id='line_1_47' title="bbox 81 2222 866 2258; baseline 0.001 -11"><span class='ocrx_word' id='word_1_354' title='bbox 81 2223 198 2256; x_wconf 78' lang='grc' dir='ltr'>νόμενος,</span> <span class='ocrx_word' id='word_1_355' title='bbox 215 2224 257 2250; x_wconf 74' lang='grc' dir='ltr'>ὅτι</span> <span class='ocrx_word' id='word_1_356' title='bbox 279 2223 317 2258; x_wconf 86' lang='grc' dir='ltr'>μὴ</span> <span class='ocrx_word' id='word_1_357' title='bbox 330 2222 444 2250; x_wconf 77' lang='grc' dir='ltr'>δύναται</span> <span class='ocrx_word' id='word_1_358' title='bbox 468 2222 513 2249; x_wconf 81' lang='grc' dir='ltr'><strong>τὸν</strong></span> <span class='ocrx_word' id='word_1_359' title='bbox 531 2222 679 2257; x_wconf 83' lang='grc' dir='ltr'>εὐεργέτην</span> <span class='ocrx_word' id='word_1_360' title='bbox 700 2222 866 2258; x_wconf 83' lang='grc' dir='ltr'>διαχειρίσα-</span> 
     </span>
    </p>
   </div>
   <div class='ocr_carea' id='block_1_48' title="bbox 82 2268 867 2304">
    <p class='ocr_par' dir='ltr' id='par_1_48' title="bbox 82 2268 867 2304">
     <span class='ocr_line' id='line_1_48' title="bbox 82 2268 867 2304; baseline 0 -9"><span class='ocrx_word' id='word_1_361' title='bbox 82 2269 149 2297; x_wconf 82' lang='grc' dir='ltr'>σθαι.</span> <span class='ocrx_word' id='word_1_362' title='bbox 169 2270 306 2301; x_wconf 83' lang='grc' dir='ltr'>Πολλάκις</span> <span class='ocrx_word' id='word_1_363' title='bbox 328 2269 356 2296; x_wconf 83' lang='grc' dir='ltr'><strong>δὲ</strong></span> <span class='ocrx_word' id='word_1_364' title='bbox 374 2269 420 2296; x_wconf 78' lang='grc' dir='ltr'><strong>καὶ</strong></span> <span class='ocrx_word' id='word_1_365' title='bbox 447 2269 527 2295; x_wconf 83' lang='grc' dir='ltr'>αὑτὸν</span> <span class='ocrx_word' id='word_1_366' title='bbox 547 2268 740 2303; x_wconf 84' lang='grc' dir='ltr'>ἀποπέμπεται</span> <span class='ocrx_word' id='word_1_367' title='bbox 761 2268 867 2304; x_wconf 87' lang='grc' dir='ltr'>πικρῶς</span> 
     </span>
    </p>
   </div>
   <div class='ocr_carea' id='block_1_49' title="bbox 81 2313 866 2349">
    <p class='ocr_par' dir='ltr' id='par_1_49' title="bbox 81 2313 866 2349">
     <span class='ocr_line' id='line_1_49' title="bbox 81 2313 866 2349; baseline 0 -9"><span class='ocrx_word' id='word_1_368' title='bbox 81 2314 123 2340; x_wconf 70' lang='grc' dir='ltr'><strong>τὸν</strong></span> <span class='ocrx_word' id='word_1_369' title='bbox 136 2314 265 2349; x_wconf 82' lang='grc' dir='ltr'>φίλτατον</span> <span class='ocrx_word' id='word_1_370' title='bbox 279 2315 407 2341; x_wconf 78' lang='grc' dir='ltr'>Ἰωνάθαν</span> <span class='ocrx_word' id='word_1_371' title='bbox 417 2322 425 2330; x_wconf 74' lang='grc' dir='ltr'><strong>ο</strong></span> <span class='ocrx_word' id='word_1_372' title='bbox 440 2314 486 2341; x_wconf 82' lang='grc' dir='ltr'>τὸν</span> <span class='ocrx_word' id='word_1_373' title='bbox 500 2314 620 2349; x_wconf 80' lang='grc' dir='ltr'>ἔμφυτον</span> <span class='ocrx_word' id='word_1_374' title='bbox 637 2313 710 2348; x_wconf 88' lang='grc' dir='ltr'>λέγω</span> <span class='ocrx_word' id='word_1_375' title='bbox 722 2314 791 2341; x_wconf 85' lang='grc' dir='ltr'>κατὰ</span> <span class='ocrx_word' id='word_1_376' title='bbox 803 2322 866 2341; x_wconf 85' lang='grc' dir='ltr'>συν-</span> 
     </span>
    </p>
   </div>
   <div class='ocr_carea' id='block_1_50' title="bbox 82 2359 865 2396">
    <p class='ocr_par' dir='ltr' id='par_1_50' title="bbox 82 2359 865 2396">
     <span class='ocr_line' id='line_1_50' title="bbox 82 2359 865 2396; baseline 0 -10"><span class='ocrx_word' id='word_1_377' title='bbox 82 2360 179 2396; x_wconf 81' lang='grc' dir='ltr'>είδησιν</span> <span class='ocrx_word' id='word_1_378' title='bbox 198 2360 340 2396; x_wconf 84' lang='grc' dir='ltr'>λογισμὸν,</span> <span class='ocrx_word' id='word_1_379' title='bbox 362 2360 408 2387; x_wconf 76' lang='grc' dir='ltr'><strong>τὸν</strong></span> <span class='ocrx_word' id='word_1_380' title='bbox 429 2360 520 2387; x_wconf 80' lang='grc' dir='ltr'>ἄδικον</span> <span class='ocrx_word' id='word_1_381' title='bbox 545 2361 623 2394; x_wconf 85' lang='grc' dir='ltr'>μῖσος</span> <span class='ocrx_word' id='word_1_382' title='bbox 643 2359 798 2395; x_wconf 77' lang='grc' dir='ltr'>ἐλέγχοντα,</span> <span class='ocrx_word' id='word_1_383' title='bbox 818 2360 865 2387; x_wconf 75' lang='grc' dir='ltr'>καὶ</span> 
     </span>
    </p>
   </div>
   <div class='ocr_carea' id='block_1_51' title="bbox 81 2406 869 2442">
    <p class='ocr_par' dir='ltr' id='par_1_51' title="bbox 81 2406 869 2442">
     <span class='ocr_line' id='line_1_51' title="bbox 81 2406 869 2442; baseline 0 -10"><span class='ocrx_word' id='word_1_384' title='bbox 81 2406 125 2432; x_wconf 78' lang='grc' dir='ltr'><strong>τοῦ</strong></span> <span class='ocrx_word' id='word_1_385' title='bbox 146 2406 312 2442; x_wconf 84' lang='grc' dir='ltr'>μισουμένου</span> <span class='ocrx_word' id='word_1_386' title='bbox 327 2406 482 2442; x_wconf 80' lang='grc' dir='ltr'>φιλαλήθως</span> <span class='ocrx_word' id='word_1_387' title='bbox 505 2406 698 2442; x_wconf 83' lang='grc' dir='ltr'>ἀφηγούμενον</span> <span class='ocrx_word' id='word_1_388' title='bbox 714 2406 749 2433; x_wconf 79' lang='grc' dir='ltr'>τὰ</span> <span class='ocrx_word' id='word_1_389' title='bbox 768 2415 869 2441; x_wconf 86' lang='grc' dir='ltr'>κατορ-</span> 
     </span>
    </p>
   </div>
   <div class='ocr_carea' id='block_1_52' title="bbox 81 2451 868 2487">
    <p class='ocr_par' dir='ltr' id='par_1_52' title="bbox 81 2451 868 2487">
     <span class='ocr_line' id='line_1_52' title="bbox 81 2451 868 2487; baseline 0 -9"><span class='ocrx_word' id='word_1_390' title='bbox 81 2451 201 2487; x_wconf 75' lang='grc' dir='ltr'>θώματα,</span> <span class='ocrx_word' id='word_1_391' title='bbox 220 2452 293 2479; x_wconf 81' lang='grc' dir='ltr'><strong>κατά</strong></span> <span class='ocrx_word' id='word_1_392' title='bbox 311 2452 357 2479; x_wconf 81' lang='grc' dir='ltr'><strong>τὸν</strong></span> <span class='ocrx_word' id='word_1_393' title='bbox 372 2452 457 2479; x_wconf 85' lang='grc' dir='ltr'>πάλαι</span> <span class='ocrx_word' id='word_1_394' title='bbox 471 2453 519 2479; x_wconf 77' lang='grc' dir='ltr'>καὶ</span> <span class='ocrx_word' id='word_1_395' title='bbox 534 2453 648 2487; x_wconf 79' lang='grc' dir='ltr'>μάταιον</span> <span class='ocrx_word' id='word_1_396' title='bbox 663 2452 748 2484; x_wconf 73' lang='grc' dir='ltr'>ὄντως</span> <span class='ocrx_word' id='word_1_397' title='bbox 764 2451 851 2478; x_wconf 89' lang='grc' dir='ltr'>Σαούλ</span> <span class='ocrx_word' id='word_1_398' title='bbox 861 2457 868 2465; x_wconf 95' lang='grc'><strong>·</strong></span> 
     </span>
    </p>
   </div>
   <div class='ocr_carea' id='block_1_53' title="bbox 82 2498 868 2536">
    <p class='ocr_par' dir='ltr' id='par_1_53' title="bbox 82 2498 868 2536">
     <span class='ocr_line' id='line_1_53' title="bbox 82 2498 868 2536; baseline 0 -11"><span class='ocrx_word' id='word_1_399' title='bbox 82 2499 146 2534; x_wconf 73' lang='grc' dir='ltr'>πρὸς</span> <span class='ocrx_word' id='word_1_400' title='bbox 167 2500 197 2527; x_wconf 83' lang='grc' dir='ltr'><strong>ὃν</strong></span> <span class='ocrx_word' id='word_1_401' title='bbox 218 2509 285 2536; x_wconf 80' lang='grc' dir='ltr'>φησι</span> <span class='ocrx_word' id='word_1_402' title='bbox 306 2500 444 2535; x_wconf 81' lang='grc' dir='ltr'>Σαμουὴλ,</span> <span class='ocrx_word' id='word_1_403' title='bbox 460 2499 498 2531; x_wconf 87' lang='grc' dir='ltr'><strong>ὡς</strong></span> <span class='ocrx_word' id='word_1_404' title='bbox 528 2499 690 2535; x_wconf 78' lang='grc' dir='ltr'>παραὸάτην</span> <span class='ocrx_word' id='word_1_405' title='bbox 709 2499 764 2526; x_wconf 80' lang='grc' dir='ltr'><strong>τῶν</strong></span> <span class='ocrx_word' id='word_1_406' title='bbox 788 2498 868 2526; x_wconf 82' lang='grc' dir='ltr'>θείων</span> 
     </span>
    </p>
   </div>
   <div class='ocr_carea' id='block_1_54' title="bbox 81 2545 867 2580">
    <p class='ocr_par' dir='ltr' id='par_1_54' title="bbox 81 2545 867 2580">
     <span class='ocr_line' id='line_1_54' title="bbox 81 2545 867 2580; baseline 0.003 -10"><span class='ocrx_word' id='word_1_407' title='bbox 81 2545 207 2572; x_wconf 80' lang='grc' dir='ltr'>ἐντολῶν·</span> <span class='ocrx_word' id='word_1_408' title='bbox 227 2546 434 2580; x_wconf 82' lang='grc' dir='ltr'>Μεματαίωταί</span> <span class='ocrx_word' id='word_1_409' title='bbox 450 2553 510 2577; x_wconf 87' lang='grc' dir='ltr'>σοι,</span> <span class='ocrx_word' id='word_1_410' title='bbox 535 2545 579 2572; x_wconf 83' lang='grc' dir='ltr'>ὅτι</span> <span class='ocrx_word' id='word_1_411' title='bbox 597 2546 729 2580; x_wconf 73' lang='grc' dir='ltr'>παρέϐης</span> <span class='ocrx_word' id='word_1_412' title='bbox 745 2545 803 2579; x_wconf 78' lang='grc' dir='ltr'><strong>τὴν</strong></span> <span class='ocrx_word' id='word_1_413' title='bbox 818 2546 867 2572; x_wconf 81' lang='grc' dir='ltr'><strong>ἐν·</strong></span> 
     </span>
    </p>
   </div>
   <div class='ocr_carea' id='block_1_55' title="bbox 81 2591 865 2627">
    <p class='ocr_par' dir='ltr' id='par_1_55' title="bbox 81 2591 865 2627">
     <span class='ocr_line' id='line_1_55' title="bbox 81 2591 865 2627; baseline -0.001 -8"><span class='ocrx_word' id='word_1_414' title='bbox 81 2592 170 2625; x_wconf 70' lang='grc' dir='ltr'>τολήν</span> <span class='ocrx_word' id='word_1_415' title='bbox 180 2601 254 2627; x_wconf 84' lang='grc' dir='ltr'>μου,</span> <span class='ocrx_word' id='word_1_416' title='bbox 267 2591 308 2625; x_wconf 77' lang='grc' dir='ltr'><strong>ἣν</strong></span> <span class='ocrx_word' id='word_1_417' title='bbox 320 2592 493 2619; x_wconf 73' lang='grc' dir='ltr'>ἐνετείλατό</span> <span class='ocrx_word' id='word_1_418' title='bbox 508 2600 558 2619; x_wconf 85' lang='grc' dir='ltr'><strong>σοι</strong></span> <span class='ocrx_word' id='word_1_419' title='bbox 572 2593 588 2619; x_wconf 84' lang='grc' dir='ltr'><strong>ό</strong></span> <span class='ocrx_word' id='word_1_420' title='bbox 615 2592 696 2625; x_wconf 84' lang='grc' dir='ltr'>Θεός.</span> <span class='ocrx_word' id='word_1_421' title='bbox 717 2592 812 2625; x_wconf 71' lang='grc' dir='ltr'>Σαοὺλ,</span> <span class='ocrx_word' id='word_1_422' title='bbox 829 2592 865 2624; x_wconf 83' lang='grc' dir='ltr'>ὡς</span> 
     </span>
    </p>
   </div>
   <div class='ocr_carea' id='block_1_56' title="bbox 82 2638 865 2674">
    <p class='ocr_par' dir='ltr' id='par_1_56' title="bbox 82 2638 865 2674">
     <span class='ocr_line' id='line_1_56' title="bbox 82 2638 865 2674; baseline 0 -10"><span class='ocrx_word' id='word_1_423' title='bbox 82 2639 211 2673; x_wconf 64' lang='grc' dir='ltr'>προέςιην,</span> <span class='ocrx_word' id='word_1_424' title='bbox 225 2639 341 2674; x_wconf 80' lang='grc' dir='ltr'>ὲστὶν,ἢ</span> <span class='ocrx_word' id='word_1_425' title='bbox 363 2640 378 2665; x_wconf 83' lang='grc' dir='ltr'><strong>ὁ</strong></span> <span class='ocrx_word' id='word_1_426' title='bbox 399 2638 522 2674; x_wconf 75' lang='grc' dir='ltr'>γραπτὸς</span> <span class='ocrx_word' id='word_1_427' title='bbox 545 2638 664 2674; x_wconf 82' lang='grc' dir='ltr'>νόμος,ἢ</span> <span class='ocrx_word' id='word_1_428' title='bbox 685 2639 698 2665; x_wconf 84' lang='grc' dir='ltr'>ὁ</span> <span class='ocrx_word' id='word_1_429' title='bbox 722 2638 793 2665; x_wconf 85' lang='grc' dir='ltr'><strong>κατά</strong></span> <span class='ocrx_word' id='word_1_430' title='bbox 820 2638 865 2665; x_wconf 75' lang='grc' dir='ltr'><strong>τὸν</strong></span> 
     </span>
    </p>
   </div>
   <div class='ocr_carea' id='block_1_57' title="bbox 81 2684 863 2720">
    <p class='ocr_par' dir='ltr' id='par_1_57' title="bbox 81 2684 863 2720">
     <span class='ocr_line' id='line_1_57' title="bbox 81 2684 863 2720; baseline 0.003 -10"><span class='ocrx_word' id='word_1_431' title='bbox 81 2685 199 2719; x_wconf 59' lang='grc' dir='ltr'>γραπτδν</span> <span class='ocrx_word' id='word_1_432' title='bbox 223 2686 306 2720; x_wconf 80' lang='grc' dir='ltr'>νόμον</span> <span class='ocrx_word' id='word_1_433' title='bbox 333 2685 541 2720; x_wconf 83' lang='grc' dir='ltr'>πολιτευόμενος</span> <span class='ocrx_word' id='word_1_434' title='bbox 563 2684 699 2717; x_wconf 73' lang='grc' dir='ltr'>λαὸς-τῶν</span> <span class='ocrx_word' id='word_1_435' title='bbox 721 2685 863 2712; x_wconf 73' lang='grc' dir='ltr'>Ἰουδαίων.</span> 
     </span>
    </p>
   </div>
   <div class='ocr_carea' id='block_1_58' title="bbox 86 2729 865 2767">
    <p class='ocr_par' dir='ltr' id='par_1_58' title="bbox 86 2729 865 2767">
     <span class='ocr_line' id='line_1_58' title="bbox 86 2729 865 2767; baseline 0 -10"><span class='ocrx_word' id='word_1_436' title='bbox 86 2730 258 2767; x_wconf 68' lang='grc' dir='ltr'>’Λμωοτέρων</span> <span class='ocrx_word' id='word_1_437' title='bbox 279 2731 334 2767; x_wconf 81' lang='grc' dir='ltr'>γὰρ</span> <span class='ocrx_word' id='word_1_438' title='bbox 346 2730 418 2758; x_wconf 74' lang='grc' dir='ltr'>οὕτω</span> <span class='ocrx_word' id='word_1_439' title='bbox 432 2730 532 2766; x_wconf 84' lang='grc' dir='ltr'>χοῐκῶς</span> <span class='ocrx_word' id='word_1_440' title='bbox 549 2729 673 2766; x_wconf 82' lang='grc' dir='ltr'>ἀλλήλοις</span> <span class='ocrx_word' id='word_1_441' title='bbox 693 2731 865 2766; x_wconf 85' lang='grc' dir='ltr'>συμπεπλεγ-</span> 
     </span>
    </p>
   </div>
   <div class='ocr_carea' id='block_1_59' title="bbox 884 2199 906 2226">
    <p class='ocr_par' dir='ltr' id='par_1_59' title="bbox 884 2199 906 2226">
     <span class='ocr_line' id='line_1_59' title="bbox 884 2199 906 2226; baseline 0 0"><span class='ocrx_word' id='word_1_442' title='bbox 884 2199 906 2226; x_wconf 92' lang='lat' dir='ltr'>D</span> 
     </span>
    </p>
   </div>
   <div class='ocr_carea' id='block_1_60' title="bbox 83 2829 762 2891">
    <p class='ocr_par' dir='ltr' id='par_1_60' title="bbox 83 2829 762 2891">
     <span class='ocr_line' id='line_1_60' title="bbox 83 2829 762 2891; baseline 0.018 -44"><span class='ocrx_word' id='word_1_443' title='bbox 83 2830 134 2891; x_wconf 52' lang='lat' dir='ltr'><strong>“Il:</strong></span> <span class='ocrx_word' id='word_1_444' title='bbox 146 2829 214 2891; x_wconf 44' lang='lat' dir='ltr'><strong>hic,</strong></span> <span class='ocrx_word' id='word_1_445' title='bbox 227 2837 257 2863; x_wconf 74' lang='grc' dir='ltr'><strong>ιι,</strong></span> <span class='ocrx_word' id='word_1_446' title='bbox 276 2830 319 2859; x_wconf 74' lang='grc'>51,</span> <span class='ocrx_word' id='word_1_447' title='bbox 357 2831 380 2847; x_wconf 57' lang='grc' dir='ltr'><strong>οδ</strong></span> <span class='ocrx_word' id='word_1_448' title='bbox 393 2831 404 2858; x_wconf 85' lang='grc' dir='ltr'><strong>ι</strong></span> <span class='ocrx_word' id='word_1_449' title='bbox 417 2831 484 2866; x_wconf 80' lang='lat' dir='ltr'><strong>Reg.</strong></span> <span class='ocrx_word' id='word_1_450' title='bbox 500 2839 553 2864; x_wconf 77' lang='lat' dir='ltr'><strong>xw,</strong></span> <span class='ocrx_word' id='word_1_451' title='bbox 574 2831 623 2865; x_wconf 85' lang='lat' dir='ltr'><strong>l8;</strong></span> <span class='ocrx_word' id='word_1_452' title='bbox 645 2840 720 2864; x_wconf 71' lang='lat' dir='ltr'><strong>xvut,</strong></span> <span class='ocrx_word' id='word_1_453' title='bbox 737 2832 762 2859; x_wconf 85' lang='lat'><strong>9.</strong></span> 
     </span>
    </p>
   </div>
   <div class='ocr_carea' id='block_1_61' title="bbox 116 2882 187 2895">
    <p class='ocr_par' dir='ltr' id='par_1_61' title="bbox 116 2882 187 2895">
     <span class='ocr_line' id='line_1_61' title="bbox 116 2882 187 2895; baseline -0.014 -4"><span class='ocrx_word' id='word_1_454' title='bbox 116 2882 124 2895; x_wconf 76' lang='lat'><strong>,</strong></span> <span class='ocrx_word' id='word_1_455' title='bbox 147 2882 187 2891; x_wconf 76' lang='grc' dir='ltr'><strong>ιν.</strong></span> 
     </span>
    </p>
   </div>
   <div class='ocr_carea' id='block_1_62' title="bbox 613 127 1201 167">
    <p class='ocr_par' dir='ltr' id='par_1_62' title="bbox 613 127 1201 167">
     <span class='ocr_line' id='line_1_62' title="bbox 613 127 1201 167; baseline 0.005 -6"><span class='ocrx_word' id='word_1_456' title='bbox 613 127 858 167; x_wconf 63' lang='grc' dir='ltr'><strong>ΟΗιΕΞΤΙΟΝΕΒ</strong></span> <span class='ocrx_word' id='word_1_457' title='bbox 878 127 928 157; x_wconf 80' lang='lat' dir='ltr'><strong>AD</strong></span> <span class='ocrx_word' id='word_1_458' title='bbox 948 129 1201 163; x_wconf 78' lang='lat' dir='ltr'><strong>THALASSIUM.</strong></span> 
     </span>
    </p>
   </div>
   <div class='ocr_carea' id='block_1_63' title="bbox 816 2831 1166 2868">
    <p class='ocr_par' dir='ltr' id='par_1_63' title="bbox 816 2831 1166 2868">
     <span class='ocr_line' id='line_1_63' title="bbox 816 2831 1166 2868; baseline -0.009 -8"><span class='ocrx_word' id='word_1_459' title='bbox 816 2833 860 2860; x_wconf 82' lang='lat' dir='ltr'><strong>&quot;l</strong></span> <span class='ocrx_word' id='word_1_460' title='bbox 876 2833 943 2868; x_wconf 77' lang='lat' dir='ltr'><strong>Reg.</strong></span> <span class='ocrx_word' id='word_1_461' title='bbox 958 2841 1003 2866; x_wconf 71' lang='lat' dir='ltr'><strong>xx,</strong></span> <span class='ocrx_word' id='word_1_462' title='bbox 1024 2831 1057 2859; x_wconf 82' lang='grc'><strong>50</strong></span> <span class='ocrx_word' id='word_1_463' title='bbox 1089 2838 1166 2866; x_wconf 85' lang='lat' dir='ltr'><strong>seqq.</strong></span> 
     </span>
    </p>
   </div>
   <div class='ocr_carea' id='block_1_64' title="bbox 1662 139 1719 170">
    <p class='ocr_par' dir='ltr' id='par_1_64' title="bbox 1662 139 1719 170">
     <span class='ocr_line' id='line_1_64' title="bbox 1662 139 1719 170; baseline -0.035 0"><span class='ocrx_word' id='word_1_464' title='bbox 1662 139 1697 170; x_wconf 73' lang='lat'><strong>77</strong></span> <span class='ocrx_word' id='word_1_465' title='bbox 1704 141 1719 169; x_wconf 70' lang='lat' dir='ltr'><strong>li</strong></span> 
     </span>
    </p>
   </div>
   <div class='ocr_carea' id='block_1_65' title="bbox 924 185 1723 227">
    <p class='ocr_par' dir='ltr' id='par_1_65' title="bbox 924 185 1723 227">
     <span class='ocr_line' id='line_1_65' title="bbox 924 185 1723 227; baseline 0.014 -16"><span class='ocrx_word' id='word_1_466' title='bbox 924 185 1029 221; x_wconf 80' lang='lat' dir='ltr'><strong>absque</strong></span> <span class='ocrx_word' id='word_1_467' title='bbox 1043 188 1100 216; x_wconf 89' lang='lat' dir='ltr'><strong>ullo</strong></span> <span class='ocrx_word' id='word_1_468' title='bbox 1111 190 1216 217; x_wconf 90' lang='lat' dir='ltr'><strong>semine</strong></span> <span class='ocrx_word' id='word_1_469' title='bbox 1228 190 1317 219; x_wconf 82' lang='lat' dir='ltr'><strong>factus</strong></span> <span class='ocrx_word' id='word_1_470' title='bbox 1332 199 1363 219; x_wconf 87' lang='lat' dir='ltr'><strong>ac</strong></span> <span class='ocrx_word' id='word_1_471' title='bbox 1377 193 1506 222; x_wconf 89' lang='lat' dir='ltr'><strong>conditus</strong></span> <span class='ocrx_word' id='word_1_472' title='bbox 1519 197 1577 227; x_wconf 86' lang='lat' dir='ltr'><strong>est,</strong></span> <span class='ocrx_word' id='word_1_473' title='bbox 1605 194 1696 222; x_wconf 83' lang='lat' dir='ltr'><strong>innov.</strong></span> <span class='ocrx_word' id='word_1_474' title='bbox 1707 208 1723 216; x_wconf 63' lang='grc' dir='ltr'><strong>ν-</strong></span> 
     </span>
    </p>
   </div>
   <div class='ocr_carea' id='block_1_66' title="bbox 925 233 1723 276">
    <p class='ocr_par' dir='ltr' id='par_1_66' title="bbox 925 233 1723 276">
     <span class='ocr_line' id='line_1_66' title="bbox 925 233 1723 276; baseline 0.011 -16"><span class='ocrx_word' id='word_1_475' title='bbox 925 233 1019 268; x_wconf 87' lang='lat' dir='ltr'><strong>vitque</strong></span> <span class='ocrx_word' id='word_1_476' title='bbox 1035 236 1170 263; x_wconf 86' lang='lat' dir='ltr'><strong>naturalis</strong></span> <span class='ocrx_word' id='word_1_477' title='bbox 1188 244 1221 264; x_wconf 90' lang='lat' dir='ltr'><strong>ac</strong></span> <span class='ocrx_word' id='word_1_478' title='bbox 1233 239 1358 266; x_wconf 90' lang='lat' dir='ltr'><strong>consueti</strong></span> <span class='ocrx_word' id='word_1_479' title='bbox 1375 243 1470 274; x_wconf 89' lang='lat' dir='ltr'><strong>partus</strong></span> <span class='ocrx_word' id='word_1_480' title='bbox 1493 240 1584 276; x_wconf 82' lang='lat' dir='ltr'><strong>leges;</strong></span> <span class='ocrx_word' id='word_1_481' title='bbox 1611 246 1723 276; x_wconf 83' lang='lat' dir='ltr'><strong>paratus</strong></span> 
     </span>
    </p>
   </div>
   <div class='ocr_carea' id='block_1_67' title="bbox 924 280 1722 322">
    <p class='ocr_par' dir='ltr' id='par_1_67' title="bbox 924 280 1722 322">
     <span class='ocr_line' id='line_1_67' title="bbox 924 280 1722 322; baseline 0.008 -14"><span class='ocrx_word' id='word_1_482' title='bbox 924 280 1030 308; x_wconf 79' lang='lat' dir='ltr'><strong>scilicet</strong></span> <span class='ocrx_word' id='word_1_483' title='bbox 1043 285 1106 309; x_wconf 92' lang='lat' dir='ltr'><strong>ante</strong></span> <span class='ocrx_word' id='word_1_484' title='bbox 1119 282 1217 310; x_wconf 78' lang='lat' dir='ltr'><strong>faciem</strong></span> <span class='ocrx_word' id='word_1_485' title='bbox 1233 285 1356 312; x_wconf 88' lang='lat' dir='ltr'><strong>omnium</strong></span> <span class='ocrx_word' id='word_1_486' title='bbox 1370 287 1536 321; x_wconf 83' lang='lat' dir='ltr'><strong>populorum</strong></span> <span class='ocrx_word' id='word_1_487' title='bbox 1546 307 1553 319; x_wconf 94' lang='lat'><strong>,</strong></span> <span class='ocrx_word' id='word_1_488' title='bbox 1571 286 1722 322; x_wconf 87' lang='lat' dir='ltr'><strong>lumenque</strong></span> 
     </span>
    </p>
   </div>
   <div class='ocr_carea' id='block_1_68' title="bbox 925 325 1721 367">
    <p class='ocr_par' dir='ltr' id='par_1_68' title="bbox 925 325 1721 367">
     <span class='ocr_line' id='line_1_68' title="bbox 925 325 1721 367; baseline 0.009 -14"><span class='ocrx_word' id='word_1_489' title='bbox 925 325 961 353; x_wconf 87' lang='lat' dir='ltr'><strong>ad</strong></span> <span class='ocrx_word' id='word_1_490' title='bbox 973 327 1169 355; x_wconf 81' lang='lat' dir='ltr'><strong>revelationem</strong></span> <span class='ocrx_word' id='word_1_491' title='bbox 1183 329 1316 364; x_wconf 82' lang='lat' dir='ltr'><strong>gentium,</strong></span> <span class='ocrx_word' id='word_1_492' title='bbox 1341 335 1369 358; x_wconf 88' lang='lat' dir='ltr'><strong>et</strong></span> <span class='ocrx_word' id='word_1_493' title='bbox 1382 331 1497 366; x_wconf 81' lang='lat' dir='ltr'><strong>gloriam</strong></span> <span class='ocrx_word' id='word_1_494' title='bbox 1513 332 1602 367; x_wconf 84' lang='lat' dir='ltr'><strong>plebis</strong></span> <span class='ocrx_word' id='word_1_495' title='bbox 1612 333 1721 360; x_wconf 89' lang='lat' dir='ltr'><strong>Israeli-</strong></span> 
     </span>
    </p>
   </div>
   <div class='ocr_carea' id='block_1_69' title="bbox 924 372 1722 411">
    <p class='ocr_par' dir='ltr' id='par_1_69' title="bbox 924 372 1722 411">
     <span class='ocr_line' id='line_1_69' title="bbox 924 372 1722 411; baseline 0.008 -12"><span class='ocrx_word' id='word_1_496' title='bbox 924 372 1025 400; x_wconf 82' lang='lat' dir='ltr'><strong>ticae&quot;.</strong></span> <span class='ocrx_word' id='word_1_497' title='bbox 1046 373 1148 401; x_wconf 87' lang='lat' dir='ltr'><strong>Verum</strong></span> <span class='ocrx_word' id='word_1_498' title='bbox 1162 375 1264 402; x_wconf 85' lang='lat' dir='ltr'><strong>etenim</strong></span> <span class='ocrx_word' id='word_1_499' title='bbox 1286 377 1408 411; x_wconf 85' lang='lat' dir='ltr'><strong>gentium</strong></span> <span class='ocrx_word' id='word_1_500' title='bbox 1423 378 1517 405; x_wconf 88' lang='lat' dir='ltr'><strong>lumen</strong></span> <span class='ocrx_word' id='word_1_501' title='bbox 1529 382 1571 405; x_wconf 89' lang='lat' dir='ltr'><strong>cst</strong></span> <span class='ocrx_word' id='word_1_502' title='bbox 1587 378 1722 405; x_wconf 84' lang='lat' dir='ltr'><strong>Dominus</strong></span> 
     </span>
    </p>
   </div>
   <div class='ocr_carea' id='block_1_70' title="bbox 923 419 1722 458">
    <p class='ocr_par' dir='ltr' id='par_1_70' title="bbox 923 419 1722 458">
     <span class='ocr_line' id='line_1_70' title="bbox 923 419 1722 458; baseline 0.009 -13"><span class='ocrx_word' id='word_1_503' title='bbox 923 424 1019 446; x_wconf 89' lang='lat' dir='ltr'><strong>noster</strong></span> <span class='ocrx_word' id='word_1_504' title='bbox 1026 440 1033 451; x_wconf 94' lang='lat'><strong>,</strong></span> <span class='ocrx_word' id='word_1_505' title='bbox 1045 419 1091 454; x_wconf 89' lang='lat' dir='ltr'><strong>qui</strong></span> <span class='ocrx_word' id='word_1_506' title='bbox 1105 420 1266 457; x_wconf 71' lang='lat' dir='ltr'><strong>ignorantia:</strong></span> <span class='ocrx_word' id='word_1_507' title='bbox 1275 422 1391 458; x_wconf 76' lang='lat' dir='ltr'><strong>caligine</strong></span> <span class='ocrx_word' id='word_1_508' title='bbox 1400 423 1507 451; x_wconf 89' lang='lat' dir='ltr'><strong>clausos</strong></span> <span class='ocrx_word' id='word_1_509' title='bbox 1515 421 1616 451; x_wconf 84' lang='lat' dir='ltr'><strong>tuentis</strong></span> <span class='ocrx_word' id='word_1_510' title='bbox 1625 425 1722 452; x_wconf 87' lang='lat' dir='ltr'><strong>oculos</strong></span> 
     </span>
    </p>
   </div>
   <div class='ocr_carea' id='block_1_71' title="bbox 923 465 1721 504">
    <p class='ocr_par' dir='ltr' id='par_1_71' title="bbox 923 465 1721 504">
     <span class='ocr_line' id='line_1_71' title="bbox 923 465 1721 504; baseline 0.009 -13"><span class='ocrx_word' id='word_1_511' title='bbox 923 472 989 492; x_wconf 86' lang='lat' dir='ltr'><strong>vere</strong></span> <span class='ocrx_word' id='word_1_512' title='bbox 1005 465 1033 492; x_wconf 93' lang='lat' dir='ltr'><strong>in</strong></span> <span class='ocrx_word' id='word_1_513' title='bbox 1044 466 1086 493; x_wconf 89' lang='lat' dir='ltr'><strong>eis</strong></span> <span class='ocrx_word' id='word_1_514' title='bbox 1099 466 1249 501; x_wconf 85' lang='lat' dir='ltr'><strong>agnitionis</strong></span> <span class='ocrx_word' id='word_1_515' title='bbox 1261 468 1322 495; x_wconf 91' lang='lat' dir='ltr'><strong>luce</strong></span> <span class='ocrx_word' id='word_1_516' title='bbox 1339 468 1462 504; x_wconf 85' lang='lat' dir='ltr'><strong>detergat</strong></span> <span class='ocrx_word' id='word_1_517' title='bbox 1478 477 1509 497; x_wconf 91' lang='lat' dir='ltr'><strong>ac</strong></span> <span class='ocrx_word' id='word_1_518' title='bbox 1521 471 1643 504; x_wconf 89' lang='lat' dir='ltr'><strong>aperiat;</strong></span> <span class='ocrx_word' id='word_1_519' title='bbox 1659 478 1721 497; x_wconf 91' lang='lat' dir='ltr'><strong>rur-</strong></span> 
     </span>
    </p>
   </div>
   <div class='ocr_carea' id='block_1_72' title="bbox 924 512 1722 552">
    <p class='ocr_par' dir='ltr' id='par_1_72' title="bbox 924 512 1722 552">
     <span class='ocr_line' id='line_1_72' title="bbox 924 512 1722 552; baseline 0.008 -14"><span class='ocrx_word' id='word_1_520' title='bbox 924 518 1026 546; x_wconf 82' lang='lat' dir='ltr'><strong>susque</strong></span> <span class='ocrx_word' id='word_1_521' title='bbox 1041 512 1124 540; x_wconf 87' lang='lat' dir='ltr'><strong>etiam</strong></span> <span class='ocrx_word' id='word_1_522' title='bbox 1138 513 1239 541; x_wconf 77' lang='lat' dir='ltr'><strong>divinae</strong></span> <span class='ocrx_word' id='word_1_523' title='bbox 1251 514 1405 550; x_wconf 75' lang='lat' dir='ltr'><strong>disciplina:</strong></span> <span class='ocrx_word' id='word_1_524' title='bbox 1422 516 1480 550; x_wconf 91' lang='lat' dir='ltr'><strong>ipse</strong></span> <span class='ocrx_word' id='word_1_525' title='bbox 1492 524 1522 543; x_wconf 91' lang='lat' dir='ltr'><strong>se</strong></span> <span class='ocrx_word' id='word_1_526' title='bbox 1533 516 1662 544; x_wconf 83' lang='lat' dir='ltr'><strong>ﬁdelibus</strong></span> <span class='ocrx_word' id='word_1_527' title='bbox 1673 524 1722 552; x_wconf 54' lang='lat' dir='ltr'><strong>po-</strong></span> 
     </span>
    </p>
   </div>
   <div class='ocr_carea' id='block_1_73' title="bbox 924 558 1720 595">
    <p class='ocr_par' dir='ltr' id='par_1_73' title="bbox 924 558 1720 595">
     <span class='ocr_line' id='line_1_73' title="bbox 924 558 1720 595; baseline 0.006 -11"><span class='ocrx_word' id='word_1_528' title='bbox 924 558 996 592; x_wconf 91' lang='lat' dir='ltr'><strong>pulis</strong></span> <span class='ocrx_word' id='word_1_529' title='bbox 1007 558 1125 592; x_wconf 89' lang='lat' dir='ltr'><strong>probum</strong></span> <span class='ocrx_word' id='word_1_530' title='bbox 1137 579 1143 591; x_wconf 93' lang='lat'><strong>,</strong></span> <span class='ocrx_word' id='word_1_531' title='bbox 1170 559 1282 587; x_wconf 85' lang='lat' dir='ltr'><strong>virtutis</strong></span> <span class='ocrx_word' id='word_1_532' title='bbox 1293 561 1482 593; x_wconf 67' lang='lat' dir='ltr'><strong>aemulatione,</strong></span> <span class='ocrx_word' id='word_1_533' title='bbox 1509 562 1616 595; x_wconf 86' lang='lat' dir='ltr'><strong>paravit</strong></span> <span class='ocrx_word' id='word_1_534' title='bbox 1626 569 1720 589; x_wconf 86' lang='lat' dir='ltr'><strong>exem-</strong></span> 
     </span>
    </p>
   </div>
   <div class='ocr_carea' id='block_1_74' title="bbox 924 603 1721 642">
    <p class='ocr_par' dir='ltr' id='par_1_74' title="bbox 924 603 1721 642">
     <span class='ocr_line' id='line_1_74' title="bbox 924 603 1721 642; baseline 0.005 -12"><span class='ocrx_word' id='word_1_535' title='bbox 924 603 998 638; x_wconf 91' lang='lat' dir='ltr'><strong>plum</strong></span> <span class='ocrx_word' id='word_1_536' title='bbox 1014 604 1112 632; x_wconf 85' lang='lat' dir='ltr'><strong>:facici</strong></span> <span class='ocrx_word' id='word_1_537' title='bbox 1123 605 1230 632; x_wconf 75' lang='lat' dir='ltr'><strong>scilicet</strong></span> <span class='ocrx_word' id='word_1_538' title='bbox 1240 605 1352 633; x_wconf 85' lang='lat' dir='ltr'><strong>virtutis</strong></span> <span class='ocrx_word' id='word_1_539' title='bbox 1364 606 1425 633; x_wconf 88' lang='lat' dir='ltr'><strong>luce</strong></span> <span class='ocrx_word' id='word_1_540' title='bbox 1437 606 1570 634; x_wconf 84' lang='lat' dir='ltr'><strong>radiantis</strong></span> <span class='ocrx_word' id='word_1_541' title='bbox 1581 608 1721 642; x_wconf 82' lang='lat' dir='ltr'><strong>exemplar</strong></span> 
     </span>
    </p>
   </div>
   <div class='ocr_carea' id='block_1_75' title="bbox 923 651 1720 686">
    <p class='ocr_par' dir='ltr' id='par_1_75' title="bbox 923 651 1720 686">
     <span class='ocr_line' id='line_1_75' title="bbox 923 651 1720 686; baseline 0.004 -8"><span class='ocrx_word' id='word_1_542' title='bbox 923 651 1074 684; x_wconf 78' lang='lat' dir='ltr'><strong>exsistens,</strong></span> <span class='ocrx_word' id='word_1_543' title='bbox 1094 651 1120 678; x_wconf 91' lang='lat' dir='ltr'><strong>in</strong></span> <span class='ocrx_word' id='word_1_544' title='bbox 1134 659 1217 686; x_wconf 85' lang='lat' dir='ltr'><strong>quem</strong></span> <span class='ocrx_word' id='word_1_545' title='bbox 1231 656 1406 685; x_wconf 82' lang='lat' dir='ltr'><strong>contuentes,</strong></span> <span class='ocrx_word' id='word_1_546' title='bbox 1421 653 1498 680; x_wconf 88' lang='lat' dir='ltr'><strong>velut</strong></span> <span class='ocrx_word' id='word_1_547' title='bbox 1511 657 1611 681; x_wconf 71' lang='lat' dir='ltr'><strong>nostrze</strong></span> <span class='ocrx_word' id='word_1_548' title='bbox 1623 657 1720 681; x_wconf 85' lang='lat' dir='ltr'><strong>aucto-</strong></span> 
     </span>
    </p>
   </div>
   <div class='ocr_carea' id='block_1_76' title="bbox 923 697 1721 734">
    <p class='ocr_par' dir='ltr' id='par_1_76' title="bbox 923 697 1721 734">
     <span class='ocr_line' id='line_1_76' title="bbox 923 697 1721 734; baseline 0.005 -12"><span class='ocrx_word' id='word_1_549' title='bbox 923 703 982 723; x_wconf 90' lang='lat' dir='ltr'><strong>rem</strong></span> <span class='ocrx_word' id='word_1_550' title='bbox 995 697 1092 724; x_wconf 86' lang='lat' dir='ltr'><strong>salutis</strong></span> <span class='ocrx_word' id='word_1_551' title='bbox 1105 705 1137 724; x_wconf 87' lang='lat' dir='ltr'><strong>ac</strong></span> <span class='ocrx_word' id='word_1_552' title='bbox 1151 697 1249 724; x_wconf 88' lang='lat' dir='ltr'><strong>ducem</strong></span> <span class='ocrx_word' id='word_1_553' title='bbox 1262 719 1270 731; x_wconf 97' lang='lat'><strong>,</strong></span> <span class='ocrx_word' id='word_1_554' title='bbox 1299 697 1418 726; x_wconf 83' lang='lat' dir='ltr'><strong>actionis</strong></span> <span class='ocrx_word' id='word_1_555' title='bbox 1430 698 1517 731; x_wconf 91' lang='lat' dir='ltr'><strong>cultu,</strong></span> <span class='ocrx_word' id='word_1_556' title='bbox 1536 699 1626 734; x_wconf 84' lang='lat' dir='ltr'><strong>quoad</strong></span> <span class='ocrx_word' id='word_1_557' title='bbox 1640 698 1721 726; x_wconf 84' lang='lat' dir='ltr'><strong>nobis</strong></span> 
     </span>
    </p>
   </div>
   <div class='ocr_carea' id='block_1_77' title="bbox 924 743 1720 779">
    <p class='ocr_par' dir='ltr' id='par_1_77' title="bbox 924 743 1720 779">
     <span class='ocr_line' id='line_1_77' title="bbox 924 743 1720 779; baseline 0.004 -10"><span class='ocrx_word' id='word_1_558' title='bbox 924 749 1086 770; x_wconf 85' lang='lat' dir='ltr'><strong>concessum</strong></span> <span class='ocrx_word' id='word_1_559' title='bbox 1098 747 1150 775; x_wconf 88' lang='lat' dir='ltr'><strong>est,</strong></span> <span class='ocrx_word' id='word_1_560' title='bbox 1167 744 1228 778; x_wconf 80' lang='lat' dir='ltr'><strong>ejus</strong></span> <span class='ocrx_word' id='word_1_561' title='bbox 1240 743 1396 772; x_wconf 88' lang='lat' dir='ltr'><strong>imitatione</strong></span> <span class='ocrx_word' id='word_1_562' title='bbox 1414 744 1503 772; x_wconf 87' lang='lat' dir='ltr'><strong>seduli</strong></span> <span class='ocrx_word' id='word_1_563' title='bbox 1516 745 1634 772; x_wconf 86' lang='lat' dir='ltr'><strong>virtutes</strong></span> <span class='ocrx_word' id='word_1_564' title='bbox 1648 753 1720 779; x_wconf 69' lang='lat' dir='ltr'><strong>pra:-</strong></span> 
     </span>
    </p>
   </div>
   <div class='ocr_carea' id='block_1_78' title="bbox 924 788 1721 826">
    <p class='ocr_par' dir='ltr' id='par_1_78' title="bbox 924 788 1721 826">
     <span class='ocr_line' id='line_1_78' title="bbox 924 788 1721 826; baseline 0.003 -10"><span class='ocrx_word' id='word_1_565' title='bbox 924 793 1038 816; x_wconf 89' lang='lat' dir='ltr'><strong>stamus.</strong></span> <span class='ocrx_word' id='word_1_566' title='bbox 1058 788 1112 816; x_wconf 89' lang='lat' dir='ltr'><strong>Sed</strong></span> <span class='ocrx_word' id='word_1_567' title='bbox 1125 793 1153 816; x_wconf 84' lang='lat' dir='ltr'><strong>et</strong></span> <span class='ocrx_word' id='word_1_568' title='bbox 1166 789 1253 824; x_wconf 78' lang='lat' dir='ltr'><strong>gloria</strong></span> <span class='ocrx_word' id='word_1_569' title='bbox 1266 790 1361 825; x_wconf 87' lang='lat' dir='ltr'><strong>populi</strong></span> <span class='ocrx_word' id='word_1_570' title='bbox 1374 789 1516 818; x_wconf 87' lang='lat' dir='ltr'><strong>lsraelitici</strong></span> <span class='ocrx_word' id='word_1_571' title='bbox 1532 790 1590 826; x_wconf 87' lang='lat' dir='ltr'><strong>ipse</strong></span> <span class='ocrx_word' id='word_1_572' title='bbox 1604 791 1677 818; x_wconf 90' lang='lat' dir='ltr'><strong>Deus</strong></span> <span class='ocrx_word' id='word_1_573' title='bbox 1689 799 1721 818; x_wconf 90' lang='lat' dir='ltr'><strong>ac</strong></span> 
     </span>
    </p>
   </div>
   <div class='ocr_carea' id='block_1_79' title="bbox 925 835 1719 871">
    <p class='ocr_par' dir='ltr' id='par_1_79' title="bbox 925 835 1719 871">
     <span class='ocr_line' id='line_1_79' title="bbox 925 835 1719 871; baseline 0.004 -9"><span class='ocrx_word' id='word_1_574' title='bbox 925 835 1022 862; x_wconf 89' lang='lat' dir='ltr'><strong>Sermo</strong></span> <span class='ocrx_word' id='word_1_575' title='bbox 1038 839 1095 868; x_wconf 87' lang='lat' dir='ltr'><strong>est,</strong></span> <span class='ocrx_word' id='word_1_576' title='bbox 1128 835 1205 863; x_wconf 90' lang='lat' dir='ltr'><strong>velut</strong></span> <span class='ocrx_word' id='word_1_577' title='bbox 1218 836 1324 863; x_wconf 86' lang='lat' dir='ltr'><strong>scilicet</strong></span> <span class='ocrx_word' id='word_1_578' title='bbox 1341 836 1388 871; x_wconf 89' lang='lat' dir='ltr'><strong>qui</strong></span> <span class='ocrx_word' id='word_1_579' title='bbox 1403 835 1497 864; x_wconf 90' lang='lat' dir='ltr'><strong>divina</strong></span> <span class='ocrx_word' id='word_1_580' title='bbox 1510 836 1633 864; x_wconf 80' lang='lat' dir='ltr'><strong>scientiae</strong></span> <span class='ocrx_word' id='word_1_581' title='bbox 1646 837 1719 870; x_wconf 89' lang='lat' dir='ltr'><strong>lucc,</strong></span> 
     </span>
    </p>
   </div>
   <div class='ocr_carea' id='block_1_80' title="bbox 923 881 1718 917">
    <p class='ocr_par' dir='ltr' id='par_1_80' title="bbox 923 881 1718 917">
     <span class='ocr_line' id='line_1_80' title="bbox 923 881 1718 917; baseline 0.005 -10"><span class='ocrx_word' id='word_1_582' title='bbox 923 888 973 915; x_wconf 90' lang='lat' dir='ltr'><strong>per</strong></span> <span class='ocrx_word' id='word_1_583' title='bbox 994 881 1138 916; x_wconf 79' lang='lat' dir='ltr'><strong>mysticam</strong></span> <span class='ocrx_word' id='word_1_584' title='bbox 1157 882 1431 917; x_wconf 86' lang='lat' dir='ltr'><strong>contemplationem,</strong></span> <span class='ocrx_word' id='word_1_585' title='bbox 1450 887 1571 910; x_wconf 86' lang='lat' dir='ltr'><strong>mentem</strong></span> <span class='ocrx_word' id='word_1_586' title='bbox 1589 883 1718 911; x_wconf 73' lang='lat' dir='ltr'><strong>illustrat.</strong></span> 
     </span>
    </p>
   </div>
   <div class='ocr_carea' id='block_1_81' title="bbox 922 926 1720 963">
    <p class='ocr_par' dir='ltr' id='par_1_81' title="bbox 922 926 1720 963">
     <span class='ocr_line' id='line_1_81' title="bbox 922 926 1720 963; baseline 0.005 -10"><span class='ocrx_word' id='word_1_587' title='bbox 922 926 977 953; x_wconf 86' lang='lat' dir='ltr'><strong>Aut</strong></span> <span class='ocrx_word' id='word_1_588' title='bbox 991 926 1062 953; x_wconf 84' lang='lat' dir='ltr'><strong>forte</strong></span> <span class='ocrx_word' id='word_1_589' title='bbox 1084 927 1200 962; x_wconf 90' lang='lat' dir='ltr'><strong>populos</strong></span> <span class='ocrx_word' id='word_1_590' title='bbox 1217 931 1297 955; x_wconf 82' lang='lat' dir='ltr'><strong>vocat</strong></span> <span class='ocrx_word' id='word_1_591' title='bbox 1315 927 1459 963; x_wconf 84' lang='lat' dir='ltr'><strong>Scriptura</strong></span> <span class='ocrx_word' id='word_1_592' title='bbox 1476 929 1618 957; x_wconf 87' lang='lat' dir='ltr'><strong>naturales</strong></span> <span class='ocrx_word' id='word_1_593' title='bbox 1634 930 1720 961; x_wconf 84' lang='lat' dir='ltr'><strong>ratio-</strong></span> 
     </span>
    </p>
   </div>
   <div class='ocr_carea' id='block_1_82' title="bbox 923 973 1720 1010">
    <p class='ocr_par' dir='ltr' id='par_1_82' title="bbox 923 973 1720 1010">
     <span class='ocr_line' id='line_1_82' title="bbox 923 973 1720 1010; baseline 0.004 -11"><span class='ocrx_word' id='word_1_594' title='bbox 923 980 971 1000; x_wconf 85' lang='lat' dir='ltr'><strong>nes</strong></span> <span class='ocrx_word' id='word_1_595' title='bbox 990 981 997 1000; x_wconf 88' lang='lat'><strong>:</strong></span> <span class='ocrx_word' id='word_1_596' title='bbox 1015 973 1113 999; x_wconf 88' lang='lat' dir='ltr'><strong>harum</strong></span> <span class='ocrx_word' id='word_1_597' title='bbox 1127 977 1218 1000; x_wconf 89' lang='lat' dir='ltr'><strong>autem</strong></span> <span class='ocrx_word' id='word_1_598' title='bbox 1233 973 1343 1006; x_wconf 82' lang='lat' dir='ltr'><strong>faciem,</strong></span> <span class='ocrx_word' id='word_1_599' title='bbox 1359 973 1522 1002; x_wconf 79' lang='lat' dir='ltr'><strong>inoffensam</strong></span> <span class='ocrx_word' id='word_1_600' title='bbox 1534 975 1663 1010; x_wconf 89' lang='lat' dir='ltr'><strong>omnique</strong></span> <span class='ocrx_word' id='word_1_601' title='bbox 1675 983 1720 1003; x_wconf 87' lang='lat' dir='ltr'><strong>er-</strong></span> 
     </span>
    </p>
   </div>
   <div class='ocr_carea' id='block_1_83' title="bbox 923 1019 1716 1058">
    <p class='ocr_par' dir='ltr' id='par_1_83' title="bbox 923 1019 1716 1058">
     <span class='ocr_line' id='line_1_83' title="bbox 923 1019 1716 1058; baseline 0.005 -12"><span class='ocrx_word' id='word_1_602' title='bbox 923 1027 986 1046; x_wconf 91' lang='lat' dir='ltr'><strong>rore</strong></span> <span class='ocrx_word' id='word_1_603' title='bbox 994 1024 1136 1046; x_wconf 86' lang='lat' dir='ltr'><strong>vacantem</strong></span> <span class='ocrx_word' id='word_1_604' title='bbox 1151 1019 1320 1053; x_wconf 80' lang='lat' dir='ltr'><strong>claritatem;</strong></span> <span class='ocrx_word' id='word_1_605' title='bbox 1337 1021 1416 1056; x_wconf 82' lang='lat' dir='ltr'><strong>cujus</strong></span> <span class='ocrx_word' id='word_1_606' title='bbox 1429 1022 1596 1056; x_wconf 63' lang='lat' dir='ltr'><strong>praeparatio</strong></span> <span class='ocrx_word' id='word_1_607' title='bbox 1611 1022 1716 1058; x_wconf 90' lang='lat' dir='ltr'><strong>(lumen</strong></span> 
     </span>
    </p>
   </div>
   <div class='ocr_carea' id='block_1_84' title="bbox 922 1065 1717 1102">
    <p class='ocr_par' dir='ltr' id='par_1_84' title="bbox 922 1065 1717 1102">
     <span class='ocr_line' id='line_1_84' title="bbox 922 1065 1717 1102; baseline 0.004 -10"><span class='ocrx_word' id='word_1_608' title='bbox 922 1065 1029 1093; x_wconf 83' lang='lat' dir='ltr'><strong>scilicet</strong></span> <span class='ocrx_word' id='word_1_609' title='bbox 1053 1065 1221 1101; x_wconf 78' lang='lat' dir='ltr'><strong>agnitionis)</strong></span> <span class='ocrx_word' id='word_1_610' title='bbox 1251 1065 1324 1100; x_wconf 87' lang='lat' dir='ltr'><strong>ipse,</strong></span> <span class='ocrx_word' id='word_1_611' title='bbox 1354 1067 1431 1094; x_wconf 86' lang='lat' dir='ltr'><strong>velut</strong></span> <span class='ocrx_word' id='word_1_612' title='bbox 1452 1072 1558 1096; x_wconf 82' lang='lat' dir='ltr'><strong>naturae</strong></span> <span class='ocrx_word' id='word_1_613' title='bbox 1578 1068 1717 1102; x_wconf 85' lang='lat' dir='ltr'><strong>conditor,</strong></span> 
     </span>
    </p>
   </div>
   <div class='ocr_carea' id='block_1_85' title="bbox 922 1110 1718 1145">
    <p class='ocr_par' dir='ltr' id='par_1_85' title="bbox 922 1110 1718 1145">
     <span class='ocr_line' id='line_1_85' title="bbox 922 1110 1718 1145; baseline 0.005 -8"><span class='ocrx_word' id='word_1_614' title='bbox 922 1110 1019 1138; x_wconf 87' lang='lat' dir='ltr'><strong>Sermo</strong></span> <span class='ocrx_word' id='word_1_615' title='bbox 1033 1111 1152 1138; x_wconf 81' lang='lat' dir='ltr'><strong>exsistit.</strong></span> <span class='ocrx_word' id='word_1_616' title='bbox 1181 1110 1283 1138; x_wconf 88' lang='lat' dir='ltr'><strong>Gentes</strong></span> <span class='ocrx_word' id='word_1_617' title='bbox 1293 1115 1398 1145; x_wconf 88' lang='lat' dir='ltr'><strong>autem,</strong></span> <span class='ocrx_word' id='word_1_618' title='bbox 1417 1120 1430 1139; x_wconf 92' lang='lat' dir='ltr'><strong>a</strong></span> <span class='ocrx_word' id='word_1_619' title='bbox 1445 1117 1552 1141; x_wconf 70' lang='lat' dir='ltr'><strong>natura:</strong></span> <span class='ocrx_word' id='word_1_620' title='bbox 1563 1113 1718 1141; x_wconf 84' lang='lat' dir='ltr'><strong>rationibus</strong></span> 
     </span>
    </p>
   </div>
   <div class='ocr_carea' id='block_1_86' title="bbox 921 1156 1718 1194">
    <p class='ocr_par' dir='ltr' id='par_1_86' title="bbox 921 1156 1718 1194">
     <span class='ocr_line' id='line_1_86' title="bbox 921 1156 1718 1194; baseline 0.005 -11"><span class='ocrx_word' id='word_1_621' title='bbox 921 1156 1104 1184; x_wconf 82' lang='lat' dir='ltr'><strong>abhorrentes</strong></span> <span class='ocrx_word' id='word_1_622' title='bbox 1117 1156 1243 1187; x_wconf 80' lang='lat' dir='ltr'><strong>aﬂ‘ectus.</strong></span> <span class='ocrx_word' id='word_1_623' title='bbox 1263 1164 1332 1192; x_wconf 89' lang='lat' dir='ltr'><strong>quos</strong></span> <span class='ocrx_word' id='word_1_624' title='bbox 1346 1157 1465 1186; x_wconf 82' lang='lat' dir='ltr'><strong>latentes</strong></span> <span class='ocrx_word' id='word_1_625' title='bbox 1480 1158 1595 1194; x_wconf 82' lang='lat' dir='ltr'><strong>detegit,</strong></span> <span class='ocrx_word' id='word_1_626' title='bbox 1611 1159 1718 1187; x_wconf 91' lang='lat' dir='ltr'><strong>donans</strong></span> 
     </span>
    </p>
   </div>
   <div class='ocr_carea' id='block_1_87' title="bbox 921 1203 1718 1241">
    <p class='ocr_par' dir='ltr' id='par_1_87' title="bbox 921 1203 1718 1241">
     <span class='ocr_line' id='line_1_87' title="bbox 921 1203 1718 1241; baseline 0.004 -11"><span class='ocrx_word' id='word_1_627' title='bbox 921 1203 1045 1230; x_wconf 64' lang='lat' dir='ltr'><strong>scicntia:</strong></span> <span class='ocrx_word' id='word_1_628' title='bbox 1057 1203 1130 1236; x_wconf 91' lang='lat' dir='ltr'><strong>luce,</strong></span> <span class='ocrx_word' id='word_1_629' title='bbox 1143 1211 1174 1230; x_wconf 92' lang='lat' dir='ltr'><strong>ac</strong></span> <span class='ocrx_word' id='word_1_630' title='bbox 1185 1211 1219 1230; x_wconf 80' lang='lat' dir='ltr'><strong>ex</strong></span> <span class='ocrx_word' id='word_1_631' title='bbox 1230 1208 1329 1231; x_wconf 87' lang='lat' dir='ltr'><strong>natura</strong></span> <span class='ocrx_word' id='word_1_632' title='bbox 1341 1212 1454 1240; x_wconf 87' lang='lat' dir='ltr'><strong>prorsus</strong></span> <span class='ocrx_word' id='word_1_633' title='bbox 1465 1205 1602 1241; x_wconf 78' lang='lat' dir='ltr'><strong>proﬂigat.</strong></span> <span class='ocrx_word' id='word_1_634' title='bbox 1617 1206 1659 1233; x_wconf 86' lang='lat' dir='ltr'><strong>Fit</strong></span> <span class='ocrx_word' id='word_1_635' title='bbox 1669 1215 1718 1234; x_wconf 89' lang='lat' dir='ltr'><strong>au-</strong></span> 
     </span>
    </p>
   </div>
   <div class='ocr_carea' id='block_1_88' title="bbox 922 1249 1717 1287">
    <p class='ocr_par' dir='ltr' id='par_1_88' title="bbox 922 1249 1717 1287">
     <span class='ocr_line' id='line_1_88' title="bbox 922 1249 1717 1287; baseline 0.005 -11"><span class='ocrx_word' id='word_1_636' title='bbox 922 1253 978 1276; x_wconf 88' lang='lat' dir='ltr'><strong>tem</strong></span> <span class='ocrx_word' id='word_1_637' title='bbox 995 1249 1092 1276; x_wconf 89' lang='lat' dir='ltr'><strong>Sermo</strong></span> <span class='ocrx_word' id='word_1_638' title='bbox 1108 1249 1220 1277; x_wconf 87' lang='lat' dir='ltr'><strong>lsraelis</strong></span> <span class='ocrx_word' id='word_1_639' title='bbox 1235 1250 1322 1285; x_wconf 79' lang='lat' dir='ltr'><strong>gloria</strong></span> <span class='ocrx_word' id='word_1_640' title='bbox 1337 1255 1420 1285; x_wconf 83' lang='lat' dir='ltr'><strong>atque</strong></span> <span class='ocrx_word' id='word_1_641' title='bbox 1434 1251 1554 1284; x_wconf 79' lang='lat' dir='ltr'><strong>claritas,</strong></span> <span class='ocrx_word' id='word_1_642' title='bbox 1573 1252 1645 1287; x_wconf 92' lang='lat' dir='ltr'><strong>quod</strong></span> <span class='ocrx_word' id='word_1_643' title='bbox 1661 1253 1717 1280; x_wconf 77' lang='lat' dir='ltr'><strong>sci-</strong></span> 
     </span>
    </p>
   </div>
   <div class='ocr_carea' id='block_1_89' title="bbox 921 1294 1715 1331">
    <p class='ocr_par' dir='ltr' id='par_1_89' title="bbox 921 1294 1715 1331">
     <span class='ocr_line' id='line_1_89' title="bbox 921 1294 1715 1331; baseline 0.006 -10"><span class='ocrx_word' id='word_1_644' title='bbox 921 1294 986 1322; x_wconf 87' lang='lat' dir='ltr'><strong>licet</strong></span> <span class='ocrx_word' id='word_1_645' title='bbox 1005 1295 1039 1322; x_wconf 86' lang='lat' dir='ltr'><strong>ab</strong></span> <span class='ocrx_word' id='word_1_646' title='bbox 1060 1295 1263 1322; x_wconf 85' lang='lat' dir='ltr'><strong>innaturalibus</strong></span> <span class='ocrx_word' id='word_1_647' title='bbox 1277 1295 1400 1323; x_wconf 89' lang='lat' dir='ltr'><strong>animum</strong></span> <span class='ocrx_word' id='word_1_648' title='bbox 1413 1296 1561 1325; x_wconf 79' lang='lat' dir='ltr'><strong>affectibus</strong></span> <span class='ocrx_word' id='word_1_649' title='bbox 1572 1299 1715 1331; x_wconf 85' lang='lat' dir='ltr'><strong>emundcl,</strong></span> 
     </span>
    </p>
   </div>
   <div class='ocr_carea' id='block_1_90' title="bbox 921 1346 1716 1383">
    <p class='ocr_par' dir='ltr' id='par_1_90' title="bbox 921 1346 1716 1383">
     <span class='ocr_line' id='line_1_90' title="bbox 921 1346 1716 1383; baseline 0.005 -10"><span class='ocrx_word' id='word_1_650' title='bbox 921 1353 1010 1381; x_wconf 83' lang='lat' dir='ltr'><strong>exque</strong></span> <span class='ocrx_word' id='word_1_651' title='bbox 1030 1350 1128 1374; x_wconf 86' lang='lat' dir='ltr'><strong>natura</strong></span> <span class='ocrx_word' id='word_1_652' title='bbox 1149 1346 1315 1380; x_wconf 86' lang='lat' dir='ltr'><strong>comparatis</strong></span> <span class='ocrx_word' id='word_1_653' title='bbox 1329 1346 1485 1375; x_wconf 83' lang='lat' dir='ltr'><strong>rationibus</strong></span> <span class='ocrx_word' id='word_1_654' title='bbox 1513 1354 1655 1383; x_wconf 85' lang='lat' dir='ltr'><strong>perornet.</strong></span> <span class='ocrx_word' id='word_1_655' title='bbox 1676 1350 1716 1377; x_wconf 89' lang='lat' dir='ltr'><strong>Ad</strong></span> 
     </span>
    </p>
   </div>
   <div class='ocr_carea' id='block_1_91' title="bbox 921 1391 1717 1429">
    <p class='ocr_par' dir='ltr' id='par_1_91' title="bbox 921 1391 1717 1429">
     <span class='ocr_line' id='line_1_91' title="bbox 921 1391 1717 1429; baseline 0.005 -11"><span class='ocrx_word' id='word_1_656' title='bbox 921 1391 981 1419; x_wconf 60' lang='lat' dir='ltr'><strong>haec</strong></span> <span class='ocrx_word' id='word_1_657' title='bbox 989 1399 1056 1420; x_wconf 89' lang='lat' dir='ltr'><strong>vero</strong></span> <span class='ocrx_word' id='word_1_658' title='bbox 1067 1392 1150 1419; x_wconf 89' lang='lat' dir='ltr'><strong>etiam</strong></span> <span class='ocrx_word' id='word_1_659' title='bbox 1161 1413 1168 1425; x_wconf 90' lang='lat'><strong>,</strong></span> <span class='ocrx_word' id='word_1_660' title='bbox 1200 1392 1274 1426; x_wconf 90' lang='lat' dir='ltr'><strong>quod</strong></span> <span class='ocrx_word' id='word_1_661' title='bbox 1289 1392 1440 1420; x_wconf 87' lang='lat' dir='ltr'><strong>immobilis</strong></span> <span class='ocrx_word' id='word_1_662' title='bbox 1458 1399 1592 1429; x_wconf 67' lang='lat' dir='ltr'><strong>arrogatre</strong></span> <span class='ocrx_word' id='word_1_663' title='bbox 1605 1395 1717 1423; x_wconf 86' lang='lat' dir='ltr'><strong>deitatis</strong></span> 
     </span>
    </p>
   </div>
   <div class='ocr_carea' id='block_1_92' title="bbox 922 1437 1714 1474">
    <p class='ocr_par' dir='ltr' id='par_1_92' title="bbox 922 1437 1714 1474">
     <span class='ocr_line' id='line_1_92' title="bbox 922 1437 1714 1474; baseline 0.004 -10"><span class='ocrx_word' id='word_1_664' title='bbox 922 1437 1076 1465; x_wconf 88' lang='lat' dir='ltr'><strong>diademate</strong></span> <span class='ocrx_word' id='word_1_665' title='bbox 1092 1437 1235 1472; x_wconf 89' lang='lat' dir='ltr'><strong>astringat.</strong></span> <span class='ocrx_word' id='word_1_666' title='bbox 1253 1437 1323 1465; x_wconf 85' lang='lat' dir='ltr'><strong>Vere</strong></span> <span class='ocrx_word' id='word_1_667' title='bbox 1334 1438 1437 1465; x_wconf 87' lang='lat' dir='ltr'><strong>etenim</strong></span> <span class='ocrx_word' id='word_1_668' title='bbox 1450 1439 1558 1466; x_wconf 87' lang='lat' dir='ltr'><strong>lsraelis</strong></span> <span class='ocrx_word' id='word_1_669' title='bbox 1568 1440 1653 1474; x_wconf 88' lang='lat' dir='ltr'><strong>gloria</strong></span> <span class='ocrx_word' id='word_1_670' title='bbox 1662 1446 1714 1472; x_wconf 87' lang='lat' dir='ltr'><strong>est,</strong></span> 
     </span>
    </p>
   </div>
   <div class='ocr_carea' id='block_1_93' title="bbox 922 1483 1716 1518">
    <p class='ocr_par' dir='ltr' id='par_1_93' title="bbox 922 1483 1716 1518">
     <span class='ocr_line' id='line_1_93' title="bbox 922 1483 1716 1518; baseline 0.004 -8"><span class='ocrx_word' id='word_1_671' title='bbox 922 1487 980 1511; x_wconf 90' lang='lat' dir='ltr'><strong>tum</strong></span> <span class='ocrx_word' id='word_1_672' title='bbox 992 1484 1026 1511; x_wconf 91' lang='lat' dir='ltr'><strong>ab</strong></span> <span class='ocrx_word' id='word_1_673' title='bbox 1038 1483 1240 1511; x_wconf 88' lang='lat' dir='ltr'><strong>innaturalibus</strong></span> <span class='ocrx_word' id='word_1_674' title='bbox 1251 1483 1397 1512; x_wconf 63' lang='lat' dir='ltr'><strong>affectibus</strong></span> <span class='ocrx_word' id='word_1_675' title='bbox 1406 1485 1524 1518; x_wconf 84' lang='lat' dir='ltr'><strong>absolvi,</strong></span> <span class='ocrx_word' id='word_1_676' title='bbox 1538 1490 1594 1513; x_wconf 89' lang='lat' dir='ltr'><strong>tum</strong></span> <span class='ocrx_word' id='word_1_677' title='bbox 1603 1491 1669 1513; x_wconf 88' lang='lat' dir='ltr'><strong>natu</strong></span> <span class='ocrx_word' id='word_1_678' title='bbox 1675 1494 1716 1513; x_wconf 84' lang='lat' dir='ltr'><strong>ra-</strong></span> 
     </span>
    </p>
   </div>
   <div class='ocr_carea' id='block_1_94' title="bbox 920 1529 1716 1567">
    <p class='ocr_par' dir='ltr' id='par_1_94' title="bbox 920 1529 1716 1567">
     <span class='ocr_line' id='line_1_94' title="bbox 920 1529 1716 1567; baseline 0.003 -11"><span class='ocrx_word' id='word_1_679' title='bbox 920 1529 960 1556; x_wconf 86' lang='lat' dir='ltr'><strong>les</strong></span> <span class='ocrx_word' id='word_1_680' title='bbox 974 1529 1113 1564; x_wconf 88' lang='lat' dir='ltr'><strong>complere</strong></span> <span class='ocrx_word' id='word_1_681' title='bbox 1125 1529 1258 1563; x_wconf 89' lang='lat' dir='ltr'><strong>rationes,</strong></span> <span class='ocrx_word' id='word_1_682' title='bbox 1274 1533 1331 1557; x_wconf 90' lang='lat' dir='ltr'><strong>tum</strong></span> <span class='ocrx_word' id='word_1_683' title='bbox 1343 1530 1463 1565; x_wconf 70' lang='lat' dir='ltr'><strong>denique</strong></span> <span class='ocrx_word' id='word_1_684' title='bbox 1474 1531 1557 1564; x_wconf 88' lang='lat' dir='ltr'><strong>bona,</strong></span> <span class='ocrx_word' id='word_1_685' title='bbox 1569 1539 1629 1567; x_wconf 61' lang='lat' dir='ltr'><strong>qua</strong></span> <span class='ocrx_word' id='word_1_686' title='bbox 1637 1535 1716 1559; x_wconf 90' lang='lat' dir='ltr'><strong>natu-</strong></span> 
     </span>
    </p>
   </div>
   <div class='ocr_carea' id='block_1_95' title="bbox 921 1575 1716 1612">
    <p class='ocr_par' dir='ltr' id='par_1_95' title="bbox 921 1575 1716 1612">
     <span class='ocr_line' id='line_1_95' title="bbox 921 1575 1716 1612; baseline 0.003 -10"><span class='ocrx_word' id='word_1_687' title='bbox 921 1583 980 1602; x_wconf 90' lang='lat' dir='ltr'><strong>ram</strong></span> <span class='ocrx_word' id='word_1_688' title='bbox 1004 1581 1156 1611; x_wconf 88' lang='lat' dir='ltr'><strong>superant,</strong></span> <span class='ocrx_word' id='word_1_689' title='bbox 1180 1575 1306 1611; x_wconf 90' lang='lat' dir='ltr'><strong>adipisci.</strong></span> <span class='ocrx_word' id='word_1_690' title='bbox 1341 1576 1393 1609; x_wconf 83' lang='lat' dir='ltr'><strong>Qui</strong></span> <span class='ocrx_word' id='word_1_691' title='bbox 1409 1576 1561 1612; x_wconf 85' lang='lat' dir='ltr'><strong>spiritalem</strong></span> <span class='ocrx_word' id='word_1_692' title='bbox 1576 1577 1651 1604; x_wconf 89' lang='lat' dir='ltr'><strong>hunc</strong></span> <span class='ocrx_word' id='word_1_693' title='bbox 1662 1578 1716 1605; x_wconf 90' lang='lat' dir='ltr'><strong>Da-</strong></span> 
     </span>
    </p>
   </div>
   <div class='ocr_carea' id='block_1_96' title="bbox 919 1622 1714 1657">
    <p class='ocr_par' dir='ltr' id='par_1_96' title="bbox 919 1622 1714 1657">
     <span class='ocr_line' id='line_1_96' title="bbox 919 1622 1714 1657; baseline 0.001 -8"><span class='ocrx_word' id='word_1_694' title='bbox 919 1622 1010 1649; x_wconf 85' lang='lat' dir='ltr'><strong>videm</strong></span> <span class='ocrx_word' id='word_1_695' title='bbox 1024 1622 1133 1657; x_wconf 85' lang='lat' dir='ltr'><strong>recipit,</strong></span> <span class='ocrx_word' id='word_1_696' title='bbox 1148 1623 1200 1650; x_wconf 90' lang='lat' dir='ltr'><strong>etsi</strong></span> <span class='ocrx_word' id='word_1_697' title='bbox 1213 1623 1241 1650; x_wconf 89' lang='lat' dir='ltr'><strong>in</strong></span> <span class='ocrx_word' id='word_1_698' title='bbox 1253 1630 1317 1650; x_wconf 89' lang='lat' dir='ltr'><strong>eum</strong></span> <span class='ocrx_word' id='word_1_699' title='bbox 1332 1622 1423 1650; x_wconf 87' lang='lat' dir='ltr'><strong>Saulis</strong></span> <span class='ocrx_word' id='word_1_700' title='bbox 1435 1623 1591 1650; x_wconf 82' lang='lat' dir='ltr'><strong>iuardescat</strong></span> <span class='ocrx_word' id='word_1_701' title='bbox 1602 1623 1714 1656; x_wconf 90' lang='lat' dir='ltr'><strong>invidia,</strong></span> 
     </span>
    </p>
   </div>
   <div class='ocr_carea' id='block_1_97' title="bbox 919 1668 1715 1704">
    <p class='ocr_par' dir='ltr' id='par_1_97' title="bbox 919 1668 1715 1704">
     <span class='ocr_line' id='line_1_97' title="bbox 919 1668 1715 1704; baseline 0.001 -9"><span class='ocrx_word' id='word_1_702' title='bbox 919 1676 976 1695; x_wconf 90' lang='lat' dir='ltr'><strong>non</strong></span> <span class='ocrx_word' id='word_1_703' title='bbox 999 1672 1089 1695; x_wconf 87' lang='lat' dir='ltr'><strong>tamen</strong></span> <span class='ocrx_word' id='word_1_704' title='bbox 1116 1668 1225 1703; x_wconf 87' lang='lat' dir='ltr'><strong>capitur</strong></span> <span class='ocrx_word' id='word_1_705' title='bbox 1259 1673 1342 1703; x_wconf 83' lang='lat' dir='ltr'><strong>atque</strong></span> <span class='ocrx_word' id='word_1_706' title='bbox 1363 1668 1507 1701; x_wconf 82' lang='lat' dir='ltr'><strong>vincitur;</strong></span> <span class='ocrx_word' id='word_1_707' title='bbox 1541 1668 1622 1704; x_wconf 60' lang='lat'><strong>295.</strong></span> <span class='ocrx_word' id='word_1_708' title='bbox 1649 1669 1715 1703; x_wconf 89' lang='lat' dir='ltr'><strong>quin</strong></span> 
     </span>
    </p>
   </div>
   <div class='ocr_carea' id='block_1_98' title="bbox 919 1714 1715 1748">
    <p class='ocr_par' dir='ltr' id='par_1_98' title="bbox 919 1714 1715 1748">
     <span class='ocr_line' id='line_1_98' title="bbox 919 1714 1715 1748; baseline 0 -8"><span class='ocrx_word' id='word_1_709' title='bbox 919 1721 935 1740; x_wconf 88' lang='lat' dir='ltr'><strong>e</strong></span> <span class='ocrx_word' id='word_1_710' title='bbox 951 1717 1056 1746; x_wconf 88' lang='lat' dir='ltr'><strong>contra,</strong></span> <span class='ocrx_word' id='word_1_711' title='bbox 1084 1721 1144 1748; x_wconf 68' lang='lat' dir='ltr'><strong>qua:</strong></span> <span class='ocrx_word' id='word_1_712' title='bbox 1159 1714 1218 1748; x_wconf 89' lang='lat' dir='ltr'><strong>ejus</strong></span> <span class='ocrx_word' id='word_1_713' title='bbox 1232 1721 1338 1741; x_wconf 88' lang='lat' dir='ltr'><strong>summa</strong></span> <span class='ocrx_word' id='word_1_714' title='bbox 1352 1714 1499 1741; x_wconf 87' lang='lat' dir='ltr'><strong>clementia</strong></span> <span class='ocrx_word' id='word_1_715' title='bbox 1513 1719 1555 1741; x_wconf 89' lang='lat' dir='ltr'><strong>est</strong></span> <span class='ocrx_word' id='word_1_716' title='bbox 1570 1721 1602 1741; x_wconf 91' lang='lat' dir='ltr'><strong>ac</strong></span> <span class='ocrx_word' id='word_1_717' title='bbox 1616 1714 1715 1741; x_wconf 89' lang='lat' dir='ltr'><strong>huma—</strong></span> 
     </span>
    </p>
   </div>
   <div class='ocr_carea' id='block_1_99' title="bbox 920 1759 1716 1795">
    <p class='ocr_par' dir='ltr' id='par_1_99' title="bbox 920 1759 1716 1795">
     <span class='ocr_line' id='line_1_99' title="bbox 920 1759 1716 1795; baseline 0 -7"><span class='ocrx_word' id='word_1_718' title='bbox 920 1761 1003 1793; x_wconf 88' lang='lat' dir='ltr'><strong>nitas,</strong></span> <span class='ocrx_word' id='word_1_719' title='bbox 1020 1760 1097 1788; x_wconf 89' lang='lat' dir='ltr'><strong>velut</strong></span> <span class='ocrx_word' id='word_1_720' title='bbox 1114 1760 1348 1795; x_wconf 69' lang='lat' dir='ltr'><strong>tranquillissima:</strong></span> <span class='ocrx_word' id='word_1_721' title='bbox 1363 1760 1475 1793; x_wconf 89' lang='lat' dir='ltr'><strong>mentis,</strong></span> <span class='ocrx_word' id='word_1_722' title='bbox 1492 1760 1539 1795; x_wconf 90' lang='lat' dir='ltr'><strong>qui</strong></span> <span class='ocrx_word' id='word_1_723' title='bbox 1553 1760 1635 1787; x_wconf 86' lang='lat' dir='ltr'><strong>etiam</strong></span> <span class='ocrx_word' id='word_1_724' title='bbox 1652 1759 1716 1788; x_wconf 87' lang='lat' dir='ltr'><strong>odio</strong></span> 
     </span>
    </p>
   </div>
   <div class='ocr_carea' id='block_1_100' title="bbox 919 1806 1717 1841">
    <p class='ocr_par' dir='ltr' id='par_1_100' title="bbox 919 1806 1717 1841">
     <span class='ocr_line' id='line_1_100' title="bbox 919 1806 1717 1841; baseline -0.001 -8"><span class='ocrx_word' id='word_1_725' title='bbox 919 1806 1065 1839; x_wconf 83' lang='lat' dir='ltr'><strong>habeatur,</strong></span> <span class='ocrx_word' id='word_1_726' title='bbox 1084 1806 1204 1841; x_wconf 83' lang='lat' dir='ltr'><strong>Spiritus</strong></span> <span class='ocrx_word' id='word_1_727' title='bbox 1218 1806 1326 1834; x_wconf 87' lang='lat' dir='ltr'><strong>cithara</strong></span> <span class='ocrx_word' id='word_1_728' title='bbox 1340 1806 1450 1833; x_wconf 85' lang='lat' dir='ltr'><strong>hostem</strong></span> <span class='ocrx_word' id='word_1_729' title='bbox 1466 1810 1571 1833; x_wconf 86' lang='lat' dir='ltr'><strong>recreat</strong></span> <span class='ocrx_word' id='word_1_730' title='bbox 1588 1813 1619 1832; x_wconf 89' lang='lat' dir='ltr'><strong>ac</strong></span> <span class='ocrx_word' id='word_1_731' title='bbox 1631 1806 1717 1833; x_wconf 91' lang='lat' dir='ltr'><strong>mole-</strong></span> 
     </span>
    </p>
   </div>
   <div class='ocr_carea' id='block_1_101' title="bbox 919 1851 1716 1887">
    <p class='ocr_par' dir='ltr' id='par_1_101' title="bbox 919 1851 1716 1887">
     <span class='ocr_line' id='line_1_101' title="bbox 919 1851 1716 1887; baseline 0.001 -8"><span class='ocrx_word' id='word_1_732' title='bbox 919 1853 971 1880; x_wconf 89' lang='lat' dir='ltr'><strong>stia</strong></span> <span class='ocrx_word' id='word_1_733' title='bbox 985 1852 1059 1880; x_wconf 87' lang='lat' dir='ltr'><strong>levat</strong></span> <span class='ocrx_word' id='word_1_734' title='bbox 1071 1873 1078 1885; x_wconf 93' lang='lat'><strong>,</strong></span> <span class='ocrx_word' id='word_1_735' title='bbox 1106 1859 1189 1886; x_wconf 90' lang='lat' dir='ltr'><strong>quem</strong></span> <span class='ocrx_word' id='word_1_736' title='bbox 1205 1852 1321 1887; x_wconf 87' lang='lat' dir='ltr'><strong>spiritus</strong></span> <span class='ocrx_word' id='word_1_737' title='bbox 1333 1859 1452 1887; x_wconf 86' lang='lat' dir='ltr'><strong>nequam</strong></span> <span class='ocrx_word' id='word_1_738' title='bbox 1464 1851 1650 1886; x_wconf 71' lang='lat' dir='ltr'><strong>opprimat“;</strong></span> <span class='ocrx_word' id='word_1_739' title='bbox 1671 1860 1716 1880; x_wconf 86' lang='lat' dir='ltr'><strong>sa-</strong></span> 
     </span>
    </p>
   </div>
   <div class='ocr_carea' id='block_1_102' title="bbox 919 1897 1716 1933">
    <p class='ocr_par' dir='ltr' id='par_1_102' title="bbox 919 1897 1716 1933">
     <span class='ocr_line' id='line_1_102' title="bbox 919 1897 1716 1933; baseline -0.001 -8"><span class='ocrx_word' id='word_1_740' title='bbox 919 1906 1016 1933; x_wconf 78' lang='lat' dir='ltr'><strong>meque</strong></span> <span class='ocrx_word' id='word_1_741' title='bbox 1028 1898 1130 1925; x_wconf 86' lang='lat' dir='ltr'><strong>mentis</strong></span> <span class='ocrx_word' id='word_1_742' title='bbox 1142 1905 1206 1925; x_wconf 89' lang='lat' dir='ltr'><strong>cum</strong></span> <span class='ocrx_word' id='word_1_743' title='bbox 1218 1897 1318 1931; x_wconf 80' lang='lat' dir='ltr'><strong>eliicit,</strong></span> <span class='ocrx_word' id='word_1_744' title='bbox 1345 1897 1422 1924; x_wconf 84' lang='lat' dir='ltr'><strong>velut</strong></span> <span class='ocrx_word' id='word_1_745' title='bbox 1438 1905 1453 1924; x_wconf 87' lang='lat' dir='ltr'><strong>a</strong></span> <span class='ocrx_word' id='word_1_746' title='bbox 1465 1897 1600 1930; x_wconf 81' lang='lat' dir='ltr'><strong>daemone,</strong></span> <span class='ocrx_word' id='word_1_747' title='bbox 1616 1906 1630 1925; x_wconf 86' lang='lat' dir='ltr'><strong>a</strong></span> <span class='ocrx_word' id='word_1_748' title='bbox 1646 1898 1716 1925; x_wconf 86' lang='lat' dir='ltr'><strong>mala</strong></span> 
     </span>
    </p>
   </div>
   <div class='ocr_carea' id='block_1_103' title="bbox 920 1943 1716 1979">
    <p class='ocr_par' dir='ltr' id='par_1_103' title="bbox 920 1943 1716 1979">
     <span class='ocr_line' id='line_1_103' title="bbox 920 1943 1716 1979; baseline 0 -8"><span class='ocrx_word' id='word_1_749' title='bbox 920 1944 1023 1971; x_wconf 85' lang='lat' dir='ltr'><strong>terreni</strong></span> <span class='ocrx_word' id='word_1_750' title='bbox 1037 1951 1146 1977; x_wconf 89' lang='lat' dir='ltr'><strong>sensus,</strong></span> <span class='ocrx_word' id='word_1_751' title='bbox 1159 1944 1237 1979; x_wconf 90' lang='lat' dir='ltr'><strong>quasi</strong></span> <span class='ocrx_word' id='word_1_752' title='bbox 1250 1943 1340 1971; x_wconf 89' lang='lat' dir='ltr'><strong>morbi</strong></span> <span class='ocrx_word' id='word_1_753' title='bbox 1352 1943 1453 1971; x_wconf 89' lang='lat' dir='ltr'><strong>sontici</strong></span> <span class='ocrx_word' id='word_1_754' title='bbox 1465 1943 1538 1976; x_wconf 83' lang='lat' dir='ltr'><strong>labe,</strong></span> <span class='ocrx_word' id='word_1_755' title='bbox 1551 1944 1716 1979; x_wconf 86' lang='lat' dir='ltr'><strong>propensius</strong></span> 
     </span>
    </p>
   </div>
   <div class='ocr_carea' id='block_1_104' title="bbox 919 1990 1714 2025">
    <p class='ocr_par' dir='ltr' id='par_1_104' title="bbox 919 1990 1714 2025">
     <span class='ocr_line' id='line_1_104' title="bbox 919 1990 1714 2025; baseline 0.001 -8"><span class='ocrx_word' id='word_1_756' title='bbox 919 1990 1050 2018; x_wconf 87' lang='lat' dir='ltr'><strong>liberans.</strong></span> <span class='ocrx_word' id='word_1_757' title='bbox 1082 1990 1213 2025; x_wconf 84' lang='lat' dir='ltr'><strong>Quisquis</strong></span> <span class='ocrx_word' id='word_1_758' title='bbox 1233 1990 1309 2019; x_wconf 90' lang='lat' dir='ltr'><strong>enim</strong></span> <span class='ocrx_word' id='word_1_759' title='bbox 1337 1998 1394 2025; x_wconf 56' lang='lat' dir='ltr'><strong>prae</strong></span> <span class='ocrx_word' id='word_1_760' title='bbox 1412 1990 1516 2017; x_wconf 86' lang='lat' dir='ltr'><strong>invidia</strong></span> <span class='ocrx_word' id='word_1_761' title='bbox 1540 1990 1605 2018; x_wconf 89' lang='lat' dir='ltr'><strong>odio</strong></span> <span class='ocrx_word' id='word_1_762' title='bbox 1619 1991 1714 2024; x_wconf 87' lang='lat' dir='ltr'><strong>habet,</strong></span> 
     </span>
    </p>
   </div>
   <div class='ocr_carea' id='block_1_105' title="bbox 919 2037 1717 2072">
    <p class='ocr_par' dir='ltr' id='par_1_105' title="bbox 919 2037 1717 2072">
     <span class='ocr_line' id='line_1_105' title="bbox 919 2037 1717 2072; baseline 0 -8"><span class='ocrx_word' id='word_1_763' title='bbox 919 2037 1046 2072; x_wconf 83' lang='lat' dir='ltr'><strong>maleque</strong></span> <span class='ocrx_word' id='word_1_764' title='bbox 1069 2037 1181 2072; x_wconf 85' lang='lat' dir='ltr'><strong>sugillat</strong></span> <span class='ocrx_word' id='word_1_765' title='bbox 1204 2045 1236 2064; x_wconf 92' lang='lat' dir='ltr'><strong>ac</strong></span> <span class='ocrx_word' id='word_1_766' title='bbox 1252 2037 1375 2064; x_wconf 84' lang='lat' dir='ltr'><strong>detrahit</strong></span> <span class='ocrx_word' id='word_1_767' title='bbox 1390 2037 1415 2064; x_wconf 91' lang='lat' dir='ltr'><strong>ei</strong></span> <span class='ocrx_word' id='word_1_768' title='bbox 1433 2037 1492 2072; x_wconf 87' lang='lat' dir='ltr'><strong>qui,</strong></span> <span class='ocrx_word' id='word_1_769' title='bbox 1506 2037 1640 2064; x_wconf 89' lang='lat' dir='ltr'><strong>virtutum</strong></span> <span class='ocrx_word' id='word_1_770' title='bbox 1657 2045 1717 2065; x_wconf 91' lang='lat' dir='ltr'><strong>cer-</strong></span> 
     </span>
    </p>
   </div>
   <div class='ocr_carea' id='block_1_106' title="bbox 920 2082 1718 2118">
    <p class='ocr_par' dir='ltr' id='par_1_106' title="bbox 920 2082 1718 2118">
     <span class='ocr_line' id='line_1_106' title="bbox 920 2082 1718 2118; baseline -0.001 -7"><span class='ocrx_word' id='word_1_771' title='bbox 920 2083 1070 2111; x_wconf 87' lang='lat' dir='ltr'><strong>taminibus</strong></span> <span class='ocrx_word' id='word_1_772' title='bbox 1082 2084 1174 2111; x_wconf 83' lang='lat' dir='ltr'><strong>clarus</strong></span> <span class='ocrx_word' id='word_1_773' title='bbox 1187 2104 1194 2116; x_wconf 91' lang='lat'><strong>,</strong></span> <span class='ocrx_word' id='word_1_774' title='bbox 1225 2083 1309 2110; x_wconf 86' lang='lat' dir='ltr'><strong>etiam</strong></span> <span class='ocrx_word' id='word_1_775' title='bbox 1326 2082 1497 2110; x_wconf 85' lang='lat' dir='ltr'><strong>abundantia</strong></span> <span class='ocrx_word' id='word_1_776' title='bbox 1512 2083 1649 2110; x_wconf 88' lang='lat' dir='ltr'><strong>sermonis</strong></span> <span class='ocrx_word' id='word_1_777' title='bbox 1661 2083 1718 2118; x_wconf 80' lang='lat' dir='ltr'><strong>spi-</strong></span> 
     </span>
    </p>
   </div>
   <div class='ocr_carea' id='block_1_107' title="bbox 919 2127 1717 2164">
    <p class='ocr_par' dir='ltr' id='par_1_107' title="bbox 919 2127 1717 2164">
     <span class='ocr_line' id='line_1_107' title="bbox 919 2127 1717 2164; baseline -0.001 -7"><span class='ocrx_word' id='word_1_778' title='bbox 919 2130 1008 2157; x_wconf 88' lang='lat' dir='ltr'><strong>ritalis</strong></span> <span class='ocrx_word' id='word_1_779' title='bbox 1023 2129 1147 2157; x_wconf 75' lang='lat' dir='ltr'><strong>scientiae</strong></span> <span class='ocrx_word' id='word_1_780' title='bbox 1168 2128 1310 2164; x_wconf 88' lang='lat' dir='ltr'><strong>potentior</strong></span> <span class='ocrx_word' id='word_1_781' title='bbox 1324 2132 1366 2156; x_wconf 88' lang='lat' dir='ltr'><strong>est</strong></span> <span class='ocrx_word' id='word_1_782' title='bbox 1380 2148 1387 2161; x_wconf 88' lang='lat'><strong>,</strong></span> <span class='ocrx_word' id='word_1_783' title='bbox 1418 2127 1484 2156; x_wconf 88' lang='lat' dir='ltr'><strong>Saul</strong></span> <span class='ocrx_word' id='word_1_784' title='bbox 1495 2133 1548 2161; x_wconf 87' lang='lat' dir='ltr'><strong>est,</strong></span> <span class='ocrx_word' id='word_1_785' title='bbox 1566 2136 1647 2163; x_wconf 85' lang='lat' dir='ltr'><strong>quem</strong></span> <span class='ocrx_word' id='word_1_786' title='bbox 1661 2129 1717 2164; x_wconf 89' lang='lat' dir='ltr'><strong>spi-</strong></span> 
     </span>
    </p>
   </div>
   <div class='ocr_carea' id='block_1_108' title="bbox 919 2173 1716 2209">
    <p class='ocr_par' dir='ltr' id='par_1_108' title="bbox 919 2173 1716 2209">
     <span class='ocr_line' id='line_1_108' title="bbox 919 2173 1716 2209; baseline 0 -9"><span class='ocrx_word' id='word_1_787' title='bbox 919 2175 989 2201; x_wconf 89' lang='lat' dir='ltr'><strong>ritus</strong></span> <span class='ocrx_word' id='word_1_788' title='bbox 1001 2181 1121 2208; x_wconf 86' lang='lat' dir='ltr'><strong>nequam</strong></span> <span class='ocrx_word' id='word_1_789' title='bbox 1133 2174 1281 2209; x_wconf 89' lang='lat' dir='ltr'><strong>opprimat,</strong></span> <span class='ocrx_word' id='word_1_790' title='bbox 1300 2174 1361 2209; x_wconf 87' lang='lat' dir='ltr'><strong>ejus</strong></span> <span class='ocrx_word' id='word_1_791' title='bbox 1373 2173 1422 2208; x_wconf 89' lang='lat' dir='ltr'><strong>qui</strong></span> <span class='ocrx_word' id='word_1_792' title='bbox 1437 2173 1542 2209; x_wconf 84' lang='lat' dir='ltr'><strong>majore</strong></span> <span class='ocrx_word' id='word_1_793' title='bbox 1556 2175 1716 2209; x_wconf 64' lang='lat' dir='ltr'><strong>praestantia</strong></span> 
     </span>
    </p>
   </div>
   <div class='ocr_carea' id='block_1_109' title="bbox 919 2218 1716 2247">
    <p class='ocr_par' dir='ltr' id='par_1_109' title="bbox 919 2218 1716 2247">
     <span class='ocr_line' id='line_1_109' title="bbox 919 2218 1716 2247; baseline 0 -1"><span class='ocrx_word' id='word_1_794' title='bbox 919 2219 1036 2247; x_wconf 79' lang='lat' dir='ltr'><strong>excellat</strong></span> <span class='ocrx_word' id='word_1_795' title='bbox 1057 2219 1169 2246; x_wconf 89' lang='lat' dir='ltr'><strong>virtutis</strong></span> <span class='ocrx_word' id='word_1_796' title='bbox 1182 2218 1268 2246; x_wconf 90' lang='lat' dir='ltr'><strong>decus</strong></span> <span class='ocrx_word' id='word_1_797' title='bbox 1283 2227 1315 2246; x_wconf 89' lang='lat' dir='ltr'><strong>ac</strong></span> <span class='ocrx_word' id='word_1_798' title='bbox 1326 2219 1450 2246; x_wconf 74' lang='lat' dir='ltr'><strong>scientiae</strong></span> <span class='ocrx_word' id='word_1_799' title='bbox 1462 2219 1622 2246; x_wconf 85' lang='lat' dir='ltr'><strong>felicitatem</strong></span> <span class='ocrx_word' id='word_1_800' title='bbox 1641 2219 1716 2246; x_wconf 88' lang='lat' dir='ltr'><strong>ferre</strong></span> 
     </span>
    </p>
   </div>
   <div class='ocr_carea' id='block_1_110' title="bbox 920 2264 1718 2300">
    <p class='ocr_par' dir='ltr' id='par_1_110' title="bbox 920 2264 1718 2300">
     <span class='ocr_line' id='line_1_110' title="bbox 920 2264 1718 2300; baseline -0.001 -8"><span class='ocrx_word' id='word_1_801' title='bbox 920 2272 975 2292; x_wconf 90' lang='lat' dir='ltr'><strong>non</strong></span> <span class='ocrx_word' id='word_1_802' title='bbox 987 2264 1097 2298; x_wconf 86' lang='lat' dir='ltr'><strong>valens;</strong></span> <span class='ocrx_word' id='word_1_803' title='bbox 1114 2264 1227 2299; x_wconf 60' lang='lat' dir='ltr'><strong>hmcque</strong></span> <span class='ocrx_word' id='word_1_804' title='bbox 1241 2264 1281 2291; x_wconf 92' lang='lat' dir='ltr'><strong>illi</strong></span> <span class='ocrx_word' id='word_1_805' title='bbox 1292 2264 1363 2292; x_wconf 88' lang='lat' dir='ltr'><strong>ratio</strong></span> <span class='ocrx_word' id='word_1_806' title='bbox 1378 2269 1409 2292; x_wconf 91' lang='lat' dir='ltr'><strong>ut</strong></span> <span class='ocrx_word' id='word_1_807' title='bbox 1421 2264 1517 2300; x_wconf 86' lang='lat' dir='ltr'><strong>majori</strong></span> <span class='ocrx_word' id='word_1_808' title='bbox 1530 2264 1718 2292; x_wconf 84' lang='lat' dir='ltr'><strong>feraturinsa-</strong></span> 
     </span>
    </p>
   </div>
   <div class='ocr_carea' id='block_1_111' title="bbox 919 2316 1715 2352">
    <p class='ocr_par' dir='ltr' id='par_1_111' title="bbox 919 2316 1715 2352">
     <span class='ocr_line' id='line_1_111' title="bbox 919 2316 1715 2352; baseline -0.001 -8"><span class='ocrx_word' id='word_1_809' title='bbox 919 2317 975 2349; x_wconf 88' lang='lat' dir='ltr'><strong>nia,</strong></span> <span class='ocrx_word' id='word_1_810' title='bbox 1004 2316 1078 2352; x_wconf 89' lang='lat' dir='ltr'><strong>quod</strong></span> <span class='ocrx_word' id='word_1_811' title='bbox 1102 2325 1166 2344; x_wconf 90' lang='lat' dir='ltr'><strong>eum</strong></span> <span class='ocrx_word' id='word_1_812' title='bbox 1193 2316 1347 2344; x_wconf 86' lang='lat' dir='ltr'><strong>demerenti</strong></span> <span class='ocrx_word' id='word_1_813' title='bbox 1366 2323 1463 2344; x_wconf 87' lang='lat' dir='ltr'><strong>necem</strong></span> <span class='ocrx_word' id='word_1_814' title='bbox 1486 2317 1636 2351; x_wconf 88' lang='lat' dir='ltr'><strong>importare</strong></span> <span class='ocrx_word' id='word_1_815' title='bbox 1660 2325 1715 2344; x_wconf 88' lang='lat' dir='ltr'><strong>non</strong></span> 
     </span>
    </p>
   </div>
   <div class='ocr_carea' id='block_1_112' title="bbox 919 2362 1714 2399">
    <p class='ocr_par' dir='ltr' id='par_1_112' title="bbox 919 2362 1714 2399">
     <span class='ocr_line' id='line_1_112' title="bbox 919 2362 1714 2399; baseline -0.001 -8"><span class='ocrx_word' id='word_1_816' title='bbox 919 2368 1010 2399; x_wconf 87' lang='lat' dir='ltr'><strong>potest</strong></span> <span class='ocrx_word' id='word_1_817' title='bbox 1018 2364 1051 2390; x_wconf 79' lang='lat'><strong>&quot;.</strong></span> <span class='ocrx_word' id='word_1_818' title='bbox 1080 2363 1185 2398; x_wconf 74' lang='lat' dir='ltr'><strong>Sazpius</strong></span> <span class='ocrx_word' id='word_1_819' title='bbox 1201 2370 1267 2390; x_wconf 81' lang='lat' dir='ltr'><strong>vero</strong></span> <span class='ocrx_word' id='word_1_820' title='bbox 1285 2362 1375 2397; x_wconf 86' lang='lat' dir='ltr'><strong>ipsum</strong></span> <span class='ocrx_word' id='word_1_821' title='bbox 1393 2369 1503 2397; x_wconf 86' lang='lat' dir='ltr'><strong>quoque</strong></span> <span class='ocrx_word' id='word_1_822' title='bbox 1521 2362 1714 2390; x_wconf 85' lang='lat' dir='ltr'><strong>charissimum</strong></span> 
     </span>
    </p>
   </div>
   <div class='ocr_carea' id='block_1_113' title="bbox 917 2408 1714 2444">
    <p class='ocr_par' dir='ltr' id='par_1_113' title="bbox 917 2408 1714 2444">
     <span class='ocr_line' id='line_1_113' title="bbox 917 2408 1714 2444; baseline -0.003 -6"><span class='ocrx_word' id='word_1_823' title='bbox 917 2410 1100 2438; x_wconf 80' lang='lat' dir='ltr'><strong>Jonathanem</strong></span> <span class='ocrx_word' id='word_1_824' title='bbox 1124 2410 1253 2437; x_wconf 88' lang='lat' dir='ltr'><strong>acerbius</strong></span> <span class='ocrx_word' id='word_1_825' title='bbox 1279 2408 1409 2444; x_wconf 85' lang='lat' dir='ltr'><strong>repellit,</strong></span> <span class='ocrx_word' id='word_1_826' title='bbox 1429 2409 1582 2436; x_wconf 85' lang='lat' dir='ltr'><strong>naturalem</strong></span> <span class='ocrx_word' id='word_1_827' title='bbox 1607 2409 1714 2436; x_wconf 83' lang='lat' dir='ltr'><strong>scilicet</strong></span> 
     </span>
    </p>
   </div>
   <div class='ocr_carea' id='block_1_114' title="bbox 918 2455 1713 2490">
    <p class='ocr_par' dir='ltr' id='par_1_114' title="bbox 918 2455 1713 2490">
     <span class='ocr_line' id='line_1_114' title="bbox 918 2455 1713 2490; baseline -0.003 -6"><span class='ocrx_word' id='word_1_828' title='bbox 918 2457 1095 2485; x_wconf 71' lang='lat' dir='ltr'><strong>conscientia:</strong></span> <span class='ocrx_word' id='word_1_829' title='bbox 1105 2457 1256 2489; x_wconf 85' lang='lat' dir='ltr'><strong>rationem;</strong></span> <span class='ocrx_word' id='word_1_830' title='bbox 1270 2463 1331 2490; x_wconf 84' lang='lat' dir='ltr'><strong>quae</strong></span> <span class='ocrx_word' id='word_1_831' title='bbox 1341 2455 1471 2482; x_wconf 88' lang='lat' dir='ltr'><strong>videlicet</strong></span> <span class='ocrx_word' id='word_1_832' title='bbox 1484 2455 1609 2490; x_wconf 87' lang='lat' dir='ltr'><strong>iniquum</strong></span> <span class='ocrx_word' id='word_1_833' title='bbox 1619 2456 1713 2482; x_wconf 89' lang='lat' dir='ltr'><strong>odium</strong></span> 
     </span>
    </p>
   </div>
   <div class='ocr_carea' id='block_1_115' title="bbox 918 2500 1716 2537">
    <p class='ocr_par' dir='ltr' id='par_1_115' title="bbox 918 2500 1716 2537">
     <span class='ocr_line' id='line_1_115' title="bbox 918 2500 1716 2537; baseline 0.001 -9"><span class='ocrx_word' id='word_1_834' title='bbox 918 2501 1113 2537; x_wconf 79' lang='lat' dir='ltr'><strong>reprehendat,</strong></span> <span class='ocrx_word' id='word_1_835' title='bbox 1133 2502 1248 2537; x_wconf 89' lang='lat' dir='ltr'><strong>ejusque</strong></span> <span class='ocrx_word' id='word_1_836' title='bbox 1275 2500 1322 2535; x_wconf 91' lang='lat' dir='ltr'><strong>qui</strong></span> <span class='ocrx_word' id='word_1_837' title='bbox 1339 2500 1404 2527; x_wconf 87' lang='lat' dir='ltr'><strong>odio</strong></span> <span class='ocrx_word' id='word_1_838' title='bbox 1417 2500 1537 2527; x_wconf 86' lang='lat' dir='ltr'><strong>habetur</strong></span> <span class='ocrx_word' id='word_1_839' title='bbox 1553 2501 1638 2528; x_wconf 89' lang='lat' dir='ltr'><strong>animi</strong></span> <span class='ocrx_word' id='word_1_840' title='bbox 1651 2509 1716 2529; x_wconf 92' lang='lat' dir='ltr'><strong>can-</strong></span> 
     </span>
    </p>
   </div>
   <div class='ocr_carea' id='block_1_116' title="bbox 919 2546 1714 2582">
    <p class='ocr_par' dir='ltr' id='par_1_116' title="bbox 919 2546 1714 2582">
     <span class='ocr_line' id='line_1_116' title="bbox 919 2546 1714 2582; baseline -0.003 -6"><span class='ocrx_word' id='word_1_841' title='bbox 919 2549 985 2576; x_wconf 86' lang='lat' dir='ltr'><strong>dore</strong></span> <span class='ocrx_word' id='word_1_842' title='bbox 1002 2547 1123 2575; x_wconf 81' lang='lat' dir='ltr'><strong>facinora</strong></span> <span class='ocrx_word' id='word_1_843' title='bbox 1140 2551 1223 2582; x_wconf 91' lang='lat' dir='ltr'><strong>atque</strong></span> <span class='ocrx_word' id='word_1_844' title='bbox 1238 2546 1357 2574; x_wconf 82' lang='lat' dir='ltr'><strong>virtutes</strong></span> <span class='ocrx_word' id='word_1_845' title='bbox 1370 2546 1521 2579; x_wconf 74' lang='lat' dir='ltr'><strong>referat“;</strong></span> <span class='ocrx_word' id='word_1_846' title='bbox 1541 2547 1618 2574; x_wconf 87' lang='lat' dir='ltr'><strong>velut</strong></span> <span class='ocrx_word' id='word_1_847' title='bbox 1632 2547 1714 2574; x_wconf 87' lang='lat' dir='ltr'><strong>etiam</strong></span> 
     </span>
    </p>
   </div>
   <div class='ocr_carea' id='block_1_117' title="bbox 918 2592 1715 2627">
    <p class='ocr_par' dir='ltr' id='par_1_117' title="bbox 918 2592 1715 2627">
     <span class='ocr_line' id='line_1_117' title="bbox 918 2592 1715 2627; baseline -0.004 -5"><span class='ocrx_word' id='word_1_848' title='bbox 918 2595 964 2622; x_wconf 84' lang='lat' dir='ltr'><strong>ille</strong></span> <span class='ocrx_word' id='word_1_849' title='bbox 979 2594 1093 2622; x_wconf 91' lang='lat' dir='ltr'><strong>demens</strong></span> <span class='ocrx_word' id='word_1_850' title='bbox 1109 2597 1244 2627; x_wconf 87' lang='lat' dir='ltr'><strong>vetusque</strong></span> <span class='ocrx_word' id='word_1_851' title='bbox 1257 2592 1320 2620; x_wconf 87' lang='lat' dir='ltr'><strong>Saul</strong></span> <span class='ocrx_word' id='word_1_852' title='bbox 1331 2613 1338 2625; x_wconf 91' lang='lat'><strong>,</strong></span> <span class='ocrx_word' id='word_1_853' title='bbox 1366 2592 1400 2619; x_wconf 89' lang='lat' dir='ltr'><strong>ad</strong></span> <span class='ocrx_word' id='word_1_854' title='bbox 1414 2600 1495 2627; x_wconf 88' lang='lat' dir='ltr'><strong>quem</strong></span> <span class='ocrx_word' id='word_1_855' title='bbox 1514 2592 1624 2620; x_wconf 87' lang='lat' dir='ltr'><strong>Samuel</strong></span> <span class='ocrx_word' id='word_1_856' title='bbox 1640 2593 1715 2620; x_wconf 90' lang='lat' dir='ltr'><strong>velut</strong></span> 
     </span>
    </p>
   </div>
   <div class='ocr_carea' id='block_1_118' title="bbox 919 2638 1713 2674">
    <p class='ocr_par' dir='ltr' id='par_1_118' title="bbox 919 2638 1713 2674">
     <span class='ocr_line' id='line_1_118' title="bbox 919 2638 1713 2674; baseline -0.004 -6"><span class='ocrx_word' id='word_1_857' title='bbox 919 2641 1013 2668; x_wconf 90' lang='lat' dir='ltr'><strong>divina</strong></span> <span class='ocrx_word' id='word_1_858' title='bbox 1028 2644 1232 2674; x_wconf 87' lang='lat' dir='ltr'><strong>transgressum</strong></span> <span class='ocrx_word' id='word_1_859' title='bbox 1245 2638 1373 2666; x_wconf 84' lang='lat' dir='ltr'><strong>mandata</strong></span> <span class='ocrx_word' id='word_1_860' title='bbox 1385 2647 1390 2665; x_wconf 89' lang='lat'>:</span> <span class='ocrx_word' id='word_1_861' title='bbox 1401 2638 1498 2671; x_wconf 78' lang='lat' dir='ltr'><strong>Stulte,</strong></span> <span class='ocrx_word' id='word_1_862' title='bbox 1513 2639 1613 2674; x_wconf 91' lang='lat' dir='ltr'><strong>inquit,</strong></span> <span class='ocrx_word' id='word_1_863' title='bbox 1628 2639 1713 2674; x_wconf 78' lang='lat' dir='ltr'><strong>egisti,</strong></span> 
     </span>
    </p>
   </div>
   <div class='ocr_carea' id='block_1_119' title="bbox 920 2683 1715 2721">
    <p class='ocr_par' dir='ltr' id='par_1_119' title="bbox 920 2683 1715 2721">
     <span class='ocr_line' id='line_1_119' title="bbox 920 2683 1715 2721; baseline -0.004 -9"><span class='ocrx_word' id='word_1_864' title='bbox 920 2687 964 2721; x_wconf 84' lang='lat' dir='ltr'><strong>qui</strong></span> <span class='ocrx_word' id='word_1_865' title='bbox 979 2691 1158 2720; x_wconf 72' lang='lat' dir='ltr'><strong>transgressus</strong></span> <span class='ocrx_word' id='word_1_866' title='bbox 1170 2692 1196 2710; x_wconf 81' lang='lat' dir='ltr'><strong>cs</strong></span> <span class='ocrx_word' id='word_1_867' title='bbox 1213 2683 1369 2710; x_wconf 83' lang='lat' dir='ltr'><strong>mandatum</strong></span> <span class='ocrx_word' id='word_1_868' title='bbox 1381 2692 1478 2716; x_wconf 85' lang='lat' dir='ltr'><strong>meum,</strong></span> <span class='ocrx_word' id='word_1_869' title='bbox 1496 2684 1563 2719; x_wconf 84' lang='lat' dir='ltr'><strong>quod</strong></span> <span class='ocrx_word' id='word_1_870' title='bbox 1579 2683 1715 2710; x_wconf 80' lang='lat' dir='ltr'><strong>mandauit</strong></span> 
     </span>
    </p>
   </div>
   <div class='ocr_carea' id='block_1_120' title="bbox 922 2729 1714 2765">
    <p class='ocr_par' dir='ltr' id='par_1_120' title="bbox 922 2729 1714 2765">
     <span class='ocr_line' id='line_1_120' title="bbox 922 2729 1714 2765; baseline -0.004 -6"><span class='ocrx_word' id='word_1_871' title='bbox 922 2732 967 2759; x_wconf 83' lang='lat' dir='ltr'><strong>tibi</strong></span> <span class='ocrx_word' id='word_1_872' title='bbox 985 2731 1095 2759; x_wconf 71' lang='lat' dir='ltr'><strong>Deus“.</strong></span> <span class='ocrx_word' id='word_1_873' title='bbox 1116 2730 1192 2762; x_wconf 88' lang='lat' dir='ltr'><strong>Saul,</strong></span> <span class='ocrx_word' id='word_1_874' title='bbox 1208 2729 1248 2757; x_wconf 90' lang='lat' dir='ltr'><strong>uti</strong></span> <span class='ocrx_word' id='word_1_875' title='bbox 1265 2729 1292 2756; x_wconf 89' lang='lat' dir='ltr'><strong>in</strong></span> <span class='ocrx_word' id='word_1_876' title='bbox 1306 2730 1498 2765; x_wconf 88' lang='lat' dir='ltr'><strong>superioribus</strong></span> <span class='ocrx_word' id='word_1_877' title='bbox 1513 2729 1649 2761; x_wconf 89' lang='lat' dir='ltr'><strong>dicebam,</strong></span> <span class='ocrx_word' id='word_1_878' title='bbox 1666 2733 1714 2756; x_wconf 87' lang='lat' dir='ltr'><strong>aut</strong></span> 
     </span>
    </p>
   </div>
   <div class='ocr_carea' id='block_1_121' title="bbox 1215 2829 1712 2866">
    <p class='ocr_par' dir='ltr' id='par_1_121' title="bbox 1215 2829 1712 2866">
     <span class='ocr_line' id='line_1_121' title="bbox 1215 2829 1712 2866; baseline -0.002 -8"><span class='ocrx_word' id='word_1_879' title='bbox 1215 2831 1237 2847; x_wconf 73' lang='grc'><strong>⁸⁸</strong></span> <span class='ocrx_word' id='word_1_880' title='bbox 1251 2831 1260 2858; x_wconf 96' lang='lat' dir='ltr'><strong>l</strong></span> <span class='ocrx_word' id='word_1_881' title='bbox 1276 2831 1342 2866; x_wconf 80' lang='lat' dir='ltr'><strong>Reg.</strong></span> <span class='ocrx_word' id='word_1_882' title='bbox 1362 2839 1417 2863; x_wconf 75' lang='lat' dir='ltr'><strong>xtx,</strong></span> <span class='ocrx_word' id='word_1_883' title='bbox 1433 2831 1449 2858; x_wconf 85' lang='lat'><strong>5</strong></span> <span class='ocrx_word' id='word_1_884' title='bbox 1462 2838 1539 2865; x_wconf 89' lang='lat' dir='ltr'><strong>seqq.</strong></span> <span class='ocrx_word' id='word_1_885' title='bbox 1579 2830 1602 2846; x_wconf 75' lang='grc'><strong>’⁷</strong></span> <span class='ocrx_word' id='word_1_886' title='bbox 1617 2829 1626 2857; x_wconf 94' lang='lat' dir='ltr'><strong>l</strong></span> <span class='ocrx_word' id='word_1_887' title='bbox 1644 2829 1712 2866; x_wconf 74' lang='lat' dir='ltr'><strong>Reg.</strong></span> 
     </span>
    </p>
   </div>
  </div>
