1933 3078
225 118 274 151 771

820 120 850 149 S.
871 120 1014 149 ΜΑΧΙΜΙ
1033 119 1287 150 CONFESSORIS

1804 121 1852 151 772

226 178 269 206 lex
284 177 386 212 scripta
402 180 458 210 est,
477 180 535 208 aut,
550 175 598 210 qui
615 183 648 203 ex
662 175 729 211 legis
741 176 850 210 scripta:
862 176 1017 203 rationibus

1071 176 1160 211 μένων
1193 176 1340 210 ἀφίσταται
1369 175 1398 201 τὸ
1424 174 1533 210 πνεῦμα
1564 175 1678 210 Κυρίου,
1701 175 1715 201 ὅ
1744 175 1812 202 ἐστιν
1837 177 1851 210 ἡ

227 223 311 250 vitam
325 221 454 254 instituit,
467 221 599 249 Iudaicus
611 221 740 256 populus.
755 221 796 248 Ab
806 221 932 256 utrisque
943 221 1019 248 enim

227 270 267 297 sic
292 273 402 295 terrene
429 267 481 294 sibi
504 271 602 294 mutuo
624 267 751 302 implexis
769 275 802 295 ac
816 267 1020 295 cohaerentibus

227 314 351 342 abscedit
375 312 490 348 spiritus
513 313 623 340 Domini
652 313 806 348 (spiritalis
822 314 930 341 scilicet
954 321 1019 348 spe-

227 361 330 387 culatio
355 363 383 386 et
406 359 541 395 scientia)
555 380 562 391 ,
595 359 757 394 invaditque
773 359 889 394 spiritus
901 367 1020 394 nequam

228 406 338 442 (nempe
355 410 482 433 terrenus
495 404 604 440 sensus)
622 404 728 432 crebris
742 405 886 437 nimirum,
902 404 1020 440 aliisque

227 453 294 479 alias
310 451 532 486 cxcipientibus,
561 459 655 478 rerum
670 455 734 478 ortu
751 451 921 486 interituque
935 451 1019 478 alter-

229 498 353 525 nantium
367 497 694 532 turbationibusjugique
705 497 851 532 vertigine,
864 497 1021 532 arreptitio—

229 551 289 570 rum
303 551 379 571 more
391 565 398 576 ,
425 544 511 570 animi
527 544 664 571 rationum
679 543 858 571 instabilitate
871 543 1018 571 suffocans.

228 589 298 616 Tum
311 589 385 616 enim
407 590 450 616 lex
467 594 576 616 terrcne
587 609 594 620 ,
622 597 655 616 ex
670 589 726 616 sola
741 589 841 616 litterae
854 589 962 617 ratione
976 590 1020 617 in-

230 635 349 667 tellecta,
362 634 536 669 arreptitium
549 635 644 667 refert,
657 642 688 662 ac
698 643 777 662 sacro
787 635 885 662 morbo
893 635 1022 663 laboran-

230 684 296 711 tem,
318 688 379 714 qum
393 680 532 707 sexcentis
544 681 664 715 jactetur
676 681 824 708 contrariis
838 681 949 716 sibique
962 681 1020 716 ipsa

230 726 299 753 nihil
316 726 493 759 consentiat;
526 730 584 752 tum
606 733 685 753 mens
709 726 843 754 .ludaicos
857 732 1021 755 consectans

230 778 322 798 mores
337 790 344 803 ,
378 770 502 797 instabili
526 774 701 798 terrenorum
718 770 923 799 eireumlationi
940 780 1012 799 erro-

231 817 309 852 rique
335 824 436 844 vesane
459 817 581 849 inhians,
609 816 699 844 eidem
720 825 830 852 quoque
854 818 1021 846 instabiliter

230 863 387 890 necessario
402 863 531 890 comitem
548 857 751 891 circumlationi
764 864 922 899 errorique,
934 865 1019 891 animi

230 908 404 935 aﬂ‘eetionem
420 908 513 935 habet.
543 908 588 940 At,
606 908 654 935 ubi
668 909 767 941 David,
784 917 848 936 vere
862 910 908 936 ille
922 914 1020 937 natura

230 954 365 987 musicus,
387 954 522 981 Dominus
539 958 634 981 noster
655 955 736 982 Jesus
747 955 876 982 Christus
888 976 895 987 ,
921 955 1021 990 spiritu

230 1000 353 1035 mystica:
366 999 610 1034 contemplationis
624 1000 712 1035 legem
726 1001 829 1035 pariter
840 1000 1021 1035 Judaeumque

231 1045 435 1078 ineantaverit;
455 1051 513 1072 tum
530 1045 603 1072 illam
619 1053 650 1072 ex
666 1050 775 1073 terrena
792 1046 942 1080 spiritalem
955 1045 1019 1072 red-

229 1091 279 1123 dit,
309 1095 366 1117 tum
384 1091 459 1118 hunc
477 1099 492 1117 a
506 1091 658 1118 difﬁdentia
671 1099 703 1118 ac
715 1091 909 1118 incredulitate
938 1091 971 1119 ad
987 1091 1019 1119 ﬁ-

229 1137 290 1163 dem
310 1136 440 1164 traducit.
476 1136 556 1171 295
585 1136 696 1164 Sanlem
714 1137 807 1172 itaque
834 1137 958 1164 moribus
975 1146 1019 1164 re-

230 1183 323 1210 ferunt
345 1183 388 1210 lex
411 1182 515 1217 pariter
541 1190 574 1209 ac
594 1183 727 1210 Judaicns
748 1183 885 1218 populus,
912 1188 940 1210 et
955 1191 1018 1211 cum

231 1230 349 1257 fanatico
376 1233 496 1264 aguntur
517 1229 636 1264 spiritu,
669 1234 694 1256 et
719 1237 782 1257 eum
809 1234 902 1256 mente
926 1230 1018 1257 sobria

1072 223 1246 258 πνευματικὴ
1273 221 1375 257 θεωρία
1401 221 1449 248 καὶ
1465 222 1482 256 ἡ
1505 221 1615 254 γνῶσις,
1647 222 1694 247 καὶ
1713 221 1851 255 ἐπέρχεται

1071 268 1181 303 πνεῦμα
1195 267 1313 303 πονηρὸν
1327 267 1472 300 (τουτέστι,
1490 267 1519 293 τὸ
1532 266 1624 293 ὑλικὸν
1638 267 1784 302 φρόνημα),
1799 268 1852 298 ταῖς

1072 313 1288 348 ἁλλεπαλλήλοις
1304 313 1358 340 τῶν
1389 313 1442 339 ὑπὸ
1465 313 1572 347 γένεσιν
1587 312 1635 338 καὶ
1655 312 1758 346 φθορὰν
1777 321 1852 347 ταρα-

1072 361 1133 396 χαῖς
1148 360 1195 387 καὶ
1213 359 1361 394 δινήσεσιν,
1373 359 1411 390 ὡς
1429 358 1596 394 ἐπιλήπτους
1618 359 1650 393 τῇ
1666 358 1791 394 τάστασία
1805 358 1852 384 τῶν

1070 406 1210 440 λογισμῶν
1228 399 1406 439 καταπνίγον.
1424 404 1458 431 Ὅ
1471 413 1500 430 τε
1516 404 1570 438 γὰρ
1587 404 1669 439 νόμος
1681 403 1780 438 χοῖκῶς
1792 403 1853 438 πρὸς

1073 451 1154 486 μόνον
1168 451 1198 478 τὸ
1215 451 1334 486 γράμμα
1346 450 1502 485 νοούμενος,
1515 449 1664 483 ἐπίληπτός
1679 449 1738 476 ἐστι
1750 449 1852 484 μυρίαις

1070 495 1232 531 δονούμενος
1254 495 1442 526 ὲναντιὼσεσι,
1467 495 1514 522 καὶ
1537 495 1672 530 μηδεμίαν
1695 494 1764 529 ἔχων
1792 495 1853 529 πρὸς

1071 542 1168 569 ἑαυτὸν
1184 542 1356 577 συμφωνίαν·
1375 542 1388 568 ὅ
1399 550 1428 568 τε
1445 541 1600 574 ’ἰουδατξων
1619 541 1692 573 νοῦς,
1703 542 1736 576 τῇ
1750 542 1854 575 ὰστάτῳ

1072 589 1210 625 περιφορᾷ
1230 589 1284 615 τῶν
1304 588 1405 615 ὑλικῶν
1429 588 1654 624 ὲπιμαινόμενος,
1681 588 1807 619 ἀστὰτως
1829 587 1854 618 ἐξ

1071 635 1194 671 ἀνάγκης
1211 635 1259 662 καὶ
1270 635 1351 667 αὐτὸς
1366 634 1416 671 τὴν
1434 634 1538 662 οἰκείαν
1563 634 1854 669 συμμεταϐαλλομένην

1071 681 1128 717 ἔχει
1145 681 1275 709 διάθεσιν.
1301 680 1435 715 Ὀπηνίκα
1464 680 1491 707 δὲ
1508 680 1601 711 Δαΰὶδ,
1618 681 1632 706 6
1654 681 1715 706 κατ’
1730 679 1853 715 ἀλήθειαν

1071 728 1154 763 φύσει
1173 727 1313 763 μουσικὸς,
1325 728 1340 753 6
1354 727 1457 762 Κύριος
1471 726 1552 762 ἡμῶν
1573 725 1685 761 Ἰησοῦς,
1707 726 1805 761 ὲπᾴσει
1821 725 1854 760 τῷ

1072 774 1208 809 πνεύματι
1224 774 1273 809 τῆς
1290 774 1424 808 μυστικῆς
1441 772 1569 808 Θεωρίας,
1586 772 1633 799 τόν
1649 781 1678 799 τε
1701 772 1793 807 νόμον,
1814 772 1855 799 καὶ

1071 820 1117 846 τὸν
1136 819 1277 846 Ὶουδαῖον’
1304 818 1350 845 τὸν
1366 818 1414 853 μὲν
1431 818 1492 844 ἀντὶ
1511 816 1603 852 χοϊκοῦ
1619 818 1691 844 ποιεῖ
1709 826 1854 852 πνευματι-

1071 865 1134 892 κόν·
1150 865 1197 892 τὸν
1213 865 1241 892 δὲ
1253 864 1371 900 μετάγει]
1384 864 1452 900 προς
1467 863 1559 890 πίστιν
1579 863 1609 896 ἐξ
1623 863 1855 895 ἀπιστίας.Ἔσ-ξιν

1072 909 1118 938 οὖν
1135 910 1207 938 κατὰ
1218 911 1263 937 τὸν
1274 910 1372 943 Σαοὺλ,
1390 910 1404 936 ὃ
1416 918 1446 936 τε
1461 909 1553 945 νόμος,
1565 909 1612 936 καὶ
1625 910 1639 936 6
1652 909 1705 935 τῶν
1725 908 1855 935 Ἰουδαίων

1072 957 1146 989 λαὸς,
1163 957 1209 984 καὶ
1225 956 1371 992 ἐπίληπτος
1398 956 1445 982 καὶ
1466 955 1592 990 σώφρων.
1624 954 1790 989 Ἐπίληπτος
1807 954 1855 989 γὰρ

1072 1003 1086 1029 6
1100 1003 1181 1037 νόμος
1191 1002 1275 1033 ἐστὶν,
1293 1002 1331 1033 ὼς
1352 1001 1432 1036 ἔφην,
1447 1001 1548 1036 χοῖκῶς
1572 1001 1782 1035 λαμὸανόμενος
1792 1009 1798 1015 ο
1815 999 1855 1026 καὶ

1072 1049 1222 1084 ἐπίληπτος
1236 1050 1250 1075 6
1270 1048 1395 1080 Ἰουδαῖός
1409 1049 1476 1080 ἐστι,
1489 1047 1589 1082 χοῐκῶς
1600 1047 1639 1082 τῷ
1648 1047 1707 1082 Θεῷ
1719 1046 1855 1082 λατρεύειν

1074 1093 1235 1128 βουλόμενος
1248 1102 1254 1108 ·
1280 1093 1328 1119 καὶ
1343 1093 1424 1119 πάλιν
1439 1092 1556 1127 σώφρων
1568 1093 1582 1118 6
1599 1092 1681 1127 νόμος
1696 1093 1768 1124 ἐστὶ,
1783 1099 1855 1117 πνευ-

1074 1139 1197 1174 ματικῶς
1211 1138 1270 1166 νοού
1275 1147 1370 1174 μενος·
1383 1139 1430 1165 καὶ
1439 1140 1453 1165 6
1468 1138 1593 1170 Ἰουδαῖος
1603 1138 1735 1169 ὡσαύτως
1749 1138 1854 1173 σώφρων

1073 1186 1157 1217 ἐστὶν,
1171 1186 1203 1212 ἐκ
1216 1185 1266 1220 τῆς
1276 1185 1447 1220 θσωματικῆς
1464 1184 1591 1219 λατρείας
1608 1184 1654 1210 ἐπὶ
1670 1183 1720 1219 τὴν
1745 1191 1855 1218 πνευμα-

1072 1231 1152 1265 τικὴν
1165 1230 1211 1257 τοῦ
1224 1230 1291 1257 Θεοῦ
1310 1229 1459 1265 θεραπείαν
1477 1230 1708 1264 μεταφερόμενος.

231 1279 304 1302 sunt.
318 1275 447 1302 Fanatico
464 1275 538 1301 enim
550 1275 593 1301 lex
605 1274 698 1302 furore
715 1275 816 1310 agitur,
827 1275 867 1302 uti
883 1276 1020 1311 dicebam,
1041 1285 1103 1304 eum
1141 1282 1249 1304 terreno
1263 1284 1344 1304 sensu
1375 1276 1529 1311 accipitur;
1559 1275 1727 1310 Jtldazusque
1743 1274 1855 1310 arrepti-

231 1320 286 1347 tius
307 1324 349 1346 est
376 1325 404 1347 et
424 1319 561 1347 fanaticus
575 1340 581 1352 ,
614 1320 661 1355 qui
681 1320 765 1347 Deum
801 1325 912 1348 terreno
940 1329 1024 1349 sensu
1045 1323 1135 1349 colere
1152 1323 1180 1349 in
1193 1322 1316 1349 animum
1331 1321 1447 1349 inducit.
1464 1321 1502 1348 Ac
1513 1328 1610 1348 rursus
1629 1321 1671 1347 lex
1693 1320 1787 1347 sobria
1808 1324 1854 1349 est,

230 1374 292 1401 quae
311 1366 474 1400 spiritaliter
491 1366 686 1401 intelligatur;
718 1372 800 1401 atque
832 1367 944 1395 Judteus
976 1367 1104 1396 similiter
1125 1369 1236 1396 sobrius
1257 1387 1264 1399 .
1283 1368 1331 1402 qui
1366 1375 1381 1395 a
1399 1367 1535 1403 corporali
1549 1367 1625 1394 cultu
1643 1365 1677 1393 ad
1707 1366 1855 1400 spiritalem

231 1411 279 1438 Dei
292 1411 397 1437 cultum
411 1411 586 1438 traducatur.

265 1456 353 1483 Porro
370 1461 399 1483 et
412 1456 486 1483 istud
500 1456 721 1489 observandum,
741 1457 899 1485 interﬁcere
912 1458 1019 1485 Saulem

1110 1458 1283 1492 Σημειωτέον
1293 1458 1330 1490 δὲ,
1340 1458 1380 1484 ὅτι
1390 1457 1452 1488 τοὺς
1464 1455 1516 1483 ὑπὸ
1533 1454 1620 1490 Ἰησοῦ
1631 1454 1855 1490 διασωζομένους,

231 1509 301 1536 quos
319 1501 399 1529 Jesus
419 1506 512 1529 servet
532 1502 654 1536 velitque
669 1503 831 1530 incolumes.
860 1503 935 1537 Quos
947 1505 1021 1531 enim

232 1547 382 1582 Scriptura:
402 1548 517 1582 spiritus
535 1548 675 1581 vindicat,
701 1549 800 1577 litterae
821 1554 1020 1585 comparatum,

232 1598 262 1620 ut
278 1593 429 1620 interimat.
448 1593 553 1621 Idcirco
572 1595 642 1621 hanc
657 1595 766 1630 (nempe
779 1595 867 1630 legem
877 1595 1019 1631 scriptam)

232 1639 348 1674 poenitet
380 1640 465 1667 Deum
492 1640 520 1666 in
544 1641 652 1668 lsraelis
673 1649 764 1676 regem
786 1642 942 1674 inunxisse,
961 1651 1021 1678 quae

231 1693 246 1712 a
272 1685 374 1712 Jndzeis
400 1686 549 1713 carnaliter
570 1686 745 1721 accipiatur;
778 1687 880 1722 datque
905 1688 1020 1722 Spiritui

233 1730 309 1765 regni
326 1734 505 1764 potestatem.
525 1730 572 1765 qui
590 1731 688 1758 litterae
702 1732 845 1766 proximus
861 1740 947 1767 eaque
966 1741 1022 1760 me-

232 1776 287 1803 lior
299 1776 399 1808 sit._El
411 1776 488 1809 dabo,
503 1777 605 1811 inquit,
621 1785 729 1812 regnum
742 1779 861 1812 proximo
874 1783 928 1810 tuo,
942 1779 986 1813 qui
998 1783 1022 1805 le

234 1822 325 1849 melior
336 1821 409 1848 sit”.
428 1821 666 1854 Quemadmodum
678 1823 751 1850 enim
765 1823 848 1850 David
861 1823 950 1851 Saulis
959 1832 1021 1859 pro-

233 1867 321 1894 ximus
332 1871 392 1894 erat
404 1887 411 1899 ,
440 1867 480 1894 sic
492 1875 604 1902 quoque
617 1868 684 1896 scite
700 1868 822 1903 Spiritus
839 1869 940 1896 litterae
952 1869 1021 1904 legis

231 1914 376 1949 adjunctus
387 1919 448 1946 est;
479 1914 582 1949 quippe
599 1914 643 1941 cui
662 1917 692 1941 ut
708 1918 771 1949 post
785 1919 901 1942 mortem
920 1915 1020 1943 litter:e

231 1959 394 1986 inelarescat
409 1966 442 1986 ex
455 1959 537 1994 genio
549 1963 602 1987 est.

266 2053 352 2088 Igitur
380 2061 429 2080 nos
446 2062 555 2089 quoque
576 2053 728 2089 spiritalem
740 2055 871 2083 Davidem
887 2056 1019 2084 obsecre-

231 2107 292 2126 mus
303 2119 310 2132 ,
342 2103 372 2126 ut
394 2099 527 2133 spiritalis
539 2101 780 2135 contemplationis
801 2109 833 2128 ac
846 2102 968 2129 scientiae
979 2102 1018 2128 ci-

1073 1504 1218 1531 ἁποκτένει
1234 1503 1332 1531 Σαούλ.
1350 1503 1405 1534 Οὓς
1430 1502 1485 1538 γὰρ
1505 1502 1692 1536 περιποιεῖται
1707 1501 1738 1527 τὸ
1752 1501 1856 1535 πνεῦμα

1071 1548 1122 1583 τῆς
1150 1549 1272 1583 Γραφῆς,
1291 1547 1450 1575 ὰπηκτένειν
1474 1547 1504 1573 τὸ
1526 1546 1643 1582 γράμμα
1669 1546 1779 1580 πέφυκε
1793 1567 1801 1573 .
1816 1546 1857 1572 Arb

1071 1594 1176 1627 τοῦτον,
1199 1594 1270 1627 λέγω
1293 1593 1325 1629 δὴ
1348 1593 1392 1620 τὸν
1407 1593 1530 1629 γραπτὸν
1551 1592 1644 1627 νόμον,
1666 1592 1857 1627 μεταμελεῖται

1072 1639 1169 1675 χρίσας
1185 1639 1336 1674 βασιλεύειν
1350 1638 1396 1665 τοῦ
1415 1638 1523 1674 Ἰσραὴλ
1537 1639 1551 1664 6
1565 1638 1641 1669 Θεὸς,
1655 1638 1707 1664 ὑπὸ
1726 1637 1856 1664 Ἰουδαίων

1073 1685 1212 1720 σαρκικῶς
1239 1684 1453 1719 λαμὸανόμενον,
1480 1684 1526 1710 καὶ
1547 1683 1639 1710 δίδωσι
1659 1683 1698 1718 τῷ
1723 1684 1856 1719 πνεύματι

1071 1733 1102 1758 τὸ
1114 1733 1213 1768 κράτος
1226 1732 1275 1766 τῆς
1285 1731 1433 1766 βασιλείας,
1448 1731 1487 1766 τῷ
1496 1730 1608 1765 πλησίον
1621 1730 1667 1756 τοῦ
1683 1730 1855 1766 γράμματος,

1072 1779 1120 1805 καὶ
1138 1778 1233 1813 ἀγαθῷ
1249 1778 1318 1812 ὑπὲρ
1333 1777 1363 1804 τὸ
1382 1777 1510 1812 γράμμα.
1529 1776 1581 1803 Καὶ
1597 1776 1692 1807 δώσω,
1707 1777 1787 1810 φησὶ,
1805 1777 1856 1809 τὴν

1068 1824 1235 1855 ,βασιλείαν
1251 1822 1290 1855 τῷ
1312 1823 1446 1856 πλησίον
1464 1830 1523 1849 σου
1544 1821 1583 1853 τῷ
1603 1821 1703 1855 ἀγαθῷ
1720 1822 1798 1855 ὑπὲρ
1813 1821 1854 1847 σέ.

1071 1869 1171 1901 Καθὼς
1198 1869 1254 1905 γὰρ
1280 1870 1294 1896 6
1312 1869 1394 1895 Δαϐὶδ
1419 1867 1453 1904 ἦν
1469 1868 1583 1902 πλησίον
1603 1867 1650 1894 τοῦ
1678 1868 1777 1900 Σαοὺλ,
1791 1867 1856 1894 οὕτω

1070 1915 1109 1949 τῷ
1123 1916 1268 1950 γράμματι
1280 1914 1327 1941 τοῦ
1340 1915 1423 1949 νόμου
1444 1914 1473 1940 τὺ
1493 1913 1604 1947 πνεῦμα
1629 1913 1719 1948 σοφῶς
1736 1913 1856 1949 παραπέ-

1071 1967 1159 1994 πηγεν
1173 1966 1179 1972 ·
1202 1959 1271 1994 ὅπερ
1287 1959 1356 1993 μετὰ
1371 1959 1415 1984 τὸν
1431 1958 1545 1986 θάνατον
1563 1958 1609 1984 τοῦ
1630 1958 1796 1994 γράμματος
1813 1958 1856 1984 πέ-

1071 2010 1141 2036 φυκε
1154 2002 1341 2035 διαφαίνεσθαι
1356 2001 1425 2037 (66).
1531 2002 1538 2005 “
1771 2031 1781 2041 .

1063 2041 1071 2048 ’
1107 2048 1347 2083 Παρακαλέσωμεν
1372 2045 1418 2073 οὖν
1448 2047 1496 2074 καὶ
1517 2048 1597 2082 ἡμεῖς
1631 2047 1677 2073 τὸν
1693 2048 1790 2082 νοητὸν
1807 2048 1854 2074 Δα-

1071 2093 1113 2120 6¹ιδ
1124 2094 1191 2129 (67),
1208 2094 1343 2128 ὲπηχῆσαι
1357 2095 1389 2129 τῇ
1399 2092 1501 2128 κιθάρᾳ.
1514 2093 1564 2126 τῆς
1581 2094 1774 2128 πνευματικῆς
1789 2093 1852 2119 θεωε

232 2146 309 2172 thara
327 2149 500 2172 terrenarum
522 2145 623 2172 allecto
650 2146 773 2174 lanatiere
795 2148 898 2174 mentis
921 2151 1019 2174 nostrae

1074 2140 1134 2175 ρίας
1148 2139 1194 2166 καὶ
1208 2139 1335 2173 γνώσεως
1360 2139 1608 2174 ὲπιληπτευόμενον
1621 2140 1677 2170 τοῖς
1694 2139 1800 2171 ὑλικοῖς
1814 2138 1854 2164 τὸν

230 2190 344 2217 auribus
356 2190 474 2222 (recinat,
489 2198 521 2217 ac
535 2191 664 2225 spiritum
677 2199 795 2226 nequam
810 2196 926 2219 terrena:
938 2201 1018 2219 sensu

231 2243 291 2262 sese
305 2235 495 2262 collidentium
512 2244 625 2263 casuum
639 2237 782 2264 varietatis
800 2238 909 2272 abigat;
940 2242 970 2264 ut
983 2239 1020 2265 ita

230 2281 394 2316 spiritaliter
420 2281 507 2316 legem
533 2282 686 2318 intelligere
701 2304 708 2316 ,
737 2284 821 2318 inque
839 2292 871 2311 ea
889 2285 1021 2312 latentem

230 2327 373 2363 mysticam
400 2328 533 2354 rationem
561 2328 703 2356 oﬂ‘endere
718 2350 725 2362 ,
751 2337 783 2356 ac
800 2330 874 2364 quod
896 2330 962 2356 satis
984 2330 1020 2356 sit

230 2373 256 2400 in
275 2373 338 2401 vitae
352 2377 462 2400 :cterna:
473 2373 604 2401 viaticum
620 2382 782 2409 comparare
796 2375 953 2408 valeamus;
983 2383 1018 2403 ne

230 2423 326 2446 mutuo
339 2423 479 2453 acceptam
491 2420 519 2445 in
530 2419 621 2446 littera
634 2419 811 2455 symbolicam
823 2420 909 2455 legem
919 2420 1020 2447 habea-

229 2471 300 2495 mus,
315 2464 362 2498 qni
377 2463 494 2491 scientia
506 2464 601 2498 gratia:
615 2464 642 2491 in
655 2465 754 2499 spiritu
766 2466 845 2500 egeni
858 2473 1018 2498 careamus;

229 2508 369 2542 solaturque
378 2528 385 2540 ,
413 2513 444 2535 ut
458 2509 546 2535 oculis
557 2509 628 2544 capti
639 2531 645 2543 ,
672 2510 706 2537 de
719 2510 821 2538 divinis
834 2511 1021 2546 percontatio-

230 2560 292 2579 nem
305 2553 429 2580 colamus
439 2573 446 2585 ,
475 2554 528 2581 hoc
540 2554 647 2582 scilicet
660 2555 786 2582 destituti
804 2560 833 2583 ut
848 2556 1019 2583 lucidissime

230 2606 294 2624 vere.
315 2605 427 2633 aspectu
457 2600 567 2635 eloquia
590 2601 681 2628 divina
703 2609 796 2628 coram
814 2603 1018 2629 nanciscamur.

231 2643 318 2670 Ambo
338 2645 412 2670 enim
438 2645 502 2672 Saul
524 2646 646 2679 dicitur,
677 2647 699 2674 si
719 2649 746 2673 in
761 2651 883 2674 nostram
897 2647 1017 2683 linguam

233 2687 414 2714 transferatur
430 2697 435 2715 ε
449 2697 522 2721 nam,
541 2696 639 2724 praeter
651 2699 683 2718 ea
696 2700 757 2726 qme
768 2692 841 2718 dicta
851 2696 926 2723 sunt,
939 2691 961 2718 si
971 2699 1020 2718 n0-

231 2740 292 2760 men
321 2733 529 2768 interpreteris,
558 2736 692 2770 [attonitus
717 2741 759 2764 est
784 2746 815 2764 ac
839 2737 1019 2772 percontatio;

263 2822 309 2850 "l
323 2823 390 2858 Reg.
405 2831 448 2856 xw,
464 2823 510 2852 ‘23.

1072 2185 1205 2220 ἡμέτερον
1217 2184 1288 2216 νοῦν,
1305 2184 1351 2210 καὶ
1366 2184 1502 2211 ἀπελάσαι
1518 2184 1547 2209 τὸ
1562 2183 1679 2218 πονηρὸν
1691 2184 1803 2219 πνεῦμα
1810 2183 1854 2216 τῆς

1072 2231 1141 2266 προς
1169 2230 1296 2265 αἴσθησιν
1320 2230 1417 2264 ὑλικῆς
1439 2230 1627 2265 περιπετείας,
1643 2230 1687 2256 ἵνα
1701 2230 1854 2265 δυνηθῶμεν

1072 2278 1167 2311 νοῆσαι
1182 2277 1323 2313 τὸννόμον
1340 2277 1546 2312 πνευματικῶς,
1563 2278 1609 2303 καὶ
1624 2276 1670 2303 τὸν
1687 2278 1715 2303 ὲν
1732 2276 1804 2311 αὐτῷ
1816 2284 1855 2301 κε-

1074 2323 1230 2358 κρυμμένον
1245 2323 1376 2358 μυστικὸν
1395 2323 1474 2357 λόγον
1489 2324 1590 2358 εὑρεῖν,
1609 2323 1657 2349 καὶ
1673 2323 1768 2357 κτῆμα
1784 2321 1854 2355 ποιή-

1074 2369 1170 2396 σασοαι
1183 2369 1292 2405 διαρκὲς
1310 2368 1378 2404 πρὸς
1393 2369 1498 2403 ἐφόδιον
1514 2368 1601 2395 ἀϊδίου
1620 2367 1692 2402 ζωῆς
1707 2376 1713 2382 ·
1734 2369 1806 2399 ὅπως
1821 2366 1854 2401 μὴ

1073 2414 1117 2440 τὸν
1127 2414 1331 2449 δεδανεισμένον
1347 2415 1375 2440 ἐν
1399 2414 1544 2450 γράμματι
1563 2413 1729 2448 συμϐολικὸν
1753 2414 1853 2448 ἔχωμεν

1074 2459 1156 2493 νόμον
1169 2458 1235 2494 (68),
1249 2458 1416 2494 ἀποροῦντες
1429 2459 1478 2493 τῆς
1494 2459 1566 2485 κατὰ
1582 2459 1662 2494 χάριν
1677 2459 1707 2484 ὲν
1725 2458 1851 2491 πνεύματι

1073 2505 1200 2539 γνώσεως
1211 2513 1218 2519 ·
1236 2506 1283 2532 καὶ
1301 2505 1386 2540 μόνην
1405 2505 1575 2540 στέργωμεν,
1591 2505 1630 2536 ὡς
1651 2504 1689 2539 μὴ
1703 2504 1852 2539 βλέποντες,

1072 2551 1121 2586 τὴν
1138 2551 1202 2586 περὶ
1217 2551 1271 2577 τῶν
1287 2551 1366 2577 θείων
1386 2550 1532 2586 ἐρώτησιν,
1548 2550 1728 2585 ἐστερημένοι
1743 2551 1792 2584 τῆς
1804 2549 1854 2574 τῶν

1075 2598 1213 2634 μυστικῶν
1231 2599 1328 2633 λογίων
1341 2599 1401 2625 κατ’
1415 2598 1542 2633 ἀλήθειαν
1552 2598 1700 2632 παμφαοῦς
1717 2596 1852 2631 αὑτοᾲίας.

1075 2646 1175 2680 ’Ἄμφω
1190 2646 1244 2680 γὰρ
1263 2645 1371 2679 λέγεται
1396 2645 1493 2677 Σαοὺλ,
1515 2645 1582 2680 πρὸς
1600 2645 1650 2678 τὴν
1673 2644 1787 2670 Ἐλλάδα
1802 2651 1854 2677 qu)-

1073 2690 1120 2725 νὴν
1149 2691 1377 2726 μεταφερόμενος,
1400 2689 1595 2725 Ἐρμηνεύεται
1625 2689 1680 2724 γὰρ
1706 2689 1775 2724 πρὸς
1803 2688 1855 2718 τοϊς

1074 2736 1238 2771 εἰρημένοις,
1252 2737 1298 2763 καὶ
1307 2735 1547 2769 δεδανεισμένος,
1557 2735 1603 2762 καὶ
1612 2735 1758 2769 ἐρώτησις
1769 2743 1776 2750 σ
1789 2734 1854 2767 ἅπερ

1912 85 1914 216 ί
