1933 3078
116 136 169 168 773

644 128 888 166 QUIESTIONES
907 129 957 158 AD
976 129 1230 160 TIIALASSIUM.
1274 147 1277 152 -

1691 134 1745 167 ττι

116 193 150 228 δὴ
175 191 223 218 καὶ
240 191 255 216 ὸ
276 189 400 225 γραπτδς
424 189 553 224 ὑπάρχων
577 187 730 222 καθέστηκε
754 186 835 222 νόμος
849 194 855 201 ·
871 185 901 212 τὸ

960 194 1014 220 qua:
1025 193 1090 213 sane
1101 187 1184 214 etiam
1194 187 1238 214 lex
1248 187 1349 222 scripta
1360 188 1479 216 exsistit.
1490 188 1614 217 Alterum
1621 189 1744 225 quidem,

118 238 180 273 μὲν,
204 237 242 268 ὡς
257 236 294 271 μὴ
313 236 479 262 οἰκειότατον
492 234 525 270 (ι’)
548 234 642 270 κτῆμα
662 234 710 268 τῆς
727 232 845 267 φύσεως,
860 231 907 258 κα)⁴

116 284 151 318 τῇ
164 282 224 309 κατ’
234 281 319 316 αὐτὴν
331 280 447 315 ὑπάρξει
458 279 596 311 παντελῶς
608 277 904 314 συμπαρατεινόμενος·

115 328 148 355 τδ
170 328 210 360 δὲ,
228 328 266 359 ὡς
280 327 346 361 περὶ
363 325 465 360 γνῶσιν
480 325 567 361 ἀληθῆ
588 324 671 352 κινῶν
684 325 757 360 ἡμᾶς
772 324 819 350 καὶ
830 331 907 358 πρω-

115 374 234 400 τότυπον
249 372 355 407 σοφίαν,
365 371 428 403 τοὺς
438 372 475 407 μὴ
485 371 644 407 νομίζοντας
654 369 703 406 τὴν
715 369 803 405 ἐρώτη
808 378 848 396 σιν
859 378 907 396 κα-

115 417 236 452 τάληψιν
244 415 313 444 εἶναι
322 418 370 452 τῆς
382 416 551 452 ζητουμένης
564 416 618 443 τῶν
629 415 708 443 θείων
716 414 885 451 ἀρχετυπίας
895 422 904 430 ⁶

115 465 186 491 ἀλλά
202 463 282 499 μόνον
292 463 335 490 διὰ
352 463 408 490 τῶν
421 464 449 490 ὲν
461 464 537 498 νόμῳ
564 461 730 497 σωματικῶν
753 460 905 496 συμϐόλων,

115 511 155 542 ὡς
168 510 202 536 δι’
217 509 378 545 ὲρωτήσεώς
394 517 467 540 τινος
482 509 550 544 πρὸς
569 507 618 543 τὴν
629 507 682 534 τῶν
696 507 776 534 θείων
790 507 902 541 ἀγαθῶν

115 556 316 591 ἐπειγομένους
330 554 486 590 κατάληψιν
498 562 506 570 ο
521 553 566 580 ῐνα
580 552 750 588 παυσώμεθα
769 553 818 588 τῆς
835 553 906 579 κατὰ

115 601 168 637 τὴν
191 600 325 637 ἐρώτησιν
346 600 486 635 φροντίδος
503 600 543 636 (ὲν
591 600 671 635 τυχόν
689 599 748 626 ἐστι
776 599 906 631 πολλάκις

116 647 165 673 καὶ
180 646 311 681 πλάνησις
329 646 397 682 [67],
413 647 442 673 ἐν
465 648 498 682 τῇ
522 646 577 672 τῶν
601 645 774 681 ζητουμένων
791 645 906 681 ἀληθείᾳ

116 692 270 728 γενόμενοι,
284 692 332 718 καὶ
346 691 396 726 τῆς
414 691 504 718 αὐτῶν
524 691 755 727 μεταποιηθῶμεν
770 690 904 726 μακαριό-

115 745 208 772 τητος,
227 736 395 772 φαινομένης
411 737 440 762 ἐν
465 736 532 771 ήμίν
555 735 742 766 ἀναλλοιώτως
766 734 837 762 κατά
854 734 905 770 τὴν

118 783 229 818 μέθεξιν
244 782 309 819 (70),
326 783 373 809 καὶ
385 782 415 808 τὸ
431 781 490 808 κατ’
500 781 584 816 αὐτὴν
599 779 667 814 εἶδος
682 782 732 816 τῆς
743 781 759 816 ἠ
764 780 822 816 μῶν
833 779 904 814 γνώ⁸

117 838 206 864 ρισμα
221 828 386 864 ποιουμένης
403 827 546 863 ὑπάρξεως
560 835 567 842 ·
584 827 613 852 ὲν
628 825 740 862 Χριστῷ
765 826 851 861 Ἰησοῦ
866 824 904 860 τῷ

113 875 180 910 Θεῷ
199 875 247 902 καὶ
269 863 376 910 Σωτῆρι
393 873 484 909 ἡμῶν,
502 869 523 907 ᾧ
537 873 554 908 ἡ
576 872 639 905 δόξα
662 873 701 904 είς
711 872 775 904 τοὺς
791 871 902 902 αίῶνας.
920 863 941 890 Β

123 921 223 956 Ἀμήν,

451 1016 588 1045 ΣΧΟΛΙΛ.

154 1069 190 1092 α’.
210 1065 282 1097 Νοῦς
302 1065 342 1096 είς
356 1065 440 1100 ἀκρον
461 1063 506 1090 διά
527 1064 582 1089 τῶν
611 1062 716 1098 ἀρετῶν
740 1061 906 1097 καθαιρόμε-

111 1120 174 1144 νος,
184 1111 246 1142 τοὺς
259 1110 313 1137 τῶν
332 1109 436 1144 ἀρετῶν
462 1109 585 1143 πέφυκεν
609 1109 722 1140 εἰκότως
748 1108 906 1134 ἐκδιδάσκε-

116 1157 182 1184 σθαι
193 1157 288 1191 λόγους
301 1165 307 1172 ·
323 1156 373 1191 τὴν
387 1155 416 1188 ἐξ
433 1154 524 1181 αὐτῶν
541 1154 660 1186 θειωδῶς
678 1153 906 1189 χαρακτηρισθεῖ-

116 1212 170 1230 σαν
198 1202 310 1236 γνῶσιν,
335 1202 436 1228 οἰκεῖον
468 1200 632 1235 ποιούμενος
655 1200 813 1235 πρόσωπον.
834 1198 904 1226 Καθ’

115 1249 214 1276 ἑαυτὸν
241 1248 295 1284 γὰρ
318 1247 438 1284 ἀνείδεός
461 1255 491 1273 τε
519 1247 568 1273 καὶ
590 1246 828 1282 ἀχαρακτήριστος
851 1245 906 1277 πᾶς

116 1295 272 1329 καθέστηκε
282 1283 371 1326 ννοῦςξ
380 1293 486 1329 μορφὴν
508 1292 577 1327 ἔχων
606 1291 762 1326 ἐπίκτητον,
776 1291 792 1326 ἢ
808 1291 857 1326 τὴν
873 1293 906 1318 ὲκ

114 1341 173 1367 τῶν
186 1339 291 1375 ἀρετῶν
316 1339 473 1365 ὑποστᾶσαν
493 1339 522 1364 ὲν
549 1337 685 1372 πνεύματι
699 1336 811 1371 γνῶσιν,
828 1337 905 1372 ἢτὴν

115 1388 152 1414 ἐκ
163 1386 219 1413 τῶν
234 1385 328 1412 παθῶν
348 1383 599 1418 ὲπισυμϐαινουσαν
622 1383 744 1416 ἄγνοιαν.

160 1432 192 1467 β’.
214 1432 242 1458 '0
254 1431 302 1467 τὴν
315 1430 361 1458 νοῦ
380 1430 486 1466 μορφὴν
497 1429 546 1463 τὴν
560 1428 588 1461 ἐξ
601 1428 705 1464 ἀρετῶν
720 1430 749 1455 ὲν
767 1429 904 1464 πνεύματι

115 1478 195 1506 θείαν
219 1477 365 1512 δεξάμενος
387 1476 499 1510 γνῶσιν,
517 1476 552 1502 τὰ
573 1475 632 1501 θεῖα
653 1475 763 1509 λέγεται
790 1475 899 1508 παθεῖν,

115 1526 159 1551 ὃτι
181 1523 218 1559 μὴ
235 1522 314 1558 φύσει
327 1522 398 1548 κατὰ
411 1521 461 1556 τὴν
477 1520 603 1556 ὕπαρξιν,
622 1520 689 1547 ἀλλὰ
722 1521 814 1556 χάριτι
834 1521 905 1548 κατά

116 1573 168 1605 τὴν
189 1569 297 1605 μέθεξιν
330 1568 432 1601 ταύτην
448 1567 626 1603 προσέλαϐεν.
654 1566 683 1594 '0
700 1566 728 1592 δὲ
748 1567 796 1602 τὴν
815 1568 848 1593 ἐκ
858 1566 907 1602 χά-

119 1624 195 1653 ριτος
209 1616 246 1650 μὴ
260 1615 406 1649 δεξάμενος
421 1614 532 1648 γνῶσιν,
548 1613 600 1640 κᾶν
622 1613 690 1648 λέγῃ
702 1621 728 1639 τι
746 1613 905 1647 γνωστικδν,

116 1662 169 1688 οὐκ
183 1661 237 1687 οἶδε
253 1660 322 1687 κατὰ
340 1659 389 1695 τὴν
414 1660 511 1693 πεῖραν
531 1658 577 1685 τοῦ
597 1658 745 1694 λεγομένου
763 1658 812 1693 τὴν
826 1658 906 1684 δύνα-

120 1716 178 1743 μιν.
201 1704 276 1742 Ψιλὴ
299 1705 354 1741 γὰρ
377 1705 506 1740 μάθησις,
523 1704 573 1739 τὴν
593 1703 654 1731 καθ’
674 1704 731 1737 ἕξιν
753 1703 854 1738 γνῶσιν
873 1704 904 1731 οὐ

118 1752 237 1779 δίδωσιν.

154 1847 190 1879 γ’.
207 1842 304 1874 Καλῶς
325 1841 397 1869 κατὰ
417 1841 491 1868 τόνδε
513 1839 564 1875 τῆς
585 1840 697 1876 Γραφῆς
721 1838 782 1866 εἷπε
800 1840 846 1866 τὸν
860 1839 905 1866 τό-

119 1900 172 1918 πον
188 1888 374 1925 λαμὸάνεσθαι
394 1887 438 1914 τὸν
458 1886 547 1913 Σαούλ
559 1894 566 1901 ·
579 1885 624 1912 διὰ
646 1886 677 1912 τὸ
694 1885 764 1913 κατὰ
791 1885 906 1917 πολλοὺς

118 1939 148 1964 ὲν
164 1936 254 1966 ἄλλοις
271 1935 364 1965 τόποις
378 1932 566 1968 λαμϐάνεσθαι
585 1932 714 1967 τρόπους,
731 1931 800 1967 πρὸς
813 1931 861 1967 τὴν
874 1932 906 1958 ἐκ

117 1983 170 2018 τῆς
185 1981 305 2017 ἱστορίας
317 1979 551 2015 ἀναδεικνυμένην
565 1979 683 2014 θεωρίαν
698 1978 846 2014 προσφυῶς
856 1979 906 2014 ἀρ-

120 2029 281 2065 μοξόμενον.

155 2074 177 2102 δ’
181 2095 188 2101 .
207 2074 323 2108 Ὠσπερ,
342 2072 435 2107 φησιν,
453 2072 467 2098 ό
484 2070 611 2106 παλλακῇ
638 2069 854 2105 συναπτόμενος,
866 2069 906 2096 νό-

120 2129 206 2157 μιμον
225 2120 256 2146 οὐ
267 2119 399 2153 κέκτηται
413 2118 458 2145 τὸν
476 2118 564 2153 γάμον
574 2125 581 2133 ·
599 2117 686 2148 οὕτως
700 2118 714 2143 ὁ
741 2115 906 2150 σωματικῶς

116 2166 170 2202 τὴν
200 2165 314 2200 νομικὴν
342 2163 543 2198 ὲξασκούμενος
568 2162 696 2197 μάθησιν,
717 2161 833 2196 νόμιμον
856 2160 905 2194 τὴν

960 234 989 257 ιιι
1008 238 1064 257 non
1087 238 1193 259 summe
1217 233 1328 268 propria
1342 234 1554 269 necessariaque
1566 239 1671 263 natura:
1683 243 1747 270 pos-

958 276 1056 309 sessio,
1067 278 1181 312 ejusque
1192 286 1306 313 prorsus
1318 279 1486 307 cxsistcntiae
1495 288 1603 314 comes;
1617 281 1746 316 alterum,

958 325 989 347 ut
1014 329 1074 356 quae
1094 330 1145 350 nos
1170 323 1204 350 ad
1224 331 1318 351 veram
1336 324 1479 351 scientiam
1493 330 1602 352 moveat
1617 326 1747 361 primige-

957 367 1088 402 niamque
1105 368 1269 403 sapientiam
1288 379 1294 396 :
1315 370 1362 405 qui
1379 371 1485 397 scilicet
1509 372 1746 405 percontationem

958 413 1032 440 haud
1048 414 1260 447 existimemus,.
1269 415 1328 451 ejus
1343 424 1424 451 quam
1438 417 1598 452 quaarimus,
1615 418 1746 453 primige-

957 459 1010 486 nia“:
1025 467 1057 486 ac
1070 460 1237 495 exemplaris
1262 461 1419 489 divinorum
1432 463 1549 490 rationis
1563 463 1646 498 296
1672 471 1748 491 eom-

958 505 1174 540 prehensionem
1187 515 1194 540 ;
1229 507 1278 534 sed
1291 509 1338 542 qui
1353 509 1442 535 solum
1457 517 1505 543 per
1515 510 1668 544 corporalia
1679 510 1747 546 legis

957 551 1091 587 symbola,
1105 553 1182 579 velut
1193 554 1391 587 percontando,
1407 554 1441 581 ad
1452 554 1609 582 divinorum
1621 564 1746 591 compre-

956 597 1119 625 hensionem
1148 599 1283 626 bonorum
1303 600 1441 627 enitamur
1454 620 1462 633 ,
1492 609 1547 635 quo
1562 602 1670 629 demum
1683 610 1745 636 per-

956 643 1087 671 contandi
1100 652 1165 671 cura
1182 645 1250 680 (qua
1263 645 1335 673 forte
1351 646 1434 673 etiam
1453 654 1509 673 non
1525 655 1589 674 raro
1605 655 1684 674 error
1696 648 1744 675 ob-

956 689 1043 724 repat)
1058 689 1220 724 liberemur,
1236 691 1328 726 adepti
1340 699 1438 718 eorum
1449 692 1594 719 veritatem
1604 693 1637 720 de
1644 693 1744 728 quibus

955 735 1133 764 incumbebat
1144 742 1175 765 ut
1185 738 1401 770 sciscitaremur,
1418 743 1596 774 nostramque
1605 740 1744 767 nancisca-

955 789 1018 809 mur
1030 782 1230 812 beatitudinem
1240 805 1247 817 ,
1276 785 1430 812 invariabili
1447 786 1473 812 in
1487 786 1567 813 nobis
1579 786 1747 813 commercio

955 829 1124 862 elucentem,
1141 837 1173 857 ac
1185 834 1287 858 nostra:
1303 831 1464 859 substantiae
1479 831 1584 867 insigne
1597 836 1746 868 notamque

956 875 1106 910 propriam,
1114 875 1200 910 ipsam
1213 883 1291 903 suam
1300 876 1415 904 formam
1428 881 1603 912 pmstantem
1615 886 1621 904 :
1632 879 1659 904 in
1666 878 1704 905 Ch
1710 879 1746 905 ri—

956 925 1000 947 sto
1010 920 1075 948 Jesu
1086 921 1143 948 Deo
1157 925 1186 949 et
1201 921 1348 950 Servatore
1360 916 1471 955 nostro,
1498 923 1543 950 cui
1557 923 1643 958 gloria
1656 924 1683 950 in
1696 931 1746 951 sa:-

956 965 1027 993 cula.
1038 965 1143 993 'Amen.

1274 1024 1430 1052 SCHOLIA.

991 1067 1017 1094 l.
1032 1067 1119 1101 Mens,
1135 1068 1270 1096 virtutum
1279 1071 1355 1097 cultu
1366 1078 1473 1098 summe
1481 1076 1606 1107 purgata,
1619 1072 1746 1099 utvirtu-

956 1116 1014 1140 tum
1029 1114 1150 1141 rationes
1166 1115 1317 1147 condiscat,
1335 1116 1435 1144 merito
1447 1120 1603 1152 comparata
1616 1121 1669 1149 est,
1684 1125 1745 1152 qum

955 1158 990 1185 iis
1004 1158 1098 1187 divine
1112 1160 1271 1195 insignitam
1282 1161 1425 1189 scientiam
1438 1162 1491 1189 sibi
1501 1162 1599 1189 faciem
1612 1163 1742 1190 vindicet.

955 1203 995 1230 Ex
1007 1212 1036 1231 se
1046 1212 1164 1240 namque
1179 1205 1292 1240 suisque
1304 1207 1411 1234 meritis
1423 1227 1430 1239 ,
1457 1215 1535 1234 mens
1549 1208 1638 1234 omnis
1651 1207 1744 1235 formtc

955 1257 987 1277 ac
1009 1250 1179 1278 character-is
1198 1259 1296 1286 expers
1314 1253 1446 1286 exsistit;
1474 1253 1620 1281 ascititiam
1640 1253 1744 1280 habens

955 1296 1070 1324 formam
1080 1317 1087 1330 ,
1116 1298 1159 1326 vel
1174 1306 1235 1333 qum
1249 1299 1382 1325 virtutum
1394 1299 1456 1326 luce
1469 1299 1586 1327 scicntia
1601 1300 1628 1326 in
1642 1299 1742 1334 spiritu

955 1343 1102 1378 clarescit,
1128 1345 1171 1372 vel
1188 1353 1249 1380 quae
1266 1345 1414 1373 atiectuum
1427 1345 1489 1373 labe
1507 1354 1540 1373 ex
1552 1345 1704 1381 ignorantia
1718 1345 1743 1373 ei

956 1388 1065 1416 accidit.

991 1435 1018 1461 2.
1038 1434 1089 1468 Qui
1103 1435 1239 1462 virtutum
1252 1435 1368 1462 formam
1382 1435 1498 1471 adeptus
1510 1440 1569 1468 est,
1590 1443 1644 1470 qua
1657 1435 1744 1463 virtu-

957 1485 1015 1509 tum
1031 1481 1093 1509 luce
1120 1481 1146 1508 in
1167 1481 1268 1516 spiritu
1283 1481 1377 1509 divina
1389 1481 1504 1509 scientia
1518 1481 1640 1514 nitescit,
1664 1481 1687 1509 is
1700 1482 1744 1509 di-

919 1531 939 1560 c
958 1528 1022 1555 vina
1031 1527 1087 1563 pati
1099 1527 1212 1560 dicitur,
1227 1527 1301 1562 quod
1314 1535 1369 1555 non
1380 1532 1479 1555 natura
1490 1536 1540 1563 per
1549 1529 1742 1561 substantiam,

956 1573 1006 1600 sed
1021 1573 1120 1608 gratia,
1138 1573 1302 1608 participato
1321 1581 1381 1600 eam
1400 1581 1515 1601 munere
1530 1574 1601 1601 iniit.
1629 1573 1681 1607 Qui
1696 1582 1744 1601 au-

958 1622 1012 1645 tem
1038 1627 1093 1646 non
1116 1627 1149 1646 ex
1161 1619 1248 1653 gratia
1272 1623 1371 1647 nactus
1387 1623 1429 1646 est
1442 1618 1597 1651 scientiam,
1623 1619 1675 1645 etsi
1688 1619 1744 1653 spi-

956 1664 1036 1692 ritate
1045 1664 1150 1699 aliquid
1161 1664 1204 1700 (ad
1214 1664 1359 1691 scientiam
1368 1664 1475 1691 scilicet
1483 1663 1621 1698 spectans)
1631 1664 1741 1697 dixerit,

955 1711 1030 1738 haud
1057 1716 1146 1738 tamen
1178 1711 1236 1745 ipsa
1258 1710 1430 1745 experientia
1455 1710 1514 1744 ejus
1534 1709 1606 1743 quod
1621 1709 1743 1744 loquitur

955 1757 1011 1783 vim
1024 1757 1111 1784 novit.
1130 1756 1208 1784 Nuda
1219 1756 1292 1783 enim
1308 1755 1453 1790 disciplina
1470 1755 1612 1782 scientiam
1628 1762 1689 1789 quae
1700 1759 1743 1783 est

956 1803 1052 1830 habitu
1071 1803 1228 1838 eﬂ'cctuque
1244 1810 1299 1829 non
1316 1801 1424 1829 tribuit.

991 1849 1018 1876 5.
1046 1848 1118 1875 Bene
1141 1848 1212 1875 dixit
1237 1847 1327 1882 accipi
1347 1847 1474 1880 Saulcm,
1503 1846 1576 1882 quod
1596 1847 1694 1874 attinet
1708 1848 1741 1875 ad

956 1894 1031 1921 hunc
1055 1893 1207 1928 Scriptura:
1224 1893 1315 1920 locum
1329 1902 1337 1926 ;
1365 1892 1438 1928 quod
1459 1893 1519 1919 aliis
1530 1892 1598 1920 locis
1612 1893 1686 1920 varie
1698 1901 1743 1920 ac-

957 1939 1091 1973 cipiatur,
1115 1946 1165 1973 pro
1181 1946 1214 1965 eo
1231 1946 1263 1965 ac
1279 1945 1376 1966 sensus
1390 1937 1520 1974 spiritalis
1535 1942 1598 1973 apte
1612 1946 1645 1965 ex
1656 1938 1743 1966 histo-

958 1985 999 2012 ria
1013 1985 1196 2012 concinnatus
1205 1984 1325 2012 elicitur.

992 2072 1017 2098 4.
1047 2071 1285 2105 Quemadmodum
1297 2092 1304 2103 ,
1324 2071 1430 2106 inquit,
1448 2071 1495 2106 qui
1513 2071 1602 2106 pellici
1618 2072 1744 2107 jungitur

957 2116 1110 2152 legitimum
1123 2117 1332 2144 matrimonium
1347 2125 1403 2144 non
1415 2117 1497 2144 habet
1515 2126 1522 2143 :
1541 2117 1581 2144 sic
1593 2125 1684 2152 neque
1697 2118 1743 2152 qui

958 2162 1094 2196 corporali
1118 2162 1226 2189 ratione
1251 2162 1365 2197 legalem
1383 2162 1557 2197 disciplinam
1572 2162 1638 2190 colit
1657 2163 1745 2198 legiti-

117 2201 189 2248 πρδς
213 2211 297 2246 αὐτὴν
318 2210 368 2237 οὐκ
388 2209 445 2245 ἔχει
470 2209 637 2244 συμϐίωσιν·
660 2207 725 2234 νόθα
748 2207 850 2241 γεννῶν
874 2207 904 2241 ἐξ

960 2216 1031 2235 mam
1055 2215 1118 2235 cum
1139 2216 1171 2235 ea
1192 2208 1255 2235 vitae
1269 2208 1430 2236 societatem
1442 2209 1512 2242 init;
1544 2210 1636 2244 spuria
1652 2217 1686 2236 ex
1699 2210 1744 2237 illa

118 2258 205 2293 αὐτῆς
215 2257 348 2293 δόγματα,
364 2256 411 2283 καὶ
424 2257 456 2291 τῇ
478 2256 527 2290 τῆς
542 2254 642 2291 σαρκὸς
663 2253 719 2288 ζωῇ
744 2253 907 2289 συμφθειρό-

119 2311 238 2375 Nec?“
256 2347 323 2382 πρὸς
341 2347 431 2382 σῶμα,
450 2346 543 2381 φησὶν,
565 2344 615 2379 τὴν
641 2343 782 2379 Γραφικῆν
797 2343 907 2378 ἐκδεκόη

119 2401 202 2428 μενος
217 2392 345 2427 μάθησιν,
362 2391 412 2427 τὴν
427 2391 487 2418 κατ’
511 2390 654 2426 ἐνέργειαν
669 2389 699 2421 ὲξ
721 2390 806 2424 αὐτῆς
822 2390 907 2425 ἀμαρ-

116 2437 180 2464 τίαν
202 2436 370 2467 διδάσκεται,
391 2436 437 2462 καὶ
455 2435 504 2471 τὴν
522 2435 593 2462 κατά
618 2434 680 2460 νοῦν
700 2434 750 2468 τῆς
771 2434 908 2468 ἁμαρτίας

119 2482 237 2519 μελέτην
250 2491 257 2498 ο
272 2482 390 2518 τρυφὴν,
407 2481 620 2512 καὶ·συνουσίας
633 2481 776 2516 ἀκρατεῖς,
792 2480 839 2506 καὶ
858 2480 907 2514 φό-

156 2561 166 2595 (
175 2560 202 2595 Ῑ)
219 2561 269 2593 Ὠς
281 2560 323 2595 μὴ
341 2559 531 2586 οἰκειότατον,
545 2557 705 2595 Necessario
716 2557 802 2595 adjeci
817 2564 900 2595 nega-

119 2593 216 2628 tivam,
233 2593 294 2630 quae
306 2595 348 2622 vel
368 2594 534 2622 exscribenti
552 2593 697 2625 exciderit,
714 2593 756 2619 vel
770 2593 902 2630 Antiqua-

119 2633 174 2664 rio,
190 2639 223 2658 ex
238 2628 316 2666 cujus
326 2630 476 2667 exemplari
488 2630 540 2656 alia
556 2631 704 2663 propagata
719 2636 726 2667 :_
742 2628 814 2667 quod
845 2628 902 2667 lucc

118 2662 281 2695 sit'natura
306 2662 478 2699 mutuifjam
505 2662 614 2698 quoque
634 2662 763 2702 superius
787 2662 902 2702 Maximo

119 2704 268 2738 explicata,
289 2705 320 2727 ut
338 2697 475 2731 mutuum,
490 2697 617 2738 noni-ala
636 2698 775 2738 possessio
794 2697 840 2737 sit,
851 2697 901 2737 sed

120 2732 165 2764 ad.
176 2742 285 2771 tempus
294 2744 350 2762 non
369 2742 484 2772 prorsus
500 2734 626 2772 abdicato
647 2733 687 2759 rei
703 2732 825 2772 dominio
850 2732 902 2766 ipsi

121 2769 280 2803 fcncradti,
302 2774 350 2797 aut
383 2770 411 2796 in
441 2777 505 2797 eum
530 2769 671 2800 translato,
696 2769 744 2801 qui
775 2772 904 2803 mutuum

121 2807 233 2842 accipit,
251 2802 298 2833 sed
316 2805 569 2842 adﬂsutnmumper
587 2807 705 2842 tempus;
721 2809 776 2836 quo
787 2802 904 2836 perejus

122 2838 324 2878 indulgentiam
337 2840 377 2868 illi
392 2840 483 2873 durat,
499 2839 544 2867 illa
552 2838 631 2874 quasi
650 2845 775 2874 precaria
795 2844 904 2872 posses-

959 2253 1073 2288 gignons
1091 2253 1228 2289 dogmata,
1250 2258 1279 2281 et
1303 2262 1364 2289 qua:
1376 2262 1431 2282 una
1447 2262 1509 2282 cum
1524 2255 1616 2282 carnis
1632 2255 1688 2282 vita
1704 2256 1746 2283 in-

960 2302 1076 2325 tcreant.

991 2344 1017 2371 5.
1036 2344 1087 2377 Qui
1099 2353 1132 2371 ex
1142 2345 1276 2380 corporis,
1290 2345 1390 2380 inquit,
1404 2345 1511 2373 ratione
1540 2345 1744 2380 Scripturarum

956 2390 1111 2417 doctrinam
1128 2391 1229 2426 accipit
1248 2395 1330 2425 atque
1343 2391 1473 2425 exponit,
1502 2396 1644 2426 peccatum
1661 2400 1744 2426 opere

957 2435 1072 2463 docetur
1085 2456 1092 2467 ,
1123 2440 1152 2463 et
1166 2440 1197 2463 ut
1209 2435 1276 2462 illud
1292 2440 1385 2463 mente
1398 2436 1557 2468 meditetur,
1575 2437 1744 2471 voluptatem

957 2481 1073 2513 scilicet,
1090 2481 1244 2516 impudicos
1256 2481 1357 2514 coitus,
1373 2482 1462 2509 aedes
1478 2490 1485 2509 :
1502 2489 1612 2509 omnem
1624 2482 1743 2518 denique

954 2558 1006 2590 sio,
1035 2566 1083 2585 seu
1103 2558 1190 2593 magis
1203 2566 1280 2586 usus.
1296 2558 1341 2585 Sic
1361 2558 1454 2592 itaque
1467 2558 1514 2594 lex
1523 2558 1601 2592 quasi
1618 2559 1744 2594 paedago-

973 2601 1004 2630 us
1020 2593 1140 2630 parvulis
1156 2593 1297 2630 datarest,
1322 2601 1354 2620 ac
1370 2593 1459 2620 donec
1482 2593 1569 2630 adulti
1601 2594 1656 2629 jam
1690 2593 1743 2630 legi

956 2628 1076 2663 Spiritus
1087 2629 1237 2662 comparati
1249 2636 1373 2655 essemus
1385 2637 1390 2654 :
1403 2636 1464 2664 quo
1479 2628 1561 2655 etiam
1579 2628 1743 2664 percontatio

956 2667 1007 2695 est,
1021 2667 1049 2690 et
1065 2667 1095 2690 ut
1111 2664 1283 2698 percontatio
1302 2663 1438 2695 habenda,
1448 2663 1589 2690 desiderio
1608 2668 1743 2698 prmstans

957 2706 1100 2733 assurgere
1118 2698 1152 2725 ad
1183 2698 1255 2726 bona
1283 2706 1344 2733 quae
1365 2698 1478 2729 indicat.
1495 2706 1550 2725 non
1576 2699 1654 2733 quasi
1685 2699 1742 2733 ipsa

956 2734 1065 2760 illorum
1092 2733 1212 2768 adeptio.
1234 2733 1279 2761 Sic
1311 2734 1387 2760 brevi
1411 2734 1591 2760 medicamine
1616 2733 1743 2761 restituta

955 2769 1063 2796 Maximi
1076 2769 1176 2801 littera,
1194 2773 1249 2796 tota
1266 2768 1299 2795 ad
1316 2769 1419 2796 calcem
1438 2769 1477 2795 sic
1493 2769 1582 2802 spisso
1602 2769 1738 2803 varioque

955 2812 1040 2840 opere
1057 2804 1206 2836 ἄπταιστος
1227 2804 1355 2839 labisque
1369 2812 1438 2839 pura
1454 2803 1586 2831 decurrit.
