1933 3078
230 133 282 165 775

821 125 851 154 S.
869 123 1012 154 MAXIM]
1033 123 1285 155 CONFESSORIS

1805 139 1857 169 776

229 185 277 213 Dei
309 187 463 213 creaturam
493 191 526 211 ex
558 183 626 219 legis
654 183 748 211 littera
772 183 926 210 abominari
952 191 1019 210 con-

1087 192 1145 215 ους,
1161 184 1208 210 καὶ
1224 185 1314 211 πᾶσαν
1327 183 1374 210 τοῦ
1398 183 1465 211 Θεοῦ
1482 184 1689 219 βεδελύττεσθαι
1706 184 1753 220 τὴν
1769 185 1859 212 κτίσιν

230 232 322 260 discit.

266 279 292 306 6.
316 277 454 313 Spiritalis
471 276 527 304 allo
541 283 622 304 sensu
639 276 836 304 consideratio.
854 275 1016 308 Anathema,

230 325 275 352 hic
292 331 402 359 quoque
422 323 544 350 mundus
567 323 671 351 dicitur
684 343 691 356 ,
711 327 741 350 ut
753 323 801 358 qui
815 322 1019 349 maledictionis

229 371 308 398 locus
319 371 364 398 sit.
383 370 463 397 Hunc
477 369 593 397 libidine
611 373 641 397 ut
656 369 748 405 gignat
763 373 955 404 comparatum
971 370 1019 395 ha-

230 417 286 450 bet,
304 416 352 451 qui
369 421 462 444 meme
478 416 513 443 ad
529 416 599 452 legis
613 416 744 451 spiritum
760 423 816 442 non
827 417 936 443 transit.

263 463 288 489 7.
322 462 353 490 In
368 470 434 497 quo,
459 462 560 498 inquit,
586 462 733 489 affectione
747 461 901 495 trahimur,
921 462 955 490 de
971 462 1020 490 illo

229 515 340 543 quoque
359 513 451 536 mente
465 508 629 544 cogitamus.

264 555 290 582 8.
316 555 378 582 Alio
396 555 461 582 item
486 554 605 589 spiritali
622 562 706 582 sensu
722 555 869 582 anathema
879 558 939 587 est,
957 555 1021 582 libi-

229 600 325 628 dinum
341 605 433 628 motus
448 601 604 628 simulacris
615 609 716 629 vacans
741 609 748 628 :
770 600 834 628 Oris
844 601 946 636 pudor,
962 609 1022 628 mo-

231 650 275 673 tus
298 646 398 674 utentis
425 652 459 672 ex
475 653 574 674 sensus
591 647 699 673 ratione
721 646 867 673 libidinem
887 646 1019 680 formans,

232 692 384 727 subtilique
405 691 525 727 cogitatu
551 699 583 720 ae
597 691 753 719 rationibus
768 691 979 720 convenientem
995 692 1021 720 ei

232 739 375 766 materiam
389 738 560 766 ministrans.

268 784 295 811 9.
320 785 374 812 Per
388 785 548 819 synaeresin,
565 791 648 819 quam
663 788 778 818 vocant,
797 788 853 812 tres
864 788 955 812 textus
966 783 1021 819 spi—

233 831 325 858 ritales
339 838 437 858 sensus
453 838 485 858 ac
497 830 737 858 considerationes
751 831 890 866 exposuit.

268 877 310 904 10.
327 876 380 910 Qui
394 877 423 904 in
436 878 558 904 animum
572 877 681 904 induxit
694 882 842 912 ratumque
856 877 941 905 habet
951 876 1022 904 divi-

231 931 294 950 nam
312 930 374 951 esse
390 924 617 951 constitutionem
644 931 761 958 corpore
780 930 815 950 ex
830 923 897 958 legis
914 922 1021 950 ratione

231 969 354 997 deliciari
371 970 473 1005 gulam.
488 971 567 1006 quasi
582 969 629 997 Dei
642 969 745 996 donum
762 977 824 996 cum
834 969 971 1005 gaudioin
981 968 1022 996 vi-

232 1019 265 1042 ue
278 1015 438 1042 societatem
455 1015 570 1050 recipit,
598 1015 751 1049 modosque
765 1022 899 1042 sensuum
916 1014 972 1041 vim
989 1021 1022 1041 ac

230 1063 419 1097 operationem
432 1062 520 1090 abusu
531 1062 688 1097 pollueutes
702 1070 736 1090 ex
747 1069 779 1090 ea
792 1061 918 1096 suscipit.

266 1108 310 1135 11.
341 1108 490 1136 Succincta
511 1116 607 1136 eorum
624 1116 685 1143 quae
701 1107 830 1143 superius
851 1107 879 1135 in
895 1107 1023 1136 conside-

231 1154 365 1182 rationem
378 1159 516 1182 venerunt
528 1155 692 1190 resumptio,
707 1162 761 1189 qua
769 1154 900 1187 ostendit,
908 1154 954 1188 qui
962 1162 1023 1181 cor-

231 1200 317 1235 porali
341 1200 447 1227 ratione
475 1200 564 1235 legem
588 1203 727 1234 exponat,
761 1200 822 1234 ejus
847 1198 1022 1233 diseiplinam

231 1245 338 1280 pellicis
351 1244 413 1272 loco
424 1244 541 1278 habere;
562 1244 766 1280 libidinumque
778 1243 903 1271 habitum
919 1244 1023 1278 pariter

230 1295 377 1325 actumque
392 1291 504 1326 gignere
517 1311 525 1324 ,
558 1299 601 1324 ac,
618 1291 697 1326 quasi
713 1290 846 1321 divinam,
866 1290 894 1317 in
909 1290 1022 1317 domum

229 1337 321 1371 gulam
349 1336 482 1364 inducere
493 1357 500 1369 ,
535 1344 570 1364 es
588 1345 642 1372 qua
665 1336 740 1364 modi
757 1344 806 1371 per
820 1335 937 1362 abusum
954 1343 1022 1364 con-

230 1382 393 1417 spurcandis
405 1382 535 1410 sensibus
546 1383 683 1415 oriantur,
694 1382 891 1416 naturalesque
900 1381 930 1408 in
938 1381 1022 1410 rebus

231 1430 352 1457 rationes
369 1437 401 1457 ac
415 1429 521 1457 semina
534 1430 716 1464 perimantur.

268 1475 311 1502 12.
331 1475 383 1508 Qui
402 1475 430 1502 in
447 1475 515 1510 legis
527 1475 659 1510 symbolis
672 1479 807 1508 moratur,
826 1484 919 1504 rerum
933 1484 967 1504 ex
979 1483 1022 1503 ra-

1070 229 1102 255 ὲκ
1114 229 1162 256 τοῦ
1176 230 1340 265 γράμματος
1354 230 1400 257 τοῦ
1423 231 1506 265 νόμου
1526 231 1702 265 μινοὰνεται.

1107 279 1144 308 ς’.
1159 275 1269 312 Θεωρία
1283 277 1344 304 κατ’
1361 277 1445 312 ἄλλην
1461 277 1603 313 ἐπιϐολήν,
1625 278 1761 313 ’Δνάθεμα
1781 278 1859 313 λέγε-

1070 329 1115 347 ται
1140 321 1187 348 καὶ
1202 323 1216 348 ὀ
1233 323 1338 357 κόσμος
1362 321 1451 355 οὗτος,
1474 325 1489 351 ό
1516 324 1668 359 καταδίκης
1692 325 1810 359 χωρίον·
1832 325 1859 351 δν

1070 367 1169 402 γεννᾷν
1180 368 1213 402 τῇ
1225 368 1399 405 προσπαθείᾳ
1411 369 1544 404 πέφυκεν,
1555 370 1570 396 ὸ
1583 370 1621 405 μὴ
1631 370 1699 406 πρὸς
1711 371 1742 397 τὸ
1750 371 1859 406 πνεῦμα

1071 412 1118 440 τοῦ
1136 414 1220 449 νόμου
1239 414 1310 440 κατὰ
1323 415 1386 441 νοῦν
1401 415 1558 443 διαϐαίνων.

1106 460 1139 491 ζ’.
1155 459 1217 486 ’Ὁτι
1230 461 1299 496 πρὸς
1312 461 1327 487 ὃ
1339 462 1483 496 σχετικῶς,
1501 463 1579 497 φησὶ,
1593 463 1767 498 διακείμεθα,
1790 463 1856 499 πρὸς

1071 505 1160 532 ἐκεῖνο
1172 506 1220 533 καὶ
1234 506 1284 541 τὴν
1301 506 1372 534 κατὰ
1385 507 1447 534 νοῦν
1472 507 1587 544 μελέτην
1600 508 1770 544 κεκτήμεθα.

1107 555 1142 586 η’.
1163 553 1232 578 Κατ’
1254 552 1338 587 ἄλλην
1358 553 1487 588 θεωρίαν,
1514 554 1556 583 ὅτι
1579 555 1707 589 ἀνάθεμα
1722 555 1796 586 ἐστι.
1815 555 1859 581 καὶ

1071 599 1087 633 ἡ
1107 598 1162 626 τῶν
1177 599 1272 626 παθῶν
1295 598 1439 632 ἁνείδωλος
1463 600 1591 635 κίνησις-
1607 601 1723 636 αἰσχύνη
1747 601 1777 628 δὲ
1801 602 1859 628 στί-

1073 644 1197 679 ματος,ή
1213 644 1244 671 τὸ
1261 644 1347 677 πάθος
1372 644 1544 671 εἰδοποιοῦσα
1567 645 1635 681 πρὸς
1662 646 1792 681 αἴσθησιν
1815 646 1860 679 τοῦ

1072 690 1119 717 νοῦ
1134 691 1252 726 κίνησις,
1270 691 1318 718 καὶ
1343 693 1404 723 ταῖς
1427 692 1560 723 ἐπινοίαις
1584 692 1651 728 ὓλην
1668 693 1802 728 ἁρμόδιον
1825 692 1860 727 τῷ

1073 737 1156 764 πάθει
1172 738 1334 773 πορίζουσα.

1109 784 1141 810 θ’.
1155 783 1234 810 Κατὰ
1254 783 1409 819 συναίρεσιν
1432 784 1482 816 τὰς
1497 786 1571 820 τρεῖς
1591 784 1709 821 θεωρίας
1727 784 1775 812 τοῦ
1803 794 1859 812 atat.

1074 830 1155 865 μένου
1168 830 1310 862 ἐξέδωκεν.

1110 879 1135 902 ι’.
1161 876 1190 902 ’0
1205 875 1329 908 πεισθεὶς
1347 875 1424 902 θείαν
1444 873 1514 902 εἶναι
1532 876 1665 912 διαταγὴν
1689 877 1720 903 τὸ
1745 885 1860 912 σωματι-

1073 920 1129 952 κῶς
1151 921 1222 947 κατὰ
1244 921 1326 956 νόμον
1357 922 1475 958 τρυῳᾷν,
1500 922 1549 957 τὴν
1579 923 1805 957 γαστριμαργίαν
1825 923 1859 954 ὡς

1072 966 1140 993 Θεοῦ
1157 967 1243 1002 δῶρον
1259 967 1394 1002 λαμϐάνει
1409 968 1478 1002 μετὰ
1492 969 1581 1004 χαρᾶς
1606 969 1674 1004 πρὸς
1688 969 1840 1004 συμϐίωσιν
1850 978 1856 983 ·

1072 1012 1102 1044 ἐξ
1118 1010 1152 1049 ἦς
1168 1013 1249 1047 γεννᾷ
1277 1013 1340 1044 τοὺς
1369 1013 1536 1048 μολύνοντας
1558 1015 1592 1049 τῇ
1612 1015 1792 1050 παραχρήσςι
1815 1015 1859 1050 τὴν

1072 1059 1215 1094 ἐνέργειαν
1228 1058 1282 1085 τῶν
1302 1059 1456 1094 αίσθήόεων
1471 1060 1596 1095 τρόπους.
1703 1055 1705 1057 ’

1114 1107 1158 1132 ια’.
1181 1104 1326 1140 Ἐπιτομος
1341 1105 1394 1132 τῶν
1411 1105 1659 1142 προθεωρηθέντων
1677 1107 1857 1142 ἐπανάληψις,

1072 1152 1106 1179 δι’
1120 1149 1155 1188 ἧς
1169 1151 1307 1179 δείκνυσιν
1331 1152 1397 1179 ὃτιό
1420 1153 1587 1187 σωματικῶς
1610 1153 1797 1189 ἐκλαμϐάνων
1818 1154 1858 1181 τὸν

1072 1198 1165 1232 νόμον,
1179 1197 1229 1233 τὴν
1241 1197 1324 1224 αὑτοῦ
1341 1198 1543 1225 παλλακεὺεται
1557 1199 1678 1234 μάθησιν
1690 1208 1697 1215 ·
1714 1200 1765 1226 καὶ
1782 1202 1858 1235 γεννᾷ

1073 1244 1123 1278 τήν
1135 1251 1166 1270 τε
1180 1242 1233 1270 τῶν
1245 1243 1340 1271 παθῶν
1359 1243 1417 1276 ἕξιν
1437 1245 1485 1271 καὶ
1504 1245 1554 1280 τὴν
1574 1245 1734 1281 ἐνέργειαν·
1757 1247 1806 1273 καὶ
1825 1247 1858 1278 ὠς

1073 1288 1149 1315 θείαν
1160 1289 1336 1321 είσοικίζεται
1352 1290 1401 1325 τὴν
1415 1281 1652 1326 γαστριμαργίαν,
1669 1293 1738 1327 πρὸς
1755 1293 1857 1327 γένεσιν

1071 1334 1127 1361 τῶν
1142 1335 1329 1369 ρυπαινόντων
1344 1337 1376 1372 τῇ
1396 1338 1571 1371 παραχρήσει
1583 1337 1632 1369 τὰς
1645 1338 1791 1374 αἰσθήσεις
1802 1339 1858 1374 τρό-

1073 1387 1147 1406 πων·
1165 1380 1205 1412 εις
1220 1380 1362 1415 ἀναίρεσιν
1376 1380 1430 1410 τῶν
1445 1382 1474 1407 ὲν
1490 1383 1546 1414 τοῖς
1558 1380 1618 1409 οὖσι
1633 1383 1760 1417 φυσικῶν
1777 1383 1856 1418 λόγων

1072 1434 1102 1452 τε
1119 1427 1167 1453 καὶ
1184 1427 1362 1462 σπερμάτων.

1111 1471 1155 1506 ιβ’.
1184 1471 1214 1498 '0
1223 1473 1279 1504 τοῖς
1295 1471 1442 1507 συμϐόλοις
1457 1473 1504 1499 τοῦ
1527 1473 1622 1509 νόμου,
1638 1475 1736 1509 φησὶν,
1764 1476 1857 1502 ἐναπο-

232 1521 306 1548 tione
323 1520 404 1555 297
421 1524 548 1547 naturam
565 1520 669 1553 videre,
688 1521 844 1555 inditasque
855 1521 1021 1549 substantia-

1085 1517 1175 1550 ιένων,
1190 1517 1222 1544 οὐ
1237 1516 1349 1544 δύναται
1363 1517 1433 1544 κατὰ
1448 1517 1527 1552 λόγον
1539 1519 1589 1554 τὴν
1607 1519 1662 1546 τῶν
1679 1520 1766 1547 lime
1782 1521 1856 1555 φύσιν

230 1566 295 1593 liter
309 1573 324 1592 a
334 1565 464 1592 Creatore
477 1565 560 1592 rebus
576 1565 698 1593 rationes
713 1566 834 1594 nancisci
848 1574 904 1594 non
917 1570 1020 1602 potest,

230 1610 268 1638 ob
277 1611 419 1646 signorum
434 1618 450 1638 a
464 1618 557 1638 rerum
573 1615 672 1638 natura
686 1611 847 1639 discrimen.

268 1700 311 1727 15.
323 1699 470 1726 Naturales
481 1699 604 1727 rationes
627 1699 701 1735 ligna
714 1704 898 1734 comportant,
912 1708 972 1735 quae
986 1701 1021 1728 ad

232 1745 389 1773 divinorum
424 1745 568 1772 scientiam
598 1752 737 1780 propense
778 1745 892 1772 materia
925 1744 1019 1773 liam:

234 1797 331 1825 aquam
359 1797 425 1817 vero
451 1789 571 1817 aﬂ‘erunt
596 1789 716 1818 eluendo
739 1790 876 1823 affectus,
900 1795 931 1818 ut
961 1799 1022 1826 qua:

233 1835 324 1863 vitalis
352 1835 381 1862 in
416 1835 515 1870 spiritu
549 1836 720 1870 operationis
744 1842 921 1872 augmentum
952 1845 1022 1872 pra:-

233 1882 326 1909 beant.

270 1929 314 1956 11.
340 1929 399 1957 Alia
416 1929 577 1957 eorumdem
601 1928 734 1964 spiritalis
760 1929 954 1963 consideratio,
968 1937 1021 1964 qua

233 1982 283 2010 per
291 1974 457 2002 Gubaonitas
467 1975 589 2010 gentium
601 1975 708 2002 vacatio
718 1979 832 2010 exponat
839 1983 880 2002 ur.

271 2021 314 2048 15.
328 2021 469 2048 Materiam
482 2025 510 2047 et
523 2020 639 2047 formam
649 2020 765 2055 spiritali
779 2028 862 2047 sensu
876 2020 1021 2047 Ermonthi

232 2069 262 2092 et
273 2064 513 2099 Memphibosthe;
535 2065 658 2099 quinque
680 2072 748 2092 vero
762 2072 892 2092 sensuum
909 2065 1021 2093 abusio—

234 2119 310 2143 nem,
331 2111 457 2138 Merobes
481 2110 605 2145 quinque
628 2111 700 2138 ﬁlios
725 2111 851 2144 vocavit;
870 2119 939 2146 quos
953 2111 1022 2139 alios

234 2157 296 2184 aliis
321 2157 491 2192 coniungens
507 2156 649 2192 [(sensum
674 2157 780 2184 scilicet
807 2164 869 2183 cum
907 2157 1021 2184 materia

1073 1563 1150 1599 ὁρᾷν,
1166 1563 1214 1590 καὶ
1236 1564 1300 1595 τοὺς
1314 1564 1442 1596 τεθέντας
1464 1565 1602 1597 οὺσιωδῶς
1626 1566 1678 1593 ὑπὸ
1692 1566 1856 1602 δημιουργοῦ

1074 1610 1130 1639 τοῖς
1142 1606 1201 1636 οὖσι
1218 1608 1315 1643 λόγους
1336 1610 1551 1645 περιποιεῖσθαι,
1568 1610 1614 1638 διὰ
1634 1611 1664 1638 τὸ
1688 1612 1746 1638 τῶν
1762 1611 1857 1647 συμβό-

1075 1654 1128 1681 λων
1141 1654 1208 1688 πρὸς
1220 1654 1269 1689 τὴν
1282 1654 1336 1681 τῶν
1351 1655 1437 1682 ὅντων
1459 1655 1540 1690 φύσιν
1555 1655 1694 1691 διάφορον.

1111 1703 1155 1733 ιγ’.
1176 1699 1357 1735 Ξυλοφοροῦσι
1375 1700 1426 1735 μὲν
1452 1702 1476 1727 οι
1502 1701 1576 1735 λόγοι
1600 1702 1649 1736 τῆς
1669 1702 1795 1736 φύσεως,
1810 1701 1855 1736 ὕλη

1075 1746 1142 1780 πρὸς
1151 1746 1200 1781 τὴν
1213 1745 1313 1780 γνῶσιν
1335 1745 1389 1773 τῶν
1413 1746 1493 1773 θείων
1512 1747 1651 1780 γινόμενοι
1661 1756 1668 1762 ·
1681 1747 1854 1783 ὐδροφοροῦσι

1074 1792 1102 1818 δὲ
1120 1792 1199 1828 ρύψιν
1214 1791 1355 1824 ποιοῦντες
1368 1792 1474 1825 παθῶν,
1485 1793 1533 1819 καὶ
1545 1792 1662 1820 διάδοσιν
1673 1793 1723 1828 τῆς
1736 1795 1766 1821 ὲν
1781 1793 1855 1820 πνεύ-

1076 1846 1141 1873 ματι
1156 1837 1274 1873 ζωτικῆς
1287 1838 1438 1874 ἐνεργείας.

1111 1923 1151 1951 ιδ’.
1171 1923 1257 1960 Ἀλλη
1269 1924 1373 1961 θεωρία
1386 1925 1439 1953 τῶν
1451 1926 1742 1964 αὺτῶν,είσηγουμὲνη
1752 1927 1794 1954 διὰ
1806 1927 1853 1954 τῶν

1074 1970 1256 1998 Γαδαωνιτῶν
1269 1971 1320 2006 τὴν
1333 1971 1430 2006 κλῆσιν
1446 1972 1500 1999 τῶν
1518 1972 1615 2000 ἐθνῶν.

1111 2015 1152 2041 ιε’.
1171 2015 1258 2050 Ὕλην
1268 2013 1328 2042 εἷπε
1349 2017 1396 2043 καὶ
1419 2014 1488 2049 εἶδος
1510 2018 1581 2045 κατὰ
1601 2018 1717 2054 θεωρίαν
1736 2019 1780 2046 τὴν
1798 2018 1851 2054 Ἐρ-

1076 2059 1154 2095 μονθὶ
1178 2060 1286 2087 καὶτὸν
1306 2061 1498 2097 Μεμφιϐοσοὲ,
1516 2064 1564 2090 καὶ
1593 2064 1753 2099 πενταπλῆν
1773 2065 1851 2100 παρὰ·

1074 2114 1171 2142 χρησιν
1183 2106 1238 2134 τῶν
1252 2108 1484 2144 αἱσθήσεων,τοὺς
1501 2110 1581 2137 πέντε
1596 2110 1644 2145 τῆς
1660 2110 1763 2146 Μερὼό
1776 2110 1849 2142 υἱούς·

1073 2153 1120 2184 οὓς
1143 2153 1270 2189 ἀλλήλοις
1289 2156 1420 2191 συνάψας,
1447 2158 1531 2192 ἤγουν
1551 2157 1601 2193 ὕλῃ
1619 2157 1666 2184 καὶ
1684 2158 1751 2184 εἴδει
1777 2165 1848 2192 ιιιροσ⁸

233 2206 262 2230 et
285 2202 374 2229 forma
395 2202 429 2229 ad
454 2201 522 2237 legis
539 2209 601 2230 cum
624 2210 707 2230 carne
730 2202 902 2230 conﬂandam
926 2211 1021 2230 neces-

1085 2199 1176 2232 τλέξας
1198 2200 1247 2236 τὴν
1263 2200 1389 2237 αἴσθησιν
1405 2202 1448 2229 διὰ
1458 2203 1508 2238 τὴν
1527 2202 1594 2239 πρὸς
1607 2203 1696 2238 σάρκα
1715 2202 1762 2229 τοῦ
1777 2202 1849 2236 νόμὺυ

234 2247 387 2276 situdinem
417 2247 583 2283 innectens)
613 2247 661 2282 qui
700 2247 758 2275 sola
789 2248 882 2275 littera
911 2255 1022 2276 sensum

233 2294 458 2324 circumscribit,
487 2293 624 2321 carnalem
654 2294 677 2321 is
703 2293 815 2329 quidem
841 2294 970 2321 allectum
991 2302 1024 2322 ac

234 2340 378 2369 libidinem
407 2339 506 2373 cﬂicit;
530 2344 558 2366 at
577 2339 719 2367 naturales
746 2339 869 2367 rationes
895 2347 1023 2368 corrum-

233 2385 283 2420 pit.

270 2431 313 2459 16.
342 2431 444 2459 Vitium
471 2430 530 2466 (seu
562 2429 664 2465 passio)
693 2434 721 2457 et
750 2434 850 2457 natura
869 2431 1022 2459 secundum

233 2478 359 2506 eamdem
383 2477 493 2505 essendi
515 2477 650 2504 rationem
673 2476 745 2504 inter
766 2483 796 2504 se
818 2476 891 2504 haud
915 2480 1024 2506 coexsi-

233 2518 320 2541 stunt.

270 2558 313 2584 17.
334 2557 384 2585 Cui
400 2565 456 2585 non
477 2557 570 2584 animo
597 2564 761 2591 persuasum
788 2565 830 2588 est
851 2561 1023 2597 Scripturam

233 2605 386 2640 spiritalem
409 2612 481 2638 esse,
499 2611 552 2639 qua
579 2603 695 2637 laborat,
722 2613 776 2633 non
792 2608 877 2635 sentit
900 2608 1023 2636 scientia:

233 2656 392 2687 egestatem.

272 2697 312 2723 18.
324 2696 392 2723 Cum
406 2697 502 2728 David,
519 2698 677 2727 Judzeorum
693 2707 775 2727 sensu
789 2704 820 2727 ut
833 2701 920 2735 legem
940 2702 1022 2737 signi-

236 2741 307 2775 ficet,
322 2743 452 2775 sumitur,
469 2744 567 2778 sprelio
586 2745 708 2772 nominis
729 2751 821 2782 ctymo
845 2747 956 2778 dicitur.
987 2748 1022 2775 ob

236 2789 372 2815 carnalem
385 2789 541 2816 divinorum
551 2789 735 2825 legitimorum
750 2791 941 2820 traditionem:
959 2801 1021 2820 cum
1036 2814 1037 2817 η

236 2838 301 2860 vero
311 2833 472 2862 Christiano
485 2834 540 2861 ritu
556 2836 687 2870 spiritum
698 2837 843 2872 signibcat,
862 2839 939 2872 fortis
964 2840 1021 2867 visu

1075 2246 1214 2280 σύστασιν,
1223 2247 1237 2273 ὁ
1245 2249 1325 2283 μόνον
1335 2248 1381 2275 τὸν
1392 2247 1454 2275 νοῦν
1465 2249 1643 2284 περιγράφων
1655 2248 1695 2284 τῷ
1706 2249 1848 2284 γράμματε,

1073 2291 1104 2318 τὸ
1120 2292 1169 2327 μὲν
1185 2294 1316 2328 σαρκικὺν
1333 2293 1418 2326 πάθος
1436 2295 1564 2321 ἀποτελεῖ
1583 2302 1589 2309 ³
1605 2295 1669 2326 τοὺς
1687 2295 1715 2321 δὲ
1730 2293 1848 2329 φυσικοὺς

1073 2336 1226 2373 διαφθείρει
1240 2338 1343 2373 λόγους.

1111 2431 1159 2460 ις’.
1179 2429 1239 2456 Ὀτι
1257 2429 1342 2462 πάθος
1355 2430 1402 2457 καὶ
1429 2431 1509 2464 φύσις
1525 2431 1597 2458 κατὰ
1612 2431 1657 2459 τὺν
1672 2431 1719 2458 τοῦ
1733 2430 1797 2458 εἶναι
1810 2428 1846 2455 λύ-

1074 2482 1133 2509 γον,
1148 2475 1273 2512 οὐδαμῶς
1286 2476 1411 2512 ἀλλήλοις
1426 2478 1640 2513 συνυπάρχουσι.

1111 2561 1153 2594 ιζ’.
1177 2561 1208 2589 '0
1231 2562 1267 2598 μὴ
1293 2563 1446 2596 πιστεύων,
1473 2566 1559 2600 φησὶ,
1577 2564 1626 2601 τὴν
1652 2566 1761 2601 Γραφὴν
1787 2561 1847 2590 εἷναι

1074 2609 1276 2645 πνευματικὴν,
1295 2611 1344 2646 τὴν
1369 2611 1472 2638 οἰκείαν
1490 2612 1560 2638 κατὰ
1576 2611 1625 2647 τὴν
1646 2613 1746 2646 γνῶσιν
1765 2609 1843 2637 πενίαν

1073 2656 1123 2683 οὐκ
1136 2657 1303 2684 αἰσθάνεται.

1114 2706 1158 2737 ιη’.
1175 2703 1271 2735 Ὅταν,
1287 2705 1379 2739 φησιν,
1400 2705 1414 2730 ὁ
1434 2705 1516 2731 Δαϐὶδ
1531 2706 1570 2736 ei;
1588 2705 1632 2731 τὸν
1651 2705 1734 2739 νόμον
1753 2702 1843 2738 λαμῦά-

1073 2757 1159 2781 νεται,
1173 2750 1232 2776 κατ’
1255 2749 1408 2783 Ἰουδαίους,
1424 2751 1453 2777 τὸ
1471 2751 1587 2786 γράμμα
1601 2751 1698 2787 δηλῶν,
1713 2747 1844 2786 ἑρμηνεὺε-

1073 2803 1118 2822 ται
1134 2795 1344 2830 ἐξουδένωσις,
1353 2797 1398 2824 διὰ
1408 2797 1456 2833 τὴν
1470 2798 1537 2833 πρὸς
1551 2799 1639 2833 σάρκα
1653 2798 1707 2825 τῶν
1720 2798 1793 2824 θείων
1807 2801 1843 2820 νοι

1075 2842 1165 2876 μίμων
1180 2843 1328 2878 παράδοσιν
1344 2852 1349 2858 ⁸
1367 2844 1435 2870 κατὰ
1455 2844 1482 2871 δὲ
1502 2845 1681 2880 Χριστιανοὺς
1700 2844 1731 2870 τὸ
1751 2841 1844 2875 πνεῦμα
