1933 3078
94 139 152 171 ΤΠ

615 132 860 170 ΦῘΙᾹΞΒΤΙΟΝΕΒ
880 133 929 162 AD
947 134 1200 166 THA‘LASSIUM.

1668 134 1722 165 778

97 190 252 227 σημαίνων,
264 187 443 224 ἑρμηνεύεται
461 187 569 223 ἰσχυρδς
579 187 685 223 δράσει,
695 187 739 214 διὰ
753 187 802 221 τὴν
816 185 886 213 κατὰ

954 187 1032 215 odem
1047 189 1182 222 redditur,
1200 189 1235 216 ob
1249 188 1400 224 spiritalem
1413 193 1505 216 mente
1517 188 1638 216 scientia:
1653 196 1721 216 con-

98 236 163 263 νοῦν
177 235 296 269 θεωρίαν
316 233 366 268 τῆς
380 232 518 267 γνώσεως.

137 281 182 308 ιϐ’.
200 281 295 315 Ψυχὴν
310 281 359 315 τῆς
370 279 481 314 Γραφῆς
494 277 602 310 εἶπε,τὺ
617 278 725 313 πνεῦμα
735 285 743 293 ⁸
752 277 832 313 σῶμα
848 277 886 309 δὲ,

99 329 132 356 'tb
148 329 276 364 γράμμα.

137 378 172 401 κ’.
192 374 261 405 Τοὺς
275 373 349 408 τρεῖς
361 372 502 403 ἐνιαυτοὺς
512 371 598 405 λέγει,
612 370 675 402 τοὺς
692 371 765 405 τρεῖς
777 369 887 404 νόμους,

55 451 59 454 .
100 419 147 445 τόν
162 427 191 445 τε
205 418 345 452 γραπτὸν,
361 415 467 443 καὶτὸν
489 415 614 450 φυσικὸν,
631 415 679 441 καὶ
701 415 746 441 τὸν
767 414 888 449 χάριτος,

99 465 252 499 ἓχομὲνους
270 463 404 498 ἀλλήλων.
427 462 458 488 '0
482 461 570 488 τοίνυν
594 461 640 488 τὸν
661 460 783 496 γραπτὺν
808 460 889 494 νόμον

100 510 248 545 λαμὸάνων
261 502 435 543 σωματικῶς,
448 508 558 543 ἀρεταῖς
571 508 620 542 τὴν
633 506 721 542 ψυχὴν
736 506 766 532 οὒ
783 505 889 540 διατρέ-

101 564 148 590 φει
162 563 169 570 ·
188 556 234 581 καὶ
249 555 264 581 ὁ
279 556 334 585 τοῖς
345 554 433 587 λόγοις
444 553 498 580 τῶν
515 553 599 579 ὗντων
615 552 665 578 οὐκ
681 550 843 583 ἐπιϐάλλων,
855 551 888 586 τῇ

101 601 215 636 ποικίλῃ
230 600 277 627 τοῦ
295 599 363 626 Θεοῦ
382 599 462 635 σοφίᾳ
483 599 530 626 τὸν
550 599 612 625 νοῦν
629 599 679 633 οὐχ
693 597 770 632 ἑστιᾷ
786 592 889 631 φιλοτι-

104 655 182 682 μως·
199 647 244 673 καὶ
255 646 309 673 ὁτὺ
327 645 398 680 μέγα
424 645 475 680 τῆς
501 644 600 679 καινῆς
626 645 735 680 χάριτος
756 643 793 678 μὴ
809 644 889 676 γινώ-

104 702 179 719 σκων
195 692 362 727 μυστήριονκ,
377 693 410 726 τῇ
427 691 517 717 ἐλπίδι
536 690 585 725 τῆς
601 689 750 725 μελλούσης
766 687 889 720 θεώσεως

102 739 155 764 οὐκ
166 737 321 772 ἀγάλλεται.
338 735 442 762 Οὐκοῦν
456 737 473 771 ἡ
487 735 603 769 ἔλλειψις
616 735 665 770 τῆς
680 735 749 761 κατὰ
762 733 807 759 τὸν
823 741 890 768 γρα-

103 783 174 809 πτὸν
184 783 265 817 νόμον
278 781 467 817 πνευματικῆς
477 781 592 816 θεωρίας
616 780 673 815 ἔχει
690 779 889 814 παρεπομένην

102 829 175 864 αὐτῇ
191 828 240 863 τὴν
251 827 353 854 ἔνδειαν
366 828 415 863 τῆς
430 827 501 854 κατὰ
525 827 570 853 τῆν
587 826 701 861 φυσικὸν
718 827 798 860 νόμον
814 833 890 851 voco-

104 874 191 909 μένης
203 874 326 909 ποικίλης
337 874 431 908 σοφίας
445 873 491 899 τοῦ
504 873 582 905 Θεοῦ,
593 872 764 907 ὲφεπομένην
777 871 891 906 ἔχουσαν
905 860 927 889 Β

103 919 157 954 τῆς
172 919 242 946 κατὰ
258 919 289 946 τὺ
311 919 404 946 καινὸν
428 919 577 954 μυστήριον
589 918 688 954 ’χάριτι
708 917 891 952 δοθησομένης

105 964 231 995 eaeam;
247 965 354 996 πάντως
365 964 415 999 τὴν
434 964 557 998 ἄγνοιαν.

142 1013 196 1037 κα’.
216 1010 246 1036 ’0
262 1010 454 1045 πνευματικῶς
471 1009 508 1045 μὴ
520 1009 587 1036 νοῶν
599 1009 644 1036 τὸν
654 1009 745 1044 νόμον,
758 1007 809 1034 κᾶν
822 1009 892 1035 ἀπο-

98 1054 223 1081 θανόντα
236 1054 285 1090 ἐχῃ
300 1055 347 1081 τὸν
363 1054 446 1089 νόμον
463 1053 506 1080 διὰ
521 1053 551 1080 τὸ
576 1053 614 1088 μὴ
637 1053 778 1088 λατρεύειν
799 1060 891 1087 σωμα-

104 1099 278 1132 τικῶς,ἁλλὰ
290 1099 324 1126 τὰ
340 1098 496 1134 χαμαίζηλα
515 1098 572 1133 ἔχει
589 1098 636 1124 τοῦ
648 1098 731 1133 νόμου
748 1097 871 1132 νοήματα
883 1105 890 1112 ·

97 1145 142 1172 τὰ
155 1145 241 1172 τέκνα
251 1144 297 1171 τοῦ
314 1145 399 1171 Σαοὺλ
413 1144 540 1180 περιέπει
554 1143 601 1171 καὶ
616 1142 650 1170 τὰ
669 1143 768 1177 ἔκγονα
777 1151 784 1158 ·
799 1143 839 1169 διδ
853 1143 892 1178 τῷ

103 1191 180 1226 λιμῷ
190 1191 238 1226 τῆς
249 1190 375 1224 γνώσεως
390 1190 574 1226 βασανίζεται.

142 1236 199 1271 κβ’.
220 1236 325 1272 Ὥσπερ
347 1236 377 1262 τὸ
403 1228 550 1271 πρόσωπον
571 1234 819 1271 χαρακτηριστικὸν
834 1234 892 1261 ἔστι

98 1281 154 1308 τοῦ
179 1281 241 1308 καθ’
260 1272 375 1307 ἕκαστον
390 1289 398 1297 ι
411 1280 482 1306 οὔτω
504 1280 551 1307 καὶ
569 1281 585 1315 ὴ
602 1279 777 1314 πνευματικὴ
793 1279 893 1313 γνῶσις

103 1325 268 1360 ὲμφατικῶς
279 1325 478 1361 χαρακτηρίζει
498 1324 528 1351 τὸ
543 1325 622 1351 Θεῖον
632 1332 639 1339 ο
654 1325 687 1360 ἢν
700 1325 714 1350 ὁ
727 1323 817 1359 ζητῶν
827 1343 835 1357 ,
850 1323 893 1351 λέ-

102 1379 188 1405 γεται
201 1371 292 1406 ζητεῖν
305 1371 335 1396 τὸ
345 1371 492 1406 πρόσωπον
507 1370 620 1406 Κυρίου.

143 1461 197 1495 κγ’.
221 1461 264 1493 Ὠς
283 1461 407 1496 ισχυρὸς
420 1461 535 1495 ὁράσει,
548 1461 596 1488 καὶ
609 1462 684 1493 νοῦς
698 1460 867 1494 διορατικὸς
879 1463 893 1489 ὀ

103 1507 191 1534 Δαῆὶδ
206 1506 395 1542 ἑρμηνεύεται.

144 1552 193 1579 κδ’.
218 1553 247 1578 '0
261 1552 518 1588 κατασαρκούμενος
532 1552 603 1578 κατὰ
616 1552 646 1578 τὸ
658 1552 775 1587 γράμμα
788 1552 836 1578 τοῦ
852 1551 894 1578 νό-

104 1607 163 1634 μου
176 1599 371 1633 ταίςέναίμοις
382 1598 498 1631 θυσίαις,
511 1599 682 1634 ποθουμένην
699 1599 810 1634 ἄγνοιαν
824 1599 892 1634 ἔχει,

107 1645 179 1679 πρὸς
195 1645 277 1680 μόνην
302 1646 400 1680 σαρκὸς
423 1646 520 1681 ἡδονὴν
540 1645 590 1681 τὴν
617 1645 727 1681 ἐντολὴν
748 1646 893 1681 ἐκδεχόμε-

102 1699 164 1722 νος.

145 1738 195 1763 κε’.
216 1736 245 1763 '0
269 1736 318 1769 μὲν
346 1735 519 1771 σωματικῶς,
539 1736 624 1771 φησὶ,
640 1735 713 1762 κατὰ
741 1736 822 1771 νόμον
844 1735 893 1762 λα-

107 1782 230 1818 τρεύων,
255 1781 378 1816 καθάπερ
401 1781 467 1816 ὃλην
492 1782 575 1817 γεννᾷ
599 1781 648 1816 τὴν
676 1782 736 1808 κατ’
754 1781 894 1817 ἐνέργειαν

104 1826 269 1862 ἁμαρτίαν⁴
284 1825 331 1852 καὶ
350 1825 392 1857 ὡς
416 1824 497 1857 εἶδος,
517 1825 567 1861 τὴν
588 1826 632 1852 ἐπ’
645 1827 715 1862 αὐτῇ
727 1826 809 1860 ,κατὰ
832 1826 894 1852 νοῦν

109 1871 316 1906 συγκατάθεσιν·
327 1872 387 1903 ταῖς
416 1871 581 1906 προσφόροις
596 1872 705 1907 ἡδοναῖς
726 1871 781 1898 τῶν
797 1872 895 1907 αἰσθή-

109 1924 180 1942 σεων
205 1915 304 1947 ὑλικῶς
318 1915 520 1943 διαπλάττεται.
540 1916 569 1942 ‘0
581 1916 609 1943 δὲ
632 1917 827 1952 πνευματικῶς
843 1917 893 1952 τὴν

107 1961 221 1997 Γραφὴν
245 1961 429 1996 ἐκδεχόμενος,
444 1960 482 1992 ὡς
502 1961 554 1996 μὲν
575 1961 651 1996 ὕλην,
664 1963 713 1997 τὴν
730 1961 870 1998 ἐνέργειαν
884 1969 891 1977 ·

107 2007 148 2038 ὡς
174 2005 241 2038 εἶδος
255 2007 294 2039 δὲ,
308 2006 358 2041 τῆς
381 2006 517 2042 ἁμαρτιας
535 2006 584 2042 τὴν
605 2008 803 2041 συγκατάθεσιν
824 2008 893 2043 μετά

107 2053 164 2081 τῶν
188 2053 258 2080 κατὰ
278 2052 453 2089 παράχρησιν
468 2053 536 2089 πρὸς
557 2053 655 2089 ἡδονὴν
676 2054 726 2089 τῆς
740 2054 893 2089 αἰσθήσεως

107 2099 237 2134 τρόπων,
250 2099 289 2130 ὡς
312 2099 384 2130 υἱοὺς
405 2099 452 2125 καὶ
473 2099 585 2130 υἱωνοὺς
604 2099 650 2126 τοῦ
675 2099 787 2135 νομικοῦ
805 2099 893 2134 γράμ-

109 2151 197 2178 ματος
216 2143 325 2169 οανατοῑ
350 2143 393 2170 διὰ
414 2143 468 2170 τῶν
490 2142 612 2178 φυσικῶν
638 2144 776 2180 λογισμῶν
799 2145 827 2170 ὲν
854 2143 893 2179 τῷ

108 2191 174 2226 ὕψει
185 2191 234 2226 τῆς
247 2191 374 2226 θεωρίας.

123 2248 127 2258 ι
145 2241 203 2269 κς¹.
221 2238 281 2265 ’⁷οτι
294 2238 377 2274 χωρὶς
391 2237 508 2272 φυσικῆς
523 2236 649 2273 θεωρίας,
660 2236 747 2268 οὐδεὶς
761 2235 809 2270 τὴν
825 2234 892 2269 πρὸς

108 2285 144 2312 τὰ
159 2285 218 2312 θεῖα
233 2285 286 2311 τῶν
300 2285 420 2320 νομικῶν
434 2283 578 2320 συμϐόλων
593 2283 753 2318 ὰπέμφασιν
767 2281 893 2316 διαγινώ-

110 2340 182 2358 σκει.

145 2376 197 2409 κζ’.
213 2377 250 2403 Τὸ
269 2376 411 2412 ὲξηλιάσαι
430 2376 567 2410 νενόηκεν,
585 2376 645 2402 ἀντὶ
671 2374 719 2401 τοῦ
736 2372 892 2409 φανερῶσαι

107 2423 181 2450 κατὰ
195 2423 224 2449 τδ
236 2423 301 2457 ὕψος
321 2422 369 2457 τῆς
385 2422 501 2457 Θεωρίας
519 2421 549 2448 τὸ
562 2422 680 2457 γράμμα
691 2419 738 2446 τοῦ
753 2419 835 2454 νόμου
848 2428 876 2445 νε
885 2433 892 2438 -

109 2470 186 2505 κρὸν,
201 2469 244 2496 διὰ
254 2469 304 2504 τῆς
318 2470 347 2496 ὲν
364 2468 500 2503 πνεύματι
521 2467 658 2502 γνώσεως.

144 2562 198 2594 κη’.
215 2559 308 2594 Ὅριον
328 2557 436 2592 Ἰσραὴλ
450 2557 573 2591 νενόηκε,
591 2557 679 2583 πάντα
701 2556 779 2590 λόγον
800 2564 830 2582 τε
848 2555 894 2581 καὶ

108 2605 208 2641 τρόπον
221 2604 409 2639 πνευματικῆς
422 2602 536 2638 θεωρίας
553 2611 560 2618 ·
578 2605 605 2628 ὲν
618 2599 640 2636 ᾧ
657 2602 753 2637 στῆναι
770 2602 800 2628 οὗ
814 2602 894 2628 δύνα-

108 2661 153 2678 ται
169 2651 309 2682 παντελῶς
354 2650 496 2685 σωματικὴ
511 2650 557 2676 τοῦ
573 2650 654 2684 νόμου
679 2648 839 2685 παράδοσις.

144 2739 197 2766 κθῖ.
213 2739 250 2765 Τὸ
276 2741 326 2774 μὲν
343 2739 451 2773 πνεῦμα
463 2761 470 2772 ,
485 2739 567 2773 φησὶ,
593 2739 665 2774 ζωῆς
689 2738 805 2773 ὑπάρχει
828 2747 896 2774 παρ-

109 2786 235 2813 ικτικόν·
256 2786 286 2811 τὺ
306 2785 334 2811 δὲ
359 2786 496 2820 γράμμα,
509 2784 581 2819 ζωῆς
606 2785 680 2811 ἐστιν
708 2783 894 2818 ἀφαιρετικόν.

109 2830 214 2858 οὐκοῦν
229 2830 259 2856 οὺ
274 2829 387 2856 δύναται
401 2830 448 2856 καὶ
461 2830 490 2856 τὸ
505 2830 622 2864 γράμμα
639 2830 771 2864 πράττειν
785 2829 856 2857 κατὰ
867 2830 898 2857 τὸ

276 2876 412 2907 Panos.
428 2875 497 2914 Gs,
508 2876 568 2906 XC.

938 233 1141 261 siderationem.

975 277 1019 305 19.
1033 278 1159 306 Animam
1175 279 1322 314 Scriptum
1336 279 1461 315 spiritum
1479 279 1643 315 appellavit;
1665 287 1723 307 cor-

937 330 990 358 pus
1004 331 1081 356 vero,
1093 324 1204 352 vocavit
1222 325 1351 352 litteram.
1506 328 1509 331 ”

972 369 1017 395 20.
1030 369 1125 396 Annos
1143 374 1208 403 tres,
1227 374 1282 397 tres
1292 375 1370 397 vocat
1383 370 1465 406 leges,
1488 369 1629 404 scriptam,
1643 374 1725 396 natu-

938 413 1024 440 ralem
1040 418 1068 441 et
1080 415 1184 449 gratim,
1201 414 1254 441 sibi
1270 415 1337 442 alias
1358 415 1419 443 aliis
1442 416 1596 442 continuas.
1612 415 1721 449 Itaque.

938 459 962 486 is
974 460 1020 494 qui
1031 459 1119 495 legem
1134 460 1263 495 scriptam
1278 461 1413 495 corporali
1426 461 1531 488 ratione
1539 461 1649 496 accipit,
1664 460 1724 487 ani-

939 511 1009 531 mam
1026 505 1175 533 virtutibus
1191 514 1245 533 non
1258 506 1314 533 alit.
1328 506 1451 539 Quiitem
1464 507 1617 534 rationibus
1630 514 1722 534 rerum

939 551 1061 577 animum
1079 559 1134 578 non
1146 552 1273 585 attendit,
1287 553 1362 579 varia
1372 553 1420 580 Dei
1437 553 1579 588 sapientiae
1603 559 1723 582 mentem

939 597 1086 625 ambitiose
1100 605 1154 624 non
1167 598 1277 632 accipit.
1294 597 1345 632 Qui
1358 599 1476 633 denique
1493 607 1620 634 magnum
1645 608 1724 628 nova:

940 642 1034 677 gratia:
1049 651 1103 669 non
1120 644 1198 670 novit
1212 645 1384 679 mysterium,
1409 653 1463 671 non
1482 645 1588 671 exsulat
1605 653 1636 672 ea
1663 653 1722 680 spe,

937 689 1013 722 quod
1025 689 1191 716 imbuendus
1204 690 1306 717 tleitate
1321 690 1367 717 sit.
1377 690 1462 726 Igitur
1475 690 1606 725 spiritalis
1625 699 1724 726 specu-

940 733 1050 760 lationis
1065 742 1115 768 pro
1139 735 1207 769 legis
1227 736 1335 770 scripta:
1355 735 1461 762 ratione
1487 735 1607 763 defcctui
1633 743 1725 763 comes

940 783 992 811 est,
1008 780 1090 806 variae
1101 780 1150 807 Dei
1162 780 1312 814 sapientiae,
1327 788 1376 815 pro
1384 781 1452 816 legis
1470 782 1603 809 naturalis
1620 782 1725 809 ratione

942 825 1098 856 intellectae,
1114 825 1244 860 penuria;
1267 833 1347 860 quam
1362 827 1475 853 omnino
1501 832 1632 862 sequatur
1656 835 1726 862 pra:—

943 873 1032 897 stante
1049 870 1230 898 dciticationis
1244 871 1408 905 ignorantia,
1433 879 1483 906 pro
1510 872 1573 899 novi
1601 873 1724 908 mystcrii

934 916 1033 951 gratiae
1049 924 1173 943 munere.

975 1007 1020 1034 2t.
1035 1007 1087 1040 Qui
1106 1014 1162 1034 non
1186 1006 1349 1042 spiritaliter
1361 1006 1448 1042 legem
1472 1006 1612 1042 intelligit,
1639 1015 1726 1042 quan-

941 1061 1022 1089 quam
1032 1057 1167 1080 mortuam
1182 1053 1270 1088 legem
1297 1053 1406 1086 habent,
1431 1060 1461 1080 ea
1487 1053 1594 1080 scilicet
1619 1055 1726 1081 ratione

941 1099 1014 1133 quod
1026 1091 1206 1133 corporaliter
1221 1106 1276 1126 non
1294 1099 1379 1125 servit
1392 1107 1399 1130 ;
1427 1098 1541 1125 humilia
1552 1092 1646 1126 tamen.
1659 1099 1727 1134 legis

942 1144 1044 1179 sensa(
1060 1144 1152 1171 Saulis
1164 1143 1235 1171 ﬁlios
1252 1147 1281 1171 ct
1301 1143 1424 1179 nepotes)
1438 1144 1518 1176 colit;
1535 1152 1567 1171 ex
1583 1152 1638 1178 quo
1662 1152 1726 1171 eum

942 1190 1013 1217 fame
1025 1190 1147 1217 scientiae
1165 1190 1287 1225 torqueri
1301 1190 1445 1225 contingit.

977 1236 1021 1263 22.
1034 1235 1271 1269 Quemadmodum
1288 1235 1372 1263 facies
1385 1236 1506 1271 singulos
1515 1243 1637 1271 quosque
1653 1236 1728 1263 velut

943 1284 1007 1308 nota
1019 1282 1131 1316 propria
1147 1281 1291 1316 distinguit
1303 1284 1385 1315 atque
1401 1281 1531 1316 insignit;
1548 1280 1587 1308 sic
1603 1285 1630 1308 et
1645 1280 1710 1315 spiri
1721 1296 1728 1302 -

943 1326 1007 1354 talis
1020 1327 1146 1355 scientia.
1164 1327 1236 1361 quod
1251 1325 1374 1353 divinum
1386 1330 1428 1353 est
1446 1334 1575 1362 expresse
1602 1326 1729 1361 obsignat

946 1380 978 1400 ac
991 1377 1183 1407 repraesentat;
1201 1380 1282 1407 quam
1302 1373 1347 1407 qui
1372 1372 1479 1407 quatrit,
1503 1372 1611 1400 Domini
1631 1372 1728 1400 faciem

944 1426 1067 1453 qumrere
1081 1418 1191 1446 dicitur.

982 1463 1027 1490 25.
1049 1464 1143 1495 David,
1154 1465 1176 1491 si
1194 1472 1292 1491 nomen
1311 1464 1510 1498 interpreteris,
1526 1467 1632 1499 aspectu
1644 1463 1730 1498 fortia,

946 1517 978 1537 ac
989 1518 1059 1536 mens
1068 1510 1204 1545 perspicax
1216 1510 1327 1537 dicitur.

981 1555 1026 1582 25.
1040 1555 1091 1589 Qui
1103 1564 1136 1582 ex
1147 1556 1260 1591 scripta:
1273 1555 1340 1590 legis
1351 1555 1457 1582 ratione
1483 1555 1607 1582 cruentis
1632 1555 1730 1582 hostiis

946 1602 1063 1629 carnalis
1076 1602 1193 1634 exsistit,
1207 1602 1388 1636 ignorantiam
1407 1605 1480 1628 amat
1505 1609 1536 1627 ac
1550 1601 1663 1636 expetit,
1682 1601 1730 1635 qui

945 1653 1112 1684 przeceptum
1125 1655 1155 1676 ut
1167 1649 1200 1675 ad
1210 1649 1294 1676 solani
1312 1652 1416 1682 spectet
1432 1647 1524 1676 carnis
1549 1647 1730 1682 voluptatem,

944 1696 1066 1730 exponit.

979 1741 1025 1768 25.
1037 1740 1087 1773 Qui
1103 1739 1284 1774 corporaliter
1298 1747 1331 1766 ex
1344 1740 1413 1774 legis
1434 1740 1540 1767 ratione
1557 1741 1651 1773 servit,
1672 1745 1730 1768 latt-

944 1794 1025 1821 quam
1045 1786 1199 1815 materiam,
1215 1790 1358 1820 peccatum
1369 1793 1453 1820 opere
1471 1786 1557 1821 gignit
1570 1791 1623 1823 :_ut
1635 1791 1729 1814 autem

944 1833 1042 1864 forma,
1061 1832 1162 1859 utentis
1178 1832 1207 1858 in
1223 1832 1311 1866 ipsum
1325 1839 1471 1864 consensu,
1501 1832 1730 1860 convenientibus

942 1886 1075 1906 sensuum
1100 1877 1238 1905 illecebris
1261 1876 1406 1904 formatur.
1427 1878 1472 1910 At,
1496 1877 1543 1912 qui
1567 1877 1729 1912 spiritaliter

943 1924 1031 1959 legem
1049 1924 1142 1956 sumit,
1167 1927 1197 1950 ut
1213 1923 1323 1958 quidem
1348 1923 1501 1955 materiam,
1519 1923 1727 1958 operationem;

943 1974 974 1996 ut
991 1973 1083 1996 autem
1113 1968 1240 2001 formam,
1261 1968 1367 2003 peccati
1385 1975 1562 2000 consensum,
1594 1976 1646 1996 una
1665 1976 1727 1996 cum

943 2023 1042 2043 sensus
1053 2014 1209 2042 libidinosis
1231 2022 1282 2049 per
1301 2014 1418 2041 abusum
1440 2013 1539 2046 modis,
1567 2014 1643 2042 velut
1659 2014 1729 2050 legis

943 2059 1042 2086 litterae
1058 2058 1127 2086 ﬁlios
1141 2066 1174 2086 ac
1191 2063 1317 2093 nepotes,
1332 2066 1381 2093 per
1401 2059 1540 2087 naturales
1553 2059 1674 2088 rationes
1701 2060 1728 2087 in

943 2104 1138 2140 speculationis
1147 2104 1202 2132 alto
1218 2105 1321 2132 vertice
1338 2104 1447 2132 occidit.

977 2238 1022 2266 26.
1039 2238 1148 2273 Absque
1166 2237 1284 2265 naturali
1298 2238 1488 2272 speculatione
1502 2237 1637 2265 dissidere
1659 2246 1672 2265 a
1686 2238 1729 2265 ili-

944 2282 1016 2309 vinis
1027 2281 1123 2317 legalia
1132 2281 1266 2317 symbola,
1283 2289 1363 2308 nemo
1379 2281 1525 2316 dignoscit.

978 2371 1023 2398 27.
1066 2370 1107 2398 Ad
1139 2370 1224 2397 solem
1262 2369 1432 2404 suspendere
1451 2391 1458 2403 ,
1487 2370 1540 2397 hoc
1577 2370 1727 2404 intellexit;

943 2422 1097 2444 emortuam
1126 2416 1233 2443 scilicet
1257 2415 1326 2450 legis
1355 2415 1475 2442 litteram
1505 2423 1554 2450 per
1584 2416 1727 2444 scientiam

944 2463 972 2490 in
999 2463 1099 2497 spiritu
1127 2462 1303 2490 manifestare
1336 2462 1365 2488 in
1397 2461 1565 2488 sublimitate
1603 2463 1729 2496 specula-

943 2509 1035 2535 tionis.

991 2555 1036 2581 9.8.
1076 2554 1186 2581 lsraclis
1225 2553 1373 2581 terminum
1405 2553 1565 2587 intellexit,
1593 2555 1729 2584 rationem

945 2608 1054 2628 onmem
1068 2597 1233 2634 inoilumquc
1247 2600 1378 2634 spiritalis
1403 2601 1609 2634 speculationis,
1626 2602 1654 2629 in
1675 2611 1731 2637 quo

945 2647 1095 2681 corporalis
1122 2646 1191 2681 legis
1217 2646 1329 2673 traditio
1359 2646 1472 2674 omnino
1503 2647 1653 2675 consistere
1683 2656 1732 2676 ne—

947 2693 1016 2727 quit.

982 2739 1026 2766 29.
1048 2738 1164 2773 Spiritui
1178 2738 1289 2773 quidem
1306 2746 1339 2765 ex
1363 2738 1455 2765 indole
1471 2742 1557 2765 estut
1578 2738 1661 2765 vitam
1681 2738 1731 2765 tri-

947 2786 1032 2817 buat;
1053 2785 1152 2812 litterae
1164 2792 1241 2816 vero,
1265 2788 1295 2811 ut
1323 2792 1383 2812 eam
1402 2784 1512 2811 adimat.
1527 2784 1587 2811 Non
1602 2792 1667 2819 ergo
1687 2792 1732 2811 se-

947 2831 1068 2859 cundum
1085 2830 1157 2857 idem
1176 2831 1266 2858 littera
1280 2835 1308 2859 et
1318 2831 1431 2865 spiritus
1448 2830 1555 2865 operari
1574 2830 1684 2863 valent;
1703 2834 1733 2857 ut

1530 2876 1570 2907 25
