  <div class='ocr_page' id='page_1' title='image "/cluster/home/n/w/nwhite01/storage/ocr_20150623/90/njp.32101077772828/408.png"; bbox 0 0 1933 3078; ppageno 0'>
   <div class='ocr_carea' id='block_1_1' title="bbox 101 116 154 150">
    <p class='ocr_par' dir='ltr' id='par_1_1' title="bbox 101 116 154 150">
     <span class='ocr_line' id='line_1_1' title="bbox 101 116 154 150; baseline -0.038 0"><span class='ocrx_word' id='word_1_1' title='bbox 101 116 154 150; x_wconf 71' lang='grc'><strong>’181</strong></span> 
     </span>
    </p>
   </div>
   <div class='ocr_carea' id='block_1_2' title="bbox 630 112 1213 149">
    <p class='ocr_par' dir='ltr' id='par_1_2' title="bbox 630 112 1213 149">
     <span class='ocr_line' id='line_1_2' title="bbox 630 112 1213 149; baseline 0.003 -6"><span class='ocrx_word' id='word_1_2' title='bbox 630 112 874 149; x_wconf 68' lang='grc' dir='ltr'><strong>ΟΗᾸΞΞΤῙΟΝΕΞ</strong></span> <span class='ocrx_word' id='word_1_3' title='bbox 893 112 942 142; x_wconf 75' lang='lat' dir='ltr'><strong>AD</strong></span> <span class='ocrx_word' id='word_1_4' title='bbox 960 113 1213 145; x_wconf 77' lang='lat' dir='ltr'><strong>THALASSIUM.</strong></span> 
     </span>
    </p>
   </div>
   <div class='ocr_carea' id='block_1_3' title="bbox 1673 114 1726 146">
    <p class='ocr_par' dir='ltr' id='par_1_3' title="bbox 1673 114 1726 146">
     <span class='ocr_line' id='line_1_3' title="bbox 1673 114 1726 146; baseline 0 0"><span class='ocrx_word' id='word_1_5' title='bbox 1673 114 1726 146; x_wconf 75' lang='lat'><strong>782</strong></span> 
     </span>
    </p>
   </div>
   <div class='ocr_carea' id='block_1_4' title="bbox 106 165 895 208">
    <p class='ocr_par' dir='ltr' id='par_1_4' title="bbox 106 165 891 208">
     <span class='ocr_line' id='line_1_4' title="bbox 106 165 891 208; baseline -0.009 -10"><span class='ocrx_word' id='word_1_6' title='bbox 106 172 156 208; x_wconf 77' lang='grc' dir='ltr'>τὴν</span> <span class='ocrx_word' id='word_1_7' title='bbox 169 171 210 203; x_wconf 85' lang='grc' dir='ltr'><strong>είς</strong></span> <span class='ocrx_word' id='word_1_8' title='bbox 226 169 326 204; x_wconf 73' lang='grc' dir='ltr'>ἑαυτὴν</span> <span class='ocrx_word' id='word_1_9' title='bbox 345 167 526 205; x_wconf 76' lang='grc' dir='ltr'>ὲόδοματικὴν</span> <span class='ocrx_word' id='word_1_10' title='bbox 552 167 602 202; x_wconf 85' lang='grc' dir='ltr'>τῆς</span> <span class='ocrx_word' id='word_1_11' title='bbox 626 167 772 202; x_wconf 77' lang='grc' dir='ltr'>ἑϐδομάδος</span> <span class='ocrx_word' id='word_1_12' title='bbox 789 165 891 193; x_wconf 79' lang='grc' dir='ltr'>συνὲλι-</span> 
     </span>
    </p>
   </div>
   <div class='ocr_carea' id='block_1_5' title="bbox 948 165 1727 208">
    <p class='ocr_par' dir='ltr' id='par_1_5' title="bbox 948 167 1727 203">
     <span class='ocr_line' id='line_1_5' title="bbox 948 167 1727 203; baseline 0.003 -8"><span class='ocrx_word' id='word_1_13' title='bbox 948 172 1005 201; x_wconf 77' lang='lat' dir='ltr'><strong>post</strong></span> <span class='ocrx_word' id='word_1_14' title='bbox 1022 168 1202 202; x_wconf 84' lang='lat' dir='ltr'><strong>septimanam</strong></span> <span class='ocrx_word' id='word_1_15' title='bbox 1217 167 1373 203; x_wconf 76' lang='lat' dir='ltr'><strong>septenario</strong></span> <span class='ocrx_word' id='word_1_16' title='bbox 1384 168 1569 201; x_wconf 76' lang='lat' dir='ltr'><strong>convolutum,</strong></span> <span class='ocrx_word' id='word_1_17' title='bbox 1594 168 1727 197; x_wconf 80' lang='lat' dir='ltr'><strong>Penteco-</strong></span> 
     </span>
    </p>
   </div>
   <div class='ocr_carea' id='block_1_6' title="bbox 107 212 902 254">
    <p class='ocr_par' dir='ltr' id='par_1_6' title="bbox 107 212 902 254">
     <span class='ocr_line' id='line_1_6' title="bbox 107 212 902 254; baseline -0.008 -10"><span class='ocrx_word' id='word_1_18' title='bbox 107 218 159 250; x_wconf 76' lang='grc' dir='ltr'>ξιν,</span> <span class='ocrx_word' id='word_1_19' title='bbox 176 216 347 243; x_wconf 82' lang='grc' dir='ltr'>ἀποτελοῦσα</span> <span class='ocrx_word' id='word_1_20' title='bbox 367 214 417 250; x_wconf 85' lang='grc' dir='ltr'>τὴν</span> <span class='ocrx_word' id='word_1_21' title='bbox 440 213 628 249; x_wconf 82' lang='grc' dir='ltr'>Πεντηκοστήν</span> <span class='ocrx_word' id='word_1_22' title='bbox 640 221 646 228; x_wconf 92' lang='grc'>·</span> <span class='ocrx_word' id='word_1_23' title='bbox 669 213 716 239; x_wconf 83' lang='grc' dir='ltr'>καὶ</span> <span class='ocrx_word' id='word_1_24' title='bbox 732 212 812 239; x_wconf 82' lang='grc' dir='ltr'>πάλιν</span> <span class='ocrx_word' id='word_1_25' title='bbox 832 213 902 254; x_wconf 37' lang='grc' dir='ltr'>ταῖς.</span> 
     </span>
    </p>
   </div>
   <div class='ocr_carea' id='block_1_7' title="bbox 108 258 893 297">
    <p class='ocr_par' dir='ltr' id='par_1_7' title="bbox 108 258 893 297">
     <span class='ocr_line' id='line_1_7' title="bbox 108 258 893 297; baseline -0.006 -8"><span class='ocrx_word' id='word_1_26' title='bbox 108 264 148 294; x_wconf 83' lang='grc' dir='ltr'><strong>είς</strong></span> <span class='ocrx_word' id='word_1_27' title='bbox 177 262 264 297; x_wconf 79' lang='grc' dir='ltr'>αὐτὴν</span> <span class='ocrx_word' id='word_1_28' title='bbox 287 261 429 296; x_wconf 82' lang='grc' dir='ltr'>προσόδοις</span> <span class='ocrx_word' id='word_1_29' title='bbox 454 259 583 294; x_wconf 79' lang='grc' dir='ltr'><strong>γινομένη</strong></span> <span class='ocrx_word' id='word_1_30' title='bbox 610 259 690 290; x_wconf 65' lang='grc' dir='ltr'>δεκὰς</span> <span class='ocrx_word' id='word_1_31' title='bbox 703 259 746 285; x_wconf 80' lang='grc' dir='ltr'>διὰ</span> <span class='ocrx_word' id='word_1_32' title='bbox 763 258 893 289; x_wconf 80' lang='grc' dir='ltr'><strong>πεντάδος</strong></span> 
     </span>
    </p>
   </div>
   <div class='ocr_carea' id='block_1_8' title="bbox 108 303 890 342">
    <p class='ocr_par' dir='ltr' id='par_1_8' title="bbox 108 303 890 342">
     <span class='ocr_line' id='line_1_8' title="bbox 108 303 890 342; baseline -0.008 -7"><span class='ocrx_word' id='word_1_33' title='bbox 108 307 368 342; x_wconf 83' lang='grc' dir='ltr'>ίσοπλασιασθείσης</span> <span class='ocrx_word' id='word_1_34' title='bbox 392 305 460 340; x_wconf 77' lang='grc' dir='ltr'>αὐτῇ</span> <span class='ocrx_word' id='word_1_35' title='bbox 490 305 604 331; x_wconf 79' lang='grc' dir='ltr'>ποιοῦσα</span> <span class='ocrx_word' id='word_1_36' title='bbox 622 304 671 339; x_wconf 82' lang='grc' dir='ltr'>τὴν</span> <span class='ocrx_word' id='word_1_37' title='bbox 690 303 890 339; x_wconf 81' lang='grc' dir='ltr'>Πεντηκοστὴν,</span> 
     </span>
    </p>
   </div>
   <div class='ocr_carea' id='block_1_9' title="bbox 107 347 892 389">
    <p class='ocr_par' dir='ltr' id='par_1_9' title="bbox 107 347 892 389">
     <span class='ocr_line' id='line_1_9' title="bbox 107 347 892 389; baseline -0.009 -9"><span class='ocrx_word' id='word_1_38' title='bbox 107 353 181 389; x_wconf 81' lang='grc' dir='ltr'>ἀρχὴ</span> <span class='ocrx_word' id='word_1_39' title='bbox 194 353 241 379; x_wconf 71' lang='grc' dir='ltr'>καὶ</span> <span class='ocrx_word' id='word_1_40' title='bbox 260 351 335 383; x_wconf 79' lang='grc' dir='ltr'>τέλος</span> <span class='ocrx_word' id='word_1_41' title='bbox 360 351 419 377; x_wconf 73' lang='grc' dir='ltr'>ἐστὶ</span> <span class='ocrx_word' id='word_1_42' title='bbox 444 349 497 376; x_wconf 84' lang='grc' dir='ltr'>τῶν</span> <span class='ocrx_word' id='word_1_43' title='bbox 521 349 620 384; x_wconf 78' lang='grc' dir='ltr'>ἑαυτῆς</span> <span class='ocrx_word' id='word_1_44' title='bbox 635 357 642 363; x_wconf 86' lang='grc'><em>’</em></span> <span class='ocrx_word' id='word_1_45' title='bbox 656 348 685 375; x_wconf 77' lang='grc' dir='ltr'>τὸ</span> <span class='ocrx_word' id='word_1_46' title='bbox 704 349 768 383; x_wconf 80' lang='grc' dir='ltr'>μὲν,</span> <span class='ocrx_word' id='word_1_47' title='bbox 782 348 819 379; x_wconf 85' lang='grc' dir='ltr'>ὡς</span> <span class='ocrx_word' id='word_1_48' title='bbox 840 347 892 381; x_wconf 80' lang='grc' dir='ltr'>πρὸ</span> 
     </span>
    </p>
   </div>
   <div class='ocr_carea' id='block_1_10' title="bbox 109 392 892 430">
    <p class='ocr_par' dir='ltr' id='par_1_10' title="bbox 109 392 892 430">
     <span class='ocr_line' id='line_1_10' title="bbox 109 392 892 430; baseline -0.008 -5"><span class='ocrx_word' id='word_1_49' title='bbox 109 399 210 430; x_wconf 78' lang='grc' dir='ltr'>παντὸς</span> <span class='ocrx_word' id='word_1_50' title='bbox 234 396 318 424; x_wconf 82' lang='grc' dir='ltr'>ποσοῦ</span> <span class='ocrx_word' id='word_1_51' title='bbox 329 405 335 411; x_wconf 92' lang='grc'>·</span> <span class='ocrx_word' id='word_1_52' title='bbox 353 396 383 422; x_wconf 79' lang='grc' dir='ltr'>τὸ</span> <span class='ocrx_word' id='word_1_53' title='bbox 403 395 441 427; x_wconf 85' lang='grc' dir='ltr'>δὲ,</span> <span class='ocrx_word' id='word_1_54' title='bbox 455 395 493 426; x_wconf 86' lang='grc' dir='ltr'><strong>ὡς</strong></span> <span class='ocrx_word' id='word_1_55' title='bbox 510 394 580 430; x_wconf 77' lang='grc' dir='ltr'>ὑπὲρ</span> <span class='ocrx_word' id='word_1_56' title='bbox 604 394 688 424; x_wconf 81' lang='grc' dir='ltr'>ποσόν</span> <span class='ocrx_word' id='word_1_57' title='bbox 701 402 707 408; x_wconf 89' lang='grc'><strong>·</strong></span> <span class='ocrx_word' id='word_1_58' title='bbox 723 393 794 420; x_wconf 78' lang='grc' dir='ltr'>οὕτω</span> <span class='ocrx_word' id='word_1_59' title='bbox 814 393 860 420; x_wconf 71' lang='grc' dir='ltr'>καὶ</span> <span class='ocrx_word' id='word_1_60' title='bbox 878 392 892 418; x_wconf 80' lang='grc' dir='ltr'>ὁ</span> 
     </span>
    </p>
   </div>
   <div class='ocr_carea' id='block_1_11' title="bbox 108 438 893 478">
    <p class='ocr_par' dir='ltr' id='par_1_11' title="bbox 108 438 893 478">
     <span class='ocr_line' id='line_1_11' title="bbox 108 438 893 478; baseline -0.01 -7"><span class='ocrx_word' id='word_1_61' title='bbox 108 444 186 476; x_wconf 79' lang='grc' dir='ltr'>Θεδς,</span> <span class='ocrx_word' id='word_1_62' title='bbox 197 441 218 477; x_wconf 82' lang='grc' dir='ltr'><strong>ᾧ</strong></span> <span class='ocrx_word' id='word_1_63' title='bbox 229 442 277 478; x_wconf 85' lang='grc' dir='ltr'>τὴν</span> <span class='ocrx_word' id='word_1_64' title='bbox 289 441 389 477; x_wconf 77' lang='grc' dir='ltr'>μονάδα</span> <span class='ocrx_word' id='word_1_65' title='bbox 405 440 597 468; x_wconf 78' lang='grc' dir='ltr'>κατέίκασίαν</span> <span class='ocrx_word' id='word_1_66' title='bbox 611 438 727 474; x_wconf 74' lang='grc' dir='ltr'>τοπικὴν</span> <span class='ocrx_word' id='word_1_67' title='bbox 751 439 893 472; x_wconf 77' lang='grc' dir='ltr'><strong>ἀναλογεῖν</strong></span> 
     </span>
    </p>
   </div>
   <div class='ocr_carea' id='block_1_12' title="bbox 107 484 891 524">
    <p class='ocr_par' dir='ltr' id='par_1_12' title="bbox 107 484 891 524">
     <span class='ocr_line' id='line_1_12' title="bbox 107 484 891 524; baseline -0.008 -8"><span class='ocrx_word' id='word_1_68' title='bbox 107 490 221 524; x_wconf 75' lang='grc' dir='ltr'>ἔφησεν,</span> <span class='ocrx_word' id='word_1_69' title='bbox 238 487 309 524; x_wconf 77' lang='grc' dir='ltr'>ἀρχὴ</span> <span class='ocrx_word' id='word_1_70' title='bbox 325 488 373 513; x_wconf 79' lang='grc' dir='ltr'>καὶ</span> <span class='ocrx_word' id='word_1_71' title='bbox 399 486 476 517; x_wconf 80' lang='grc' dir='ltr'><strong>τέλος</strong></span> <span class='ocrx_word' id='word_1_72' title='bbox 493 486 552 512; x_wconf 74' lang='grc' dir='ltr'>ἐστὶ</span> <span class='ocrx_word' id='word_1_73' title='bbox 566 485 620 511; x_wconf 84' lang='grc' dir='ltr'><strong>τῶν</strong></span> <span class='ocrx_word' id='word_1_74' title='bbox 634 485 730 516; x_wconf 75' lang='grc' dir='ltr'>ὅντων,</span> <span class='ocrx_word' id='word_1_75' title='bbox 746 484 792 511; x_wconf 82' lang='grc' dir='ltr'>καὶ</span> <span class='ocrx_word' id='word_1_76' title='bbox 803 484 891 517; x_wconf 82' lang='grc' dir='ltr'>λόγος,</span> 
     </span>
    </p>
   </div>
   <div class='ocr_carea' id='block_1_13' title="bbox 107 529 894 570">
    <p class='ocr_par' dir='ltr' id='par_1_13' title="bbox 107 529 894 570">
     <span class='ocr_line' id='line_1_13' title="bbox 107 529 894 570; baseline -0.009 -8"><span class='ocrx_word' id='word_1_77' title='bbox 107 533 130 570; x_wconf 82' lang='grc' dir='ltr'><strong>ᾧ</strong></span> <span class='ocrx_word' id='word_1_78' title='bbox 145 536 178 562; x_wconf 76' lang='grc' dir='ltr'><strong>τὰ</strong></span> <span class='ocrx_word' id='word_1_79' title='bbox 195 534 282 560; x_wconf 81' lang='grc' dir='ltr'>πάντα</span> <span class='ocrx_word' id='word_1_80' title='bbox 308 533 472 567; x_wconf 73' lang='grc' dir='ltr'><strong>συνέστηκεν</strong></span> <span class='ocrx_word' id='word_1_81' title='bbox 483 539 490 546; x_wconf 88' lang='grc'><strong>·</strong></span> <span class='ocrx_word' id='word_1_82' title='bbox 506 531 578 566; x_wconf 69' lang='grc' dir='ltr'>ἀρχὴ</span> <span class='ocrx_word' id='word_1_83' title='bbox 598 530 658 565; x_wconf 83' lang='grc' dir='ltr'>μὲν,</span> <span class='ocrx_word' id='word_1_84' title='bbox 676 531 717 557; x_wconf 79' lang='grc' dir='ltr'>ὅτι</span> <span class='ocrx_word' id='word_1_85' title='bbox 735 530 788 565; x_wconf 76' lang='grc' dir='ltr'>πρὸ</span> <span class='ocrx_word' id='word_1_86' title='bbox 802 529 894 564; x_wconf 81' lang='grc' dir='ltr'><strong>πάσης</strong></span> 
     </span>
    </p>
   </div>
   <div class='ocr_carea' id='block_1_14' title="bbox 107 576 894 613">
    <p class='ocr_par' dir='ltr' id='par_1_14' title="bbox 107 576 894 613">
     <span class='ocr_line' id='line_1_14' title="bbox 107 576 894 613; baseline -0.009 -5"><span class='ocrx_word' id='word_1_87' title='bbox 107 581 204 612; x_wconf 79' lang='grc' dir='ltr'><strong>οὐσίας</strong></span> <span class='ocrx_word' id='word_1_88' title='bbox 221 579 278 606; x_wconf 80' lang='grc' dir='ltr'><strong>ἐστὶ</strong></span> <span class='ocrx_word' id='word_1_89' title='bbox 294 579 504 613; x_wconf 75' lang='grc' dir='ltr'>καὶκινήσεωςο</span> <span class='ocrx_word' id='word_1_90' title='bbox 516 577 592 608; x_wconf 81' lang='grc' dir='ltr'><strong>τέλος</strong></span> <span class='ocrx_word' id='word_1_91' title='bbox 605 576 643 610; x_wconf 84' lang='grc' dir='ltr'>δὲ,</span> <span class='ocrx_word' id='word_1_92' title='bbox 659 576 700 603; x_wconf 83' lang='grc' dir='ltr'>ὅτι</span> <span class='ocrx_word' id='word_1_93' title='bbox 714 576 784 611; x_wconf 78' lang='grc' dir='ltr'>ὑπὲρ</span> <span class='ocrx_word' id='word_1_94' title='bbox 802 576 894 603; x_wconf 80' lang='grc' dir='ltr'>πᾶσαν</span> 
     </span>
    </p>
   </div>
   <div class='ocr_carea' id='block_1_15' title="bbox 107 620 893 660">
    <p class='ocr_par' dir='ltr' id='par_1_15' title="bbox 107 620 893 660">
     <span class='ocr_line' id='line_1_15' title="bbox 107 620 893 660; baseline -0.009 -6"><span class='ocrx_word' id='word_1_95' title='bbox 107 620 203 654; x_wconf 76' lang='grc' dir='ltr'>οὖσίαν</span> <span class='ocrx_word' id='word_1_96' title='bbox 219 626 264 652; x_wconf 74' lang='grc' dir='ltr'>καὶ</span> <span class='ocrx_word' id='word_1_97' title='bbox 279 626 399 660; x_wconf 79' lang='grc' dir='ltr'>κίνησιν·</span> <span class='ocrx_word' id='word_1_98' title='bbox 410 624 487 658; x_wconf 78' lang='grc' dir='ltr'>λόγος</span> <span class='ocrx_word' id='word_1_99' title='bbox 501 623 540 656; x_wconf 73' lang='grc' dir='ltr'>δὲ,</span> <span class='ocrx_word' id='word_1_100' title='bbox 551 624 592 649; x_wconf 84' lang='grc' dir='ltr'>ὅτι</span> <span class='ocrx_word' id='word_1_101' title='bbox 606 622 715 649; x_wconf 80' lang='grc' dir='ltr'>πάντων</span> <span class='ocrx_word' id='word_1_102' title='bbox 728 622 787 648; x_wconf 82' lang='grc' dir='ltr'>κατ’</span> <span class='ocrx_word' id='word_1_103' title='bbox 804 621 893 647; x_wconf 78' lang='grc' dir='ltr'>αἰτίαν</span> 
     </span>
    </p>
   </div>
   <div class='ocr_carea' id='block_1_16' title="bbox 107 665 895 707">
    <p class='ocr_par' dir='ltr' id='par_1_16' title="bbox 107 665 895 707">
     <span class='ocr_line' id='line_1_16' title="bbox 107 665 895 707; baseline -0.009 -7"><span class='ocrx_word' id='word_1_104' title='bbox 107 672 288 707; x_wconf 79' lang='grc' dir='ltr'><strong>προνοητικός</strong></span> <span class='ocrx_word' id='word_1_105' title='bbox 309 672 392 702; x_wconf 75' lang='grc' dir='ltr'>ἐστιν,</span> <span class='ocrx_word' id='word_1_106' title='bbox 414 669 452 700; x_wconf 78' lang='grc' dir='ltr'>ὡς</span> <span class='ocrx_word' id='word_1_107' title='bbox 474 669 542 704; x_wconf 78' lang='grc' dir='ltr'>πρὸς</span> <span class='ocrx_word' id='word_1_108' title='bbox 556 668 736 703; x_wconf 77' lang='grc' dir='ltr'>ὑποκείμενον</span> <span class='ocrx_word' id='word_1_109' title='bbox 751 665 820 699; x_wconf 75' lang='grc' dir='ltr'>εἶδος</span> <span class='ocrx_word' id='word_1_110' title='bbox 834 675 895 693; x_wconf 82' lang='grc' dir='ltr'>συν-</span> 
     </span>
    </p>
   </div>
   <div class='ocr_carea' id='block_1_17' title="bbox 104 712 895 754">
    <p class='ocr_par' dir='ltr' id='par_1_17' title="bbox 104 712 895 754">
     <span class='ocr_line' id='line_1_17' title="bbox 104 712 895 754; baseline -0.009 -8"><span class='ocrx_word' id='word_1_111' title='bbox 104 719 170 754; x_wconf 77' lang='grc' dir='ltr'>οχὴ,</span> <span class='ocrx_word' id='word_1_112' title='bbox 187 718 248 744; x_wconf 79' lang='grc' dir='ltr'>καθ’</span> <span class='ocrx_word' id='word_1_113' title='bbox 268 717 301 752; x_wconf 83' lang='grc' dir='ltr'>ἠν</span> <span class='ocrx_word' id='word_1_114' title='bbox 316 716 370 742; x_wconf 84' lang='grc' dir='ltr'>τῶν</span> <span class='ocrx_word' id='word_1_115' title='bbox 382 716 465 742; x_wconf 76' lang='grc' dir='ltr'>ὄντων</span> <span class='ocrx_word' id='word_1_116' title='bbox 476 715 590 742; x_wconf 64' lang='grc' dir='ltr'>ἕκαστον</span> <span class='ocrx_word' id='word_1_117' title='bbox 602 714 658 750; x_wconf 67' lang='grc' dir='ltr'>ἔχει</span> <span class='ocrx_word' id='word_1_118' title='bbox 674 714 722 750; x_wconf 77' lang='grc' dir='ltr'>τὴν</span> <span class='ocrx_word' id='word_1_119' title='bbox 736 714 765 740; x_wconf 83' lang='grc' dir='ltr'>ἐν</span> <span class='ocrx_word' id='word_1_120' title='bbox 780 712 818 748; x_wconf 83' lang='grc' dir='ltr'>τῷ</span> <span class='ocrx_word' id='word_1_121' title='bbox 831 713 895 739; x_wconf 77' lang='grc' dir='ltr'>ἑαυ-</span> 
     </span>
    </p>
   </div>
   <div class='ocr_carea' id='block_1_18' title="bbox 108 759 894 799">
    <p class='ocr_par' dir='ltr' id='par_1_18' title="bbox 108 759 894 799">
     <span class='ocr_line' id='line_1_18' title="bbox 108 759 894 799; baseline -0.011 -6"><span class='ocrx_word' id='word_1_122' title='bbox 108 766 157 793; x_wconf 81' lang='grc' dir='ltr'><strong>τοῦ</strong></span> <span class='ocrx_word' id='word_1_123' title='bbox 188 765 259 799; x_wconf 80' lang='grc' dir='ltr'>λόγῳ</span> <span class='ocrx_word' id='word_1_124' title='bbox 287 761 426 797; x_wconf 79' lang='grc' dir='ltr'>διαμονήν.</span> <span class='ocrx_word' id='word_1_125' title='bbox 445 762 528 788; x_wconf 84' lang='grc' dir='ltr'>Ὅταν</span> <span class='ocrx_word' id='word_1_126' title='bbox 553 759 600 787; x_wconf 83' lang='grc' dir='ltr'>οὖν</span> <span class='ocrx_word' id='word_1_127' title='bbox 625 759 729 786; x_wconf 75' lang='grc' dir='ltr'>λάϐωσι</span> <span class='ocrx_word' id='word_1_128' title='bbox 757 759 845 793; x_wconf 78' lang='grc' dir='ltr'>πέρας</span> <span class='ocrx_word' id='word_1_129' title='bbox 869 759 894 784; x_wconf 80' lang='grc' dir='ltr'><strong>οι</strong></span> 
     </span>
    </p>
   </div>
   <div class='ocr_carea' id='block_1_19' title="bbox 108 803 895 846">
    <p class='ocr_par' dir='ltr' id='par_1_19' title="bbox 108 803 895 846">
     <span class='ocr_line' id='line_1_19' title="bbox 108 803 895 846; baseline -0.01 -8"><span class='ocrx_word' id='word_1_130' title='bbox 108 811 201 846; x_wconf 80' lang='grc' dir='ltr'>χρόνοι</span> <span class='ocrx_word' id='word_1_131' title='bbox 224 810 270 836; x_wconf 82' lang='grc' dir='ltr'>καὶ</span> <span class='ocrx_word' id='word_1_132' title='bbox 287 809 313 835; x_wconf 84' lang='grc' dir='ltr'>οἱ</span> <span class='ocrx_word' id='word_1_133' title='bbox 330 807 445 838; x_wconf 80' lang='grc' dir='ltr'>αἰῶνες.</span> <span class='ocrx_word' id='word_1_134' title='bbox 464 803 505 838; x_wconf 72' lang='grc' dir='ltr'><strong>οἷς</strong></span> <span class='ocrx_word' id='word_1_135' title='bbox 530 806 672 839; x_wconf 80' lang='grc' dir='ltr'>ἀναλογεῖν</span> <span class='ocrx_word' id='word_1_136' title='bbox 693 805 742 840; x_wconf 81' lang='grc' dir='ltr'>τὴν</span> <span class='ocrx_word' id='word_1_137' title='bbox 760 803 895 839; x_wconf 77' lang='grc' dir='ltr'>ἑϐδομάδα</span> 
     </span>
    </p>
   </div>
   <div class='ocr_carea' id='block_1_20' title="bbox 108 850 894 890">
    <p class='ocr_par' dir='ltr' id='par_1_20' title="bbox 108 850 894 890">
     <span class='ocr_line' id='line_1_20' title="bbox 108 850 894 890; baseline -0.009 -8"><span class='ocrx_word' id='word_1_138' title='bbox 108 855 194 890; x_wconf 68' lang='grc' dir='ltr'>φησιν</span> <span class='ocrx_word' id='word_1_139' title='bbox 208 875 216 887; x_wconf 89' lang='grc'><strong>,</strong></span> <span class='ocrx_word' id='word_1_140' title='bbox 231 854 312 885; x_wconf 79' lang='grc' dir='ltr'>αὐτὸς</span> <span class='ocrx_word' id='word_1_141' title='bbox 339 853 416 879; x_wconf 71' lang='grc' dir='ltr'>ἔσται</span> <span class='ocrx_word' id='word_1_142' title='bbox 440 852 501 878; x_wconf 81' lang='grc' dir='ltr'>τότε</span> <span class='ocrx_word' id='word_1_143' title='bbox 532 851 685 886; x_wconf 78' lang='grc' dir='ltr'>μονώτατος</span> <span class='ocrx_word' id='word_1_144' title='bbox 706 852 720 876; x_wconf 85' lang='grc' dir='ltr'><strong>ό</strong></span> <span class='ocrx_word' id='word_1_145' title='bbox 740 850 815 882; x_wconf 82' lang='grc' dir='ltr'><strong>Θεὸς,</strong></span> <span class='ocrx_word' id='word_1_146' title='bbox 832 850 894 885; x_wconf 84' lang='grc' dir='ltr'>δίχα</span> 
     </span>
    </p>
   </div>
   <div class='ocr_carea' id='block_1_21' title="bbox 107 896 895 935">
    <p class='ocr_par' dir='ltr' id='par_1_21' title="bbox 107 896 895 935">
     <span class='ocr_line' id='line_1_21' title="bbox 107 896 895 935; baseline -0.008 -9"><span class='ocrx_word' id='word_1_147' title='bbox 107 900 160 935; x_wconf 79' lang='grc' dir='ltr'>τῆς</span> <span class='ocrx_word' id='word_1_148' title='bbox 170 899 224 925; x_wconf 88' lang='grc' dir='ltr'>τῶν</span> <span class='ocrx_word' id='word_1_149' title='bbox 237 899 287 925; x_wconf 80' lang='grc' dir='ltr'>οὐκ</span> <span class='ocrx_word' id='word_1_150' title='bbox 300 898 377 928; x_wconf 75' lang='grc' dir='ltr'>ἄνευ,</span> <span class='ocrx_word' id='word_1_151' title='bbox 392 896 524 929; x_wconf 77' lang='grc' dir='ltr'><strong>τουτέστι,</strong></span> <span class='ocrx_word' id='word_1_152' title='bbox 537 896 627 922; x_wconf 81' lang='grc' dir='ltr'>τόπων</span> <span class='ocrx_word' id='word_1_153' title='bbox 640 897 688 924; x_wconf 82' lang='grc' dir='ltr'>καὶ</span> <span class='ocrx_word' id='word_1_154' title='bbox 703 896 806 931; x_wconf 87' lang='grc' dir='ltr'>χρόνων</span> <span class='ocrx_word' id='word_1_155' title='bbox 818 903 895 929; x_wconf 65' lang='grc' dir='ltr'>μεσια</span> 
     </span>
    </p>
   </div>
   <div class='ocr_carea' id='block_1_22' title="bbox 106 940 895 979">
    <p class='ocr_par' dir='ltr' id='par_1_22' title="bbox 106 940 895 979">
     <span class='ocr_line' id='line_1_22' title="bbox 106 940 895 979; baseline -0.008 -7"><span class='ocrx_word' id='word_1_156' title='bbox 106 946 198 977; x_wconf 76' lang='grc' dir='ltr'>τείας,</span> <span class='ocrx_word' id='word_1_157' title='bbox 211 943 372 979; x_wconf 75' lang='grc' dir='ltr'>συγκροτῶν</span> <span class='ocrx_word' id='word_1_158' title='bbox 388 943 423 970; x_wconf 78' lang='grc' dir='ltr'>δι’</span> <span class='ocrx_word' id='word_1_159' title='bbox 437 941 536 971; x_wconf 72' lang='grc' dir='ltr'>ἑαυτοῦ</span> <span class='ocrx_word' id='word_1_160' title='bbox 548 941 610 968; x_wconf 86' lang='grc' dir='ltr'>καθ’</span> <span class='ocrx_word' id='word_1_161' title='bbox 626 941 723 968; x_wconf 70' lang='grc' dir='ltr'>ἕνωσιν</span> <span class='ocrx_word' id='word_1_162' title='bbox 740 940 829 976; x_wconf 76' lang='grc' dir='ltr'>ἀληθῆ</span> <span class='ocrx_word' id='word_1_163' title='bbox 839 940 895 967; x_wconf 84' lang='grc' dir='ltr'>τῶν</span> 
     </span>
    </p>
   </div>
   <div class='ocr_carea' id='block_1_23' title="bbox 105 986 895 1024">
    <p class='ocr_par' dir='ltr' id='par_1_23' title="bbox 105 986 895 1024">
     <span class='ocr_line' id='line_1_23' title="bbox 105 986 895 1024; baseline -0.008 -6"><span class='ocrx_word' id='word_1_164' title='bbox 105 992 195 1018; x_wconf 72' lang='grc' dir='ltr'>ὅντων</span> <span class='ocrx_word' id='word_1_165' title='bbox 209 991 237 1017; x_wconf 79' lang='grc' dir='ltr'>ἐν</span> <span class='ocrx_word' id='word_1_166' title='bbox 254 991 309 1021; x_wconf 84' lang='grc' dir='ltr'>τοῖς</span> <span class='ocrx_word' id='word_1_167' title='bbox 327 988 490 1024; x_wconf 73' lang='grc' dir='ltr'><strong>σωζομένοις</strong></span> <span class='ocrx_word' id='word_1_168' title='bbox 505 987 637 1023; x_wconf 59' lang='grc' dir='ltr'>ὓπαρξιν</span> <span class='ocrx_word' id='word_1_169' title='bbox 652 987 735 1022; x_wconf 68' lang='grc' dir='ltr'><strong>Ιἤγουν</strong></span> <span class='ocrx_word' id='word_1_170' title='bbox 751 986 800 1022; x_wconf 75' lang='grc' dir='ltr'>τὴν</span> <span class='ocrx_word' id='word_1_171' title='bbox 815 986 895 1021; x_wconf 78' lang='grc' dir='ltr'>φύσιν</span> 
     </span>
    </p>
   </div>
   <div class='ocr_carea' id='block_1_24' title="bbox 107 1033 895 1074">
    <p class='ocr_par' dir='ltr' id='par_1_24' title="bbox 107 1033 895 1074">
     <span class='ocr_line' id='line_1_24' title="bbox 107 1033 895 1074; baseline -0.008 -8"><span class='ocrx_word' id='word_1_172' title='bbox 107 1039 163 1074; x_wconf 75' lang='grc' dir='ltr'>τὴν</span> <span class='ocrx_word' id='word_1_173' title='bbox 189 1038 314 1073; x_wconf 79' lang='grc' dir='ltr'>γενητὴν,</span> <span class='ocrx_word' id='word_1_174' title='bbox 326 1037 359 1071; x_wconf 80' lang='grc' dir='ltr'>ἣν</span> <span class='ocrx_word' id='word_1_175' title='bbox 375 1037 408 1071; x_wconf 84' lang='grc' dir='ltr'>τῇ</span> <span class='ocrx_word' id='word_1_176' title='bbox 425 1035 534 1062; x_wconf 83' lang='grc' dir='ltr'>πεντάδι</span> <span class='ocrx_word' id='word_1_177' title='bbox 557 1034 740 1070; x_wconf 80' lang='grc' dir='ltr'>παρεικασεν,</span> <span class='ocrx_word' id='word_1_178' title='bbox 758 1033 789 1060; x_wconf 86' lang='grc' dir='ltr'>οὐ</span> <span class='ocrx_word' id='word_1_179' title='bbox 816 1033 895 1068; x_wconf 85' lang='grc' dir='ltr'>μόνον</span> 
     </span>
    </p>
   </div>
   <div class='ocr_carea' id='block_1_25' title="bbox 105 1078 895 1117">
    <p class='ocr_par' dir='ltr' id='par_1_25' title="bbox 105 1078 895 1117">
     <span class='ocr_line' id='line_1_25' title="bbox 105 1078 895 1117; baseline -0.006 -6"><span class='ocrx_word' id='word_1_180' title='bbox 105 1083 155 1110; x_wconf 77' lang='grc' dir='ltr'><strong>διὰ</strong></span> <span class='ocrx_word' id='word_1_181' title='bbox 170 1083 218 1114; x_wconf 75' lang='grc' dir='ltr'><strong>τὰς</strong></span> <span class='ocrx_word' id='word_1_182' title='bbox 232 1082 382 1117; x_wconf 77' lang='grc' dir='ltr'><strong>αἰσθήσεις,</strong></span> <span class='ocrx_word' id='word_1_183' title='bbox 391 1078 435 1113; x_wconf 74' lang='grc' dir='ltr'>αἷς</span> <span class='ocrx_word' id='word_1_184' title='bbox 452 1080 618 1107; x_wconf 79' lang='grc' dir='ltr'>ὑποπίπτειν</span> <span class='ocrx_word' id='word_1_185' title='bbox 630 1080 762 1114; x_wconf 75' lang='grc' dir='ltr'>πέφυκεν,</span> <span class='ocrx_word' id='word_1_186' title='bbox 771 1078 838 1106; x_wconf 68' lang='grc' dir='ltr'>ἀλλὰ</span> <span class='ocrx_word' id='word_1_187' title='bbox 852 1078 895 1106; x_wconf 75' lang='grc' dir='ltr'><strong>διὰ</strong></span> 
     </span>
    </p>
   </div>
   <div class='ocr_carea' id='block_1_26' title="bbox 107 1123 896 1165">
    <p class='ocr_par' dir='ltr' id='par_1_26' title="bbox 107 1123 896 1165">
     <span class='ocr_line' id='line_1_26' title="bbox 107 1123 896 1165; baseline -0.006 -10"><span class='ocrx_word' id='word_1_188' title='bbox 107 1129 163 1165; x_wconf 78' lang='grc' dir='ltr'>τὴν</span> <span class='ocrx_word' id='word_1_189' title='bbox 173 1127 318 1163; x_wconf 77' lang='grc' dir='ltr'>καθολικὴν</span> <span class='ocrx_word' id='word_1_190' title='bbox 333 1127 498 1162; x_wconf 72' lang='grc' dir='ltr'>ἐπιστήμην,</span> <span class='ocrx_word' id='word_1_191' title='bbox 513 1126 575 1161; x_wconf 77' lang='grc' dir='ltr'>ἥτις</span> <span class='ocrx_word' id='word_1_192' title='bbox 597 1127 627 1152; x_wconf 82' lang='grc' dir='ltr'>ὲν</span> <span class='ocrx_word' id='word_1_193' title='bbox 638 1126 672 1160; x_wconf 77' lang='grc' dir='ltr'><strong>τῇ</strong></span> <span class='ocrx_word' id='word_1_194' title='bbox 686 1123 830 1160; x_wconf 74' lang='grc' dir='ltr'>περιλήψει</span> <span class='ocrx_word' id='word_1_195' title='bbox 846 1125 896 1160; x_wconf 65' lang='grc' dir='ltr'>τῆς</span> 
     </span>
    </p>
   </div>
   <div class='ocr_carea' id='block_1_27' title="bbox 105 1170 897 1210">
    <p class='ocr_par' dir='ltr' id='par_1_27' title="bbox 105 1170 897 1210">
     <span class='ocr_line' id='line_1_27' title="bbox 105 1170 897 1210; baseline -0.006 -9"><span class='ocrx_word' id='word_1_196' title='bbox 105 1175 167 1202; x_wconf 79' lang='grc' dir='ltr'><strong>τῶν</strong></span> <span class='ocrx_word' id='word_1_197' title='bbox 177 1174 275 1210; x_wconf 56' lang='grc' dir='ltr'>Μερῶν</span> <span class='ocrx_word' id='word_1_198' title='bbox 292 1182 320 1200; x_wconf 84' lang='grc' dir='ltr'><strong>τε</strong></span> <span class='ocrx_word' id='word_1_199' title='bbox 334 1174 381 1200; x_wconf 83' lang='grc' dir='ltr'>καὶ</span> <span class='ocrx_word' id='word_1_200' title='bbox 396 1172 523 1207; x_wconf 83' lang='grc' dir='ltr'>λογικῶν,</span> <span class='ocrx_word' id='word_1_201' title='bbox 544 1170 711 1207; x_wconf 78' lang='grc' dir='ltr'>αἰσθητικῶν</span> <span class='ocrx_word' id='word_1_202' title='bbox 725 1179 755 1197; x_wconf 82' lang='grc' dir='ltr'><strong>τε</strong></span> <span class='ocrx_word' id='word_1_203' title='bbox 767 1171 814 1198; x_wconf 75' lang='grc' dir='ltr'><strong>καὶ</strong></span> <span class='ocrx_word' id='word_1_204' title='bbox 831 1170 897 1202; x_wconf 76' lang='grc' dir='ltr'><strong>ζών-</strong></span> 
     </span>
    </p>
   </div>
   <div class='ocr_carea' id='block_1_28' title="bbox 107 1216 896 1254">
    <p class='ocr_par' dir='ltr' id='par_1_28' title="bbox 107 1216 896 1254">
     <span class='ocr_line' id='line_1_28' title="bbox 107 1216 896 1254; baseline -0.006 -7"><span class='ocrx_word' id='word_1_205' title='bbox 107 1230 178 1254; x_wconf 75' lang='grc' dir='ltr'>των,</span> <span class='ocrx_word' id='word_1_206' title='bbox 193 1221 238 1247; x_wconf 68' lang='grc' dir='ltr'><strong>καὶ</strong></span> <span class='ocrx_word' id='word_1_207' title='bbox 248 1220 331 1246; x_wconf 71' lang='grc' dir='ltr'>ὄντων</span> <span class='ocrx_word' id='word_1_208' title='bbox 346 1220 496 1246; x_wconf 80' lang='grc' dir='ltr'>ἁπταίστου</span> <span class='ocrx_word' id='word_1_209' title='bbox 509 1218 663 1252; x_wconf 82' lang='grc' dir='ltr'>καθέστηκε</span> <span class='ocrx_word' id='word_1_210' title='bbox 675 1216 813 1251; x_wconf 75' lang='grc' dir='ltr'>γνώσεως.</span> <span class='ocrx_word' id='word_1_211' title='bbox 824 1217 896 1243; x_wconf 82' lang='grc' dir='ltr'><strong>Οὐκ-</strong></span> 
     </span>
    </p>
   </div>
   <div class='ocr_carea' id='block_1_29' title="bbox 106 1262 897 1300">
    <p class='ocr_par' dir='ltr' id='par_1_29' title="bbox 106 1262 897 1300">
     <span class='ocr_line' id='line_1_29' title="bbox 106 1262 897 1300; baseline -0.008 -6"><span class='ocrx_word' id='word_1_212' title='bbox 106 1267 159 1294; x_wconf 85' lang='grc' dir='ltr'><strong>οῦν</strong></span> <span class='ocrx_word' id='word_1_213' title='bbox 176 1265 307 1293; x_wconf 83' lang='grc' dir='ltr'>παύσεταί</span> <span class='ocrx_word' id='word_1_214' title='bbox 321 1273 397 1296; x_wconf 82' lang='grc' dir='ltr'>ποτε,</span> <span class='ocrx_word' id='word_1_215' title='bbox 413 1265 462 1300; x_wconf 85' lang='grc' dir='ltr'>τῆς</span> <span class='ocrx_word' id='word_1_216' title='bbox 479 1272 509 1291; x_wconf 83' lang='grc' dir='ltr'><strong>τε</strong></span> <span class='ocrx_word' id='word_1_217' title='bbox 525 1263 594 1291; x_wconf 82' lang='grc' dir='ltr'>κατὰ</span> <span class='ocrx_word' id='word_1_218' title='bbox 608 1264 689 1291; x_wconf 84' lang='grc' dir='ltr'>τόπον</span> <span class='ocrx_word' id='word_1_219' title='bbox 704 1263 836 1295; x_wconf 81' lang='grc' dir='ltr'>στάσεως,</span> <span class='ocrx_word' id='word_1_220' title='bbox 851 1262 897 1288; x_wconf 70' lang='grc' dir='ltr'>καὶ</span> 
     </span>
    </p>
   </div>
   <div class='ocr_carea' id='block_1_30' title="bbox 107 1308 896 1348">
    <p class='ocr_par' dir='ltr' id='par_1_30' title="bbox 107 1308 896 1348">
     <span class='ocr_line' id='line_1_30' title="bbox 107 1308 896 1348; baseline -0.008 -9"><span class='ocrx_word' id='word_1_221' title='bbox 107 1312 164 1348; x_wconf 82' lang='grc' dir='ltr'>τῆς</span> <span class='ocrx_word' id='word_1_222' title='bbox 176 1313 245 1338; x_wconf 80' lang='grc' dir='ltr'>κατὰ</span> <span class='ocrx_word' id='word_1_223' title='bbox 259 1311 353 1347; x_wconf 86' lang='grc' dir='ltr'>χρόνον</span> <span class='ocrx_word' id='word_1_224' title='bbox 368 1310 510 1345; x_wconf 77' lang='grc' dir='ltr'>κινήσεως,</span> <span class='ocrx_word' id='word_1_225' title='bbox 524 1309 562 1340; x_wconf 87' lang='grc' dir='ltr'>ὼς</span> <span class='ocrx_word' id='word_1_226' title='bbox 575 1309 645 1344; x_wconf 79' lang='grc' dir='ltr'>ὑπὲρ</span> <span class='ocrx_word' id='word_1_227' title='bbox 656 1308 690 1335; x_wconf 81' lang='grc' dir='ltr'>τὰ</span> <span class='ocrx_word' id='word_1_228' title='bbox 699 1309 736 1336; x_wconf 79' lang='grc' dir='ltr'>δι’</span> <span class='ocrx_word' id='word_1_229' title='bbox 752 1308 837 1343; x_wconf 75' lang='grc' dir='ltr'>αὐτὴν</span> <span class='ocrx_word' id='word_1_230' title='bbox 849 1316 896 1342; x_wconf 79' lang='grc' dir='ltr'>γε-</span> 
     </span>
    </p>
   </div>
   <div class='ocr_carea' id='block_1_31' title="bbox 108 1350 896 1392">
    <p class='ocr_par' dir='ltr' id='par_1_31' title="bbox 108 1350 896 1392">
     <span class='ocr_line' id='line_1_31' title="bbox 108 1350 896 1392; baseline -0.005 -8"><span class='ocrx_word' id='word_1_231' title='bbox 108 1358 212 1392; x_wconf 85' lang='grc' dir='ltr'>γονότα</span> <span class='ocrx_word' id='word_1_232' title='bbox 223 1350 364 1392; x_wconf 65' lang='grc' dir='ltr'>(τουτέστι,</span> <span class='ocrx_word' id='word_1_233' title='bbox 378 1355 460 1382; x_wconf 80' lang='grc' dir='ltr'>τόπον</span> <span class='ocrx_word' id='word_1_234' title='bbox 474 1355 522 1381; x_wconf 76' lang='grc' dir='ltr'>καὶ</span> <span class='ocrx_word' id='word_1_235' title='bbox 538 1354 644 1389; x_wconf 84' lang='grc' dir='ltr'>χρόνον)</span> <span class='ocrx_word' id='word_1_236' title='bbox 655 1354 700 1381; x_wconf 77' lang='grc' dir='ltr'>διὰ</span> <span class='ocrx_word' id='word_1_237' title='bbox 712 1354 761 1388; x_wconf 87' lang='grc' dir='ltr'>τῆς</span> <span class='ocrx_word' id='word_1_238' title='bbox 772 1353 839 1388; x_wconf 83' lang='grc' dir='ltr'>πρὸς</span> <span class='ocrx_word' id='word_1_239' title='bbox 851 1353 896 1380; x_wconf 57' lang='lat' dir='ltr'><strong>sint</strong></span> 
     </span>
    </p>
   </div>
   <div class='ocr_carea' id='block_1_32' title="bbox 104 1398 897 1435">
    <p class='ocr_par' dir='ltr' id='par_1_32' title="bbox 104 1398 897 1435">
     <span class='ocr_line' id='line_1_32' title="bbox 104 1398 897 1435; baseline -0.01 -4"><span class='ocrx_word' id='word_1_240' title='bbox 104 1404 191 1434; x_wconf 72' lang='grc' dir='ltr'>Θεὸν,</span> <span class='ocrx_word' id='word_1_241' title='bbox 204 1402 238 1429; x_wconf 80' lang='grc' dir='ltr'>δι’</span> <span class='ocrx_word' id='word_1_242' title='bbox 253 1402 283 1428; x_wconf 79' lang='grc' dir='ltr'>ὃν</span> <span class='ocrx_word' id='word_1_243' title='bbox 294 1402 341 1428; x_wconf 78' lang='grc' dir='ltr'>καὶ</span> <span class='ocrx_word' id='word_1_244' title='bbox 354 1401 477 1435; x_wconf 75' lang='grc' dir='ltr'>γέγονεν,</span> <span class='ocrx_word' id='word_1_245' title='bbox 490 1398 606 1434; x_wconf 78' lang='grc' dir='ltr'>ἀληθοῦς</span> <span class='ocrx_word' id='word_1_246' title='bbox 627 1399 775 1433; x_wconf 77' lang='grc' dir='ltr'>συναφείας</span> <span class='ocrx_word' id='word_1_247' title='bbox 792 1399 821 1425; x_wconf 80' lang='grc' dir='ltr'>ὲν</span> <span class='ocrx_word' id='word_1_248' title='bbox 840 1399 897 1429; x_wconf 74' lang='grc' dir='ltr'>τοῖς</span> 
     </span>
    </p>
   </div>
   <div class='ocr_carea' id='block_1_33' title="bbox 106 1442 897 1482">
    <p class='ocr_par' dir='ltr' id='par_1_33' title="bbox 106 1442 897 1482">
     <span class='ocr_line' id='line_1_33' title="bbox 106 1442 897 1482; baseline -0.009 -7"><span class='ocrx_word' id='word_1_249' title='bbox 106 1447 277 1482; x_wconf 68' lang='grc' dir='ltr'>σωζομένοις</span> <span class='ocrx_word' id='word_1_250' title='bbox 291 1445 424 1480; x_wconf 72' lang='grc' dir='ltr'>γενομένη</span> <span class='ocrx_word' id='word_1_251' title='bbox 437 1444 491 1471; x_wconf 82' lang='grc' dir='ltr'><strong>τῶν</strong></span> <span class='ocrx_word' id='word_1_252' title='bbox 505 1444 588 1471; x_wconf 67' lang='grc' dir='ltr'>ὄντων</span> <span class='ocrx_word' id='word_1_253' title='bbox 604 1445 620 1479; x_wconf 78' lang='grc' dir='ltr'>ἡ</span> <span class='ocrx_word' id='word_1_254' title='bbox 637 1443 727 1478; x_wconf 82' lang='grc' dir='ltr'>φύσις.</span> <span class='ocrx_word' id='word_1_255' title='bbox 742 1442 829 1469; x_wconf 78' lang='grc' dir='ltr'>Αὐτὸν</span> <span class='ocrx_word' id='word_1_256' title='bbox 843 1442 897 1477; x_wconf 66' lang='grc' dir='ltr'>γὰρ</span> 
     </span>
    </p>
   </div>
   <div class='ocr_carea' id='block_1_34' title="bbox 942 214 1727 250">
    <p class='ocr_par' dir='ltr' id='par_1_34' title="bbox 942 214 1727 250">
     <span class='ocr_line' id='line_1_34' title="bbox 942 214 1727 250; baseline 0.001 -9"><span class='ocrx_word' id='word_1_257' title='bbox 942 219 1012 241; x_wconf 91' lang='lat' dir='ltr'><strong>stem</strong></span> <span class='ocrx_word' id='word_1_258' title='bbox 1029 214 1166 248; x_wconf 79' lang='lat' dir='ltr'><strong>eiiiciens;</strong></span> <span class='ocrx_word' id='word_1_259' title='bbox 1187 222 1220 242; x_wconf 88' lang='lat' dir='ltr'><strong>ac</strong></span> <span class='ocrx_word' id='word_1_260' title='bbox 1242 223 1347 248; x_wconf 84' lang='lat' dir='ltr'><strong>rursus,</strong></span> <span class='ocrx_word' id='word_1_261' title='bbox 1377 215 1435 242; x_wconf 87' lang='lat' dir='ltr'><strong>suis</strong></span> <span class='ocrx_word' id='word_1_262' title='bbox 1460 215 1518 250; x_wconf 86' lang='lat' dir='ltr'><strong>ipsa</strong></span> <span class='ocrx_word' id='word_1_263' title='bbox 1549 215 1667 243; x_wconf 84' lang='lat' dir='ltr'><strong>cumulis</strong></span> <span class='ocrx_word' id='word_1_264' title='bbox 1693 216 1727 243; x_wconf 87' lang='lat' dir='ltr'><strong>ad</strong></span> 
     </span>
    </p>
   </div>
   <div class='ocr_carea' id='block_1_35' title="bbox 938 260 1728 296">
    <p class='ocr_par' dir='ltr' id='par_1_35' title="bbox 938 260 1728 296">
     <span class='ocr_line' id='line_1_35' title="bbox 938 260 1728 296; baseline 0 -8"><span class='ocrx_word' id='word_1_265' title='bbox 938 268 1057 295; x_wconf 84' lang='lat' dir='ltr'><strong>eamque</strong></span> <span class='ocrx_word' id='word_1_266' title='bbox 1066 261 1272 288; x_wconf 82' lang='lat' dir='ltr'><strong>accessionibus</strong></span> <span class='ocrx_word' id='word_1_267' title='bbox 1290 260 1372 288; x_wconf 85' lang='lat' dir='ltr'><strong>decas</strong></span> <span class='ocrx_word' id='word_1_268' title='bbox 1390 261 1496 294; x_wconf 74' lang='lat' dir='ltr'><strong>eﬂecta,</strong></span> <span class='ocrx_word' id='word_1_269' title='bbox 1507 269 1556 296; x_wconf 89' lang='lat' dir='ltr'><strong>per</strong></span> <span class='ocrx_word' id='word_1_270' title='bbox 1570 262 1728 296; x_wconf 88' lang='lat' dir='ltr'><strong>quinarium</strong></span> 
     </span>
    </p>
   </div>
   <div class='ocr_carea' id='block_1_36' title="bbox 938 305 1729 341">
    <p class='ocr_par' dir='ltr' id='par_1_36' title="bbox 938 305 1729 341">
     <span class='ocr_line' id='line_1_36' title="bbox 938 305 1729 341; baseline 0 -9"><span class='ocrx_word' id='word_1_271' title='bbox 938 306 1029 340; x_wconf 66' lang='lat' dir='ltr'><strong>sequis</strong></span> <span class='ocrx_word' id='word_1_272' title='bbox 1042 306 1081 332; x_wconf 90' lang='lat' dir='ltr'><strong>illi</strong></span> <span class='ocrx_word' id='word_1_273' title='bbox 1097 306 1222 340; x_wconf 86' lang='lat' dir='ltr'><strong>partibus</strong></span> <span class='ocrx_word' id='word_1_274' title='bbox 1236 305 1461 341; x_wconf 85' lang='lat' dir='ltr'><strong>multiplicatum,</strong></span> <span class='ocrx_word' id='word_1_275' title='bbox 1476 306 1667 334; x_wconf 76' lang='lat' dir='ltr'><strong>Pentecostem</strong></span> <span class='ocrx_word' id='word_1_276' title='bbox 1683 307 1729 333; x_wconf 83' lang='lat' dir='ltr'><strong>iti—</strong></span> 
     </span>
    </p>
   </div>
   <div class='ocr_carea' id='block_1_37' title="bbox 942 352 1728 387">
    <p class='ocr_par' dir='ltr' id='par_1_37' title="bbox 942 352 1728 387">
     <span class='ocr_line' id='line_1_37' title="bbox 942 352 1728 387; baseline 0.001 -8"><span class='ocrx_word' id='word_1_277' title='bbox 942 352 1006 379; x_wconf 89' lang='lat' dir='ltr'><strong>dem</strong></span> <span class='ocrx_word' id='word_1_278' title='bbox 1025 352 1155 384; x_wconf 80' lang='lat' dir='ltr'><strong>reddens,</strong></span> <span class='ocrx_word' id='word_1_279' title='bbox 1169 359 1281 379; x_wconf 88' lang='lat' dir='ltr'><strong>suorum</strong></span> <span class='ocrx_word' id='word_1_280' title='bbox 1298 353 1466 387; x_wconf 86' lang='lat' dir='ltr'><strong>principium</strong></span> <span class='ocrx_word' id='word_1_281' title='bbox 1483 360 1515 380; x_wconf 84' lang='lat' dir='ltr'><strong>ac</strong></span> <span class='ocrx_word' id='word_1_282' title='bbox 1526 352 1589 380; x_wconf 80' lang='lat' dir='ltr'><strong>finis</strong></span> <span class='ocrx_word' id='word_1_283' title='bbox 1598 353 1705 380; x_wconf 75' lang='lat' dir='ltr'><strong>exsistit</strong></span> <span class='ocrx_word' id='word_1_284' title='bbox 1720 362 1728 386; x_wconf 89' lang='lat'><strong>;</strong></span> 
     </span>
    </p>
   </div>
   <div class='ocr_carea' id='block_1_38' title="bbox 943 398 1728 432">
    <p class='ocr_par' dir='ltr' id='par_1_38' title="bbox 943 398 1728 432">
     <span class='ocr_line' id='line_1_38' title="bbox 943 398 1728 432; baseline 0.001 -8"><span class='ocrx_word' id='word_1_285' title='bbox 943 398 1072 430; x_wconf 87' lang='lat' dir='ltr'><strong>alterum,</strong></span> <span class='ocrx_word' id='word_1_286' title='bbox 1088 402 1120 425; x_wconf 91' lang='lat' dir='ltr'><strong>ut</strong></span> <span class='ocrx_word' id='word_1_287' title='bbox 1137 403 1241 432; x_wconf 84' lang='lat' dir='ltr'><strong>quanto</strong></span> <span class='ocrx_word' id='word_1_288' title='bbox 1265 399 1340 425; x_wconf 91' lang='lat' dir='ltr'><strong>omni</strong></span> <span class='ocrx_word' id='word_1_289' title='bbox 1357 399 1496 432; x_wconf 89' lang='lat' dir='ltr'><strong>anterior;</strong></span> <span class='ocrx_word' id='word_1_290' title='bbox 1512 399 1627 426; x_wconf 90' lang='lat' dir='ltr'><strong>alterum</strong></span> <span class='ocrx_word' id='word_1_291' title='bbox 1650 406 1728 431; x_wconf 90' lang='lat' dir='ltr'><strong>vero,</strong></span> 
     </span>
    </p>
   </div>
   <div class='ocr_carea' id='block_1_39' title="bbox 940 443 1730 479">
    <p class='ocr_par' dir='ltr' id='par_1_39' title="bbox 940 443 1730 479">
     <span class='ocr_line' id='line_1_39' title="bbox 940 443 1730 479; baseline 0 -9"><span class='ocrx_word' id='word_1_292' title='bbox 940 447 973 471; x_wconf 83' lang='lat' dir='ltr'><strong>ut</strong></span> <span class='ocrx_word' id='word_1_293' title='bbox 987 451 1021 471; x_wconf 91' lang='lat' dir='ltr'><strong>eo</strong></span> <span class='ocrx_word' id='word_1_294' title='bbox 1032 443 1168 479; x_wconf 80' lang='lat' dir='ltr'><strong>superior.</strong></span> <span class='ocrx_word' id='word_1_295' title='bbox 1185 444 1224 471; x_wconf 84' lang='lat' dir='ltr'><strong>Ita</strong></span> <span class='ocrx_word' id='word_1_296' title='bbox 1246 448 1274 471; x_wconf 86' lang='lat' dir='ltr'><strong>et</strong></span> <span class='ocrx_word' id='word_1_297' title='bbox 1295 444 1378 477; x_wconf 88' lang='lat' dir='ltr'><strong>Deus,</strong></span> <span class='ocrx_word' id='word_1_298' title='bbox 1396 444 1440 471; x_wconf 88' lang='lat' dir='ltr'><strong>cui</strong></span> <span class='ocrx_word' id='word_1_299' title='bbox 1455 443 1539 478; x_wconf 77' lang='lat' dir='ltr'><strong>figura</strong></span> <span class='ocrx_word' id='word_1_300' title='bbox 1557 443 1675 478; x_wconf 86' lang='lat' dir='ltr'><strong>quadarn</strong></span> <span class='ocrx_word' id='word_1_301' title='bbox 1697 452 1730 470; x_wconf 81' lang='lat' dir='ltr'><strong>ac</strong></span> 
     </span>
    </p>
   </div>
   <div class='ocr_carea' id='block_1_40' title="bbox 942 489 1729 524">
    <p class='ocr_par' dir='ltr' id='par_1_40' title="bbox 942 489 1729 524">
     <span class='ocr_line' id='line_1_40' title="bbox 942 489 1729 524; baseline 0.001 -8"><span class='ocrx_word' id='word_1_302' title='bbox 942 489 1125 517; x_wconf 80' lang='lat' dir='ltr'><strong>similitudine</strong></span> <span class='ocrx_word' id='word_1_303' title='bbox 1137 489 1281 517; x_wconf 82' lang='lat' dir='ltr'><strong>monadem</strong></span> <span class='ocrx_word' id='word_1_304' title='bbox 1304 489 1482 524; x_wconf 86' lang='lat' dir='ltr'><strong>proportione</strong></span> <span class='ocrx_word' id='word_1_305' title='bbox 1504 490 1671 524; x_wconf 88' lang='lat' dir='ltr'><strong>respondere</strong></span> <span class='ocrx_word' id='word_1_306' title='bbox 1687 489 1729 517; x_wconf 88' lang='lat' dir='ltr'><strong>di-</strong></span> 
     </span>
    </p>
   </div>
   <div class='ocr_carea' id='block_1_41' title="bbox 943 533 1730 569">
    <p class='ocr_par' dir='ltr' id='par_1_41' title="bbox 943 533 1730 569">
     <span class='ocr_line' id='line_1_41' title="bbox 943 533 1730 569; baseline 0 -8"><span class='ocrx_word' id='word_1_307' title='bbox 943 535 993 566; x_wconf 69' lang='lat' dir='ltr'><strong>xit,</strong></span> <span class='ocrx_word' id='word_1_308' title='bbox 1008 542 1102 561; x_wconf 85' lang='lat' dir='ltr'><strong>rerum</strong></span> <span class='ocrx_word' id='word_1_309' title='bbox 1116 534 1282 569; x_wconf 84' lang='lat' dir='ltr'><strong>principium</strong></span> <span class='ocrx_word' id='word_1_310' title='bbox 1297 542 1329 562; x_wconf 91' lang='lat' dir='ltr'><strong>ac</strong></span> <span class='ocrx_word' id='word_1_311' title='bbox 1344 533 1408 561; x_wconf 83' lang='lat' dir='ltr'><strong>ﬁnis</strong></span> <span class='ocrx_word' id='word_1_312' title='bbox 1423 534 1541 567; x_wconf 79' lang='lat' dir='ltr'><strong>exsistit,</strong></span> <span class='ocrx_word' id='word_1_313' title='bbox 1553 542 1586 562; x_wconf 85' lang='lat' dir='ltr'><strong>ac</strong></span> <span class='ocrx_word' id='word_1_314' title='bbox 1597 534 1730 567; x_wconf 79' lang='lat' dir='ltr'><strong>Verbum,</strong></span> 
     </span>
    </p>
   </div>
   <div class='ocr_carea' id='block_1_42' title="bbox 944 578 1731 614">
    <p class='ocr_par' dir='ltr' id='par_1_42' title="bbox 944 578 1731 614">
     <span class='ocr_line' id='line_1_42' title="bbox 944 578 1731 614; baseline 0.003 -9"><span class='ocrx_word' id='word_1_315' title='bbox 944 585 999 613; x_wconf 91' lang='lat' dir='ltr'><strong>quo</strong></span> <span class='ocrx_word' id='word_1_316' title='bbox 1011 582 1110 606; x_wconf 86' lang='lat' dir='ltr'><strong>cuncta</strong></span> <span class='ocrx_word' id='word_1_317' title='bbox 1118 579 1276 606; x_wconf 85' lang='lat' dir='ltr'><strong>consistunt</strong></span> <span class='ocrx_word' id='word_1_318' title='bbox 1290 586 1323 606; x_wconf 88' lang='lat' dir='ltr'><strong>ac</strong></span> <span class='ocrx_word' id='word_1_319' title='bbox 1338 578 1448 606; x_wconf 88' lang='lat' dir='ltr'><strong>condita</strong></span> <span class='ocrx_word' id='word_1_320' title='bbox 1465 584 1540 606; x_wconf 89' lang='lat' dir='ltr'><strong>sunt.</strong></span> <span class='ocrx_word' id='word_1_321' title='bbox 1560 579 1731 614; x_wconf 81' lang='lat' dir='ltr'><strong>Principium</strong></span> 
     </span>
    </p>
   </div>
   <div class='ocr_carea' id='block_1_43' title="bbox 944 625 1732 660">
    <p class='ocr_par' dir='ltr' id='par_1_43' title="bbox 944 625 1732 660">
     <span class='ocr_line' id='line_1_43' title="bbox 944 625 1732 660; baseline 0 -8"><span class='ocrx_word' id='word_1_322' title='bbox 944 625 1064 660; x_wconf 83' lang='lat' dir='ltr'><strong>quidem,</strong></span> <span class='ocrx_word' id='word_1_323' title='bbox 1081 625 1154 660; x_wconf 90' lang='lat' dir='ltr'><strong>quod</strong></span> <span class='ocrx_word' id='word_1_324' title='bbox 1169 629 1232 653; x_wconf 88' lang='lat' dir='ltr'><strong>ante</strong></span> <span class='ocrx_word' id='word_1_325' title='bbox 1250 632 1359 654; x_wconf 87' lang='lat' dir='ltr'><strong>omnem</strong></span> <span class='ocrx_word' id='word_1_326' title='bbox 1379 625 1559 653; x_wconf 79' lang='lat' dir='ltr'><strong>substantiam</strong></span> <span class='ocrx_word' id='word_1_327' title='bbox 1572 630 1732 660; x_wconf 84' lang='lat' dir='ltr'><strong>motumque</strong></span> 
     </span>
    </p>
   </div>
   <div class='ocr_carea' id='block_1_44' title="bbox 943 671 1732 707">
    <p class='ocr_par' dir='ltr' id='par_1_44' title="bbox 943 671 1732 707">
     <span class='ocr_line' id='line_1_44' title="bbox 943 671 1732 707; baseline 0 -8"><span class='ocrx_word' id='word_1_328' title='bbox 943 676 1000 705; x_wconf 86' lang='lat' dir='ltr'><strong>est;</strong></span> <span class='ocrx_word' id='word_1_329' title='bbox 1017 671 1079 699; x_wconf 89' lang='lat' dir='ltr'><strong>linis</strong></span> <span class='ocrx_word' id='word_1_330' title='bbox 1093 675 1195 703; x_wconf 86' lang='lat' dir='ltr'><strong>autem.</strong></span> <span class='ocrx_word' id='word_1_331' title='bbox 1210 672 1284 707; x_wconf 90' lang='lat' dir='ltr'><strong>quod</strong></span> <span class='ocrx_word' id='word_1_332' title='bbox 1315 672 1472 699; x_wconf 84' lang='lat' dir='ltr'><strong>substantia</strong></span> <span class='ocrx_word' id='word_1_333' title='bbox 1499 672 1574 699; x_wconf 91' lang='lat' dir='ltr'><strong>omni</strong></span> <span class='ocrx_word' id='word_1_334' title='bbox 1599 676 1732 707; x_wconf 89' lang='lat' dir='ltr'><strong>motuque</strong></span> 
     </span>
    </p>
   </div>
   <div class='ocr_carea' id='block_1_45' title="bbox 945 717 1732 752">
    <p class='ocr_par' dir='ltr' id='par_1_45' title="bbox 945 717 1732 752">
     <span class='ocr_line' id='line_1_45' title="bbox 945 717 1732 752; baseline 0 -8"><span class='ocrx_word' id='word_1_335' title='bbox 945 717 1071 752; x_wconf 78' lang='lat' dir='ltr'><strong>superior</strong></span> <span class='ocrx_word' id='word_1_336' title='bbox 1083 721 1134 745; x_wconf 87' lang='lat' dir='ltr'><strong>est.</strong></span> <span class='ocrx_word' id='word_1_337' title='bbox 1152 717 1272 744; x_wconf 85' lang='lat' dir='ltr'><strong>Verbum</strong></span> <span class='ocrx_word' id='word_1_338' title='bbox 1301 721 1392 745; x_wconf 88' lang='lat' dir='ltr'><strong>autem</strong></span> <span class='ocrx_word' id='word_1_339' title='bbox 1415 725 1448 745; x_wconf 88' lang='lat' dir='ltr'><strong>ac</strong></span> <span class='ocrx_word' id='word_1_340' title='bbox 1472 717 1554 750; x_wconf 88' lang='lat' dir='ltr'><strong>ratio,</strong></span> <span class='ocrx_word' id='word_1_341' title='bbox 1574 718 1647 752; x_wconf 91' lang='lat' dir='ltr'><strong>quod</strong></span> <span class='ocrx_word' id='word_1_342' title='bbox 1670 718 1732 745; x_wconf 88' lang='lat' dir='ltr'><strong>uni-</strong></span> 
     </span>
    </p>
   </div>
   <div class='ocr_carea' id='block_1_46' title="bbox 943 755 1732 799">
    <p class='ocr_par' dir='ltr' id='par_1_46' title="bbox 943 755 1732 799">
     <span class='ocr_line' id='line_1_46' title="bbox 943 755 1732 799; baseline -0.001 -9"><span class='ocrx_word' id='word_1_343' title='bbox 943 763 1033 790; x_wconf 82' lang='lat' dir='ltr'><strong>versis</strong></span> <span class='ocrx_word' id='word_1_344' title='bbox 1050 767 1080 790; x_wconf 90' lang='lat' dir='ltr'><strong>ut</strong></span> <span class='ocrx_word' id='word_1_345' title='bbox 1103 766 1198 790; x_wconf 82' lang='lat' dir='ltr'><strong>auctor</strong></span> <span class='ocrx_word' id='word_1_346' title='bbox 1223 764 1378 798; x_wconf 70' lang='lat' dir='ltr'><strong>provideat,</strong></span> <span class='ocrx_word' id='word_1_347' title='bbox 1408 755 1538 799; x_wconf 80' lang='lat' dir='ltr'><strong>quodque</strong></span> <span class='ocrx_word' id='word_1_348' title='bbox 1560 764 1587 790; x_wconf 90' lang='lat' dir='ltr'><strong>in</strong></span> <span class='ocrx_word' id='word_1_349' title='bbox 1609 764 1732 799; x_wconf 82' lang='lat' dir='ltr'><strong>subjecta</strong></span> 
     </span>
    </p>
   </div>
   <div class='ocr_carea' id='block_1_47' title="bbox 943 808 1733 844">
    <p class='ocr_par' dir='ltr' id='par_1_47' title="bbox 943 808 1733 844">
     <span class='ocr_line' id='line_1_47' title="bbox 943 808 1733 844; baseline 0 -8"><span class='ocrx_word' id='word_1_350' title='bbox 943 809 1036 844; x_wconf 84' lang='lat' dir='ltr'><strong>specie</strong></span> <span class='ocrx_word' id='word_1_351' title='bbox 1051 808 1194 843; x_wconf 81' lang='lat' dir='ltr'><strong>formaque</strong></span> <span class='ocrx_word' id='word_1_352' title='bbox 1211 810 1351 836; x_wconf 84' lang='lat' dir='ltr'><strong>contineat</strong></span> <span class='ocrx_word' id='word_1_353' title='bbox 1365 817 1397 836; x_wconf 88' lang='lat' dir='ltr'><strong>ac</strong></span> <span class='ocrx_word' id='word_1_354' title='bbox 1412 814 1574 841; x_wconf 80' lang='lat' dir='ltr'><strong>conservet;</strong></span> <span class='ocrx_word' id='word_1_355' title='bbox 1591 817 1646 844; x_wconf 91' lang='lat' dir='ltr'><strong>quo</strong></span> <span class='ocrx_word' id='word_1_356' title='bbox 1658 809 1733 836; x_wconf 87' lang='lat' dir='ltr'><strong>illius</strong></span> 
     </span>
    </p>
   </div>
   <div class='ocr_carea' id='block_1_48' title="bbox 944 854 1733 889">
    <p class='ocr_par' dir='ltr' id='par_1_48' title="bbox 944 854 1733 889">
     <span class='ocr_line' id='line_1_48' title="bbox 944 854 1733 889; baseline 0 -9"><span class='ocrx_word' id='word_1_357' title='bbox 944 861 1060 881; x_wconf 88' lang='lat' dir='ltr'><strong>munere</strong></span> <span class='ocrx_word' id='word_1_358' title='bbox 1071 862 1116 881; x_wconf 88' lang='lat' dir='ltr'><strong>res</strong></span> <span class='ocrx_word' id='word_1_359' title='bbox 1132 854 1245 889; x_wconf 57' lang='lat' dir='ltr'><strong>singulae</strong></span> <span class='ocrx_word' id='word_1_360' title='bbox 1268 854 1297 881; x_wconf 89' lang='lat' dir='ltr'><strong>in</strong></span> <span class='ocrx_word' id='word_1_361' title='bbox 1318 862 1367 882; x_wconf 86' lang='lat' dir='ltr'><strong>sua</strong></span> <span class='ocrx_word' id='word_1_362' title='bbox 1399 855 1504 881; x_wconf 87' lang='lat' dir='ltr'><strong>ratione</strong></span> <span class='ocrx_word' id='word_1_363' title='bbox 1533 855 1733 888; x_wconf 80' lang='lat' dir='ltr'><strong>perennitatem</strong></span> 
     </span>
    </p>
   </div>
   <div class='ocr_carea' id='block_1_49' title="bbox 946 899 1734 935">
    <p class='ocr_par' dir='ltr' id='par_1_49' title="bbox 946 899 1734 935">
     <span class='ocr_line' id='line_1_49' title="bbox 946 899 1734 935; baseline -0.001 -8"><span class='ocrx_word' id='word_1_364' title='bbox 946 899 1057 927; x_wconf 83' lang='lat' dir='ltr'><strong>habent.</strong></span> <span class='ocrx_word' id='word_1_365' title='bbox 1070 899 1122 927; x_wconf 89' lang='lat' dir='ltr'><strong>Ubi</strong></span> <span class='ocrx_word' id='word_1_366' title='bbox 1139 900 1223 935; x_wconf 78' lang='lat' dir='ltr'><strong>igitur</strong></span> <span class='ocrx_word' id='word_1_367' title='bbox 1237 904 1362 934; x_wconf 86' lang='lat' dir='ltr'><strong>tempora</strong></span> <span class='ocrx_word' id='word_1_368' title='bbox 1376 907 1408 927; x_wconf 87' lang='lat' dir='ltr'><strong>ac</strong></span> <span class='ocrx_word' id='word_1_369' title='bbox 1421 900 1519 927; x_wconf 53' lang='lat' dir='ltr'><strong>saecula</strong></span> <span class='ocrx_word' id='word_1_370' title='bbox 1545 900 1626 926; x_wconf 83' lang='lat' dir='ltr'><strong>linem</strong></span> <span class='ocrx_word' id='word_1_371' title='bbox 1652 907 1734 926; x_wconf 89' lang='lat' dir='ltr'><strong>acce-</strong></span> 
     </span>
    </p>
   </div>
   <div class='ocr_carea' id='block_1_50' title="bbox 944 945 1732 980">
    <p class='ocr_par' dir='ltr' id='par_1_50' title="bbox 944 945 1732 980">
     <span class='ocr_line' id='line_1_50' title="bbox 944 945 1732 980; baseline -0.003 -7"><span class='ocrx_word' id='word_1_372' title='bbox 944 945 1046 980; x_wconf 79' lang='lat' dir='ltr'><strong>perint,</strong></span> <span class='ocrx_word' id='word_1_373' title='bbox 1059 945 1160 980; x_wconf 86' lang='lat' dir='ltr'><strong>quibus</strong></span> <span class='ocrx_word' id='word_1_374' title='bbox 1171 951 1245 973; x_wconf 88' lang='lat' dir='ltr'><strong>certa</strong></span> <span class='ocrx_word' id='word_1_375' title='bbox 1271 945 1388 980; x_wconf 84' lang='lat' dir='ltr'><strong>quadam</strong></span> <span class='ocrx_word' id='word_1_376' title='bbox 1416 946 1522 972; x_wconf 85' lang='lat' dir='ltr'><strong>ratione</strong></span> <span class='ocrx_word' id='word_1_377' title='bbox 1551 945 1732 979; x_wconf 85' lang='lat' dir='ltr'><strong>septimanam</strong></span> 
     </span>
    </p>
   </div>
   <div class='ocr_carea' id='block_1_51' title="bbox 944 990 1734 1026">
    <p class='ocr_par' dir='ltr' id='par_1_51' title="bbox 944 990 1734 1026">
     <span class='ocr_line' id='line_1_51' title="bbox 944 990 1734 1026; baseline -0.003 -8"><span class='ocrx_word' id='word_1_378' title='bbox 944 990 1112 1025; x_wconf 86' lang='lat' dir='ltr'><strong>respondere</strong></span> <span class='ocrx_word' id='word_1_379' title='bbox 1123 990 1200 1023; x_wconf 85' lang='lat' dir='ltr'><strong>dicit,</strong></span> <span class='ocrx_word' id='word_1_380' title='bbox 1212 991 1270 1026; x_wconf 86' lang='lat' dir='ltr'><strong>ipse</strong></span> <span class='ocrx_word' id='word_1_381' title='bbox 1282 995 1338 1018; x_wconf 89' lang='lat' dir='ltr'><strong>tum</strong></span> <span class='ocrx_word' id='word_1_382' title='bbox 1351 991 1423 1018; x_wconf 85' lang='lat' dir='ltr'><strong>Deus</strong></span> <span class='ocrx_word' id='word_1_383' title='bbox 1435 990 1668 1026; x_wconf 75' lang='lat' dir='ltr'><strong>singularissimus</strong></span> <span class='ocrx_word' id='word_1_384' title='bbox 1680 990 1734 1017; x_wconf 82' lang='lat' dir='ltr'><strong>erit</strong></span> 
     </span>
    </p>
   </div>
   <div class='ocr_carea' id='block_1_52' title="bbox 943 1035 1732 1072">
    <p class='ocr_par' dir='ltr' id='par_1_52' title="bbox 943 1035 1732 1072">
     <span class='ocr_line' id='line_1_52' title="bbox 943 1035 1732 1072; baseline -0.001 -9"><span class='ocrx_word' id='word_1_385' title='bbox 943 1035 1049 1070; x_wconf 75' lang='lat' dir='ltr'><strong>absque</strong></span> <span class='ocrx_word' id='word_1_386' title='bbox 1062 1036 1106 1069; x_wconf 86' lang='lat' dir='ltr'><strong>iis,</strong></span> <span class='ocrx_word' id='word_1_387' title='bbox 1124 1037 1183 1065; x_wconf 85' lang='lat' dir='ltr'><strong>sine</strong></span> <span class='ocrx_word' id='word_1_388' title='bbox 1204 1037 1306 1072; x_wconf 84' lang='lat' dir='ltr'><strong>quibus</strong></span> <span class='ocrx_word' id='word_1_389' title='bbox 1330 1044 1385 1064; x_wconf 91' lang='lat' dir='ltr'><strong>non</strong></span> <span class='ocrx_word' id='word_1_390' title='bbox 1402 1036 1505 1072; x_wconf 87' lang='lat' dir='ltr'><strong>(nullis</strong></span> <span class='ocrx_word' id='word_1_391' title='bbox 1531 1036 1636 1064; x_wconf 82' lang='lat' dir='ltr'><strong>scilicet</strong></span> <span class='ocrx_word' id='word_1_392' title='bbox 1652 1036 1732 1067; x_wconf 88' lang='lat' dir='ltr'><strong>locis,</strong></span> 
     </span>
    </p>
   </div>
   <div class='ocr_carea' id='block_1_53' title="bbox 945 1081 1734 1118">
    <p class='ocr_par' dir='ltr' id='par_1_53' title="bbox 945 1081 1734 1118">
     <span class='ocr_line' id='line_1_53' title="bbox 945 1081 1734 1118; baseline 0 -10"><span class='ocrx_word' id='word_1_393' title='bbox 945 1081 1086 1117; x_wconf 85' lang='lat' dir='ltr'><strong>nullisque</strong></span> <span class='ocrx_word' id='word_1_394' title='bbox 1097 1082 1249 1118; x_wconf 73' lang='lat' dir='ltr'><strong>interiectis</strong></span> <span class='ocrx_word' id='word_1_395' title='bbox 1269 1081 1462 1118; x_wconf 87' lang='lat' dir='ltr'><strong>temporibus)</strong></span> <span class='ocrx_word' id='word_1_396' title='bbox 1487 1090 1503 1109; x_wconf 87' lang='lat' dir='ltr'><strong>a</strong></span> <span class='ocrx_word' id='word_1_397' title='bbox 1528 1090 1558 1109; x_wconf 89' lang='lat' dir='ltr'><strong>se</strong></span> <span class='ocrx_word' id='word_1_398' title='bbox 1584 1082 1657 1117; x_wconf 87' lang='lat' dir='ltr'><strong>ipse,</strong></span> <span class='ocrx_word' id='word_1_399' title='bbox 1684 1089 1734 1117; x_wconf 88' lang='lat' dir='ltr'><strong>per</strong></span> 
     </span>
    </p>
   </div>
   <div class='ocr_carea' id='block_1_54' title="bbox 945 1128 1733 1164">
    <p class='ocr_par' dir='ltr' id='par_1_54' title="bbox 945 1128 1733 1164">
     <span class='ocr_line' id='line_1_54' title="bbox 945 1128 1733 1164; baseline 0 -10"><span class='ocrx_word' id='word_1_400' title='bbox 945 1135 1039 1155; x_wconf 86' lang='lat' dir='ltr'><strong>veram</strong></span> <span class='ocrx_word' id='word_1_401' title='bbox 1059 1135 1152 1155; x_wconf 88' lang='lat' dir='ltr'><strong>rerum</strong></span> <span class='ocrx_word' id='word_1_402' title='bbox 1166 1129 1308 1160; x_wconf 89' lang='lat' dir='ltr'><strong>unionem,</strong></span> <span class='ocrx_word' id='word_1_403' title='bbox 1320 1128 1348 1155; x_wconf 90' lang='lat' dir='ltr'><strong>in</strong></span> <span class='ocrx_word' id='word_1_404' title='bbox 1371 1128 1406 1155; x_wconf 89' lang='lat' dir='ltr'><strong>iis</strong></span> <span class='ocrx_word' id='word_1_405' title='bbox 1419 1128 1467 1164; x_wconf 87' lang='lat' dir='ltr'><strong>qui</strong></span> <span class='ocrx_word' id='word_1_406' title='bbox 1482 1128 1570 1155; x_wconf 85' lang='lat' dir='ltr'><strong>salute</strong></span> <span class='ocrx_word' id='word_1_407' title='bbox 1584 1128 1733 1160; x_wconf 86' lang='lat' dir='ltr'><strong>donantur,</strong></span> 
     </span>
    </p>
   </div>
   <div class='ocr_carea' id='block_1_55' title="bbox 946 1172 1734 1208">
    <p class='ocr_par' dir='ltr' id='par_1_55' title="bbox 946 1172 1734 1208">
     <span class='ocr_line' id='line_1_55' title="bbox 946 1172 1734 1208; baseline -0.001 -8"><span class='ocrx_word' id='word_1_408' title='bbox 946 1172 974 1200; x_wconf 88' lang='lat' dir='ltr'><strong>id</strong></span> <span class='ocrx_word' id='word_1_409' title='bbox 984 1173 1059 1208; x_wconf 90' lang='lat' dir='ltr'><strong>quod</strong></span> <span class='ocrx_word' id='word_1_410' title='bbox 1083 1174 1221 1202; x_wconf 76' lang='lat' dir='ltr'><strong>exsistunt</strong></span> <span class='ocrx_word' id='word_1_411' title='bbox 1246 1181 1414 1202; x_wconf 75' lang='lat' dir='ltr'><strong>conservans</strong></span> <span class='ocrx_word' id='word_1_412' title='bbox 1435 1181 1468 1200; x_wconf 89' lang='lat' dir='ltr'><strong>ac</strong></span> <span class='ocrx_word' id='word_1_413' title='bbox 1493 1178 1591 1201; x_wconf 86' lang='lat' dir='ltr'><strong>tuens:</strong></span> <span class='ocrx_word' id='word_1_414' title='bbox 1607 1177 1734 1200; x_wconf 87' lang='lat' dir='ltr'><strong>naturam</strong></span> 
     </span>
    </p>
   </div>
   <div class='ocr_carea' id='block_1_56' title="bbox 947 1218 1735 1254">
    <p class='ocr_par' dir='ltr' id='par_1_56' title="bbox 947 1218 1735 1254">
     <span class='ocr_line' id='line_1_56' title="bbox 947 1218 1735 1254; baseline -0.001 -8"><span class='ocrx_word' id='word_1_415' title='bbox 947 1218 1052 1246; x_wconf 82' lang='lat' dir='ltr'><strong>scilicet</strong></span> <span class='ocrx_word' id='word_1_416' title='bbox 1063 1223 1194 1251; x_wconf 86' lang='lat' dir='ltr'><strong>creatam,</strong></span> <span class='ocrx_word' id='word_1_417' title='bbox 1212 1227 1295 1254; x_wconf 85' lang='lat' dir='ltr'><strong>quam</strong></span> <span class='ocrx_word' id='word_1_418' title='bbox 1306 1218 1437 1253; x_wconf 89' lang='lat' dir='ltr'><strong>quinario</strong></span> <span class='ocrx_word' id='word_1_419' title='bbox 1452 1227 1568 1246; x_wconf 89' lang='lat' dir='ltr'><strong>numero</strong></span> <span class='ocrx_word' id='word_1_420' title='bbox 1591 1226 1735 1254; x_wconf 80' lang='lat' dir='ltr'><strong>compara-</strong></span> 
     </span>
    </p>
   </div>
   <div class='ocr_carea' id='block_1_57' title="bbox 946 1264 1734 1300">
    <p class='ocr_par' dir='ltr' id='par_1_57' title="bbox 946 1264 1734 1300">
     <span class='ocr_line' id='line_1_57' title="bbox 946 1264 1734 1300; baseline 0 -9"><span class='ocrx_word' id='word_1_421' title='bbox 946 1264 997 1296; x_wconf 88' lang='lat' dir='ltr'><strong>vit,</strong></span> <span class='ocrx_word' id='word_1_422' title='bbox 1010 1272 1065 1291; x_wconf 92' lang='lat' dir='ltr'><strong>non</strong></span> <span class='ocrx_word' id='word_1_423' title='bbox 1075 1265 1164 1292; x_wconf 89' lang='lat' dir='ltr'><strong>solum</strong></span> <span class='ocrx_word' id='word_1_424' title='bbox 1180 1269 1294 1300; x_wconf 81' lang='lat' dir='ltr'><strong>propter</strong></span> <span class='ocrx_word' id='word_1_425' title='bbox 1306 1272 1413 1296; x_wconf 87' lang='lat' dir='ltr'><strong>sensus,</strong></span> <span class='ocrx_word' id='word_1_426' title='bbox 1429 1264 1456 1292; x_wconf 92' lang='lat' dir='ltr'><strong>in</strong></span> <span class='ocrx_word' id='word_1_427' title='bbox 1484 1272 1553 1299; x_wconf 87' lang='lat' dir='ltr'><strong>quos</strong></span> <span class='ocrx_word' id='word_1_428' title='bbox 1568 1264 1607 1291; x_wconf 91' lang='lat' dir='ltr'><strong>illi</strong></span> <span class='ocrx_word' id='word_1_429' title='bbox 1622 1272 1734 1299; x_wconf 84' lang='lat' dir='ltr'><strong>compa-</strong></span> 
     </span>
    </p>
   </div>
   <div class='ocr_carea' id='block_1_58' title="bbox 946 1310 1735 1344">
    <p class='ocr_par' dir='ltr' id='par_1_58' title="bbox 946 1310 1735 1344">
     <span class='ocr_line' id='line_1_58' title="bbox 946 1310 1735 1344; baseline 0 -8"><span class='ocrx_word' id='word_1_430' title='bbox 946 1313 1035 1337; x_wconf 87' lang='lat' dir='ltr'><strong>ratum</strong></span> <span class='ocrx_word' id='word_1_431' title='bbox 1049 1314 1080 1337; x_wconf 88' lang='lat' dir='ltr'><strong>ut</strong></span> <span class='ocrx_word' id='word_1_432' title='bbox 1106 1310 1203 1342; x_wconf 87' lang='lat' dir='ltr'><strong>cadat,</strong></span> <span class='ocrx_word' id='word_1_433' title='bbox 1229 1310 1277 1338; x_wconf 89' lang='lat' dir='ltr'><strong>sed</strong></span> <span class='ocrx_word' id='word_1_434' title='bbox 1298 1310 1381 1337; x_wconf 87' lang='lat' dir='ltr'><strong>etiam</strong></span> <span class='ocrx_word' id='word_1_435' title='bbox 1411 1313 1524 1344; x_wconf 88' lang='lat' dir='ltr'><strong>propter</strong></span> <span class='ocrx_word' id='word_1_436' title='bbox 1550 1310 1735 1337; x_wconf 82' lang='lat' dir='ltr'><strong>universalem</strong></span> 
     </span>
    </p>
   </div>
   <div class='ocr_carea' id='block_1_59' title="bbox 947 1355 1735 1390">
    <p class='ocr_par' dir='ltr' id='par_1_59' title="bbox 947 1355 1735 1390">
     <span class='ocr_line' id='line_1_59' title="bbox 947 1355 1735 1390; baseline 0.001 -9"><span class='ocrx_word' id='word_1_437' title='bbox 947 1355 1102 1387; x_wconf 86' lang='lat' dir='ltr'><strong>scientiam,</strong></span> <span class='ocrx_word' id='word_1_438' title='bbox 1119 1355 1214 1390; x_wconf 61' lang='lat' dir='ltr'><strong>quain</strong></span> <span class='ocrx_word' id='word_1_439' title='bbox 1230 1355 1363 1382; x_wconf 81' lang='lat' dir='ltr'><strong>inoﬂ&#39;ensa</strong></span> <span class='ocrx_word' id='word_1_440' title='bbox 1377 1359 1506 1390; x_wconf 84' lang='lat' dir='ltr'><strong>certaque</strong></span> <span class='ocrx_word' id='word_1_441' title='bbox 1519 1355 1628 1388; x_wconf 88' lang='lat' dir='ltr'><strong>notitia,</strong></span> <span class='ocrx_word' id='word_1_442' title='bbox 1652 1355 1735 1382; x_wconf 84' lang='lat' dir='ltr'><strong>intel—</strong></span> 
     </span>
    </p>
   </div>
   <div class='ocr_carea' id='block_1_60' title="bbox 947 1400 1736 1435">
    <p class='ocr_par' dir='ltr' id='par_1_60' title="bbox 947 1400 1736 1435">
     <span class='ocr_line' id='line_1_60' title="bbox 947 1400 1736 1435; baseline 0.001 -8"><span class='ocrx_word' id='word_1_443' title='bbox 947 1400 1159 1433; x_wconf 85' lang='lat' dir='ltr'><strong>lectu,ratione,</strong></span> <span class='ocrx_word' id='word_1_444' title='bbox 1175 1408 1256 1428; x_wconf 86' lang='lat' dir='ltr'><strong>sensu</strong></span> <span class='ocrx_word' id='word_1_445' title='bbox 1286 1401 1397 1435; x_wconf 76' lang='lat' dir='ltr'><strong>vitaque</strong></span> <span class='ocrx_word' id='word_1_446' title='bbox 1420 1400 1546 1435; x_wconf 66' lang='lat' dir='ltr'><strong>praedita,</strong></span> <span class='ocrx_word' id='word_1_447' title='bbox 1563 1408 1595 1428; x_wconf 89' lang='lat' dir='ltr'><strong>ac</strong></span> <span class='ocrx_word' id='word_1_448' title='bbox 1620 1408 1651 1428; x_wconf 88' lang='lat' dir='ltr'><strong>ea</strong></span> <span class='ocrx_word' id='word_1_449' title='bbox 1675 1408 1736 1435; x_wconf 68' lang='lat' dir='ltr'><strong>quae</strong></span> 
     </span>
    </p>
   </div>
   <div class='ocr_carea' id='block_1_61' title="bbox 948 1446 1737 1481">
    <p class='ocr_par' dir='ltr' id='par_1_61' title="bbox 948 1446 1737 1481">
     <span class='ocr_line' id='line_1_61' title="bbox 948 1446 1737 1481; baseline 0 -8"><span class='ocrx_word' id='word_1_450' title='bbox 948 1446 1037 1474; x_wconf 78' lang='lat' dir='ltr'><strong>solum</strong></span> <span class='ocrx_word' id='word_1_451' title='bbox 1066 1447 1210 1478; x_wconf 81' lang='lat' dir='ltr'><strong>exsistant,</strong></span> <span class='ocrx_word' id='word_1_452' title='bbox 1230 1446 1439 1481; x_wconf 84' lang='lat' dir='ltr'><strong>complectente,</strong></span> <span class='ocrx_word' id='word_1_453' title='bbox 1465 1449 1508 1473; x_wconf 85' lang='lat' dir='ltr'><strong>est</strong></span> <span class='ocrx_word' id='word_1_454' title='bbox 1530 1446 1630 1481; x_wconf 81' lang='lat' dir='ltr'><strong>posita.</strong></span> <span class='ocrx_word' id='word_1_455' title='bbox 1647 1446 1737 1473; x_wconf 86' lang='lat' dir='ltr'><strong>Futu-</strong></span> 
     </span>
    </p>
   </div>
   <div class='ocr_carea' id='block_1_62' title="bbox 108 1487 895 1531">
    <p class='ocr_par' dir='ltr' id='par_1_62' title="bbox 108 1487 895 1525">
     <span class='ocr_line' id='line_1_62' title="bbox 108 1487 895 1525; baseline -0.009 -5"><span class='ocrx_word' id='word_1_456' title='bbox 108 1493 159 1520; x_wconf 78' lang='grc' dir='ltr'>τὸν</span> <span class='ocrx_word' id='word_1_457' title='bbox 172 1492 248 1523; x_wconf 81' lang='grc' dir='ltr'>Θεὸν,</span> <span class='ocrx_word' id='word_1_458' title='bbox 260 1490 331 1518; x_wconf 79' lang='grc' dir='ltr'>κατὰ</span> <span class='ocrx_word' id='word_1_459' title='bbox 347 1490 391 1516; x_wconf 80' lang='grc' dir='ltr'>τὸν</span> <span class='ocrx_word' id='word_1_460' title='bbox 413 1490 463 1524; x_wconf 81' lang='grc' dir='ltr'>τῆς</span> <span class='ocrx_word' id='word_1_461' title='bbox 483 1489 614 1525; x_wconf 74' lang='grc' dir='ltr'>Προνοίας</span> <span class='ocrx_word' id='word_1_462' title='bbox 639 1487 736 1522; x_wconf 86' lang='grc' dir='ltr'>λόγον,</span> <span class='ocrx_word' id='word_1_463' title='bbox 753 1488 785 1522; x_wconf 82' lang='grc' dir='ltr'><strong>τῇ</strong></span> <span class='ocrx_word' id='word_1_464' title='bbox 807 1487 895 1514; x_wconf 79' lang='grc' dir='ltr'><strong>δεκάδι</strong></span> 
     </span>
    </p>
   </div>
   <div class='ocr_carea' id='block_1_63' title="bbox 948 1487 1736 1531">
    <p class='ocr_par' dir='ltr' id='par_1_63' title="bbox 950 1491 1736 1526">
     <span class='ocr_line' id='line_1_63' title="bbox 950 1491 1736 1526; baseline 0 -8"><span class='ocrx_word' id='word_1_465' title='bbox 950 1499 1010 1518; x_wconf 89' lang='lat' dir='ltr'><strong>rum</strong></span> <span class='ocrx_word' id='word_1_466' title='bbox 1043 1491 1128 1526; x_wconf 66' lang='lat' dir='ltr'><strong>igitur</strong></span> <span class='ocrx_word' id='word_1_467' title='bbox 1141 1495 1183 1518; x_wconf 88' lang='lat' dir='ltr'><strong>est</strong></span> <span class='ocrx_word' id='word_1_468' title='bbox 1205 1494 1236 1518; x_wconf 92' lang='lat' dir='ltr'><strong>ut</strong></span> <span class='ocrx_word' id='word_1_469' title='bbox 1256 1491 1422 1526; x_wconf 82' lang='lat' dir='ltr'><strong>quandoque</strong></span> <span class='ocrx_word' id='word_1_470' title='bbox 1437 1495 1527 1518; x_wconf 86' lang='lat' dir='ltr'><strong>cesset</strong></span> <span class='ocrx_word' id='word_1_471' title='bbox 1553 1499 1567 1518; x_wconf 91' lang='lat' dir='ltr'><strong>a</strong></span> <span class='ocrx_word' id='word_1_472' title='bbox 1596 1491 1690 1526; x_wconf 79' lang='lat' dir='ltr'><strong>quiete</strong></span> <span class='ocrx_word' id='word_1_473' title='bbox 1707 1491 1736 1518; x_wconf 89' lang='lat' dir='ltr'><strong>in</strong></span> 
     </span>
    </p>
   </div>
   <div class='ocr_carea' id='block_1_64' title="bbox 108 1534 900 1572">
    <p class='ocr_par' dir='ltr' id='par_1_64' title="bbox 108 1534 900 1572">
     <span class='ocr_line' id='line_1_64' title="bbox 108 1534 900 1572; baseline -0.011 -4"><span class='ocrx_word' id='word_1_474' title='bbox 108 1541 167 1568; x_wconf 71' lang='grc' dir='ltr'><strong>τῶν</strong></span> <span class='ocrx_word' id='word_1_475' title='bbox 193 1539 306 1566; x_wconf 78' lang='grc' dir='ltr'>ἐντολῶν</span> <span class='ocrx_word' id='word_1_476' title='bbox 322 1539 386 1564; x_wconf 87' lang='grc' dir='ltr'>ῐδιον</span> <span class='ocrx_word' id='word_1_477' title='bbox 403 1536 574 1572; x_wconf 79' lang='grc' dir='ltr'>ποιησαμένη</span> <span class='ocrx_word' id='word_1_478' title='bbox 595 1535 670 1562; x_wconf 79' lang='grc' dir='ltr'>ποιὸν</span> <span class='ocrx_word' id='word_1_479' title='bbox 688 1534 837 1570; x_wconf 76' lang='grc' dir='ltr'>(τουτέστι,</span> <span class='ocrx_word' id='word_1_480' title='bbox 850 1534 900 1568; x_wconf 85' lang='grc' dir='ltr'>τῆς</span> 
     </span>
    </p>
   </div>
   <div class='ocr_carea' id='block_1_65' title="bbox 106 1579 898 1621">
    <p class='ocr_par' dir='ltr' id='par_1_65' title="bbox 106 1579 898 1621">
     <span class='ocr_line' id='line_1_65' title="bbox 106 1579 898 1621; baseline -0.01 -8"><span class='ocrx_word' id='word_1_481' title='bbox 106 1588 146 1613; x_wconf 80' lang='grc' dir='ltr'>ὲκ</span> <span class='ocrx_word' id='word_1_482' title='bbox 159 1586 269 1621; x_wconf 83' lang='grc' dir='ltr'>χάριτος</span> <span class='ocrx_word' id='word_1_483' title='bbox 295 1585 365 1610; x_wconf 83' lang='grc' dir='ltr'>κατὰ</span> <span class='ocrx_word' id='word_1_484' title='bbox 380 1583 428 1619; x_wconf 82' lang='grc' dir='ltr'>τὴν</span> <span class='ocrx_word' id='word_1_485' title='bbox 458 1583 555 1609; x_wconf 81' lang='grc' dir='ltr'>θέωσιν</span> <span class='ocrx_word' id='word_1_486' title='bbox 578 1581 707 1616; x_wconf 80' lang='grc' dir='ltr'>ἰδιότητος</span> <span class='ocrx_word' id='word_1_487' title='bbox 733 1579 898 1615; x_wconf 82' lang='grc' dir='ltr'>γνώρισμα),</span> 
     </span>
    </p>
   </div>
   <div class='ocr_carea' id='block_1_66' title="bbox 108 1624 899 1667">
    <p class='ocr_par' dir='ltr' id='par_1_66' title="bbox 108 1624 899 1667">
     <span class='ocr_line' id='line_1_66' title="bbox 108 1624 899 1667; baseline -0.009 -9"><span class='ocrx_word' id='word_1_488' title='bbox 108 1633 162 1667; x_wconf 82' lang='grc' dir='ltr'>τῆς</span> <span class='ocrx_word' id='word_1_489' title='bbox 178 1639 207 1658; x_wconf 79' lang='grc' dir='ltr'><strong>τε</strong></span> <span class='ocrx_word' id='word_1_490' title='bbox 227 1630 297 1657; x_wconf 78' lang='grc' dir='ltr'>κατὰ</span> <span class='ocrx_word' id='word_1_491' title='bbox 313 1629 362 1664; x_wconf 81' lang='grc' dir='ltr'>τὴν</span> <span class='ocrx_word' id='word_1_492' title='bbox 389 1629 483 1656; x_wconf 82' lang='grc' dir='ltr'>στάσιν</span> <span class='ocrx_word' id='word_1_493' title='bbox 503 1629 531 1654; x_wconf 81' lang='grc' dir='ltr'>ὲν</span> <span class='ocrx_word' id='word_1_494' title='bbox 554 1627 630 1661; x_wconf 85' lang='grc' dir='ltr'>τόπῳ</span> <span class='ocrx_word' id='word_1_495' title='bbox 652 1625 839 1662; x_wconf 78' lang='grc' dir='ltr'>περιγραφῆς,</span> <span class='ocrx_word' id='word_1_496' title='bbox 851 1624 899 1651; x_wconf 74' lang='grc' dir='ltr'>καὶ</span> 
     </span>
    </p>
   </div>
   <div class='ocr_carea' id='block_1_67' title="bbox 109 1672 897 1713">
    <p class='ocr_par' dir='ltr' id='par_1_67' title="bbox 109 1672 897 1713">
     <span class='ocr_line' id='line_1_67' title="bbox 109 1672 897 1713; baseline -0.01 -9"><span class='ocrx_word' id='word_1_497' title='bbox 109 1678 162 1713; x_wconf 73' lang='grc' dir='ltr'>τῆς</span> <span class='ocrx_word' id='word_1_498' title='bbox 177 1678 206 1704; x_wconf 81' lang='grc' dir='ltr'>ὲν</span> <span class='ocrx_word' id='word_1_499' title='bbox 222 1676 311 1712; x_wconf 73' lang='grc' dir='ltr'>χρόνῳ</span> <span class='ocrx_word' id='word_1_500' title='bbox 330 1676 400 1702; x_wconf 85' lang='grc' dir='ltr'>κατὰ</span> <span class='ocrx_word' id='word_1_501' title='bbox 425 1674 474 1709; x_wconf 81' lang='grc' dir='ltr'>τὴν</span> <span class='ocrx_word' id='word_1_502' title='bbox 491 1674 598 1709; x_wconf 83' lang='grc' dir='ltr'>κίνησιν</span> <span class='ocrx_word' id='word_1_503' title='bbox 622 1672 872 1706; x_wconf 74' lang='grc' dir='ltr'>ἐλευθερωθήσεται</span> <span class='ocrx_word' id='word_1_504' title='bbox 889 1676 897 1686; x_wconf 86' lang='grc'><strong>·</strong></span> 
     </span>
    </p>
   </div>
   <div class='ocr_carea' id='block_1_68' title="bbox 111 1717 896 1757">
    <p class='ocr_par' dir='ltr' id='par_1_68' title="bbox 111 1717 896 1757">
     <span class='ocr_line' id='line_1_68' title="bbox 111 1717 896 1757; baseline -0.01 -6"><span class='ocrx_word' id='word_1_505' title='bbox 111 1724 208 1751; x_wconf 78' lang='grc' dir='ltr'>στάσιν</span> <span class='ocrx_word' id='word_1_506' title='bbox 220 1723 374 1757; x_wconf 78' lang='grc' dir='ltr'>ἀεικίνητον</span> <span class='ocrx_word' id='word_1_507' title='bbox 384 1721 512 1753; x_wconf 68' lang='grc' dir='ltr'>λαϐοῦσα,</span> <span class='ocrx_word' id='word_1_508' title='bbox 523 1719 573 1755; x_wconf 81' lang='grc' dir='ltr'>τὴν</span> <span class='ocrx_word' id='word_1_509' title='bbox 585 1719 738 1755; x_wconf 79' lang='grc' dir='ltr'>ἀπέραντον</span> <span class='ocrx_word' id='word_1_510' title='bbox 750 1718 805 1744; x_wconf 83' lang='grc' dir='ltr'>τῶν</span> <span class='ocrx_word' id='word_1_511' title='bbox 816 1717 896 1744; x_wconf 82' lang='grc' dir='ltr'>θείων</span> 
     </span>
    </p>
   </div>
   <div class='ocr_carea' id='block_1_69' title="bbox 109 1763 897 1805">
    <p class='ocr_par' dir='ltr' id='par_1_69' title="bbox 109 1763 897 1805">
     <span class='ocr_line' id='line_1_69' title="bbox 109 1763 897 1805; baseline -0.008 -10"><span class='ocrx_word' id='word_1_512' title='bbox 109 1768 281 1800; x_wconf 76' lang='grc' dir='ltr'>ἀπόλαυσιν,</span> <span class='ocrx_word' id='word_1_513' title='bbox 296 1768 344 1794; x_wconf 73' lang='grc' dir='ltr'>καὶ</span> <span class='ocrx_word' id='word_1_514' title='bbox 368 1767 475 1802; x_wconf 81' lang='grc' dir='ltr'>κίνησιν</span> <span class='ocrx_word' id='word_1_515' title='bbox 498 1766 646 1805; x_wconf 72' lang='grc' dir='ltr'>στάσιμον,</span> <span class='ocrx_word' id='word_1_516' title='bbox 663 1765 712 1800; x_wconf 83' lang='grc' dir='ltr'>τὴν</span> <span class='ocrx_word' id='word_1_517' title='bbox 739 1764 782 1790; x_wconf 69' lang='grc' dir='ltr'><strong>ἐπ’</strong></span> <span class='ocrx_word' id='word_1_518' title='bbox 805 1763 897 1794; x_wconf 75' lang='grc' dir='ltr'>αὐτοῖς</span> 
     </span>
    </p>
   </div>
   <div class='ocr_carea' id='block_1_70' title="bbox 108 1813 374 1850">
    <p class='ocr_par' dir='ltr' id='par_1_70' title="bbox 108 1813 374 1850">
     <span class='ocr_line' id='line_1_70' title="bbox 108 1813 374 1850; baseline -0.011 -8"><span class='ocrx_word' id='word_1_519' title='bbox 108 1814 261 1850; x_wconf 75' lang='grc' dir='ltr'>ἀκόρεστον</span> <span class='ocrx_word' id='word_1_520' title='bbox 275 1813 374 1849; x_wconf 72' lang='grc' dir='ltr'>ὄρεξιν.</span> 
     </span>
    </p>
   </div>
   <div class='ocr_carea' id='block_1_71' title="bbox 949 1536 1736 1572">
    <p class='ocr_par' dir='ltr' id='par_1_71' title="bbox 949 1536 1736 1572">
     <span class='ocr_line' id='line_1_71' title="bbox 949 1536 1736 1572; baseline 0.001 -9"><span class='ocrx_word' id='word_1_521' title='bbox 949 1537 1021 1569; x_wconf 88' lang='lat' dir='ltr'><strong>loco,</strong></span> <span class='ocrx_word' id='word_1_522' title='bbox 1035 1544 1067 1564; x_wconf 88' lang='lat' dir='ltr'><strong>ac</strong></span> <span class='ocrx_word' id='word_1_523' title='bbox 1084 1536 1202 1563; x_wconf 87' lang='lat' dir='ltr'><strong>motuin</strong></span> <span class='ocrx_word' id='word_1_524' title='bbox 1221 1541 1353 1572; x_wconf 88' lang='lat' dir='ltr'><strong>tempore,</strong></span> <span class='ocrx_word' id='word_1_525' title='bbox 1372 1541 1501 1571; x_wconf 86' lang='lat' dir='ltr'><strong>tauquam</strong></span> <span class='ocrx_word' id='word_1_526' title='bbox 1524 1536 1579 1564; x_wconf 84' lang='lat' dir='ltr'><strong>illis</strong></span> <span class='ocrx_word' id='word_1_527' title='bbox 1600 1537 1736 1572; x_wconf 85' lang='lat' dir='ltr'><strong>superior,</strong></span> 
     </span>
    </p>
   </div>
   <div class='ocr_carea' id='block_1_72' title="bbox 948 1582 1739 1618">
    <p class='ocr_par' dir='ltr' id='par_1_72' title="bbox 948 1582 1739 1618">
     <span class='ocr_line' id='line_1_72' title="bbox 948 1582 1739 1618; baseline 0.001 -9"><span class='ocrx_word' id='word_1_528' title='bbox 948 1590 1008 1617; x_wconf 59' lang='lat' dir='ltr'><strong>quae</strong></span> <span class='ocrx_word' id='word_1_529' title='bbox 1019 1586 1131 1617; x_wconf 88' lang='lat' dir='ltr'><strong>propter</strong></span> <span class='ocrx_word' id='word_1_530' title='bbox 1140 1582 1226 1617; x_wconf 84' lang='lat' dir='ltr'><strong>ipsam</strong></span> <span class='ocrx_word' id='word_1_531' title='bbox 1243 1587 1334 1609; x_wconf 90' lang='lat' dir='ltr'><strong>creata</strong></span> <span class='ocrx_word' id='word_1_532' title='bbox 1346 1587 1410 1610; x_wconf 90' lang='lat' dir='ltr'><strong>sunt</strong></span> <span class='ocrx_word' id='word_1_533' title='bbox 1422 1582 1491 1618; x_wconf 85' lang='lat' dir='ltr'><strong>(loca</strong></span> <span class='ocrx_word' id='word_1_534' title='bbox 1504 1582 1609 1610; x_wconf 87' lang='lat' dir='ltr'><strong>scilicet</strong></span> <span class='ocrx_word' id='word_1_535' title='bbox 1623 1590 1656 1610; x_wconf 84' lang='lat' dir='ltr'><strong>ac</strong></span> <span class='ocrx_word' id='word_1_536' title='bbox 1669 1586 1739 1610; x_wconf 75' lang='lat' dir='ltr'><strong>tem-</strong></span> 
     </span>
    </p>
   </div>
   <div class='ocr_carea' id='block_1_73' title="bbox 947 1627 1738 1663">
    <p class='ocr_par' dir='ltr' id='par_1_73' title="bbox 947 1627 1738 1663">
     <span class='ocr_line' id='line_1_73' title="bbox 947 1627 1738 1663; baseline 0.001 -9"><span class='ocrx_word' id='word_1_537' title='bbox 947 1627 1026 1662; x_wconf 88' lang='lat' dir='ltr'><strong>pora)</strong></span> <span class='ocrx_word' id='word_1_538' title='bbox 1049 1635 1100 1662; x_wconf 90' lang='lat' dir='ltr'><strong>per</strong></span> <span class='ocrx_word' id='word_1_539' title='bbox 1115 1635 1208 1655; x_wconf 86' lang='lat' dir='ltr'><strong>veram</strong></span> <span class='ocrx_word' id='word_1_540' title='bbox 1223 1635 1285 1655; x_wconf 93' lang='lat' dir='ltr'><strong>cum</strong></span> <span class='ocrx_word' id='word_1_541' title='bbox 1301 1628 1357 1655; x_wconf 88' lang='lat' dir='ltr'><strong>Deo</strong></span> <span class='ocrx_word' id='word_1_542' title='bbox 1381 1628 1510 1655; x_wconf 88' lang='lat' dir='ltr'><strong>unionem</strong></span> <span class='ocrx_word' id='word_1_543' title='bbox 1532 1635 1564 1655; x_wconf 89' lang='lat' dir='ltr'><strong>ac</strong></span> <span class='ocrx_word' id='word_1_544' title='bbox 1584 1627 1738 1663; x_wconf 88' lang='lat' dir='ltr'><strong>copulatio—</strong></span> 
     </span>
    </p>
   </div>
   <div class='ocr_carea' id='block_1_74' title="bbox 947 1673 1737 1708">
    <p class='ocr_par' dir='ltr' id='par_1_74' title="bbox 947 1673 1737 1708">
     <span class='ocr_line' id='line_1_74' title="bbox 947 1673 1737 1708; baseline 0.001 -8"><span class='ocrx_word' id='word_1_545' title='bbox 947 1680 1023 1704; x_wconf 88' lang='lat' dir='ltr'><strong>nem,</strong></span> <span class='ocrx_word' id='word_1_546' title='bbox 1040 1678 1153 1708; x_wconf 88' lang='lat' dir='ltr'><strong>propter</strong></span> <span class='ocrx_word' id='word_1_547' title='bbox 1164 1681 1247 1708; x_wconf 82' lang='lat' dir='ltr'><strong>quem</strong></span> <span class='ocrx_word' id='word_1_548' title='bbox 1264 1679 1292 1701; x_wconf 88' lang='lat' dir='ltr'><strong>et</strong></span> <span class='ocrx_word' id='word_1_549' title='bbox 1306 1673 1417 1700; x_wconf 89' lang='lat' dir='ltr'><strong>condita</strong></span> <span class='ocrx_word' id='word_1_550' title='bbox 1438 1678 1490 1706; x_wconf 89' lang='lat' dir='ltr'><strong>est,</strong></span> <span class='ocrx_word' id='word_1_551' title='bbox 1507 1673 1535 1700; x_wconf 88' lang='lat' dir='ltr'><strong>in</strong></span> <span class='ocrx_word' id='word_1_552' title='bbox 1553 1674 1587 1700; x_wconf 86' lang='lat' dir='ltr'><strong>iis</strong></span> <span class='ocrx_word' id='word_1_553' title='bbox 1601 1673 1737 1702; x_wconf 72' lang='lat' dir='ltr'><strong>exsistcns</strong></span> 
     </span>
    </p>
   </div>
   <div class='ocr_carea' id='block_1_75' title="bbox 949 1717 1737 1752">
    <p class='ocr_par' dir='ltr' id='par_1_75' title="bbox 949 1717 1737 1752">
     <span class='ocr_line' id='line_1_75' title="bbox 949 1717 1737 1752; baseline -0.001 -7"><span class='ocrx_word' id='word_1_554' title='bbox 949 1726 1042 1745; x_wconf 88' lang='lat' dir='ltr'><strong>rerum</strong></span> <span class='ocrx_word' id='word_1_555' title='bbox 1056 1723 1164 1750; x_wconf 87' lang='lat' dir='ltr'><strong>natura,</strong></span> <span class='ocrx_word' id='word_1_556' title='bbox 1174 1718 1220 1752; x_wconf 90' lang='lat' dir='ltr'><strong>qui</strong></span> <span class='ocrx_word' id='word_1_557' title='bbox 1234 1718 1321 1745; x_wconf 85' lang='lat' dir='ltr'><strong>salute</strong></span> <span class='ocrx_word' id='word_1_558' title='bbox 1338 1718 1458 1745; x_wconf 90' lang='lat' dir='ltr'><strong>donandi</strong></span> <span class='ocrx_word' id='word_1_559' title='bbox 1475 1721 1567 1745; x_wconf 90' lang='lat' dir='ltr'><strong>erunt.</strong></span> <span class='ocrx_word' id='word_1_560' title='bbox 1583 1717 1648 1750; x_wconf 67' lang='lat' dir='ltr'><strong>Qua:</strong></span> <span class='ocrx_word' id='word_1_561' title='bbox 1662 1717 1737 1744; x_wconf 88' lang='lat' dir='ltr'><strong>enim</strong></span> 
     </span>
    </p>
   </div>
   <div class='ocr_carea' id='block_1_76' title="bbox 949 1764 1737 1799">
    <p class='ocr_par' dir='ltr' id='par_1_76' title="bbox 949 1764 1737 1799">
     <span class='ocr_line' id='line_1_76' title="bbox 949 1764 1737 1799; baseline -0.001 -8"><span class='ocrx_word' id='word_1_562' title='bbox 949 1765 1039 1799; x_wconf 89' lang='lat' dir='ltr'><strong>ipsum</strong></span> <span class='ocrx_word' id='word_1_563' title='bbox 1054 1765 1139 1791; x_wconf 85' lang='lat' dir='ltr'><strong>Deum</strong></span> <span class='ocrx_word' id='word_1_564' title='bbox 1151 1764 1302 1791; x_wconf 79' lang='lat' dir='ltr'><strong>secundum</strong></span> <span class='ocrx_word' id='word_1_565' title='bbox 1319 1764 1502 1791; x_wconf 72' lang='lat' dir='ltr'><strong>Providentia:</strong></span> <span class='ocrx_word' id='word_1_566' title='bbox 1512 1764 1647 1791; x_wconf 89' lang='lat' dir='ltr'><strong>rationem</strong></span> <span class='ocrx_word' id='word_1_567' title='bbox 1659 1772 1737 1790; x_wconf 86' lang='lat' dir='ltr'><strong>man-</strong></span> 
     </span>
    </p>
   </div>
   <div class='ocr_carea' id='block_1_77' title="bbox 950 1807 1738 1843">
    <p class='ocr_par' dir='ltr' id='par_1_77' title="bbox 950 1807 1738 1843">
     <span class='ocr_line' id='line_1_77' title="bbox 950 1807 1738 1843; baseline -0.004 -7"><span class='ocrx_word' id='word_1_568' title='bbox 950 1809 1076 1836; x_wconf 80' lang='lat' dir='ltr'><strong>datorum</strong></span> <span class='ocrx_word' id='word_1_569' title='bbox 1092 1808 1193 1836; x_wconf 87' lang='lat' dir='ltr'><strong>decade</strong></span> <span class='ocrx_word' id='word_1_570' title='bbox 1209 1809 1348 1843; x_wconf 87' lang='lat' dir='ltr'><strong>propriam</strong></span> <span class='ocrx_word' id='word_1_571' title='bbox 1362 1808 1415 1835; x_wconf 90' lang='lat' dir='ltr'><strong>sibi</strong></span> <span class='ocrx_word' id='word_1_572' title='bbox 1428 1808 1587 1843; x_wconf 86' lang='lat' dir='ltr'><strong>qualitatem</strong></span> <span class='ocrx_word' id='word_1_573' title='bbox 1605 1807 1738 1834; x_wconf 86' lang='lat' dir='ltr'><strong>indiderit</strong></span> 
     </span>
    </p>
   </div>
   <div class='ocr_carea' id='block_1_78' title="bbox 107 1851 1735 1898">
    <p class='ocr_par' dir='ltr' id='par_1_78' title="bbox 107 1851 1735 1898">
     <span class='ocr_line' id='line_1_78' title="bbox 107 1851 1735 1898; baseline -0.006 -10"><span class='ocrx_word' id='word_1_574' title='bbox 107 1862 186 1898; x_wconf 82' lang='lat' dir='ltr'><strong>(ejus</strong></span> <span class='ocrx_word' id='word_1_575' title='bbox 197 1860 301 1887; x_wconf 81' lang='lat' dir='ltr'><strong>scilicet</strong></span> <span class='ocrx_word' id='word_1_576' title='bbox 309 1866 371 1893; x_wconf 71' lang='lat' dir='ltr'><strong>quae</strong></span> <span class='ocrx_word' id='word_1_577' title='bbox 396 1865 429 1885; x_wconf 79' lang='lat' dir='ltr'><strong>ex</strong></span> <span class='ocrx_word' id='word_1_578' title='bbox 449 1856 535 1892; x_wconf 72' lang='lat' dir='ltr'><strong>gratia</strong></span> <span class='ocrx_word' id='word_1_579' title='bbox 553 1863 603 1890; x_wconf 89' lang='lat' dir='ltr'><strong>per</strong></span> <span class='ocrx_word' id='word_1_580' title='bbox 622 1853 825 1882; x_wconf 78' lang='lat' dir='ltr'><strong>deificationem</strong></span> <span class='ocrx_word' id='word_1_581' title='bbox 846 1857 900 1885; x_wconf 87' lang='lat' dir='ltr'><strong>est,</strong></span> <span class='ocrx_word' id='word_1_582' title='bbox 919 1853 1097 1889; x_wconf 76' lang='lat' dir='ltr'><strong>proprietatis</strong></span> <span class='ocrx_word' id='word_1_583' title='bbox 1125 1857 1218 1879; x_wconf 88' lang='lat' dir='ltr'><strong>notam</strong></span> <span class='ocrx_word' id='word_1_584' title='bbox 1230 1856 1313 1886; x_wconf 88' lang='lat' dir='ltr'><strong>atque</strong></span> <span class='ocrx_word' id='word_1_585' title='bbox 1333 1852 1450 1887; x_wconf 79' lang='lat' dir='ltr'><strong>insigne)</strong></span> <span class='ocrx_word' id='word_1_586' title='bbox 1475 1856 1531 1878; x_wconf 92' lang='lat' dir='ltr'><strong>tum</strong></span> <span class='ocrx_word' id='word_1_587' title='bbox 1548 1860 1562 1878; x_wconf 87' lang='lat' dir='ltr'><strong>a</strong></span> <span class='ocrx_word' id='word_1_588' title='bbox 1577 1851 1678 1886; x_wconf 89' lang='lat' dir='ltr'><strong>quietis</strong></span> <span class='ocrx_word' id='word_1_589' title='bbox 1708 1852 1735 1878; x_wconf 93' lang='lat' dir='ltr'><strong>iu</strong></span> 
     </span>
    </p>
   </div>
   <div class='ocr_carea' id='block_1_79' title="bbox 108 1897 1736 1938">
    <p class='ocr_par' dir='ltr' id='par_1_79' title="bbox 108 1897 1736 1938">
     <span class='ocr_line' id='line_1_79' title="bbox 108 1897 1736 1938; baseline -0.005 -5"><span class='ocrx_word' id='word_1_590' title='bbox 108 1906 175 1933; x_wconf 80' lang='lat' dir='ltr'><strong>loco</strong></span> <span class='ocrx_word' id='word_1_591' title='bbox 191 1903 454 1938; x_wconf 86' lang='lat' dir='ltr'><strong>circumseriptioue,</strong></span> <span class='ocrx_word' id='word_1_592' title='bbox 469 1907 526 1930; x_wconf 92' lang='lat' dir='ltr'><strong>tum</strong></span> <span class='ocrx_word' id='word_1_593' title='bbox 536 1905 637 1928; x_wconf 90' lang='lat' dir='ltr'><strong>amotu</strong></span> <span class='ocrx_word' id='word_1_594' title='bbox 655 1901 683 1927; x_wconf 93' lang='lat' dir='ltr'><strong>in</strong></span> <span class='ocrx_word' id='word_1_595' title='bbox 695 1905 818 1937; x_wconf 85' lang='lat' dir='ltr'><strong>tempore</strong></span> <span class='ocrx_word' id='word_1_596' title='bbox 832 1899 973 1926; x_wconf 85' lang='lat' dir='ltr'><strong>liberanda</strong></span> <span class='ocrx_word' id='word_1_597' title='bbox 985 1903 1037 1931; x_wconf 81' lang='lat' dir='ltr'><strong>est,</strong></span> <span class='ocrx_word' id='word_1_598' title='bbox 1051 1898 1125 1934; x_wconf 77' lang='lat' dir='ltr'><strong>jugis</strong></span> <span class='ocrx_word' id='word_1_599' title='bbox 1154 1903 1245 1925; x_wconf 90' lang='lat' dir='ltr'><strong>motus</strong></span> <span class='ocrx_word' id='word_1_600' title='bbox 1260 1898 1381 1932; x_wconf 89' lang='lat' dir='ltr'><strong>quietem</strong></span> <span class='ocrx_word' id='word_1_601' title='bbox 1413 1903 1491 1925; x_wconf 84' lang='lat' dir='ltr'><strong>nacta</strong></span> <span class='ocrx_word' id='word_1_602' title='bbox 1501 1918 1508 1930; x_wconf 97' lang='lat'><strong>,</strong></span> <span class='ocrx_word' id='word_1_603' title='bbox 1543 1897 1736 1925; x_wconf 70' lang='lat' dir='ltr'><strong>interminabi-</strong></span> 
     </span>
    </p>
   </div>
   <div class='ocr_carea' id='block_1_80' title="bbox 107 1943 1497 1980">
    <p class='ocr_par' dir='ltr' id='par_1_80' title="bbox 107 1943 1497 1980">
     <span class='ocr_line' id='line_1_80' title="bbox 107 1943 1497 1980; baseline -0.006 -1"><span class='ocrx_word' id='word_1_604' title='bbox 107 1952 168 1979; x_wconf 79' lang='lat' dir='ltr'><strong>lem</strong></span> <span class='ocrx_word' id='word_1_605' title='bbox 193 1950 350 1978; x_wconf 85' lang='lat' dir='ltr'><strong>divinorum</strong></span> <span class='ocrx_word' id='word_1_606' title='bbox 376 1948 535 1976; x_wconf 84' lang='lat' dir='ltr'><strong>fruitionem</strong></span> <span class='ocrx_word' id='word_1_607' title='bbox 548 1967 556 1980; x_wconf 90' lang='lat'><strong>,</strong></span> <span class='ocrx_word' id='word_1_608' title='bbox 584 1951 744 1980; x_wconf 87' lang='lat' dir='ltr'><strong>motumque</strong></span> <span class='ocrx_word' id='word_1_609' title='bbox 756 1945 894 1976; x_wconf 84' lang='lat' dir='ltr'><strong>stabilem,</strong></span> <span class='ocrx_word' id='word_1_610' title='bbox 915 1944 1099 1972; x_wconf 82' lang='lat' dir='ltr'><strong>insatiabilem</strong></span> <span class='ocrx_word' id='word_1_611' title='bbox 1119 1944 1173 1971; x_wconf 87' lang='lat' dir='ltr'><strong>illis</strong></span> <span class='ocrx_word' id='word_1_612' title='bbox 1189 1943 1314 1971; x_wconf 82' lang='lat' dir='ltr'><strong>fruendis</strong></span> <span class='ocrx_word' id='word_1_613' title='bbox 1327 1943 1497 1971; x_wconf 86' lang='lat' dir='ltr'><strong>aviditatem.</strong></span> 
     </span>
    </p>
   </div>
   <div class='ocr_carea' id='block_1_81' title="bbox 150 2004 899 2045">
    <p class='ocr_par' dir='ltr' id='par_1_81' title="bbox 150 2004 899 2045">
     <span class='ocr_line' id='line_1_81' title="bbox 150 2004 899 2045; baseline -0.008 -9"><span class='ocrx_word' id='word_1_614' title='bbox 150 2019 184 2045; x_wconf 84' lang='grc' dir='ltr'><strong>με</strong></span> <span class='ocrx_word' id='word_1_615' title='bbox 194 2029 202 2036; x_wconf 91' lang='grc'><strong>.</strong></span> <span class='ocrx_word' id='word_1_616' title='bbox 218 2009 263 2043; x_wconf 82' lang='grc' dir='ltr'><strong>Τῷ</strong></span> <span class='ocrx_word' id='word_1_617' title='bbox 279 2008 383 2043; x_wconf 71' lang='grc' dir='ltr'>ἑϐδόμῳ</span> <span class='ocrx_word' id='word_1_618' title='bbox 401 2007 467 2042; x_wconf 78' lang='grc' dir='ltr'>μηνὶ</span> <span class='ocrx_word' id='word_1_619' title='bbox 484 2007 557 2042; x_wconf 83' lang='grc' dir='ltr'>τρεῖς</span> <span class='ocrx_word' id='word_1_620' title='bbox 575 2006 643 2032; x_wconf 80' lang='grc' dir='ltr'>εἰσιν</span> <span class='ocrx_word' id='word_1_621' title='bbox 659 2004 768 2040; x_wconf 76' lang='grc' dir='ltr'>ἑορταί·</span> <span class='ocrx_word' id='word_1_622' title='bbox 779 2004 899 2038; x_wconf 72' lang='grc' dir='ltr'>σαλπίγ¹</span> 
     </span>
    </p>
   </div>
   <div class='ocr_carea' id='block_1_82' title="bbox 106 2048 895 2091">
    <p class='ocr_par' dir='ltr' id='par_1_82' title="bbox 106 2048 895 2091">
     <span class='ocr_line' id='line_1_82' title="bbox 106 2048 895 2091; baseline -0.008 -9"><span class='ocrx_word' id='word_1_623' title='bbox 106 2064 171 2091; x_wconf 75' lang='grc' dir='ltr'><strong>γων</strong></span> <span class='ocrx_word' id='word_1_624' title='bbox 186 2055 233 2081; x_wconf 82' lang='grc' dir='ltr'>καὶ</span> <span class='ocrx_word' id='word_1_625' title='bbox 250 2053 363 2089; x_wconf 76' lang='grc' dir='ltr'>ἱλασμοῦ</span> <span class='ocrx_word' id='word_1_626' title='bbox 381 2053 428 2080; x_wconf 75' lang='grc' dir='ltr'>καὶ</span> <span class='ocrx_word' id='word_1_627' title='bbox 457 2051 659 2087; x_wconf 76' lang='grc' dir='ltr'>σκηνοπηγίας·</span> <span class='ocrx_word' id='word_1_628' title='bbox 673 2048 710 2077; x_wconf 84' lang='grc' dir='ltr'><strong>ὧν</strong></span> <span class='ocrx_word' id='word_1_629' title='bbox 723 2052 739 2085; x_wconf 80' lang='grc' dir='ltr'>ἡ</span> <span class='ocrx_word' id='word_1_630' title='bbox 765 2050 814 2085; x_wconf 85' lang='grc' dir='ltr'>μὲν</span> <span class='ocrx_word' id='word_1_631' title='bbox 832 2049 895 2076; x_wconf 80' lang='grc' dir='ltr'>σάλ-</span> 
     </span>
    </p>
   </div>
   <div class='ocr_carea' id='block_1_83' title="bbox 108 2095 896 2135">
    <p class='ocr_par' dir='ltr' id='par_1_83' title="bbox 108 2095 896 2135">
     <span class='ocr_line' id='line_1_83' title="bbox 108 2095 896 2135; baseline -0.009 -7"><span class='ocrx_word' id='word_1_632' title='bbox 108 2101 192 2135; x_wconf 77' lang='grc' dir='ltr'>πιγξ,</span> <span class='ocrx_word' id='word_1_633' title='bbox 207 2100 289 2135; x_wconf 87' lang='grc' dir='ltr'>νόμου</span> <span class='ocrx_word' id='word_1_634' title='bbox 305 2099 352 2125; x_wconf 73' lang='grc' dir='ltr'>καὶ</span> <span class='ocrx_word' id='word_1_635' title='bbox 379 2097 537 2134; x_wconf 83' lang='grc' dir='ltr'>προφητῶν,</span> <span class='ocrx_word' id='word_1_636' title='bbox 553 2098 600 2124; x_wconf 70' lang='grc' dir='ltr'>καὶ</span> <span class='ocrx_word' id='word_1_637' title='bbox 614 2096 664 2132; x_wconf 83' lang='grc' dir='ltr'><strong>τῆς</strong></span> <span class='ocrx_word' id='word_1_638' title='bbox 685 2096 715 2128; x_wconf 75' lang='grc' dir='ltr'><strong>ἐξ</strong></span> <span class='ocrx_word' id='word_1_639' title='bbox 729 2095 820 2122; x_wconf 82' lang='grc' dir='ltr'>αὐτῶν</span> <span class='ocrx_word' id='word_1_640' title='bbox 845 2103 896 2131; x_wconf 84' lang='grc' dir='ltr'>κη-</span> 
     </span>
    </p>
   </div>
   <div class='ocr_carea' id='block_1_84' title="bbox 108 2141 934 2189">
    <p class='ocr_par' dir='ltr' id='par_1_84' title="bbox 108 2141 934 2189">
     <span class='ocr_line' id='line_1_84' title="bbox 108 2141 934 2189; baseline -0.008 -16"><span class='ocrx_word' id='word_1_641' title='bbox 108 2146 281 2184; x_wconf 77' lang='grc' dir='ltr'>ρυττομένης</span> <span class='ocrx_word' id='word_1_642' title='bbox 291 2144 415 2179; x_wconf 79' lang='grc' dir='ltr'>γνώσεως</span> <span class='ocrx_word' id='word_1_643' title='bbox 428 2143 512 2175; x_wconf 80' lang='grc' dir='ltr'>τύπος</span> <span class='ocrx_word' id='word_1_644' title='bbox 525 2143 609 2176; x_wconf 68' lang='grc' dir='ltr'>ἐστίν,</span> <span class='ocrx_word' id='word_1_645' title='bbox 628 2143 643 2169; x_wconf 86' lang='grc' dir='ltr'><strong>ό</strong></span> <span class='ocrx_word' id='word_1_646' title='bbox 664 2141 834 2189; x_wconf 39' lang='grc' dir='ltr'>δὲ-ίλασμδς,</span> <span class='ocrx_word' id='word_1_647' title='bbox 848 2142 897 2189; x_wconf 70' lang='grc' dir='ltr'>τῆς</span> <span class='ocrx_word' id='word_1_648' title='bbox 913 2162 934 2189; x_wconf 76' lang='lat' dir='ltr'><strong>D</strong></span> 
     </span>
    </p>
   </div>
   <div class='ocr_carea' id='block_1_85' title="bbox 110 2186 894 2226">
    <p class='ocr_par' dir='ltr' id='par_1_85' title="bbox 110 2186 894 2226">
     <span class='ocr_line' id='line_1_85' title="bbox 110 2186 894 2226; baseline -0.01 -6"><span class='ocrx_word' id='word_1_649' title='bbox 110 2192 160 2220; x_wconf 84' lang='grc' dir='ltr'><strong>τοῦ</strong></span> <span class='ocrx_word' id='word_1_650' title='bbox 176 2191 244 2218; x_wconf 85' lang='grc' dir='ltr'>Θεοῦ</span> <span class='ocrx_word' id='word_1_651' title='bbox 260 2191 327 2226; x_wconf 81' lang='grc' dir='ltr'>πρὸς</span> <span class='ocrx_word' id='word_1_652' title='bbox 335 2190 380 2217; x_wconf 74' lang='grc' dir='ltr'><strong>τὸν</strong></span> <span class='ocrx_word' id='word_1_653' title='bbox 394 2189 536 2225; x_wconf 79' lang='grc' dir='ltr'>ἄνθρωπον</span> <span class='ocrx_word' id='word_1_654' title='bbox 553 2188 597 2215; x_wconf 79' lang='grc' dir='ltr'><strong>διὰ</strong></span> <span class='ocrx_word' id='word_1_655' title='bbox 618 2187 780 2223; x_wconf 70' lang='grc' dir='ltr'>σαρκώσεως</span> <span class='ocrx_word' id='word_1_656' title='bbox 794 2186 894 2221; x_wconf 73' lang='grc' dir='ltr'>σύμϐο-</span> 
     </span>
    </p>
   </div>
   <div class='ocr_carea' id='block_1_86' title="bbox 110 2232 899 2272">
    <p class='ocr_par' dir='ltr' id='par_1_86' title="bbox 110 2232 899 2272">
     <span class='ocr_line' id='line_1_86' title="bbox 110 2232 899 2272; baseline -0.011 -7"><span class='ocrx_word' id='word_1_657' title='bbox 110 2239 158 2265; x_wconf 87' lang='grc' dir='ltr'><strong>λον</strong></span> <span class='ocrx_word' id='word_1_658' title='bbox 173 2237 291 2272; x_wconf 82' lang='grc' dir='ltr'>ὑπάρχει</span> <span class='ocrx_word' id='word_1_659' title='bbox 314 2235 496 2270; x_wconf 81' lang='grc' dir='ltr'>καταλλαγῆς.</span> <span class='ocrx_word' id='word_1_660' title='bbox 519 2235 547 2261; x_wconf 91' lang='lat'><strong>&#39;0</strong></span> <span class='ocrx_word' id='word_1_661' title='bbox 568 2233 623 2268; x_wconf 82' lang='grc' dir='ltr'>γὰρ</span> <span class='ocrx_word' id='word_1_662' title='bbox 648 2232 746 2264; x_wconf 78' lang='grc' dir='ltr'>ὑποδὺς</span> <span class='ocrx_word' id='word_1_663' title='bbox 768 2232 899 2262; x_wconf 79' lang='grc' dir='ltr'>ἑκουσίως</span> 
     </span>
    </p>
   </div>
   <div class='ocr_carea' id='block_1_87' title="bbox 110 2277 898 2318">
    <p class='ocr_par' dir='ltr' id='par_1_87' title="bbox 110 2277 898 2318">
     <span class='ocr_line' id='line_1_87' title="bbox 110 2277 898 2318; baseline -0.009 -9"><span class='ocrx_word' id='word_1_664' title='bbox 110 2284 163 2318; x_wconf 73' lang='grc' dir='ltr'>τὴν</span> <span class='ocrx_word' id='word_1_665' title='bbox 186 2282 233 2309; x_wconf 82' lang='grc' dir='ltr'><strong>τοῦ</strong></span> <span class='ocrx_word' id='word_1_666' title='bbox 251 2281 459 2318; x_wconf 84' lang='grc' dir='ltr'>κατακριθέντος</span> <span class='ocrx_word' id='word_1_667' title='bbox 487 2279 661 2313; x_wconf 81' lang='grc' dir='ltr'>κατάκρισιν,</span> <span class='ocrx_word' id='word_1_668' title='bbox 686 2277 826 2304; x_wconf 80' lang='grc' dir='ltr'>διελύσατο</span> <span class='ocrx_word' id='word_1_669' title='bbox 849 2277 898 2311; x_wconf 82' lang='grc' dir='ltr'>τήν</span> 
     </span>
    </p>
   </div>
   <div class='ocr_carea' id='block_1_88' title="bbox 113 2323 900 2364">
    <p class='ocr_par' dir='ltr' id='par_1_88' title="bbox 113 2323 900 2364">
     <span class='ocr_line' id='line_1_88' title="bbox 113 2323 900 2364; baseline -0.01 -8"><span class='ocrx_word' id='word_1_670' title='bbox 113 2338 181 2356; x_wconf 79' lang='grc' dir='ltr'>ποτε</span> <span class='ocrx_word' id='word_1_671' title='bbox 198 2329 267 2364; x_wconf 80' lang='grc' dir='ltr'>πρὸς</span> <span class='ocrx_word' id='word_1_672' title='bbox 281 2327 362 2354; x_wconf 71' lang='grc' dir='ltr'>αὐτὸν</span> <span class='ocrx_word' id='word_1_673' title='bbox 384 2326 556 2361; x_wconf 80' lang='grc' dir='ltr'>κυρωθεῖσαν</span> <span class='ocrx_word' id='word_1_674' title='bbox 579 2325 688 2360; x_wconf 79' lang='grc' dir='ltr'>ἔχθραν.</span> <span class='ocrx_word' id='word_1_675' title='bbox 711 2323 742 2349; x_wconf 84' lang='grc' dir='ltr'><strong><em>Ἦ</em></strong></span> <span class='ocrx_word' id='word_1_676' title='bbox 764 2323 791 2349; x_wconf 84' lang='grc' dir='ltr'>δὲ</span> <span class='ocrx_word' id='word_1_677' title='bbox 808 2331 900 2357; x_wconf 87' lang='grc' dir='ltr'>σκηνο-</span> 
     </span>
    </p>
   </div>
   <div class='ocr_carea' id='block_1_89' title="bbox 113 2368 898 2410">
    <p class='ocr_par' dir='ltr' id='par_1_89' title="bbox 113 2368 898 2410">
     <span class='ocr_line' id='line_1_89' title="bbox 113 2368 898 2410; baseline -0.01 -8"><span class='ocrx_word' id='word_1_678' title='bbox 113 2376 211 2410; x_wconf 79' lang='grc' dir='ltr'>πηγία,</span> <span class='ocrx_word' id='word_1_679' title='bbox 222 2374 395 2410; x_wconf 75' lang='grc' dir='ltr'>προτύπωσίς</span> <span class='ocrx_word' id='word_1_680' title='bbox 413 2374 485 2400; x_wconf 73' lang='grc' dir='ltr'>ἐστιν</span> <span class='ocrx_word' id='word_1_681' title='bbox 498 2371 672 2400; x_wconf 83' lang='grc' dir='ltr'>ἀναστάσεως</span> <span class='ocrx_word' id='word_1_682' title='bbox 682 2389 688 2400; x_wconf 89' lang='grc'><strong>,</strong></span> <span class='ocrx_word' id='word_1_683' title='bbox 701 2369 748 2396; x_wconf 74' lang='grc' dir='ltr'>καὶ</span> <span class='ocrx_word' id='word_1_684' title='bbox 766 2369 813 2403; x_wconf 81' lang='grc' dir='ltr'>τῆς</span> <span class='ocrx_word' id='word_1_685' title='bbox 829 2368 898 2394; x_wconf 60' lang='grc' dir='ltr'>πάν.</span> 
     </span>
    </p>
   </div>
   <div class='ocr_carea' id='block_1_90' title="bbox 111 2418 640 2456">
    <p class='ocr_par' dir='ltr' id='par_1_90' title="bbox 111 2418 640 2456">
     <span class='ocr_line' id='line_1_90' title="bbox 111 2418 640 2456; baseline -0.011 -8"><span class='ocrx_word' id='word_1_686' title='bbox 111 2431 168 2449; x_wconf 79' lang='grc' dir='ltr'><strong>των</strong></span> <span class='ocrx_word' id='word_1_687' title='bbox 186 2421 254 2456; x_wconf 71' lang='grc' dir='ltr'>πρὸς</span> <span class='ocrx_word' id='word_1_688' title='bbox 269 2419 403 2454; x_wconf 73' lang='grc' dir='ltr'>ὰτρεψίαν</span> <span class='ocrx_word' id='word_1_689' title='bbox 428 2418 640 2453; x_wconf 73' lang='grc' dir='ltr'>μεταποιήσεως.</span> 
     </span>
    </p>
   </div>
   <div class='ocr_carea' id='block_1_91' title="bbox 153 2469 898 2512">
    <p class='ocr_par' dir='ltr' id='par_1_91' title="bbox 153 2469 898 2512">
     <span class='ocr_line' id='line_1_91' title="bbox 153 2469 898 2512; baseline -0.011 -9"><span class='ocrx_word' id='word_1_690' title='bbox 153 2477 212 2512; x_wconf 84' lang='grc' dir='ltr'>μς’.</span> <span class='ocrx_word' id='word_1_691' title='bbox 231 2477 259 2502; x_wconf 90' lang='lat'><strong>&#39;0</strong></span> <span class='ocrx_word' id='word_1_692' title='bbox 266 2476 356 2510; x_wconf 76' lang='grc' dir='ltr'>ψιλαῖς</span> <span class='ocrx_word' id='word_1_693' title='bbox 370 2475 428 2506; x_wconf 83' lang='grc' dir='ltr'>ταῖς</span> <span class='ocrx_word' id='word_1_694' title='bbox 444 2473 564 2506; x_wconf 71' lang='grc' dir='ltr'>ὲναίμοις</span> <span class='ocrx_word' id='word_1_695' title='bbox 579 2474 680 2507; x_wconf 81' lang='grc' dir='ltr'>χαίρων</span> <span class='ocrx_word' id='word_1_696' title='bbox 695 2470 811 2502; x_wconf 80' lang='grc' dir='ltr'>θυσίαις,</span> <span class='ocrx_word' id='word_1_697' title='bbox 821 2469 898 2505; x_wconf 79' lang='grc' dir='ltr'>φησὶ,</span> 
     </span>
    </p>
   </div>
   <div class='ocr_carea' id='block_1_92' title="bbox 113 2515 898 2560">
    <p class='ocr_par' dir='ltr' id='par_1_92' title="bbox 113 2515 898 2560">
     <span class='ocr_line' id='line_1_92' title="bbox 113 2515 898 2560; baseline -0.013 -9"><span class='ocrx_word' id='word_1_698' title='bbox 113 2525 179 2560; x_wconf 76' lang='grc' dir='ltr'>περὶ</span> <span class='ocrx_word' id='word_1_699' title='bbox 191 2523 224 2549; x_wconf 72' lang='grc' dir='ltr'><strong>τὰ</strong></span> <span class='ocrx_word' id='word_1_700' title='bbox 240 2522 313 2557; x_wconf 74' lang='grc' dir='ltr'>παθη</span> <span class='ocrx_word' id='word_1_701' title='bbox 334 2519 493 2551; x_wconf 75' lang='grc' dir='ltr'>σπουδάζειν</span> <span class='ocrx_word' id='word_1_702' title='bbox 504 2518 541 2550; x_wconf 82' lang='grc' dir='ltr'>ὡς</span> <span class='ocrx_word' id='word_1_703' title='bbox 558 2516 684 2553; x_wconf 74' lang='grc' dir='ltr'>ἐμπαθὴς</span> <span class='ocrx_word' id='word_1_704' title='bbox 696 2515 898 2551; x_wconf 78' lang='grc' dir='ltr'>παρασκευάζει</span> 
     </span>
    </p>
   </div>
   <div class='ocr_carea' id='block_1_93' title="bbox 113 2561 897 2601">
    <p class='ocr_par' dir='ltr' id='par_1_93' title="bbox 113 2561 897 2601">
     <span class='ocr_line' id='line_1_93' title="bbox 113 2561 897 2601; baseline -0.013 -4"><span class='ocrx_word' id='word_1_705' title='bbox 113 2571 176 2600; x_wconf 74' lang='grc' dir='ltr'>τοὺς</span> <span class='ocrx_word' id='word_1_706' title='bbox 192 2569 320 2598; x_wconf 79' lang='grc' dir='ltr'>θύοντας·</span> <span class='ocrx_word' id='word_1_707' title='bbox 339 2567 410 2601; x_wconf 73' lang='grc' dir='ltr'>φιλεῖ</span> <span class='ocrx_word' id='word_1_708' title='bbox 433 2565 486 2599; x_wconf 80' lang='grc' dir='ltr'>γὰρ</span> <span class='ocrx_word' id='word_1_709' title='bbox 501 2564 607 2599; x_wconf 85' lang='grc' dir='ltr'>χαίρειν</span> <span class='ocrx_word' id='word_1_710' title='bbox 621 2563 652 2590; x_wconf 84' lang='grc' dir='ltr'><strong>τὺ</strong></span> <span class='ocrx_word' id='word_1_711' title='bbox 672 2563 790 2598; x_wconf 86' lang='grc' dir='ltr'>γνησίως</span> <span class='ocrx_word' id='word_1_712' title='bbox 809 2561 897 2592; x_wconf 80' lang='grc' dir='ltr'>σέϐον,</span> 
     </span>
    </p>
   </div>
   <div class='ocr_carea' id='block_1_94' title="bbox 113 2610 561 2650">
    <p class='ocr_par' dir='ltr' id='par_1_94' title="bbox 113 2610 561 2650">
     <span class='ocr_line' id='line_1_94' title="bbox 113 2610 561 2650; baseline -0.011 -8"><span class='ocrx_word' id='word_1_713' title='bbox 113 2613 154 2647; x_wconf 80' lang='grc' dir='ltr'>οἷς</span> <span class='ocrx_word' id='word_1_714' title='bbox 167 2614 256 2650; x_wconf 86' lang='grc' dir='ltr'>χαίρει</span> <span class='ocrx_word' id='word_1_715' title='bbox 269 2614 299 2639; x_wconf 80' lang='grc' dir='ltr'>τὸ</span> <span class='ocrx_word' id='word_1_716' title='bbox 317 2610 561 2647; x_wconf 82' lang='grc' dir='ltr'>προσκυνούμενον.</span> 
     </span>
    </p>
   </div>
   <div class='ocr_carea' id='block_1_95' title="bbox 152 2709 898 2750">
    <p class='ocr_par' dir='ltr' id='par_1_95' title="bbox 152 2709 898 2750">
     <span class='ocr_line' id='line_1_95' title="bbox 152 2709 898 2750; baseline -0.008 -9"><span class='ocrx_word' id='word_1_717' title='bbox 152 2715 207 2750; x_wconf 57' lang='grc' dir='ltr'><strong>μζ.</strong></span> <span class='ocrx_word' id='word_1_718' title='bbox 226 2714 288 2740; x_wconf 78' lang='grc' dir='ltr'>’Ότι</span> <span class='ocrx_word' id='word_1_719' title='bbox 306 2712 399 2743; x_wconf 77' lang='grc' dir='ltr'>θυσίας</span> <span class='ocrx_word' id='word_1_720' title='bbox 412 2709 481 2737; x_wconf 77' lang='grc' dir='ltr'>οἶδεν</span> <span class='ocrx_word' id='word_1_721' title='bbox 494 2712 508 2736; x_wconf 79' lang='grc' dir='ltr'>ὁ</span> <span class='ocrx_word' id='word_1_722' title='bbox 521 2709 607 2744; x_wconf 80' lang='grc' dir='ltr'>λόγος,</span> <span class='ocrx_word' id='word_1_723' title='bbox 630 2710 706 2744; x_wconf 68' lang='grc' dir='ltr'>φησι,</span> <span class='ocrx_word' id='word_1_724' title='bbox 719 2710 767 2745; x_wconf 84' lang='grc' dir='ltr'>τὴν</span> <span class='ocrx_word' id='word_1_725' title='bbox 781 2710 834 2735; x_wconf 81' lang='grc' dir='ltr'>τῶν</span> <span class='ocrx_word' id='word_1_726' title='bbox 846 2718 898 2735; x_wconf 84' lang='grc' dir='ltr'>πα-</span> 
     </span>
    </p>
   </div>
   <div class='ocr_carea' id='block_1_96' title="bbox 116 2755 898 2793">
    <p class='ocr_par' dir='ltr' id='par_1_96' title="bbox 116 2755 898 2793">
     <span class='ocr_line' id='line_1_96' title="bbox 116 2755 898 2793; baseline -0.008 -6"><span class='ocrx_word' id='word_1_727' title='bbox 116 2760 168 2787; x_wconf 79' lang='grc' dir='ltr'>θῶν</span> <span class='ocrx_word' id='word_1_728' title='bbox 181 2759 298 2793; x_wconf 69' lang='grc' dir='ltr'>σφαγὴν,</span> <span class='ocrx_word' id='word_1_729' title='bbox 313 2758 358 2784; x_wconf 72' lang='grc' dir='ltr'><strong>καὶ</strong></span> <span class='ocrx_word' id='word_1_730' title='bbox 372 2757 421 2792; x_wconf 87' lang='grc' dir='ltr'>τὴν</span> <span class='ocrx_word' id='word_1_731' title='bbox 438 2755 492 2782; x_wconf 81' lang='grc' dir='ltr'>τῶν</span> <span class='ocrx_word' id='word_1_732' title='bbox 518 2756 639 2790; x_wconf 80' lang='grc' dir='ltr'>φυσικῶν</span> <span class='ocrx_word' id='word_1_733' title='bbox 658 2755 798 2790; x_wconf 79' lang='grc' dir='ltr'>δυνάμεων</span> <span class='ocrx_word' id='word_1_734' title='bbox 815 2764 898 2789; x_wconf 88' lang='grc' dir='ltr'>προσ-</span> 
     </span>
    </p>
   </div>
   <div class='ocr_carea' id='block_1_97' title="bbox 112 2801 898 2842">
    <p class='ocr_par' dir='ltr' id='par_1_97' title="bbox 112 2801 898 2842">
     <span class='ocr_line' id='line_1_97' title="bbox 112 2801 898 2842; baseline -0.008 -9"><span class='ocrx_word' id='word_1_735' title='bbox 112 2806 240 2842; x_wconf 65' lang='grc' dir='ltr'>αγωγήνο</span> <span class='ocrx_word' id='word_1_736' title='bbox 256 2801 293 2831; x_wconf 84' lang='grc' dir='ltr'>ὧν</span> <span class='ocrx_word' id='word_1_737' title='bbox 309 2803 355 2830; x_wconf 78' lang='grc' dir='ltr'><strong>τοῦ</strong></span> <span class='ocrx_word' id='word_1_738' title='bbox 371 2804 419 2838; x_wconf 83' lang='grc' dir='ltr'>μὲν</span> <span class='ocrx_word' id='word_1_739' title='bbox 437 2803 516 2836; x_wconf 82' lang='grc' dir='ltr'>λόγου</span> <span class='ocrx_word' id='word_1_740' title='bbox 531 2801 614 2834; x_wconf 87' lang='grc' dir='ltr'>τύπος</span> <span class='ocrx_word' id='word_1_741' title='bbox 633 2802 706 2829; x_wconf 74' lang='grc' dir='ltr'>ἐστὶν</span> <span class='ocrx_word' id='word_1_742' title='bbox 721 2802 819 2837; x_wconf 82' lang='grc' dir='ltr'>ὁκριός</span> <span class='ocrx_word' id='word_1_743' title='bbox 834 2809 840 2816; x_wconf 89' lang='grc'>·</span> <span class='ocrx_word' id='word_1_744' title='bbox 852 2801 898 2828; x_wconf 85' lang='grc' dir='ltr'><strong>τοῦ</strong></span> 
     </span>
    </p>
   </div>
   <div class='ocr_carea' id='block_1_98' title="bbox 984 2002 1734 2038">
    <p class='ocr_par' dir='ltr' id='par_1_98' title="bbox 984 2002 1734 2038">
     <span class='ocr_line' id='line_1_98' title="bbox 984 2002 1734 2038; baseline -0.001 -8"><span class='ocrx_word' id='word_1_745' title='bbox 984 2003 1065 2038; x_wconf 73' lang='lat'><strong>299</strong></span> <span class='ocrx_word' id='word_1_746' title='bbox 1081 2003 1124 2030; x_wconf 64' lang='lat'><strong>45.</strong></span> <span class='ocrx_word' id='word_1_747' title='bbox 1144 2002 1236 2030; x_wconf 82' lang='lat' dir='ltr'><strong>Mense</strong></span> <span class='ocrx_word' id='word_1_748' title='bbox 1259 2002 1376 2036; x_wconf 90' lang='lat' dir='ltr'><strong>septimo</strong></span> <span class='ocrx_word' id='word_1_749' title='bbox 1390 2007 1445 2029; x_wconf 89' lang='lat' dir='ltr'><strong>tres</strong></span> <span class='ocrx_word' id='word_1_750' title='bbox 1456 2006 1520 2030; x_wconf 90' lang='lat' dir='ltr'><strong>sunt</strong></span> <span class='ocrx_word' id='word_1_751' title='bbox 1535 2002 1734 2032; x_wconf 77' lang='lat' dir='ltr'><strong>solemnitates,</strong></span> 
     </span>
    </p>
   </div>
   <div class='ocr_carea' id='block_1_99' title="bbox 949 2048 1734 2084">
    <p class='ocr_par' dir='ltr' id='par_1_99' title="bbox 949 2048 1734 2084">
     <span class='ocr_line' id='line_1_99' title="bbox 949 2048 1734 2084; baseline -0.003 -7"><span class='ocrx_word' id='word_1_752' title='bbox 949 2050 1087 2081; x_wconf 85' lang='lat' dir='ltr'><strong>tubarum,</strong></span> <span class='ocrx_word' id='word_1_753' title='bbox 1112 2048 1316 2084; x_wconf 81' lang='lat' dir='ltr'><strong>propitiationis</strong></span> <span class='ocrx_word' id='word_1_754' title='bbox 1337 2053 1366 2076; x_wconf 86' lang='lat' dir='ltr'><strong>et</strong></span> <span class='ocrx_word' id='word_1_755' title='bbox 1389 2048 1558 2083; x_wconf 71' lang='lat' dir='ltr'><strong>scenopegiae</strong></span> <span class='ocrx_word' id='word_1_756' title='bbox 1575 2056 1582 2075; x_wconf 90' lang='lat'><strong>:</strong></span> <span class='ocrx_word' id='word_1_757' title='bbox 1597 2056 1612 2075; x_wconf 88' lang='lat' dir='ltr'><strong>e</strong></span> <span class='ocrx_word' id='word_1_758' title='bbox 1633 2048 1734 2083; x_wconf 82' lang='lat' dir='ltr'><strong>quibus</strong></span> 
     </span>
    </p>
   </div>
   <div class='ocr_carea' id='block_1_100' title="bbox 948 2094 1734 2130">
    <p class='ocr_par' dir='ltr' id='par_1_100' title="bbox 948 2094 1734 2130">
     <span class='ocr_line' id='line_1_100' title="bbox 948 2094 1734 2130; baseline -0.003 -7"><span class='ocrx_word' id='word_1_759' title='bbox 948 2096 1025 2127; x_wconf 88' lang='lat' dir='ltr'><strong>tuba,</strong></span> <span class='ocrx_word' id='word_1_760' title='bbox 1042 2095 1110 2130; x_wconf 76' lang='lat' dir='ltr'><strong>legis</strong></span> <span class='ocrx_word' id='word_1_761' title='bbox 1123 2102 1154 2122; x_wconf 84' lang='lat' dir='ltr'><strong>ac</strong></span> <span class='ocrx_word' id='word_1_762' title='bbox 1161 2095 1368 2129; x_wconf 86' lang='lat' dir='ltr'><strong>prophetarum,</strong></span> <span class='ocrx_word' id='word_1_763' title='bbox 1377 2094 1464 2129; x_wconf 88' lang='lat' dir='ltr'><strong>iisque</strong></span> <span class='ocrx_word' id='word_1_764' title='bbox 1480 2094 1632 2129; x_wconf 73' lang='lat' dir='ltr'><strong>praedicata:</strong></span> <span class='ocrx_word' id='word_1_765' title='bbox 1643 2094 1734 2122; x_wconf 83' lang='lat' dir='ltr'><strong>scien-</strong></span> 
     </span>
    </p>
   </div>
   <div class='ocr_carea' id='block_1_101' title="bbox 950 2139 1735 2177">
    <p class='ocr_par' dir='ltr' id='par_1_101' title="bbox 950 2139 1735 2177">
     <span class='ocr_line' id='line_1_101' title="bbox 950 2139 1735 2177; baseline -0.004 -8"><span class='ocrx_word' id='word_1_766' title='bbox 950 2142 1003 2174; x_wconf 75' lang='lat' dir='ltr'><strong>tize,</strong></span> <span class='ocrx_word' id='word_1_767' title='bbox 1012 2145 1092 2177; x_wconf 87' lang='lat' dir='ltr'><strong>typus</strong></span> <span class='ocrx_word' id='word_1_768' title='bbox 1102 2144 1152 2168; x_wconf 86' lang='lat' dir='ltr'><strong>est.</strong></span> <span class='ocrx_word' id='word_1_769' title='bbox 1163 2140 1324 2175; x_wconf 83' lang='lat' dir='ltr'><strong>Propitiatio</strong></span> <span class='ocrx_word' id='word_1_770' title='bbox 1337 2144 1437 2174; x_wconf 84' lang='lat' dir='ltr'><strong>autem,</strong></span> <span class='ocrx_word' id='word_1_771' title='bbox 1448 2140 1495 2167; x_wconf 90' lang='lat' dir='ltr'><strong>Dei</strong></span> <span class='ocrx_word' id='word_1_772' title='bbox 1506 2147 1567 2167; x_wconf 91' lang='lat' dir='ltr'><strong>cum</strong></span> <span class='ocrx_word' id='word_1_773' title='bbox 1576 2139 1735 2167; x_wconf 87' lang='lat' dir='ltr'><strong>hominibus</strong></span> 
     </span>
    </p>
   </div>
   <div class='ocr_carea' id='block_1_102' title="bbox 951 2185 1733 2223">
    <p class='ocr_par' dir='ltr' id='par_1_102' title="bbox 951 2185 1733 2223">
     <span class='ocr_line' id='line_1_102' title="bbox 951 2185 1733 2223; baseline -0.003 -8"><span class='ocrx_word' id='word_1_774' title='bbox 951 2196 1001 2223; x_wconf 89' lang='lat' dir='ltr'><strong>per</strong></span> <span class='ocrx_word' id='word_1_775' title='bbox 1014 2186 1232 2214; x_wconf 86' lang='lat' dir='ltr'><strong>incarnationem</strong></span> <span class='ocrx_word' id='word_1_776' title='bbox 1245 2185 1480 2213; x_wconf 78' lang='lat' dir='ltr'><strong>reconciliationis</strong></span> <span class='ocrx_word' id='word_1_777' title='bbox 1493 2186 1657 2221; x_wconf 80' lang='lat' dir='ltr'><strong>symbolum.</strong></span> <span class='ocrx_word' id='word_1_778' title='bbox 1681 2185 1733 2218; x_wconf 89' lang='lat' dir='ltr'><strong>Qui</strong></span> 
     </span>
    </p>
   </div>
   <div class='ocr_carea' id='block_1_103' title="bbox 949 2231 1736 2267">
    <p class='ocr_par' dir='ltr' id='par_1_103' title="bbox 949 2231 1736 2267">
     <span class='ocr_line' id='line_1_103' title="bbox 949 2231 1736 2267; baseline -0.003 -7"><span class='ocrx_word' id='word_1_779' title='bbox 949 2233 1024 2260; x_wconf 92' lang='lat' dir='ltr'><strong>enim</strong></span> <span class='ocrx_word' id='word_1_780' title='bbox 1039 2237 1146 2267; x_wconf 88' lang='lat' dir='ltr'><strong>sponte,</strong></span> <span class='ocrx_word' id='word_1_781' title='bbox 1160 2232 1220 2266; x_wconf 82' lang='lat' dir='ltr'><strong>ejus</strong></span> <span class='ocrx_word' id='word_1_782' title='bbox 1231 2231 1278 2265; x_wconf 91' lang='lat' dir='ltr'><strong>qui</strong></span> <span class='ocrx_word' id='word_1_783' title='bbox 1298 2239 1363 2258; x_wconf 90' lang='lat' dir='ltr'><strong>reus</strong></span> <span class='ocrx_word' id='word_1_784' title='bbox 1382 2231 1508 2259; x_wconf 88' lang='lat' dir='ltr'><strong>criminis</strong></span> <span class='ocrx_word' id='word_1_785' title='bbox 1528 2236 1597 2263; x_wconf 88' lang='lat' dir='ltr'><strong>erat,</strong></span> <span class='ocrx_word' id='word_1_786' title='bbox 1622 2232 1736 2259; x_wconf 88' lang='lat' dir='ltr'><strong>damna-</strong></span> 
     </span>
    </p>
   </div>
   <div class='ocr_carea' id='block_1_104' title="bbox 950 2277 1734 2312">
    <p class='ocr_par' dir='ltr' id='par_1_104' title="bbox 950 2277 1734 2312">
     <span class='ocr_line' id='line_1_104' title="bbox 950 2277 1734 2312; baseline -0.003 -6"><span class='ocrx_word' id='word_1_787' title='bbox 950 2279 1052 2306; x_wconf 87' lang='lat' dir='ltr'><strong>tionem</strong></span> <span class='ocrx_word' id='word_1_788' title='bbox 1064 2277 1159 2310; x_wconf 88' lang='lat' dir='ltr'><strong>subiit,</strong></span> <span class='ocrx_word' id='word_1_789' title='bbox 1169 2277 1242 2312; x_wconf 90' lang='lat' dir='ltr'><strong>quod</strong></span> <span class='ocrx_word' id='word_1_790' title='bbox 1258 2277 1284 2304; x_wconf 95' lang='lat' dir='ltr'><strong>in</strong></span> <span class='ocrx_word' id='word_1_791' title='bbox 1299 2285 1361 2304; x_wconf 89' lang='lat' dir='ltr'><strong>eum</strong></span> <span class='ocrx_word' id='word_1_792' title='bbox 1375 2277 1480 2312; x_wconf 90' lang='lat' dir='ltr'><strong>pridem</strong></span> <span class='ocrx_word' id='word_1_793' title='bbox 1492 2277 1628 2304; x_wconf 86' lang='lat' dir='ltr'><strong>firmatum</strong></span> <span class='ocrx_word' id='word_1_794' title='bbox 1640 2277 1734 2304; x_wconf 90' lang='lat' dir='ltr'><strong>odium</strong></span> 
     </span>
    </p>
   </div>
   <div class='ocr_carea' id='block_1_105' title="bbox 949 2322 1734 2357">
    <p class='ocr_par' dir='ltr' id='par_1_105' title="bbox 949 2322 1734 2357">
     <span class='ocr_line' id='line_1_105' title="bbox 949 2322 1734 2357; baseline -0.004 -5"><span class='ocrx_word' id='word_1_795' title='bbox 949 2328 1017 2356; x_wconf 90' lang='lat' dir='ltr'><strong>erat,</strong></span> <span class='ocrx_word' id='word_1_796' title='bbox 1034 2323 1169 2350; x_wconf 83' lang='lat' dir='ltr'><strong>dissolvit.</strong></span> <span class='ocrx_word' id='word_1_797' title='bbox 1186 2322 1354 2357; x_wconf 80' lang='lat' dir='ltr'><strong>Scenopegia</strong></span> <span class='ocrx_word' id='word_1_798' title='bbox 1369 2330 1445 2353; x_wconf 80' lang='lat' dir='ltr'><strong>vero,</strong></span> <span class='ocrx_word' id='word_1_799' title='bbox 1465 2322 1563 2349; x_wconf 65' lang='lat' dir='ltr'><strong>futuraa</strong></span> <span class='ocrx_word' id='word_1_800' title='bbox 1583 2322 1734 2357; x_wconf 80' lang='lat' dir='ltr'><strong>designatio</strong></span> 
     </span>
    </p>
   </div>
   <div class='ocr_carea' id='block_1_106' title="bbox 950 2367 1733 2402">
    <p class='ocr_par' dir='ltr' id='par_1_106' title="bbox 950 2367 1733 2402">
     <span class='ocr_line' id='line_1_106' title="bbox 950 2367 1733 2402; baseline -0.004 -5"><span class='ocrx_word' id='word_1_801' title='bbox 950 2369 1171 2400; x_wconf 80' lang='lat' dir='ltr'><strong>resurrectionis,</strong></span> <span class='ocrx_word' id='word_1_802' title='bbox 1186 2368 1364 2402; x_wconf 88' lang='lat' dir='ltr'><strong>omniumque</strong></span> <span class='ocrx_word' id='word_1_803' title='bbox 1377 2368 1404 2394; x_wconf 90' lang='lat' dir='ltr'><strong>in</strong></span> <span class='ocrx_word' id='word_1_804' title='bbox 1419 2367 1618 2395; x_wconf 85' lang='lat' dir='ltr'><strong>immutabilem</strong></span> <span class='ocrx_word' id='word_1_805' title='bbox 1633 2373 1733 2394; x_wconf 82' lang='lat' dir='ltr'><strong>statqu</strong></span> 
     </span>
    </p>
   </div>
   <div class='ocr_carea' id='block_1_107' title="bbox 950 2413 1194 2441">
    <p class='ocr_par' dir='ltr' id='par_1_107' title="bbox 950 2413 1194 2441">
     <span class='ocr_line' id='line_1_107' title="bbox 950 2413 1194 2441; baseline -0.012 0"><span class='ocrx_word' id='word_1_806' title='bbox 950 2413 1194 2441; x_wconf 83' lang='lat' dir='ltr'><strong>transmutationis.</strong></span> 
     </span>
    </p>
   </div>
   <div class='ocr_carea' id='block_1_108' title="bbox 984 2471 1735 2506">
    <p class='ocr_par' dir='ltr' id='par_1_108' title="bbox 984 2471 1735 2506">
     <span class='ocr_line' id='line_1_108' title="bbox 984 2471 1735 2506; baseline -0.001 -6"><span class='ocrx_word' id='word_1_807' title='bbox 984 2474 1028 2502; x_wconf 71' lang='grc'><strong>46.</strong></span> <span class='ocrx_word' id='word_1_808' title='bbox 1052 2473 1103 2506; x_wconf 86' lang='lat' dir='ltr'><strong>Qui</strong></span> <span class='ocrx_word' id='word_1_809' title='bbox 1124 2472 1204 2499; x_wconf 92' lang='lat' dir='ltr'><strong>nudis</strong></span> <span class='ocrx_word' id='word_1_810' title='bbox 1226 2472 1348 2498; x_wconf 89' lang='lat' dir='ltr'><strong>cruentis</strong></span> <span class='ocrx_word' id='word_1_811' title='bbox 1369 2472 1467 2499; x_wconf 82' lang='lat' dir='ltr'><strong>hostiis</strong></span> <span class='ocrx_word' id='word_1_812' title='bbox 1493 2471 1656 2503; x_wconf 88' lang='lat' dir='ltr'><strong>delectatur,</strong></span> <span class='ocrx_word' id='word_1_813' title='bbox 1683 2472 1735 2500; x_wconf 88' lang='lat' dir='ltr'><strong>hoc</strong></span> 
     </span>
    </p>
   </div>
   <div class='ocr_carea' id='block_1_109' title="bbox 949 2517 1735 2555">
    <p class='ocr_par' dir='ltr' id='par_1_109' title="bbox 949 2517 1735 2555">
     <span class='ocr_line' id='line_1_109' title="bbox 949 2517 1735 2555; baseline -0.003 -8"><span class='ocrx_word' id='word_1_814' title='bbox 949 2523 1061 2555; x_wconf 60' lang='lat' dir='ltr'><strong>praestat</strong></span> <span class='ocrx_word' id='word_1_815' title='bbox 1077 2523 1204 2552; x_wconf 85' lang='lat' dir='ltr'><strong>tanquam</strong></span> <span class='ocrx_word' id='word_1_816' title='bbox 1227 2517 1412 2548; x_wconf 69' lang='lat' dir='ltr'><strong>libidinosus.</strong></span> <span class='ocrx_word' id='word_1_817' title='bbox 1428 2522 1459 2544; x_wconf 90' lang='lat' dir='ltr'><strong>ut</strong></span> <span class='ocrx_word' id='word_1_818' title='bbox 1481 2518 1528 2552; x_wconf 89' lang='lat' dir='ltr'><strong>qui</strong></span> <span class='ocrx_word' id='word_1_819' title='bbox 1552 2518 1665 2551; x_wconf 87' lang='lat' dir='ltr'><strong>faciunt,</strong></span> <span class='ocrx_word' id='word_1_820' title='bbox 1683 2519 1735 2553; x_wconf 88' lang='lat' dir='ltr'><strong>ipsi</strong></span> 
     </span>
    </p>
   </div>
   <div class='ocr_carea' id='block_1_110' title="bbox 950 2562 1736 2599">
    <p class='ocr_par' dir='ltr' id='par_1_110' title="bbox 950 2562 1736 2599">
     <span class='ocr_line' id='line_1_110' title="bbox 950 2562 1736 2599; baseline 0.001 -9"><span class='ocrx_word' id='word_1_821' title='bbox 950 2572 1059 2599; x_wconf 91' lang='lat' dir='ltr'><strong>quoque</strong></span> <span class='ocrx_word' id='word_1_822' title='bbox 1073 2562 1182 2589; x_wconf 86' lang='lat' dir='ltr'><strong>libidini</strong></span> <span class='ocrx_word' id='word_1_823' title='bbox 1196 2562 1334 2588; x_wconf 80' lang='lat' dir='ltr'><strong>studeant.</strong></span> <span class='ocrx_word' id='word_1_824' title='bbox 1356 2562 1492 2594; x_wconf 82' lang='lat' dir='ltr'><strong>Quienim</strong></span> <span class='ocrx_word' id='word_1_825' title='bbox 1516 2562 1623 2590; x_wconf 84' lang='lat' dir='ltr'><strong>sincere</strong></span> <span class='ocrx_word' id='word_1_826' title='bbox 1647 2571 1736 2597; x_wconf 83' lang='lat' dir='ltr'><strong>exque</strong></span> 
     </span>
    </p>
   </div>
   <div class='ocr_carea' id='block_1_111' title="bbox 950 2608 1736 2643">
    <p class='ocr_par' dir='ltr' id='par_1_111' title="bbox 950 2608 1736 2643">
     <span class='ocr_line' id='line_1_111' title="bbox 950 2608 1736 2643; baseline -0.001 -6"><span class='ocrx_word' id='word_1_827' title='bbox 950 2610 1042 2637; x_wconf 86' lang='lat' dir='ltr'><strong>animo</strong></span> <span class='ocrx_word' id='word_1_828' title='bbox 1053 2609 1129 2641; x_wconf 83' lang='lat' dir='ltr'><strong>colit,</strong></span> <span class='ocrx_word' id='word_1_829' title='bbox 1144 2609 1178 2635; x_wconf 90' lang='lat' dir='ltr'><strong>iis</strong></span> <span class='ocrx_word' id='word_1_830' title='bbox 1190 2608 1281 2635; x_wconf 83' lang='lat' dir='ltr'><strong>libens</strong></span> <span class='ocrx_word' id='word_1_831' title='bbox 1296 2609 1407 2643; x_wconf 77' lang='lat' dir='ltr'><strong>gaudet,</strong></span> <span class='ocrx_word' id='word_1_832' title='bbox 1421 2608 1522 2642; x_wconf 90' lang='lat' dir='ltr'><strong>quibus</strong></span> <span class='ocrx_word' id='word_1_833' title='bbox 1544 2609 1612 2643; x_wconf 89' lang='lat' dir='ltr'><strong>ipse,</strong></span> <span class='ocrx_word' id='word_1_834' title='bbox 1629 2609 1674 2636; x_wconf 91' lang='lat' dir='ltr'><strong>cui</strong></span> <span class='ocrx_word' id='word_1_835' title='bbox 1690 2617 1736 2636; x_wconf 86' lang='lat' dir='ltr'><strong>ve-</strong></span> 
     </span>
    </p>
   </div>
   <div class='ocr_carea' id='block_1_112' title="bbox 950 2654 1404 2683">
    <p class='ocr_par' dir='ltr' id='par_1_112' title="bbox 950 2654 1404 2683">
     <span class='ocr_line' id='line_1_112' title="bbox 950 2654 1404 2683; baseline -0.007 0"><span class='ocrx_word' id='word_1_836' title='bbox 950 2656 1121 2683; x_wconf 87' lang='lat' dir='ltr'><strong>nerationem</strong></span> <span class='ocrx_word' id='word_1_837' title='bbox 1138 2663 1170 2682; x_wconf 87' lang='lat' dir='ltr'><strong>ac</strong></span> <span class='ocrx_word' id='word_1_838' title='bbox 1180 2655 1283 2682; x_wconf 92' lang='lat' dir='ltr'><strong>cultum</strong></span> <span class='ocrx_word' id='word_1_839' title='bbox 1298 2654 1404 2681; x_wconf 79' lang='lat' dir='ltr'><strong>tribuit.</strong></span> 
     </span>
    </p>
   </div>
   <div class='ocr_carea' id='block_1_113' title="bbox 985 2711 1735 2746">
    <p class='ocr_par' dir='ltr' id='par_1_113' title="bbox 985 2711 1735 2746">
     <span class='ocr_line' id='line_1_113' title="bbox 985 2711 1735 2746; baseline -0.001 -7"><span class='ocrx_word' id='word_1_840' title='bbox 985 2713 1029 2740; x_wconf 70' lang='grc'><strong>47.</strong></span> <span class='ocrx_word' id='word_1_841' title='bbox 1045 2712 1154 2739; x_wconf 87' lang='lat' dir='ltr'><strong>Hostias</strong></span> <span class='ocrx_word' id='word_1_842' title='bbox 1164 2711 1316 2746; x_wconf 85' lang='lat' dir='ltr'><strong>Scriptura,</strong></span> <span class='ocrx_word' id='word_1_843' title='bbox 1337 2711 1485 2739; x_wconf 74' lang='lat' dir='ltr'><strong>:tlfcctuum</strong></span> <span class='ocrx_word' id='word_1_844' title='bbox 1511 2711 1735 2743; x_wconf 79' lang='lat' dir='ltr'><strong>immolationem,</strong></span> 
     </span>
    </p>
   </div>
   <div class='ocr_carea' id='block_1_114' title="bbox 950 2756 1736 2790">
    <p class='ocr_par' dir='ltr' id='par_1_114' title="bbox 950 2756 1736 2790">
     <span class='ocr_line' id='line_1_114' title="bbox 950 2756 1736 2790; baseline -0.003 -6"><span class='ocrx_word' id='word_1_845' title='bbox 950 2757 1171 2790; x_wconf 80' lang='lat' dir='ltr'><strong>naturaliumque</strong></span> <span class='ocrx_word' id='word_1_846' title='bbox 1191 2756 1350 2783; x_wconf 79' lang='lat' dir='ltr'><strong>facultatum</strong></span> <span class='ocrx_word' id='word_1_847' title='bbox 1371 2756 1549 2788; x_wconf 83' lang='lat' dir='ltr'><strong>oblationem,</strong></span> <span class='ocrx_word' id='word_1_848' title='bbox 1560 2764 1658 2784; x_wconf 80' lang='lat' dir='ltr'><strong>vocare</strong></span> <span class='ocrx_word' id='word_1_849' title='bbox 1671 2764 1736 2784; x_wconf 80' lang='lat' dir='ltr'><strong>cnn-</strong></span> 
     </span>
    </p>
   </div>
   <div class='ocr_carea' id='block_1_115' title="bbox 951 2800 1735 2835">
    <p class='ocr_par' dir='ltr' id='par_1_115' title="bbox 951 2800 1735 2835">
     <span class='ocr_line' id='line_1_115' title="bbox 951 2800 1735 2835; baseline 0.001 -7"><span class='ocrx_word' id='word_1_850' title='bbox 951 2802 1058 2834; x_wconf 74' lang='lat' dir='ltr'><strong>sucvit;</strong></span> <span class='ocrx_word' id='word_1_851' title='bbox 1073 2809 1086 2828; x_wconf 86' lang='lat' dir='ltr'><strong>c</strong></span> <span class='ocrx_word' id='word_1_852' title='bbox 1101 2801 1202 2835; x_wconf 80' lang='lat' dir='ltr'><strong>quibus</strong></span> <span class='ocrx_word' id='word_1_853' title='bbox 1226 2801 1308 2832; x_wconf 75' lang='lat' dir='ltr'><strong>aries,</strong></span> <span class='ocrx_word' id='word_1_854' title='bbox 1332 2801 1447 2827; x_wconf 82' lang='lat' dir='ltr'><strong>rationis</strong></span> <span class='ocrx_word' id='word_1_855' title='bbox 1477 2800 1560 2835; x_wconf 73' lang='lat' dir='ltr'><strong>figura</strong></span> <span class='ocrx_word' id='word_1_856' title='bbox 1591 2805 1648 2834; x_wconf 77' lang='lat' dir='ltr'><strong>est;</strong></span> <span class='ocrx_word' id='word_1_857' title='bbox 1677 2806 1735 2830; x_wconf 81' lang='lat' dir='ltr'><strong>tnu-</strong></span> 
     </span>
    </p>
   </div>
  </div>
