1936 3078
71 145 126 177 833

661 145 906 181 QUIESTIONES
924 145 972 176 ET
992 146 1118 177 DUBIA.

1643 148 1697 181 8M

71 201 259 236 ὲὸδομήκοντα
277 199 324 234 ἐτη
343 199 422 235 ἔχων,
440 200 495 227 οὐδ’
509 200 576 232 ὅλως
593 201 655 235 περῖ
669 201 719 236 τῆς
731 201 855 236 τοιαύτης

910 201 1025 228 libidine
1039 206 1182 230 evocatum
1197 207 1305 229 omnem
1319 201 1451 234 animum,
1466 202 1495 230 in
1512 202 1596 231 Deum
1609 208 1699 233 trans-

68 248 205 279 ἀπαοεὶας
223 248 395 282 μεριμνήσας
409 246 591 281 ἐτελεύτησεν·
603 247 617 273 ὁ
631 247 659 273 δὲ
672 247 736 281 μίαν
751 247 858 282 ἡμέραν

69 296 152 330 ἔχων,
171 296 260 322 πᾶσαν
273 294 356 321 αὐτοῦ
370 295 418 330 τὴν
440 294 508 329 πρὸς
526 295 560 322 τά
577 294 656 321 ὑλικά
672 294 784 329 ἐμπαθῆ
801 294 859 321 διά-

68 351 144 368 νοιαν
157 341 328 372 ἀνασπάσας,
345 341 409 375 ὅλην
429 349 458 366 τε
474 340 512 376 τῷ
530 340 590 375 Θεῷ
607 340 783 374 ὲγκολπὼσας
800 341 859 367 ὲτε-

67 387 180 422 λειὼθη.
201 387 246 413 Ἐν
264 387 297 421 τῇ
319 384 366 413 οὖν
380 386 508 421 γινομένῃ
522 387 551 413 ἐν
573 388 605 422 τῇ
623 387 711 422 κρίσει
731 386 856 422 διανομῇ,

67 433 82 458 ὸ
112 433 162 467 μὲν
188 432 270 465 ἀξίως
292 432 338 458 τὸν
369 433 462 467 μισθὸν
488 431 684 467 λαμϐάνει,ὡς
707 432 747 463 εἰς
771 432 857 467 πέρας

66 477 113 504 τὸν
129 477 230 503 σκοπὸν
240 476 286 503 τοῦ
300 477 507 512 ἐπαγγέλματος
517 476 639 511 ἀγαγών*
653 478 666 504 6
679 477 706 504 δὲ
722 477 792 505 κατὰ
809 478 857 512 χά-

69 531 123 558 ριν,
141 523 190 549 καὶ
204 522 286 556 μόνον
304 522 372 557 ὑπὲρ
390 519 420 549 οὗ
439 522 484 549 τὸν
498 523 547 558 τῆς
566 522 708 558 ἀσκήσεως
725 523 855 558 ὑπέμεινε

67 568 165 596 κόπον.

910 247 996 280 ierat;
1020 247 1099 281 isque
1119 247 1206 279 adeo,
1232 247 1278 282 qui
1304 255 1391 275 annos
1410 249 1584 284 septuaginta
1603 251 1696 283 habet,

911 292 984 320 diem
998 293 1078 324 obiit,
1095 300 1156 320 cum
1171 300 1230 319 eam
1246 293 1367 320 nancisci
1387 294 1614 328 tranquillitatem
1629 296 1698 324 nillil

910 338 991 365 anxie
1013 339 1167 370 curaverit;
1189 338 1212 364 is
1232 346 1309 370 vero,
1331 339 1378 373 qui
1402 347 1485 366 unum
1510 339 1594 367 habet
1613 341 1696 373 diem,

910 392 1021 412 omnem
1042 384 1126 411 animi
1148 385 1295 420 cogitatum
1319 393 1334 412 a
1358 389 1466 412 terrena
1486 386 1648 414 abstraltens
1662 388 1698 414 li-

910 433 1015 466 hidine,
1036 433 1119 468 inque
1136 432 1192 460 Deo
1214 433 1363 465 collocans,
1387 433 1422 460 ita
1441 433 1554 461 demum
1571 442 1699 462 consum-

909 484 1001 506 matus
1019 478 1055 506 sit
1069 487 1076 505 :
1090 478 1119 505 lit
1139 478 1219 513 plane
1240 477 1271 505 ut
1287 478 1314 505 in
1329 479 1445 513 judicio,
1462 478 1554 506 futura
1570 481 1697 515 praemio-

909 533 970 552 rum
994 525 1205 556 distributione,
1231 525 1276 552 hic
1299 525 1410 559 quidem
1435 525 1516 560 digne
1541 526 1697 553 mercedem

909 570 1026 605 accipiat
1042 570 1181 605 (tanquam
1200 569 1306 597 scilicet
1320 570 1367 604 qui
1383 570 1416 597 ad
1435 570 1602 597 destinatum
1617 570 1697 597 insti-

66 615 119 641 tuti
143 614 224 640 tinem
241 613 293 640 rite
313 617 461 648 provectus
476 612 534 649 sit),
556 613 602 641 ille
622 621 687 640 vero
710 613 861 641 secundum
881 614 1091 650 indulgentiam,
1111 621 1142 642 ac
1163 622 1196 642 eo
1213 614 1344 642 duntaxat
1370 615 1491 649 nomine,
1506 615 1580 650 quod
1614 623 1696 643 exer-

70 659 212 686 citationis
221 659 344 686 laborem
358 658 506 686 sanctioris
517 659 635 687 instituti
645 660 771 694 palzestra
780 659 953 688 sustinuerit.

374 704 472 731 ΕΡΩΤ.
489 704 550 731 ΞΜ.

104 751 191 782 τινος
204 749 292 784 χάριν
301 749 376 784 μετὰ
392 749 464 776 δέκα
480 750 591 785 ἡμέρας
604 751 659 785 τῆς
677 751 857 786 ἀναλήψεως

66 795 121 823 τοῦ
134 795 257 830 Κυρίου,
274 796 306 822 τὸ
322 795 444 831 Πνεῦμα
458 796 618 832 κατῆλθεν.

406 853 520 888 Ἆπόκρ.

102 910 171 936 basi
182 918 254 942 τινες
265 910 320 938 τῶν
333 910 366 938 τά
378 910 438 938 ϐεϊα
454 911 688 946 πεπαιδευμένων,
703 912 744 939 ὃτι
762 911 855 947 ἐπειδὴ

66 956 149 983 ὲννέα
162 956 253 989 τάξεις
266 957 337 984 κατὰ
348 956 394 983 τὸν
406 956 544 984 Διονύσιον
557 957 602 984 τὸν
620 958 817 994 Ἀρεοπαγίτην
828 957 856 984 αἱ

65 1001 215 1037 ἀγγελικαὶ
225 1002 354 1038 δυνάμεις
368 1003 447 1035 εἰσὶν,
463 1002 546 1030 ἀνιὼν
561 1003 631 1030 κατά
645 1003 676 1030 τὸ
687 1003 856 1038 ἀνθρώπινον

63 1049 79 1075 ὸ
90 1047 196 1083 Κύριος
213 1048 294 1083 (κατὰ
308 1048 363 1082 γὰρ
380 1047 410 1074 τὸ
425 1047 496 1074 θεῖον
509 1048 598 1075 πάντα
613 1048 732 1084 πληροῖ),
748 1049 856 1084 ἑκάστῳ

63 1093 190 1128 τάγματι
213 1093 278 1128 μίαν
296 1093 404 1128 ἡμέραν
421 1093 579 1128 ἀπένειμεν,
599 1095 653 1120 ἀπὸ
672 1094 722 1129 τῆς
738 1093 856 1129 ἐσχάτης

63 1138 121 1169 ἓως
133 1139 186 1170 τῆς
200 1138 367 1170 τελευταίας.
389 1138 508 1165 Ἐδέοντο
523 1139 578 1172 γὰρ
589 1139 636 1165 καὶ
649 1135 727 1165 αὗται
742 1139 792 1174 τῆς
808 1139 855 1166 τοῦ

63 1184 173 1219 Κυρίου
186 1183 342 1218 πρδςαὺτὰς
349 1183 503 1219 ἐπιδημίας.
513 1185 560 1210 Ἐν
569 1183 649 1217 αὺτῷ
657 1184 719 1219 γὰρ,
729 1184 800 1211 κατά
809 1184 855 1211 τὸν

69 1229 247 1260 ’Δπόστολον,
266 1229 520 1263 ἀνεκεςβαλαιώθη,
535 1231 572 1256 οὐ
583 1231 678 1264 μόνον
693 1230 729 1256 τὰ
737 1230 785 1257 ἐπὶ
800 1229 854 1265 τῆς

62 1273 133 1308 τῆς,
150 1274 231 1301 ἀλλὰ
245 1274 293 1300 καὶ
315 1274 350 1301 τὰ
363 1275 398 1300 ὲν
413 1274 539 1308 οὐρανῷ·
556 1275 602 1301 καὶ
622 1275 691 1310 μετά
714 1275 792 1302 τοῦτο
813 1277 855 1303 ἐν-

63 1321 199 1356 εφανίσθη
214 1320 253 1355 τῷ
266 1321 325 1356 Θεῷ
345 1321 392 1348 καὶ⁵
404 1321 501 1356 Πατρίε
519 1321 566 1347 καὶ
585 1321 672 1353 οὕτως
689 1321 719 1348 τὸ
743 1321 855 1357 Πνεῦμα

63 1368 186 1395 xitum.
217 1368 295 1394 Ἐστι
321 1368 349 1394 δὲ
377 1368 513 1404 Θεωρῆσαι
539 1367 570 1394 τὸ
602 1368 781 1404 προκείμενον
808 1370 856 1396 καὶ

62 1416 127 1442 κατ’
141 1415 221 1442 ἄλλον
235 1415 351 1450 Θεωρίας
366 1415 477 1450 τρόπον.
499 1415 608 1450 Ἐπειδὴ
622 1415 677 1449 γὰρ
696 1417 710 1441 ὁ
724 1415 770 1442 τοῦ
787 1415 854 1442 Θεοῦ

61 1462 164 1496 Λόγος,
178 1462 206 1487 ἐν
219 1463 279 1493 ταῖς
293 1461 373 1488 αὐτοῦ
387 1461 451 1488 δέκα
464 1461 582 1492 ἐντολαῖς
595 1462 790 1496 ὲγκέκρυπταν
807 1470 856 1489 σω-

63 1507 201 1542 ματοῡται
223 1507 250 1533 δὲ
265 1508 293 1533 ὲν
309 1508 383 1542 ἡμῖν,
403 1504 627 1541 συγκαταϐαίνων
646 1508 710 1542 ἡμῖν
732 1508 776 1534 διὰ
803 1508 852 1542 τῆς

62 1554 205 1590 πράξεως·
222 1552 300 1586 αὖθίς
323 1563 351 1581 τε
372 1555 466 1589 ἀνάγει
493 1555 566 1591 ἡμᾶς
585 1555 629 1582 διὰ
647 1556 697 1590 τῆς
716 1553 853 1589 γνώσεως,

63 1601 144 1636 ὑψῶν
165 1601 238 1636 ἡμᾶς
255 1600 350 1636 μέχρις
366 1601 522 1636 ἀνέλθωμεν
542 1602 581 1633 εἰς
596 1601 644 1636 τὴν
658 1601 767 1628 πάντων
784 1601 853 1635 ὑψη-

63 1647 181 1681 λοτέραν
195 1647 249 1674 τῶν
263 1647 388 1679 ἐντολῶν,
404 1647 454 1683 τὴν
466 1647 607 1681 λέγουσαν,
630 1647 736 1681 Κύριος
750 1649 766 1674 ό
782 1649 854 1681 Θεός

64 1700 138 1726 σου,
165 1694 274 1728 Κύριος
294 1691 338 1726 εἷς
355 1694 450 1720 ἐστιν’
474 1694 518 1720 ὅτε
540 1694 605 1728 γοῦν
630 1694 661 1721 ἐκ
676 1694 782 1720 πάντων
800 1695 853 1727 ὰφ-

64 1740 149 1772 εθέις,
165 1739 265 1774 μᾶλλον
279 1740 318 1772 δὲ,
334 1740 423 1766 πάντα
445 1740 524 1774 ἀφεὶς
546 1741 560 1766 ὁ
575 1740 708 1775 ἡμέτερος
726 1739 799 1772 νοῦς,
814 1741 854 1772 εις

64 1786 149 1813 αὑτὸν
162 1786 208 1812 τὸν
222 1786 288 1812 Θεὸν
303 1786 453 1822 καταλήξῃ,
466 1786 526 1812 τότε
539 1786 588 1818 τὰς
601 1786 718 1822 πυρῖνας
729 1786 853 1821 γλώσσας

65 1833 187 1868 δέχεται,
200 1832 265 1864 Θεὸς
282 1832 352 1858 κατά
366 1831 446 1866 χάριν
459 1832 607 1868 γινόμενος.

377 1919 474 1945 ΕΡΩΤ.
486 1919 544 1946 EB’.

105 1965 137 1991 Τί
146 1963 244 1997 δηλοῖ,
259 1972 268 1988 ι
275 1963 408 1991 Σπάνιον
416 1965 556 1998 εἰσάγαγε
568 1965 621 1991 τὸν
630 1964 707 1991 πόδα
715 1965 790 1999 πρὸς
800 1966 854 1992 τὸν

67 2008 201 2036 σεαυτοῦ
209 2008 310 2042 φίλον,
316 2008 432 2042 μήποτε
441 2009 588 2042 πλησθείς
596 2017 653 2036 σου
659 2008 777 2044 μισήση
787 2017 849 2042 σε;›

404 2055 523 2089 Ἀπόκρ.

102 2113 182 2139 ⁶Ιθιλον
194 2111 312 2138 ἐνταῦθα
330 2111 360 2137 τὸ
373 2111 452 2146 σῶμα
465 2112 542 2147 ἡμῶν
558 2111 642 2146 λέγει,
655 2111 698 2138 διὰ
713 2112 763 2147 τὴν
783 2113 853 2147 πρὸς

1186 705 1327 733 INTERR.
1348 705 1417 733 LXI.

945 749 1014 783 Quid
1035 757 1120 777 causa
1138 754 1174 777 est
1206 758 1252 776 cur
1268 754 1324 783 post
1345 749 1433 776 decem
1448 749 1502 776 dies
1522 757 1538 776 α
1553 754 1654 785 recepto
1668 750 1696 776 in

873 815 893 842 Β
908 796 984 824 caelos
997 795 1240 831 Domino,Spiritus
1255 795 1379 823 uenerit?

1262 849 1342 885 Resp.

940 908 1025 936 Aiunt
1046 908 1157 943 quidam
1185 907 1340 935 divinorum
1365 907 1480 935 scientia
1505 907 1609 935 eruditi
1631 907 1694 941 viri,

905 953 990 989 quod,
1010 961 1072 981 cum
1097 957 1209 981 auctore
1229 953 1360 987 Dionysio
1373 952 1544 987 Areopagita,
1565 952 1696 987 angelica!

905 1002 1056 1034 potestates
1067 998 1093 1025 in
1105 1005 1203 1025 novem
1218 997 1373 1025 distributa:
1388 997 1442 1024 sint
1455 997 1580 1030 ordines,
1598 1005 1695 1025 ascen-

905 1044 974 1071 dens
994 1044 1126 1071 Dominus
1148 1042 1301 1070 secundum
1324 1042 1473 1069 humanam
1493 1046 1619 1069 naturam
1641 1042 1696 1078 (di-

904 1090 968 1117 vina
988 1089 1061 1117 enim
1085 1088 1217 1123 implebat
1239 1087 1347 1122 omnia)
1362 1088 1464 1122 cuique
1488 1087 1579 1114 ordini
1597 1087 1632 1114 ab
1646 1095 1697 1114 ex-

905 1140 993 1164 tremo
1009 1135 1042 1162 ad
1062 1142 1222 1169 supremum
1236 1134 1308 1161 diem
1327 1140 1412 1160 unum
1430 1132 1605 1168 impenderit.
1626 1133 1694 1160 Nam

904 1183 934 1206 et
958 1178 1046 1213 angeli
1082 1178 1192 1205 Domini
1211 1177 1244 1205 ad
1272 1178 1346 1212 ipsos
1371 1177 1490 1204 adventu
1524 1177 1693 1212 indigebant.

905 1224 940 1252 Ut
967 1224 1041 1251 enim
1070 1224 1158 1251 sentit
1182 1223 1264 1259 324
1291 1223 1438 1258 Apostolus
1461 1231 1467 1249 :
1488 1222 1641 1250 lnstaurata
1667 1223 1695 1250 in

905 1275 934 1294 eo
962 1271 1023 1294 sunt
1049 1268 1156 1299 omnia,
1181 1275 1233 1294 non
1262 1275 1293 1294 ea
1330 1267 1416 1293 solum
1442 1274 1500 1302 qua
1527 1271 1588 1294 sunt
1616 1275 1695 1303 super

905 1317 1014 1345 terram,
1029 1314 1075 1339 sei!
1093 1316 1117 1338 et
1137 1321 1196 1348 qua:
1214 1315 1276 1339 sunt
1298 1312 1324 1338 in
1347 1312 1411 1338 caelo
1428 1311 1449 1327 “
1467 1321 1474 1343 ;
1498 1316 1609 1346 tumque
1637 1311 1694 1339 Deo

905 1365 937 1384 ac
957 1357 1030 1384 Patri
1053 1356 1226 1391 apparuerit,
1251 1360 1334 1391 atque
1355 1356 1384 1383 in
1406 1356 1479 1383 hunc
1503 1357 1612 1383 modum
1634 1356 1696 1392 Spi-

905 1403 976 1430 ritus
1011 1403 1129 1430 venerit.
1152 1403 1256 1432 .Potest
1287 1410 1353 1429 vero
1384 1403 1467 1430 etiam
1490 1402 1545 1429 alio
1577 1402 1694 1437 spiritali

905 1456 988 1476 sensu
1011 1448 1196 1480 considerari,
1218 1448 1292 1482 quod
1312 1447 1357 1474 liie
1379 1448 1531 1482 argumenti
1552 1455 1692 1475 vexamus.

868 1491 888 1519 C
904 1494 981 1527 Quod
993 1495 1068 1521 enim
1084 1495 1131 1522 Dei
1150 1494 1246 1521 Sermo
1264 1494 1291 1521 in
1304 1493 1398 1521 decem
1420 1494 1478 1521 suis
1494 1493 1630 1521 mandatis
1645 1502 1694 1521 oc-

905 1540 1006 1572 cultus,
1029 1540 1056 1566 in
1076 1544 1201 1567 nostrum
1219 1547 1248 1566 se
1271 1539 1382 1566 modum
1406 1547 1438 1566 ac
1457 1539 1537 1567 nobis
1557 1539 1694 1567 inclinans

905 1585 1021 1611 actionis
1045 1585 1121 1611 cultu
1148 1588 1325 1619 corporatur;
1352 1591 1503 1618 rursusque
1529 1591 1580 1612 nos
1606 1584 1694 1611 subli-

905 1638 962 1657 mes
975 1630 1083 1662 tollens,
1095 1638 1144 1665 per
1156 1630 1296 1657 scientiam
1312 1629 1448 1664 provehit,
1463 1629 1550 1657 donec
1567 1630 1599 1657 ad
1614 1638 1692 1657 mau-

904 1675 998 1702 datum
1025 1676 1163 1702 universis
1190 1675 1358 1702 sublimius:
1377 1675 1505 1702 Dominus
1529 1675 1598 1703 Deut
1621 1680 1690 1708 tuus,

903 1721 1031 1748 Dominus
1047 1730 1115 1748 unus
1135 1725 1172 1747 est
1182 1720 1404 1753 “,ascentlamus
1417 1729 1422 1746 :
1435 1728 1497 1747 cum
1511 1721 1602 1754 itaque
1614 1728 1692 1747 mens

903 1771 995 1793 nostra
1010 1766 1118 1793 cunctis
1130 1766 1229 1797 soluta,
1245 1773 1293 1792 seu
1310 1765 1401 1799 potius
1415 1765 1543 1792 omnibtls
1557 1765 1689 1795 dimissis,

904 1812 993 1846 ipsum
1010 1816 1149 1846 postremo
1166 1811 1250 1838 Deum
1277 1815 1355 1837 nacta
1379 1810 1473 1841 luerit,
1497 1815 1562 1840 tunc
1584 1811 1691 1846 linguas

904 1857 1008 1892 igneas,
1024 1865 1072 1892 per
1084 1857 1198 1892 gratiam
1214 1856 1283 1883 deus
1295 1856 1402 1888 eﬂecta,
1419 1856 1526 1891 recipit.

1177 1913 1318 1941 INTERR.
1339 1913 1418 1940 LXII.

938 1958 1006 1991 Quid
1026 1958 1075 1985 sibi
1097 1957 1152 1984 vult
1171 1965 1179 1985 :
1198 1967 1207 1983 ι
1226 1957 1327 1984 Rarum
1352 1957 1420 1992 infer
1445 1957 1535 1993 pedem
1561 1961 1635 1984 tuum
1656 1959 1690 1984 ad

903 2005 1015 2031 amicum
1028 2008 1111 2036 tuum,
1125 2011 1157 2030 ne
1170 2003 1237 2038 forte
1249 2007 1272 2029 te
1284 2004 1408 2034 saliulus,
1421 2003 1504 2030 oderit
1518 2007 1542 2029 te
1554 2003 1596 2029 “‘l
1609 2013 1617 2028 ι

1282 2048 1359 2082 Resp.

937 2105 1062 2133 Amicum
1080 2104 1126 2132 hic
1139 2104 1203 2136 loci,
1218 2111 1319 2137 corpus
1335 2107 1458 2131 nostrum
1473 2103 1550 2134 dicit,
1565 2103 1599 2130 ob
1612 2107 1691 2131 natu.

66 2161 131 2187 αὖτδ
146 2159 266 2194 φυσικὴν
280 2159 376 2185 ἕνωσίν
387 2167 416 2185 τε
431 2159 478 2185 καὶ
494 2159 622 2194 στοργήν,
640 2159 771 2195 Παραινεϊ
783 2158 829 2187 οὖν
840 2162 854 2188 ὀ

910 2151 989 2178 ralem
1004 2158 1065 2178 cum
1080 2158 1113 2177 eo
1129 2149 1257 2176 unionem
1272 2149 1427 2184 amorisque
1446 2149 1688 2177 necessitudinem.

67 2206 163 2240 Λόγος,
182 2206 232 2240 τὴν
248 2206 310 2240 περὶ
328 2205 358 2232 τδ
375 2205 453 2240 σῶμα
470 2205 598 2240 πρόνοιαν
616 2204 652 2239 μὴ
668 2205 852 2240 πεφορτισμέ-

67 2260 114 2286 νην
139 2249 364 2280 ποιεῖσθαι,ἀλλά
382 2249 454 2283 μόνῳ
475 2248 513 2283 τῷ
536 2249 584 2283 τῆς
605 2247 694 2282 ψυχῆς
718 2248 786 2282 ἴχνει
802 2247 851 2283 τὴν

67 2296 149 2323 αὑτοῦ
166 2296 295 2331 πρόνοιαν
313 2295 458 2320 ποιεῖσθαι·
489 2294 536 2320 καὶ
560 2293 638 2320 τοῦτο
660 2294 687 2320 δὲ
716 2294 847 2327 σπανίως,

69 2342 173 2377 μήποτε
205 2341 254 2376 τὴν
281 2340 432 2366 ἀνάπαυσιν
457 2339 537 2366 αὐτοῦ
559 2339 621 2374 περὶ
641 2338 739 2365 πολ)ιοῦ
759 2347 851 2366 ποιου-

68 2387 148 2421 μένου
163 2395 223 2419 σου,
239 2385 274 2413 τὰ
289 2386 343 2412 τῶν
358 2385 462 2420 ἐχθρῶν
475 2385 521 2412 καὶ
534 2385 684 2420 μισούντων
701 2386 730 2411 ὲν
745 2385 786 2412 σοὶ
805 2386 849 2412 ὲν‹

66 2431 196 2466 δείξηται.

375 2476 470 2502 ΕΡΩΤ.
487 2475 544 2502 Eli".

102 2523 135 2549 Τί
144 2522 284 2556 σημαίνει
300 2522 316 2555 ὴ
327 2521 403 2548 κατὰ
419 2521 471 2548 τὸν
483 2522 575 2556 νόμον
584 2521 650 2555 περὶ
662 2520 786 2555 ἀγνοίας
796 2519 849 2547 τοῦ

65 2568 159 2602 φόνου
167 2567 428 2601 νευροκοπουμὲνη
438 2566 476 2602 (η)
483 2567 517 2593 ἐν·
527 2566 564 2601 τῇ
571 2567 696 2602 φάραγγι
706 2567 834 2602 δάμαλις
843 2574 852 2598 ;

419 2622 533 2657 Ἀπόκρ.
627 2614 630 2616 ⁷

98 2678 232 2714 Σημαῐνει
249 2678 293 2704 διὰ
304 2678 407 2705 τούτων
417 2678 449 2704 τὺ
464 2678 648 2713 πνευματικὸν
663 2678 786 2714 βούλημα
799 2679 852 2716 τῆς

95 2765 119 2783 ⁶⁸
131 2765 234 2802 Ephes.
247 2774 266 2800 ι,
283 2766 325 2793 10.
363 2767 384 2782 ⁸⁸
398 2767 476 2794 Deut.
492 2775 527 2800 v1,
542 2767 567 2794 4.
607 2768 629 2784 ⁸⁸
642 2767 723 2795 Prov.
745 2775 807 2800 xxv,
823 2767 865 2794 l7.

101 2854 563 2890 (11)Νευροκοπουμένη.8ἰοορι·ῑε
589 2855 693 2882 lLXX.
715 2855 793 2883 Deut.
817 2862 862 2882 ut
881 2863 886 2881 :

904 2196 995 2223 Monet
1009 2196 1092 2230 igitur
1105 2195 1258 2230 Scriptura.
1276 2203 1309 2222 ne
1327 2195 1464 2222 morosius
1481 2195 1606 2230 corporis
1619 2203 1691 2224 cura!

904 2240 1080 2276 impendaris,
1097 2240 1144 2267 sed
1159 2240 1243 2267 animi
1262 2240 1350 2267 solum
1372 2240 1488 2274 vestigio
1507 2240 1545 2267 illi
1563 2240 1688 2273 studeas;

902 2286 950 2314 sed
969 2290 997 2313 et
1017 2285 1070 2313 hoc
1088 2283 1176 2320 ipsum
1199 2293 1272 2317 raro,
1290 2293 1324 2312 ne
1345 2285 1416 2312 forte
1436 2285 1500 2312 dum
1523 2286 1582 2320 ejus
1604 2286 1690 2320 pluris

902 2332 1080 2359 refectionem
1100 2339 1131 2358 ac
1153 2331 1273 2366 quietem
1302 2330 1378 2362 facis,
1396 2330 1555 2365 diligentius
1579 2339 1689 2363 curans,

901 2386 962 2413 qua:
977 2378 1031 2405 sint
1046 2377 1166 2404 hostium
1186 2381 1267 2412 atque
1286 2376 1437 2404 odientiutn
1453 2377 1480 2404 in
1495 2381 1521 2404 te
1535 2377 1602 2404 illud
1614 2377 1690 2404 exhi-

904 2424 977 2451 beat.

1167 2477 1307 2504 lNTEBR.
1329 2476 1422 2504 LXIII.

940 2522 1008 2557 Quid
1036 2523 1084 2550 sibi
1107 2522 1162 2549 vult
1190 2522 1282 2557 legalis
1309 2521 1391 2549 vitula
1416 2530 1464 2557 pro
1487 2522 1625 2550 homicidio
1643 2530 1690 2558 per

905 2571 1083 2606 ignorantiam
1098 2569 1234 2596 commisso
1248 2569 1276 2594 in
1290 2567 1530 2595 valle‘subnervata
1545 2567 1567 2583 "
1582 2563 1594 2590 τ

1253 2622 1332 2657 Resp.

939 2681 1041 2707 llorum
1063 2679 1187 2716 symbolo
1208 2678 1235 2705 id
1259 2677 1388 2705 videlicet
1406 2677 1541 2713 signiﬁcat
1559 2677 1690 2713 spiritalis

903 2767 926 2783 "
941 2768 1021 2794 Deut.
1034 2775 1088 2799 xxx,
1108 2767 1166 2796 4-6.

906 2853 959 2881 Καὶ
974 2855 1204 2890 νευωκοπὴσουσι
1218 2854 1266 2890 τὴν
1281 2854 1395 2890 δάμαλιν
1419 2855 1448 2881 ὲν
1464 2855 1496 2890 τῇ
1509 2854 1643 2890 φάραγγι,
1659 2859 1689 2883 et
