1936 3078
64 154 115 185 £37

664 153 910 190 QUIESTIONES
928 153 976 183 ET
993 153 1120 183 DUBIA.

1646 152 1703 184 838

64 209 126 237 ὑπό
143 207 301 243 τεσσάρων
319 208 503 243 χαλώμενος,
517 209 566 236 καὶ
584 210 610 236 εἰ
630 209 762 237 δυνατὸν
782 210 856 237 κατὰ

915 210 1068 242 submissus;
1095 217 1126 236 ac
1152 216 1203 235 non
1237 207 1337 244 τείρεα,
1365 207 1456 235 domus
1483 210 1547 235 torto
1569 207 1700 238 denudari

64 255 122 288 τὴν
135 255 272 288 ἱστορίαν
284 254 549 289 ἀπσστετασθῆναι
567 255 620 282 τὸν
640 256 726 283 οἷκον
739 265 749 288 ;

408 310 528 345 Ἀπόκρ.

101 355 180 383 Κατὰ
200 356 248 391 μὲν
272 355 320 391 τὴν
343 355 475 391 ἱστορίαν,
502 356 612 388 πάντως
637 357 828 393 ἀπεστεγάσοη
843 358 858 383 ὁ

61 401 154 434 οἶκος·
167 402 261 436 ἐπειδὴ
282 403 305 428 οἱ
327 401 381 428 τῶν
404 402 494 429 τόπων
513 403 625 430 ἐκείνων
651 404 782 430 αὐτόπται
809 411 857 437 γε-

62 449 184 482 νόμενοι,
199 449 267 482 φασὶ
277 449 325 479 τὰς
338 448 437 483 στέγας
449 448 501 475 τῶν
515 448 610 481 οῐκων,
627 450 681 476 ἀπὸ
691 450 767 476 λίθου
778 449 856 484 κισή-

63 502 112 528 ρου
126 490 197 519 εἶναι
210 493 424 529 ἐλαφροτάτους,
442 494 512 521 ὥστε
532 495 577 522 τὸν
593 495 778 529 ἀποστεγάσαι
796 495 858 530 βου-

61 540 190 574 λόμενον,
223 539 343 572 εὐκόλως
368 540 415 566 καὶ
446 541 589 576 συντόμως
618 541 749 568 δύνασθαι
778 541 858 569 τοῦτο

63 586 163 612 ποιεῖν.
187 585 267 612 Κατὰ
284 585 312 611 δὲ
328 585 374 612 τὸν
401 586 451 620 τῆς
474 587 622 622 ἀναγωγῆς
642 587 752 622 τρόπον,
770 596 859 622 παρα-

64 631 172 662 λυτικός
189 631 257 663 ἐστι,
273 631 326 662 πᾶς
344 631 406 663 νοῦς
419 633 448 658 ὲν
465 633 615 668 ἁμαρτῖαις
633 633 731 666 νοσῶν,
749 633 796 659 καὶ
821 634 857 669 μὴ

65 675 267 709 Ξυνάμενοςιδιὰ
276 676 326 711 τῆς
337 677 453 711 φυσικῆς
464 677 581 713 Θεωρίας
594 678 674 713 (αὕτη
685 678 740 713 γὰρ
749 679 766 714 ἡ
776 678 857 714 οὐρα)

66 721 131 748 ἰδεῖν
158 720 206 747 τὸν
226 720 321 754 λόγον·
339 720 383 749 διὰ
405 722 433 748 δὲ
453 723 502 758 τῆς
527 723 645 754 πίστεως
667 724 858 758 ἀποστεγάσας

62 767 94 793 τὸ
110 767 245 802 κάλυμμα
258 769 306 802 τῆς
319 767 474 803 παχύτητος
487 769 535 796 τοῦ
553 770 666 805 νομικοῖν
682 771 858 806 γράμματος,

61 810 108 840 διὰ
124 812 179 838 τῶν
200 813 342 849 τεσσάρων
368 814 484 849 χαλᾶται
504 816 535 841 ὲκ
560 815 607 841 τοῦ
631 816 746 851 ματαίου
763 815 858 850 ὕψους,

64 858 135 893 apii;
160 858 206 885 τὸν
233 858 329 885 ἑαυτὸν
352 860 511 887 κενώσαντα
535 861 632 894 Λόγον,
648 861 694 887 καὶ
708 862 742 896 τῇ
767 862 858 888 πίστει

62 906 112 932 καὶ
131 907 165 941 τῇ
181 905 280 940 πράξει
292 905 427 940 λαμϐάνει
441 906 490 940 τὴν
508 906 598 942 βάσιν.

376 976 475 1003 ΕΡΩΤ.
497 976 556 1003 ΞΕ’.

102 1023 189 1055 Τίνος
215 1023 303 1057 χάριν
327 1023 574 1058 καταγελωμένων
599 1024 777 1051 Ἐλισσαίου
808 1024 861 1052 τοῦ

61 1068 224 1102 προφήτου
240 1068 274 1095 ἐκ
297 1067 357 1094 τῶν
376 1068 501 1100 παίδων,
520 1069 644 1102 ηὔξατο,
657 1070 705 1096 καὶ
727 1070 861 1103 ἐξῆλθον

60 1114 163 1148 ἀρκοι,
180 1114 229 1140 καὶ
239 1113 398 1148 ἁνώρυξαν
414 1114 604 1151 [ἀνέρῤηξαν]
619 1115 671 1150 μβ¹
691 1115 799 1149 παῖδας
808 1123 818 1148 ;

400 1171 519 1205 Ἀπόκρ.

95 1217 169 1246 “Paci
183 1226 256 1249 τινες
273 1217 311 1253 μὴ
327 1214 397 1244 εἶναι
414 1217 584 1253 Ἰσραηλίτας
598 1218 661 1250 τοὺς
679 1218 787 1251 παῖδας,
802 1218 860 1245 ἀλλ’

60 1265 94 1291 ἐκ
108 1263 167 1291 τῶν
181 1263 355 1297 ἀλλοφύλων·
373 1264 421 1291 καὶ
433 1264 494 1299 οὐχ).
510 1265 610 1295 παῖδας
624 1266 657 1300 τῇ
675 1265 781 1301 ἡλικίᾳ,
792 1265 861 1292 ἀλλὰ

60 1311 95 1346 τῇ
116 1310 259 1345 φρονήσει.
281 1310 358 1336 Ἐπεὶ
376 1307 423 1336 οὖν
437 1310 537 1346 ἤκουον
551 1310 597 1337 τὸν
613 1311 758 1346 προφήτην
775 1311 861 1338 πολλὰ

62 1357 170 1392 σημεῖα
187 1355 330 1390 ποιοῦντα,
349 1356 396 1383 καὶ
414 1356 464 1383 οὐκ
486 1356 642 1388 ἐπίστευον,
661 1356 730 1383 ἀλλὰ
745 1357 861 1391 κατεγέ-

60 1401 118 1429 λων
129 1401 215 1428 αὑτοῦ
228 1409 234 1415 ·
254 1400 380 1436 παρῆσαν
397 1400 425 1427 δέ
443 1409 515 1432 τινες
537 1401 575 1436 μὴ
596 1400 788 1433 κοινωνοῦντες
811 1403 861 1438 τῆς

63 1448 187 1483 ματαίας
202 1446 293 1473 αὐτῶν
308 1446 421 1482 γνώμης
439 1455 446 1462 '
471 1447 514 1474 ῐνα
526 1445 572 1473 οὖν
588 1446 626 1482 μὴ
639 1443 710 1473 οὗτοι
722 1447 862 1482 βλάπτων-

61 1502 121 1526 ται,
143 1493 193 1519 καὶ
210 1492 239 1519 τὸ
261 1492 422 1528 βλάσφημον
438 1493 478 1524 εις
492 1492 558 1519 Θεὸν
572 1493 722 1529 ἀνατρέχῃ,
741 1493 860 1529 ἐπεξῆλ-

62 1539 110 1566 θεν
127 1539 224 1570 αὐτοῖς
240 1539 254 1564 ὀ
269 1538 346 1570 Θεὸς.
365 1538 443 1566 Κατὰ
455 1538 483 1564 δὲ
501 1537 550 1574 τὴν
575 1538 703 1574 θεωρίαν,
720 1539 774 1570 πᾶς
793 1538 857 1571 νοῦς

63 1585 139 1612 κατὰ
170 1584 216 1611 τὸν
234 1584 385 1611 Ἐλισσαῖον
403 1584 542 1620 φαλακρὸς
553 1604 561 1617 ,
587 1584 713 1611 τουτέστι
736 1585 856 1619 καθαρὸς
871 1591 891 1619 c

63 1629 172 1656 ὑλικῶν
201 1630 358 1664 νοημάτων,
387 1629 417 1656 ὲν
436 1630 470 1664 τῇ
496 1628 629 1656 ἀναϐάσει
647 1629 696 1665 τῆς
723 1629 860 1663 γνώσεως,

64 1675 155 1702 πολλᾶ
171 1674 224 1701 ὑπὸ
238 1674 292 1701 τῶν
308 1674 446 1710 λογισμῶν
463 1674 518 1701 τῶν
534 1675 599 1710 περὶ
616 1674 650 1702 τὰ
675 1675 801 1710 αἰσθητὰ,
817 1675 862 1701 καὶ

64 1723 114 1757 τὴν
129 1721 199 1756 ὓλην
214 1721 262 1748 καὶ
281 1721 312 1748 τὸ
327 1719 407 1753 εἶδος,
432 1721 618 1755 καταγελᾶται
631 1729 638 1742 θ
655 1721 859 1756 τεσσαράκοντα

62 1767 212 1803 δηλοῦντος
226 1767 260 1793 τὰ
271 1767 389 1802 αἰσθητὰ
401 1766 438 1802 (ο)
453 1775 458 1781 ·
478 1766 528 1802 ὕλη
538 1766 566 1793 δὲ
584 1766 632 1793 καὶ
646 1766 675 1794 τὸ
693 1765 762 1798 εἶδος
778 1775 861 1803 προσ-

62 1814 212 1848 τιθέμενα,
229 1812 358 1840 ἀποτελεῖ
381 1812 427 1840 τὺν
444 1813 648 1848 τεσσαράκοντα
671 1812 717 1840 δύο
734 1813 860 1848 ἀριθμόν.

64 1860 231 1886 Σκώπτεται
255 1857 302 1886 οὖν
319 1859 351 1886 ἐκ
365 1860 419 1885 τῶν
444 1859 573 1886 τοιούτων
595 1859 732 1895 λογισμῶν
754 1860 768 1886 ὁ
787 1859 860 1893 νοῦς,

65 1907 137 1943 πρὸς
164 1906 196 1932 τὸ
216 1906 256 1938 εἰς
272 1906 351 1932 ὄκνον
368 1906 450 1933 αὐτὸν
466 1906 634 1942 ἐμϐληθῆναι
659 1908 726 1942 πρὸς
739 1907 788 1943 τὴν
802 1908 863 1943 ἁρε-

63 1955 126 1989 τήν.
144 1953 266 1984 Τούτους
282 1950 329 1979 οὖν
344 1952 379 1979 δι’
391 1952 477 1987 εὐχῆς
489 1953 608 1988 ἀναιρεῖ,
626 1953 672 1980 καὶ
688 1953 731 1980 διὰ
744 1953 798 1980 τῶν
812 1954 861 1989 ἅρ-

63 2008 133 2030 χων,
150 1998 278 2025 τουτέστι
295 1998 329 2024 δι’
344 1998 442 2034 ἡδονῆς
465 1998 511 2025 καὶ
536 1999 699 2034 ἐπιθυμίας
717 2001 775 2026 κατ’
786 2000 861 2027 αντιφ

64 2045 188 2082 στροφὴν
201 2045 256 2080 γὰρ
271 2044 318 2071 ἐπὶ
329 2044 359 2070 τὸ
374 2045 497 2080 κρεῖττον
511 2044 753 2080 μεταχειριζόμενοι
762 2045 795 2072 τὰ
806 2054 861 2072 τοι-

63 2092 136 2119 αῦτα
154 2092 241 2126 πάθη,
268 2090 448 2118 ἀποκτένουσι
473 2091 536 2123 τοὺς
563 2091 711 2126 λογισμοὺς
732 2093 795 2123 τοὺς
811 2092 861 2127 ἐμ-

64 2137 213 2168 παίκτους.

373 2233 472 2260 ΕΡΩΤ.
492 2234 558 2261 EG".

373 2235 472 2260 ΕΡΩΤ.
492 2235 512 2260 Ξ
544 2238 558 2261 '.

101 2279 168 2314 Πῶς
184 2279 349 2314 ὀφείλομεν
364 2278 448 2306 νοεῖν
463 2235 602 2314 τὴιῗπερὶ
618 2282 798 2314 συντελείας
805 2281 858 2308 τοῦ

66 2326 133 2354 Υιοῦ
149 2325 278 2360 ἄγνοιαν
284 2333 295 2358 ;

414 2383 527 2410 Ἀπόκο.

416 2391 500 2410 nam
521 2403 527 2409 .

105 2429 191 2464 Διπλῆ
213 2429 257 2461 τίς
283 2429 359 2456 ἐστιν
385 2391 536 2464 ἄγνοια-βῆ
556 2428 605 2463 μὲν
617 2428 828 2464 διαϐαλλομένη,
842 2430 859 2464 ὴ

67 2476 105 2507 δὲ,
125 2475 290 2510 ἀδιάϐλητος
300 2484 308 2491 ·
323 2476 369 2502 καὶ
383 2476 400 2511 ἡ
418 2475 466 2511 μὲν
482 2475 524 2509 ἐφ’
538 2476 604 2510 ἡμῖν
619 2476 704 2506 ἐστιν,
717 2476 733 2510 ἡ
750 2475 788 2507 δὲ,
807 2475 858 2501 οὐκ

67 2523 109 2556 ἐφ’
123 2523 203 2558 ἡμῖν.
223 2521 280 2548 Καὶ
295 2521 313 2557 ἡ
332 2521 382 2557 μὲν
403 2520 602 2556 διαδαλλομένη
626 2520 674 2549 καὶ
690 2521 733 2555 ἐφ’
748 2521 825 2556 ἡμῖν,
840 2521 857 2556 ἡ

101 2601 124 2618 ⁵³
138 2600 206 2628 Luc.
220 2607 248 2633 ν,
265 2599 309 2628 19.
348 2600 370 2616 ⁸ο
383 2599 502 2634 Philipp.
519 2607 549 2632 ιι,
564 2600 589 2627 7.

100 2669 142 2705 (o)
171 2672 403 2705 Τεσσαρακοντα
419 2669 588 2704 δηλοῦντος
608 2669 646 2696 τὰ
668 2668 866 2705 amttam.“-

70 2703 189 2733 deantur
211 2703 277 2733 haec
295 2705 486 2741 περιττότερον
499 2705 587 2741 βίοιο,
608 2705 739 2741 necisatis
750 2711 783 2731 cx
803 2703 864 2738 lege

68 2746 170 2768 exacta:
183 2741 333 2776 allegoriae.
349 2740 384 2768 Ut
398 2741 473 2776 enim
490 2740 606 2775 August.
618 2740 647 2776 in
657 2740 737 2776 Joan.
753 2747 780 2771 ν,
792 2746 860 2776 qua:

69 2773 252 2811 dragenarius
262 2783 396 2811 numerus
409 2775 436 2802 in
452 2773 569 2810 quadam
586 2774 756 2810 perfectione
770 2773 858 2808 accipi

70 2812 148 2842 solet,
161 2818 254 2846 eaque
267 2810 375 2838 ratione
390 2810 534 2846 iit-jejunio
545 2814 725 2846 consecratus
734 2813 791 2846 est:
806 2816 858 2846 nec

72 2847 184 2873 materia
199 2843 228 2873 ét
244 2845 334 2873 forma
345 2843 502 2881 aliudr'simt
515 2853 598 2881 quam
613 2845 677 2881 ipsa
687 2843 816 2881 sensilia,
828 2843 857 2870 in

73 2881 170 2914 quibus
185 2880 303 2916 proinde
320 2887 374 2908 non
384 2880 494 2908 videtur
507 2878 637 2908 debuisse
655 2880 788 2908 Maximus
800 2878 856 2906 duo

633 2600 655 2617 "°
673 2600 706 2629 Π
720 2600 785 2635 Reg.
801 2608 830 2633 ιι,
844 2599 889 2626 ‘25.

908 257 989 292 possit
1004 256 1036 284 "'.

1260 314 1340 350 Resp.

942 362 1021 396 Quod
1045 361 1156 397 quidem
1183 361 1217 389 ad
1244 363 1282 389 rei
1309 366 1393 397 gesta:
1419 360 1562 388 veritatem
1589 359 1698 392 attinet,

907 410 1021 436 omnino
1035 409 1141 436 detecta
1156 414 1197 436 est
1211 409 1318 436 domus.
1336 409 1420 436 Aiunt
1432 408 1505 434 enim
1518 407 1566 442 qui
1578 405 1700 434 Palaesti-

908 463 951 482 na:
969 455 1029 482 loca
1051 455 1102 490 ipsi
1125 455 1291 487 lustrarunt,
1309 455 1454 482 domorum
1473 458 1544 481 tecta
1562 453 1700 481 levissima

908 508 969 528 esse
984 508 1017 527 ex
1041 500 1132 535 lapide
1157 501 1275 535 pumice,
1290 505 1321 527 ut
1342 500 1389 535 qui
1411 500 1470 527 [nec
1489 507 1618 527 amovere
1634 499 1702 526 velit

908 554 940 573 ac
967 546 1108 581 detegere,
1129 546 1156 573 id
1181 545 1260 574 facile
1288 546 1421 582 brevique
1448 546 1536 582 possit
1559 549 1699 580 praestare.

909 591 1111 626 Spiritalivero
1123 599 1155 618 ac
1169 591 1259 619 altiori
1273 600 1367 624 sensu,
1380 591 1546 628 paralytieus
1558 596 1600 618 est
1612 591 1702 618 omnis

909 637 1019 665 animus
1031 638 1151 672 peccatis
1166 637 1305 670 laborans,
1322 645 1374 665 nec
1387 639 1481 665 valens
1493 637 1626 664 naturalis
1637 644 1702 664 con-

910 682 1097 717 templationis
1115 683 1140 710 vi
1160 683 1229 718 (haec
1250 683 1324 710 enim
1344 687 1429 718 porta:
1449 683 1584 714 rationem
1606 680 1702 716 habet)

909 737 1065 756 sermonem
1089 730 1184 758 videre
1209 739 1215 757 :
1240 730 1288 765 qui
1315 735 1405 757 tamen
1432 729 1495 757 ﬁdei
1517 737 1569 764 ope
1594 729 1701 756 detect.»

910 775 1010 803 littera:
1033 776 1102 810 legis
1119 776 1274 811 obtegentis
1289 776 1410 808 crasitie,
1430 783 1445 802 a
1459 779 1578 810 quatuor
1593 775 1703 801 laxatus

909 822 945 850 ab
964 823 1038 850 inani
1057 823 1181 850 celsitalc
1203 823 1237 850 ad
1251 823 1422 855 Sermonem,
1443 822 1490 857 qui
1508 822 1628 856 seipsum
1643 820 1703 848 exi-

911 868 1017 896 nanivit
1028 869 1062 901 “,
1077 877 1127 904 per
1139 868 1219 896 ﬁdem
1234 877 1266 896 ac
1278 869 1413 896 actionem
1426 876 1550 904 gressum
1570 867 1680 902 recipit.

1185 977 1325 1005 INTER“.
1347 977 1426 1004 LXV.

945 1023 1016 1057 Quid
1034 1031 1123 1051 causa?
1137 1028 1173 1050 est
1202 1032 1250 1050 cur
1265 1023 1378 1050 Elim-us
1397 1023 1523 1058 propheta
1540 1022 1628 1057 pueris
1642 1021 1704 1048 irri.

909 1069 1028 1097 dentibus
1046 1074 1166 1106 precatus
1179 1070 1223 1101 sit,
1234 1070 1394 1105 exieriutque
1409 1069 1474 1101 ursi,
1490 1076 1521 1095 ac
1534 1075 1627 1103 pueros
1639 1075 1704 1102 qua-

910 1116 1037 1151 draginta
1053 1116 1118 1143 duos
1135 1115 1320 1151 discerpserint
1332 1115 1366 1142 ⁷³.

1265 1171 1344 1207 Resp.

945 1218 1017 1246 Sunt
1029 1218 1076 1253 qui
1092 1218 1186 1245 dicant
1200 1225 1256 1245 non
1277 1217 1362 1245 fuisse
1379 1225 1481 1252 pueros
1495 1218 1641 1250 lsraelitas,
1655 1218 1704 1245 sed

910 1272 944 1292 ex
959 1265 1121 1300 alienigenis
1138 1273 1144 1291 :
1162 1271 1194 1292 ac
1212 1272 1303 1299 neque
1324 1268 1403 1291 aetate
1422 1272 1535 1299 pueros,
1553 1264 1600 1291 sed
1620 1264 1704 1291 animi

911 1318 995 1338 sensu
1008 1318 1039 1338 ac
1053 1310 1210 1346 prudentia.
1230 1310 1298 1343 Quia
1318 1309 1401 1345 igitur
1420 1310 1570 1337 audiebant
1586 1309 1706 1344 prophe-

913 1360 966 1382 tam
981 1356 1066 1383 multa
1078 1356 1154 1391 signa
1167 1361 1310 1390 praestare,
1322 1363 1373 1382 nec
1385 1359 1415 1382 ut
1426 1355 1572 1383 crederent
1583 1355 1705 1382 animum

912 1401 1091 1434 inducebant,
1108 1401 1163 1429 sed
1178 1401 1254 1428 illum
1278 1401 1447 1434 irridebant;
1465 1406 1544 1429 erant
1565 1409 1630 1428 vero
1645 1401 1707 1436 qui-

899 1447 974 1475 dam
989 1452 1148 1483 praesentes,
1169 1447 1216 1482 qui
1231 1456 1246 1474 a
1263 1453 1346 1483 prava
1368 1447 1479 1474 illorum
1498 1452 1588 1474 mente
1606 1447 1709 1474 abhor-

912 1494 1019 1521 rebant.
1033 1494 1073 1521 Ne
1085 1493 1170 1529 igitur
1181 1493 1198 1520 ii
1211 1493 1301 1520 labem
1315 1493 1482 1527 acciperent,
1496 1501 1527 1520 ac
1538 1493 1707 1528 blasphemia

913 1540 940 1567 in
953 1540 1040 1567 Deum
1055 1543 1222 1572 recurreret,
1239 1540 1299 1575 ipso
1314 1540 1405 1567 ultore
1419 1539 1447 1566 in
1461 1539 1523 1566 illos
1536 1539 1709 1566 animadver-

910 1590 971 1611 sum
986 1588 1038 1612 est.
1061 1584 1184 1619 Spiritali
1206 1589 1296 1612 autem
1313 1593 1406 1617 sensu,
1420 1592 1498 1611 mens
1512 1584 1602 1611 omnis
1619 1585 1707 1612 Elismi

912 1638 989 1658 more
1002 1630 1078 1657 calva
1094 1639 1100 1657 :
1116 1631 1169 1658 hoc
1184 1635 1236 1663 est,
1252 1638 1266 1658 a
1287 1631 1405 1658 terrenis
1422 1630 1511 1658 sensis
1528 1638 1560 1657 ac
1580 1631 1707 1665 cogitati—

912 1676 964 1703 bus
981 1684 1060 1711 pura,
1077 1676 1104 1703 in
1118 1684 1233 1704 ascensu
1255 1676 1388 1708 scientiae,
1403 1676 1553 1711 plurimum
1574 1675 1708 1703 irridetur

912 1722 947 1749 ab
965 1722 999 1749 iis
1019 1722 1184 1754 rationibus,
1198 1730 1260 1758 qua:
1278 1723 1351 1750 circa
1367 1722 1489 1753 sensilia,
1508 1722 1706 1756 materiamque

912 1775 943 1795 ac
960 1767 1088 1800 formam,
1108 1772 1264 1807 versantur.
1281 1768 1320 1801 ita
1337 1768 1453 1801 scilicet,
1470 1772 1501 1795 ut
1518 1767 1707 1803 quadragena-

912 1814 971 1842 rius
993 1820 1135 1848 numerus,
1155 1823 1199 1841 res
1220 1815 1247 1841 in
1266 1822 1376 1841 sensum
1400 1814 1532 1841 cadentes
1552 1814 1704 1849 signiticet;

911 1860 1047 1895 adjuncta:
1061 1868 1127 1887 vero
1140 1861 1254 1887 materia
1266 1864 1294 1887 et
1309 1860 1407 1892 forma,
1421 1860 1476 1887 duo
1489 1867 1570 1894 supra
1586 1860 1706 1894 quadra-

911 1904 986 1939 ginta
1001 1903 1129 1931 eﬂiciant.
1146 1905 1323 1939 Subsannant
1339 1905 1421 1941 igitur
1435 1904 1556 1931 rationes
1570 1905 1705 1940 ejusmodi

912 1950 1046 1981 animum,
1064 1954 1094 1976 ut
1122 1949 1150 1976 in
1172 1949 1341 1982 socordiam,
1368 1957 1423 1984 quo
1446 1949 1538 1976 minus
1559 1948 1604 1976 ille
1624 1949 1706 1976 obeat

912 1995 1059 2028 virtutem,
1085 1996 1243 2030 conjiciunt.
1266 1995 1320 2023 Has
1344 1996 1428 2031 igitur
1453 1995 1583 2031 precibus
1606 1999 1703 2028 necat,

912 2042 994 2077 idque
1017 2049 1145 2069 ursorum
1167 2049 1267 2076 opera;
1286 2042 1435 2077 voluptatis
1455 2042 1562 2069 scilicet
1577 2049 1610 2068 ac
1628 2041 1705 2076 cupi-

912 2087 1006 2114 ditatis
1021 2087 1104 2123 326
1119 2096 1181 2124 0pc.
1198 2088 1309 2116 Alterna
1328 2088 1401 2115 enim
1423 2088 1602 2116 conversione
1617 2088 1704 2114 virtu-

913 2133 947 2160 tis
971 2133 1095 2160 subsidio
1121 2134 1243 2169 usurpati
1267 2134 1381 2161 allectus
1402 2134 1547 2169 ejusmodi,
1568 2133 1705 2162 derisores

912 2178 1047 2212 cogitatus
1062 2179 1237 2213 rationesque
1254 2179 1456 2206 contrucidant.
1520 2175 1522 2177 ’

1179 2237 1320 2264 INTERR.
1341 2236 1432 2263 LXVI.

946 2284 1080 2318 Quomodo
1109 2283 1181 2311 nobis
1209 2282 1429 2318 intelligendum,
1458 2283 1583 2317 ignorare
1608 2282 1704 2310 Filium

907 2328 998 2356 amuli
1016 2329 1269 2356 consummationem
1282 2327 1321 2355 7‘?

1267 2382 1344 2417 Resp.

949 2430 1054 2465 Duplex
1067 2429 1220 2465 ignorantia
1235 2433 1296 2461 est;
1313 2429 1409 2460 altera,
1424 2435 1484 2463 qua:
1499 2428 1616 2456 obnoxia
1631 2427 1704 2455 vitu-

913 2476 992 2511 perio
1019 2475 1069 2507 sit,
1095 2475 1180 2502 altera
1209 2483 1270 2509 qua:
1299 2474 1373 2502 omni
1399 2475 1459 2501 labe
1484 2478 1591 2507 careat,
1617 2475 1705 2509 sitquo

914 2521 1024 2549 innoxia
1038 2529 1044 2548 :
1061 2526 1142 2556 atque
1155 2521 1240 2548 altera
1251 2520 1372 2555 quidem,
1383 2528 1467 2556 penes
1480 2528 1531 2548 nos
1550 2525 1705 2555 nostraque

927 2600 948 2615 '“
962 2599 1045 2627 Marc.
1061 2607 1117 2632 xui,
1133 2599 1176 2627 52.

920 2675 1045 2702 quaerere
1077 2675 1158 2702 supra
1182 2666 1363 2702 quadraginta
1381 2687 1388 2699 ,
1412 2667 1550 2702 siquidem
1583 2666 1705 2701 quadra-

917 2701 993 2737 ginta
1016 2702 1071 2738 (ob
1086 2701 1204 2737 quatuor
1225 2701 1502 2738 scilicetelementa)
1529 2702 1651 2738 exponit
1672 2701 1706 2738 τὰ

917 2736 1043 2773 αἰσθητὰ,
1055 2736 1134 2773 quasi
1147 2745 1180 2764 ex
1195 2737 1249 2764 illis
1263 2737 1361 2764 coalita
1376 2746 1382 2764 :
1404 2738 1457 2773 nisi
1475 2736 1551 2773 ferte
1562 2737 1613 2773 hoc
1623 2736 1707 2765 libuit

913 2771 1010 2800 ludere
1028 2773 1056 2800 in
1065 2771 1213 2808 allegoriae
1226 2772 1419 2808 eampo,‘quod
1447 2772 1500 2799 alia
1519 2772 1579 2798 aliis
1605 2771 1705 2808 inimc-

911 2808 1002 2835 diatus
1018 2808 1051 2835 ad
1066 2808 1126 2842 ipsa
1135 2807 1169 2835 'se
1185 2807 1315 2839 habeant,
1328 2808 1469 2843 possitque
1483 2807 1593 2835 animus
1603 2807 1704 2835 ἁίειιηρ

911 2843 1013 2872 etionis
1027 2843 1133 2877 aliquid
1147 2843 1267 2878 cogitare
1282 2843 1355 2870 inter
1369 2843 1426 2872 illa.
