1936 3078
77 160 126 194 ιιι

675 158 922 195 ΟυΑΞεΤῙΟΝΕΞ
940 159 988 189 ET
1009 159 1135 190 DUBIA.

1652 161 1703 195 842

78 215 217 252 ἐπειδὴ-τὸ
237 214 288 251 μὲν
300 214 360 241 ὅλον
373 214 453 250 σῶμα
469 213 575 240 σκέπει.
596 213 678 251 μόνας
694 214 723 241 δὲ
736 215 788 246 τὰς
809 215 865 250 χεῖ-

918 221 1028 250 corpus.
1042 215 1109 242 solis
1120 214 1246 243 manibus
1258 214 1339 243 nudis
1350 214 1464 248 relictis,
1476 218 1559 250 tegat,
1573 217 1700 246 moralea:

81 271 132 298 ρας
147 262 258 297 γυμνοῖ,
275 260 404 296 σημαίνει
415 260 453 291 ὡς
467 259 520 296 χρὴ
535 259 584 294 τὴν
599 259 696 295 ἠθικὴν
708 260 867 295 φιλοσοφίαν

77 308 246 339 ἐνδεδύσθαι,
262 306 446 343 ἀφῃρημένην
462 305 511 337 τὰς
533 305 689 340 πρακτικὰς
709 306 759 340 τῆς
776 306 868 341 ἀμαρ-

76 355 136 386 τίας
155 353 310 389 ὲνεργείας⁸
336 352 382 379 καὶ
404 352 441 384 ὡς
464 351 517 386 χρὴ
533 350 634 386 ταύτην
656 351 810 378 ἐπικεῖσθαι
824 352 868 378 ἀεὶ

78 398 124 425 ἐπί
135 407 164 425 τε
174 398 287 433 δυνάμει
300 396 347 424 καί⁸
361 396 495 432 ἐνεργείᾳ.
513 395 543 421 Ἡ
555 397 608 431 γὰρ
616 394 728 430 δύναμις
736 395 784 431 τῆς
794 396 868 422 ἀντι-

77 444 208 480 κειμένης
236 443 283 470 τοῦ
309 442 428 478 πονηροῦ
454 441 611 471 δυναστείας
629 441 697 473 ἐστὶ,
724 441 794 467 κατὰ
823 440 867 468 τὸν

85 489 156 521 Ἰὼὸ,
169 489 222 516 ὑπὸ
236 487 360 524 ὀμφαλοῦ
380 487 498 522 γαστρός
508 495 515 502 ⁸
532 487 579 514 καὶ
596 487 625 514 αἱ
640 486 725 521 ψυχαὶ
739 485 810 512 κατὰ
822 485 867 512 τὸν

75 536 216 570 μακάριον
242 534 336 566 Δαὸὶδ,
363 533 531 570 πληροῦνται
553 532 608 559 τῶν
630 532 795 567 δαιμονικῶν
817 533 868 568 ἑμ-

79 581 255 616 παιγμάτων.
276 579 474 614 Ἐμπαίγματα
491 579 519 606 δέ
544 579 623 610 εἰσιν,
640 578 667 604 αἱ
676 578 804 614 διάφοροι
818 578 868 614 τῆς

79 627 207 662 πορνείας
222 625 367 660 ἐνέργειαι.
391 624 422 652 ’0
437 625 465 652 δὲ
479 625 625 656 ἀνάλαὸος,
639 623 732 659 ἐπειδὴ
751 624 798 650 καὶ
817 624 867 659 ἐμ-

79 673 149 708 πρδς
171 673 218 699 καὶ
230 673 318 699 ὀπίσω
330 672 374 698 τὸν
388 671 504 707 σταυρὸν
517 671 587 706 ἔχει,
604 670 731 705 σημαίνει
746 670 786 696 ὃτι
803 670 866 705 χρὴ,

79 719 150 746 κατὰ
164 719 210 745 τὸν
229 717 401 747 Ἀπόστολον,
423 717 460 752 μὴ
481 716 562 752 μόνον
587 715 777 751 σταυρωθῆναι
794 715 867 749 ἡμᾶς

78 765 117 800 τῷ
134 765 240 799 κόσμῳ,
256 763 324 790 ἀλλὰ
342 763 389 790 καὶ
404 762 451 789 τδν
467 763 570 796 κόσμον
592 762 657 797 ἡμῖν
668 769 674 776 ·
691 761 735 787 ἵνα
752 759 867 795 φευγόν-

75 819 133 837 των
148 810 227 846 ἡμῶν
240 809 286 836 τὸν
299 809 412 844 κόσμον,
431 808 514 844 μηδὲν
525 807 653 842 ἐμπόδιον
670 806 786 842 ἔχωμεν,
799 806 867 842 μηδὲ

77 858 111 892 τῇ
129 857 197 891 πρὸς
213 855 292 881 αὐτὸν
307 855 398 890 σχέσει
412 853 455 880 διὰ
470 855 519 888 τῆς
533 852 745 888 ὲπιφαινομένης
758 851 867 887 ἀπάτης

917 267 968 287 nos
979 259 1180 295 philosophiam
1195 259 1305 287 indutos
1315 268 1375 288 csse
1388 260 1489 288 debere
1500 261 1645 296 signiﬁcat,
1660 262 1704 289 cui

918 305 1022 340 peccati
1050 306 1225 341 operationcs
1242 310 1373 341 actusque
1388 306 1477 334 ablata
1493 306 1562 339 sint;
1580 315 1704 343 semper-

918 359 972 385 que
995 359 1058 378 cum
1082 351 1204 378 facultati
1229 356 1285 378 tum
1311 352 1465 386 operationi
1490 356 1616 386 oportere
1642 361 1702 381 essu

919 394 1084 430 impositam.
1111 396 1239 423 Atlvcrszc
1261 396 1334 424 enim
1362 396 1523 431 nequissimi
1549 396 1630 431 327
1656 405 1706 432 po-

919 441 1025 468 testatis
1041 441 1093 473 vis,
1109 445 1139 467 ut
1153 445 1249 468 auctor
1263 445 1304 468 est
1316 441 1413 468 beatus
1425 441 1475 468 Job
1490 442 1523 474 7',
1537 442 1588 468 sub
1601 443 1706 470 ventris

917 486 1049 514 umbilico
1069 490 1126 518 est;
1146 487 1297 522 animique,
1316 492 1385 514 teste
1402 487 1482 514 beato
1501 487 1645 521 Davide”,
1662 497 1706 516 rc-

917 531 1029 566 plcntur
1048 531 1202 558 daemonum
1225 531 1410 558 illusionibus.
1429 531 1499 560 Sunt
1515 540 1581 559 vero
1601 533 1706 560 illusio~

918 585 983 610 nes,
1004 577 1119 604 diversa:
1141 576 1329 604 fornicationis
1353 577 1537 612 operationcs.
1560 578 1706 610 Ἀνάλαϐος

917 627 1008 651 autem
1031 624 1092 659 (nos
1108 623 1185 658 quasi
1198 623 1327 658 replicam
1343 624 1375 656 “,
1396 623 1576 651 monasticum
1600 625 1705 652 scilicet

917 669 1070 704 scapulare,
1083 667 1215 703 dicamus)
1231 677 1293 696 eum
1306 674 1370 696 ante
1385 674 1514 706 retroque
1529 670 1628 697 haheat
1640 679 1705 698 cru-

917 722 994 747 cem,
1022 714 1075 742 hoc
1098 713 1234 749 signiﬁcat
1252 723 1258 740 :
1275 713 1379 742 debere
1401 722 1468 747 nos,
1491 715 1567 750 juxta
1590 716 1707 751 Aposto-

916 760 972 788 lum
985 759 1019 793 ⁷⁵,
1039 767 1094 786 non
1120 759 1209 787 solum
1234 758 1337 786 mundo
1360 759 1506 786 cruciﬁxos
1525 767 1596 792 esse,
1613 761 1661 788 sed
1679 765 1706 788 et

917 805 1049 832 mundum
1066 805 1093 831 in
1110 804 1192 831 nobis
1212 803 1372 832 crucifixum
1396 804 1512 838 habere;
1530 812 1586 840 quo
1602 805 1707 833 scilicet

916 851 998 878 nobis
1018 850 1152 878 mundum
1174 849 1351 886 fugientibus,
1367 850 1435 877 nihil
1459 850 1648 885 impedimenti
1665 851 1708 879 in-

75 887 294 938 ἑηξκρατηοῶμεν
306 909 314 917 ο
325 887 406 936 ⁷μήτε
432 900 461 926 δὲ
483 887 564 927 πάλιν
578 899 632 926 τῶν
647 887 758 926 ὄπισθεν
770 897 866 924 διωκό-

918 902 1023 931 Currat,
1039 905 1091 925 nec
1115 897 1215 925 aﬂ'ectu
1239 897 1267 925 in
1287 905 1351 924 eum
1369 905 1401 925 ac
1415 897 1541 932 libidine,
1559 900 1706 934 conspicua

81 956 158 983 μενοι
174 947 207 972 ἐκ
227 946 275 972 τοῦ
300 946 403 980 κόσμου
418 945 450 971 ὲκ
473 944 527 971 τῶν
543 943 678 970 ἀκουσίων
692 942 866 978 πειρασμῶν,

78 993 279 1028 ὑπενδώσωμεν
293 992 340 1018 τοῦ
353 991 431 1018 τόνου
441 991 491 1026 τῆς
503 989 642 1021 εὐσεὸείας
652 998 658 1005 ·
670 988 727 1015 ἀλλ’
740 987 868 1022 ἀναίσθη-

78 1049 120 1068 τοι
137 1040 185 1066 καὶ
196 1040 287 1075 νεκροὶ
306 1039 503 1074 διαμείνωμεν,
519 1038 588 1071 πρός
601 1045 631 1062 τε
643 1035 678 1062 τὰ
690 1035 806 1063 ἀκούσια
820 1035 867 1062 καὶ

77 1087 114 1114 τὰ
126 1086 239 1114 ἑκούσια
253 1085 338 1120 πάθη.
353 1084 390 1111 Τὸ
403 1084 432 1110 δὲ
449 1083 607 1110 κουκούλιον
623 1082 709 1117 δηλοῖ,
720 1081 769 1118 τὴν
785 1089 868 1116 φρου-

75 1134 181 1170 ροῦσαν
191 1133 239 1160 καὶ
255 1133 407 1160 σκέπουσαν
419 1131 464 1159 τὸν
472 1131 534 1158 νοῦν
546 1131 625 1166 ἡμῶν
637 1130 717 1166 χάριν
729 1129 775 1156 τοῦ
788 1128 865 1156 Θεοῦ.
889 1144 891 1146 -

85 1180 115 1207 Ὀ
131 1180 187 1215 γὰρ
205 1179 423 1214 ἁποκειράμενος
439 1178 473 1205 τὰ
489 1177 535 1204 τοῦ
553 1177 657 1212 κόσμου
673 1176 806 1211 νοήματα,
818 1174 866 1210 τὴν

77 1225 298 1261 περικεφαλαίαν
321 1224 429 1260 δέχεται
446 1223 492 1250 τοῦ
506 1223 652 1258 σωτηρίου.
666 1221 706 1248 Τὰ
725 1221 753 1248 δὲ
770 1220 867 1247 σανδά-

77 1272 135 1305 λια,
149 1270 243 1298 τοῦτον
255 1270 312 1306 ἔχει
321 1269 367 1296 τὸν
379 1269 468 1304 λόγον.
488 1268 596 1303 Ἐπειδὴ
606 1269 638 1294 ὲκ
651 1266 754 1302 νεκρῶν
768 1265 868 1302 δερμά-

78 1326 136 1344 των
151 1316 216 1346 εἰσὶ.
231 1315 322 1351 μικρῷ
341 1315 370 1341 δὲ
386 1314 467 1350 μέρει
489 1313 536 1340 τοῦ
556 1313 681 1348 σώματος
699 1311 866 1343 ὑπόκεινται,

76 1364 127 1389 τὸν
142 1362 225 1389 αὑτὸν
239 1361 351 1396 τρόπον,
365 1358 439 1398 ᾗπερ
452 1360 482 1387 τδ
499 1360 560 1387 ὅλον
580 1359 657 1394 σῶμα
673 1358 741 1393 πρὸς
758 1357 792 1384 τὰ
807 1357 868 1392 ίχνη

79 1408 129 1435 τοῦ
143 1407 286 1435 σανδαλίου
298 1407 365 1442 ἔχει,
381 1406 455 1433 οὕτω
469 1406 522 1441 χρὴ
538 1406 586 1440 τὴν
598 1404 688 1440 ψυχὴν
706 1404 746 1439 τῷ
761 1403 869 1438 σώματι

78 1453 247 1490 κεχρῆσθαι.
261 1453 309 1480 καὶ
324 1453 403 1479 τοῦτο
417 1451 531 1487 νεκροῦν
548 1451 603 1478 τῶν
626 1450 703 1485 παρὰ
718 1449 799 1485 φύσιν
815 1457 869 1476 πα-

76 1500 147 1527 θῶν.
163 1499 200 1526 Τὸ
223 1499 252 1526 δὲ
279 1498 463 1534 περιϐόλαιον,
480 1497 573 1533 ἐπειδὴ
587 1496 759 1532 τετράγωνόν
772 1495 849 1523 ἐστιν
859 1516 868 1530 ,

77 1547 112 1573 ὲκ
126 1546 267 1581 τεσσάρων
289 1544 316 1571 δὲ
342 1543 480 1580 στοιχείων
503 1544 548 1571 καὶ¹
566 1544 580 1570 ὁ
603 1543 716 1578 κόσμος,
740 1541 867 1577 σημαίνει
880 1558 902 1586 c

78 1592 122 1618 δτι
137 1591 191 1626 χρὴ
216 1589 432 1626 περιόεΰλῆσθαι
455 1591 529 1626 ἡμᾶς
542 1589 592 1624 τὴν
605 1589 723 1624 φυσικὴν
739 1587 866 1622 θεωρίαν,

77 1636 151 1663 ὥστε
171 1636 209 1671 μὴ
232 1636 300 1670 πρὸς
322 1636 449 1670 αἴσθησιν
464 1635 511 1661 καὶ
531 1634 603 1669 πάθη
618 1635 652 1661 τὰ
666 1633 793 1669 ὁρώμενα
807 1632 867 1668 βλέ-

79 1691 154 1714 πειν,
170 1682 237 1709 ἀλλὰ
254 1682 296 1708 διὰ
313 1681 360 1708 τοῦ
376 1682 405 1708 ὲν
423 1681 516 1713 αὐτοῖς
540 1680 630 1714 λόγου,
649 1680 718 1716 πρὸς
742 1679 787 1706 τὸν
807 1678 867 1705 τού-

78 1736 135 1754 των
156 1727 321 1762 δημιουργὸν
346 1725 505 1761 ἀνάγεσθαι,
530 1725 567 1752 Τὸ
593 1724 685 1758 δὲτὴν
698 1724 846 1760 ἀριστερὰν
859 1724 868 1734 '

79 1773 160 1807 χεῖρα
181 1771 438 1807 παραγυμνῶσθαι,
457 1770 584 1806 σημαίνει
604 1770 646 1796 ὅτι
661 1769 714 1805 χρὴ
733 1769 782 1801 τὰς
801 1769 869 1803 ἀγα-

80 1818 131 1849 θὰς
142 1816 258 1853 πράξεις
271 1818 300 1844 ὲν
311 1818 377 1852 ⁴ἡμῖν
388 1816 595 1852 προφαίνεσθαι,
612 1815 684 1843 κατὰ
697 1816 743 1842 τὸν
753 1815 800 1841 τοῦ
812 1815 869 1841 Σω-

79 1865 166 1900 τῆρος
188 1863 277 1897 λόγον,
307 1863 384 1894 ὅπως
408 1863 501 1889 ἴδωσιν
519 1863 542 1889 οἱ
574 1861 712 1897 ἄνθρωποι
739 1861 774 1888 τὰ
797 1859 869 1887 καλὰ

78 1908 160 1943 ἡμῶν
176 1907 256 1943 ἔργα,
275 1908 323 1935 καὶ
344 1907 478 1940 δοξάσωσι
495 1907 542 1934 τὸν
558 1907 668 1943 Πατέρα
684 1905 764 1942 ἡμῶν
780 1906 825 1932 τὸν
840 1906 869 1932 ὲν

77 1955 134 1986 τοῖς
151 1954 287 1989 οὐρανοῖς.
302 1954 339 1980 Τὸ
354 1954 383 1980 δὲ
401 1954 494 1989 μαῦρα
508 1953 543 1980 τὰ
562 1952 698 1989 ἐνδύματα
720 1951 800 1982 εἶναι,
818 1960 867 1986 ση-

79 2000 174 2034 μαίνει
186 2000 227 2026 ὄτι
238 2000 292 2036 χρὴ
307 2000 381 2036 ἡμᾶς
401 2001 514 2034 ἀφανεῖς
528 1997 596 2026 εἶναι
612 1999 652 2034 τῷ
667 1999 772 2034 κόσμῳ,
784 1998 822 2030 ὡς
836 1997 867 2024 τὸ

77 2045 232 2080 πολίτευμα
253 2045 366 2081 ἔχοντας
380 2046 410 2072 ὲν
423 2046 540 2081 οὐρανῷ.
555 2046 587 2072 Et
600 2046 629 2072 δέ
648 2053 690 2077 τις
711 2045 740 2071 τὸ
755 2044 866 2071 παλλιον

77 2091 252 2126 τετράγωνον
263 2091 303 2125 ὃν,
319 2092 366 2118 καὶ
383 2092 424 2123 είς
435 2092 485 2123 τὰς
496 2091 607 2126 γενικὰς
621 2092 756 2126 τέσσαρας
765 2090 867 2126 ἀρετὰς

76 2135 200 2167 ὲκὶάὸοι,
215 2135 294 2163 τοῦτο
305 2135 416 2167 εἰκότως
428 2136 477 2171 οὐχ
489 2136 689 2171 ἁμαρτήσεται.

917 941 1024 978 decepti
1040 942 1142 977 specie,
1159 946 1316 975 teneamur;
1334 949 1423 976 neque
1441 951 1536 971 rursus
1552 951 1585 970 eo
1601 951 1616 970 a
1631 948 1707 979 tergo

917 993 1115 1023 persequente,
1139 988 1174 1015 iis
1198 987 1397 1015 tentationibus
1420 996 1481 1023 qua:
1504 988 1598 1016 invitis
1622 989 1706 1016 obve-

917 1032 1008 1065 niunt,
1022 1036 1180 1060 contentum
1192 1032 1304 1068 pietatis
1317 1033 1439 1062 studium
1453 1033 1602 1068 quidquam
1613 1035 1708 1061 remit-

918 1082 1026 1112 tamus;
1043 1078 1092 1106 sed
1103 1078 1180 1106 velut
1192 1086 1290 1107 sensus
1301 1083 1428 1115 expertes
1440 1083 1469 1107 et
1479 1080 1558 1114 quasi
1576 1081 1706 1113 emortui,

917 1122 1053 1150 adversus
1077 1127 1134 1150 tum
1156 1123 1328 1151 voluntarios
1346 1123 1464 1151 allectus
1485 1122 1627 1158 malaque,
1649 1128 1706 1151 tum

918 1167 1119 1196 involuntarios
1142 1168 1336 1196 consistamus.
1361 1168 1492 1196 Cucullus
1523 1169 1572 1196 Dei
1591 1170 1706 1204 gratiam

917 1212 1067 1248 signiﬁcat,
1089 1216 1278 1248 protegentem
1300 1220 1420 1242 mentem
1442 1222 1558 1250 eamque
1576 1215 1708 1251 obtegen-

919 1262 984 1287 tem.
1006 1259 1090 1295 Cujus
1111 1260 1185 1287 enim
1208 1260 1329 1288 detonsa:
1351 1265 1416 1288 sunt
1435 1261 1580 1289 saeculares
1602 1262 1707 1297 cogita-

919 1304 1018 1337 tiones,
1035 1304 1138 1339 galeam
1158 1306 1274 1332 assumit
1287 1305 1414 1333 salutaris
1427 1306 1460 1332 τ’.
1480 1306 1566 1334 Porro
1582 1307 1707 1335 sandalia

919 1348 990 1377 hanc
1002 1349 1105 1377 habent
1118 1350 1262 1378 rationem.
1278 1351 1346 1379 Cum
1359 1351 1433 1379 enim
1448 1359 1481 1379 ex
1496 1352 1614 1380 mortuis
1627 1353 1707 1388 pelli-

918 1396 971 1425 bus
994 1398 1128 1431 conl‘ecta,
1150 1407 1182 1427 ac
1205 1400 1329 1435 corporis
1351 1400 1456 1435 exiguae
1476 1401 1547 1436 parti
1570 1402 1706 1430 substrata

919 1444 984 1477 sint,
1005 1444 1058 1472 hoc
1077 1445 1228 1473 denotant:
1245 1454 1298 1481 qua
1321 1447 1427 1474 ratione
1449 1451 1536 1474 totum
1559 1455 1660 1484 corpus
1673 1449 1707 1476 ad

919 1489 1035 1517 sandalii
1059 1491 1173 1527 vestlgia
1190 1499 1218 1519 se
1242 1491 1334 1524 habet,
1353 1492 1393 1520 sic
1414 1500 1529 1521 necesse
1547 1498 1579 1521 ut
1601 1494 1709 1522 animus

919 1542 1036 1570 corpore
1059 1540 1163 1568 utatur,
1185 1536 1329 1572 ipsumque
1346 1537 1490 1566 affectibus
1507 1538 1707 1566 innaturalibns

918 1582 984 1618 (qui
1005 1582 1109 1610 scilicet
1132 1583 1199 1610 vitio
1224 1583 1361 1619 haereant)
1386 1583 1426 1611 sic
1451 1584 1529 1619 quasi
1551 1590 1706 1613 emortuum

919 1627 1026 1655 reddat.
1046 1628 1169 1663 Denique
1186 1629 1311 1663 pallium,
1325 1629 1399 1664 quod
1417 1630 1517 1657 habeat
1528 1635 1647 1665 quatuor
1657 1640 1708 1658 au-

918 1679 996 1715 gulos
1007 1700 1013 1712 ,
1038 1687 1070 1707 ac
1081 1680 1200 1707 mundus
1212 1681 1294 1708 etiam
1307 1685 1425 1716 quatuor
1436 1682 1580 1710 elementis
1589 1687 1706 1716 constet,

918 1725 971 1752 hoc
984 1725 1088 1753 indicat
1102 1735 1108 1752 :
1123 1725 1226 1754 debere
1244 1727 1384 1754 nosetiam
1400 1727 1427 1755 id
1445 1735 1530 1763 genus
1545 1729 1708 1763 speculatio-

918 1771 961 1798 nis
977 1771 1101 1804 induere,
1118 1771 1191 1806 quod
1215 1773 1333 1800 naturali
1355 1780 1406 1800 usu
1431 1777 1586 1808 praestatur,
1604 1781 1638 1800 ne
1664 1782 1708 1801 res

919 1817 1007 1845 oculis
1025 1817 1163 1853 subjectas
1192 1826 1226 1846 ex
1249 1826 1347 1846 sensus
1368 1818 1572 1854 affectuumque
1592 1819 1707 1846 libidine

919 1868 1079 1894 cernamus,
1098 1862 1145 1889 sed
1171 1870 1220 1897 per
1242 1863 1377 1890 rationem
1400 1870 1461 1898 quae
1488 1863 1542 1890 illis
1567 1863 1653 1896 inest,
1673 1863 1706 1890 ad

919 1907 1029 1935 illorum
1057 1913 1198 1935 auctorem
1227 1909 1422 1944 provehamur.
1447 1908 1525 1942 Quod
1552 1914 1642 1936 autem
1671 1910 1709 1937 si-

919 1952 1006 1980 nistra
1029 1960 1126 1981 manus
1149 1952 1256 1981 detecta
1281 1953 1328 1987 sit,
1352 1953 1405 1981 hoc
1429 1953 1581 1989 significat,
1606 1954 1708 1983 debere

920 1997 1006 2025 bonas
1035 1998 1158 2026 actiones
1184 1998 1213 2026 in
1236 1998 1317 2026 nobis
1338 1998 1504 2034 praelucere,
1530 1999 1607 2034 juxta
1634 2000 1707 2034 quod

919 2043 1044 2078 praecipit
1054 2043 1197 2076 Dominus,
1212 2048 1242 2071 ut
1253 2043 1365 2071 videant
1379 2043 1506 2071 homines
1520 2052 1602 2079 opera
1615 2049 1706 2072 nostra

919 2089 1002 2123 bona,
1015 2093 1043 2117 et
1063 2089 1217 2125 gloriﬁcent
1234 2089 1343 2117 Patrem
1361 2094 1487 2117 nostrum
1511 2091 1558 2126 qui
1579 2091 1607 2119 in
1630 2091 1707 2119 cmlis

920 2139 962 2162 est
974 2136 1007 2162 ".
1024 2136 1101 2169 Quod
1119 2136 1185 2171 pulli
1200 2136 1301 2164 coloris
1318 2136 1373 2164 sint
1390 2135 1561 2170 indumenta,
1574 2137 1627 2165 hoc
1645 2137 1709 2165 insi.

76 2186 156 2214 nuat,
171 2182 274 2210 debere
294 2190 345 2210 nos
362 2190 422 2210 esse
436 2183 537 2210 saeculo
556 2183 701 2216 obscuros,
735 2187 765 2210 ut
782 2182 829 2218 qui
845 2181 928 2209 vitam
946 2190 979 2210 ac
993 2183 1190 2219 municipatum
1225 2184 1253 2211 in
1267 2184 1337 2211 cmlo
1370 2183 1521 2212 habeamus
1533 2185 1567 2212 ".
1585 2184 1634 2212 Sin
1659 2193 1707 2213 au-

75 2235 132 2257 tem
144 2228 250 2263 aliquis
275 2228 398 2264 pallium,
411 2228 484 2263 quod
501 2233 621 2264 quatuor
638 2229 754 2264 angulos
773 2228 882 2261 habeat,
903 2229 986 2256 etiam
1009 2229 1043 2257 ad
1065 2230 1208 2265 generales
1229 2234 1347 2264 quatuor
1378 2230 1496 2258 virtutes
1516 2231 1654 2264 retulerit,
1673 2240 1709 2259 ne

73 2276 117 2303 sic
131 2274 245 2310 quidem
259 2281 274 2301 α
287 2281 354 2301 vero
366 2274 550 2302 aberraverit.

378 2329 476 2358 ΕΡΩΤ.
496 2331 558 2358 ΞΗ’.

412 2432 526 2467 Ἀπόκρ.

107 2477 231 2512 Εἰρήνην
242 2477 257 2504 ὁ
270 2477 361 2513 ἱερεὺς
375 2477 430 2504 ἀπὸ
441 2477 489 2504 τοῦ
503 2477 589 2512 ὕψους
610 2477 659 2512 τῆς
680 2477 817 2512 καθέδρας
829 2479 863 2513 τῇ

76 2522 231 2558 Ἐκκλησία
251 2523 458 2557 ἐπιφθέγγεται,
475 2523 521 2550 τὸν
543 2523 646 2559 Κύριον
668 2523 717 2558 τῆς
729 2523 864 2559 καθέδρας

71 2569 254 2605 μιμούμενος,
267 2569 526 2605 ἀναλαμϐανόμενον
543 2571 656 2606 εἰρήνην
676 2570 727 2606 τὴν
748 2570 862 2602 οἰκείαν,

70 2616 118 2644 ut
132 2616 251 2652 ἀφιέντα
265 2616 312 2643 καὶ
335 2616 451 2644 διδόντα.
467 2616 502 2643 Τὸ
527 2616 564 2649 δὲ,
580 2616 634 2644 Kal
658 2615 698 2650 τῷ
715 2616 862 2652 πνεύματί

103 2694 129 2712 "
140 2694 195 2723 Job
206 2701 251 2726 XL,
265 2693 308 2721 ll.
346 2693 368 2710 ⁷³
379 2693 450 2722 Psal.
466 2702 569 2724 xxxvn.
579 2694 606 2721 8.
635 2694 658 2710 7‘
668 2693 756 2722 Galat.
769 2702 805 2726 Vl,
823 2695 865 2722 Η.

107 2765 116 2775 ·
129 2763 203 2797 Quid
218 2764 240 2791 si
254 2763 353 2796 δεξιάν,
369 2763 402 2790 ad
417 2763 522 2791 laboris
541 2763 647 2791 scilicet
661 2764 760 2792 usum?

70 2823 162 2856 gentis
210 2825 351 2856 mentem,
388 2821 566 2852 Dorothcus,
605 2821 679 2856 quod
711 2829 860 2856 puerorum

71 2861 264 2894 tegumentum
293 2855 392 2890 capitis
428 2856 480 2887 sit,
512 2855 620 2891 signum
650 2855 731 2884 docet
761 2865 857 2884 ταπει-

217 2903 353 2934 Panos.
376 2902 435 2932 Gn.
459 2902 522 2933 XC.

1120 2332 1203 2368 328
1220 2331 1359 2359 INTERR.
1385 2331 1501 2358 LXVIII.

954 2394 1704 2405 οι·.....ι.....ι-οσι.σ-....

1269 2432 1347 2467 Resp.

947 2480 1083 2508 Sacerdos
1095 2487 1111 2508 e
1123 2479 1234 2507 sublimi
1256 2478 1393 2507 cathedra).
1404 2478 1490 2514 gradu
1503 2486 1597 2514 pacem
1611 2480 1703 2507 Eccle-

913 2526 961 2554 siae
972 2526 1113 2559 acelamat,
1126 2525 1247 2553 imitatus
1260 2524 1395 2553 cathedrae
1408 2525 1565 2558 Dominum,
1577 2525 1635 2561 qui,
1647 2533 1702 2561 quo

915 2575 1036 2607 tempore
1052 2571 1253 2604 assumebatur,
1267 2570 1325 2598 suis
1339 2577 1432 2605 pacem
1447 2570 1559 2606 reliquit
1571 2579 1603 2599 ac
1615 2571 1700 2599 dedit.

912 2616 990 2650 Quod
1005 2621 1095 2645 autem
1107 2617 1225 2653 populus
1237 2616 1410 2652 respondeat,
1422 2617 1455 2645 Et
1467 2626 1526 2645 cum
1538 2619 1632 2654 spiritu
1645 2624 1698 2652 tuo,

905 2694 928 2710 ⁷⁸
940 2695 1009 2730 Eph.
1026 2703 1063 2728 vr,
1079 2695 1122 2721 l7.
1157 2695 1178 2711 ⁷⁶
1192 2694 1288 2722 Matth.
1302 2703 1328 2728 v,
1346 2693 1388 2722 10.
1427 2695 1450 2711 ⁷⁷
1462 2695 1580 2732 Philipp.
1598 2704 1637 2729 ut,
1650 2696 1696 2725 20.

938 2766 954 2774 "
972 2764 1040 2793 Vide
1055 2764 1130 2808 Cass.
1147 2764 1166 2791 l.
1182 2764 1199 2792 9
1212 2764 1244 2792 de
1256 2765 1347 2792 habitu
1360 2766 1556 2793 monachorum.

914 2821 1032 2858 vdiqwg,
1047 2821 1214 2855 humilitatis,
1228 2822 1307 2858 cujus
1317 2822 1599 2850 sanctiusinstitutum
1615 2825 1701 2850 totum

909 2856 1044 2892 professio
1061 2861 1112 2884 est.

1502 2902 1541 2932 27
