1936 3078
112 102 169 135 853

695 105 942 140 QUIESTIONES
962 107 1010 137 ET
1029 108 1156 138 DUBIA.

1687 112 1738 144 851

111 158 261 195 πρόϐατον,
274 159 323 187 τὸν
332 159 427 197 μολὸν,
441 160 471 188 τδ
481 161 562 196 γάλα,
576 161 621 191 τὸν
631 162 727 198 ἀμνόν.
746 162 778 189 Ἦ
791 162 819 190 δὲ
832 163 900 198 κόρη

954 162 1006 196 lac,
1022 167 1187 199 agnumque.
1210 164 1275 199 Ejus
1288 164 1420 199 pupillam
1440 165 1512 193 oculi
1537 173 1600 194 cum
1614 167 1672 195 sole
1686 169 1740 196 ciro

111 205 163 234 τοῦ
178 205 320 241 ὀφθαλμοῦ
348 207 442 240 αὑτοῦ,
471 209 670 245 συμπεριπολεί
693 209 732 244 τῷ
755 208 834 244 ἡλίῳ,
852 209 900 236 καὶ

111 252 233 288 ἑκάστης
248 253 354 288 ἡμέρας
370 254 496 289 ἀφοδεὺιι
514 255 669 290 σπυράθους
682 255 746 288 25y.
767 255 804 282 Τὸ
816 255 845 282 δὲ
857 255 900 282 λο-

111 298 190 332 γικὸν
205 298 343 334 πρόϐατον
363 300 377 326 ό
399 299 553 336 ἅνθρωπος,
576 301 655 336 εἴπερ
669 301 765 328 ἑαυτὸν
780 301 900 337 προσφέ-

112 353 171 380 ρειν
185 345 280 373 θυσίαν
292 345 331 381 τῷ
340 347 504 383 κτησαμένῳ
519 347 578 382 Θεῷ
591 347 754 379 ἐσπούδακε,
769 349 900 384 χρεωστεῖ

110 390 213 418 διδόναι
235 391 330 427 ὥσπερ
350 392 444 428 μαλὸν,
469 393 521 428 τὴν
537 393 635 428 ἠθικὴν
658 393 777 429 πρᾶξιν·
806 394 844 425 ὡς
871 392 899 420 δὲ

111 439 193 472 τάλα..
213 439 262 474 τὴν
275 439 393 473 φυσικὴν
410 438 527 475 θεωρίαν
542 440 686 475 (θρεπτικὴ
698 440 753 476 γὰρ
766 439 838 474 αὕτη,
851 439 898 468 τοῦ

111 482 182 519 νοῦ)·
200 483 238 516 ὡς
265 484 294 512 δὲ
321 484 418 519 ἀμνὸν,
445 484 491 513 τὸν
507 485 726 520 μαθητευόμενον
743 486 900 520 ἀπογεννῶν

109 529 157 556 διὰ
173 529 223 565 τῆς
239 530 422 564 διδασκαλίας,
448 531 495 558 καὶ
519 531 607 559 πάντα
626 532 718 567 ὅμοιον
743 531 831 567 ἑαυτῷ
853 532 900 559 καὶ

111 575 215 602 τέλειον
246 577 402 609 σπουδάζων
431 577 578 614 προσάγειν
601 577 640 613 τῷ
659 577 728 613 Θεῷ.
745 577 825 605 Ἀλλὰ
853 577 900 604 καὶ

111 622 163 657 τὴν
179 622 264 657 κόρην
277 622 324 648 τοῦ
351 621 502 657 ὀφθαλμοῦ,
529 624 543 649 ὁ
569 622 688 654 τοιοῦτος
704 623 759 657 ἔχει
779 622 816 657 τῷ
831 623 900 658 ἡλίῳ

112 667 369 702 συμπεριπολοῦσαν
380 676 388 682 ·
415 667 537 694 τουτέστι
551 668 596 694 τὸν
608 667 681 701 νοῦν,
701 668 740 703 τῷ
755 668 837 703 Ἡλίῳ
850 668 900 703 τῆς

99 712 298 749 ιδικαιοσύνης,
316 713 362 742 διὰ
386 713 437 748 τῆς
453 714 636 749 προνοητικῆς
658 714 711 742 τῶν
734 714 820 741 ὅντων
835 714 900 740 διοι-

112 759 221 794 κήσεως
237 759 346 792 φέροντι
362 759 398 786 τὰ
422 759 555 794 ἡμέτερα,
582 759 797 795 συμπεριπολεῖ·
822 768 900 786 τουτ-

111 805 198 836 ἑστιν,
214 805 391 832 ἐπακολουθεῖ
409 813 416 821 ·
435 806 463 832 ἰν
477 814 506 833 τε
523 806 576 841 γὰρ
601 806 722 840 θλίψεσιν
734 826 742 839 ,
765 806 794 832 ἓν
809 814 840 832 τε
854 805 899 832 to-

111 851 243 886 ημερίαις
262 850 441 886 εὐχαριστῶν-
460 851 506 877 ἐπί
521 860 550 879 τι
565 853 598 887 τῇ
624 851 715 884 καλῶς
738 851 841 887 ἀγούσῃ
865 851 901 878 τὰ
916 843 938 873 Β

114 896 204 922 πάντα
220 895 343 931 προνοίᾳ.
361 896 523 925 Ἀποὸὀιλλει
542 897 571 923 δὲ
596 897 611 924 ό
638 897 760 928 τοιοῦτος
782 897 901 931 ἑκάστης

112 941 221 976 ἡμέρας
247 942 404 977 σπυράθους
427 941 497 976 τξε¹·
526 943 660 975 τουτέστι,
674 943 710 971 τὰ
734 942 787 969 ὑπὸ
803 942 901 977 χρόνον

111 988 162 1014 καὶ
179 988 286 1022 γένεσιν
305 988 415 1024 φθαρτά
429 989 477 1018 καὶ
500 989 616 1025 περισσὰ
637 990 767 1017 ἑκάστοτε
783 989 900 1026 ἀπορρί-

113 1043 187 1061 πτει.

149 1081 217 1116 Περὶ
231 1081 260 1108 δὲ
271 1081 319 1108 τοῦ
335 1081 395 1116 βοός
413 1089 506 1116 φασιν,
522 1081 562 1108 ἂτι
575 1081 625 1117 τὴν
640 1081 753 1118 καρδίαν
769 1082 901 1116 τρίγωνον

113 1125 265 1160 κέκτηται·
291 1125 337 1153 τὸν
361 1126 391 1154 δὲ
409 1126 509 1161 νεφρὸν
533 1126 715 1154 τιεντάϐολον·
739 1126 796 1162 εχει
811 1127 841 1154 δὲ
855 1127 902 1154 καὶ

112 1172 190 1205 τρεῖς
204 1171 356 1206 στομάχους
368 1179 377 1188 ο
403 1173 451 1199 καὶ
473 1171 524 1207 τὴν
545 1172 594 1208 μὲν
610 1172 731 1208 ἡμέραν.
748 1173 903 1207 φιιποειδιῖς

112 1216 172 1250 εχει
187 1216 248 1248 τοὺς
261 1216 433 1252 ὀφθαλμούς·
448 1218 481 1252 τῇ
499 1217 528 1243 δὲ
552 1216 640 1250 νυκτὶ,
658 1217 811 1252 πυροειδείς
822 1226 829 1233 ·
855 1219 902 1246 καὶ

111 1261 206 1296 τρίτον
222 1261 270 1296 τῆς
285 1262 392 1298 ἡμέρας
409 1262 456 1289 καὶ
465 1262 556 1297 τρίτον
567 1263 616 1298 τῆς
630 1263 726 1294 νυκτὸς
736 1264 796 1290 κατ’
809 1263 903 1292 ἀνατο-

112 1306 163 1339 λὰς
178 1306 249 1341 ὁρῶν
262 1307 337 1334 πνέει
350 1307 456 1342 φυσῶν.
475 1307 504 1334 '0
518 1307 605 1341 δεξιὸς
623 1308 706 1335 αὑτοῦ
721 1308 774 1343 ῥὶς,
789 1309 903 1337 εὺωδιᾶ-

113 1352 158 1385 ζει
183 1353 306 1389 μόσχον·
331 1353 363 1380 τὸ
386 1353 416 1381 δὲ
439 1351 508 1389 αἷμα
532 1354 627 1387 αὑτοῦ,
652 1355 824 1392 ἀναιρετικόν
845 1356 904 1383 ἐστι

113 1398 226 1426 πάντων
247 1399 301 1425 τῶν
316 1399 428 1434 ἡμέρων
452 1398 540 1432 ζώων,
566 1399 651 1434 χωρὶς
671 1400 719 1426 τοῦ
745 1400 836 1432 κυνός.
859 1401 905 1429 Δεῖ

116 1443 165 1472 οὖν
181 1445 229 1471 καὶ
243 1444 317 1479 ἡμᾶς
333 1444 428 1480 ὥσπερ
444 1444 508 1480 βοῦν
522 1445 668 1481 φέροντας,
685 1444 732 1471 τὸν
756 1445 838 1479 ζυγὸν
855 1444 903 1474 τοῦ

113 1490 235 1526 Χριστοῦ
252 1491 534 1535 μεταχειριζομένους,
553 1492 603 1523 τάς
623 1491 727 1523 λιθίνας
742 1491 903 1526 ἀνατέμνειν

97 1534 249 1576 ’καρδίας
277 1541 325 1567 καὶ
342 1534 390 1572 τάξ
408 1541 458 1575 μὲν
475 1540 596 1571 ἀκάνθας
615 1539 670 1566 τῶν
693 1539 787 1566 παθῶν
826 1539 903 1575 ὲκρι-
917 1534 938 1546 ’⁸

113 1587 182 1619 ζοῦν
192 1595 201 1603 '
218 1586 363 1613 πλατύνειν
381 1586 409 1612 δὲ
421 1586 472 1622 τὴν
485 1586 537 1621 γῆν
552 1585 602 1621 τῆς
622 1585 736 1621 καρδίας
751 1585 819 1621 πρὸς
835 1585 903 1612 ὑπο-

113 1631 255 1667 δοχὴντοῦ
274 1630 346 1657 θείου
370 1630 460 1665 λόγου.
472 1631 566 1665 Ἐχειν
589 1631 618 1657 δὲ
644 1631 691 1657 καὶ
712 1630 763 1666 τὴν
791 1630 903 1666 καρδίαν

114 1677 414 1712 τρίγωνον,“τουτέστι
441 1676 486 1702 τὸν
515 1676 578 1711 περὶ
602 1676 717 1711 Τριάδος
745 1675 824 1710 λόγον
840 1676 903 1712 ὑγιῆ

114 1724 188 1759 ἔχειν
204 1724 233 1749 ὲν
246 1724 278 1758 τῇ
302 1723 417 1758 καρδίᾳ,⁸
447 1723 491 1749 ἵνα
513 1721 608 1757 ὥσπερ
620 1722 637 1757 ἡ
654 1721 751 1756 καρδία
766 1721 903 1748 διαδίδωσι

115 1769 240 1804 φυσικῶς
254 1769 303 1804 τὴν
316 1769 389 1804 ζωὴν
406 1768 444 1804 τῷ
462 1767 578 1804 σώματι,
594 1767 682 1800 οὕτως
694 1767 741 1795 καὶ
753 1768 770 1804 ἡ
786 1768 825 1799 είς
836 1767 906 1795 Θεὸν

114 1815 252 1848 εὐσέϐεια,
269 1815 303 1841 τὰ
321 1815 388 1850 μέλη
402 1815 452 1850 τῆς
468 1814 558 1850 ψυχῆς
575 1814 724 1849 συνίστησι,
743 1813 794 1841 Τὸν
811 1813 840 1842 δὲ
859 1823 903 1840 νε-

114 1861 184 1896 φρὸν
195 1860 268 1896 ἔχειν
282 1860 457 1892 πεντάϐολον,
476 1859 601 1886 τουτέστι
615 1859 645 1885 τὸ
656 1859 854 1894 ἐπιθυμητικὸν
867 1859 904 1895 μὴ

115 1906 185 1940 πρὸς
200 1905 236 1932 τὰ
245 1905 318 1940 πάθη
333 1905 492 1941 τετράφθαι,
510 1903 579 1931 ἀλλὰ
590 1904 634 1930 διὰ
645 1904 700 1930 τῶν
713 1908 734 1930 ε’
752 1904 904 1939 αἰσθήσεων

114 1954 166 1987 τὴν
179 1951 268 1978 κτίσιν
282 1951 459 1978 κατοπτεύειν
472 1952 513 1983 είς
525 1952 608 1986 μόνην
616 1951 762 1986 ἐπιθυμίαν
777 1950 823 1978 καὶ
837 1949 906 1985 ἀγά-

116 2007 172 2033 πην
183 1997 231 2024 τοῦ
247 1997 407 2030 κτίσαντος.
421 1997 502 2032 Τρεῖς
516 1998 544 2024 δὲ
559 1998 712 2033 στομάχους
737 1994 886 2034 κεκτῆσθαι
897 2005 904 2012 ο

115 2046 131 2072 ὀ
150 2045 287 2080 στόμαχος
303 2044 411 2080 πρῶτον
427 2044 462 2071 τὰ
479 2044 552 2071 σιτία
565 2044 718 2079 δεχόμενος,
735 2043 781 2071 καὶ
795 2043 839 2070 διὰ
855 2043 906 2078 τῆς

116 2091 256 2126 πεπτικῆς
269 2090 411 2125 δυνάμεως
426 2090 457 2116 τὺ
471 2089 616 2125 εἰλικρινὲς
628 2090 724 2121 αὐτῶν,
732 2089 839 2125 ἑκάστῳ
852 2089 906 2116 τῶν

119 2137 211 2172 μελῶν
237 2136 437 2172 παραπέμψας,
452 2136 483 2163 τὺ
507 2136 599 2163 λοιπὸν
623 2138 656 2171 τῇ
681 2136 771 2171 κοιλίᾳ
787 2136 903 2164 δίδωσιν.

952 209 1077 244 cumagi,
1102 210 1182 245 333
1207 218 1239 237 ac
1263 209 1387 245 quotidie
1408 210 1518 245 pillulas
1539 211 1592 240 565
1616 219 1739 248 egerere.

952 256 1069 286 Ratione
1084 261 1175 285 autem
1190 256 1321 291 praeditus
1333 257 1403 289 ovis,
1423 257 1515 290 homo,
1539 258 1674 293 siquidem
1689 260 1741 288 hoc

952 303 1048 332 sedulo
1061 307 1132 338 agat,
1150 306 1180 330 ut
1199 310 1229 330 se
1244 303 1311 336 Deo,
1330 304 1409 339 cuius
1424 303 1539 331 dominii
1553 307 1605 336 est.
1622 304 1740 333 hostiam

951 349 1060 381 oﬂ'erat,
1083 349 1205 385 praebeat
1221 357 1334 378 necesse
1349 353 1402 383 est,
1425 353 1554 385 tanquam
1576 350 1673 383 vellus,
1697 359 1743 379 ac-

953 395 1056 422 tionem
1070 394 1193 422 moribus
1212 395 1383 428 institutam;
1401 398 1531 430 tanquam
1547 403 1612 423 vero
1626 396 1678 428 lac,
1694 405 1741 423 na-

953 439 1070 469 turalem
1083 440 1298 475 speculationem
1314 441 1385 476 (ejus
1405 441 1478 468 enim
1495 440 1634 469 facultatis
1650 445 1692 469 est
1712 447 1742 470 ut

952 489 1073 513 meantem
1083 486 1161 521 alat),
1171 491 1201 514 ut
1214 491 1306 514 autem
1317 494 1428 521 agnum,
1439 486 1605 520 discipulum
1617 487 1742 514 doctrina

952 531 1091 563 adultum,
1114 539 1163 566 per
1186 532 1278 559 omnia
1304 532 1421 560 similem
1444 532 1669 566 perfectumque,
1686 533 1742 560 Deo

952 575 1053 605 oll‘erre
1065 577 1183 604 studeat.
1199 577 1253 605 Sed
1266 581 1294 606 et
1305 578 1437 612 pupillam
1453 579 1537 611 oeuli,
1552 578 1597 613 qui
1613 578 1675 606 talis
1687 582 1740 611 est,

953 630 1008 649 una
1028 629 1092 648 cum
1110 622 1168 650 sole
1190 623 1266 651 velut
1287 628 1426 659 gyrantem
1449 624 1547 657 habet;
1568 624 1616 658 qui
1638 624 1743 652 scilicet

953 674 1008 693 una
1019 674 1082 694 cum
1094 667 1157 694 Sole
1166 668 1291 702 justitiaa,
1306 675 1355 703 per
1370 669 1571 703 providentiam
1582 677 1626 696 res
1641 669 1741 704 guber-

952 716 1035 740 nante
1051 720 1083 740 ac
1100 720 1161 748 qua:
1176 718 1267 741 nostra
1281 719 1346 742 sunt
1362 714 1476 748 ferente,
1490 719 1609 742 mentem
1622 715 1741 743 circum—

951 763 1032 794 agat;
1063 767 1162 794 nempe
1191 767 1255 787 eum
1279 761 1431 795 sequendo,
1446 760 1474 787 in
1489 760 1619 790 aerumnis
1639 761 1742 795 pariter

952 809 1034 840 atque
1051 805 1180 832 secundis
1197 804 1281 833 rebus
1294 805 1396 841 gratias
1415 810 1494 841 agat;
1516 810 1669 840 cunctaque
1689 805 1742 834 rite

952 851 1044 886 agenti
1068 859 1100 878 ac
1120 851 1250 886 dirigenti
1273 851 1473 886 providentiae,
1491 859 1628 886 propense
1648 851 1741 878 animo

950 897 1116 932 acquiescat.
1142 897 1235 933 Egerit
1261 902 1355 926 autem
1379 897 1503 932 quotidie
1526 897 1664 933 ejusmodi
1689 897 1742 924 565

950 941 1076 976 pillulas;
1101 941 1126 969 id
1144 947 1198 974 est,
1221 942 1339 977 tempori
1359 942 1487 977 ortuique
1508 941 1636 974 obnoxia,
1653 949 1742 976 eoque

949 986 1097 1015 interitura
1109 995 1141 1015 ac
1154 987 1304 1023 superﬂua,
1316 987 1441 1026 quotidie
1453 987 1573 1016 abdicat.

986 1081 1028 1110 Ad
1043 1081 1142 1109 bovem
1159 1086 1252 1110 autem
1265 1082 1339 1118 quod
1357 1082 1468 1114 attinet,
1484 1083 1564 1111 aiunt
1578 1082 1682 1110 habere
1692 1089 1742 1110 cor

952 1128 1139 1163 triangulus);
1155 1136 1260 1161 renem,
1279 1129 1403 1164 quinque
1426 1129 1504 1164 quasi
1523 1128 1742 1164 projectionibus

950 1179 1122 1208 exstantem;
1148 1175 1320 1203 stomachum
1338 1175 1493 1210 triplicem;
1512 1175 1601 1203 oculis
1620 1175 1741 1202 interdiu

951 1219 1063 1252 lucidis,
1080 1225 1164 1248 noctu
1191 1221 1279 1256 igneis
1297 1229 1374 1254 esse;
1400 1225 1494 1249 ternas
1511 1220 1649 1253 interdiu,
1678 1220 1742 1247 toti-

953 1266 1071 1302 demque
1086 1273 1172 1296 noctu
1186 1269 1260 1296 vices
1273 1287 1282 1301 ,
1307 1275 1470 1296 conversum
1488 1267 1521 1295 ad
1540 1267 1675 1295 orientem
1698 1272 1738 1294 tu-

951 1318 1073 1342 mentem
1088 1313 1268 1349 inﬂatumque
1276 1314 1394 1349 spirare.
1407 1314 1550 1342 Dexteram
1563 1313 1622 1348 ejus
1646 1319 1743 1340 narem

953 1359 1060 1388 moechi
1087 1359 1191 1394 spirare
1219 1359 1423 1395 ﬂagrantiam;
1461 1359 1622 1394 sanguinem
1648 1358 1743 1386 cicura

953 1412 1070 1439 quasque
1090 1405 1241 1437 animalia,
1267 1410 1382 1440 excepto
1400 1412 1478 1437 cane,
1509 1412 1620 1432 necare.
1645 1403 1743 1439 Oper-te

953 1451 1073 1485 pretium
1089 1450 1193 1485 itaque,
1217 1458 1267 1478 nos
1289 1457 1401 1485 quoque
1427 1450 1507 1477 bovis
1533 1449 1620 1477 instar
1639 1448 1743 1477 Christi

954 1500 1096 1530 assumpto
1108 1496 1184 1531 iugo,
1201 1495 1309 1531 lapidea
1332 1495 1417 1523 corda
1433 1495 1627 1530 proscindere;
1644 1503 1676 1522 ac
1701 1495 1743 1521 vi-

955 1540 1057 1568 tiorum
1069 1541 1178 1575 quidem
1191 1541 1285 1576 spinas
1299 1541 1429 1573 evellere,
1445 1540 1538 1568 cordis
1553 1548 1618 1567 vero
1640 1544 1742 1567 terram

954 1586 989 1614 ad
1006 1587 1212 1621 suscipiendum
1229 1587 1354 1614 divinum
1368 1593 1524 1613 sermonem
1546 1585 1672 1613 dilatare.
1689 1585 1744 1612 Cor

954 1632 1020 1659 item
1040 1632 1144 1659 habere
1159 1632 1307 1668 trigonum,
1324 1639 1417 1659 sanam
1434 1632 1540 1659 scilicet
1562 1632 1645 1659 corde
1664 1636 1744 1658 lenus

954 1677 989 1707 de
1004 1676 1140 1704 Trinitate
1152 1677 1321 1710 doctrinam;
1337 1681 1367 1703 ut
1383 1677 1455 1704 sicut
1476 1684 1525 1704 cor
1541 1681 1640 1703 natura
1659 1676 1743 1702 vitam

954 1723 1066 1758 corpori
1084 1723 1235 1754 distribuit,
1253 1723 1293 1750 sic
1311 1726 1340 1749 et
1356 1722 1444 1757 pietas
1466 1723 1495 1749 in
1510 1722 1596 1749 Deum
1620 1721 1744 1748 membra

952 1768 1077 1796 stabiliat
1102 1774 1183 1803 atque
1198 1772 1318 1803 vegetet.
1331 1769 1435 1796 lienem
1461 1772 1567 1802 septem
1584 1767 1662 1802 quasi
1678 1776 1743 1802 pro-

951 1815 1121 1850 jectionibus
1143 1818 1312 1848 exstantem;
1336 1814 1373 1842 ita
1405 1814 1537 1842 nimirum
1562 1818 1593 1841 ut
1612 1814 1743 1848 cupiendi

953 1861 997 1888 vis
1012 1868 1066 1888 non
1095 1862 1129 1887 ad
1139 1860 1206 1887 vitia
1223 1868 1256 1887 ac
1267 1859 1398 1887 libidines
1411 1866 1544 1886 conversa
1557 1859 1603 1890 sit,
1620 1859 1668 1885 sed
1680 1866 1744 1885 sen-

955 1915 1037 1935 suum
1053 1913 1138 1941 opcra
1164 1906 1217 1933 hoc
1242 1906 1331 1933 solum
1351 1906 1405 1932 line
1427 1909 1553 1932 natm-am
1572 1905 1744 1940 contemple-

955 1959 1028 1986 mur,
1055 1957 1086 1980 ut
1110 1953 1169 1988 ejus
1195 1952 1242 1988 qui
1273 1951 1397 1979 condidit
1422 1950 1560 1978 desiderio
1583 1950 1743 1983 atiiciamur,

954 2006 1074 2033 eumque
1091 1998 1246 2033 diligamus.
1261 1996 1409 2032 Triplicem
1423 1995 1544 2031 denique
1558 1996 1742 2023 stomachum.

955 2044 1122 2072 Stomachus
1142 2044 1264 2081 primum
1287 2043 1387 2078 recipit
1412 2042 1500 2075 cibos,
1529 2047 1644 2078 tumque
1670 2041 1744 2076 quod

956 2098 1057 2126 purum
1071 2094 1114 2118 est
1128 2097 1176 2125 per
1205 2090 1261 2117 vim
1277 2088 1421 2124 digerendi
1446 2088 1474 2116 in
1490 2087 1596 2123 singula
1620 2087 1743 2114 membra

956 2137 1167 2168 transmittens,
1197 2139 1289 2171 partes
1315 2134 1437 2169 reliquas
1453 2133 1544 2161 ventri
1570 2132 1679 2160 tribuit.
1698 2132 1744 2160 Sic

117 2181 213 2214 οὕτως
232 2181 280 2209 οὖν
293 2183 367 2218 ἡμᾶς
383 2182 517 2217 προσήκει
536 2181 580 2209 διὰ
597 2183 752 2217 πρακτικῆς
767 2182 814 2208 καὶ
828 2190 903 2215 φυσι-

959 2181 1045 2223 igitur
1057 2186 1085 2208 et
1096 2189 1158 2214 nos,
1176 2189 1225 2216 per
1242 2179 1383 2212 moralem,
1402 2179 1555 2206 naturalem
1577 2183 1659 2214 atque
1673 2177 1745 2205 divi-

114 2231 171 2266 κῆς
182 2232 231 2258 καὶ
244 2231 401 2266 θεολογικῆς
411 2229 527 2265 θεωρίας
540 2229 701 2264 ἀγομένους,
712 2229 760 2255 καὶ
772 2229 808 2256 τὰ
822 2229 907 2264 πρόσ-

118 2285 191 2311 φορα
207 2276 274 2302 πᾶσι
288 2276 346 2307 τοῖς
363 2275 458 2310 μέλεσι
475 2276 526 2311 τῆς
545 2274 633 2310 ψυχῆς
647 2275 842 2310 ἀπονέμοντας,
859 2274 906 2300 καὶ

117 2320 164 2347 τοῦ
181 2321 293 2355 ἥττονος
309 2319 482 2356 προνοεῖσθαι
497 2319 596 2354 μέρους
606 2326 613 2333 ⁴
629 2320 763 2351 τουτέστι,
787 2319 835 2349 τοῦ
852 2319 906 2347 σώ-

120 2375 207 2402 ματος
218 2374 226 2381 ⁶
246 2366 326 2393 τοῦτο
339 2365 394 2402 γὰρ
418 2366 435 2400 ἢ
447 2358 560 2392 ’κοιλίση
579 2365 676 2401 Τρίτον
692 2364 720 2391 δὲ
737 2366 785 2400 τῆς
802 2365 907 2400 ἡμέρας

118 2414 167 2440 καὶ
183 2412 275 2448 τρίτον
297 2413 347 2448 τῆς
374 2411 471 2444 νυκτὸς
495 2411 655 2446 ἀφορῶντας
680 2411 749 2446 πρὸς
775 2410 907 2444 ἀνατολὰς

118 2459 225 2492 πνέειν,
252 2458 378 2485 τουτέστι
391 2457 443 2494 τὴν
463 2457 579 2492 τρισσὴν
599 2456 648 2483 τοῦ
671 2455 742 2483 Θεοῦ
766 2457 906 2490 πρόνοιαν,

120 2504 321 2540 συντηρητικὴν
344 2505 391 2531 καὶ
417 2502 631 2540 ὲπιστρεπτικὴν
661 2503 709 2529 καὶ
733 2502 910 2537 παιδευτικὴν

119 2551 294 2586 ἀφορῶντας,
308 2549 336 2577 ἐν
349 2558 380 2577 τε
392 2550 472 2577 νυκτὶ
487 2549 542 2576 τῶν
559 2548 731 2584 πειρασμῶν,
750 2547 779 2575 ἐν
798 2557 826 2575 τε
842 2548 909 2584 ἠμέ-

121 2604 157 2632 ρᾳ
172 2596 221 2630 εὒη
227 2595 335 2631 μερίας,
345 2595 531 2631 εὐχαριστεῖν·
545 2595 617 2630 ἔχειν
630 2593 658 2620 δὲ
667 2594 730 2625 τοὺς
743 2593 908 2628 ὀφθαλμοὺς,

119 2644 150 2670 ἐν
162 2642 212 2678 μὲν
219 2643 297 2668 νυκτὶ
306 2642 467 2677 πυροειδεῖς,
479 2642 508 2668 ὲν
515 2641 542 2668 δὲ
555 2640 646 2676 ἡμέρᾳ
656 2639 820 2675 φωτοειδεῖς,
832 2648 910 2667 τουτο

120 2687 190 2719 ἐστι,
213 2687 382 2722 θεωρητικὴν
408 2687 534 2720 δύναμιν,
557 2687 586 2712 ὲν
604 2685 654 2720 μὲν
683 2685 716 2720 τῇ
737 2684 830 2720 ἡμέρᾳ
854 2685 910 2711 τῶν

120 2731 236 2767 ἀρετῶν,
254 2732 304 2762 τὰς
319 2732 350 2757 ὲκ
369 2731 417 2758 τοῦ
438 2731 528 2757 Ἠλίου
542 2730 591 2765 τῆς
603 2729 773 2764 δικαιοσύνης
798 2730 910 2761 ἀκτῖνας

120 2777 169 2811 τῆς
182 2775 308 2811 γνώσεως
321 2775 521 2811 ὑποδεχομένην
532 2784 537 2790 ·
552 2776 581 2800 ὲν
594 2774 622 2800 δὲ
638 2775 670 2809 τῇ
683 2774 760 2801 νυκτὶ
773 2773 826 2800 τῶν
841 2774 911 2809 ὑπὲρ

122 2823 223 2859 ἀρετῆς
237 2822 414 2857 ἐπαγομένων
432 2819 641 2855 ἀλλεπαλλήλων
656 2819 833 2855 πειρασμῶν,
847 2820 909 2851 τοὺς

957 2233 1022 2253 nam
1038 2224 1301 2259 contemplationem
1315 2227 1470 2258 provectos,
1486 2222 1649 2257 cunctisque
1661 2222 1744 2248 animi

957 2270 1099 2301 membris,
1114 2268 1195 2305 334
1213 2268 1286 2304 quod
1302 2272 1398 2303 aptum
1425 2268 1460 2296 sit
1480 2268 1568 2303 iisque
1589 2267 1726 2295 conducat
1737 2287 1744 2298 ,

957 2315 1121 2352 impartitos,
1134 2316 1218 2343 etiam
1229 2313 1377 2342 deterioris
1392 2313 1479 2348 partis
1493 2313 1531 2348 (id
1540 2317 1592 2345 est,
1604 2313 1744 2347 corporis;

957 2363 985 2390 id
995 2363 1069 2390 enim
1083 2365 1180 2389 venter
1194 2359 1374 2395 intelligatur)
1397 2367 1492 2386 curam
1510 2366 1591 2393 agere
1604 2359 1744 2386 convenit.

957 2409 1012 2438 Ter
1027 2415 1093 2436 vero
1108 2406 1240 2438 interdiu,
1257 2413 1290 2434 ac
1306 2410 1347 2434 ter
1366 2409 1451 2432 noctu
1471 2403 1505 2430 ad
1522 2404 1658 2431 orientem
1672 2405 1746 2439 aspi-

958 2455 1064 2482 cientes
1077 2453 1195 2488 spirare,
1212 2451 1314 2478 trinam
1330 2451 1378 2478 Dei
1396 2448 1671 2485 providentiam,qua
1681 2455 1749 2476 con-

959 2503 1071 2532 servat,
1102 2497 1239 2525 convertit
1263 2503 1295 2524 ac
1321 2495 1447 2530 castigat,
1475 2494 1576 2521 animis
1601 2492 1747 2521 attenden-

958 2551 1011 2578 tes,
1029 2545 1087 2573 sive
1095 2544 1123 2571 in
1136 2543 1320 2571 tentationum
1336 2547 1428 2574 nocte,
1445 2542 1502 2569 sive
1519 2541 1547 2568 in
1567 2548 1659 2568 rerum
1681 2547 1748 2575 pro-

958 2595 1100 2624 sperarum
1128 2587 1184 2619 die,
1210 2587 1312 2622 gratias
1339 2594 1434 2622 agere;
1454 2586 1549 2620 sicque
1585 2585 1654 2613 adeo
1680 2593 1746 2613 ocu-

958 2636 993 2663 lis
1009 2638 1182 2669 comparatos
1196 2641 1267 2665 esse,
1283 2637 1313 2660 ut
1327 2632 1345 2659 ii
1364 2636 1447 2659 noctu
1467 2631 1554 2666 ignei,
1568 2629 1688 2657 interdiu
1704 2629 1748 2656 lu-

959 2679 1015 2707 cidi
1028 2678 1164 2706 exsistant
1179 2687 1185 2704 :
1203 2685 1235 2704 ea
1252 2677 1359 2704 scilicet
1370 2675 1476 2711 praediti
1491 2673 1696 2708 contemplandi
1708 2673 1747 2705 vi,

959 2730 991 2753 ut
1008 2725 1036 2752 in
1048 2725 1182 2752 virtutum
1204 2723 1260 2755 die,
1286 2722 1357 2749 Solis
1370 2721 1485 2756 iustitia:
1508 2719 1631 2748 scientizc
1657 2719 1750 2746 radios

961 2771 1124 2807 suscipiant,
1142 2773 1280 2803 noctuque
1297 2767 1456 2795 crebrarum
1471 2771 1500 2793 et
1510 2773 1571 2800 qua:
1596 2764 1663 2791 alias
1675 2764 1750 2791 exci~

961 2818 1049 2853 piant,
1068 2815 1252 2843 tentationum
1272 2813 1380 2841 virtutis
1405 2819 1486 2839 causa
1503 2811 1651 2841 illatarum,
1668 2809 1748 2836 dere-
