1936 3078
140 124 191 155 85⁵1

681 127 882 158 EXPOSITIO
900 127 942 158 IN
961 127 1143 160 PSALMUM
1163 130 1238 161 LIX.

1710 121 1767 153 858

137 190 207 217 ρισε
223 184 281 216 τὴν
296 185 537 219 Μεσοποταμίαν,
553 185 603 212 καί
627 185 684 220 τὴν
708 187 820 220 Συρίαν
844 185 926 213 Σωὸᾶ

990 186 1204 222 losopotamiam,
1212 193 1236 215 et
1246 188 1352 224 Syriam
1364 188 1432 216 Saba
1444 197 1452 216 :
1464 194 1488 216 et
1505 196 1629 231 reversusl
1639 194 1679 217 est
1686 189 1767 225 Joab,

142 228 215 264 [erat
231 227 347 265 Σωὸἀλ1·
362 229 411 256 καί
422 230 610 265 ἐπέστρεψεν
627 231 715 264 Ὶωὰϐ,
731 231 780 258 καί
797 230 929 264 ἐπάταξε

139 274 199 308 τὴν
211 274 349 310 φάραγγα
364 274 423 302 τῶν
437 275 528 303 Ἁλῶν
540 276 654 304 δώδεκα
666 276 814 312 χιλιάδας.

178 322 231 354 Εἰς
253 322 285 347 τὸ
299 321 396 354 τέλος,
414 321 477 355 τοῖς
491 322 784 357 ἁλλοιωθησομένοις
803 322 817 348 ὁ
831 321 929 357 παρὼν

143 365 325 401 ἐπιγράφεται
351 364 579 402 [ἐπιγέγραπται]
601 366 708 402 ψαλμός
722 374 729 382 ο
756 366 801 393 διά
823 374 854 392 τε
877 366 928 401 τὴν

143 412 190 438 ἐπὶ
212 412 283 438 τέλει
297 412 351 438 τῶν
379 412 535 448 χρόνωνδιὰ
560 413 609 448 τῆς
629 412 776 448 ἐπιδημίας
799 412 847 439 τοῦ
867 412 931 447 Χρι-

145 457 208 483 στοῦ
224 457 374 493 γενομένην
388 459 443 490 τοῖς
459 457 613 494 ἀνθρώποις
631 457 661 491 ἐξ
674 458 803 489 ἀπιστίας
830 458 932 490 είςπί-

146 510 215 534 στιν,
230 503 279 529 καὶ
297 502 351 530 ἀπὸ
365 503 465 536 κακίας
489 503 529 536 εἷς
551 504 662 540 ἀρετὴν,
685 505 732 531 καὶ
754 503 866 538 ἀγνοίας
891 503 931 534 είς

145 548 247 582 γνῶσιν
264 547 332 575 Θεοῦ
344 550 487 585 γνωμικὴν
502 556 532 576 τε
554 549 602 576 καὶ
628 549 823 585 προαιρετικὴν
849 557 932 584 μετα-

147 594 228 630 ϐολὴν
241 595 289 622 καὶ
303 594 446 622 ἀλλοίωσιν
461 603 468 611 ·
485 595 534 622 Διά
543 604 573 622 τε
581 595 631 631 τὴν
644 596 684 628 είς
697 595 810 631 ὕστερον
826 595 873 622 ἐπὶ
886 594 932 622 τέ-

147 639 189 668 λει
204 641 259 669 τῶν
276 641 382 669 αἰώνων
397 642 583 678 γενησομένην
598 643 631 669 δι’
647 642 730 669 αὑτοῦ
745 642 792 669 τοῦ
808 642 932 677 Σωτῆρος

148 687 228 723 ὴμῶν
244 687 311 714 Θεοῦ
324 687 472 724 καθολικὴν
480 687 527 715 τοῦ
541 688 642 720 παντὸς
657 689 752 723 γένους
763 688 817 715 τῶν
829 688 933 723 ἀνθρώ-

148 740 207 758 πων
235 733 264 758 ἐν
292 733 383 768 χάριτι
406 733 523 768 φυσικὴν
539 734 572 760 ὲκ
589 733 703 760 θανάτου
719 733 766 760 καὶ
779 733 882 769 φθορᾶς
893 733 932 764 εἰς

147 778 220 814 ζωὴν
234 778 366 805 ἀθάνατον
384 779 430 805 καὶ
446 778 610 814 ἀφθαρσίαν,
623 779 667 806 διὰ
679 780 729 816 τῆς
743 779 934 814 προσδοκωμέ-

147 832 197 858 νης
216 823 400 856 ἀναστάσεως,
414 823 554 851 ἀλλοίωσίν
579 833 610 851 τε
634 825 682 851 καὶ
707 824 866 852 ἀνανέωσιν.
880 825 933 857 Εις

149 870 377 903 στηλογραφίαν
394 869 433 904 (a)
452 870 481 896 δὲ
506 870 547 902 τῷ
571 870 661 896 Δαϐιδ
673 877 681 885 °
696 869 843 902 τουτέστιν,
858 868 932 904 αὺτῷ

148 914 187 948 τῷ
204 913 315 949 Χριστῷ
332 922 340 929 ·
360 915 402 941 διὰ
419 922 448 940 τε
465 913 515 950 τὴν
535 915 684 950 γενομένην
702 915 753 950 ἤδη
783 915 854 941 κατὰ
883 913 933 950 τὴν

149 959 225 985 θείαν
245 958 326 986 αὐτοῦ
351 960 487 994 σάρχωσιν
513 960 615 995 στήλης
630 960 719 995 δίκην,
735 961 763 986 ὲν
785 959 860 994 αὑτῷ
884 959 934 995 μὲν

150 1005 188 1035 ὡς
203 1004 317 1040 ἀρχηγῷ
332 1005 379 1031 καὶ
393 1005 511 1041 Σωτῆρι,
524 1005 572 1032 καὶ
588 1005 647 1041 μετ’
660 1005 742 1032 αὑτὸν
757 1006 786 1032 ὲν
804 1006 861 1037 τοῖς
873 1005 934 1032 κατ’

150 1049 231 1077 αὑτὸν
246 1049 364 1082 εὐσεϐῶς
381 1049 480 1084 βιοῦσι,
496 1052 546 1085 τῆς
561 1051 659 1083 κακίας
669 1050 808 1087 ἀναίρεσιν
818 1058 827 1067 ³
843 1050 888 1078 διά
904 1059 934 1077 τε

150 1094 196 1120 τὸν
212 1094 253 1121 ἔτι
267 1094 300 1120 δι⁹
316 1094 398 1121 αὑτοῦ
416 1095 598 1130 γενησόμενον
609 1095 727 1130 παντελῆ
743 1094 791 1122 τοῦ
806 1103 836 1122 τε
851 1094 936 1122 θανά-

150 1148 197 1166 του
211 1139 317 1175 καὶτῆς
331 1139 434 1176 φθορᾶς
446 1141 610 1175 ἀφανισμόν.
627 1142 678 1174 Εἰς
691 1140 818 1175 διδαχὴν
834 1140 863 1167 δὲ
883 1142 936 1168 ὀπ-

151 1185 388 1220 άων-ἐνεπύρισε
395 1185 452 1219 τὴν
461 1186 702 1220 Μεσοποταμίαν,
711 1185 760 1213 καὶ
769 1185 804 1221 (b)
814 1185 872 1220 τὴν
880 1187 937 1213 Συ-

149 1231 221 1265 ρίαν
238 1229 322 1258 Σωϐᾶ
343 1229 403 1266 [Fr.
430 1230 548 1266 Σωσάλ].
565 1230 611 1262 Εἰς
639 1230 748 1266 διδαχὴν
771 1231 851 1265 ὴμίν,
875 1232 932 1262 τοῖς

153 1275 354 1310 ἀλλοιουμένοις
381 1275 429 1302 καὶ
453 1275 724 1311 ἁλλοιωθησομένοις,
747 1275 869 1311 δηλονότι
887 1276 936 1311 τὴν

153 1320 298 1355 ἐπαινετὴν
324 1320 371 1346 καὶ
400 1319 475 1347 θείαν
504 1320 655 1352 ἀλλοίωσιν,
681 1321 695 1347 ὑ
712 1320 820 1356 ψαλμδς
844 1321 937 1354 ἐπιγέ-

152 1374 278 1402 γραπται
293 1366 369 1401 παρὰ
383 1365 430 1392 τοῦ
450 1366 531 1392 Δασὶδ
543 1366 590 1392 τοῦ
605 1367 701 1401 νοητοῦ
719 1374 726 1382 ·
743 1365 815 1400 λέγω
824 1366 853 1392 δὲ
867 1366 936 1401 Χρι-

154 1411 219 1438 στοῦ
233 1412 280 1448 τοῦ
299 1411 379 1440 Θεοῦ.
394 1411 483 1443 Μόνος
501 1411 556 1447 γὰρ
573 1412 655 1443 αὐτὸς
672 1411 798 1447 ἀληθινὸς
812 1411 938 1447 βασιλεὺς

154 1458 286 1494 ὑπάρχων
300 1458 347 1484 τοῦ
371 1457 479 1493 Ἰσραὴλ
492 1458 541 1484 καὶ
565 1457 683 1491 ὁρῶντος
697 1458 774 1489 Θεὸν,
789 1458 827 1489 ὡς
846 1457 937 1492 πάσης

979 235 1004 258 ει
1017 234 1145 267 percussit
1158 232 1254 260 vallem
1270 233 1426 261 Salinarum
1442 234 1578 261 duodecim
1592 233 1678 262 millia
1691 235 1712 262 ¹.

1014 322 1114 350 Psalmi
1128 322 1210 357 hujus
1221 321 1366 357 inscriptio
1378 326 1420 349 est
1434 330 1440 348 :
1455 321 1487 348 In
1499 321 1590 356 finem,
1608 322 1647 349 his
1658 322 1703 358 qui
1713 323 1759 349 im.

980 368 1163 401 mutabuntur;
1175 373 1231 395 tum
1250 372 1363 402 propter
1383 367 1505 394 futuram
1533 367 1562 394 in
1586 367 1639 394 ﬁne
1659 372 1766 402 tempo-

980 421 1052 446 rum,
1064 421 1113 448 per
1128 413 1277 441 adventum
1286 412 1400 446 Christi,
1412 420 1446 440 ex
1458 412 1621 440 inﬁdelitate
1629 413 1663 440 ad
1672 413 1766 445 ﬁdem,

980 466 1068 494 exque
1080 458 1148 486 vitio
1162 458 1197 486 ad
1211 458 1351 491 virtutem,
1363 465 1395 486 ac
1409 465 1443 485 ex
1457 457 1613 493 ignorantia
1629 457 1663 484 ad
1676 457 1767 488 scien-

982 505 1057 538 tiam,
1073 503 1156 531 animi
1175 503 1318 539 proposito
1334 511 1367 531 ac
1379 503 1530 536 voluntate.
1549 503 1691 531 hominum
1707 511 1769 530 mu-

982 551 1130 583 tationem;
1150 554 1207 577 tum
1232 554 1345 585 propter
1362 549 1547 577 exhibendam
1567 553 1709 584 postremo
1737 549 1767 576 in

982 595 1036 623 ﬁne
1057 595 1218 623 seculorum
1244 603 1294 630 per
1320 595 1411 630 ipsum
1441 594 1612 622 Salvatorem
1641 598 1767 621 nostrum

980 641 1078 673 Deum,
1097 640 1219 668 universi
1233 640 1343 675 generis
1359 640 1473 667 humani
1490 640 1647 667 universam
1661 640 1689 667 in
1704 647 1768 675 gra-

982 688 1021 715 tia
1033 687 1186 715 naturalem
1204 694 1220 713 a
1235 690 1324 714 morte
1336 690 1364 714 et
1372 686 1560 721 corruptione,
1576 685 1610 713 ad
1621 685 1705 713 vitam
1716 685 1752 712 im

983 731 1124 760 mortalem
1140 738 1172 759 ac
1197 730 1445 765 incorruptionem,
1465 734 1623 765 exspectata
1643 738 1769 758 resurre-

983 778 1091 809 ctioue,
1106 776 1326 805 immutationem
1347 784 1379 803 ac
1400 776 1619 803 renovationem.
1641 775 1674 803 In
1698 775 1769 802 tituli

983 827 1075 850 autem
1087 822 1284 857 inscriptionem
1293 822 1342 857 ipsi
1349 821 1449 855 David,
1463 821 1517 849 hoc
1530 827 1573 849 est
1580 821 1700 854 Christo,
1712 825 1769 849 tum

982 873 1095 904 propter
1112 868 1210 896 factam
1224 867 1341 903 pridem,
1358 867 1451 894 divina
1463 867 1552 902 ipsius
1568 866 1768 897 incarnatione,

983 913 1055 941 tituli
1067 913 1161 945 instar,
1179 912 1207 940 in
1217 913 1277 947 ipso
1289 912 1411 947 quidem,
1425 916 1456 939 ut
1475 912 1535 947 ipso
1552 911 1622 939 duce
1634 920 1666 939 ac
1677 912 1771 940 Salvn-

983 964 1052 992 tore,
1066 959 1101 986 ab
1124 966 1211 994 eoque
1230 959 1360 993 deinceps
1377 958 1405 985 in
1426 958 1470 985 his
1487 958 1535 993 qui
1553 966 1588 986 ex
1611 959 1670 994 ejus
1697 967 1769 993 pra:-

983 1006 1086 1040 scripto
1098 1005 1143 1040 pie
1158 1005 1242 1032 vitam
1262 1004 1420 1037 instituunt,
1439 1003 1582 1039 pravitatis
1596 1011 1628 1031 ac
1640 1003 1771 1038 nequitia:

984 1051 1175 1084 eversionem;
1201 1055 1258 1078 tum
1288 1054 1400 1085 propter
1427 1049 1550 1077 futuram
1577 1049 1684 1083 adhuc,
1711 1050 1771 1084 ipso

985 1101 1143 1133 praestante,
1166 1097 1299 1131 integram
1317 1096 1415 1124 mortis
1429 1103 1462 1123 ac
1476 1096 1664 1131 corruptionis
1682 1095 1771 1123 aboli-

985 1143 1098 1171 tionem.
1113 1142 1145 1170 In
1156 1143 1303 1169 doctrinam
1318 1146 1419 1174 autem,
1432 1149 1493 1168 cum
1509 1141 1645 1168 succendit
1653 1140 1771 1176 Mesopo-

986 1189 1096 1216 tamiam
1119 1192 1144 1215 et
1165 1188 1271 1223 Syriam
1295 1187 1385 1215 Saba:
1401 1187 1430 1215 in
1444 1187 1598 1215 doctrinam
1613 1186 1771 1221 nobis,'qui

986 1235 1165 1262 immutamur
1174 1238 1203 1261 et
1217 1241 1312 1261 sumus
1325 1233 1489 1261 immutandi
1508 1232 1650 1269 (laudabili
1666 1231 1772 1259 scilicet

986 1287 1018 1308 ac
1028 1280 1121 1307 divina
1143 1278 1344 1314 immutatione)
1358 1279 1392 1306 ab
1409 1278 1525 1313 spiritali
1538 1277 1640 1305 Davide
1653 1277 1771 1313 (Christo

987 1326 1093 1353 scilicet
1115 1324 1181 1358 Deo)
1211 1324 1361 1359 inscriptus
1382 1327 1424 1351 est
1448 1323 1581 1358 psalmus.
1609 1322 1678 1350 Cum
1697 1321 1772 1349 enim

987 1379 1061 1398 unus
1078 1371 1137 1406 ipse
1149 1377 1231 1398 verus
1243 1369 1351 1397 lsraelis
1372 1377 1404 1396 ac
1419 1369 1505 1397 Deum
1521 1368 1641 1396 videntis
1660 1376 1708 1395 rex
1723 1375 1772 1395 ex—

988 1418 1077 1449 sistat,
1095 1421 1224 1451 tanquam
1240 1415 1350 1442 malitia:
1363 1415 1453 1442 omnis
1464 1422 1496 1442 ac
1515 1414 1677 1450 ignorantiae
1691 1421 1772 1441 ever-

987 1470 1043 1494 sor,
1060 1461 1205 1495 omnisque
1233 1461 1366 1494 temporis
1387 1467 1420 1487 ac
1435 1463 1542 1486 natura:
1556 1459 1656 1491 victor;
1671 1457 1774 1492 quibus

155 1503 302 1538 ἀναιρέτης
313 1503 412 1534 κακίας
426 1503 474 1529 καὶ
487 1503 636 1546 ἀγνῳσίας,
649 1503 696 1530 καὶ
707 1504 820 1538 νικητὴς
836 1503 937 1534 παντὸς

990 1509 1109 1545 proclive
1125 1507 1206 1542 336
1216 1507 1244 1534 in
1253 1506 1334 1534 nobis
1343 1506 1441 1534 vitium
1452 1506 1629 1541 pravitasque
1641 1503 1775 1532 conﬂatur

154 1549 251 1584 χρόνου
275 1549 322 1575 καὶ
350 1548 467 1582 φύσεως,
480 1549 514 1576 δι’
529 1545 567 1576 ὧν
577 1549 607 1575 ὲν
625 1549 690 1584 ἡμῖν
703 1549 788 1576 κακία
811 1548 937 1576 συνίστα-

154 1593 216 1620 σθαι
240 1594 380 1627 πέφυκε-ν’
399 1593 544 1630 ἐνεπύρισε
567 1594 616 1629 τὴν
640 1594 862 1630 Μεσοποταμίαν,
893 1594 938 1622 διὰ

154 1639 257 1675 σαρκὸς
280 1640 347 1676 ἡμῖν
366 1639 500 1675 ὁμιλήσας
515 1647 522 1655 ³
539 1640 672 1672 τουτέστι,
685 1641 734 1676 τὴν
759 1640 939 1676 ὲπικλυζομέ-

153 1693 204 1720 νην
226 1675 288 1717 τοῖς
298 1685 373 1721 παρὰ
399 1685 481 1719 φύσιν
493 1685 592 1712 πάθεσι
610 1686 660 1720 τῆς
690 1675 790 1721 σαρκὸς
808 1686 865 1720 ἕξιν
889 1675 940 1722 τῆς

155 1732 264 1763 κακίας.
285 1731 341 1758 Kal
367 1730 425 1765 τὴν
438 1731 550 1766 Συρίαν
565 1730 649 1759 Σωσᾶ
663 1731 755 1767 [etiam
770 1732 816 1759 Fr.
835 1732 914 1759 ἃνὸᾶ
930 1740 938 1749 ·

155 1782 179 1804 et
193 1776 338 1813 deinceps],
353 1776 478 1804 τουτέστι
499 1777 550 1812 τὴν
573 1777 777 1812 δεδουλωμένην
789 1777 828 1812 τῷ
840 1778 938 1814 χρόνῳ,

155 1822 240 1858 ῆγουν
254 1821 436 1857 ὴπατημένην
449 1821 489 1857 τῷ
503 1821 581 1848 αἰῶνι
596 1821 685 1858 τούτῳ
696 1822 828 1849 διάθεσιν.
851 1823 940 1850 Ἑπτὰ

155 1869 211 1904 γὰρ
229 1869 246 1904 ἠ
264 1868 348 1896 Σωϐἇ
361 1868 543 1904 ἑρμηνεύεται
559 1876 567 1884 ⁸
596 1869 690 1903 σαφῶς
713 1869 741 1895 δὲ
767 1869 846 1897 τοῦτο
866 1869 941 1904 δηλοῖ

156 1915 207 1949 τὴν
223 1913 353 1950 χρονικὴν
376 1914 507 1949 ἰδιότητα.
525 1914 720 1950 Ἑϐδοματικδς
738 1915 816 1951 γὰρὸ
833 1915 939 1951 χρόνος.

155 1960 241 1987 thiam
257 1960 313 1996 γὰρ
327 1961 375 1987 καὶ
400 1961 496 1996 χρόνον
511 1960 607 1988 εῐωθεν
621 1962 635 1988 ό
651 1961 773 1994 διάϐολος
805 1970 942 1989 συνεπικι-

156 2007 213 2034 νεῖν
229 2006 320 2041 ἑαυτῷ
333 2007 404 2034 κατὰ
416 2007 467 2042 τῆς
480 2007 583 2042 ἀρετῆς
595 2007 643 2035 καὶ
659 2008 707 2042 τῆς
726 2008 863 2042 γνώσεως,
877 2009 942 2041 τοὺς

156 2053 272 2087 ἀφανεῖς
288 2052 453 2088 συμπλέκων
477 2053 623 2087 πολέμους,
637 2054 674 2085 ὡς
697 2055 747 2087 τὰς
770 2055 817 2082 δύο
842 2055 942 2090 Συρίας

158 2098 230 2124 κατὰ
259 2097 306 2124 τοῦ
328 2097 410 2124 Δαὸὶδ
422 2099 437 2125 ὁ
457 2097 621 2133 ’Δδρααξάμ
646 2098 800 2135 ’Δδρααζὰρ
822 2099 877 2135 γὰρ
903 2100 943 2132 εις

155 2144 206 2180 τὴν
219 2144 331 2171 Ἐλλάδα
346 2143 438 2180 φωνὴν
447 2143 695 2180 μεταφραζόμενος,
722 2147 900 2182 λύων-ἰσχὺν
906 2146 941 2182 (c)

988 1562 1020 1582 ac
1037 1553 1175 1585 inolescit;
1191 1552 1415 1587 MeSOpotamiam
1426 1551 1580 1584 succendit,
1599 1558 1648 1586 per
1663 1558 1774 1578 carnem

988 1600 1133 1627 nobiscum
1152 1602 1298 1630 versatus;
1314 1604 1413 1632 nempe
1434 1600 1604 1631 stagnantem
1620 1595 1775 1630 prolutum-

988 1653 1042 1681 que
1057 1643 1259 1671 innaturalibus
1272 1642 1363 1669 carnis
1376 1641 1519 1669 aﬂ‘ectihus
1544 1644 1626 1674 atque
1639 1640 1714 1666 vitiis
1727 1639 1777 1666 ha-~

989 1691 1088 1718 hitum.
1102 1689 1137 1717 Et
1155 1688 1262 1724 Syriam
1276 1687 1346 1715 Saba
1355 1695 1365 1720 ;
1383 1687 1501 1722 tempori
1513 1686 1620 1714 scilicet
1633 1685 1775 1720 mancipa-

989 1741 1055 1768 tam,
1069 1736 1095 1763 id
1105 1739 1157 1768 est,
1177 1734 1270 1762 saeculi
1289 1733 1372 1768 hujus
1384 1740 1478 1760 errore
1494 1731 1616 1759 delusam
1631 1731 1715 1758 animi
1733 1730 1775 1758 af-

990 1782 1147 1810 fectionem.
1163 1780 1231 1807 Saba
1248 1779 1333 1811 enim,
1347 1779 1370 1806 si
1382 1785 1482 1805 nomen
1506 1777 1709 1810 interpreteris,
1728 1775 1775 1803 Se—

991 1831 1060 1863 ptem
1074 1825 1210 1861 signiﬂcat
1220 1824 1298 1860 [imo,
1314 1822 1419 1858 Syriam
1430 1822 1507 1858 quasi
1523 1821 1688 1856 militarem],
1702 1821 1776 1855 quod

992 1873 1021 1900 in
1049 1871 1180 1906 temporis
1205 1869 1293 1905 palam
1324 1868 1519 1903 proprietatem
1543 1870 1632 1894 sonat.
1657 1866 1777 1900 Tempus

992 1919 1066 1946 enim
1075 1916 1230 1952 septenario
1242 1914 1370 1942 vertitur.
1385 1913 1460 1941 Solet
1468 1912 1541 1940 enim
1559 1911 1695 1944 diabolus,
1711 1911 1776 1938 dum

991 1964 1123 1991 adversus
1152 1961 1284 1989 virtutem
1304 1967 1336 1987 ac
1352 1958 1496 1987 scientiam
1515 1957 1662 1986 invisibilia
1681 1957 1777 1992 prmlia

993 2007 1192 2036 commissurus
1208 2010 1262 2038 est,
1285 2012 1340 2032 una
1361 2011 1455 2032 secum
1470 2007 1598 2030 naturam
1615 2008 1778 2036 tempusque

994 2061 1117 2085 movere,
1131 2052 1205 2080 haud
1219 2059 1299 2079 secus
1309 2059 1342 2078 ac
1360 2050 1498 2078 Adraazar
1511 2048 1607 2076 ambas
1621 2048 1713 2083 Syrias
1729 2047 1778 2074 ad-

993 2107 1091 2128 versus
1111 2098 1274 2126 Davidem'.
1292 2097 1430 2124 Adraazar
1457 2095 1543 2127 enim,
1567 2094 1590 2122 si
1616 2094 1643 2121 iu
1657 2093 1778 2128 linguam

994 2149 1117 2174 nostram
1130 2149 1224 2172 vertas
1245 2151 1278 2171 ac
1290 2141 1493 2178 interpreteris,
1510 2140 1652 2168 dissolvens
1674 2139 1779 2174 fortitu-

193 2223 202 2238 ¹
218 2223 241 2250 ll
257 2223 325 2259 Reg.
338 2231 395 2257 Vill,
411 2223 442 2257 l;
460 2231 487 2257 x,
501 2224 533 2257 ‘l;
549 2223 559 2251 Ι
574 2223 662 2251 Paral.
677 2231 753 2259 xvm,
769 2224 795 2253 i.
819 2225 923 2261 'lReg.
939 2233 968 2259 ι,
982 2225 1026 2253 l9.

195 2301 233 2338 (a)
244 2302 310 2338 _Ei¢
335 2302 573 2336 στηλοτραφίαν.
591 2302 713 2338 Assumit
726 2302 859 2330 Maximus
874 2309 940 2338 pro-

159 2335 224 2365 clivi
236 2335 394 2372 Graacorum
409 2335 472 2369 usu,
490 2335 519 2364 ut
530 2337 608 2372 quasi
623 2345 656 2364 ex
671 2338 751 2364 titulo
763 2335 943 2372 proscriptio-

158 2379 222 2408 nem
242 2371 393 2408 signiticet,
418 2379 472 2408 seu
487 2371 691 2408 damnationem
706 2371 815 2408 (nempe
832 2371 943 2408 malitiae

159 2379 222 2400 nem
242 2379 265 2399 sn
304 2379 393 2403 meet,
418 2379 467 2399 seu
487 2379 691 2400 damnationem
706 2379 815 2408 (nempe
832 2379 943 2400 malum

159 2379 303 2442 Vitiique?
314 2406 413 2442 (actam
432 2407 522 2441 primo
548 2407 576 2434 in
599 2406 718 2439 Christo,
733 2415 821 2442 exque
835 2407 892 2439 illo,
911 2414 944 2434 ac

159 2450 210 2476 per
222 2441 310 2477 illum,
321 2441 349 2469 in
368 2441 480 2477 sanctis.
490 2441 590 2477 Potius
607 2446 697 2470 tamen
723 2441 785 2477 (hic
794 2441 943 2477 praecipue)

159 2476 271 2504 titulum
285 2476 409 2504 victoriae
429 2476 533 2503 Christi
550 2476 677 2504 videatur
698 2476 806 2504 sonare.
823 2476 945 2504 Habetur

159 2511 257 2539 eadem
269 2519 323 2539 vox
345 2511 416 2539 Psal.
427 2519 473 2542 xv,
489 2519 532 2543 Lv,
548 2520 599 2543 LVI,
623 2520 694 2544 Lvm,
710 2512 757 2539 ubi
771 2512 795 2538 οι
812 2511 884 2538 LXX
903 2511 945 2539 sic

160 2547 320 2582 reddentes,
335 2546 411 2573 aliud
435 2546 567 2574 videntur
582 2546 679 2581 legisse
700 2554 782 2582 quam
797 2546 880 2582 modo,
890 2545 945 2574 He-

160 2582 234 2609 braea
257 2581 376 2609 habeant
390 2589 396 2607 :
412 2588 511 2616 nempe
528 2586 620 2612 unm,
636 2589 691 2608 non
711 2581 744 2609 ut
754 2581 810 2616 jam
831 2581 946 2615 legimus

160 2621 257 2648 tam,
272 2616 346 2651 quod
363 2616 478 2643 Arabica
492 2623 559 2643 voce
580 2624 635 2642 rem
649 2616 828 2643 absconditam
844 2616 948 2651 signiti-

161 2656 215 2682 cat.
230 2651 259 2678 id
276 2655 328 2682 est,
341 2655 447 2678 servata
462 2651 581 2685 dignam.
595 2651 648 2678 nisi
663 2652 745 2678 etiam
761 2650 947 2679 sicreddendo

161 2685 289 2714 servandi
301 2686 412 2713 modum
423 2686 559 2720 explicare
567 2685 722 2719 voluerunt,
732 2691 762 2713 ut
773 2686 878 2713 scilicet
887 2693 948 2719 per-

162 2721 225 2747 enni
257 2721 337 2754 titulo
361 2721 395 2748 ad
415 2721 575 2748 memoriam
599 2725 734 2752 servetur,
761 2728 793 2748 ac
805 2720 881 2747 velut
898 2727 946 2747 eo-

162 2755 265 2790 lumnae
280 2756 452 2790 inscriptum.
473 2755 518 2783 Sic
533 2762 604 2790 saepe
624 2755 674 2787 illi.
687 2755 768 2790 paulo
790 2755 870 2782 aliter
885 2754 947 2782 red-

163 2789 266 2831 dendo,
282 2798 337 2831 non
353 2789 420 2831 alias
434 2798 515 2831 voces
529 2789 671 2831 legerunt,
687 2789 739 2831 sed
752 2793 782 2818 ut
797 2790 946 2831 easuips'as,

165 2833 232 2859 quas
245 2825 372 2862 legimus,
389 2825 552 2854 clarioribus
575 2825 637 2853 aliis
655 2825 813 2859 redderent,
832 2825 885 2853 sibi
903 2825 945 2852 in-

993 2301 1271 2334 dulserunt.Quidam
1286 2299 1500 2327 instrumentum
1514 2297 1647 2334 musicum
1663 2295 1758 2323 volunt
1771 2305 1777 2323 :

996 2337 1042 2364 alii
1059 2332 1315 2371 insigne-militare;
1331 2341 1394 2371 cum
1411 2334 1471 2371 ejus
1489 2332 1567 2371 radix
1579 2332 1614 2371 sit
1633 2336 1701 2361 una,
1720 2338 1780 2371 qua

995 2375 1056 2399 auri
1082 2365 1175 2406 aplimi
1202 2365 1319 2406 massam
1348 2365 1492 2406 significat.
1519 2367 1616 2406 Chald.
1635 2365 1780 2406 exemplar,

995 2406 1068 2441 quod
1081 2401 1170 2440 ipsum
1182 2412 1198 2432 a
1205 2405 1278 2441 tituli
1291 2401 1537 2441 inscriptione‘non
1545 2401 1624 2441 valde
1634 2405 1780 2441 remotum,

996 2435 1124 2476 adjuncta
1138 2440 1289 2475 praesertim
1303 2435 1434 2469 voce—sl;
1447 2437 1568 2472 διδαχὴν,
1588 2437 1617 2462 in
1639 2435 1782 2461 documen-

997 2480 1062 2503 tum.

1033 2510 1070 2546 (b)
1097 2509 1158 2546 Τὴν
1175 2509 1288 2546 Συρίαν
1316 2507 1410 2546 Σιοϐᾶ.
1426 2506 1473 2534 Sic
1491 2505 1623 2546 emendo,
1643 2504 1727 2546 quod.
1743 2505 1782 2546 ita

997 2539 1180 2580 seduentibns
1190 2539 1304 2580 codices
1318 2542 1464 2580 habeanh.
1472 2549 1527 2568 non
1542 2539 1742 2580 206a}._quod_
1751 2540 1784 2567 li-

997 2574 1063 2614 quet
1081 2588 1137 2607 non
1150 2578 1303 2607 reddidisse
1316 2577 1378 2614 τοὺς
1395 2575 1477 2614 lix},
1497 2579 1526 2602 ut
1538 2583 1589 2614 nec
1599 2574 1724 2614 _l_lebr:.ea_
1735 2575 1781 2602 ha.

998 2609 1075 2648 Bent,
1089 2615 1137 2643 sed
1155 2614 1276 2649 idipsum
1295 2611 1374 2649 Quod
1395 2611 1417 2638 ll
1431 2612 1497 2649 Reg.
1517 2614 1546 2637 et
1564 2610 1575 2637 l
1599 2609 1782 2649 l’ar._llbique

997 2644 1162 2682 enim'nnw,
1182 2644 1244 2677 cum
1258 2644 1339 2675 Sobal
1352 2647 1432 2681 longe
1451 2644 1507 2682 alia
1522 2645 1636 2682 νοις-θῇ,
1654 2644 1783 2682 aliudque

999 2684 1144 2719 signiﬁcet,
1154 2679 1236 2719 atque
1251 2683 1313 2710 aliis
1329 2679 1550 2719 prorsuslitteris
1568 2680 1701 2719 Hebraice
1713 2679 1781 2719 scri-

999 2713 1090 2752 batur,
1103 2713 1202 2754 nempe
1214 2713 1296 2749 531w,
1320 2713 1360 2754 uti
1376 2720 1404 2754 et
1419 2724 1472 2750 qua
1492 2713 1780 2754 septcm_signiﬁcant,

998 2759 1072 2786 mw,
1084 2748 1252 2789 'miru'mque
1267 2748 1376 2789 venisse
1383 2748 1563 2789 Ain-mentem
1579 2748 1705 2789 Maximo,
1725 2748 1782 2789 sive

998 2783 1035 2820 ei,
1053 2783 1099 2824 (iui
1122 2790 1161 2816 illi
1178 2783 1370 2825 au'ctor‘etymi
1381 2785 1442 2818 fuit,
1455 2789 1491 2825 ut
1504 2784 1686 2825 Sobahscptem
1699 2783 1782 2825 inter-

1000 2819 1171 2859 pretareturi;
1190 2831 1252 2852 cum
1264 2823 1300 2852 sit
1310 2819 1382 2850 clare
1397 2820 1534 2854 exercitus,
1549 2819 1677 2851 militans,
1693 2821 1747 2846 etc.
