1936 3078
153 145 206 178 863

733 145 762 173 S.
782 142 926 173 ΜΛΧΙΜΙ
944 141 1197 173 CONFESSURIS

1725 137 1782 169 ΒΜ

154 206 247 231 arcus,
276 199 380 234 absque
407 198 486 232 facie,
500 206 552 227 nec
569 199 656 226 ullum
667 198 739 226 forte
751 199 882 226 damnum
905 197 941 224 iis

1006 197 1067 224 ὶπου
1083 199 1160 231 τόξου
1177 199 1258 233 φησὶν
1276 199 1290 225 ό
1306 198 1392 232 Λόγος
1407 197 1554 232 φεύξεσθαι
1567 197 1631 227 τοὺς
1645 195 1783 230 φοϐουμέ-

155 245 290 272 attulerit.

193 389 225 417 Ut
247 388 387 415 liberentur
410 387 500 415 dilecti
525 387 582 414 Dei.
602 388 699 415 Dilecti
721 388 767 415 Dei
792 392 867 420 sunt,
883 397 944 423 qua;

153 442 205 469 per
218 433 475 468 contemplationem
489 434 609 461 divinam
632 435 774 461 scientiam
790 435 943 468 continent,

155 480 295 506 rationes:
310 487 379 513 quas
392 479 520 511 liberam,
535 481 580 514 qui
599 489 647 515 per
664 481 800 508 actionem
822 480 944 508 conflan-

160 530 204 551 tur
223 524 358 551 virtutum
385 524 470 557 modi,
492 526 527 552 ab
555 526 628 552 omni
650 534 754 557 errore,
783 519 945 561 cunctisque

156 570 250 596 animo
275 569 496 597 obtundentibus
522 579 570 605 per
587 575 746 605 occupatam
775 572 944 605 opinionem,

155 615 295 643 memoria:
313 623 386 650 penu
402 616 531 650 repositis
545 617 650 651 peccati
666 617 821 644 simulacris
837 625 870 644 ac
888 617 945 645 for—

157 661 223 689 mis.

191 717 274 753 339
301 718 382 745 Vens.
395 718 422 745 8.
435 717 545 745 Salvum
558 720 600 750 {ac
615 719 723 746 dextera
741 724 798 750 tua.
808 724 832 746 et
848 720 945 746 exaudi

156 772 207 790 me.
224 763 292 790 Deus
308 763 410 791 locutus
428 768 466 790 est
485 765 513 791 in
527 764 624 791 Sancto
645 773 691 791 suo
711 774 719 792 :
744 764 891 792 E.csultabo
921 769 946 791 et

157 809 277 842 partibor
302 806 469 841 Sichimum,
494 814 518 836 et
537 809 684 836 convallem
709 809 949 836 Tabernaculorum

159 853 294 879 dimetiar.

198 909 291 936 Salvat
302 910 374 937 Deus
384 909 494 937 dextera
526 917 585 942 sua,
602 910 693 938 dando
706 911 876 947 unigenitum
901 912 947 939 Fi-

160 954 228 981 lium
245 963 325 982 suum
341 955 395 990 (est
405 956 478 982 enim
492 956 576 983 Filius
590 956 681 983 Patris
694 956 816 992 dextera)
839 958 947 985 redem-

161 1001 283 1035 ptionem
298 1008 349 1036 pro
376 1001 472 1028 mundi
500 1002 598 1029 salute.
627 1002 746 1030 Exaudit
765 1010 830 1030 vero
859 1003 950 1030 dando

160 1048 245 1082 justo,
261 1051 361 1082 praeter
372 1048 562 1075 remissionem
578 1052 764 1082 peccatorum,
782 1049 865 1076 etiam
892 1049 949 1083 spi-

163 1093 253 1120 ritalia
269 1093 349 1120 dona.
359 1093 427 1120 Nam
442 1093 519 1121 audit
535 1094 607 1121 Deus
619 1102 699 1121 suum
713 1094 875 1129 supplicem,
893 1096 950 1129 pri-

163 1145 237 1165 mum
248 1145 296 1172 per
315 1137 505 1171 paenitentiam
531 1138 677 1166 tribuendo
692 1139 801 1165 veniam
823 1143 949 1172 peccato-

164 1190 244 1215 rum;
258 1182 370 1209 exaudit
383 1189 450 1209 vero
472 1189 505 1208 ac
530 1183 608 1216 quasi
625 1183 762 1210 cumulate
783 1183 870 1215 audit,
885 1183 950 1210 dum

164 1236 265 1265 praeter
279 1231 468 1259 remissionem
484 1236 670 1266 peccatorum,
694 1232 776 1259 etiam
799 1232 904 1259 amatus
919 1240 952 1260 ac

165 1277 236 1304 dona
253 1285 303 1312 per
316 1277 431 1312 gratiam
459 1277 611 1312 spiritalem
641 1277 778 1305 concedit.
802 1279 832 1304 ln
851 1278 950 1305 Sancto

165 1327 257 1350 autem
268 1331 319 1350 suo
335 1323 468 1357 loquitur,
483 1322 537 1350 hoc
555 1326 606 1355 est,
634 1323 663 1349 in
686 1323 775 1349 Verbo
790 1330 840 1350 suo
860 1323 951 1349 incar-

166 1373 249 1401 nato,
280 1369 403 1396 divinum
428 1377 508 1397 suum
538 1369 684 1396 consilium
711 1377 742 1396 ac
769 1370 949 1404 propositum,

166 1414 240 1449 quod
253 1421 269 1441 a
287 1414 394 1443 saeculis
410 1421 442 1441 ac
453 1414 679 1449 generationibus
693 1415 784 1442 fuerat
807 1414 952 1442 abscondi-

169 1465 241 1492 tum;
259 1466 308 1493 per
316 1458 418 1486 Christi
431 1460 561 1486 nimirum
574 1460 601 1486 in
612 1468 694 1487 carne
706 1460 950 1495 dispensationem,

166 1505 227 1539 ejus
254 1505 373 1531 humana
402 1505 547 1533 nobiscum
574 1506 780 1533 conversatione
795 1526 802 1539 ,
833 1507 951 1541 quodam

994 252 1055 275 νους
1067 245 1112 271 τὸν
1132 246 1244 281 Κύριον,
1262 245 1319 271 ἀλλ’
1334 245 1384 270 οὐκ
1407 244 1461 270 ἀπὸ
1485 243 1574 276 τόξου.
1589 242 1625 268 Τὸ
1641 242 1695 277 γὰρ
1705 242 1784 274 τόξον

993 291 1043 325 τῆς
1058 291 1202 326 ἁμαρτιας,
1219 291 1282 318 ἄνευ
1296 290 1441 325 προσώπου
1456 289 1547 323 τυχὸν,
1560 289 1620 314 οὐδέ
1633 297 1660 314 τι
1672 288 1783 323 δράσειε

995 337 1065 363 κατά
1075 337 1129 363 τῶν
1145 337 1320 371 φοϐουμένων
1331 337 1376 362 τὸν
1391 335 1504 370 Κύριον.

1037 392 1099 426 Ἐφ’
1113 388 1137 424 ᾦ
1149 391 1300 425 ρυσθῆναι
1329 390 1400 423 τοὺς
1427 390 1601 424 ἀγαπητοὺς
1625 390 1677 416 τοῦ
1696 390 1784 416 Θεοῦ.

1003 437 1150 470 Ἀγαπητοὶ
1160 437 1188 462 δὲ
1205 436 1272 462 Θεοῦ
1285 440 1362 466 εἰσιν.
1374 437 1397 462 οἱ
1413 436 1482 462 κατὰ
1499 436 1614 470 θεωρίαν
1629 435 1786 461 συνεκτικοὶ

996 483 1043 518 τῆς
1066 483 1141 515 θείας
1164 482 1291 517 γνώσεως
1307 483 1431 517 λογισμοί
1444 491 1451 498 ·
1467 482 1515 514 οὓς
1536 482 1657 518 ῥύονται,
1670 483 1695 508 οι
1711 482 1786 508 κατὰ

997 529 1046 562 τὴν
1073 527 1227 562 πρακτικὴν
1257 528 1448 562 συνιστάμενοι
1465 527 1560 561 τρόποι
1583 526 1638 552 τῶν
1664 527 1784 562 ἀρετῶν,

998 574 1052 601 ἀπὸ
1081 575 1171 608 πάσης
1203 574 1307 610 πλάνης
1338 573 1385 600 καὶ
1416 573 1510 600 πασῶν
1533 573 1587 600 τῶν
1615 573 1781 607 διοχλουσῶν

998 620 1033 654 τῇ
1047 619 1120 655 ψυχῇ
1138 619 1209 645 κατὰ
1225 618 1360 654 πρόληψιν
1385 618 1434 653 τῆς
1459 618 1596 654 ἁμαρτίας
1614 618 1676 654 lFr.
1693 619 1786 654 ἀμαρ-

997 666 1073 702 τιῶν]
1091 666 1215 701 μνημῶν.

1034 724 1138 750 Σώσον
1159 723 1196 757 τῇ
1212 722 1297 756 δεξιᾷ
1313 731 1371 749 σου
1383 743 1390 754 ,
1406 723 1454 749 καὶ
1471 721 1645 748 ἐπάκουσόν
1662 729 1732 755 μου.
1752 719 1786 746 '0

1000 771 1071 803 Θεὸς
1084 769 1237 802 ἐλάλησεν
1249 769 1282 796 ἐν
1298 768 1338 800 τῷ
1357 769 1439 802 Ἀγίῳ
1449 769 1542 804 αὑτοῦ
1557 776 1564 783 ·
1582 766 1783 802 Ἀτιιλλιάσο-

997 821 1050 847 μαι
1077 814 1125 839 καὶ
1144 812 1281 847 διαμεριῶ
1302 813 1427 846 Σικημα,
1440 813 1490 839 καὶ
1507 811 1565 846 τὴν
1585 811 1710 839 κοιλάδα
1726 811 1788 838 τῶν

960 872 982 901 Β
1000 858 1125 892 Σκηνῶν
1138 857 1334 893 διαμετρήσω.

1036 911 1120 943 Σώζει
1134 913 1148 938 ὁ
1160 912 1224 943 Θεὸς
1239 913 1272 947 τῇ
1288 912 1363 947 δεξιᾷ
1380 911 1478 945 αὐτοῦ,
1488 911 1576 943 διδοὺς
1590 911 1635 938 τὲιν
1651 911 1785 946 μονογενῆ

1001 957 1084 984 αὑτοῦ
1111 958 1175 984 Υἱόν
1187 966 1193 972 ·
1212 957 1287 989 δεξιὰ
1299 957 1353 993 γὰρ
1374 957 1421 984 τοῦ
1437 957 1543 992 lla-cpe;
1555 958 1570 983 ὁ
1585 957 1648 987 Υἱός
1663 964 1669 971 ·
1686 957 1786 991 λύτρον

1002 1004 1072 1038 ὑπὲρ
1081 1004 1131 1038 τῆς
1157 1003 1204 1030 τοῦ
1225 1003 1328 1038 κόσμου
1354 1003 1501 1038 σωτηρίας.
1529 1003 1677 1030 Ἐπακούει
1690 1003 1729 1034 δὲ,
1744 1003 1787 1029 δι-

1001 1050 1062 1081 δοὺς
1076 1050 1115 1084 τῷ
1131 1049 1237 1084 δικαίῳ,
1250 1049 1318 1084 πρὸς
1330 1051 1364 1084 τῇ
1385 1049 1480 1083 ἀφέσει
1491 1049 1544 1075 τῶν
1565 1049 1786 1083 ἁμαρτημάτων,

1002 1094 1050 1120 καὶ
1077 1094 1251 1128 πνευματικὰ
1281 1094 1448 1129 χαρίσματα.
1471 1093 1577 1119 Ἀκούει
1604 1094 1653 1128 μὲν
1672 1094 1726 1127 γὰρ
1738 1093 1787 1120 τοῦ

1003 1140 1170 1172 ἱκετεύοντος
1199 1140 1280 1167 αὑτὸν
1303 1141 1318 1166 ό
1341 1140 1418 1173 Θεὸς,
1432 1139 1539 1174 πρῶτον
1562 1139 1605 1166 διὰ
1633 1139 1682 1173 τῆς
1702 1148 1788 1174 μετα-

1003 1185 1076 1215 νοίας
1088 1185 1184 1219 ἄφεσιν
1197 1185 1284 1216 διδοὺς
1296 1185 1512 1220 ἁμαρτημάτων,
1528 1184 1657 1211 ἐπακούει
1669 1184 1708 1215 δὲ,
1718 1184 1788 1218 πρὸς

1002 1232 1036 1266 τῇ
1052 1231 1148 1265 ἀφέσει
1170 1231 1223 1257 τῶν
1245 1231 1463 1266 ἁμαρτημάτων,
1475 1231 1522 1256 καὶ
1543 1231 1578 1256 τὰ
1604 1230 1648 1256 διὰ
1676 1230 1789 1265 χάριτος

1003 1277 1189 1311 πνευματικῆς
1214 1276 1301 1307 διδοὺς
1330 1276 1515 1311 ἐνεργήματα.
1531 1275 1615 1302 Δαλεϊ
1639 1275 1669 1301 δὲ
1700 1276 1729 1301 ὲν
1747 1275 1788 1309 τῷ

1009 1322 1092 1358 Ἀγίῳ
1115 1322 1197 1349 αὑτοῦ
1210 1330 1216 1336 ·
1232 1323 1381 1356 τουτέστιν,
1400 1323 1429 1348 ἐν
1441 1321 1480 1356 τῷ
1507 1322 1674 1356 σαρκωῦἐντι
1700 1321 1787 1347 αὑτοῦ

1003 1369 1085 1404 λόγῳ,
1101 1369 1146 1395 τὸν
1173 1368 1243 1394 θεῖον
1264 1367 1347 1395 αὑτοῦ
1369 1368 1469 1394 σκοπὸν
1479 1367 1525 1394 τὸν
1540 1367 1789 1402 ἀποκεκρυμμένον

1004 1415 1058 1441 ἀπὸ
1068 1414 1126 1441 ¹τῶν
1139 1412 1244 1440 αἰώνων
1256 1415 1304 1439 καὶ
1318 1413 1372 1440 ἀπὺ
1387 1413 1440 1439 τῶν
1455 1412 1565 1446 γενεῶν,
1579 1412 1649 1438 κατὰ
1673 1413 1723 1447 τὴν
1744 1412 1789 1438 ἒν-

1006 1467 1106 1495 σαρκον
1123 1459 1205 1485 αὐτοῦ
1217 1458 1262 1485 τοῦ
1274 1458 1392 1493 Χριστοῦ
1409 1459 1574 1492 οἰκονομίαν.
1598 1459 1646 1484 Διὰ
1660 1458 1710 1492 τῆς
1727 1457 1789 1484 καθ’

1005 1505 1080 1540 ἡμᾶς
1109 1503 1362 1539 ἀνθρωποπρεποῦς
1392 1504 1474 1531 αὐτοῦ
1497 1504 1680 1539 ἀναστροφῆς,
1706 1505 1790 1530 οἱονεὶ

168 1549 250 1576 modo
264 1548 366 1576 diserte
381 1549 512 1582 clamans,
527 1550 685 1584 mundoque
704 1550 738 1577 ad
751 1555 861 1578 aeternae
889 1552 951 1579 vitae

1006 1551 1151 1587 διαρρήδην
1167 1551 1246 1585 βοῶν,
1262 1550 1359 1585 καὶτῷ
1382 1550 1431 1585 βίῳ
1448 1550 1536 1581 διδοὺς
1557 1551 1597 1581 εἰς
1614 1549 1790 1577 ὑποτύπωσιν

168 1593 404 1628 informationem,
422 1595 498 1622 omni
510 1603 576 1622 voce
587 1596 690 1624 clarius
706 1596 889 1628 insonantem.
902 1597 954 1625 ho—

167 1648 267 1667 norum
290 1648 405 1676 operum
434 1641 632 1669 exbihitionem
657 1642 793 1677 praebens.
820 1642 955 1678 Loquitur

167 1693 235 1713 vero
245 1686 327 1713 etiam
343 1687 370 1713 in
383 1687 482 1721 quavis
495 1691 601 1720 sancto,
616 1688 677 1723 ejus
686 1692 812 1716 servante
826 1689 954 1716 mandata

168 1731 246 1765 quasi
263 1731 387 1759 viventes
402 1740 452 1767 per
468 1740 552 1768 opera
565 1741 716 1767 sermones,
734 1734 865 1770 omnique
886 1742 954 1763 voce

167 1777 322 1805 vocaliores
331 1782 485 1806 ostentans.

203 1834 327 1862 Exsultat
339 1839 430 1863 autem
446 1840 512 1863 tunc
517 1836 619 1871 justus,
635 1844 698 1864 cum
713 1838 854 1873 Unigeniti
867 1838 953 1873 gratia

168 1880 309 1915 perfectus
323 1888 356 1908 ac
371 1885 587 1914 consummatus,
617 1882 837 1910 idoneus‘l‘actus
859 1883 953 1916 fuerit,

170 1928 200 1950 ut
212 1924 318 1952 dividat
341 1925 479 1959 Sicbima;
497 1933 595 1961 nempe
614 1931 645 1953 ut
660 1934 711 1960 pro
727 1928 859 1962 cujusque
874 1932 954 1962 captu

169 1977 202 1997 ac
213 1970 319 1998 ratione
346 1978 379 1997 ex
406 1971 487 1998 docta
514 1972 693 2006 experientia,
713 1973 846 2000 virtutum
862 1974 955 2002 viriles

169 2015 276 2048 modos,
288 2015 405 2043 colendo
416 2017 564 2050 actionem,
580 2017 695 2052 reliquis
709 2018 877 2046 documento
897 2023 954 2046 tra-

169 2060 226 2088 dat.
239 2061 287 2102 Est
301 2061 375 2088 enim
392 2061 522 2093 Sichima,
539 2062 562 2089 si
577 2070 677 2090 nomen
691 2064 889 2098 interpreteris,
904 2065 955 2092 hu-

169 2114 303 2134 merorum
322 2106 454 2140 latitudo;
468 2108 603 2142 ejusmodi
630 2109 736 2137 scilicet
763 2110 883 2143 habitus,
907 2111 955 2146 qui

168 2155 298 2178 etomnes
312 2152 532 2185 perturbationes
540 2153 660 2188 vitiaque
668 2158 804 2185 coerceat,
816 2155 955 2183 omnium-

169 2202 223 2229 que
238 2202 338 2229 parens
351 2202 384 2222 ac
395 2203 476 2223 causa
491 2197 624 2224 virtutum
638 2199 761 2226 exsistat.
784 2199 869 2227 Aiunt
880 2201 953 2228 enim

168 2239 315 2266 humerum
329 2240 440 2268 virtutis
455 2242 585 2276 prmiarre
601 2243 768 2279 symbolum.

203 2301 237 2328 Et
248 2301 399 2329 convallem
424 2302 676 2332 Tabernaculorum
704 2307 863 2342 dimetitur;
890 2316 956 2336 con-

167 2346 310 2374 venientes
323 2347 533 2384 scilicetcuique
548 2351 588 2378 rei
605 2351 725 2379 rationes
739 2361 788 2388 per
802 2354 955 2382 naturalem

169 2393 431 2428 contcmplationcm
454 2395 590 2423 tribuens.
605 2397 742 2425 Convallis
759 2399 831 2426 enim
854 2399 957 2427 Taber—

169 2439 330 2466 naculorum
345 2441 465 2468 mundus
484 2442 534 2469 iste
556 2447 608 2475 est,
635 2443 662 2470 in
691 2452 745 2478 quo
767 2445 881 2478 scilicet,
906 2454 956 2481 pro

169 2482 279 2511 diversa
303 2485 436 2520 cujusque
469 2486 611 2514 voluntate
632 2487 773 2523 animique
800 2489 954 2524 proposito,

206 2560 244 2595 (tl)
265 2561 407 2602 ’βιαίων-ις.
422 2568 490 2602 ρῦφ
499 2564 623 2602 humerus
638 2569 690 2596 est,
706 2566 805 2602 ῲμίας·
822 2568 868 2601 qui
890 2568 953 2597 latis

171 2594 300 2623 humeris
312 2602 364 2628 est.
381 2598 450 2625 Poll.
467 2599 485 2625 l.
500 2607 537 2630 ιιι,
556 2607 581 2626 c.
598 2600 641 2631 50,
662 2594 737 2628 unde.
748 2594 800 2628 sibi
820 2594 954 2631 δὴχίιῇἧᾷ

169 2637 230 2656 eam
258 2639 351 2658 vocem
376 2633 481 2659 habuit.
507 2634 554 2661 Est
575 2639 666 2662 autem
691 2636 823 2664 humerus
843 2638 954 2665 virtutis

171 2665 334 2706 symbolum,
348 2667 423 2706 quod
445 2668 553 2695 athleta:
569 2677 672 2706 eorum
686 2671 802 2698 maxime
827 2672 954 2701 ﬁrmitate

172 2703 286 2727 victoria
317 2703 450 2731 otiuntur.
462 2707 490 2730 et
503 2703 576 2737 quod
594 2705 649 2732 sint
662 2705 776 2733 ferendo
787 2715 881 2734 onera.

207 2734 242 2768 (e)
275 2709 334 2768 Tiir
363 2737 490 2765 κοιλάδα
510 2738 570 2765 τῶν
592 2740 726 2768 Σκηνῶν.
743 2742 873 2768 Videntur

207 2734 242 2777 te)
275 2734 334 2768 Τὴν
345 2772 350 2777 ι
363 2734 570 2777 κοιλάδα-τῶν
582 2740 733 2777 ’Σκηνῶῃ
743 2742 873 2769 Videntur
888 2744 915 2770 in
929 2744 953 2770 vi

153 2795 158 2800 ,
171 2772 397 2811 potiusmnominis
408 2773 512 2811 proprii
523 2774 629 2811 accipi,
643 2776 715 2809 quod
728 2776 764 2803 ita
780 2777 956 2811 singulariter

171 2804 249 2845 vallis
262 2804 499 2846 Tabernucu'lqrdgu
513 2804 628 2846 dicitur.
639 2804 716 2843 riam,
735 2813 809 2846 quod
824 2804 955 2840 Ῑῆπιεῖιδὲ

173 2846 222 2868 cus
240 2841 267 2868 in
283 2841 358 2877 Syria
378 2843 460 2878 paulo
474 2843 606 2872 humilior
624 2850 653 2873 ct
669 2841 905 2882 populosissimus,
926 2853 955 2876 ut

1006 1597 1118 1624 αἰωνίου
1137 1596 1221 1631 ζωῆς,
1243 1596 1336 1623 εἰκόνα
1358 1597 1449 1630 πάσης
1476 1596 1663 1630 γεγωνοτέραν
1686 1595 1789 1630 φωνῆς,

1004 1643 1054 1678 τὴν
1079 1643 1135 1671 τῶν
1162 1643 1272 1677 ἀγαθῶν
1295 1642 1383 1678 ἔργων
1404 1642 1542 1675 ἐπίδειξιν.
1561 1642 1645 1668 Λαλεῑ
1656 1641 1684 1668 δὲ
1698 1641 1744 1668 καὶ
1761 1642 1791 1668 ὲν

1004 1690 1112 1724 ἑκάστῳ
1133 1689 1203 1724 ἀγιῳ
1232 1689 1394 1723 φυλάττοντι
1421 1688 1503 1717 αὑτοῦ
1520 1689 1569 1719 τὰς
1587 1688 1696 1719 ἐντολάς
1710 1695 1716 1702 ·
1733 1684 1791 1714 οἷον

1004 1732 1109 1767 ζῶντας
1121 1735 1228 1767 δεικνὺς
1242 1735 1287 1762 διὰ
1298 1735 1354 1762 τῶν
1367 1735 1457 1770 ἔργων
1473 1734 1535 1765 τοὺς
1550 1734 1646 1767 λόγους
1655 1753 1662 1766 ,
1676 1734 1724 1760 καὶ
1739 1733 1791 1760 πά-

1005 1789 1055 1816 σης
1067 1779 1160 1815 φωνῆς
1176 1779 1383 1815 γεγωνοτέρους.

1044 1836 1218 1871 Ἀγαλλιᾶται
1236 1837 1264 1863 δὲ
1279 1838 1292 1863 ὁ
1302 1837 1417 1868 δίκαιος,
1434 1836 1514 1871 ἡνίκα
1527 1835 1678 1867 τελειωθεὶς
1694 1837 1728 1871 τῇ
1739 1835 1791 1870 Xa.

1007 1891 1060 1917 ριτι
1076 1882 1123 1909 τοῦ
1135 1881 1315 1916 Μονογενοῦς,
1331 1882 1423 1913 ἱκανὸς
1435 1882 1548 1917 γένηται
1564 1881 1721 1916 διαμερίσαι
1742 1881 1792 1915 τὴν

1004 1929 1113 1963 Σίκημα
1130 1936 1137 1944 ·
1159 1928 1310 1960 τουτέστιν,
1325 1928 1414 1959 ἄλλοις
1426 1928 1564 1962 ἀναλόγως
1575 1929 1606 1954 ὲκ
1618 1927 1716 1962 πεῖρας
1730 1928 1792 1952 ἑπι-

1005 1973 1137 2007 στήμονος
1155 1972 1314 2003 ὑποθέσθαι,
1330 1972 1394 2003 τοὺς
1417 1972 1488 1998 κατὰ
1508 1972 1556 2006 τὴν
1570 1971 1725 2006 πρακτικὴν
1743 1972 1792 1998 ἁν-

1004 2019 1113 2053 δρικοὺς
1143 2018 1197 2044 τῶν
1225 2017 1329 2052 ἀρετῶν
1352 2018 1479 2052 τρόπους.
1504 2018 1635 2051 Ὠμὶασις
1651 2016 1689 2051 (d)
1705 2016 1760 2050 γὰρ
1775 2016 1792 2051 ἡ

1004 2064 1113 2099 Σίκημα
1140 2063 1317 2099 ἑρμηνεύεται
1333 2071 1339 2077 ·
1359 2063 1428 2097 ὅπερ
1455 2063 1528 2089 ἐστὶν
1552 2063 1569 2098 ὴ

1004 2109 1136 2144 ἐφεκτικὴ
1161 2110 1215 2136 τῶν
1243 2109 1355 2142 παθῶν,
1381 2109 1474 2135 πασῶν
1501 2108 1529 2135 δὲ
1553 2108 1717 2144 ὲνεργητικὴ
1738 2107 1793 2134 τῶν

1006 2158 1111 2193 ἀρετῶν
1143 2157 1209 2189 ἕξις.
1236 2157 1366 2193 Πράξεως
1392 2156 1448 2192 γὰρ
1478 2155 1612 2192 σύμὸολον
1637 2155 1683 2182 τὸν
1716 2151 1794 2191 ὦμον

1005 2201 1074 2230 εἶναί
1088 2211 1164 2238 φασι.

1607 2062 1715 2088 πάντων
1743 2062 1793 2096 μὲν

1041 2305 1096 2332 Καὶ
1107 2305 1156 2340 τὴν
1173 2304 1284 2332 κοιλάδα
1297 2303 1352 2330 τῶν
1372 2302 1482 2337 Σκηνῶν
1495 2302 1529 2337 (e)
1544 2302 1687 2337 διαμετρεί
1700 2309 1707 2316 ·
1726 2301 1790 2333 τοὺς

1003 2350 1175 2386 προσφόρους
1199 2350 1306 2385 ἑκάστῳ
1321 2349 1375 2376 τῶν
1399 2349 1484 2376 ὄντων
1508 2348 1580 2374 κατὰ
1599 2348 1649 2382 τὴν
1674 2347 1793 2381 φυσικὴν

1005 2397 1119 2433 Θεωρίαν
1136 2396 1231 2430 λόγους
1247 2396 1403 2430 ἀπονέμων.
1428 2395 1460 2421 'ﬂ
1479 2394 1533 2429 γὰρ
1549 2393 1641 2424 κοιλὰς
1651 2392 1704 2419 τῶν
1720 2393 1792 2427 Σκη-

1004 2443 1092 2476 νῶν,ὁ
1107 2441 1201 2476 παρών
1213 2442 1271 2468 ἐστι
1290 2441 1401 2475 κόσμος,
1418 2440 1447 2466 ἐν
1460 2436 1481 2474 ᾧ
1507 2440 1617 2466 πάντων
1646 2438 1717 2465 κατά
1744 2439 1793 2473 τὴν

1006 2490 1120 2518 ἑκάστου
1138 2488 1265 2523 διάφορον
1283 2486 1397 2522 γνώμην
1412 2494 1441 2512 τε
1464 2485 1512 2512 καὶ
1532 2484 1663 2517 διάθεσιν,
1683 2483 1793 2516 ἀπαγὲς

1007 2568 1084 2604 Syria
1101 2575 1157 2604 pro,
1167 2567 1293 2604 vastitate
1309 2566 1439 2604 regionis,
1464 2565 1519 2604 alia
1539 2565 1645 2604 aliaque
1662 2563 1794 2604 induebat

1006 2600 1126 2630 nomina.
1144 2603 1190 2629 Sic
1206 2602 1305 2636 passim
1324 2601 1351 2627 in
1367 2600 1525 2634 regionibus
1546 2601 1599 2626 alla
1622 2604 1649 2625 et
1663 2600 1793 2636 depressa

1006 2638 1169 2670 dividimus;
1191 2634 1319 2672 montana
1336 2639 1364 2672 et
1374 2636 1522 2672 convalles,
1537 2642 1654 2672 quorum
1668 2634 1724 2672 fere
1735 2641 1794 2672 ina-

1004 2674 1047 2706 jor
1060 2673 1197 2703 fertilitas,
1215 2680 1246 2698 ac
1259 2670 1372 2706 proinde
1391 2671 1542 2697 incolarum
1556 2669 1794 2706 frequentiaLSec

1006 2703 1076 2735 forte
1096 2708 1147 2734 alia
1169 2707 1204 2733 sit
1223 2703 1300 2733 vallis
1315 2705 1421 2735 ειη-(οι,
1444 2713 1524 2739 quam
1540 2704 1617 2731 rullis
1635 2705 1691 2738 ipsa
1712 2703 1793 2731 Salis.

1007 2751 1087 2777 quam
1102 2742 1201 2769 notiori
1216 2741 1324 2767 nomine
1336 2741 1490 2777 signiﬁcare
1513 2739 1643 2777 voluerit.
1658 2739 1712 2777 qui
1730 2740 1792 2777 titu-

1007 2773 1062 2804 lum
1082 2778 1185 2812 psalmo
1201 2777 1338 2812 apposuit,
1359 2773 1399 2802 vel
1413 2775 1542 2812 VEsdras,
1566 2774 1607 2812 vel
1626 2774 1683 2806 ipse
1696 2773 1793 2800 David.

1006 2809 1206 2847 Campestrium
1219 2809 1317 2838 crebra
1335 2811 1438 2847 mentio
1453 2810 1479 2836 iu
1491 2809 1580 2847 ngtcri
1596 2809 1793 2840 lnstrumcnto.

1009 2848 1054 2876 ubi
1067 2844 1107 2875 vel
1125 2847 1223 2874 itinera
1241 2851 1387 2873 narrantur
1399 2845 1439 2872 vel
1451 2844 1556 2880 proelia.
