1936 3078
161 155 220 187 885

699 152 901 183 EXPOSITIO
920 152 961 183 IN
979 153 1158 185 PSALMUM
1178 153 1253 184 LIX.

1756 158 1809 190 866

167 210 288 246 ὑπάρχει
323 209 371 236 καὶ
401 208 571 246 πρόσκαιρος
585 207 698 245 σκηνῶν
708 208 789 244 δίκην
805 209 822 244 ἡ
839 207 961 244 παροῦσα

1021 207 1089 235 nihil
1102 212 1233 236 constans
1248 216 1279 236 ac
1296 207 1346 236 ﬁxa
1360 212 1593 245 temporancaque
1610 216 1732 245 praesens
1753 212 1808 239 vita

165 256 235 291 ζωή-

205 302 242 328 ἸῙ
255 301 337 328 πάλιν
355 301 459 337 Σκηναὶ
470 301 653 337 τυγχάνουσιν
669 300 720 336 τῆς
744 300 885 336 παρούσης
905 308 964 327 κοι-

164 349 257 381 λάόος,
283 349 308 374 οί
320 347 375 374 τῶν
389 347 497 384 ἀρετῶν
509 348 616 383 τρόποι,
628 346 674 379 οὓς
690 347 789 382 διαιρεί
806 346 964 381 γνωστικῶς

166 396 224 426 τοῖς
237 393 453 429 διδασκομένοις,
470 394 538 429 πρὸς
555 393 605 429 τὴν
619 393 735 419 ἑκάστου
756 392 811 425 ἕξιν
829 391 963 426 κατάλλη-

166 441 214 467 λον
240 440 327 471 διδοὺς
352 439 464 476 ἀγωγὴν
482 440 530 466 καὶ
546 439 743 475 προσφυλακὴν
760 437 962 474 [προφυλακὴν]

166 487 222 514 τῶν
237 486 349 522 τιμίων,
369 488 383 514 ὁ
399 487 542 522 διανέμειν
553 485 631 518 εἰδὼς
642 486 750 521 ἑκάστῳ
761 485 806 512 διὰ
817 487 866 520 τῆς
876 484 964 519 καλῆς

162 533 344 565 διδασκαλίας
359 533 408 569 τὴν
423 533 601 569 ἁρμόζουσαν
617 533 687 569 πρὸς
705 531 842 568 σωτηρίαν
856 531 927 558 ὀδόν.

211 621 247 648 Ἦ
268 621 373 657 Σκηναὶ
400 620 524 652 κοιλάδος
546 620 728 655 ὑπάρχουσιν,
748 620 776 647 αἱ
787 619 832 646 διὰ
845 618 962 654 Χριστοῦ

169 667 218 695 τοῦ
234 667 361 702 Σωτῆρος
375 667 454 704 ἡμῶν
473 667 541 694 Θεοῦ
560 668 690 702 παγεῖσαι
707 666 780 695 κατὰ
804 667 896 693 πᾶσαν
915 665 964 700 τὴν

168 715 333 750 οἰκουμένην
361 713 416 741 τῶν
442 713 649 741 πιστευσάντων
668 713 753 741 ἐθνῶν
788 712 963 748 Ἑκκλησίαι·

168 760 184 787 ὃ
211 759 260 786 καὶ
293 758 415 794 μᾶλλον,
442 759 480 791 ὡς
502 756 591 795 οἴμαι,
616 758 672 786 τῶν
699 757 787 785 ἄλλων
812 758 886 784 ἐστὶν
905 758 965 783 ἑπι-

171 805 348 841 φανὲστερον.

210 852 246 878 Ἦ
262 851 356 884 πάλιν,
368 851 480 878 κοιλάδα
505 851 618 887 Σκηνῶν
645 850 795 886 διαμετρεῖ,
809 850 824 877 ὁ
851 850 898 877 τὸν
919 849 965 876 κό-

170 904 239 931 σμον
253 896 308 922 τῶν
329 896 465 931 σωμάτων
477 896 605 932 καθάπερ
617 895 726 922 κοιλάδα
742 895 852 931 Σκηνῶν
863 894 961 930 γνώσει
979 888 999 914 Β

170 942 395 978 περιλαμϐάνων.
415 942 534 977 Σκῆνος
548 943 602 979 γὰρ
618 942 753 978 πολλαχοῦ
775 943 825 978 τῆς
837 942 856 969 Γ
859 942 960 978 ραφῆς,

170 989 202 1016 τὸ
216 989 298 1024 σῶμα
309 988 533 1024 προσηγορεύθη.

211 1074 297 1110 Ὲμός
325 1074 392 1102 ἐστι
420 1073 556 1106 Γαλαὰδ,
571 1073 621 1101 καὶ
647 1073 719 1109 ἐμός
746 1073 811 1100 ἐστι
839 1075 963 1100 Μανασ-

168 1120 242 1156 σῆς,
267 1121 319 1148 καὶ
349 1121 473 1156 Ἐφραῒμ
501 1120 681 1156 κραταίωσις
697 1120 728 1155 (f)
744 1119 801 1155 τῆς
826 1119 964 1155 κεφαλῆς

167 1177 238 1201 μου.

206 1213 314 1240 Γαλαὰδ
327 1213 397 1240 κατὰ
406 1213 471 1249 μίαν
477 1213 523 1240 ἐπὶ
531 1212 569 1248 τῷ
577 1213 689 1248 ὀνόματι
700 1213 785 1246 τούτῳ
797 1212 962 1248 ἐρμηνειῶν,

171 1259 246 1286 ἐστὶν
254 1259 448 1293 ἀποκάλυψις
453 1277 460 1285 .
474 1259 624 1294 Μανασσῆς
630 1258 669 1291 δὲ,
680 1258 861 1294 ἑρμηνεύεται
871 1258 960 1292 λήθη.

176 1305 362 1340 ’Λποκάλυψις
373 1305 401 1331 δὲ
425 1304 472 1332 καὶ
488 1305 557 1340 λήθη
575 1304 688 1336 εἰκότως
710 1305 904 1340 προσγίνονται
925 1305 964 1331 δι-

166 1351 242 1386 καίῳ
256 1360 263 1366 ·
285 1351 452 1386 λαμϐάνοντι
469 1351 519 1386 μὲν
534 1351 579 1378 διὰ
595 1351 713 1386 θεωρίας
730 1350 784 1377 τῶν
797 1351 963 1386 ἀπορρήτων

168 1398 220 1432 τὴν
233 1398 334 1433 μύησιν
343 1406 350 1413 ·
365 1398 420 1424 τῶν
429 1397 458 1425 δὲ
467 1398 527 1425 κατ’
537 1398 638 1433 ἀρετὴν
649 1398 736 1424 πόνων
746 1397 794 1433 τὴν
810 1397 904 1433 λήθην,
920 1397 963 1424 διὰ

167 1444 219 1478 τὴν
234 1443 429 1478 διαδεχομένην
446 1444 509 1474 τοὺς
521 1443 619 1474 πόνους
638 1443 692 1469 τῶν
705 1442 812 1478 ἀρετῶν
830 1441 964 1481 εὐφροσύ-

163 1498 218 1524 Δνην
229 1489 279 1524 τῆς
293 1489 485 1524 πνευματικῆς
500 1489 626 1524 Θεωρίας.
645 1487 741 1522 Ἑφραῖ
746 1497 764 1522 μ
774 1488 802 1514 δὲ
813 1487 962 1523 ἑρμηνεύε-

169 1544 215 1562 ται
240 1535 420 1570 πλατυσμές
434 1543 442 1551 ·
460 1535 528 1571 ὅπερ
544 1536 618 1562 ἐστὶν
631 1535 647 1570 ὴ
663 1534 733 1561 κατὰ
749 1534 840 1560 πίστιν
852 1535 897 1560 ἐπὶ
904 1535 960 1566 τοῖς

167 1582 314 1617 μέλλουσιν
329 1582 441 1616 ἀγαθοῖς
452 1581 577 1614 ἄπτωτος
590 1582 667 1613 ἐλπίς
685 1589 692 1595 ’
707 1581 768 1616 ἥτις
785 1581 859 1607 ἐστὶν
880 1580 961 1607 ἀντί-

168 1629 265 1661 ληψις
285 1628 334 1662 τῆς
347 1627 467 1662 κεφαλῆς
483 1627 530 1654 τοῦ
548 1627 670 1653 δικαίουδ
687 1626 829 1658 τουτέστι,
842 1626 889 1662 τῆς
918 1626 963 1652 πί-

168 1682 267 1703 στεως.
287 1673 391 1704 Παντὸς
428 1673 476 1709 γὰρ
512 1673 617 1700 δικαίου
636 1672 740 1707 κεφαλὴ
756 1673 772 1707 ἠ
789 1672 880 1704 πίστις
892 1671 961 1704 ἐστὶ,

167 1721 217 1746 καί
245 1719 345 1751 παντὸς
366 1719 447 1754 ἔργου
468 1718 583 1753 ἀγαθοῦ.
603 1719 779 1754 Κραταίωσις
806 1718 835 1744 δὲ
861 1718 962 1754 ταύτης

170 1766 343 1801 καθέστηκεν
369 1765 506 1800 ἀσφαλὴς,
532 1766 548 1800 ἠ
574 1765 629 1792 τῶν
663 1765 814 1801 μελλόντων
853 1765 962 1799 ἀγαθῶν

168 1811 341 1842 ἀδιάπτωτος
354 1811 432 1842 ἐλπίς
449 1818 456 1825 ·
473 1810 533 1836 καθ’
548 1811 580 1846 ἢν
593 1810 632 1842 ὡς
645 1810 766 1846 παρόντα
786 1811 819 1837 τὰ
832 1810 962 1846 μέλλοντα

170 1856 336 1893 θεωροῦντες
346 1877 353 1888 ,
373 1855 602 1891 ἐμπλατυνόμεθα
616 1857 676 1888 ταῖς
692 1856 813 1891 θλίψεσιν
825 1875 834 1890 ,
863 1857 964 1884 άκατά·

170 1911 272 1930 πτωτοι
288 1903 318 1929 ὲν
333 1904 390 1934 τοῖς
403 1903 568 1938 πειρασμοῖς
581 1902 763 1938 διαμένοντες.

211 1993 325 2026 Ἰούδας
336 1993 488 2026 βασιλεύς
504 2001 574 2028 μου,
591 1991 683 2020 Μωὰϐ
697 1993 788 2027 ,λέϐης
804 1993 860 2028 τῆς
875 1993 962 2021 ἐλπιο

170 2039 223 2072 6ος
240 2048 309 2073 μου,

212 2084 314 2116 Ἰούδας
334 2085 553 2120 ἐξομολόγησις
574 2085 765 2120 ἑρμηνεύεται.
795 2087 890 2121 Ἀρχει
908 2086 963 2122 γὰρ

170 2132 187 2166 ἡ
203 2131 237 2158 δι’
254 2130 342 2165 εὐχῶν
355 2131 550 2167 ἐξομολόγησις
567 2132 596 2158 ὲν
607 2132 664 2163 τοῖς
678 2131 766 2166 ἁγίοις
782 2132 883 2163 παντὸς
893 2132 963 2166 ἀγα-

170 2177 228 2204 θοῦ.
244 2177 360 2203 Δύναται
380 2177 408 2204 δὲ
423 2178 552 2214 νοηθῆναι
568 2178 615 2205 καὶ
627 2179 667 2210 εἰς
680 2178 726 2204 τὸν
747 2177 850 2213 Κύριον
863 2179 876 2204 ὁ
895 2178 962 2205 Ἰού-

1017 254 1259 282 tabernaculorum
1276 263 1352 282 more
1364 255 1466 289 agitur.

1049 300 1223 332 Autrursus,
1237 301 1371 328 convallis
1402 301 1484 336 hujus
1514 301 1703 330 Tabernacula
1733 306 1808 334 sunt,

1015 345 1150 374 virtutum
1167 347 1252 379 modi,
1275 355 1345 382 quos
1360 347 1500 382 sapienter
1514 355 1546 374 ac
1571 348 1639 375 scite
1665 349 1809 384 discipulis

1015 393 1125 424 dividit,
1142 394 1264 429 qui,pro
1275 401 1309 420 eo
1332 401 1365 420 ac
1393 393 1510 428 quisque
1536 393 1632 420 habitu
1657 394 1808 429 dispositus

1014 443 1066 470 est,
1082 438 1164 474 35.0
1180 439 1390 466 convenientem
1405 439 1579 473 disciplinam
1602 440 1738 474 praebens,
1756 440 1807 469 do-

1014 484 1113 519 nisque
1139 492 1171 511 ac
1197 484 1347 512 virtutibus
1373 492 1483 516 cavens,
1519 484 1589 511 bene
1614 488 1731 519 apteque
1760 486 1808 513 do-

1014 529 1113 561 cendo,
1125 538 1186 564 qua:
1196 530 1296 565 cuique
1312 535 1445 565 congruat
1455 530 1490 556 ad
1505 530 1631 561 salutem.
1645 530 1716 557 viam
1732 533 1809 559 novit

1014 576 1166 611 assignare.
1816 605 1817 608 η

1050 622 1105 649 Aut
1123 621 1260 649 convallis
1274 621 1463 650 Tabernacula
1480 627 1561 655 sunt,
1578 631 1641 658 qua:
1655 627 1711 651 toto
1724 628 1808 650 terra-

1015 675 1076 694 rum
1092 667 1159 695 orbe
1173 676 1222 702 per
1232 667 1373 695 Christum
1388 668 1558 696 Salvatorent
1578 674 1703 696 nostrum
1721 664 1818 696 Deum!

1015 718 1116 741 erectzc
1144 718 1209 741 sunt
1235 714 1356 741 ﬁdelium
1393 715 1516 749 gentium
1550 715 1704 742 Ecclesiee:
1734 716 1821 750 quod‘

1015 757 1099 784 etiam
1115 777 1122 791 ,
1147 762 1216 793 puto
1234 779 1242 792 ,
1270 758 1386 794 reliquis
1407 759 1584 787 manifestius
1611 768 1644 787 ac
1671 760 1809 789 illustrius

1014 807 1064 831 est.

1050 849 1105 877 Aut
1118 858 1215 878 rursus
1229 850 1382 878 convallem
1403 849 1657 880 Tabernaculorum
1682 853 1806 886 metitur,
1827 876 1831 878 _

1016 897 1063 931 qui
1081 897 1214 924 mundum
1231 904 1379 932 corporum
1393 898 1469 924 velut
1488 898 1641 925 convallem
1669 898 1809 926 Taberna-

1015 943 1143 972 culorum
1156 943 1312 978 cognitione
1323 944 1494 979 scientiaque
1505 945 1710 979 complectitur.
1740 944 1805 972 Cor-

1014 997 1066 1025 pus
1082 989 1155 1017 enim
1169 997 1225 1016 non
1242 997 1297 1017 uno
1321 989 1382 1017 loco
1408 990 1568 1025 Scriptum,
1596 990 1808 1018 Tabernaculum

1013 1038 1056 1062 est
1068 1034 1247 1069 appellatum.

1049 1081 1131 1108 Vsus.
1148 1081 1174 1108 9.
1193 1081 1266 1108 Meus
1278 1085 1315 1108 est
1328 1080 1444 1114 Galaad,
1461 1086 1486 1108 et
1500 1090 1573 1109 meus
1590 1087 1627 1109 est
1648 1082 1808 1111 Manassae:

1014 1130 1038 1153 et
1051 1126 1181 1162 Epltraim
1192 1126 1320 1161 fortitudo
1337 1127 1432 1162 capitis
1445 1127 1507 1154 mei.

1048 1215 1161 1249 Galaad,
1171 1216 1249 1251 juxta
1262 1224 1342 1244 unam
1359 1216 1441 1252 hujus
1456 1217 1577 1245 nominis
1601 1217 1809 1253 interpretatio-

1013 1269 1087 1294 nem,
1102 1261 1231 1289 revelatio
1243 1267 1286 1289 cst
1301 1270 1307 1288 :
1320 1262 1444 1290 Manasse
1461 1267 1564 1296 autem,
1576 1263 1598 1290 si
1611 1271 1712 1291 nomen
1724 1265 1809 1292 inter—

1005 1307 1142 1343 preteris,
1156 1307 1312 1335 oblivionem
1324 1312 1414 1336 sonat.
1435 1308 1533 1336 Merito
1550 1314 1643 1336 autem
1675 1310 1808 1338 revelatio

1013 1360 1046 1380 ac
1062 1353 1165 1380 oblivio
1177 1353 1254 1388 justo
1270 1353 1445 1389 contingunt,
1473 1355 1521 1389 qui
1547 1362 1646 1389 nempe
1668 1363 1717 1390 per
1743 1363 1809 1384 con-

1013 1398 1220 1434 templationem
1231 1406 1330 1426 arcana
1346 1399 1490 1433 doceatur,
1500 1400 1667 1435 virtutisque
1681 1401 1807 1428 laborum

1013 1444 1202 1477 obliviscatur,
1215 1453 1265 1480 per
1279 1453 1340 1472 eam
1351 1454 1413 1480 quae
1426 1447 1560 1473 virtutum
1578 1447 1732 1479 laboribus,
1749 1447 1808 1482 spi-

1012 1490 1101 1518 ritalis
1109 1491 1350 1526 contemplationis
1359 1492 1519 1526 jucunditas
1532 1492 1667 1520 succedit.
1677 1493 1808 1528 prraim

1013 1537 1144 1576 denique,
1161 1537 1184 1564 si
1200 1544 1300 1564 nomen
1312 1537 1514 1573 interpreteris,
1527 1537 1711 1565 dilatationem
1725 1539 1810 1572 signi-

1016 1581 1089 1613 ﬁcat,
1107 1581 1181 1616 quod
1197 1586 1240 1610 est
1252 1585 1328 1610 certa
1342 1582 1487 1617 ﬁrmaque,
1503 1591 1552 1618 pro
1567 1582 1630 1610 ﬁdci
1644 1583 1747 1611 ratione
1760 1583 1810 1611 bit-

1014 1635 1114 1654 norum
1132 1627 1289 1654 futurorum
1316 1635 1394 1663 spes;
1414 1635 1475 1662 qua:
1501 1627 1570 1662 ipsa,
1600 1628 1733 1663 susceptio
1759 1636 1808 1656 seu

1013 1673 1130 1707 defensio
1141 1673 1315 1708 capitisjusti
1331 1678 1383 1705 est,
1398 1673 1424 1700 id
1446 1679 1498 1704 est,
1515 1673 1590 1700 ﬁdei.
1620 1673 1717 1701 Omnis
1734 1674 1808 1701 enim

1012 1719 1078 1754 justi
1093 1723 1185 1754 caput,
1205 1718 1273 1746 ﬁdes
1289 1723 1342 1752 est,
1360 1719 1507 1754 omnisque
1520 1719 1585 1746 boni
1600 1719 1704 1754 operis.
1721 1714 1808 1754 llujus

1013 1767 1105 1791 autem
1121 1763 1236 1791 lirmitas
1268 1771 1301 1791 ac
1329 1763 1463 1791 fortitudo
1480 1763 1634 1799 roburque,
1649 1764 1806 1792 futurorum

1013 1809 1151 1836 bonorum
1165 1817 1229 1845 spes
1241 1814 1372 1837 constans
1386 1817 1418 1837 ac
1444 1810 1551 1837 stabilis
1575 1814 1634 1843 est;
1652 1818 1705 1845 qua
1726 1811 1808 1838 nimi-

1014 1861 1093 1887 rum,
1113 1853 1216 1886 fulura,
1233 1862 1265 1882 ac
1279 1855 1300 1882 si
1314 1855 1370 1890 jam
1383 1855 1528 1890 praesentia
1548 1859 1651 1889 essent,
1673 1859 1807 1883 contuen-

1015 1903 1066 1931 tes,
1082 1898 1229 1926 dilatamur
1246 1899 1272 1926 in
1288 1899 1515 1927 tribulationibus
1525 1900 1546 1933 ',
1559 1900 1673 1928 stabiles
1688 1908 1721 1929 ac
1734 1901 1806 1929 ﬁrmi

1014 1950 1225 1981 perseverantes
1239 1944 1267 1972 in
1282 1945 1492 1973 tentationibus.

1050 1991 1131 2019 Vens.
1150 1991 1192 2019 i0.
1212 1991 1318 2024 Iudas,
1344 1999 1392 2019 rex
1406 2000 1478 2019 mem
1497 2000 1506 2019 :
1542 1991 1638 2025 Moab,
1669 1991 1725 2020 olla
1751 1993 1808 2029 spei

1014 2045 1089 2065 νιειε.

1048 2090 1062 2118 ,Ι
1066 2089 1143 2122 udas,
1156 2090 1178 2117 si
1191 2097 1291 2118 nomen
1304 2089 1507 2125 interpreteris,
1517 2090 1706 2125 confessionem
1716 2093 1806 2118 sonat.

1014 2136 1080 2170 Qua:
1094 2137 1168 2164 enim
1182 2137 1210 2164 in
1222 2136 1352 2172 precibus
1363 2136 1499 2164 confessio
1507 2140 1560 2169 est,
1574 2143 1655 2164 omne
1666 2136 1693 2163 in
1704 2137 1807 2163 sanctis

1015 2183 1119 2210 bonum
1144 2184 1313 2219 auspicatur.
1331 2183 1425 2211 Potest
1444 2188 1535 2210 autem
1555 2182 1638 2210 etiam
1663 2182 1748 2210 Judas
1777 2187 1808 2209 ut

169 2224 217 2255 δας
234 2231 242 2239 ·
260 2224 290 2255 ὃς
314 2224 389 2251 ἐστιν
416 2223 542 2260 ἀληθινὸς
569 2223 698 2259 βασιλεὺς
711 2224 757 2251 τοῦ
773 2225 961 2260 πνευματικοῦ

1021 2229 1125 2257 Domini
1139 2229 1224 2265 ﬁgura
1241 2228 1368 2264 intelligi,
1387 2229 1434 2264 qui
1452 2233 1495 2256 est
1509 2236 1592 2256 verus
1613 2236 1660 2256 rex
1673 2227 1806 2263 spiritalis

176 2270 287 2306 Ἰσραὴλ
300 2270 347 2296 καὶ
362 2269 478 2304 ὁρῶντος
490 2270 556 2296 Θεόν
572 2279 580 2286 ·
597 2271 610 2296 ό
625 2270 695 2305 ὑπὲρ
717 2270 796 2305 ἡμῶν
814 2270 895 2306 ἡνίκα
914 2271 960 2305 γέ-

169 2324 249 2350 γονεν
266 2315 420 2350 ἄνθρωπος.
437 2315 683 2350 ἐξομολογούμενος
694 2317 762 2352 πρὸς
778 2316 823 2342 τὸν
839 2316 961 2352 Πατέρα,

171 2363 219 2387 καὶ
251 2361 355 2395 λέγων,
382 2361 637 2396 Ἐξομολογοῦμαί
673 2369 734 2395 σοι,
754 2362 850 2397 Πάτερ
885 2363 961 2397 ἅγιε.

171 2406 259 2434 Μωὰϐ
278 2407 316 2437 δὲ,
327 2407 452 2442 ἔντερον
465 2407 578 2442 πατρὸς
594 2408 632 2443 (g)
649 2409 843 2443 ἑρμηνεύεται,
861 2410 963 2436 νοεῖται

131 2456 135 2459 ’
171 2454 198 2480 δὲ
218 2453 248 2480 τὸ
279 2453 412 2489 ἡμέτερον
436 2454 526 2490 σῶμαλ
542 2451 620 2481 διὀΰ
642 2455 712 2482 xcvi
740 2455 790 2490 τὴν
809 2455 963 2491 πρακτικὴν

171 2501 332 2536 φιλοσοφίαν
343 2501 457 2538 λουτροῦ
468 2503 557 2537 δίκην,
569 2503 638 2538 ὅπερ
651 2503 727 2539 δηλοῖ
736 2503 829 2538 σαφῶς
842 2503 857 2529 ὁ
870 2503 961 2540 λέϐης,

172 2548 188 2581 ἡ
216 2546 350 2582 κάθαρσις
374 2547 480 2582 πέφυκε
508 2549 632 2582 γίνεσθαι
660 2549 716 2576 τῶν
741 2549 959 2584 ἁμαρτημάτων.

173 2592 315 2628 Κάθαρσις
327 2593 381 2629 γάρ
398 2595 472 2620 ἐστιν
482 2594 496 2620 ὁ
506 2593 598 2630 λέϐης,
610 2594 660 2630 τῆς
672 2594 778 2626 ἐλπίδος
791 2602 797 2609 ·
811 2594 961 2627 τουτέστιν,

208 2671 219 2686 '
234 2671 307 2699 Psal.
324 2681 360 2703 iv,
375 2671 402 2698 2.
442 2671 452 2687 °
466 2671 562 2699 Matth.
578 2679 616 2703 XI,
631 2672 675 2700 25.

208 2737 240 2779 (ί)
259 2739 451 2779 Κρςιταίωσις.
464 2738 536 2779 Psah
554 2746 618 2779 cvn,
629 2738 656 2770 9,
670 2738 716 2766 ubi
728 2738 827 2779 eadem
839 2745 890 2779 vox
905 2737 965 2779 lle-

175 2772 279 2805 braica,
296 2773 435 2808 iidemque
451 2773 561 2808 repetiti
576 2781 682 2804 versus,
702 2778 744 2801 est
759 2773 964 2807 ἀντίληψιςωι-

173 2807 279 2838 ztlium,
298 2807 437 2844 susceptio,
457 2807 537 2843 quam
555 2812 700 2843 utramque
717 2817 811 2836 vocem
830 2808 964 2844 Maximus

174 2843 288 2877 exponit
299 2851 306 2875 ;
319 2851 379 2871 cum
393 2843 428 2870 sit
442 2845 498 2871 sola
512 2843 628 2870 variatio
645 2844 816 2878 interpretis.
833 2843 962 2877 Ephraim

176 2878 248 2912 quod
274 2878 432 2914 πλατυσμὸς
460 2879 594 2911 redditur,
613 2879 782 2914 intelligatur
795 2879 884 2913 ampla
897 2886 962 2913 pro-

1017 2275 1129 2304 lsraelis
1149 2283 1181 2303 ac
1198 2275 1319 2303 videntis
1332 2276 1429 2303 Deum.
1448 2276 1502 2302 Pro
1524 2275 1605 2302 nobis
1629 2275 1701 2302 enim
1721 2274 1809 2301 factus

1016 2321 1098 2349 homo
1111 2321 1145 2348 ad
1165 2322 1275 2348 Patrem
1296 2320 1454 2353 conﬁtetur,
1477 2320 1582 2355 aitque,
1600 2319 1732 2354 Conﬁteor
1750 2319 1807 2352 tibi,

1015 2366 1098 2394 Pater
1109 2367 1228 2394 sancte“.
1245 2366 1324 2393 Moab
1335 2371 1438 2398 autem,
1452 2365 1474 2392 si
1490 2373 1591 2392 nomen
1604 2364 1808 2399 interpreteris,

1016 2416 1058 2440 est
1073 2412 1228 2439 intestinum
1238 2413 1333 2448 patris.
1346 2412 1513 2447 lntelligitur
1524 2415 1615 2439 auten)
1636 2418 1738 2446 corpus
1759 2419 1810 2438 no-

1016 2462 1103 2485 strum
1115 2466 1122 2490 ;
1133 2466 1199 2492 quo,
1213 2466 1264 2485 ceu
1279 2457 1366 2491 labro,
1377 2466 1427 2493 per
1438 2466 1498 2485 eam
1513 2457 1693 2493 philosophiae
1703 2461 1808 2492 partem

1017 2511 1078 2539 qua
1089 2503 1116 2530 in
1132 2510 1240 2531 actione
1256 2508 1383 2531 versatur
1399 2504 1437 2540 (id
1452 2504 1525 2531 enim
1538 2503 1683 2539 perspicue
1699 2502 1753 2530 olla
1769 2502 1808 2529 δὶ-

1017 2548 1138 2584 gniﬁcat)
1148 2553 1351 2584 comparatum;
1362 2553 1392 2576 ut
1404 2548 1563 2576 cmundatio
1575 2548 1622 2575 ﬁat
1632 2551 1808 2582 peccatorum

1016 2595 1063 2623 Est
1077 2595 1150 2622 enim
1171 2594 1256 2628 lebes,
1270 2594 1349 2631 34],
1363 2595 1421 2630 spei
1436 2595 1614 2629 cmundatio;
1627 2602 1689 2630 qua:
1703 2594 1808 2623 scilicet

1019 2738 1098 2775 genie
1113 2738 1266 2766 secundum
1282 2739 1355 2773 quod
1371 2739 1543 2767 fructiﬁcaret
1558 2739 1697 2775 signiﬁcat
1715 2743 1743 2767 et
1767 2739 1807 2767 fe-

1019 2773 1140 2800 cundum
1157 2781 1230 2800 esse.
1432 2778 1438 2784 '

1056 2808 1093 2869 (αξ
1113 2809 1256 2841 "Er-tepor
1279 2810 1400 2847 πατρᾴς.
1420 2815 1490 2839 ΞΝἽΞ
1514 2809 1668 2845 simplicius
1687 2818 1703 2837 α
1720 2814 1805 2846 patre,

1058 2851 1084 2869 οι
1112 2843 1217 2869 incesto
1237 2845 1385 2869 concubitu
1408 2852 1440 2869 ex
1464 2850 1541 2869 natre
1560 2849 1720 2869 suscentns.
1737 2845 1805 2869 Gen.

1017 2843 1091 2878 quod
1108 2843 1217 2880 incesto
1237 2843 1385 2872 coneubit'u
1408 2852 1440 2872 ex
1464 2850 1541 2880 patre
1560 2843 1806 2880 susceptus,'Geu.

1017 2886 1072 2911 nx,
1089 2879 1132 2911 57,
1150 2883 1255 2906 mutato
1266 2884 1335 2906 tzere
1347 2880 1374 2907 in
1390 2888 1441 2906 tau
1457 2879 1565 2907 eliolem.
