1936 3078
177 144 232 177 867

763 147 794 178 S.
814 146 957 177 ΜΛΧΙΜΙ
975 146 1229 178 CONFESSORIS

1750 152 1802 184 888

178 203 232 230 rite
247 201 380 231 institutis
391 203 454 231 vitae
463 203 626 235 rationibus,
651 209 700 238 per
725 203 959 234 emundationcm,

1017 204 1092 238 ἡδιὰ
1120 204 1178 239 βίου
1203 204 1273 232 κατὰ
1303 205 1354 241 τὴν
1376 205 1511 242 κάθαρσιν
1534 206 1603 241 πρὸς
1616 206 1803 240 κληρονομίαν

178 248 212 275 ad
224 249 295 275 bona
307 249 385 276 nobis
397 249 424 276 in
433 257 479 284 spe
491 250 621 284 reposita,
639 250 802 285 praeparatio
815 257 847 277 ac
863 250 965 277 habili-

180 300 222 322 las
229 295 350 322 exsistit.

211 341 304 368 Potest
315 345 405 368 autem
420 349 516 369 rursus
529 341 606 369 Moab
617 342 701 369 etiam
717 342 751 369 de
767 341 911 369 Dominica
923 341 965 369 iu-

176 386 336 413 earnatione
351 386 475 422 intelligi.
488 388 604 422 Propter
614 396 665 415 nos
674 389 748 415 enim
767 388 853 415 Filius
875 388 965 415 homi-

177 431 219 458 nis
236 439 320 459 verus
329 433 405 460 lebes
419 433 476 467 spei
497 438 598 461 nostra:
621 433 710 460 factus
724 438 766 460 est
787 434 962 468 exstititqne;

174 477 228 504 hoc
239 482 291 508 est.
307 478 353 512 qui
371 479 450 505 nobis
468 487 501 506 ex
522 485 636 514 peccato
654 483 810 508 contractas
819 480 916 507 sordes
931 488 964 508 ac

174 523 295 551 maculas
305 524 380 551 eluat
390 529 472 559 atque
481 525 622 553 emundet.

210 622 242 650 In
257 622 404 650 [dumorum
417 623 557 651 extendam
567 623 777 651 caleeamentum
792 631 890 651 meum.

210 678 337 711 ldumaza,
349 679 371 706 si
392 687 491 707 nomen
510 680 709 715 interpreteris,
727 679 814 707 lutum
829 683 872 707 est
889 679 961 707 rubei

175 732 224 752 seu
241 724 379 760 argillacei
392 725 498 758 coloris,
514 729 658 760 potestque
674 725 708 752 de
721 725 863 752 Dominica
879 731 962 751 carne

174 771 357 806 exponi;qua
375 771 409 803 is,
423 779 473 798 ceu
495 771 691 802 calceamento,
714 770 748 798 ad
771 770 898 797 homines
921 769 962 796 in-

175 823 285 849 gressus
300 817 392 849 venit;
417 824 479 843 cum
494 816 562 844 alias
576 821 702 844 creatura
725 815 885 843 Creatorem
910 823 962 842 na-

174 866 235 889 tura
248 862 384 889 inﬁnitum
401 870 432 890 ac
454 861 714 897 incomprehensum
728 867 902 896 nequaquam
915 868 960 888 ca-
977 874 998 902 Β

173 915 240 943 pere
253 912 355 943 posset.

208 953 301 981 Potest
313 961 380 981 vero
400 961 497 981 rursus
511 953 593 981 etiam
618 953 652 980 de
682 953 814 988 cujusque
835 957 960 979 nostrum

173 1005 254 1025 carne
267 997 381 1032 intelligi
392 1007 399 1030 ;
411 998 438 1025 in
450 1005 531 1033 quam
541 998 715 1025 extendimus
727 997 960 1025 calceamentum:

174 1043 342 1070 munientem
361 1043 468 1071 scilicet
482 1051 497 1071 a
514 1043 615 1071 diaboli
633 1043 844 1078 pravistribulis
858 1050 890 1070 ac
905 1044 961 1078 spl-

172 1087 216 1115 nis
232 1088 457 1115 exercitationem
472 1096 504 1115 ac
516 1087 726 1115 continentiam.
739 1086 796 1114 Hoc
812 1087 885 1114 enim
903 1087 961 1114 cal-

172 1138 345 1161 ceamentum
362 1133 571 1168 intelligendum
581 1137 632 1160 est.
647 1133 757 1168 Absque
771 1134 843 1160 cnim
855 1132 962 1160 exerci-

172 1179 284 1210 tatione.
303 1180 430 1214 seriaque
446 1179 626 1212 continentia,
651 1179 710 1206 fieri
734 1187 788 1206 non
809 1184 909 1215 potest,
929 1183 961 1206 ut

171 1225 264 1253 carnis
281 1226 347 1253 vitia
365 1231 513 1262 expugnet,
523 1226 570 1262 qui
586 1226 697 1261 pietatis
706 1226 797 1254 cultor
812 1230 864 1259 est,
879 1230 908 1254 et
924 1225 959 1254 ad

173 1277 234 1297 eam
246 1276 367 1298 exercet.

205 1315 277 1349 Quin
289 1321 317 1343 et
331 1324 427 1344 rursus
440 1317 556 1353 intelligi
572 1321 663 1352 potest
687 1317 772 1345 animi
786 1317 959 1345 calceamen—

169 1366 241 1394 turn,
260 1362 443 1390 mortiﬁcatus
455 1370 552 1390 sensus
566 1363 682 1391 rationis
696 1364 770 1391 cultu
783 1367 812 1390 et
835 1367 959 1392 contem-

170 1407 318 1442 plationis;
335 1415 391 1442 quo
409 1408 518 1435 animus
532 1408 559 1435 in
583 1408 624 1436 eis
642 1408 774 1436 incedens
788 1416 849 1443 qua:
875 1416 958 1436 sensu

169 1452 371 1487 percipiuntur‘,
382 1453 493 1480 innoxie
501 1453 598 1480 transit
611 1453 696 1481 hocce
706 1453 837 1480 saeuium
847 1453 958 1486 ;'eorum

169 1499 286 1530 scilicet,
299 1498 464 1526 intermedio
478 1506 560 1526 sensu
582 1499 658 1526 velut
683 1499 881 1530 calceamento,
901 1498 960 1526 col-

1015 251 1068 278 τῶν
1096 252 1154 278 κατ’
1170 251 1263 278 ἐλπίδα
1288 252 1476 287 ἀποκειμένων
1506 253 1572 287 ἡμῖν
1598 253 1708 287 ἀγαθῶν
1728 254 1803 282 ἑτοι-

1037 297 1110 324 ότηε.

1037 305 1066 324 οτ
1104 317 1110 324 .

1016 305 1036 331 μ
1050 306 1165 370 Δὲῖαται
1182 343 1210 369 δὲ
1231 343 1312 370 πάλιν
1327 343 1453 378 νοηθῆναι
1469 344 1484 370 ό
1502 344 1591 372 Μωὰϐ
1612 345 1660 371 καὶ
1685 345 1726 376 εἰς
1751 345 1803 379 τὴν

1016 389 1154 424 σάρκωσιν
1171 388 1219 415 τοῦ
1236 389 1348 424 Κυρίου.
1363 389 1428 420 Υἱὸς
1447 389 1502 424 γὰρ
1510 389 1658 425 ἀνθρώπω
1680 389 1714 416 δι’
1727 390 1803 425 ἡμᾶς

1015 435 1111 469 γέγονὲ
1123 444 1153 461 τε
1167 435 1214 461 καὶ
1229 435 1415 470 ἐχρημάτισεν
1427 436 1442 462 ό
1460 435 1587 470 ἀληθινὸς
1599 435 1681 470 λέϐης
1691 435 1741 470 τῆς
1754 435 1802 462 ὲλ-

1016 481 1093 512 πίδος
1108 480 1201 515 ἡμῶν,
1219 479 1358 506 τουτέστιν
1371 479 1386 506 ὀ
1397 479 1529 515 ῥυπτικὺς
1557 479 1605 506 καὶ
1635 479 1802 514 καθαρτικδς

1015 526 1070 553 τῶν
1080 526 1112 552 ἐκ
1125 524 1174 559 τῆς
1189 524 1326 560 ἁμαρτίας
1339 524 1482 560 ἡμετέρων
1498 525 1614 560 κηλίδων
1628 533 1659 551 τε
1678 524 1727 553 καὶ
1751 532 1802 560 μο-

1014 573 1134 600 λυσιιὼν.

1049 582 1064 600 σ
1087 582 1134 599 (DV.

1045 582 1109 647 ’ἐπὶ
1126 619 1183 654 τὴν
1203 619 1370 654 Ἰδουμαίαν
1380 617 1491 646 ἐκτενῶ
1505 617 1540 644 τὸ
1554 616 1694 652 ὑπόδημα
1712 625 1785 652 μου.

1054 677 1190 712 Ἰδουμαία
1201 696 1209 708 ,
1223 674 1388 710 αἱματώδης
1416 674 1513 708 πηλὸς
1529 673 1567 708 (lt)
1598 672 1780 709 ἑρμηνεύεται
1792 680 1801 689 ·

1013 723 1123 750 δύναται
1138 723 1166 749 δὲ
1180 721 1316 758 ληφθῆναι
1329 721 1376 747 καὶ
1391 720 1432 752 εις
1446 720 1496 756 τὴν
1510 720 1600 756 σάρκα
1617 719 1664 746 τοῦ
1675 719 1782 754 Κυρίου
1791 725 1800 734 ·

1013 769 1045 796 δι’
1061 765 1096 805 ἧς
1107 768 1192 804 ἐπέϐη
1204 768 1242 800 ὡς
1257 768 1291 794 δι’
1303 767 1476 801 ὑποδήματος
1487 767 1545 798 τοῖς
1560 764 1715 801 ἀνθρώποις
1726 773 1736 780 ·
1752 763 1802 791 ἄλ-

1012 815 1066 847 λως
1094 814 1217 850 χωρῆσαι
1241 813 1287 840 τδν
1305 813 1424 849 Ποιητὴν
1445 811 1482 847 μὴ
1502 811 1654 846 δυναμένης
1672 810 1722 846 τῆς
1739 810 1801 837 21l-

1014 869 1082 892 σεως
1098 868 1106 876 ⁸
1124 860 1237 895 ἄπειρόν
1261 867 1292 886 τε
1316 858 1364 885 καὶ
1383 857 1526 893 ἀχὼρητον
1545 856 1618 883 κατὰ
1637 855 1720 890 φύσιν
1732 863 1800 890 τυγ‹

1012 908 1137 944 χάνοντα.

1047 952 1162 979 Δύναται
1181 950 1210 977 δὲ
1231 950 1314 978 πάλιν
1331 948 1458 986 νοηθῆναι
1477 949 1525 976 καὶ
1553 949 1593 979 εἰς
1611 947 1661 983 τὴν
1682 947 1800 975 ἑκάστου

1011 999 1089 1034 ἡμῶν
1104 997 1193 1033 σάρκα
1211 1005 1218 1013 °
1237 997 1280 1031 ἐφ’
1298 993 1331 1033 ἧς
1343 995 1500 1030 ὲκτείνομεν
1515 994 1546 1021 τδ
1557 994 1683 1029 ὑπόδημα
1696 1001 1703 1010 ⁸
1720 1001 1801 1020 τουτ-

1011 1046 1069 1073 έστι
1097 1044 1147 1080 τὴν
1176 1043 1348 1079 φρουροῦσαν
1361 1042 1410 1077 τὴν
1421 1041 1510 1078 ψυχὴν
1535 1041 1588 1068 ἀπὸ
1605 1040 1659 1067 τῶν
1670 1039 1801 1077 πονηρῶν

1010 1091 1057 1119 τοῦ
1086 1090 1212 1118 διαϐόλου
1231 1089 1363 1125 τριϐόλων
1389 1096 1418 1114 τε
1432 1087 1479 1115 καλ¹
1497 1087 1625 1114 ἀκανθῶν
1638 1086 1756 1121 ἄσκησιν
1769 1094 1800 1112 τε

1010 1135 1058 1162 καὶ
1073 1135 1236 1170 ἐγκράτειαν
1249 1141 1255 1148 ·
1271 1133 1350 1160 τοῦτο
1359 1132 1413 1168 γὰρ
1425 1132 1478 1168 χρὴ
1489 1132 1607 1158 νοεῖσθαι
1616 1131 1647 1158 τὸ
1659 1131 1799 1166 ὑπόδημα.

1013 1182 1094 1207 Ἀνευ
1110 1181 1164 1216 γὰρ
1182 1180 1327 1215 ἀσκήσεως
1348 1179 1395 1205 καὶ
1420 1178 1551 1213 ἀκριϐοῦς
1575 1178 1750 1213 ἐγκρατείας,
1765 1177 1800 1204 τὰ

1010 1227 1060 1262 τῆς
1078 1226 1179 1262 σαρκδς
1203 1226 1278 1260 πάθη
1298 1225 1501 1252 καταπαλαῖσαι
1525 1223 1571 1250 τὸν
1596 1223 1720 1260 ἀσκητὴν
1747 1223 1799 1257 τῆς

1010 1273 1162 1305 εὐσεϐείας,
1174 1272 1325 1307 ἀμήχανον.

1045 1319 1162 1346 Δύναται
1175 1318 1204 1345 δὲ
1227 1318 1309 1344 πάλιν
1327 1316 1455 1352 νοηθῆναι
1487 1314 1615 1350 ὑπόδημα
1634 1314 1736 1350 ψυχῆς,
1751 1314 1800 1341 καλ⁵

1010 1367 1027 1401 ἡ
1041 1365 1085 1393 διὰ
1111 1365 1190 1400 λόγου
1211 1363 1259 1390 καὶ
1271 1363 1387 1398 θεωρίας
1406 1361 1574 1398 νεκρωθετσα
1598 1360 1724 1394 αἴσθησις
1740 1368 1748 1376 ’
1765 1359 1799 1386 δι’

1009 1409 1043 1449 ἦς
1056 1410 1234 1438 ὲπιϐαῐνουσα
1249 1411 1266 1446 ἡ
1290 1409 1363 1445 ψυχὴ
1384 1409 1441 1440 τοῖς
1472 1408 1622 1444 αἰσθητοῖς,
1642 1408 1689 1434 τδν
1712 1406 1800 1434 αἰῶνα

1009 1457 1103 1484 τοῦτον
1127 1455 1253 1486 ἀϐλαϐῶς
1280 1454 1483 1490 διαπορεύεται,
1499 1453 1562 1485 τοὺς
1586 1453 1676 1480 αὐτῶν
1703 1452 1800 1487 λόγους

1009 1503 1053 1530 διὰ
1064 1503 1151 1539 μέσης
1164 1503 1214 1538 τῆς
1226 1501 1378 1537 αἰσθήσεως
1389 1501 1426 1532 ὡς
1438 1500 1621 1536 ὗποδήματος,
1633 1507 1800 1534 φαντασιου-

168 1545 259 1580 ligens
270 1544 407 1576 rationes;
423 1552 515 1571 rerum
528 1543 739 1579 aspectabilium
754 1544 842 1579 ligura
856 1544 958 1572 forma-

1017 1538 1096 1584 μένης
1108 1550 1158 1580 τὰς
1174 1548 1228 1575 τῶν
1245 1547 1349 1583 ὁρατῶν
1360 1547 1421 1573 κατ’
1436 1544 1507 1579 εἶδος
1530 1546 1580 1573 καὶ
1595 1545 1690 1581 σχῆμα
1705 1545 1800 1579 διαφο-

170 1599 225 1626 que
237 1590 409 1618 dill‘erentias
426 1590 591 1618 informante
604 1590 732 1626 imagine,
752 1590 786 1618 ad
806 1598 889 1618 unam
913 1598 958 1618 so-

170 1637 281 1672 lamque
304 1640 387 1671 atque
416 1636 569 1672 principem
592 1636 729 1664 rationem
753 1636 959 1673 intelligendam

171 1681 441 1719 agnoscendamque.

206 1740 270 1768 Mihi
285 1740 441 1776 alienigena:
454 1740 552 1767 subditi
563 1745 634 1768 sunt.

207 1796 338 1824 Veniente
362 1796 437 1824 enim
453 1797 570 1824 Domino
595 1804 644 1832 per
668 1803 780 1824 carnem
810 1796 844 1824 ad
865 1801 961 1824 nostra

169 1843 241 1876 loca,
259 1843 376 1879 subjecti
400 1847 466 1871 sunt
478 1843 539 1878 ejus
558 1842 623 1870 forti
655 1842 782 1878 imperio,
802 1850 855 1870 non
871 1843 960 1870 solum

170 1896 242 1924 quos
258 1888 396 1916 destruxit
419 1888 533 1923 spiritus
556 1887 705 1923 nequitiae,
728 1888 775 1915 sed
801 1893 830 1915 et
855 1893 961 1917 cunctae

171 1938 276 1970 gentes,
293 1938 420 1969 suscepta
435 1941 484 1970 per
504 1933 677 1962 vocationem
696 1933 836 1969 Evangelii
860 1933 960 1968 pradi-

171 1981 292 2013 catione,
318 1984 402 2015 caput
425 1980 451 2008 ei
481 1979 648 2008 submisere.
676 1979 867 2015 Subjiciuntur
894 1987 960 2008 vero

170 2027 256 2054 etiam
268 2027 343 2054 omni
358 2027 433 2062 justo
450 2026 621 2061 alienigenae,
636 2033 698 2053 cum
719 2025 802 2052 missa
815 2025 891 2052 velut
906 2026 961 2053 cal-

170 2079 232 2105 cco,
247 2071 277 2100 in
293 2080 350 2100 sua:
367 2071 459 2099 carnis
471 2075 584 2104 terram,
606 2071 710 2106 peccati
732 2071 820 2106 legem
842 2071 959 2098 mortiﬁ-

169 2122 251 2146 cante
267 2117 449 2150 continentia,
477 2117 578 2145 nedum
595 2117 622 2144 in
638 2125 670 2144 ea
684 2117 824 2144 latitantes
842 2116 960 2144 immun-

169 2163 221 2191 dos
232 2163 348 2191 allectus
367 2163 490 2198 vitiaque
505 2162 672 2194 edomuerit,
696 2162 744 2190 sed
760 2162 842 2190 etiam
860 2170 958 2189 eorum

1013 1596 1062 1631 ρὰς
1084 1595 1270 1629 ἀναλεγομένη
1293 1593 1361 1629 πρὸς
1386 1593 1436 1628 τὴν
1466 1592 1513 1619 τοῦ
1530 1591 1591 1624 ἑνδς
1615 1592 1698 1627 μόνου
1709 1600 1741 1618 τε
1752 1590 1801 1618 καὶ

1011 1641 1127 1679 ἀρχικοῦ
1143 1641 1222 1676 Λόγου
1238 1640 1344 1667 σύνεσιν
1355 1639 1403 1666 καὶ
1416 1638 1576 1674 ἐπίγνωσιν.

1156 1751 1237 1786 Ἐμοὶ
1253 1750 1426 1784 ἀλλόφυλοι
1441 1748 1648 1784 ὑπετάγησαν.

1052 1797 1150 1824 Ἦνίκα
1161 1796 1215 1831 γὰρ
1229 1795 1272 1822 διὰ
1292 1795 1393 1830 σαρκὸς
1402 1796 1457 1827 τοῖς
1469 1795 1530 1821 καθ’
1545 1795 1617 1830 ἡμᾶς
1628 1794 1800 1830 ὲπεχωρῐασε

1009 1843 1102 1875 τόποις
1118 1843 1132 1869 ό
1146 1842 1259 1877 Κύριος,
1272 1841 1396 1876 ὑπετάγη
1411 1841 1450 1876 τῷ
1465 1841 1562 1876 κράτει
1575 1841 1624 1875 τῆς
1639 1840 1731 1876 ἰσχύος
1745 1841 1798 1868 αὑ-

1009 1888 1056 1914 τοῦ
1069 1896 1077 1904 ·
1091 1888 1121 1914 οὐ
1139 1887 1217 1922 μόνον
1228 1887 1436 1922 καταργηθέντα
1450 1887 1484 1914 τὰ
1505 1886 1648 1922 πνεύματα
1675 1887 1725 1922 τῆς
1748 1896 1799 1914 πο-

1011 1934 1118 1970 νηρίας,
1143 1933 1210 1960 ἀλλὰ
1233 1933 1280 1960 καὶ
1305 1932 1394 1959 πάντα
1405 1933 1437 1959 τὰ
1454 1932 1518 1968 ἔθνη
1529 1932 1665 1967 δεξάμενα
1687 1932 1732 1959 διὰ
1749 1934 1800 1969 τῆς

1007 1980 1133 2016 κλήσεως
1159 1978 1206 2006 τοῦ
1231 1978 1398 2014 Εὐαγγελίου
1418 1978 1450 2005 τὸ
1469 1979 1619 2014 κήρυγμα,
1633 1978 1773 2013 ὑπέκοψεν
1789 1987 1798 1994 ·

1010 2026 1209 2054 ὑποτάσσονται
1226 2025 1255 2052 δὲ
1267 2024 1316 2051 καὶ
1328 2024 1408 2051 παντὶ¹
1424 2023 1520 2059 δικαίῳ
1535 2024 1560 2050 οἱ
1570 2023 1724 2059 ἀλλόῳυλοι,
1740 2024 1799 2059 ἠνι-

1009 2082 1046 2100 κα
1061 2071 1198 2100 ἐπιϐαλὼν
1213 2071 1306 2107 ὥσπερ
1325 2071 1453 2105 ὑπόδημα
1463 2071 1495 2105 τῇ
1508 2071 1543 2105 γῇ
1560 2069 1610 2105 τῆς
1631 2069 1734 2106 σαρκὸς
1747 2070 1799 2096 αὐ-

1008 2119 1056 2146 τοῦ
1073 2118 1122 2154 τὴν
1147 2117 1299 2152 νεκροῦσαν
1315 2116 1361 2144 τὸν
1379 2117 1460 2152 νόμον
1479 2116 1530 2151 τῆς
1545 2114 1681 2151 ἁμαρτιας
1694 2115 1799 2150 ἐγκρά-

1009 2173 1097 2196 τειαν,
1112 2163 1250 2198 δαμάσσει
1263 2162 1294 2189 οὗ
1311 2162 1391 2198 μόνον
1399 2162 1434 2189 τὰ
1445 2161 1641 2198 ὲμφωλεύοντα
1647 2161 1717 2197 αὑτῇ
1729 2162 1798 2188 ἀκά-

170 2212 299 2235 auctores
316 2214 348 2235 ac
369 2207 526 2235 ineentores
542 2206 728 2242 nequissimos
752 2205 890 2234 dminones
907 2206 956 2237 de-

1017 2209 1098 2245 )αρτα
1114 2208 1199 2244 πάθη,
1215 2207 1283 2235 ἀλλὰ
1297 2207 1346 2234 καὶ
1362 2208 1425 2239 τοὺς
1441 2207 1621 2243 ἐνεργοῦντας
1635 2205 1725 2234 ταῦτα
1748 2215 1799 2234 πο-

168 2253 315 2281 struxerit.

204 2309 286 2337 Vsns.
303 2310 345 2337 ll.
376 2309 440 2344 Qui:
466 2308 575 2336 deducet
599 2317 640 2336 me
669 2309 697 2336 in
726 2309 860 2336 civitatem
887 2316 958 2343 pra:-

167 2355 230 2384 σίὀίί
238 2355 251 2382 2

202 2422 327 2451 Ριιιοείἁῐί
341 2422 448 2455 civitas,
459 2421 553 2450 ϐείοοο
566 2421 708 2457 περιοχῆς,
721 2429 753 2449 ac
765 2421 787 2449 Si
801 2421 881 2458 342
897 2431 958 2448 ανη-

167 2468 238 2496 bitu:
256 2467 334 2496 dicas
361 2467 491 2502 valloque
515 2467 669 2498 munitam,
698 2466 833 2501 sapientia
857 2470 900 2493 est
923 2474 958 2493 cx

168 2513 264 2541 multis
295 2512 397 2540 divinis
416 2516 499 2548 atque
525 2512 650 2548 mysticis
675 2510 958 2546 contemplationibus

167 2559 294 2591 collecta,
313 2558 513 2586 circumuallata
528 2565 560 2585 ac
574 2558 690 2593 undique
710 2557 824 2589 munita,
843 2560 875 2584 ut
887 2556 958 2583 alius

166 2604 232 2640 quis
247 2604 427 2638 interpretum
440 2603 536 2640 (Sym..
548 2603 656 2638 Theod.)
670 2602 801 2635 reddidit,
820 2602 956 2630 virtutum

168 2648 373 2676 munitionibus
388 2656 422 2676 ac
434 2648 581 2683 praesidiis.

203 2695 259 2722 Aut
278 2702 376 2722 rursus
390 2694 488 2722 civitas
498 2694 618 2729 praesidii
633 2700 685 2727 est,
700 2698 788 2722 status
805 2694 956 2730 ejusmodi,

167 2745 225 2775 quo
237 2739 282 2766 vir
299 2746 366 2767 vere
378 2739 440 2774 pius
455 2746 487 2766 ac
508 2739 663 2774 religiosus,
690 2739 911 2774 inexpugnabilis
925 2746 957 2766 ac

202 2828 240 2891 in)
253 2829 422 2862 ΑΙιιητὼόης
443 2829 539 2862 πηλός
552 2834 621 2859 ms,
643 2827 745 2858 rubere,
767 2827 873 2854 rubrum
890 2830 954 2859 esse",

218 2873 256 2891 cr.
281 2865 354 2891 homo
368 2884 374 2891 .
395 2869 465 2891 terra
481 2864 553 2890 rubri
573 2871 620 2891 seu
638 2862 776 2891 araillacei
796 2861 902 2891 coloris,
922 2869 954 2888 cx

169 2861 256 2895 ruber.
281 2865 354 2891 homo
368 2884 374 2896 ,
395 2869 465 2891 terra
481 2864 553 2890 rubri
573 2871 620 2891 seu
638 2862 776 2897 argillacei
796 2861 902 2894 coloris,
922 2869 955 2888 cx

1009 2255 1108 2291 νηροὺς
1119 2255 1289 2290 καταργήσει
1303 2253 1444 2289 δαίμονας.

1117 2312 1164 2344 Τίς
1177 2311 1287 2343 ἀπάξει
1300 2319 1339 2346 με
1351 2311 1397 2340 etc
1417 2311 1509 2338 πόλιν
1529 2310 1687 2346 περιοχῆς-ς

1044 2411 1125 2443 Πόλις
1141 2410 1200 2437 tari.
1216 2410 1358 2445 περιοχῆς,
1373 2411 1390 2445 ἡ
1405 2410 1436 2436 ὲκ
1451 2409 1557 2436 πολλῶν
1575 2409 1798 2445 συνηθροισμένη

1008 2457 1088 2485 θείων
1103 2457 1151 2484 καὶ
1167 2456 1306 2492 μυστικῶν
1323 2456 1509 2492 θεωρημάτων
1524 2455 1605 2490 σοφία
1624 2456 1798 2490 περιεχομέ-

1007 2512 1058 2537 νη,
1071 2503 1155 2539 ἤγουν
1173 2501 1445 2537 περιπεφραγμένη,
1460 2500 1554 2533 καθὼς
1566 2501 1611 2528 ἒτε
1615 2510 1661 2538 ρος
1675 2502 1729 2537 ἔφη
1741 2502 1796 2529 τῶν

1006 2549 1135 2581 ὲκδοτῶν,
1151 2549 1207 2581 τοῖς
1219 2548 1275 2575 τῶν
1291 2547 1396 2584 ἀρετῶν
1408 2547 1594 2583 ὀχυρώμασιν.

1044 2691 1080 2717 Ἥ
1110 2692 1191 2718 πάλιν
1216 2690 1294 2721 πόλις
1322 2689 1382 2716 ἐστὶ
1407 2688 1556 2724 περιοχῆς,
1580 2688 1597 2722 ἡ
1614 2686 1792 2718 κατάστασις,

1007 2735 1067 2763 καθ’
1085 2736 1119 2772 ἢν
1139 2735 1274 2766 ἀνάλωτος
1295 2734 1343 2761 καὶ
1365 2732 1592 2768 ὰπροσπέλαστος
1612 2731 1717 2766 γίνεται
1737 2732 1795 2762 τοῖς

1007 2834 1060 2860 qua
1074 2830 1101 2865 et
1111 2831 1212 2852 nomen
1227 2823 1331 2852 homini
1346 2823 1475 2857 inditum,
1495 2823 1569 2858 quod
1581 2824 1614 2852 dc
1630 2823 1675 2851 illa
1691 2822 1793 2850 forma-

1007 2866 1052 2888 tus
1072 2865 1117 2887 δη.
