1936 3078
104 150 162 185 8'73

604 152 803 184 EXPOSITIO
821 153 1026 185 ORATIONIS
1047 154 1251 185 DOMINICJE.

1681 157 1735 190 876

103 219 192 245 μενον
207 219 214 225 ·
241 209 287 236 τον
307 210 350 236 ἀεὶ
374 210 423 244 μὲν
445 209 577 245 παρόντα,
591 212 638 236 καὶ
650 212 759 238 ἀπεῖναι
770 211 809 246 τῷ
822 211 901 237 πνεύ-

956 212 999 246 qui
1013 219 1122 246 semper
1135 212 1246 247 quidem
1265 218 1386 246 pnesens
1397 215 1444 243 sit,
1461 219 1513 239 nec
1528 220 1644 248 usquam
1663 222 1740 249 pror-

103 266 176 291 ματι
195 256 334 287 παντελῶς
350 256 379 282 οὺ
393 256 540 291 δυνάμενον
554 264 560 271 ·
588 257 663 291 ὅμως
690 257 719 283 δὲ
739 257 774 283 δι’
798 257 897 292 ἀρετῆς

103 301 271 337 περιουσίαν
285 301 460 336 θεομιμὴτως
478 301 653 335 συγγίνεσθαι
666 301 722 332 τοῖς
739 301 821 328 αὐτοῦ
837 301 897 327 δού-

103 349 177 381 λοις,
197 348 244 374 καὶ
259 347 292 374 δι’
308 346 341 384 ἧς
354 349 368 373 6
383 347 447 379 Θεὸς
461 347 559 374 δέδωκε
579 349 612 383 τῇ
627 347 705 382 φύσει
725 348 897 383 προφάσεως,

105 395 160 425 οὐκ
176 393 406 428 ἀπαναινόμενον.
420 393 466 419 Δεὺ
480 393 622 428 θαυμάσας
637 393 720 420 αὑτοῦ
734 393 764 420 τὺ
784 393 898 428 μέγεθος

104 441 158 475 τῆς
188 439 428 474 σογκαταόάσεως,
451 438 526 474 πόοῳ
542 439 696 474 σύγκρατον
712 439 757 466 τὸν
771 439 838 474 πρὸς
851 440 898 467 αὐ-

105 486 154 512 τὸν
188 486 269 520 φόϐον
297 485 471 519 ἐποιησάμην
488 492 495 498 ο
522 484 568 511 καὶ
593 485 657 519 μίαν
680 484 710 517 ἐξ
725 485 897 520 ἀμφοτέρων,

107 531 194 566 φόϐου
205 540 234 558 τε
251 531 298 558 καὶ
311 531 405 564 πόθου,
420 531 529 566 ἀγάπην
544 531 742 566 ἐνεστησάμην,
762 531 794 558 δι’
808 531 899 563 αἰδοῦς

106 579 158 605 καὶ
182 578 287 609 εὐνοίας
306 577 505 613 συνισταμένην
521 585 527 592 ·
555 578 598 603 ἵνα
615 578 683 612 μήτε
700 578 776 612 μῖσος
790 579 804 604 6
817 578 898 612 φάεος
926 578 930 581 ’

107 626 228 660 γίνηται,
243 624 290 651 τοῦ
303 624 384 650 πόθου
399 623 597 660 γυμνούμενος,
612 625 681 659 μήτε
699 624 900 659 καταφρόνησις

107 672 122 697 ὁ
148 669 241 702 πόθος,
256 670 302 696 τὸν
318 668 445 704 σώφρονα
457 668 540 703 φόὸον
556 669 728 703 συνημμένον
744 670 794 696 οὐκ
807 669 875 704 ἔχων
891 677 898 684 ·

108 715 180 742 ἀλλὰ
197 715 277 750 νόμος
303 716 319 750 ή
351 715 445 749 ἀγάπη
469 714 642 749 τυγχάνουσα
667 714 759 750 δειχθῇ
784 715 900 750 στοργῆς

110 761 274 793 ἐνδιάθετος,
301 761 375 788 ἆπαν
399 761 429 786 τὸ
456 760 527 787 κατά
543 760 623 794 φύσιν
641 760 771 794 συγγενὲς
784 760 899 786 οἰκειού-

109 815 193 842 μενος
211 814 217 820 ·
237 806 271 832 δι’
287 806 392 837 εὐνοίας
416 806 474 841 μὲν,
498 805 528 831 τὺ
547 807 624 840 μῖσος
650 805 825 841 χειρούμενος
837 814 843 821 ·
865 805 900 831 δι’

114 852 208 882 αἰδοῦς
225 852 264 882 δὲ,
286 852 379 887 πόρῤω
393 851 554 886 ποιούμενος
572 850 619 886 τὴν
632 851 834 886 καταφρόνησιν
847 859 853 866 ·
871 851 900 878 ὃν

111 899 146 934 δὴ
165 899 282 933 μάλιστα
294 898 413 930 πάντων,
437 898 508 932 φημὶ
532 897 560 923 δὲ
576 897 622 923 τὸν
644 898 736 931 φόΰον,
759 899 808 933 τῆς
826 897 902 929 θείας

109 946 165 980 ἁγά
172 953 225 979 in};
247 944 406 970 συστατικὸν
426 944 553 978 ἐπιγνοὺς
567 943 651 970 Δαόὶδ
664 944 677 969 6
691 944 835 978 μακάριος,
848 952 901 978 φη-

111 990 166 1016 σίν·
190 990 220 1016 '0
230 989 321 1024 φόϐος
340 988 448 1023 Κιφίου
468 989 570 1022 ἁγνὸς,
587 987 734 1022 διαμένων
751 989 795 1021 εἷς
810 987 902 1015 ultima

109 1035 224 1068 αἰῶνος
237 1043 244 1050 ο
269 1035 363 1070 ἕτερον
385 1034 486 1070 δηλαδὴ
502 1033 595 1060 τοῦτον
612 1033 698 1065 είδὼς,
712 1033 787 1069 παρὰ
802 1033 846 1060 τὸν
859 1034 901 1060 ἐπ’

110 1081 266 1115 ἐγκλήμασι
278 1080 334 1106 δέει
348 1079 482 1115 τιμωρίας
495 1079 690 1114 συνιστάμενον
704 1079 786 1114 φόϐον
799 1088 804 1093 ·
822 1078 902 1114 εῐπερ

109 1127 125 1152 ὁ
141 1127 190 1161 μὲν
208 1125 260 1158 ἔξω
275 1126 389 1160 γίνεται,
403 1126 439 1160 τῇ
467 1124 603 1161 παρουσίᾳ
625 1125 673 1160 τῆς
686 1125 794 1159 ἀγάπης
805 1132 904 1150 παντε-

110 1172 166 1203 λῶς
183 1171 387 1206 ἀφανιζόμενος,
399 1171 437 1203 ὥς
449 1180 499 1198 που
513 1172 569 1202 τοῖς
582 1171 678 1197 ἑαυτοῦ
693 1171 782 1204 λόγοις
795 1171 809 1196 ό
818 1169 903 1204 μέγας

112 1217 309 1252 εὖαγγελιστὴς
323 1208 735 1252 Ἰωάννηςδείκνυται,φάσκων·
750 1217 784 1243 Ἡ
804 1215 904 1251 ἀγάπη

110 1263 171 1295 ἔξω
183 1263 295 1295 ,βάλλει
305 1263 358 1290 τὸν
372 1264 466 1297 φόϐον
478 1271 484 1277 ⁸
501 1264 515 1289 6
526 1263 566 1295 δὲ,
581 1263 626 1289 τὸν
642 1262 689 1297 τῆς
700 1262 816 1297 ἀληθοῦς
828 1270 904 1297 στορ-

112 1309 164 1343 γῆς
179 1309 301 1344 φυσικῶς
324 1308 526 1345 χαρακτηρίζει
547 1308 628 1344 νόμον
641 1316 647 1323 ·
667 1308 736 1334 αἰδοῖ
766 1307 905 1343 πντηρῶν

113 1355 154 1386 εἰς
185 1354 270 1381 αἰῶνα
290 1356 346 1386 τοῖς
369 1354 466 1388 ἁγίοις,
491 1357 560 1390 arpi;
571 1363 600 1380 τε
616 1353 681 1380 Θεὸν
697 1353 745 1380 καὶ
760 1353 901 1388 ἀλλήλους,

113 1400 160 1426 τὸν
178 1399 230 1434 τῆς
245 1400 354 1436 ἀγάπης
380 1400 479 1436 θεσμόν
507 1409 536 1427 τε
564 1400 611 1426 καὶ
637 1400 735 1436 τρόπον
763 1399 902 1430 παντελῶς

114 1446 286 1482 ἀδιάφθορον.

953 265 1000 285 sus
1016 257 1114 292 spiritu
1130 258 1226 285 abesse
1242 257 1343 292 possit;
1356 266 1406 285 nec
1417 258 1527 286 virtutis
1544 263 1634 287 tamen
1652 261 1738 288 abun-

952 302 1057 334 dantia,
1080 306 1134 331 nco
1147 310 1215 335 pene
1227 302 1299 329 aﬂini
1313 303 1418 330 ratione
1432 303 1595 338 dedignetur
1609 311 1671 331 cum
1685 313 1741 332 scr-

951 347 994 374 vis
1007 347 1064 374 suis
1078 348 1136 382 ipse
1151 347 1291 383 congredi,
1314 355 1342 376 ac
1357 356 1410 383 qua
1423 348 1496 375 Deus
1522 351 1628 376 natura:
1663 356 1741 377 occa-

952 392 1030 420 sione
1045 393 1191 420 concessit.
1204 393 1386 426 Quamobrem
1400 394 1460 429 ejus
1472 402 1500 421 se
1512 394 1548 422 ita
1563 395 1629 422 mihi
1643 395 1741 423 demit-

953 439 1035 466 tentis
1049 446 1080 466 ac
1097 439 1255 466 inclinantis
1267 439 1417 467 admiratus
1426 440 1511 467 animi
1526 441 1741 476 magnitudinem

952 493 1006 520 quo
1014 485 1102 520 ipsum
1117 493 1279 520 prosequor,
1290 486 1416 513 timorem
1430 486 1568 514 desiderio
1579 488 1740 522 temperavi;

953 538 1091 566 unamque
1103 539 1136 558 ex
1149 531 1285 558 ambobus
1299 531 1408 567 (timore
1419 531 1569 560 seilieetac
1585 533 1740 569 desiderio)

952 577 1139 609 dilectionem,
1154 578 1313 605 reverentiae
1324 585 1355 605 ac
1380 578 1580 607 benevolentiae
1594 579 1742 607 'alt‘ectibus

953 627 1136 654 constantem,
1149 622 1274 656 institui;
1292 628 1322 650 ut
1335 630 1387 651 nec
1402 624 1483 651 timor
1501 624 1637 652 desiderio
1659 625 1741 653 desti-

953 671 1029 694 tutus
1044 668 1072 694 in
1095 667 1188 694 odium
1205 667 1363 704 degeneret,
1379 677 1470 704 neque
1485 670 1606 697 vicissim
1632 670 1741 698 deside-

953 713 1025 740 rium
1044 713 1268 749 incontemptum
1280 716 1370 746 cedat,
1399 715 1472 750 quod
1497 723 1550 743 una
1577 717 1741 752 coniunctus

953 759 1062 787 sobrius
1077 767 1109 787 ac
1123 763 1214 787 castus
1231 761 1314 788 timor
1325 761 1414 795 ipsum
1431 761 1555 794 deﬁciat:
1576 763 1623 790 sed
1632 762 1741 789 dilectio

954 806 1057 834 amoris
1070 806 1112 833 lex
1121 806 1243 841 penitius
1258 807 1350 834 animo
1363 807 1451 834 indita
1464 808 1741 844 appareat,quidquid

955 856 1051 878 natura
1068 855 1213 886 cognatum
1231 856 1274 878 est
1288 852 1440 879 concilians
1454 853 1562 887 sibique
1576 853 1719 881 vindicans
1733 862 1740 886 ;

952 904 984 924 ac
1000 905 1071 931 quae,
1088 897 1278 924 benevolentia
1291 897 1414 931 quidem,
1426 897 1519 924 odium
1529 898 1654 934 subigat,
1667 907 1741 926 reve-

953 942 1042 968 rentia
1065 946 1158 968 anteiit
1176 961 1183 973 ,
1210 946 1399 977 contemptum
1435 943 1531 977 procul
1571 944 1740 971 submoveat.

952 987 1030 1014 llune
1042 987 1150 1023 (nempe
1167 987 1303 1022 timorem)
1318 995 1379 1015 cum
1404 988 1501 1016 beatus
1513 989 1596 1016 David
1608 990 1741 1023 ejusmodi

954 1037 1056 1065 nosset,
1076 1038 1171 1068 utprse
1185 1033 1314 1061 omnibus
1340 1034 1456 1061 maxime
1476 1034 1576 1062 divime
1602 1035 1741 1062 dilectioni

953 1082 1138 1112 comparatus,
1152 1078 1227 1105 illius
1237 1079 1313 1105 velut
1330 1079 1532 1107 constituenda:
1543 1087 1575 1107 ac
1592 1080 1743 1116 insignien-

954 1124 995 1151 dre
1014 1124 1038 1151 vi
1051 1124 1183 1159 prteditus
1203 1125 1248 1156 sit,
1266 1125 1303 1152 ita
1317 1125 1378 1152 iniit
1391 1134 1397 1151 :
1417 1125 1506 1152 Timor
1521 1126 1627 1153 Domitii
1639 1131 1741 1159 castus,

954 1183 1112 1210 permanens
1131 1176 1159 1202 in
1172 1175 1301 1202 mculum
1314 1175 1404 1203 swculi
1416 1176 1447 1209 ’ζ
1480 1176 1526 1211 qui
1550 1185 1649 1212 nempe
1670 1178 1743 1206 hunc

955 1218 1039 1245 alium
1050 1219 1174 1246 timorem
1187 1227 1242 1247 non
1258 1219 1406 1256 ignoraret.
1420 1221 1466 1255 qui
1476 1226 1548 1249 metu
1558 1230 1656 1257 pteme,
1665 1223 1700 1250 ob
1710 1231 1742 1251 ea

955 1271 1016 1298 qua:
1032 1264 1094 1298 quis
1116 1264 1186 1291 mala
1201 1265 1329 1299 patravit.
1350 1266 1504 1292 concrescit
1521 1275 1528 1292 :
1549 1267 1652 1302 quippe
1679 1275 1741 1294 cum

956 1309 1002 1336 ille
1019 1309 1174 1337 dilectionis
1192 1310 1309 1338 adventu
1335 1313 1447 1346 penitus
1458 1318 1640 1345 evanescens,
1660 1320 1742 1341 exce-

955 1355 1013 1386 dat,
1026 1356 1065 1382 uti
1082 1356 1200 1391 quodam
1215 1357 1277 1384 loco
1297 1365 1412 1392 magnus
1434 1357 1554 1385 Joannes
1576 1359 1742 1394 evangelista

952 1401 1066 1436 scriptis
1077 1402 1134 1428 suis
1156 1401 1289 1435 ostendit,
1315 1402 1354 1429 ita
1370 1402 1487 1437 loquens
1504 1412 1510 1429 :
1526 1402 1648 1431 Charitas
1671 1405 1742 1439 {oras

951 1446 1031 1473 mittit
1047 1448 1165 1474 timorem
1176 1448 1185 1462 ³
1198 1456 1205 1480 ;
1219 1448 1265 1475 hic
1277 1452 1380 1480 autem,
1392 1449 1449 1475 veri
1464 1453 1561 1476 natura
1583 1450 1686 1477 amoris
1700 1450 1741 1477 le-

114 1503 175 1530 gem
188 1494 320 1529 peculiari
336 1495 410 1522 velut
422 1499 486 1522 nota
501 1493 644 1530 insigniat;
656 1493 897 1530 345quinempe
905 1494 1024 1522 modesti
1042 1495 1126 1522 animi
1146 1495 1300 1522 reverentia
1316 1495 1504 1531 incorruptam
1523 1496 1636 1524 omnino
1656 1497 1742 1533 legem

115 1543 282 1578 modumque
296 1542 461 1576 dilectionis,
475 1550 529 1578 qua
545 1546 603 1569 tum
622 1542 690 1574 Deo,
706 1546 765 1569 tum
783 1541 830 1569 alii
842 1541 904 1569 aliis
923 1542 1012 1570 sancti
1025 1543 1148 1578 proclive
1164 1548 1289 1575 utuntur,
1302 1543 1328 1570 in
1347 1550 1434 1571 aevum
1450 1544 1596 1572 custodiat.

149 1589 230 1624 Πόθῳ
254 1588 329 1623 γοῦν,
357 1589 395 1620 ὼς
424 1588 503 1624 ἔφην,
524 1589 602 1623 κάγὼ
619 1588 739 1624 κεράσας
753 1588 798 1615 τὸν
812 1588 902 1622 φόϐον,

993 1589 1053 1623 Ipse
1072 1595 1183 1623 quoque
1206 1588 1300 1624 igitur,
1317 1589 1356 1616 uti
1370 1589 1505 1622 dicebam,
1523 1590 1649 1618 timorem
1669 1591 1743 1620 desi-

114 1632 183 1668 πρὺς
197 1633 242 1658 τὴν
260 1632 324 1667 ἐμὸν
341 1633 487 1665 Δεσπότην,
517 1632 611 1660 τοῦτον
634 1632 683 1667 τῆς
708 1631 818 1668 ἀγάπης
840 1641 902 1659 συν-

115 1678 272 1714 εστησᾴμην
288 1678 333 1706 ’ξὺν
351 1679 433 1714 νόμον
447 1679 527 1714 μέχρι
546 1680 596 1714 τῆς
612 1679 732 1715 σήμερον
745 1686 753 1693 ·
771 1679 840 1705 αἰδοῖ
854 1679 903 1714 μὲν

115 1723 161 1751 τοῦ
187 1727 304 1760 γράφειν
327 1724 494 1760 εἰργόμενος,
515 1725 558 1750 ἵνα
582 1724 619 1759 μὴ
640 1723 710 1760 λάϐῃ
722 1723 840 1760 χώρανή
855 1732 904 1750 κα-

116 1772 281 1805 ταφρόνησις
296 1778 304 1786 ⁸
320 1770 413 1805 εὖνοίᾳ
426 1770 454 1796 δὲ
470 1770 537 1804 πρὸς
550 1770 579 1796 τὺ
595 1770 711 1805 γράφειν
738 1769 902 1804 ὠθούμενος,

117 1817 159 1842 ἵνα
168 1816 205 1851 μὴ
214 1815 327 1851 νομισθῇ
340 1817 415 1850 μῖσος
424 1816 440 1851 ἡ
449 1815 538 1842 τελεία
546 1815 593 1842 τοῦ
602 1816 718 1850 γράφειν
727 1815 901 1851 παραίτησις.

116 1862 219 1897 Γράφω
236 1862 274 1894 δὲ,
288 1861 367 1888 τοῦτο
386 1862 514 1896 πράττειν
534 1861 720 1896 κελευόμενος,
736 1861 784 1896 οὑχ
795 1861 845 1887 ὅσα
861 1860 904 1887 λο-

117 1908 227 1942 γίζομαι
241 1915 249 1923 ο
274 1907 415 1941 Any-unm)
441 1907 495 1941 γὰρ
517 1907 679 1940 ἀνθρώπων
702 1906 805 1937 δειλοὶ,
834 1905 904 1932 κατὰ

117 1956 165 1991 τὴν
191 1955 321 1990 Γραφὴνν
348 1954 404 1980 ἀλλ’
430 1954 480 1980 ὅσα
506 1953 630 1988 βούλεται
650 1953 726 1985 Θεὸς,
751 1953 798 1979 καὶ
813 1952 904 1987 χάριτι

118 2001 186 2036 πρὸς
200 2000 248 2035 τὴν
260 1999 306 2026 τοῦ
327 1999 513 2034 συμφέροντος
537 1999 643 2033 γένεσιν
668 1999 835 2025 ἐπιδίδωσιν.
869 1997 905 2024 Ἴι

117 2045 171 2080 γάρ
188 2043 290 2077 βουλὴ
311 2043 365 2070 τοῦ
386 2043 496 2077 Κυρίου
517 2043 565 2078 (1),
595 2042 678 2077 φησὶν
701 2043 715 2068 6
742 2041 834 2073 Δαῧὶδ,
861 2041 905 2072 εἷς

117 2090 172 2117 τὸν
185 2089 277 2116 αῑῶνα
287 2088 370 2124 μένει
386 2098 394 2104 ·
425 2090 506 2122 Ζυγιο
514 2089 560 2122 μοὶ
587 2087 642 2122 τῆς
664 2087 783 2121 καρδίαι,
812 2085 904 2114 αὑτοῦ

119 2138 162 2169 εὶς
178 2136 287 2170 γενεὰν
301 2135 350 2162 καὶ
377 2134 478 2169 τεν·εάι
522 2133 619 2169 βουλὴν
640 2133 688 2169 μὲν
713 2133 793 2168 τυχὸν
816 2133 905 2168 φήσας

119 2182 165 2209 τοῦ
182 2181 249 2208 Θεοῦ
270 2181 319 2207 καὶ
333 2181 450 2216 Πιιτρὺς,
465 2189 514 2215 την
525 2181 570 2206 ἐπὶ
585 2179 682 2206 θεώσει
697 2178 748 2213 τῆς
766 2179 906 2214 ἡμετέρας

119 2228 227 2263 φύσεως
241 2227 396 2262 ἀπόρρητον
421 2226 536 2253 κένωσιν
568 2225 616 2251 τοῦ
643 2224 803 2260 μονογενοῦς
827 2223 904 2256 Υῑοῦ,

956 1634 1033 1663 derio
1060 1640 1228 1670 temperans,
1252 1634 1323 1661 hanc
1350 1635 1482 1662 hactenus
1507 1643 1570 1670 erga
1597 1636 1742 1664 Dominum

955 1688 1047 1708 meum
1066 1680 1172 1707 institui
1184 1679 1342 1707 dilectionis
1355 1679 1491 1715 regulam;
1515 1687 1596 1716 quau
1613 1688 1742 1710 reveren-

956 1725 993 1752 tia
1009 1725 1120 1760 quidem
1145 1725 1179 1752 ab
1197 1725 1343 1752 scribendo
1359 1725 1508 1757 deterreat,
1521 1733 1554 1752 ne
1569 1726 1660 1753 forsan
1677 1735 1744 1754 con-

956 1775 1076 1806 temptus
1094 1771 1206 1803 subeat;
1230 1771 1421 1798 benevolentia
1445 1776 1538 1798 autem
1565 1771 1598 1798 ad
1619 1772 1744 1799 scriben-

957 1815 1022 1842 dum
1049 1815 1181 1850 impellat,
1210 1823 1245 1842 ne
1279 1815 1392 1842 omnino
1417 1816 1557 1843 scribendi
1588 1816 1745 1844 detrectans

956 1865 1049 1896 partes
1065 1862 1156 1889 odisse
1176 1861 1281 1888 videar.
1301 1861 1399 1889 Scriho
1415 1866 1518 1894 autem,
1535 1863 1581 1897 qui
1598 1863 1638 1890 sic
1652 1864 1746 1898 jussus

957 1907 1019 1940 sim,
1032 1916 1086 1934 non
1101 1915 1162 1943 qum
1180 1908 1310 1941 cogitanti
1326 1913 1493 1935 succurrunt
1507 1909 1616 1941 omnia;
1635 1917 1697 1936 nam
1716 1914 1746 1936 ut

957 1953 1078 1988 loquitur
1091 1953 1232 1988 Scriptura
1247 1962 1252 1979 :
1271 1952 1447 1988 Cogitationes
1464 1955 1600 1982 hominum
1611 1955 1744 1988 tintidw’;

957 1999 1004 2026 sed
1022 2007 1196 2034 quaecunque
1211 2007 1244 2027 ex
1263 1999 1311 2027 Dei
1327 2004 1391 2027 sunt
1407 2000 1558 2032 voluntate,
1575 2009 1607 2029 ac
1624 2010 1685 2036 qua:
1702 2002 1746 2030 ille

957 2048 1051 2083 gratiae
1070 2055 1195 2081 munere,
1209 2052 1239 2075 ut
1260 2048 1436 2076 commodum
1461 2049 1564 2084 aliquid
1590 2051 1745 2085 proveniat.

957 2093 1055 2121 tribuit
1073 2098 1154 2128 atque
1172 2093 1331 2129 suppeditat
1346 2103 1352 2121 :
1371 2093 1516 2121 Consilium
1540 2095 1614 2122 enim
1629 2095 1745 2127 Domini,

958 2140 1047 2175 inquit
1061 2139 1157 2173 David,
1168 2141 1196 2166 in
1208 2145 1336 2167 retentum
1351 2145 1457 2174 manet,-
1478 2141 1647 2176 cogitationes
1662 2143 1747 2169 cordis

958 2185 1014 2220 ejus
1036 2186 1063 2211 in
1083 2186 1279 2220 generationem
1305 2188 1329 2211 et
1353 2186 1585 2220 generationem‘;
1600 2187 1746 2214 consilium

958 2230 1029 2257 forte
1050 2230 1192 2265 appellans
1207 2230 1256 2258 Dei
1270 2238 1302 2257 ac
1316 2230 1417 2264 Patris,
1430 2239 1512 2266 quam
1530 2232 1687 2268 unigenitus
1704 2233 1748 2260 Fi-

119 2274 180 2301 καθ¹
196 2274 229 2309 ἡν
243 2273 298 2308 ἔχει
316 2273 424 2299 πάντων
439 2272 492 2299 τῶν
510 2271 615 2299 αἰώνων
627 2271 658 2297 τὸ
670 2271 757 2305 πέρας
771 2278 902 2305 περιγρα-

956 2276 1010 2302 lius
1026 2276 1109 2303 nullis
1130 2276 1224 2303 verbis
1239 2276 1430 2311 explicabilem
1455 2278 1586 2313 suscepit,
1603 2278 1637 2305 ad
1661 2286 1748 2314 genus

121 2321 236 2355 φάμενον
251 2327 258 2335 ·
278 2319 425 2354 λογισμοὺς
440 2318 466 2344 δὲ
481 2318 531 2352 τῆς
548 2317 660 2352 καρδίας
676 2316 769 2345 αὐτοῦ.
783 2316 847 2347 τοὺς
857 2317 906 2350 τῆς

121 2365 249 2400 προνοίας
269 2364 317 2390 καὶ
340 2365 390 2399 τῆς
406 2363 522 2398 κρίσεως
535 2362 646 2396 λόγους·
673 2361 733 2388 καθ’
747 2360 795 2392 οὓς
813 2361 864 2395 τήν
877 2369 906 2387 τε

121 2411 262 2446 παροῦσαν
287 2409 366 2444 ἡμῶν
387 2408 460 2444 ζωὴν
488 2409 535 2436 καὶ
561 2408 610 2443 τὴν
635 2407 792 2443 μέλλουσαν,
812 2406 907 2442 ὥσπερ

121 2456 196 2487 τινὰς
213 2455 307 2489 γενεὰς
323 2454 465 2490 διαφόρους
484 2453 572 2487 σοφῶς
581 2453 709 2487 διεξάγει,
732 2451 908 2487 καταλλήλως

122 2501 280 2537 ἑκάστῃτδν
296 2500 432 2535 πρέποντα
455 2499 555 2534 τρόπον
577 2499 628 2534 τῆς
651 2498 792 2533 ἐνεργείας
817 2505 890 2532 προσ

122 2550 150 2575 νὲ
154 2558 221 2584 μων.

959 2321 1109 2348 humanum
1135 2321 1236 2349 deitate
1259 2322 1673 2357 donandum,exinanitionem;
1695 2332 1747 2359 qua

956 2367 1084 2394 videlicet
1108 2368 1231 2394 omnium
1256 2367 1337 2394 ﬁnem
1377 2369 1540 2395 saeculorum
1576 2369 1749 2397 circumscri—

958 2415 1035 2445 ptum
1050 2411 1134 2438 habet
1153 2420 1160 2438 :
1176 2412 1358 2447 cogitationes
1374 2421 1440 2440 vero
1459 2413 1551 2441 cerdis
1568 2414 1638 2448 ejus,
1657 2415 1749 2448 provi-

958 2456 1103 2484 dentiamc
1124 2457 1221 2492 judicii
1239 2457 1359 2485 rationes
1374 2458 1552 2492 quibus,tum
1575 2462 1749 2493 praesentem,

959 2508 1040 2536 quam
1065 2501 1171 2536 agimus
1193 2502 1287 2534 vitam,
1311 2507 1369 2529 tum
1394 2503 1525 2536 futuram,
1552 2511 1602 2530 ceu
1627 2503 1750 2530 diversas

960 2545 1093 2580 quasdam
1108 2546 1299 2580 generationes
1321 2548 1461 2582 sapienter
1479 2548 1598 2575 traducit
1611 2548 1751 2583 transigit.

123 2602 186 2629 que,
202 2601 321 2629 congrua
336 2592 436 2627 cuique
454 2592 561 2619 ratione
582 2591 794 2619 convenientem
820 2590 989 2625 operationis
1019 2591 1131 2618 modum
1163 2591 1288 2620 dwidens
1315 2600 1348 2620 ac
1366 2593 1537 2628 impar-tiens.

160 2688 189 2716 Et
204 2689 232 2715 δὲ
246 2688 321 2719 Θείας
332 2687 449 2722 ὑπάρχει
465 2686 561 2722 βουλῆς
576 2686 656 2722 ἔργον
683 2685 759 2721 ἠτῆς
773 2685 909 2721 ἡμετέρας

125 2735 230 2769 φύσεως
245 2734 341 2765 θέωσις
351 2743 357 2749 ·
370 2732 416 2760 καὶ
427 2732 481 2758 τῶν
491 2732 571 2759 θείων
579 2732 717 2768 λογισμῶν
728 2733 785 2759 ἐστι
798 2731 909 2763 σκοπὸς,

125 2783 141 2816 ή
167 2782 235 2816 πρὸς
257 2780 287 2806 τὸ
315 2780 400 2814 πέρας
429 2779 579 2820 διεξαγωγὴ
604 2779 658 2806 τῶν
674 2779 844 2815 ζητουμένων
859 2778 910 2812 τῆς

996 2684 1074 2718 Quod
1091 2685 1114 2712 si
1135 2684 1221 2712 divini
1242 2685 1348 2713 consilii
1364 2693 1434 2720 opus
1454 2689 1497 2712 est
1516 2685 1627 2712 humani
1643 2685 1751 2720 generis

962 2731 1119 2763 deiﬁeatio,
1151 2739 1239 2766 eoque
1261 2731 1410 2758 collineant
1436 2731 1535 2759 divina:
1561 2731 1751 2766 cogitationes.

964 2783 994 2804 ut
1009 2777 1064 2804 vita
1076 2781 1168 2804 nostra
1187 2777 1215 2804 in
1235 2783 1330 2804 eorum
1345 2783 1406 2811 quae
1423 2776 1548 2804 oratione
1563 2779 1705 2810 petuntur.
1719 2774 1751 2802 tl-

161 2870 255 2898 ‘Psal.
272 2879 344 2901 xvm.
363 2871 403 2898 lt).
442 2871 452 2885 ’
465 2871 544 2898 Joan.
562 2878 598 2902 Iv,
621 2870 660 2897 l8.
701 2871 710 2886 ³
725 2870 788 2904 Sap.
806 2878 841 2901 iV,
862 2868 902 2895 Ii.
942 2867 950 2883 ⁸
968 2867 1036 2894 l‘sul.
1054 2875 1135 2899 xxx",
1154 2867 1196 2893 il.

243 2916 379 2946 PATROL.
397 2918 454 2946 Gn.
481 2916 529 2946 XC

1554 2908 1592 2940 28
