1936 3078
235 126 288 158 875

821 123 850 152 S.
872 122 1015 152 MAXIMI
1035 120 1293 152 CONFESSORIS

1812 117 1860 149 8'26

233 189 295 210 nem
309 180 462 218 dirigatur,
488 180 580 216 utique
599 179 778 208 utilissimum
797 182 839 206 est
853 183 881 206 et
898 185 980 205 nosse
995 181 1023 204 et

1079 177 1210 213 ἡμετέρας
1225 176 1297 211 ζωῆς
1308 185 1314 191 ·
1330 177 1383 211 ἄρα
1399 176 1534 212 συμφέρει
1549 174 1597 210 τῆς
1609 174 1654 201 τοῦ
1668 173 1769 209 Κυρίου
1780 181 1861 208 προσ-

232 228 345 263 cxscqui
365 226 497 255 orationis
509 226 658 254 Dominicce
670 226 736 259 vim,
748 233 780 253 ac
795 225 834 252 sic
848 225 951 260 scripto
964 231 1023 251 eam

233 275 406 310 consignare.
425 273 559 307 Quoniam
576 281 644 301 vero
667 273 750 301 etiam
769 273 829 308 ejus
850 271 1023 306 potissimum

232 320 367 348 orationis
384 322 417 347 ad
433 328 476 348 me
493 328 603 348 servum
618 327 698 348 suum
716 319 850 346 Dominus
865 325 943 345 meus
958 316 1024 344 scri-

232 364 311 396 bens,
321 363 415 390 divino
429 363 562 391 instinctu
577 363 776 395 commeminit,
789 370 870 398 quam
884 366 912 388 et
927 367 1024 389 eorum

231 417 292 444 qua:
310 408 378 436 mihi
394 408 512 436 dicenda
524 414 589 437 sunt
603 408 761 436 necessario
774 411 965 442 argumentum
980 414 1024 433 as-

230 462 328 488 sumo;
355 455 445 490 ipsum
463 455 597 482 orationis
613 455 697 490 hujus
713 459 910 489 praeceptorem
929 451 1024 479 Domi-

231 509 297 528 num
313 501 440 533 obsecro,
454 505 486 528 nt
499 507 620 529 mentem
638 501 705 528 mihi
731 500 846 535 aperiat.
862 498 896 526 ad
920 497 1025 525 intelli-

222 546 320 582 genda
333 547 463 582 mysteria
490 555 551 582 qua:
569 546 597 574 in
614 547 660 574 illa
672 546 866 578 continentur,
889 552 920 572 ac
937 552 1026 579 quan--

232 596 290 619 tum
313 599 427 620 necesse
445 592 481 620 sit
496 600 651 620 sermonem
675 592 836 627 elargiatur,
853 595 883 617 ut
902 598 962 625 qua:
986 589 1028 616 in-

233 636 375 670 tellexero,
399 637 473 665 clare
497 638 599 672 possim
624 637 773 673 explicare.
811 635 1027 671 Comprehendit

231 682 306 709 enim
328 682 407 710 brevi
425 683 569 718 complexu
585 691 617 710 ac
635 681 830 710 informatione
847 681 961 717 mystice
979 689 1027 708 oe-

232 727 355 760 cultum;
377 727 420 755 vel
447 727 489 763 (ut
506 727 606 755 melius
629 728 730 762 dicam)
757 727 801 754 his
820 727 868 762 qei
885 726 1027 754 intellectu

233 774 337 806 valent,
356 774 502 802 manifeste
526 773 712 806 enuntiatum,
728 781 841 809 scopum
866 780 976 800 omnem
999 775 1028 799 et

234 820 327 852 linem,
344 820 425 856 346
449 820 495 855 qui
512 820 538 847 in
554 820 597 854 iis,
615 827 676 854 quae
699 823 764 846 sunt
789 819 874 851 dicta,
898 818 1026 846 habetur.

234 865 365 893 Omnium
377 866 451 893 enim
465 874 582 902 quarunt
596 874 646 901 per
656 874 766 893 carnem
777 866 824 893 Dei
837 864 956 893 Verbum
973 863 1030 891 cxi-
1045 855 1065 883 Β

233 912 358 938 nanitum
383 911 473 946 ipsum
500 916 597 938 auctor
615 911 731 944 exstitit,
747 911 908 947 petitionem
931 910 1031 938 oratio-

234 958 277 985 nis
293 962 384 985 textus
398 957 602 992 complectitur,
616 957 730 990 docens,
744 962 774 985 ut
788 965 820 984 ea
833 957 905 984 bona
920 957 1029 991 assequi

233 1003 405 1037 Studeamus,
432 1011 551 1038 quorum
575 1004 651 1031 solus
669 1004 743 1031 Deus
766 1007 794 1031 et
811 1003 892 1030 Pater
910 1011 960 1038 per
985 1002 1030 1030 Fi-

233 1050 300 1076 lium
331 1049 495 1076 naturaliter
526 1048 694 1076 ntediantem
725 1049 753 1076 in
799 1048 903 1083 Spiritu
935 1053 1030 1076 sancto

233 1102 296 1121 vere
320 1094 436 1129 largitor
467 1097 526 1126 est;
555 1094 780 1129 quandoquidem
802 1095 879 1129 juxta
905 1094 1030 1121 divinum

232 1140 404 1175 Apostolum,
431 1139 566 1167 Dominus
582 1140 663 1167 Jesus
686 1140 735 1167 Dei
760 1145 789 1167 et
804 1139 947 1168 hominum
971 1147 1030 1168 me—

232 1186 323 1214 diator
339 1186 417 1219 est';
435 1185 482 1220 qui
498 1186 630 1213 nimirum
646 1186 808 1214 intermedia
824 1193 906 1213 carne
921 1186 1030 1214 Patrem

233 1231 395 1258 hominibus
410 1231 547 1266 ignotum,
562 1235 658 1258 notum
677 1230 774 1264 faciat;
796 1231 926 1266 Patrique
942 1231 1031 1259 homi-

232 1285 292 1309 nes,
307 1276 334 1304 in
354 1284 384 1304 se
405 1276 474 1311 ipse,
494 1284 545 1311 per
567 1276 701 1311 Spiritum
726 1278 930 1310 reconciliatos,
944 1278 1031 1305 addu-

233 1327 293 1356 cat;
317 1330 368 1357 pro
394 1322 506 1356 quibus,
532 1330 564 1350 ac
579 1330 698 1357 quorum
721 1323 809 1358 gratia
831 1323 900 1350 citra
919 1332 1029 1351 omnem

234 1369 417 1397 mutationem
434 1368 523 1396 factus
540 1368 636 1402 homo,
653 1373 694 1396 tot
712 1372 917 1404 tantorumque,
935 1374 964 1397 ut
981 1377 1029 1397 eo-

228 1423 295 1442 rum
317 1415 360 1442 vel
378 1414 565 1442 multitudinis
584 1415 627 1441 vel
651 1414 850 1450 magnitudinis
874 1415 950 1443 nulla
976 1423 1028 1443 un-

231 1468 314 1494 quum
330 1461 394 1488 iniri
412 1461 500 1495 possit
515 1461 597 1493 ratio,
611 1468 748 1488 novorum
764 1461 958 1495 mysteriorum
971 1462 1030 1497 ipse

233 1511 329 1534 auctor
337 1509 419 1540 atque
428 1505 530 1540 opifex,
537 1505 688 1541 doctorqne
698 1506 812 1534 exsistat
822 1515 829 1533 :
838 1515 854 1534 e
864 1507 966 1542 quibus
974 1513 1031 1542 prae

234 1551 340 1579 caeteris
348 1556 453 1586 septem
463 1559 579 1579 numero
591 1551 799 1585 universaliora,
808 1560 858 1588 pro
867 1553 967 1580 eximia
981 1561 1031 1581 sua

232 1598 397 1625 liberalitate
422 1597 527 1632 liquido
552 1598 711 1626 hominibus
731 1599 886 1632 concessit;
910 1607 1030 1634 quorum

233 1643 348 1677 mystice
358 1643 426 1676 vim,
439 1643 480 1670 uti
497 1643 634 1676 dicebam,
649 1644 843 1679 complectitur
857 1652 956 1681 scopus
969 1653 1031 1673 ora-

235 1689 339 1715 tionis:
359 1696 468 1724 nempe,
484 1689 662 1724 theologiam,
681 1689 858 1725 adoptionem
879 1691 906 1718 in
931 1692 1029 1727 gratia,

234 1742 327 1769 parem
356 1742 418 1761 cum
443 1734 548 1769 angelis
577 1735 691 1762 honoris
716 1739 831 1769 sortem,
854 1737 1028 1772 sempiterna:

231 1780 293 1806 vita:
308 1779 477 1812 societatem,
490 1784 596 1808 naturae
608 1780 636 1808 in
652 1780 770 1815 seipsam
796 1781 871 1808 nulla
884 1781 945 1809 vitii
965 1782 1027 1810 labe

231 1830 279 1852 aut
294 1825 408 1853 libidine
437 1825 595 1854 inclinantis
617 1826 644 1854 in
657 1821 794 1862 integrum
811 1827 1027 1861 restitutionem,

231 1871 299 1906 legis
327 1871 434 1906 peccati
457 1871 693 1905 destructionem,
718 1881 751 1901 ac
775 1874 949 1909 nequissimi,
978 1875 1025 1910 qui

232 1915 375 1944 Dictorum
395 1916 479 1952 igitur
496 1917 643 1945 veritatem
663 1919 760 1946 sedulo
775 1919 963 1954 exquiramus.

267 1963 335 1990 Nam
364 1963 530 1999 theologiam
559 1965 673 2000 quidem
697 1965 789 1999 docet,
813 1967 888 2002 quod
917 1975 1027 1997 carnem

233 2008 393 2042 assumpsit,
410 2009 457 2036 Dei
477 2010 608 2043 Verbum,
623 2011 650 2038 in
666 2019 695 2038 se
710 2011 841 2039 nimirum
867 2012 976 2040 Patrem
1000 2019 1028 2041 ct

233 2058 366 2094 Spiritum
385 2064 511 2088 sanctum
537 2061 698 2089 ostendens.
722 2062 808 2090 Totus
835 2064 909 2091 enim
935 2064 1026 2097 Pater,

233 2108 362 2140 totusque
378 2105 446 2132 adeo
462 2105 582 2140 Spiritus
598 2111 711 2134 sanctus
722 2107 907 2136 cssentialiter
924 2108 950 2136 in
970 2113 1028 2137 toto

232 2150 356 2185 perfecte
373 2150 443 2177 Filio
467 2154 557 2183 erant,
582 2151 666 2178 etiam
691 2151 844 2185 incarnato,
861 2161 916 2180 non
936 2157 1026 2181 tamen

1075 223 1158 258 ευχῆς
1196 222 1298 256 γνῶναί
1326 229 1355 248 τε
1374 221 1422 248 καὶ
1450 221 1564 256 πρᾶξαι,
1590 219 1638 246 καὶ
1667 218 1737 246 οὕτω
1748 217 1861 249 δεόντως

1074 268 1187 304 γράψαι,
1214 268 1264 303 τὴν
1289 267 1415 303 δύναμιν.
1436 266 1513 293 Ἐπεὶ
1529 266 1557 293 δὲ
1573 265 1690 300 μάλιστα
1704 265 1806 299 ταῦτ-ης
1818 265 1861 291 καὶ

1074 315 1088 340 ὁ
1102 314 1167 349 ὲμὺς
1185 313 1324 349 Δεσπότης
1341 313 1409 346 πρὸς
1423 312 1473 348 ἐμὲ
1489 312 1534 339 τὸν
1555 311 1637 339 αὐτοῦ
1650 310 1741 337 δοῦλον
1751 310 1862 345 γράφων

1076 360 1168 387 θεόθεν
1183 359 1306 395 κινηθεὶς
1322 359 1483 395 ἐπεμνήσθη
1498 358 1548 394 τῆς
1571 357 1737 394 προσευχῆς,
1762 356 1797 391 ἢν
1820 357 1862 382 καὶ

1075 406 1130 434 τῶν
1154 406 1229 441 ἐμῶν
1254 405 1412 440 ἀναγκαίως
1435 404 1565 431 ὑπόθεσιν
1591 403 1679 437 λόγων
1695 401 1861 436 ποιούμενος,

1076 452 1204 487 αἰτοῦμαι
1219 451 1264 478 τὸν
1281 451 1383 487 ταύτης
1396 450 1555 478 διδάσκαλον
1568 450 1618 484 τῆς
1636 448 1792 485 προσευχῆς
1811 447 1863 474 Κῦ-

1078 508 1146 534 ριον,
1171 497 1301 530 διανοῖξαί
1329 506 1380 531 μου
1402 497 1447 523 τὸν
1470 496 1532 523 νοῦν
1548 496 1617 532 πρὸς
1636 495 1803 530 κατανόησιν
1815 494 1863 520 τῶν

1077 545 1106 570 ὲν
1122 544 1191 578 αὐτῇ
1216 543 1385 580 μυστηρίων,
1412 543 1460 569 καὶ
1488 541 1579 568 δοῦναι
1607 540 1766 576 σύμμετρον
1790 540 1863 573 λόγον

1077 590 1144 625 πρὸς
1159 590 1208 624 τὴν
1219 589 1272 615 τῶν
1283 588 1436 623 νοουμένων
1452 589 1611 623 σαφήνειαν.
1628 587 1708 613 Ὀλον
1732 586 1788 621 γὰρ
1814 585 1865 620 ἔχει

1078 634 1149 662 κατά
1171 634 1345 670 περιγραφὴν
1359 634 1404 660 τὸν
1421 635 1449 660 ὲν
1465 634 1520 665 τοῖς
1535 632 1692 670 εἰρημένοις
1704 632 1807 658 σκοπὸν
1821 640 1866 666 μυ-

1079 680 1179 713 στικῶς
1198 681 1409 716 κεκρυμμένον·
1440 680 1468 716 ἦ,
1494 679 1558 714 τόγε
1585 678 1753 714 κυριώτερον
1774 678 1866 709 εἰπεῖν,

1076 718 1133 759 ’τοῖς
1159 728 1328 763 ὲῤῥωμένοις
1345 727 1391 754 ’ὼν
1412 726 1475 754 νοῦν
1503 725 1633 762 ἐμφανῶς
1657 723 1864 760 κηρυττόμενον.

1079 776 1192 803 Πάντων
1216 776 1270 810 γὰρ
1293 773 1330 803 ὧν
1355 775 1397 802 διὰ
1419 773 1520 809 σαρκὸς
1534 773 1645 808 γέγονεν
1661 772 1812 808 αὐτουργὸς
1827 779 1866 797 κε-

1079 823 1176 855 νωθεὶς
1203 824 1216 850 ὁ
1239 823 1284 849 τοῦ
1300 821 1368 848 Θεοῦ
1384 821 1481 855 Λόγος,
1496 821 1604 855 αἴτησιν
1621 819 1676 854 ἔχει
1688 820 1738 853 τῆς
1754 825 1866 853 προσευ-

1079 870 1130 905 χῆς
1148 869 1264 903 ὁλόγος,
1287 868 1419 896 διδάσκων
1448 867 1559 894 ἐκείνων
1583 864 1793 901 μεταποιεῖσθαι
1819 863 1869 889 τῶν

1079 915 1200 949 ἀγαθῶν,
1223 912 1260 941 ὧν
1281 914 1360 949 μόνος
1381 915 1395 940 ὀ
1410 913 1476 944 Θεὸς
1490 912 1537 939 καὶ
1553 910 1648 946 Πατὴρ
1663 911 1696 937 δι’
1714 909 1782 936 Tim?
1798 917 1867 943 φυσι-

1080 962 1136 993 κῶς
1166 960 1355 996 μεσιτεύοντος
1377 960 1406 986 ἐν
1426 959 1496 994 ἁγίῳ
1513 956 1726 993 Πνεύματικατ⁸
1747 955 1866 991 ἀλήθειάν

1079 1007 1138 1033 ἐστι
1165 1006 1282 1042 χορηγός
1294 1013 1301 1020 ·
1324 1005 1404 1040 εἴπερ
1427 1004 1541 1040 μεσίτης
1561 1003 1628 1030 Θεοῦ
1646 1003 1693 1030 καὶ
1709 1002 1867 1037 ἀνθρώπων,

1080 1051 1150 1078 κατὰ
1166 1050 1211 1077 τὸν
1230 1050 1301 1077 θεῖον
1323 1049 1496 1081 ’Δπὸστολον,
1508 1049 1522 1074 ὁ
1539 1048 1641 1084 Κύριός
1652 1047 1727 1074 ἐστιν
1745 1046 1846 1081 Ἰησοῦς
1860 1054 1866 1059 ·

1079 1098 1136 1128 τοῖς
1168 1096 1218 1131 μὲν
1248 1095 1419 1130 ἀνθρώποις,
1448 1094 1492 1121 διὰ
1522 1094 1622 1129 σαρκὸς
1650 1092 1764 1128 ἐμφανῆ
1791 1092 1868 1119 ποιῶν

1080 1140 1260 1176 ἀγνοούμενον
1277 1140 1322 1167 τὸν
1341 1140 1473 1178 Πατέρα-ί
1491 1139 1531 1175 τῷ
1550 1139 1579 1166 δὲ
1607 1139 1695 1174 Πατρὶ
1723 1139 1770 1166 διὰ
1792 1138 1866 1165 Πνεῦ-

1082 1196 1164 1222 ματος
1173 1187 1201 1214 ὲν
1211 1186 1299 1222 ἑαυτῷ
1309 1187 1371 1219 τοὺς
1383 1185 1543 1222 ἀνθρώπους
1549 1185 1774 1217 καταλλαγέντας
1789 1193 1866 1220 προσ-

1081 1233 1154 1267 άγων
1170 1240 1176 1247 '
1195 1232 1264 1267 ὑπὲρ
1288 1228 1336 1264 ὧν,
1364 1231 1411 1258 καὶ
1429 1230 1464 1257 δι’
1485 1229 1532 1262 οὓς
1560 1230 1704 1266 ἀτρέπτως
1730 1229 1867 1264 γενόμενος

1080 1279 1232 1315 ἄνθρωπος,
1261 1278 1366 1305 πολλῶν
1383 1278 1445 1304 ὅσον
1461 1277 1568 1304 οὐδέπω
1585 1276 1676 1312 μέτρῳ
1704 1275 1868 1311 περιλαῦείν,

1080 1326 1110 1353 τό
1134 1335 1164 1352 τε
1196 1324 1299 1360 πλῆθος
1324 1324 1371 1352 καὶ
1387 1322 1500 1359 μέγεθος
1511 1322 1760 1358 δεδύνηται).όγος,
1775 1321 1868 1349 male!

1082 1370 1239 1407 μυστηρίων
1267 1369 1418 1406 αὐτουργὸς
1442 1369 1549 1403 γίνεται
1575 1369 1623 1395 καὶ
1637 1368 1800 1399 διδάσκαλος
1816 1375 1823 1382 ·
1836 1364 1868 1393 ὢν

1080 1416 1150 1443 ἑπτὰ
1161 1416 1206 1442 τὸν
1220 1415 1336 1452 ἀριθμὸν
1350 1414 1521 1450 γενικώτερα
1531 1414 1586 1441 τῶν
1598 1414 1710 1446 λοιπῶν,
1727 1414 1790 1441 κατ’
1802 1412 1867 1446 ἐξαί-

1082 1470 1159 1497 ρετον
1182 1461 1337 1497 φιλοτιμίαν
1360 1461 1495 1496 πέφανται
1524 1462 1580 1492 τοῖς
1592 1460 1748 1496 ἀνθρώποις
1760 1460 1868 1495 δεδωρη-

1044 1529 1065 1559 c
1083 1508 1162 1544 μένος
1176 1516 1183 1524 ’
1202 1505 1238 1535 ὥν
1254 1508 1392 1544 μυστικῶς
1403 1508 1526 1543 περιέχει
1536 1507 1587 1543 τὴν
1602 1506 1729 1542 δύναμιν,
1739 1506 1869 1559 έῦςιὲφην.

1081 1555 1132 1590 τῆς
1159 1554 1316 1590 προσευχῆς
1338 1553 1353 1580 ὁ
1378 1554 1478 1585 σκοπός
1492 1561 1500 1568 ·
1524 1552 1676 1587 θεολογίαν,
1693 1551 1830 1579 υίοθεσίαν
1843 1551 1868 1576 ἐν

1079 1601 1182 1636 χάριτι,
1209 1599 1346 1635 ίσοτιμίαν
1360 1599 1410 1635 τὴν
1429 1599 1499 1635 πρὸς
1528 1598 1677 1633 ἀγγέλους,
1696 1597 1785 1624 ἀϊδίου
1803 1595 1868 1630 ζωῆς

1081 1646 1210 1682 μετοχὴν,
1239 1646 1347 1681 φύσεως
1374 1645 1489 1677 ἀπαθῶς
1517 1645 1586 1680 πρδς
1617 1643 1716 1679 ἑαυτὴν
1744 1642 1867 1676 νευούσης

1078 1692 1312 1725 ἀποκατάστασιν,
1331 1692 1378 1718 τοῦ
1399 1692 1481 1728 νόμου
1495 1691 1544 1727 τῆς
1560 1688 1699 1726 ἆμαρτίας
1712 1690 1867 1720 κατάλυσιν,

1079 1739 1127 1766 καὶ
1149 1738 1200 1774 τῆς
1218 1738 1265 1765 τοῦ
1283 1738 1470 1774 κρατήσαντος
1484 1737 1563 1774 ἡμῶν
1578 1737 1611 1764 δι’
1625 1737 1736 1771 ἀπάτης
1755 1733 1867 1770 πονηροῦ

1081 1785 1239 1821 τυραννίδος
1268 1784 1438 1820 καθαίρεσιν.
1464 1784 1613 1819 Σκοπῶμεν
1637 1780 1684 1809 οὖν
1701 1782 1752 1818 τὴν
1768 1781 1820 1808 τῶν
1834 1780 1866 1806 λε-

1081 1831 1198 1866 χθέντων
1211 1830 1351 1866 ἀλήθειαν.

1045 1885 1096 1905 nos
1131 1877 1291 1906 sedueeudo
1317 1877 1472 1910 addixerat,
1504 1876 1660 1913 tyrannidis
1681 1875 1864 1903 abolitionem.

1117 1969 1263 2003 Θ;ολογίαν
1282 1969 1331 2005 μὲν
1353 1968 1407 2003 γὰρ
1434 1967 1554 1995 διδάσκει
1581 1957 1769 2003 σαρκούμενος
1788 1968 1802 1995 ὁ
1824 1966 1865 1994 τοῦ

1078 2014 1147 2042 Θεοῦ
1171 2016 1268 2049 Λόγος,
1289 2015 1326 2046 ὡς
1349 2015 1377 2041 ὲν
1403 2014 1492 2049 ἑαυτῷ
1516 2014 1622 2046 δεικνὺς
1643 2014 1689 2040 τὸν
1703 2014 1812 2049 Πατέρα
1825 2013 1864 2039 καὶ

1078 2061 1108 2087 τὸ
1123 2061 1237 2097 Πνεῦμα
1254 2061 1285 2087 τὺ
1308 2061 1397 2094 ἆγιον.
1422 2060 1502 2092 Ὀλος
1524 2059 1579 2095 γὰρ
1600 2057 1634 2095 ἦν
1656 2060 1670 2086 ὁ
1689 2059 1798 2095 Πατὴρ,
1823 2057 1863 2086 καὶ

1078 2107 1138 2134 ὅλον
1154 2107 1184 2133 τὸ
1203 2106 1316 2141 Πνεῦμα
1330 2107 1360 2133 τὸ
1374 2106 1464 2141 ἅγιον,
1483 2105 1620 2137 οὐσιωδῶς
1642 2106 1671 2132 ὲν
1690 2105 1752 2141 ὄλ(ρί
1763 2103 1863 2139 τελείως

1078 2152 1116 2187 τῷ
1131 2151 1187 2186 Υἱῷ
1202 2152 1248 2178 καὶ
1268 2151 1458 2187 σαρκουμένῳ,
1482 2151 1513 2177 οὐ
1543 2150 1726 2186 σαρκούμενοι
1743 2157 1751 2164 ’
1775 2148 1832 2177 ἀλλ’
1851 2148 1864 2173 ὁ

233 2195 285 2230 ipsi
316 2196 467 2228 incarnati;
492 2196 538 2222 sed
568 2204 600 2223 ea
625 2197 732 2224 ratione
758 2198 832 2232 quod
859 2198 940 2225 Pater
960 2207 1025 2233 pro-

1081 2197 1131 2232 μὲν
1157 2197 1286 2230 εὐδοκῶν,
1315 2197 1347 2223 τὸ
1370 2196 1398 2223 δὲ
1425 2195 1581 2232 συνεργοῦν,
1612 2196 1806 2231 αὑτουργοῦντι
1828 2193 1863 2228 τῷ

233 2248 318 2275 pense
343 2242 440 2268 volens
467 2250 498 2269 ac
522 2242 707 2277 complacens,
733 2242 853 2278 Spiritus
874 2251 1027 2278 cooperans

233 2290 301 2319 erat,
319 2286 397 2319 Filio,
412 2287 458 2322 qui
476 2287 533 2322 ipse
554 2288 606 2314 sibi
623 2296 734 2315 carnem
749 2289 880 2316 conderet
899 2298 905 2316 :
924 2290 1026 2324 quippe

233 2340 296 2359 eum
314 2332 434 2360 Verbum
457 2337 548 2361 mente
568 2333 713 2368 praeditum
735 2335 963 2369 perseveraverit,
986 2336 1027 2362 vi—

234 2383 314 2413 taque
340 2378 482 2411 incolumi,
509 2388 540 2406 ac
560 2379 707 2414 ejusmodi,
730 2384 762 2407 ut
781 2388 796 2407 a
816 2380 875 2408 solo
895 2380 1026 2409 duntaxat

232 2424 313 2451 Patre
330 2428 357 2451 cl
383 2423 488 2458 Spiritu
514 2428 620 2457 sancto,
637 2424 710 2458 quod
727 2424 846 2452 essentia
867 2429 918 2456 est,
935 2425 1026 2460 capia-

1081 2245 1139 2280 Υἱῷ
1155 2244 1207 2280 (α)
1227 2244 1276 2279 τὴν
1297 2244 1434 2279 σάρκωσιν
1451 2253 1458 2259 ’
1482 2244 1561 2279 εἴπερ
1579 2243 1671 2274 ἔννους
1697 2242 1712 2268 ὁ
1728 2242 1814 2276 Λόγος
1829 2241 1862 2268 δι-

1080 2291 1172 2326 έμεινε
1190 2291 1238 2316 καὶ
1257 2289 1322 2322 ζῶν,
1341 2290 1388 2317 καὶ⁸
1407 2289 1501 2326 μηδενὶ
1516 2289 1546 2315 τὺ
1562 2289 1691 2324 παράπαν
1714 2288 1787 2322 ἄλλῳ
1807 2288 1866 2313 κατ’

1080 2336 1173 2363 οὐσίαν
1193 2336 1376 2372 χωρούμενος,
1397 2336 1413 2371 ἢ
1432 2337 1506 2372 μόνῳ
1517 2336 1555 2371 τῷ
1570 2336 1658 2370 Πατρὶ
1678 2334 1774 2369 καὶτῷ
1786 2331 1862 2360 Πνεῦ-

1080 2390 1157 2416 ματι,
1174 2381 1305 2416 καὶπρὸς
1327 2381 1376 2416 τὴν
1401 2381 1490 2416 σάρκα
1516 2380 1561 2407 διὰ
1583 2379 1798 2415 φιλανθρωπίαν,
1817 2377 1861 2411 τὴν

1080 2425 1140 2452 καθ’
1156 2426 1305 2452 ὑπόστασιν
1315 2425 1499 2461 ποιησάμενος
1515 2425 1622 2451 ἕνωσιν.

232 2476 294 2502 tur;
318 2474 375 2497 tum
389 2470 559 2503 ctiam,cum
575 2479 625 2506 pro
641 2478 756 2498 summae
778 2464 955 2506 benignitatis
987 2472 1142 2504 clementia,
1162 2472 1303 2505 unionem,
1335 2480 1396 2506 qum
1414 2475 1457 2499 est
1479 2472 1507 2498 in
1541 2478 1668 2506 persona,
1690 2477 1753 2498 cum
1786 2474 1859 2496 carne

235 2515 379 2542 contraxit.

268 2594 301 2621 'l
322 2594 442 2621 Timotb.
462 2603 490 2627 ll,
507 2595 532 2622 5.

261 2661 522 2698 (ιι).ὶρτσυργοῦντι
537 2663 577 2695 τῷ
597 2662 795 2695 Υιῷ.Ρτίηιιιιη
806 2663 883 2698 quod
893 2663 1018 2691 continet

232 2702 322 2725 oratio
339 2697 490 2733 Dominica,
520 2697 611 2725 divina
636 2697 773 2733 theologia
788 2697 829 2725 est
849 2707 855 2724 :
877 2698 1022 2726 Trinitatis

232 2733 299 2760 fides
315 2737 343 2760 et
358 2732 566 2765 incarnationis,
581 2740 642 2768 qua:
654 2733 714 2760 sita
730 2732 786 2760 tota
796 2733 933 2761 Trinitate
947 2733 1021 2760 indi-

232 2769 300 2800 vise,
312 2768 349 2795 ita
362 2772 452 2795 tamen
468 2772 498 2795 ut
517 2768 594 2796 solus
608 2768 696 2795 Filius
712 2768 873 2796 incarnatus
887 2768 941 2800 sit,
963 2769 1021 2803 ipse

231 2803 282 2830 sibi
299 2803 456 2837 αὑτουργῶν
472 2803 521 2838 τὴν
542 2804 691 2838 σάρκωσιν,
710 2809 802 2831 auctor
817 2804 1020 2836 incarnationis,

229 2838 312 2874 etqui
325 2839 446 2874 seipsum
457 2838 653 2873 incarnavcrit,
666 2838 714 2868 scd
729 2838 903 2871 εὐδοκοῦντος
916 2838 1022 2875 nugs;

1073 2665 1120 2691 καὶ
1135 2663 1330 2699 συνεργοῦντος
1343 2664 1390 2691 τοῦ
1422 2662 1500 2697 ἁγίου
1510 2664 1562 2691 Πνε
1568 2662 1669 2699 ύματος
1682 2670 1688 2676 ·
1703 2662 1790 2690 Patri:
1801 2666 1856 2698 pro:

1074 2707 1155 2740 pensa
1169 2699 1306 2740 ροίιιηιαξε
1324 2704 1350 2725 et
1364 2699 1468 2740 Spiritu
1487 2703 1578 2740 sancto
1595 2699 1799 2740 adjutoregnon

1074 2733 1125 2769 ipsi
1146 2734 1360 2769 αὐτουργοῦντες
1378 2733 1417 2761 illi
1437 2734 1485 2769 τὴν
1500 2733 1651 2769 σάρκωσιν,
1669 2733 1794 2769 Max-imo,
1815 2733 1856 2755 ειη

1074 2766 1190 2804 probato
1203 2766 1395 2805 ulli'theologo
1411 2766 1480 2805 dicit
1498 2766 1564 2805 sint,
1576 2773 1606 2796 ut
1619 2769 1695 2805 gravi
1713 2766 1808 2805 mendo
1819 2771 1856 2803 Γυ-

1073 2801 1222 2839 przcsentat
1231 2804 1333 2832 Catena
1346 2801 1460 2832 Cbrdcr.
1479 2801 1633 2840 redditque'
1646 2804 1704 2840 ipse
1713 2801 1856 2838 simplicius

1074 2840 1220 2876 minusque
1241 2839 1405 2876 theologice.
