  <div class='ocr_page' id='page_1' title='image "/cluster/home/n/w/nwhite01/storage/ocr_20150623/90/njp.32101077772828/458.png"; bbox 0 0 1936 3078; ppageno 0'>
   <div class='ocr_carea' id='block_1_1' title="bbox 65 155 123 188">
    <p class='ocr_par' dir='ltr' id='par_1_1' title="bbox 65 155 123 188">
     <span class='ocr_line' id='line_1_1' title="bbox 65 155 123 188; baseline -0.017 0"><span class='ocrx_word' id='word_1_1' title='bbox 65 155 123 188; x_wconf 78' lang='grc'><strong>881</strong></span> 
     </span>
    </p>
   </div>
   <div class='ocr_carea' id='block_1_2' title="bbox 557 158 1204 190">
    <p class='ocr_par' dir='ltr' id='par_1_2' title="bbox 557 158 1204 190">
     <span class='ocr_line' id='line_1_2' title="bbox 557 158 1204 190; baseline 0.005 -3"><span class='ocrx_word' id='word_1_2' title='bbox 557 158 756 188; x_wconf 82' lang='lat' dir='ltr'><strong>EXPOSITIO</strong></span> <span class='ocrx_word' id='word_1_3' title='bbox 775 159 940 190; x_wconf 77' lang='lat' dir='ltr'><strong>ORATION</strong></span> <span class='ocrx_word' id='word_1_4' title='bbox 944 161 981 189; x_wconf 87' lang='lat' dir='ltr'><strong>IS</strong></span> <span class='ocrx_word' id='word_1_5' title='bbox 1001 160 1204 190; x_wconf 45' lang='lat' dir='ltr'><strong>DOMINICiE.</strong></span> 
     </span>
    </p>
   </div>
   <div class='ocr_carea' id='block_1_3' title="bbox 1648 163 1700 195">
    <p class='ocr_par' dir='ltr' id='par_1_3' title="bbox 1648 163 1700 195">
     <span class='ocr_line' id='line_1_3' title="bbox 1648 163 1700 195; baseline -0.038 0"><span class='ocrx_word' id='word_1_6' title='bbox 1648 163 1700 195; x_wconf 64' lang='lat'><strong>882</strong></span> 
     </span>
    </p>
   </div>
   <div class='ocr_carea' id='block_1_4' title="bbox 68 213 865 252">
    <p class='ocr_par' dir='ltr' id='par_1_4' title="bbox 68 213 865 250">
     <span class='ocr_line' id='line_1_4' title="bbox 68 213 865 250; baseline 0.003 -10"><span class='ocrx_word' id='word_1_7' title='bbox 68 219 183 248; x_wconf 71' lang='grc' dir='ltr'>ιρωπος</span> <span class='ocrx_word' id='word_1_8' title='bbox 200 214 305 247; x_wconf 60' lang='grc' dir='ltr'>γίνεται</span> <span class='ocrx_word' id='word_1_9' title='bbox 327 213 368 250; x_wconf 81' lang='grc' dir='ltr'><strong>(τὸ</strong></span> <span class='ocrx_word' id='word_1_10' title='bbox 391 213 465 246; x_wconf 69' lang='grc' dir='ltr'>ξένον</span> <span class='ocrx_word' id='word_1_11' title='bbox 480 214 564 246; x_wconf 78' lang='grc' dir='ltr'>ὅντως</span> <span class='ocrx_word' id='word_1_12' title='bbox 583 215 700 250; x_wconf 80' lang='grc' dir='ltr'>πρᾶγμα</span> <span class='ocrx_word' id='word_1_13' title='bbox 722 216 768 242; x_wconf 57' lang='grc' dir='ltr'><strong>κοιλ⁵</strong></span> <span class='ocrx_word' id='word_1_14' title='bbox 783 215 865 242; x_wconf 75' lang='grc' dir='ltr'>ἄκου-</span> 
     </span>
    </p>
   </div>
   <div class='ocr_carea' id='block_1_5' title="bbox 916 213 1700 252">
    <p class='ocr_par' dir='ltr' id='par_1_5' title="bbox 917 215 1700 252">
     <span class='ocr_line' id='line_1_5' title="bbox 917 215 1700 252; baseline 0.001 -9"><span class='ocrx_word' id='word_1_15' title='bbox 917 216 990 244; x_wconf 87' lang='lat' dir='ltr'><strong>Deus</strong></span> <span class='ocrx_word' id='word_1_16' title='bbox 1001 223 1064 244; x_wconf 89' lang='lat' dir='ltr'><strong>cum</strong></span> <span class='ocrx_word' id='word_1_17' title='bbox 1078 221 1161 249; x_wconf 85' lang='lat' dir='ltr'><strong>esset,</strong></span> <span class='ocrx_word' id='word_1_18' title='bbox 1179 217 1261 244; x_wconf 87' lang='lat' dir='ltr'><strong>homo</strong></span> <span class='ocrx_word' id='word_1_19' title='bbox 1275 216 1304 243; x_wconf 85' lang='lat' dir='ltr'><strong>llt</strong></span> <span class='ocrx_word' id='word_1_20' title='bbox 1322 215 1390 252; x_wconf 89' lang='lat' dir='ltr'><strong>(rem</strong></span> <span class='ocrx_word' id='word_1_21' title='bbox 1409 217 1488 251; x_wconf 81' lang='lat' dir='ltr'><strong>plane</strong></span> <span class='ocrx_word' id='word_1_22' title='bbox 1501 225 1598 244; x_wconf 80' lang='lat' dir='ltr'><strong>novatn</strong></span> <span class='ocrx_word' id='word_1_23' title='bbox 1610 222 1635 245; x_wconf 86' lang='lat' dir='ltr'><strong>et</strong></span> <span class='ocrx_word' id='word_1_24' title='bbox 1650 225 1700 244; x_wconf 68' lang='lat' dir='ltr'><strong>au-</strong></span> 
     </span>
    </p>
   </div>
   <div class='ocr_carea' id='block_1_6' title="bbox 68 259 862 296">
    <p class='ocr_par' dir='ltr' id='par_1_6' title="bbox 68 259 862 296">
     <span class='ocr_line' id='line_1_6' title="bbox 68 259 862 296; baseline 0.006 -12"><span class='ocrx_word' id='word_1_25' title='bbox 68 259 143 292; x_wconf 88' lang='grc' dir='ltr'>σμα)</span> <span class='ocrx_word' id='word_1_26' title='bbox 161 260 262 286; x_wconf 78' lang='grc' dir='ltr'>καὶτὸν</span> <span class='ocrx_word' id='word_1_27' title='bbox 274 261 323 296; x_wconf 77' lang='grc' dir='ltr'><strong>τῆς</strong></span> <span class='ocrx_word' id='word_1_28' title='bbox 337 261 437 296; x_wconf 69' lang='grc' dir='ltr'>σαρκὸς</span> <span class='ocrx_word' id='word_1_29' title='bbox 453 260 537 287; x_wconf 73' lang='grc' dir='ltr'>θέλων</span> <span class='ocrx_word' id='word_1_30' title='bbox 549 261 726 295; x_wconf 70' lang='grc' dir='ltr'><strong>καταδέχεται</strong></span> <span class='ocrx_word' id='word_1_31' title='bbox 738 261 862 289; x_wconf 82' lang='grc' dir='ltr'>θάνατον.</span> 
     </span>
    </p>
   </div>
   <div class='ocr_carea' id='block_1_7' title="bbox 68 303 865 342">
    <p class='ocr_par' dir='ltr' id='par_1_7' title="bbox 68 303 865 342">
     <span class='ocr_line' id='line_1_7' title="bbox 68 303 865 342; baseline 0.004 -13"><span class='ocrx_word' id='word_1_32' title='bbox 68 303 184 330; x_wconf 73' lang='grc' dir='ltr'>Τούτων</span> <span class='ocrx_word' id='word_1_33' title='bbox 209 305 346 338; x_wconf 81' lang='grc' dir='ltr'>ἁπάντων,</span> <span class='ocrx_word' id='word_1_34' title='bbox 371 305 409 337; x_wconf 78' lang='grc' dir='ltr'>ὡς</span> <span class='ocrx_word' id='word_1_35' title='bbox 447 306 528 340; x_wconf 72' lang='grc' dir='ltr'>ἔφην,</span> <span class='ocrx_word' id='word_1_36' title='bbox 551 305 657 341; x_wconf 74' lang='grc' dir='ltr'>αἰτησιν</span> <span class='ocrx_word' id='word_1_37' title='bbox 683 306 753 340; x_wconf 78' lang='grc' dir='ltr'>ἔχων</span> <span class='ocrx_word' id='word_1_38' title='bbox 776 307 790 332; x_wconf 85' lang='grc' dir='ltr'><strong>ό</strong></span> <span class='ocrx_word' id='word_1_39' title='bbox 816 306 865 342; x_wconf 78' lang='grc' dir='ltr'>τῆς</span> 
     </span>
    </p>
   </div>
   <div class='ocr_carea' id='block_1_8' title="bbox 67 350 531 386">
    <p class='ocr_par' dir='ltr' id='par_1_8' title="bbox 67 350 531 386">
     <span class='ocr_line' id='line_1_8' title="bbox 67 350 531 386; baseline 0.006 -11"><span class='ocrx_word' id='word_1_40' title='bbox 67 350 234 385; x_wconf 79' lang='grc' dir='ltr'><strong>προσευχῆς</strong></span> <span class='ocrx_word' id='word_1_41' title='bbox 249 351 428 386; x_wconf 80' lang='grc' dir='ltr'><strong>εὑρεθήσεται</strong></span> <span class='ocrx_word' id='word_1_42' title='bbox 442 352 531 386; x_wconf 84' lang='grc' dir='ltr'>λόγος.</span> 
     </span>
    </p>
   </div>
   <div class='ocr_carea' id='block_1_9' title="bbox 105 396 865 433">
    <p class='ocr_par' dir='ltr' id='par_1_9' title="bbox 105 396 865 433">
     <span class='ocr_line' id='line_1_9' title="bbox 105 396 865 433; baseline 0.005 -12"><span class='ocrx_word' id='word_1_43' title='bbox 105 396 221 431; x_wconf 79' lang='grc' dir='ltr'>Πατέρα</span> <span class='ocrx_word' id='word_1_44' title='bbox 234 396 300 432; x_wconf 84' lang='grc' dir='ltr'>γὰρ,</span> <span class='ocrx_word' id='word_1_45' title='bbox 326 397 373 423; x_wconf 84' lang='grc' dir='ltr'>καὶ</span> <span class='ocrx_word' id='word_1_46' title='bbox 398 397 504 433; x_wconf 74' lang='grc' dir='ltr'>Πατρδς</span> <span class='ocrx_word' id='word_1_47' title='bbox 525 398 610 432; x_wconf 69' lang='grc' dir='ltr'>δνομα</span> <span class='ocrx_word' id='word_1_48' title='bbox 623 397 708 432; x_wconf 70' lang='grc' dir='ltr'>λέγει,</span> <span class='ocrx_word' id='word_1_49' title='bbox 728 398 774 425; x_wconf 80' lang='grc' dir='ltr'>καὶ</span> <span class='ocrx_word' id='word_1_50' title='bbox 790 398 865 433; x_wconf 77' lang='grc' dir='ltr'>βασι-</span> 
     </span>
    </p>
   </div>
   <div class='ocr_carea' id='block_1_10' title="bbox 68 440 863 478">
    <p class='ocr_par' dir='ltr' id='par_1_10' title="bbox 68 440 863 478">
     <span class='ocr_line' id='line_1_10' title="bbox 68 440 863 478; baseline 0.005 -12"><span class='ocrx_word' id='word_1_51' title='bbox 68 440 150 467; x_wconf 64' lang='grc' dir='ltr'>λείαν</span> <span class='ocrx_word' id='word_1_52' title='bbox 161 448 168 455; x_wconf 95' lang='grc'><strong>·</strong></span> <span class='ocrx_word' id='word_1_53' title='bbox 187 441 234 467; x_wconf 74' lang='grc' dir='ltr'><strong>καὶ</strong></span> <span class='ocrx_word' id='word_1_54' title='bbox 250 441 346 468; x_wconf 76' lang='grc' dir='ltr'>τούτου</span> <span class='ocrx_word' id='word_1_55' title='bbox 360 442 406 469; x_wconf 82' lang='grc' dir='ltr'>τοῦ</span> <span class='ocrx_word' id='word_1_56' title='bbox 422 443 529 478; x_wconf 73' lang='grc' dir='ltr'>Πατρδς</span> <span class='ocrx_word' id='word_1_57' title='bbox 541 442 620 475; x_wconf 77' lang='grc' dir='ltr'>αὖθις</span> <span class='ocrx_word' id='word_1_58' title='bbox 636 443 699 470; x_wconf 82' lang='grc' dir='ltr'>Υἱδν</span> <span class='ocrx_word' id='word_1_59' title='bbox 711 443 740 469; x_wconf 80' lang='grc' dir='ltr'>ἐν</span> <span class='ocrx_word' id='word_1_60' title='bbox 762 443 863 478; x_wconf 80' lang='grc' dir='ltr'>χάριτι,</span> 
     </span>
    </p>
   </div>
   <div class='ocr_carea' id='block_1_11' title="bbox 67 486 865 526">
    <p class='ocr_par' dir='ltr' id='par_1_11' title="bbox 67 486 865 526">
     <span class='ocr_line' id='line_1_11' title="bbox 67 486 865 526; baseline 0.005 -14"><span class='ocrx_word' id='word_1_61' title='bbox 67 486 117 512; x_wconf 77' lang='grc' dir='ltr'>τὸν</span> <span class='ocrx_word' id='word_1_62' title='bbox 135 488 354 522; x_wconf 75' lang='grc' dir='ltr'><strong>προσευχόμενον</strong></span> <span class='ocrx_word' id='word_1_63' title='bbox 367 488 431 515; x_wconf 74' lang='grc' dir='ltr'>ὄντα</span> <span class='ocrx_word' id='word_1_64' title='bbox 446 489 620 524; x_wconf 76' lang='grc' dir='ltr'><strong>παρίστησιν.</strong></span> <span class='ocrx_word' id='word_1_65' title='bbox 643 490 717 521; x_wconf 77' lang='grc' dir='ltr'>Ἐνός</span> <span class='ocrx_word' id='word_1_66' title='bbox 733 498 763 516; x_wconf 88' lang='grc' dir='ltr'>τε</span> <span class='ocrx_word' id='word_1_67' title='bbox 786 489 865 526; x_wconf 79' lang='grc' dir='ltr'>θελή-</span> 
     </span>
    </p>
   </div>
   <div class='ocr_carea' id='block_1_12' title="bbox 24 533 865 572">
    <p class='ocr_par' dir='ltr' id='par_1_12' title="bbox 24 533 865 572">
     <span class='ocr_line' id='line_1_12' title="bbox 24 533 865 572; baseline 0.006 -13"><span class='ocrx_word' id='word_1_68' title='bbox 24 555 28 559; x_wconf 96' lang='grc'>.</span> <span class='ocrx_word' id='word_1_69' title='bbox 70 540 161 566; x_wconf 75' lang='grc' dir='ltr'>ματος</span> <span class='ocrx_word' id='word_1_70' title='bbox 174 533 237 564; x_wconf 81' lang='grc' dir='ltr'>τοὺς</span> <span class='ocrx_word' id='word_1_71' title='bbox 250 534 280 560; x_wconf 73' lang='grc' dir='ltr'>ἐν</span> <span class='ocrx_word' id='word_1_72' title='bbox 296 533 403 569; x_wconf 78' lang='grc' dir='ltr'>οὐρανῷ</span> <span class='ocrx_word' id='word_1_73' title='bbox 413 535 459 561; x_wconf 67' lang='grc' dir='ltr'>καὶ</span> <span class='ocrx_word' id='word_1_74' title='bbox 472 536 507 570; x_wconf 82' lang='grc' dir='ltr'><strong>γῇ</strong></span> <span class='ocrx_word' id='word_1_75' title='bbox 523 535 648 569; x_wconf 82' lang='grc' dir='ltr'>γενέσθαι</span> <span class='ocrx_word' id='word_1_76' title='bbox 663 536 750 571; x_wconf 81' lang='grc' dir='ltr'>ζητεῖ.</span> <span class='ocrx_word' id='word_1_77' title='bbox 765 536 865 572; x_wconf 76' lang='grc' dir='ltr'>Ἄρτον</span> 
     </span>
    </p>
   </div>
   <div class='ocr_carea' id='block_1_13' title="bbox 67 578 865 618">
    <p class='ocr_par' dir='ltr' id='par_1_13' title="bbox 67 578 865 618">
     <span class='ocr_line' id='line_1_13' title="bbox 67 578 865 618; baseline 0.006 -14"><span class='ocrx_word' id='word_1_78' title='bbox 67 578 209 605; x_wconf 80' lang='grc' dir='ltr'>αἰτεῖσθαι</span> <span class='ocrx_word' id='word_1_79' title='bbox 221 580 385 615; x_wconf 78' lang='grc' dir='ltr'><strong>προστάττει</strong></span> <span class='ocrx_word' id='word_1_80' title='bbox 399 581 444 607; x_wconf 71' lang='grc' dir='ltr'>τὸν</span> <span class='ocrx_word' id='word_1_81' title='bbox 459 582 606 609; x_wconf 67' lang='grc' dir='ltr'>ἐπιούσιον.</span> <span class='ocrx_word' id='word_1_82' title='bbox 620 582 798 618; x_wconf 79' lang='grc' dir='ltr'>Καταλλαγὴν</span> <span class='ocrx_word' id='word_1_83' title='bbox 809 583 865 614; x_wconf 76' lang='grc' dir='ltr'><strong>τοίς</strong></span> 
     </span>
    </p>
   </div>
   <div class='ocr_carea' id='block_1_14' title="bbox 69 623 864 663">
    <p class='ocr_par' dir='ltr' id='par_1_14' title="bbox 69 623 864 663">
     <span class='ocr_line' id='line_1_14' title="bbox 69 623 864 663; baseline 0.005 -13"><span class='ocrx_word' id='word_1_84' title='bbox 69 623 230 660; x_wconf 75' lang='grc' dir='ltr'>ἀνθρώποις</span> <span class='ocrx_word' id='word_1_85' title='bbox 244 625 385 660; x_wconf 85' lang='grc' dir='ltr'>νομοθετεῖ</span> <span class='ocrx_word' id='word_1_86' title='bbox 405 625 485 662; x_wconf 71' lang='lat' dir='ltr'><strong>[alter</strong></span> <span class='ocrx_word' id='word_1_87' title='bbox 502 627 584 654; x_wconf 74' lang='lat' dir='ltr'><strong>eddea:</strong></span> <span class='ocrx_word' id='word_1_88' title='bbox 599 626 745 663; x_wconf 73' lang='grc' dir='ltr'>ἐπιζητεη,</span> <span class='ocrx_word' id='word_1_89' title='bbox 760 628 808 654; x_wconf 79' lang='grc' dir='ltr'>καὶ</span> <span class='ocrx_word' id='word_1_90' title='bbox 826 627 864 663; x_wconf 88' lang='grc' dir='ltr'>τῷ</span> 
     </span>
    </p>
   </div>
   <div class='ocr_carea' id='block_1_15' title="bbox 72 669 864 712">
    <p class='ocr_par' dir='ltr' id='par_1_15' title="bbox 72 669 864 712">
     <span class='ocr_line' id='line_1_15' title="bbox 72 669 864 712; baseline 0.004 -16"><span class='ocrx_word' id='word_1_91' title='bbox 72 670 231 704; x_wconf 80' lang='grc' dir='ltr'><strong>συγχωρεῖν</strong></span> <span class='ocrx_word' id='word_1_92' title='bbox 247 669 294 696; x_wconf 83' lang='grc' dir='ltr'>καὶ</span> <span class='ocrx_word' id='word_1_93' title='bbox 305 671 565 712; x_wconf 67' lang='grc' dir='ltr'>συγχωρεῖσθαιτὴν</span> <span class='ocrx_word' id='word_1_94' title='bbox 579 671 660 706; x_wconf 78' lang='grc' dir='ltr'>φύσιν</span> <span class='ocrx_word' id='word_1_95' title='bbox 678 671 746 706; x_wconf 80' lang='grc' dir='ltr'>πρὸς</span> <span class='ocrx_word' id='word_1_96' title='bbox 763 672 864 705; x_wconf 79' lang='grc' dir='ltr'>ἑαυτὴν</span> 
     </span>
    </p>
   </div>
   <div class='ocr_carea' id='block_1_16' title="bbox 72 715 864 752">
    <p class='ocr_par' dir='ltr' id='par_1_16' title="bbox 72 715 864 752">
     <span class='ocr_line' id='line_1_16' title="bbox 72 715 864 752; baseline 0.004 -11"><span class='ocrx_word' id='word_1_97' title='bbox 72 715 175 746; x_wconf 80' lang='grc' dir='ltr'>συνδεῖ,</span> <span class='ocrx_word' id='word_1_98' title='bbox 189 716 222 750; x_wconf 80' lang='grc' dir='ltr'>τῇ</span> <span class='ocrx_word' id='word_1_99' title='bbox 238 715 355 751; x_wconf 79' lang='grc' dir='ltr'>διαφορᾷ</span> <span class='ocrx_word' id='word_1_100' title='bbox 367 715 417 750; x_wconf 81' lang='grc' dir='ltr'>τῆς</span> <span class='ocrx_word' id='word_1_101' title='bbox 429 716 542 752; x_wconf 78' lang='grc' dir='ltr'>γνώμης</span> <span class='ocrx_word' id='word_1_102' title='bbox 558 717 595 752; x_wconf 85' lang='grc' dir='ltr'><strong>μὴ</strong></span> <span class='ocrx_word' id='word_1_103' title='bbox 613 716 794 752; x_wconf 79' lang='grc' dir='ltr'>τεμνομένην.</span> <span class='ocrx_word' id='word_1_104' title='bbox 816 717 864 750; x_wconf 68' lang='lat' dir='ltr'><strong>Et;</strong></span> 
     </span>
    </p>
   </div>
   <div class='ocr_carea' id='block_1_17' title="bbox 71 761 866 797">
    <p class='ocr_par' dir='ltr' id='par_1_17' title="bbox 71 761 866 797">
     <span class='ocr_line' id='line_1_17' title="bbox 71 761 866 797; baseline 0.004 -11"><span class='ocrx_word' id='word_1_105' title='bbox 71 768 102 786; x_wconf 81' lang='grc' dir='ltr'><strong>τε</strong></span> <span class='ocrx_word' id='word_1_106' title='bbox 123 761 279 796; x_wconf 76' lang='grc' dir='ltr'>πειρασμὸν</span> <span class='ocrx_word' id='word_1_107' title='bbox 300 761 442 794; x_wconf 73' lang='grc' dir='ltr'><strong>εἰσελθεῖν,</strong></span> <span class='ocrx_word' id='word_1_108' title='bbox 458 761 495 793; x_wconf 85' lang='grc' dir='ltr'>ὡς</span> <span class='ocrx_word' id='word_1_109' title='bbox 519 762 599 797; x_wconf 87' lang='grc' dir='ltr'>νόμον</span> <span class='ocrx_word' id='word_1_110' title='bbox 615 762 762 796; x_wconf 80' lang='grc' dir='ltr'>ἁμαρτίας,</span> <span class='ocrx_word' id='word_1_111' title='bbox 779 763 866 790; x_wconf 74' lang='grc' dir='ltr'><strong>ἀπεύ-</strong></span> 
     </span>
    </p>
   </div>
   <div class='ocr_carea' id='block_1_18' title="bbox 72 805 864 844">
    <p class='ocr_par' dir='ltr' id='par_1_18' title="bbox 72 805 864 844">
     <span class='ocr_line' id='line_1_18' title="bbox 72 805 864 844; baseline 0.004 -12"><span class='ocrx_word' id='word_1_112' title='bbox 72 805 171 840; x_wconf 84' lang='grc' dir='ltr'>χεσθαι</span> <span class='ocrx_word' id='word_1_113' title='bbox 188 806 325 833; x_wconf 81' lang='grc' dir='ltr'><strong>διδάσκει·</strong></span> <span class='ocrx_word' id='word_1_114' title='bbox 351 808 398 834; x_wconf 78' lang='grc' dir='ltr'>καὶ</span> <span class='ocrx_word' id='word_1_115' title='bbox 410 807 542 843; x_wconf 58' lang='grc' dir='ltr'>ῥωσθῆναι</span> <span class='ocrx_word' id='word_1_116' title='bbox 563 807 610 834; x_wconf 84' lang='grc' dir='ltr'>τοῦ</span> <span class='ocrx_word' id='word_1_117' title='bbox 629 807 747 843; x_wconf 79' lang='grc' dir='ltr'>πονηροῦ</span> <span class='ocrx_word' id='word_1_118' title='bbox 764 817 864 844; x_wconf 80' lang='grc' dir='ltr'>παραι-</span> 
     </span>
    </p>
   </div>
   <div class='ocr_carea' id='block_1_19' title="bbox 72 851 864 889">
    <p class='ocr_par' dir='ltr' id='par_1_19' title="bbox 72 851 864 889">
     <span class='ocr_line' id='line_1_19' title="bbox 72 851 864 889; baseline 0.005 -12"><span class='ocrx_word' id='word_1_119' title='bbox 72 851 123 877; x_wconf 81' lang='grc' dir='ltr'><strong>νεῖ.</strong></span> <span class='ocrx_word' id='word_1_120' title='bbox 144 851 217 878; x_wconf 81' lang='grc' dir='ltr'>Ἔδει</span> <span class='ocrx_word' id='word_1_121' title='bbox 231 851 285 888; x_wconf 82' lang='grc' dir='ltr'><strong>γὰρ</strong></span> <span class='ocrx_word' id='word_1_122' title='bbox 300 852 346 879; x_wconf 78' lang='grc' dir='ltr'><strong>τὸν</strong></span> <span class='ocrx_word' id='word_1_123' title='bbox 368 853 518 887; x_wconf 77' lang='grc' dir='ltr'>αὐτουργὸν</span> <span class='ocrx_word' id='word_1_124' title='bbox 535 853 582 880; x_wconf 76' lang='grc' dir='ltr'><strong>καὶ</strong></span> <span class='ocrx_word' id='word_1_125' title='bbox 598 853 699 889; x_wconf 81' lang='grc' dir='ltr'>δοτῆρα</span> <span class='ocrx_word' id='word_1_126' title='bbox 722 853 777 880; x_wconf 83' lang='grc' dir='ltr'><strong>τῶν</strong></span> <span class='ocrx_word' id='word_1_127' title='bbox 795 855 864 888; x_wconf 83' lang='grc' dir='ltr'>ἁγα-</span> 
     </span>
    </p>
   </div>
   <div class='ocr_carea' id='block_1_20' title="bbox 72 897 864 936">
    <p class='ocr_par' dir='ltr' id='par_1_20' title="bbox 72 897 864 936">
     <span class='ocr_line' id='line_1_20' title="bbox 72 897 864 936; baseline 0.003 -11"><span class='ocrx_word' id='word_1_128' title='bbox 72 899 130 925; x_wconf 84' lang='grc' dir='ltr'>θῶν</span> <span class='ocrx_word' id='word_1_129' title='bbox 152 897 224 926; x_wconf 69' lang='grc' dir='ltr'>εἶναι</span> <span class='ocrx_word' id='word_1_130' title='bbox 246 900 293 926; x_wconf 80' lang='grc' dir='ltr'><strong>καὶ</strong></span> <span class='ocrx_word' id='word_1_131' title='bbox 313 900 489 932; x_wconf 73' lang='grc' dir='ltr'>διδάσκαλον,</span> <span class='ocrx_word' id='word_1_132' title='bbox 519 897 564 927; x_wconf 74' lang='grc' dir='ltr'><strong>οἷα</strong></span> <span class='ocrx_word' id='word_1_133' title='bbox 587 900 620 936; x_wconf 82' lang='grc' dir='ltr'>δὴ</span> <span class='ocrx_word' id='word_1_134' title='bbox 646 899 790 936; x_wconf 79' lang='grc' dir='ltr'><strong>μαθηταῖς,</strong></span> <span class='ocrx_word' id='word_1_135' title='bbox 807 902 864 933; x_wconf 68' lang='grc' dir='ltr'>τοῖς</span> 
     </span>
    </p>
   </div>
   <div class='ocr_carea' id='block_1_21' title="bbox 72 945 864 982">
    <p class='ocr_par' dir='ltr' id='par_1_21' title="bbox 72 945 864 982">
     <span class='ocr_line' id='line_1_21' title="bbox 72 945 864 982; baseline 0.003 -10"><span class='ocrx_word' id='word_1_136' title='bbox 72 945 250 973; x_wconf 76' lang='grc' dir='ltr'><strong>πιστεύουσιν</strong></span> <span class='ocrx_word' id='word_1_137' title='bbox 273 947 312 978; x_wconf 91' lang='grc' dir='ltr'><strong>εἰς</strong></span> <span class='ocrx_word' id='word_1_138' title='bbox 326 946 419 980; x_wconf 81' lang='grc' dir='ltr'>αὐτὸν,</span> <span class='ocrx_word' id='word_1_139' title='bbox 442 947 491 974; x_wconf 82' lang='grc' dir='ltr'>καὶ</span> <span class='ocrx_word' id='word_1_140' title='bbox 516 947 693 982; x_wconf 79' lang='grc' dir='ltr'>μιμουμένοις</span> <span class='ocrx_word' id='word_1_141' title='bbox 716 946 799 975; x_wconf 79' lang='grc' dir='ltr'>αὐτοῦ</span> <span class='ocrx_word' id='word_1_142' title='bbox 815 946 864 982; x_wconf 80' lang='grc' dir='ltr'>τὴν</span> 
     </span>
    </p>
   </div>
   <div class='ocr_carea' id='block_1_22' title="bbox 72 991 864 1028">
    <p class='ocr_par' dir='ltr' id='par_1_22' title="bbox 72 991 864 1028">
     <span class='ocr_line' id='line_1_22' title="bbox 72 991 864 1028; baseline 0.003 -11"><span class='ocrx_word' id='word_1_143' title='bbox 72 991 117 1018; x_wconf 71' lang='grc' dir='ltr'><strong>διὰ</strong></span> <span class='ocrx_word' id='word_1_144' title='bbox 143 991 245 1026; x_wconf 83' lang='grc' dir='ltr'>σαρκὸς</span> <span class='ocrx_word' id='word_1_145' title='bbox 272 992 394 1027; x_wconf 79' lang='grc' dir='ltr'>ἀγωγὴν,</span> <span class='ocrx_word' id='word_1_146' title='bbox 418 991 559 1027; x_wconf 78' lang='grc' dir='ltr'>ὑποθήκας</span> <span class='ocrx_word' id='word_1_147' title='bbox 583 991 655 1028; x_wconf 76' lang='grc' dir='ltr'>ζωῆς</span> <span class='ocrx_word' id='word_1_148' title='bbox 671 993 771 1028; x_wconf 80' lang='grc' dir='ltr'><strong>ταύτης</strong></span> <span class='ocrx_word' id='word_1_149' title='bbox 792 1001 864 1028; x_wconf 84' lang='grc' dir='ltr'>παρ-</span> 
     </span>
    </p>
   </div>
   <div class='ocr_carea' id='block_1_23' title="bbox 72 1036 863 1074">
    <p class='ocr_par' dir='ltr' id='par_1_23' title="bbox 72 1036 863 1074">
     <span class='ocr_line' id='line_1_23' title="bbox 72 1036 863 1074; baseline 0.003 -12"><span class='ocrx_word' id='word_1_150' title='bbox 72 1036 204 1071; x_wconf 74' lang='grc' dir='ltr'>εχόμενον</span> <span class='ocrx_word' id='word_1_151' title='bbox 218 1037 267 1072; x_wconf 80' lang='grc' dir='ltr'>τῆς</span> <span class='ocrx_word' id='word_1_152' title='bbox 284 1037 437 1072; x_wconf 81' lang='grc' dir='ltr'>προσευχῆς</span> <span class='ocrx_word' id='word_1_153' title='bbox 453 1037 488 1064; x_wconf 79' lang='grc' dir='ltr'>τὰ</span> <span class='ocrx_word' id='word_1_154' title='bbox 514 1037 585 1073; x_wconf 82' lang='grc' dir='ltr'><strong>ῥητά</strong></span> <span class='ocrx_word' id='word_1_155' title='bbox 604 1037 675 1074; x_wconf 72' lang='grc' dir='ltr'><strong>[σαι.</strong></span> <span class='ocrx_word' id='word_1_156' title='bbox 694 1037 742 1066; x_wconf 75' lang='lat' dir='ltr'><strong>Fr.</strong></span> <span class='ocrx_word' id='word_1_157' title='bbox 761 1037 863 1069; x_wconf 57' lang='lat' dir='ltr'><strong>Venet.</strong></span> 
     </span>
    </p>
   </div>
   <div class='ocr_carea' id='block_1_24' title="bbox 74 1079 865 1118">
    <p class='ocr_par' dir='ltr' id='par_1_24' title="bbox 74 1079 865 1118">
     <span class='ocr_line' id='line_1_24' title="bbox 74 1079 865 1118; baseline 0.004 -11"><span class='ocrx_word' id='word_1_158' title='bbox 74 1082 198 1118; x_wconf 75' lang='grc' dir='ltr'>ῥήματα]</span> <span class='ocrx_word' id='word_1_159' title='bbox 208 1091 215 1097; x_wconf 86' lang='grc'><strong>·</strong></span> <span class='ocrx_word' id='word_1_160' title='bbox 232 1082 266 1109; x_wconf 89' lang='grc' dir='ltr'>δι’</span> <span class='ocrx_word' id='word_1_161' title='bbox 282 1079 319 1110; x_wconf 83' lang='grc' dir='ltr'><strong>ὧν</strong></span> <span class='ocrx_word' id='word_1_162' title='bbox 341 1083 404 1114; x_wconf 77' lang='grc' dir='ltr'>τοὺς</span> <span class='ocrx_word' id='word_1_163' title='bbox 416 1084 445 1109; x_wconf 83' lang='grc' dir='ltr'>ὲν</span> <span class='ocrx_word' id='word_1_164' title='bbox 459 1082 534 1118; x_wconf 69' lang='grc' dir='ltr'>αὑτῷ</span> <span class='ocrx_word' id='word_1_165' title='bbox 551 1083 610 1110; x_wconf 79' lang='grc' dir='ltr'>κατ’</span> <span class='ocrx_word' id='word_1_166' title='bbox 625 1082 694 1115; x_wconf 88' lang='grc' dir='ltr'>εἶδος</span> <span class='ocrx_word' id='word_1_167' title='bbox 709 1083 865 1118; x_wconf 74' lang='grc' dir='ltr'><strong>ὑφεστῶτας</strong></span> 
     </span>
    </p>
   </div>
   <div class='ocr_carea' id='block_1_25' title="bbox 73 1127 865 1165">
    <p class='ocr_par' dir='ltr' id='par_1_25' title="bbox 73 1127 865 1165">
     <span class='ocr_line' id='line_1_25' title="bbox 73 1127 865 1165; baseline 0.001 -11"><span class='ocrx_word' id='word_1_168' title='bbox 73 1128 124 1161; x_wconf 84' lang='grc' dir='ltr'>τῆς</span> <span class='ocrx_word' id='word_1_169' title='bbox 152 1127 248 1161; x_wconf 71' lang='grc' dir='ltr'>σοφίας</span> <span class='ocrx_word' id='word_1_170' title='bbox 272 1128 319 1154; x_wconf 82' lang='grc' dir='ltr'>καὶ</span> <span class='ocrx_word' id='word_1_171' title='bbox 334 1128 384 1162; x_wconf 84' lang='grc' dir='ltr'><strong>τῆς</strong></span> <span class='ocrx_word' id='word_1_172' title='bbox 408 1127 533 1162; x_wconf 78' lang='grc' dir='ltr'>γνώσεως</span> <span class='ocrx_word' id='word_1_173' title='bbox 559 1129 736 1165; x_wconf 75' lang='grc' dir='ltr'>ἀποκρύφους</span> <span class='ocrx_word' id='word_1_174' title='bbox 762 1129 865 1164; x_wconf 81' lang='grc' dir='ltr'>ὲμήνυι</span> 
     </span>
    </p>
   </div>
   <div class='ocr_carea' id='block_1_26' title="bbox 73 1172 865 1210">
    <p class='ocr_par' dir='ltr' id='par_1_26' title="bbox 73 1172 865 1210">
     <span class='ocr_line' id='line_1_26' title="bbox 73 1172 865 1210; baseline 0.004 -12"><span class='ocrx_word' id='word_1_175' title='bbox 73 1172 243 1207; x_wconf 84' lang='grc' dir='ltr'>θησαυροὺς,</span> <span class='ocrx_word' id='word_1_176' title='bbox 271 1172 338 1208; x_wconf 76' lang='grc' dir='ltr'>πρὸς</span> <span class='ocrx_word' id='word_1_177' title='bbox 365 1173 416 1208; x_wconf 66' lang='grc' dir='ltr'><strong>τὴν</strong></span> <span class='ocrx_word' id='word_1_178' title='bbox 445 1173 535 1201; x_wconf 84' lang='grc' dir='ltr'>αὐτῶν</span> <span class='ocrx_word' id='word_1_179' title='bbox 567 1173 718 1201; x_wconf 79' lang='grc' dir='ltr'>ἀπόλαυσιν</span> <span class='ocrx_word' id='word_1_180' title='bbox 744 1174 865 1210; x_wconf 72' lang='grc' dir='ltr'>δηλονότι</span> 
     </span>
    </p>
   </div>
   <div class='ocr_carea' id='block_1_27' title="bbox 73 1218 617 1254">
    <p class='ocr_par' dir='ltr' id='par_1_27' title="bbox 73 1218 617 1254">
     <span class='ocr_line' id='line_1_27' title="bbox 73 1218 617 1254; baseline 0.004 -10"><span class='ocrx_word' id='word_1_181' title='bbox 73 1218 129 1244; x_wconf 74' lang='grc' dir='ltr'><strong>τῶν</strong></span> <span class='ocrx_word' id='word_1_182' title='bbox 144 1218 292 1245; x_wconf 78' lang='grc' dir='ltr'>αἰτούντων</span> <span class='ocrx_word' id='word_1_183' title='bbox 313 1218 432 1246; x_wconf 78' lang='grc' dir='ltr'>ἐλαύνων</span> <span class='ocrx_word' id='word_1_184' title='bbox 451 1219 500 1254; x_wconf 85' lang='grc' dir='ltr'>τὴν</span> <span class='ocrx_word' id='word_1_185' title='bbox 516 1219 617 1254; x_wconf 71' lang='grc' dir='ltr'>ἔφεσιν.</span> 
     </span>
    </p>
   </div>
   <div class='ocr_carea' id='block_1_28' title="bbox 110 1263 866 1300">
    <p class='ocr_par' dir='ltr' id='par_1_28' title="bbox 110 1263 866 1300">
     <span class='ocr_line' id='line_1_28' title="bbox 110 1263 866 1300; baseline 0.003 -10"><span class='ocrx_word' id='word_1_186' title='bbox 110 1264 161 1291; x_wconf 76' lang='grc' dir='ltr'>Διὰ</span> <span class='ocrx_word' id='word_1_187' title='bbox 173 1263 254 1290; x_wconf 80' lang='grc' dir='ltr'>τοῦτο</span> <span class='ocrx_word' id='word_1_188' title='bbox 271 1265 437 1300; x_wconf 85' lang='grc' dir='ltr'>προσευχὴν,</span> <span class='ocrx_word' id='word_1_189' title='bbox 460 1263 547 1300; x_wconf 75' lang='grc' dir='ltr'>οἶμαι,</span> <span class='ocrx_word' id='word_1_190' title='bbox 564 1265 664 1300; x_wconf 84' lang='grc' dir='ltr'>ταύτην</span> <span class='ocrx_word' id='word_1_191' title='bbox 680 1265 794 1300; x_wconf 80' lang='grc' dir='ltr'><strong>κέκληκε</strong></span> <span class='ocrx_word' id='word_1_192' title='bbox 817 1265 866 1300; x_wconf 82' lang='grc' dir='ltr'>τὴν</span> 
     </span>
    </p>
   </div>
   <div class='ocr_carea' id='block_1_29' title="bbox 73 1309 866 1346">
    <p class='ocr_par' dir='ltr' id='par_1_29' title="bbox 73 1309 866 1346">
     <span class='ocr_line' id='line_1_29' title="bbox 73 1309 866 1346; baseline 0.003 -10"><span class='ocrx_word' id='word_1_193' title='bbox 73 1309 249 1337; x_wconf 72' lang='grc' dir='ltr'>διδασκαλίαν</span> <span class='ocrx_word' id='word_1_194' title='bbox 271 1311 286 1337; x_wconf 84' lang='grc' dir='ltr'><strong>ὁ</strong></span> <span class='ocrx_word' id='word_1_195' title='bbox 306 1310 396 1344; x_wconf 82' lang='grc' dir='ltr'>λόγος,</span> <span class='ocrx_word' id='word_1_196' title='bbox 425 1310 462 1342; x_wconf 85' lang='grc' dir='ltr'>ὡς</span> <span class='ocrx_word' id='word_1_197' title='bbox 487 1311 595 1346; x_wconf 85' lang='grc' dir='ltr'>αίτησιν</span> <span class='ocrx_word' id='word_1_198' title='bbox 609 1311 722 1346; x_wconf 73' lang='grc' dir='ltr'>ἔχουσαν</span> <span class='ocrx_word' id='word_1_199' title='bbox 744 1311 797 1337; x_wconf 82' lang='grc' dir='ltr'><strong>τῶν</strong></span> <span class='ocrx_word' id='word_1_200' title='bbox 819 1311 866 1338; x_wconf 85' lang='grc' dir='ltr'><strong>ἀν-</strong></span> 
     </span>
    </p>
   </div>
   <div class='ocr_carea' id='block_1_30' title="bbox 74 1354 865 1392">
    <p class='ocr_par' dir='ltr' id='par_1_30' title="bbox 74 1354 865 1392">
     <span class='ocr_line' id='line_1_30' title="bbox 74 1354 865 1392; baseline 0.001 -10"><span class='ocrx_word' id='word_1_201' title='bbox 74 1354 197 1390; x_wconf 82' lang='grc' dir='ltr'>θρώποις</span> <span class='ocrx_word' id='word_1_202' title='bbox 210 1355 281 1382; x_wconf 80' lang='grc' dir='ltr'>κατὰ</span> <span class='ocrx_word' id='word_1_203' title='bbox 294 1355 372 1392; x_wconf 83' lang='grc' dir='ltr'>χάριν</span> <span class='ocrx_word' id='word_1_204' title='bbox 387 1356 420 1382; x_wconf 80' lang='grc' dir='ltr'>ὲκ</span> <span class='ocrx_word' id='word_1_205' title='bbox 430 1356 498 1382; x_wconf 80' lang='grc' dir='ltr'>Θεοῦ</span> <span class='ocrx_word' id='word_1_206' title='bbox 513 1356 657 1391; x_wconf 77' lang='grc' dir='ltr'>διδομένων</span> <span class='ocrx_word' id='word_1_207' title='bbox 668 1355 772 1392; x_wconf 86' lang='grc' dir='ltr'>δώρων.</span> <span class='ocrx_word' id='word_1_208' title='bbox 787 1355 865 1383; x_wconf 78' lang='grc' dir='ltr'>Οὕτω</span> 
     </span>
    </p>
   </div>
   <div class='ocr_carea' id='block_1_31' title="bbox 75 1400 867 1437">
    <p class='ocr_par' dir='ltr' id='par_1_31' title="bbox 75 1400 867 1437">
     <span class='ocr_line' id='line_1_31' title="bbox 75 1400 867 1437; baseline 0.001 -10"><span class='ocrx_word' id='word_1_209' title='bbox 75 1401 131 1435; x_wconf 76' lang='grc' dir='ltr'><strong>γὰρ</strong></span> <span class='ocrx_word' id='word_1_210' title='bbox 148 1402 173 1428; x_wconf 82' lang='grc' dir='ltr'><strong>οἰ</strong></span> <span class='ocrx_word' id='word_1_211' title='bbox 199 1400 373 1427; x_wconf 79' lang='grc' dir='ltr'>θεόπνευστοι</span> <span class='ocrx_word' id='word_1_212' title='bbox 394 1401 515 1436; x_wconf 82' lang='grc' dir='ltr'>Πατέρες</span> <span class='ocrx_word' id='word_1_213' title='bbox 540 1401 618 1436; x_wconf 75' lang='grc' dir='ltr'>ἡμῶν</span> <span class='ocrx_word' id='word_1_214' title='bbox 641 1402 786 1437; x_wconf 82' lang='grc' dir='ltr'>όριστικῶς</span> <span class='ocrx_word' id='word_1_215' title='bbox 802 1402 867 1437; x_wconf 65' lang='grc' dir='ltr'><strong>περὶ¹</strong></span> 
     </span>
    </p>
   </div>
   <div class='ocr_carea' id='block_1_32' title="bbox 75 1445 868 1483">
    <p class='ocr_par' dir='ltr' id='par_1_32' title="bbox 75 1445 868 1483">
     <span class='ocr_line' id='line_1_32' title="bbox 75 1445 868 1483; baseline 0.001 -10"><span class='ocrx_word' id='word_1_216' title='bbox 75 1447 125 1481; x_wconf 77' lang='grc' dir='ltr'><strong>τῆς</strong></span> <span class='ocrx_word' id='word_1_217' title='bbox 142 1447 296 1482; x_wconf 81' lang='grc' dir='ltr'>προσευχῆς</span> <span class='ocrx_word' id='word_1_218' title='bbox 312 1447 459 1482; x_wconf 79' lang='grc' dir='ltr'>διεξῆλθον,</span> <span class='ocrx_word' id='word_1_219' title='bbox 475 1447 622 1482; x_wconf 75' lang='grc' dir='ltr'>φήσαντες,</span> <span class='ocrx_word' id='word_1_220' title='bbox 641 1445 711 1474; x_wconf 80' lang='grc' dir='ltr'>εἶναι</span> <span class='ocrx_word' id='word_1_221' title='bbox 725 1447 774 1483; x_wconf 74' lang='grc' dir='ltr'>τὴν</span> <span class='ocrx_word' id='word_1_222' title='bbox 786 1456 868 1483; x_wconf 86' lang='grc' dir='ltr'>προσ-</span> 
     </span>
    </p>
   </div>
   <div class='ocr_carea' id='block_1_33' title="bbox 94 1489 866 1529">
    <p class='ocr_par' dir='ltr' id='par_1_33' title="bbox 94 1489 866 1529">
     <span class='ocr_line' id='line_1_33' title="bbox 94 1489 866 1529; baseline 0.001 -9"><span class='ocrx_word' id='word_1_223' title='bbox 94 1493 159 1528; x_wconf 78' lang='grc' dir='ltr'>οχὴν</span> <span class='ocrx_word' id='word_1_224' title='bbox 171 1493 288 1528; x_wconf 72' lang='grc' dir='ltr'>αἴτησιν,</span> <span class='ocrx_word' id='word_1_225' title='bbox 305 1489 342 1520; x_wconf 84' lang='grc' dir='ltr'><strong>ὧν</strong></span> <span class='ocrx_word' id='word_1_226' title='bbox 354 1493 420 1524; x_wconf 77' lang='grc' dir='ltr'>Θεὸς</span> <span class='ocrx_word' id='word_1_227' title='bbox 436 1493 597 1528; x_wconf 77' lang='grc' dir='ltr'>πρεπόντως</span> <span class='ocrx_word' id='word_1_228' title='bbox 617 1493 706 1528; x_wconf 80' lang='grc' dir='ltr'>ἑαυτῷ</span> <span class='ocrx_word' id='word_1_229' title='bbox 722 1493 866 1529; x_wconf 82' lang='grc' dir='ltr'>δωρεῖσθαι</span> 
     </span>
    </p>
   </div>
   <div class='ocr_carea' id='block_1_34' title="bbox 913 263 1703 298">
    <p class='ocr_par' dir='ltr' id='par_1_34' title="bbox 913 263 1703 298">
     <span class='ocr_line' id='line_1_34' title="bbox 913 263 1703 298; baseline 0 -8"><span class='ocrx_word' id='word_1_230' title='bbox 913 263 1047 290; x_wconf 88' lang='lat' dir='ltr'><strong>ditionem</strong></span> <span class='ocrx_word' id='word_1_231' title='bbox 1056 263 1075 298; x_wconf 79' lang='grc' dir='ltr'>ι)</span> <span class='ocrx_word' id='word_1_232' title='bbox 1091 271 1122 290; x_wconf 89' lang='lat' dir='ltr'><strong>ac</strong></span> <span class='ocrx_word' id='word_1_233' title='bbox 1136 263 1227 290; x_wconf 83' lang='lat' dir='ltr'><strong>carnis</strong></span> <span class='ocrx_word' id='word_1_234' title='bbox 1239 268 1357 290; x_wconf 87' lang='lat' dir='ltr'><strong>mortem</strong></span> <span class='ocrx_word' id='word_1_235' title='bbox 1373 267 1471 297; x_wconf 87' lang='lat' dir='ltr'><strong>sponte</strong></span> <span class='ocrx_word' id='word_1_236' title='bbox 1484 263 1613 290; x_wconf 86' lang='lat' dir='ltr'><strong>admittit.</strong></span> <span class='ocrx_word' id='word_1_237' title='bbox 1629 263 1703 290; x_wconf 83' lang='lat' dir='ltr'><strong>Cun-</strong></span> 
     </span>
    </p>
   </div>
   <div class='ocr_carea' id='block_1_35' title="bbox 912 309 1704 344">
    <p class='ocr_par' dir='ltr' id='par_1_35' title="bbox 912 309 1704 344">
     <span class='ocr_line' id='line_1_35' title="bbox 912 309 1704 344; baseline 0 -8"><span class='ocrx_word' id='word_1_238' title='bbox 912 313 957 336; x_wconf 87' lang='lat' dir='ltr'><strong>cla</strong></span> <span class='ocrx_word' id='word_1_239' title='bbox 987 309 1045 338; x_wconf 59' lang='lat' dir='ltr'><strong>haec</strong></span> <span class='ocrx_word' id='word_1_240' title='bbox 1059 309 1187 344; x_wconf 87' lang='lat' dir='ltr'><strong>petenda,</strong></span> <span class='ocrx_word' id='word_1_241' title='bbox 1200 309 1239 336; x_wconf 91' lang='lat' dir='ltr'><strong>uti</strong></span> <span class='ocrx_word' id='word_1_242' title='bbox 1252 309 1388 342; x_wconf 78' lang='lat' dir='ltr'><strong>dicebam,</strong></span> <span class='ocrx_word' id='word_1_243' title='bbox 1399 309 1533 336; x_wconf 88' lang='lat' dir='ltr'><strong>orationis</strong></span> <span class='ocrx_word' id='word_1_244' title='bbox 1554 309 1704 336; x_wconf 67' lang='lat' dir='ltr'><strong>Dominicaa</strong></span> 
     </span>
    </p>
   </div>
   <div class='ocr_carea' id='block_1_36' title="bbox 913 355 1323 382">
    <p class='ocr_par' dir='ltr' id='par_1_36' title="bbox 913 355 1323 382">
     <span class='ocr_line' id='line_1_36' title="bbox 913 355 1323 382; baseline 0 0"><span class='ocrx_word' id='word_1_245' title='bbox 913 360 1017 382; x_wconf 89' lang='lat' dir='ltr'><strong>textum</strong></span> <span class='ocrx_word' id='word_1_246' title='bbox 1035 355 1175 382; x_wconf 73' lang='lat' dir='ltr'><strong>insinuare</strong></span> <span class='ocrx_word' id='word_1_247' title='bbox 1189 355 1323 382; x_wconf 80' lang='lat' dir='ltr'><strong>invenias.</strong></span> 
     </span>
    </p>
   </div>
   <div class='ocr_carea' id='block_1_37' title="bbox 947 400 1704 437">
    <p class='ocr_par' dir='ltr' id='par_1_37' title="bbox 947 400 1704 437">
     <span class='ocr_line' id='line_1_37' title="bbox 947 400 1704 437; baseline -0.001 -9"><span class='ocrx_word' id='word_1_248' title='bbox 947 400 1030 437; x_wconf 57' lang='lat'><strong>35.9</strong></span> <span class='ocrx_word' id='word_1_249' title='bbox 1042 401 1151 428; x_wconf 85' lang='lat' dir='ltr'><strong>Patrem</strong></span> <span class='ocrx_word' id='word_1_250' title='bbox 1164 401 1248 433; x_wconf 86' lang='lat' dir='ltr'><strong>enim,</strong></span> <span class='ocrx_word' id='word_1_251' title='bbox 1269 405 1297 428; x_wconf 90' lang='lat' dir='ltr'><strong>et</strong></span> <span class='ocrx_word' id='word_1_252' title='bbox 1313 401 1402 428; x_wconf 80' lang='lat' dir='ltr'><strong>Patris</strong></span> <span class='ocrx_word' id='word_1_253' title='bbox 1418 407 1518 427; x_wconf 87' lang='lat' dir='ltr'><strong>nomen</strong></span> <span class='ocrx_word' id='word_1_254' title='bbox 1533 407 1704 435; x_wconf 80' lang='lat' dir='ltr'><strong>regnumque</strong></span> 
     </span>
    </p>
   </div>
   <div class='ocr_carea' id='block_1_38' title="bbox 913 445 1702 481">
    <p class='ocr_par' dir='ltr' id='par_1_38' title="bbox 913 445 1702 481">
     <span class='ocr_line' id='line_1_38' title="bbox 913 445 1702 481; baseline -0.003 -8"><span class='ocrx_word' id='word_1_255' title='bbox 913 446 1035 481; x_wconf 75' lang='lat' dir='ltr'><strong>loquitur</strong></span> <span class='ocrx_word' id='word_1_256' title='bbox 1052 455 1059 473; x_wconf 89' lang='lat'><strong>:</strong></span> <span class='ocrx_word' id='word_1_257' title='bbox 1079 446 1215 481; x_wconf 86' lang='lat' dir='ltr'><strong>bujusque</strong></span> <span class='ocrx_word' id='word_1_258' title='bbox 1233 453 1329 474; x_wconf 85' lang='lat' dir='ltr'><strong>rursus</strong></span> <span class='ocrx_word' id='word_1_259' title='bbox 1346 445 1434 473; x_wconf 79' lang='lat' dir='ltr'><strong>Patris</strong></span> <span class='ocrx_word' id='word_1_260' title='bbox 1447 445 1545 472; x_wconf 87' lang='lat' dir='ltr'><strong>Filium</strong></span> <span class='ocrx_word' id='word_1_261' title='bbox 1562 445 1589 472; x_wconf 89' lang='lat' dir='ltr'><strong>in</strong></span> <span class='ocrx_word' id='word_1_262' title='bbox 1604 445 1702 480; x_wconf 79' lang='lat' dir='ltr'><strong>gratia.</strong></span> 
     </span>
    </p>
   </div>
   <div class='ocr_carea' id='block_1_39' title="bbox 913 491 1755 525">
    <p class='ocr_par' dir='ltr' id='par_1_39' title="bbox 913 491 1755 525">
     <span class='ocr_line' id='line_1_39' title="bbox 913 491 1755 525; baseline -0.005 -5"><span class='ocrx_word' id='word_1_263' title='bbox 913 497 1037 520; x_wconf 81' lang='lat' dir='ltr'><strong>orantem</strong></span> <span class='ocrx_word' id='word_1_264' title='bbox 1061 491 1192 520; x_wconf 82' lang='lat' dir='ltr'><strong>ostendit.</strong></span> <span class='ocrx_word' id='word_1_265' title='bbox 1219 491 1308 518; x_wconf 88' lang='lat' dir='ltr'><strong>Unius</strong></span> <span class='ocrx_word' id='word_1_266' title='bbox 1330 492 1396 518; x_wconf 84' lang='lat' dir='ltr'><strong>item</strong></span> <span class='ocrx_word' id='word_1_267' title='bbox 1420 491 1579 523; x_wconf 80' lang='lat' dir='ltr'><strong>voluntatis,</strong></span> <span class='ocrx_word' id='word_1_268' title='bbox 1601 491 1649 525; x_wconf 89' lang='lat' dir='ltr'><strong>qui</strong></span> <span class='ocrx_word' id='word_1_269' title='bbox 1674 491 1702 518; x_wconf 92' lang='lat' dir='ltr'><strong>in</strong></span> <span class='ocrx_word' id='word_1_270' title='bbox 1751 513 1755 515; x_wconf 76' lang='lat'><em>.</em></span> 
     </span>
    </p>
   </div>
   <div class='ocr_carea' id='block_1_40' title="bbox 912 536 1702 572">
    <p class='ocr_par' dir='ltr' id='par_1_40' title="bbox 912 536 1702 572">
     <span class='ocr_line' id='line_1_40' title="bbox 912 536 1702 572; baseline -0.004 -7"><span class='ocrx_word' id='word_1_271' title='bbox 912 538 983 566; x_wconf 82' lang='lat' dir='ltr'><strong>ccelo</strong></span> <span class='ocrx_word' id='word_1_272' title='bbox 995 542 1023 565; x_wconf 90' lang='lat' dir='ltr'><strong>et</strong></span> <span class='ocrx_word' id='word_1_273' title='bbox 1041 538 1089 572; x_wconf 89' lang='lat' dir='ltr'><strong>qui</strong></span> <span class='ocrx_word' id='word_1_274' title='bbox 1105 538 1133 564; x_wconf 91' lang='lat' dir='ltr'><strong>in</strong></span> <span class='ocrx_word' id='word_1_275' title='bbox 1159 541 1241 569; x_wconf 84' lang='lat' dir='ltr'><strong>terra,</strong></span> <span class='ocrx_word' id='word_1_276' title='bbox 1263 537 1322 564; x_wconf 81' lang='lat' dir='ltr'><strong>ﬁeri</strong></span> <span class='ocrx_word' id='word_1_277' title='bbox 1342 537 1420 571; x_wconf 85' lang='lat' dir='ltr'><strong>petit.</strong></span> <span class='ocrx_word' id='word_1_278' title='bbox 1439 537 1540 564; x_wconf 84' lang='lat' dir='ltr'><strong>Panem</strong></span> <span class='ocrx_word' id='word_1_279' title='bbox 1565 536 1702 571; x_wconf 86' lang='lat' dir='ltr'><strong>quotidia-</strong></span> 
     </span>
    </p>
   </div>
   <div class='ocr_carea' id='block_1_41' title="bbox 912 581 1704 619">
    <p class='ocr_par' dir='ltr' id='par_1_41' title="bbox 912 581 1704 619">
     <span class='ocr_line' id='line_1_41' title="bbox 912 581 1704 619; baseline -0.003 -9"><span class='ocrx_word' id='word_1_280' title='bbox 912 591 980 611; x_wconf 89' lang='lat' dir='ltr'><strong>num</strong></span> <span class='ocrx_word' id='word_1_281' title='bbox 996 588 1124 618; x_wconf 84' lang='lat' dir='ltr'><strong>petamus</strong></span> <span class='ocrx_word' id='word_1_282' title='bbox 1137 583 1226 619; x_wconf 83' lang='lat' dir='ltr'><strong>jubet.</strong></span> <span class='ocrx_word' id='word_1_283' title='bbox 1240 581 1414 614; x_wconf 87' lang='lat' dir='ltr'><strong>Ilominibus,</strong></span> <span class='ocrx_word' id='word_1_284' title='bbox 1427 581 1473 609; x_wconf 88' lang='lat' dir='ltr'><strong>alii</strong></span> <span class='ocrx_word' id='word_1_285' title='bbox 1491 585 1521 609; x_wconf 90' lang='lat' dir='ltr'><strong>ut</strong></span> <span class='ocrx_word' id='word_1_286' title='bbox 1535 581 1597 608; x_wconf 87' lang='lat' dir='ltr'><strong>aliis</strong></span> <span class='ocrx_word' id='word_1_287' title='bbox 1607 589 1704 608; x_wconf 86' lang='lat' dir='ltr'><strong>recon-</strong></span> 
     </span>
    </p>
   </div>
   <div class='ocr_carea' id='block_1_42' title="bbox 912 625 1702 662">
    <p class='ocr_par' dir='ltr' id='par_1_42' title="bbox 912 625 1702 662">
     <span class='ocr_line' id='line_1_42' title="bbox 912 625 1702 662; baseline -0.004 -7"><span class='ocrx_word' id='word_1_288' title='bbox 912 628 1053 661; x_wconf 88' lang='lat' dir='ltr'><strong>cilientur,</strong></span> <span class='ocrx_word' id='word_1_289' title='bbox 1065 627 1167 660; x_wconf 74' lang='lat' dir='ltr'><strong>sancit;</strong></span> <span class='ocrx_word' id='word_1_290' title='bbox 1186 634 1272 662; x_wconf 89' lang='lat' dir='ltr'><strong>eaque</strong></span> <span class='ocrx_word' id='word_1_291' title='bbox 1289 627 1396 654; x_wconf 88' lang='lat' dir='ltr'><strong>ratione</strong></span> <span class='ocrx_word' id='word_1_292' title='bbox 1417 625 1491 660; x_wconf 90' lang='lat' dir='ltr'><strong>quod</strong></span> <span class='ocrx_word' id='word_1_293' title='bbox 1507 629 1536 653; x_wconf 85' lang='lat' dir='ltr'><strong>et</strong></span> <span class='ocrx_word' id='word_1_294' title='bbox 1551 625 1702 658; x_wconf 85' lang='lat' dir='ltr'><strong>dimittant,</strong></span> 
     </span>
    </p>
   </div>
   <div class='ocr_carea' id='block_1_43' title="bbox 912 671 1703 707">
    <p class='ocr_par' dir='ltr' id='par_1_43' title="bbox 912 671 1703 707">
     <span class='ocr_line' id='line_1_43' title="bbox 912 671 1703 707; baseline -0.005 -6"><span class='ocrx_word' id='word_1_295' title='bbox 912 678 941 701; x_wconf 90' lang='lat' dir='ltr'><strong>et</strong></span> <span class='ocrx_word' id='word_1_296' title='bbox 956 673 1011 701; x_wconf 82' lang='lat' dir='ltr'><strong>illis</strong></span> <span class='ocrx_word' id='word_1_297' title='bbox 1035 673 1202 706; x_wconf 85' lang='lat' dir='ltr'><strong>dimittatur,</strong></span> <span class='ocrx_word' id='word_1_298' title='bbox 1218 677 1345 700; x_wconf 88' lang='lat' dir='ltr'><strong>naturam</strong></span> <span class='ocrx_word' id='word_1_299' title='bbox 1364 672 1417 700; x_wconf 88' lang='lat' dir='ltr'><strong>sibi</strong></span> <span class='ocrx_word' id='word_1_300' title='bbox 1444 673 1541 707; x_wconf 85' lang='lat' dir='ltr'><strong>ipsam,</strong></span> <span class='ocrx_word' id='word_1_301' title='bbox 1556 671 1634 698; x_wconf 88' lang='lat' dir='ltr'><strong>nullo</strong></span> <span class='ocrx_word' id='word_1_302' title='bbox 1652 678 1703 697; x_wconf 90' lang='lat' dir='ltr'><strong>vo-</strong></span> 
     </span>
    </p>
   </div>
   <div class='ocr_carea' id='block_1_44' title="bbox 912 716 1704 753">
    <p class='ocr_par' dir='ltr' id='par_1_44' title="bbox 912 716 1704 753">
     <span class='ocr_line' id='line_1_44' title="bbox 912 716 1704 753; baseline -0.004 -7"><span class='ocrx_word' id='word_1_303' title='bbox 912 719 1029 747; x_wconf 87' lang='lat' dir='ltr'><strong>luntatis</strong></span> <span class='ocrx_word' id='word_1_304' title='bbox 1045 719 1186 753; x_wconf 85' lang='lat' dir='ltr'><strong>animique</strong></span> <span class='ocrx_word' id='word_1_305' title='bbox 1205 719 1349 746; x_wconf 62' lang='lat' dir='ltr'><strong>sententia</strong></span> <span class='ocrx_word' id='word_1_306' title='bbox 1376 717 1490 745; x_wconf 84' lang='lat' dir='ltr'><strong>dissidio</strong></span> <span class='ocrx_word' id='word_1_307' title='bbox 1509 716 1636 748; x_wconf 79' lang='lat' dir='ltr'><strong>scissam,</strong></span> <span class='ocrx_word' id='word_1_308' title='bbox 1656 723 1704 743; x_wconf 86' lang='lat' dir='ltr'><strong>ne-</strong></span> 
     </span>
    </p>
   </div>
   <div class='ocr_carea' id='block_1_45' title="bbox 913 762 1703 797">
    <p class='ocr_par' dir='ltr' id='par_1_45' title="bbox 913 762 1703 797">
     <span class='ocr_line' id='line_1_45' title="bbox 913 762 1703 797; baseline -0.005 -5"><span class='ocrx_word' id='word_1_309' title='bbox 913 765 973 792; x_wconf 89' lang='lat' dir='ltr'><strong>ctit.</strong></span> <span class='ocrx_word' id='word_1_310' title='bbox 989 764 1029 792; x_wconf 82' lang='lat' dir='ltr'><strong>Ad</strong></span> <span class='ocrx_word' id='word_1_311' title='bbox 1047 765 1114 797; x_wconf 77' lang='lat' dir='ltr'><strong>hzec,</strong></span> <span class='ocrx_word' id='word_1_312' title='bbox 1131 765 1234 792; x_wconf 87' lang='lat' dir='ltr'><strong>intrare</strong></span> <span class='ocrx_word' id='word_1_313' title='bbox 1257 765 1283 792; x_wconf 92' lang='lat' dir='ltr'><strong>in</strong></span> <span class='ocrx_word' id='word_1_314' title='bbox 1306 764 1497 796; x_wconf 76' lang='lat' dir='ltr'><strong>tentationem,</strong></span> <span class='ocrx_word' id='word_1_315' title='bbox 1513 768 1642 797; x_wconf 80' lang='lat' dir='ltr'><strong>tanquam</strong></span> <span class='ocrx_word' id='word_1_316' title='bbox 1662 762 1703 789; x_wconf 91' lang='lat' dir='ltr'><strong>le-</strong></span> 
     </span>
    </p>
   </div>
   <div class='ocr_carea' id='block_1_46' title="bbox 913 807 1703 845">
    <p class='ocr_par' dir='ltr' id='par_1_46' title="bbox 913 807 1703 845">
     <span class='ocr_line' id='line_1_46' title="bbox 913 807 1703 845; baseline -0.004 -8"><span class='ocrx_word' id='word_1_317' title='bbox 913 817 974 845; x_wconf 73' lang='lat' dir='ltr'><strong>gem</strong></span> <span class='ocrx_word' id='word_1_318' title='bbox 1001 809 1118 844; x_wconf 83' lang='lat' dir='ltr'><strong>peccati,</strong></span> <span class='ocrx_word' id='word_1_319' title='bbox 1141 808 1346 844; x_wconf 86' lang='lat' dir='ltr'><strong>deprecandum</strong></span> <span class='ocrx_word' id='word_1_320' title='bbox 1370 808 1536 836; x_wconf 89' lang='lat' dir='ltr'><strong>documento</strong></span> <span class='ocrx_word' id='word_1_321' title='bbox 1562 807 1656 834; x_wconf 84' lang='lat' dir='ltr'><strong>tradit.</strong></span> <span class='ocrx_word' id='word_1_322' title='bbox 1682 808 1703 834; x_wconf 82' lang='grc' dir='ltr'>Α</span> 
     </span>
    </p>
   </div>
   <div class='ocr_carea' id='block_1_47' title="bbox 914 853 1705 890">
    <p class='ocr_par' dir='ltr' id='par_1_47' title="bbox 914 853 1705 890">
     <span class='ocr_line' id='line_1_47' title="bbox 914 853 1705 890; baseline -0.003 -8"><span class='ocrx_word' id='word_1_323' title='bbox 914 855 987 882; x_wconf 89' lang='lat' dir='ltr'><strong>malo</strong></span> <span class='ocrx_word' id='word_1_324' title='bbox 1001 855 1122 890; x_wconf 88' lang='lat' dir='ltr'><strong>denique</strong></span> <span class='ocrx_word' id='word_1_325' title='bbox 1146 855 1274 882; x_wconf 84' lang='lat' dir='ltr'><strong>hortatur</strong></span> <span class='ocrx_word' id='word_1_326' title='bbox 1287 854 1411 882; x_wconf 87' lang='lat' dir='ltr'><strong>liberari.</strong></span> <span class='ocrx_word' id='word_1_327' title='bbox 1431 853 1550 881; x_wconf 82' lang='lat' dir='ltr'><strong>Decebat</strong></span> <span class='ocrx_word' id='word_1_328' title='bbox 1567 853 1651 886; x_wconf 89' lang='lat' dir='ltr'><strong>enim,</strong></span> <span class='ocrx_word' id='word_1_329' title='bbox 1674 857 1705 880; x_wconf 90' lang='lat' dir='ltr'><strong>ut</strong></span> 
     </span>
    </p>
   </div>
   <div class='ocr_carea' id='block_1_48' title="bbox 914 899 1703 936">
    <p class='ocr_par' dir='ltr' id='par_1_48' title="bbox 914 899 1703 936">
     <span class='ocr_line' id='line_1_48' title="bbox 914 899 1703 936; baseline -0.005 -7"><span class='ocrx_word' id='word_1_330' title='bbox 914 902 1051 929; x_wconf 89' lang='lat' dir='ltr'><strong>bonorum</strong></span> <span class='ocrx_word' id='word_1_331' title='bbox 1070 905 1168 929; x_wconf 83' lang='lat' dir='ltr'><strong>auctor</strong></span> <span class='ocrx_word' id='word_1_332' title='bbox 1183 902 1240 936; x_wconf 84' lang='lat' dir='ltr'><strong>ipse</strong></span> <span class='ocrx_word' id='word_1_333' title='bbox 1257 905 1284 929; x_wconf 88' lang='lat' dir='ltr'><strong>et</strong></span> <span class='ocrx_word' id='word_1_334' title='bbox 1300 900 1425 936; x_wconf 77' lang='lat' dir='ltr'><strong>largitor,</strong></span> <span class='ocrx_word' id='word_1_335' title='bbox 1439 899 1525 927; x_wconf 85' lang='lat' dir='ltr'><strong>etiam</strong></span> <span class='ocrx_word' id='word_1_336' title='bbox 1547 899 1644 926; x_wconf 87' lang='lat' dir='ltr'><strong>doctor</strong></span> <span class='ocrx_word' id='word_1_337' title='bbox 1658 906 1703 925; x_wconf 86' lang='lat' dir='ltr'><strong>es-</strong></span> 
     </span>
    </p>
   </div>
   <div class='ocr_carea' id='block_1_49' title="bbox 914 944 1703 982">
    <p class='ocr_par' dir='ltr' id='par_1_49' title="bbox 914 944 1703 982">
     <span class='ocr_line' id='line_1_49' title="bbox 914 944 1703 982; baseline -0.006 -7"><span class='ocrx_word' id='word_1_338' title='bbox 914 952 965 979; x_wconf 84' lang='lat' dir='ltr'><strong>set,</strong></span> <span class='ocrx_word' id='word_1_339' title='bbox 982 947 1030 982; x_wconf 90' lang='lat' dir='ltr'><strong>qui</strong></span> <span class='ocrx_word' id='word_1_340' title='bbox 1046 947 1154 975; x_wconf 79' lang='lat' dir='ltr'><strong>scilicet</strong></span> <span class='ocrx_word' id='word_1_341' title='bbox 1168 946 1296 974; x_wconf 84' lang='lat' dir='ltr'><strong>ﬁdelibus</strong></span> <span class='ocrx_word' id='word_1_342' title='bbox 1319 947 1386 975; x_wconf 81' lang='lat' dir='ltr'><strong>suis.</strong></span> <span class='ocrx_word' id='word_1_343' title='bbox 1405 949 1535 980; x_wconf 87' lang='lat' dir='ltr'><strong>tanquam</strong></span> <span class='ocrx_word' id='word_1_344' title='bbox 1549 944 1703 979; x_wconf 74' lang='lat' dir='ltr'><strong>discipulis,</strong></span> 
     </span>
    </p>
   </div>
   <div class='ocr_carea' id='block_1_50' title="bbox 914 989 1705 1027">
    <p class='ocr_par' dir='ltr' id='par_1_50' title="bbox 914 989 1705 1027">
     <span class='ocr_line' id='line_1_50' title="bbox 914 989 1705 1027; baseline -0.005 -7"><span class='ocrx_word' id='word_1_345' title='bbox 914 992 1029 1027; x_wconf 88' lang='lat' dir='ltr'><strong>ejusque</strong></span> <span class='ocrx_word' id='word_1_346' title='bbox 1045 999 1095 1027; x_wconf 85' lang='lat' dir='ltr'><strong>per</strong></span> <span class='ocrx_word' id='word_1_347' title='bbox 1107 999 1219 1019; x_wconf 88' lang='lat' dir='ltr'><strong>carnem</strong></span> <span class='ocrx_word' id='word_1_348' title='bbox 1233 991 1405 1026; x_wconf 85' lang='lat' dir='ltr'><strong>disciplinam</strong></span> <span class='ocrx_word' id='word_1_349' title='bbox 1421 990 1538 1025; x_wconf 74' lang='lat' dir='ltr'><strong>vitaeque</strong></span> <span class='ocrx_word' id='word_1_350' title='bbox 1555 989 1705 1017; x_wconf 84' lang='lat' dir='ltr'><strong>institutio-</strong></span> 
     </span>
    </p>
   </div>
   <div class='ocr_carea' id='block_1_51' title="bbox 914 1035 1705 1069">
    <p class='ocr_par' dir='ltr' id='par_1_51' title="bbox 914 1035 1705 1069">
     <span class='ocr_line' id='line_1_51' title="bbox 914 1035 1705 1069; baseline -0.004 -4"><span class='ocrx_word' id='word_1_351' title='bbox 914 1045 977 1065; x_wconf 80' lang='lat' dir='ltr'><strong>nem</strong></span> <span class='ocrx_word' id='word_1_352' title='bbox 992 1038 1177 1069; x_wconf 82' lang='lat' dir='ltr'><strong>imitantibus,</strong></span> <span class='ocrx_word' id='word_1_353' title='bbox 1191 1037 1356 1064; x_wconf 81' lang='lat' dir='ltr'><strong>documenta</strong></span> <span class='ocrx_word' id='word_1_354' title='bbox 1371 1036 1434 1064; x_wconf 69' lang='lat' dir='ltr'><strong>vita:</strong></span> <span class='ocrx_word' id='word_1_355' title='bbox 1446 1035 1582 1063; x_wconf 85' lang='lat' dir='ltr'><strong>orationis</strong></span> <span class='ocrx_word' id='word_1_356' title='bbox 1594 1039 1705 1063; x_wconf 88' lang='lat' dir='ltr'><strong>senten-</strong></span> 
     </span>
    </p>
   </div>
   <div class='ocr_carea' id='block_1_52' title="bbox 915 1080 1705 1118">
    <p class='ocr_par' dir='ltr' id='par_1_52' title="bbox 915 1080 1705 1118">
     <span class='ocr_line' id='line_1_52' title="bbox 915 1080 1705 1118; baseline -0.004 -8"><span class='ocrx_word' id='word_1_357' title='bbox 915 1083 967 1110; x_wconf 87' lang='lat' dir='ltr'><strong>tias</strong></span> <span class='ocrx_word' id='word_1_358' title='bbox 979 1083 1109 1118; x_wconf 79' lang='lat' dir='ltr'><strong>dictaque</strong></span> <span class='ocrx_word' id='word_1_359' title='bbox 1124 1083 1278 1118; x_wconf 70' lang='lat' dir='ltr'><strong>pmberet;</strong></span> <span class='ocrx_word' id='word_1_360' title='bbox 1300 1082 1404 1117; x_wconf 81' lang='lat' dir='ltr'><strong>quibus</strong></span> <span class='ocrx_word' id='word_1_361' title='bbox 1420 1081 1492 1114; x_wconf 86' lang='lat' dir='ltr'><strong>apud</strong></span> <span class='ocrx_word' id='word_1_362' title='bbox 1510 1088 1540 1108; x_wconf 87' lang='lat' dir='ltr'><strong>se</strong></span> <span class='ocrx_word' id='word_1_363' title='bbox 1555 1088 1619 1108; x_wconf 86' lang='lat' dir='ltr'><strong>vere</strong></span> <span class='ocrx_word' id='word_1_364' title='bbox 1633 1080 1705 1108; x_wconf 78' lang='lat' dir='ltr'><strong>exsi-</strong></span> 
     </span>
    </p>
   </div>
   <div class='ocr_carea' id='block_1_53' title="bbox 915 1125 1705 1164">
    <p class='ocr_par' dir='ltr' id='par_1_53' title="bbox 915 1125 1705 1164">
     <span class='ocr_line' id='line_1_53' title="bbox 915 1125 1705 1164; baseline -0.004 -8"><span class='ocrx_word' id='word_1_365' title='bbox 915 1132 1020 1156; x_wconf 86' lang='lat' dir='ltr'><strong>stentes</strong></span> <span class='ocrx_word' id='word_1_366' title='bbox 1045 1128 1186 1164; x_wconf 79' lang='lat' dir='ltr'><strong>sapientiae</strong></span> <span class='ocrx_word' id='word_1_367' title='bbox 1206 1133 1234 1156; x_wconf 90' lang='lat' dir='ltr'><strong>et</strong></span> <span class='ocrx_word' id='word_1_368' title='bbox 1248 1128 1372 1155; x_wconf 69' lang='lat' dir='ltr'><strong>scientiae</strong></span> <span class='ocrx_word' id='word_1_369' title='bbox 1395 1128 1540 1157; x_wconf 83' lang='lat' dir='ltr'><strong>thesauros</strong></span> <span class='ocrx_word' id='word_1_370' title='bbox 1560 1125 1705 1154; x_wconf 85' lang='lat' dir='ltr'><strong>abscondi-</strong></span> 
     </span>
    </p>
   </div>
   <div class='ocr_carea' id='block_1_54' title="bbox 915 1171 1705 1208">
    <p class='ocr_par' dir='ltr' id='par_1_54' title="bbox 915 1171 1705 1208">
     <span class='ocr_line' id='line_1_54' title="bbox 915 1171 1705 1208; baseline -0.004 -7"><span class='ocrx_word' id='word_1_371' title='bbox 915 1178 958 1202; x_wconf 88' lang='lat' dir='ltr'><strong>tos</strong></span> <span class='ocrx_word' id='word_1_372' title='bbox 977 1173 1140 1206; x_wconf 77' lang='lat' dir='ltr'><strong>ostendit&quot;;</strong></span> <span class='ocrx_word' id='word_1_373' title='bbox 1158 1173 1192 1201; x_wconf 86' lang='lat' dir='ltr'><strong>ad</strong></span> <span class='ocrx_word' id='word_1_374' title='bbox 1206 1180 1275 1208; x_wconf 85' lang='lat' dir='ltr'><strong>quos</strong></span> <span class='ocrx_word' id='word_1_375' title='bbox 1293 1173 1437 1205; x_wconf 83' lang='lat' dir='ltr'><strong>fruendos,</strong></span> <span class='ocrx_word' id='word_1_376' title='bbox 1448 1180 1544 1200; x_wconf 90' lang='lat' dir='ltr'><strong>eorum</strong></span> <span class='ocrx_word' id='word_1_377' title='bbox 1560 1171 1609 1206; x_wconf 85' lang='lat' dir='ltr'><strong>qui</strong></span> <span class='ocrx_word' id='word_1_378' title='bbox 1624 1176 1705 1199; x_wconf 83' lang='lat' dir='ltr'><strong>orant</strong></span> 
     </span>
    </p>
   </div>
   <div class='ocr_carea' id='block_1_55' title="bbox 915 1218 1602 1254">
    <p class='ocr_par' dir='ltr' id='par_1_55' title="bbox 915 1218 1602 1254">
     <span class='ocr_line' id='line_1_55' title="bbox 915 1218 1602 1254; baseline -0.004 -7"><span class='ocrx_word' id='word_1_379' title='bbox 915 1227 947 1247; x_wconf 92' lang='lat' dir='ltr'><strong>ac</strong></span> <span class='ocrx_word' id='word_1_380' title='bbox 962 1223 1069 1254; x_wconf 81' lang='lat' dir='ltr'><strong>petunt,</strong></span> <span class='ocrx_word' id='word_1_381' title='bbox 1082 1219 1262 1254; x_wconf 83' lang='lat' dir='ltr'><strong>cupiditatem</strong></span> <span class='ocrx_word' id='word_1_382' title='bbox 1279 1226 1457 1253; x_wconf 89' lang='lat' dir='ltr'><strong>amoremque</strong></span> <span class='ocrx_word' id='word_1_383' title='bbox 1475 1218 1602 1253; x_wconf 84' lang='lat' dir='ltr'><strong>impellit.</strong></span> 
     </span>
    </p>
   </div>
   <div class='ocr_carea' id='block_1_56' title="bbox 950 1262 1704 1299">
    <p class='ocr_par' dir='ltr' id='par_1_56' title="bbox 950 1262 1704 1299">
     <span class='ocr_line' id='line_1_56' title="bbox 950 1262 1704 1299; baseline -0.003 -7"><span class='ocrx_word' id='word_1_384' title='bbox 950 1265 1067 1298; x_wconf 83' lang='lat' dir='ltr'><strong>Idcirco,</strong></span> <span class='ocrx_word' id='word_1_385' title='bbox 1083 1269 1160 1299; x_wconf 90' lang='lat' dir='ltr'><strong>puto,</strong></span> <span class='ocrx_word' id='word_1_386' title='bbox 1175 1265 1246 1292; x_wconf 85' lang='lat' dir='ltr'><strong>hanc</strong></span> <span class='ocrx_word' id='word_1_387' title='bbox 1264 1264 1405 1299; x_wconf 85' lang='lat' dir='ltr'><strong>Scriptura</strong></span> <span class='ocrx_word' id='word_1_388' title='bbox 1420 1264 1583 1297; x_wconf 83' lang='lat' dir='ltr'><strong>doctrinam,</strong></span> <span class='ocrx_word' id='word_1_389' title='bbox 1600 1262 1704 1291; x_wconf 86' lang='lat' dir='ltr'><strong>oratio-</strong></span> 
     </span>
    </p>
   </div>
   <div class='ocr_carea' id='block_1_57' title="bbox 915 1309 1704 1345">
    <p class='ocr_par' dir='ltr' id='par_1_57' title="bbox 915 1309 1704 1345">
     <span class='ocr_line' id='line_1_57' title="bbox 915 1309 1704 1345; baseline -0.004 -7"><span class='ocrx_word' id='word_1_390' title='bbox 915 1318 990 1343; x_wconf 89' lang='lat' dir='ltr'><strong>nem,</strong></span> <span class='ocrx_word' id='word_1_391' title='bbox 1005 1310 1098 1338; x_wconf 63' lang='lat' dir='ltr'><strong>Graece</strong></span> <span class='ocrx_word' id='word_1_392' title='bbox 1115 1309 1279 1345; x_wconf 83' lang='grc' dir='ltr'>προσευχὴν,</span> <span class='ocrx_word' id='word_1_393' title='bbox 1296 1309 1454 1344; x_wconf 85' lang='lat' dir='ltr'><strong>appellavit,</strong></span> <span class='ocrx_word' id='word_1_394' title='bbox 1469 1313 1500 1336; x_wconf 89' lang='lat' dir='ltr'><strong>ut</strong></span> <span class='ocrx_word' id='word_1_395' title='bbox 1514 1317 1575 1344; x_wconf 65' lang='lat' dir='ltr'><strong>quae</strong></span> <span class='ocrx_word' id='word_1_396' title='bbox 1594 1315 1704 1340; x_wconf 83' lang='lat' dir='ltr'><strong>eorum,</strong></span> 
     </span>
    </p>
   </div>
   <div class='ocr_carea' id='block_1_58' title="bbox 917 1353 1704 1391">
    <p class='ocr_par' dir='ltr' id='par_1_58' title="bbox 917 1353 1704 1391">
     <span class='ocr_line' id='line_1_58' title="bbox 917 1353 1704 1391; baseline -0.004 -8"><span class='ocrx_word' id='word_1_397' title='bbox 917 1364 978 1391; x_wconf 77' lang='lat' dir='ltr'><strong>qua:</strong></span> <span class='ocrx_word' id='word_1_398' title='bbox 993 1364 1009 1383; x_wconf 92' lang='lat' dir='ltr'><strong>a</strong></span> <span class='ocrx_word' id='word_1_399' title='bbox 1022 1357 1078 1383; x_wconf 88' lang='lat' dir='ltr'><strong>Deo</strong></span> <span class='ocrx_word' id='word_1_400' title='bbox 1094 1356 1256 1383; x_wconf 85' lang='lat' dir='ltr'><strong>hominibus</strong></span> <span class='ocrx_word' id='word_1_401' title='bbox 1269 1364 1318 1390; x_wconf 89' lang='lat' dir='ltr'><strong>per</strong></span> <span class='ocrx_word' id='word_1_402' title='bbox 1335 1355 1450 1390; x_wconf 78' lang='lat' dir='ltr'><strong>gratiam</strong></span> <span class='ocrx_word' id='word_1_403' title='bbox 1467 1354 1639 1385; x_wconf 87' lang='lat' dir='ltr'><strong>tribuuntur,</strong></span> <span class='ocrx_word' id='word_1_404' title='bbox 1653 1353 1704 1380; x_wconf 91' lang='lat' dir='ltr'><strong>do-</strong></span> 
     </span>
    </p>
   </div>
   <div class='ocr_carea' id='block_1_59' title="bbox 916 1399 1705 1437">
    <p class='ocr_par' dir='ltr' id='par_1_59' title="bbox 916 1399 1705 1437">
     <span class='ocr_line' id='line_1_59' title="bbox 916 1399 1705 1437; baseline -0.004 -8"><span class='ocrx_word' id='word_1_405' title='bbox 916 1409 1027 1434; x_wconf 90' lang='lat' dir='ltr'><strong>norum,</strong></span> <span class='ocrx_word' id='word_1_406' title='bbox 1044 1402 1207 1437; x_wconf 86' lang='lat' dir='ltr'><strong>petitionem</strong></span> <span class='ocrx_word' id='word_1_407' title='bbox 1224 1401 1435 1436; x_wconf 87' lang='lat' dir='ltr'><strong>complectatur.</strong></span> <span class='ocrx_word' id='word_1_408' title='bbox 1453 1400 1500 1428; x_wconf 88' lang='lat' dir='ltr'><strong>Sic</strong></span> <span class='ocrx_word' id='word_1_409' title='bbox 1516 1400 1590 1427; x_wconf 91' lang='lat' dir='ltr'><strong>enim</strong></span> <span class='ocrx_word' id='word_1_410' title='bbox 1611 1399 1705 1426; x_wconf 92' lang='lat' dir='ltr'><strong>divino</strong></span> 
     </span>
    </p>
   </div>
   <div class='ocr_carea' id='block_1_60' title="bbox 916 1444 1706 1481">
    <p class='ocr_par' dir='ltr' id='par_1_60' title="bbox 916 1444 1706 1481">
     <span class='ocr_line' id='line_1_60' title="bbox 916 1444 1706 1481; baseline -0.004 -6"><span class='ocrx_word' id='word_1_411' title='bbox 916 1447 998 1475; x_wconf 73' lang='lat' dir='ltr'><strong>adlati</strong></span> <span class='ocrx_word' id='word_1_412' title='bbox 1026 1447 1138 1475; x_wconf 88' lang='lat' dir='ltr'><strong>numine</strong></span> <span class='ocrx_word' id='word_1_413' title='bbox 1164 1447 1261 1475; x_wconf 82' lang='lat' dir='ltr'><strong>Patres</strong></span> <span class='ocrx_word' id='word_1_414' title='bbox 1284 1447 1370 1474; x_wconf 88' lang='lat' dir='ltr'><strong>nostri</strong></span> <span class='ocrx_word' id='word_1_415' title='bbox 1395 1446 1430 1473; x_wconf 93' lang='lat' dir='ltr'><strong>de</strong></span> <span class='ocrx_word' id='word_1_416' title='bbox 1453 1445 1579 1473; x_wconf 88' lang='lat' dir='ltr'><strong>oratione</strong></span> <span class='ocrx_word' id='word_1_417' title='bbox 1602 1444 1706 1481; x_wconf 66' lang='lat' dir='ltr'><strong>(Graece</strong></span> 
     </span>
    </p>
   </div>
   <div class='ocr_carea' id='block_1_61' title="bbox 917 1490 1706 1529">
    <p class='ocr_par' dir='ltr' id='par_1_61' title="bbox 917 1490 1706 1529">
     <span class='ocr_line' id='line_1_61' title="bbox 917 1490 1706 1529; baseline -0.004 -10"><span class='ocrx_word' id='word_1_418' title='bbox 917 1493 1077 1529; x_wconf 79' lang='grc' dir='ltr'>προσευχὴ),</span> <span class='ocrx_word' id='word_1_419' title='bbox 1093 1493 1296 1525; x_wconf 87' lang='lat' dir='ltr'><strong>disseruerunt,</strong></span> <span class='ocrx_word' id='word_1_420' title='bbox 1314 1491 1438 1520; x_wconf 87' lang='lat' dir='ltr'><strong>dicentes</strong></span> <span class='ocrx_word' id='word_1_421' title='bbox 1456 1499 1463 1518; x_wconf 90' lang='lat'>:</span> <span class='ocrx_word' id='word_1_422' title='bbox 1479 1497 1540 1518; x_wconf 86' lang='lat' dir='ltr'><strong>esse</strong></span> <span class='ocrx_word' id='word_1_423' title='bbox 1551 1490 1706 1518; x_wconf 86' lang='lat' dir='ltr'><strong>orationem</strong></span> 
     </span>
    </p>
   </div>
   <div class='ocr_carea' id='block_1_62' title="bbox 76 1536 865 1586">
    <p class='ocr_par' dir='ltr' id='par_1_62' title="bbox 76 1538 865 1575">
     <span class='ocr_line' id='line_1_62' title="bbox 76 1538 865 1575; baseline 0.001 -10"><span class='ocrx_word' id='word_1_424' title='bbox 76 1539 197 1572; x_wconf 77' lang='grc' dir='ltr'>πέφυκεν</span> <span class='ocrx_word' id='word_1_425' title='bbox 219 1538 387 1574; x_wconf 73' lang='grc' dir='ltr'>ἀνθρὼποις’</span> <span class='ocrx_word' id='word_1_426' title='bbox 405 1538 499 1574; x_wconf 85' lang='grc' dir='ltr'>ὥσπερ</span> <span class='ocrx_word' id='word_1_427' title='bbox 523 1539 570 1566; x_wconf 74' lang='grc' dir='ltr'>καὶ</span> <span class='ocrx_word' id='word_1_428' title='bbox 608 1539 658 1575; x_wconf 85' lang='grc' dir='ltr'>τὴν</span> <span class='ocrx_word' id='word_1_429' title='bbox 687 1540 780 1575; x_wconf 80' lang='grc' dir='ltr'>εὐχὴν,</span> <span class='ocrx_word' id='word_1_430' title='bbox 801 1540 865 1567; x_wconf 81' lang='grc' dir='ltr'>ὑπό-</span> 
     </span>
    </p>
   </div>
   <div class='ocr_carea' id='block_1_63' title="bbox 916 1536 1705 1586">
    <p class='ocr_par' dir='ltr' id='par_1_63' title="bbox 917 1536 1705 1573">
     <span class='ocr_line' id='line_1_63' title="bbox 917 1536 1705 1573; baseline -0.003 -7"><span class='ocrx_word' id='word_1_431' title='bbox 917 1539 1078 1573; x_wconf 84' lang='lat' dir='ltr'><strong>petitionem</strong></span> <span class='ocrx_word' id='word_1_432' title='bbox 1094 1546 1201 1571; x_wconf 89' lang='lat' dir='ltr'><strong>eorum,</strong></span> <span class='ocrx_word' id='word_1_433' title='bbox 1215 1546 1277 1573; x_wconf 64' lang='lat' dir='ltr'><strong>qua</strong></span> <span class='ocrx_word' id='word_1_434' title='bbox 1294 1538 1367 1565; x_wconf 84' lang='lat' dir='ltr'><strong>Deus</strong></span> <span class='ocrx_word' id='word_1_435' title='bbox 1388 1545 1439 1572; x_wconf 92' lang='lat' dir='ltr'><strong>pro</strong></span> <span class='ocrx_word' id='word_1_436' title='bbox 1462 1537 1555 1564; x_wconf 88' lang='lat' dir='ltr'><strong>innata</strong></span> <span class='ocrx_word' id='word_1_437' title='bbox 1572 1536 1705 1569; x_wconf 82' lang='lat' dir='ltr'><strong>bonitate,</strong></span> 
     </span>
    </p>
   </div>
   <div class='ocr_carea' id='block_1_64' title="bbox 77 1581 865 1620">
    <p class='ocr_par' dir='ltr' id='par_1_64' title="bbox 77 1581 865 1620">
     <span class='ocr_line' id='line_1_64' title="bbox 77 1581 865 1620; baseline 0.004 -11"><span class='ocrx_word' id='word_1_438' title='bbox 77 1591 181 1618; x_wconf 74' lang='grc' dir='ltr'>σχεσιν,</span> <span class='ocrx_word' id='word_1_439' title='bbox 202 1584 286 1619; x_wconf 70' lang='grc' dir='ltr'>ἤγουν</span> <span class='ocrx_word' id='word_1_440' title='bbox 305 1584 482 1618; x_wconf 75' lang='grc' dir='ltr'>ἐπαγγελίαν,</span> <span class='ocrx_word' id='word_1_441' title='bbox 499 1581 536 1611; x_wconf 83' lang='grc' dir='ltr'><strong>ὧν</strong></span> <span class='ocrx_word' id='word_1_442' title='bbox 550 1585 671 1620; x_wconf 82' lang='grc' dir='ltr'>γνησίως</span> <span class='ocrx_word' id='word_1_443' title='bbox 689 1585 865 1620; x_wconf 79' lang='grc' dir='ltr'>λατρεύοντες</span> 
     </span>
    </p>
   </div>
   <div class='ocr_carea' id='block_1_65' title="bbox 77 1627 866 1666">
    <p class='ocr_par' dir='ltr' id='par_1_65' title="bbox 77 1627 866 1666">
     <span class='ocr_line' id='line_1_65' title="bbox 77 1627 866 1666; baseline 0.003 -12"><span class='ocrx_word' id='word_1_444' title='bbox 77 1627 138 1663; x_wconf 82' lang='grc' dir='ltr'><strong>θεῷ</strong></span> <span class='ocrx_word' id='word_1_445' title='bbox 157 1628 389 1663; x_wconf 78' lang='grc' dir='ltr'>προσκομίζουσιν</span> <span class='ocrx_word' id='word_1_446' title='bbox 403 1629 552 1665; x_wconf 76' lang='grc' dir='ltr'>ἂνθρωποι,</span> <span class='ocrx_word' id='word_1_447' title='bbox 569 1629 618 1665; x_wconf 82' lang='grc' dir='ltr'><strong>τὴν</strong></span> <span class='ocrx_word' id='word_1_448' title='bbox 634 1630 745 1665; x_wconf 82' lang='grc' dir='ltr'>Γραφὴν</span> <span class='ocrx_word' id='word_1_449' title='bbox 763 1638 866 1666; x_wconf 82' lang='grc' dir='ltr'>μαρτυ-</span> 
     </span>
    </p>
   </div>
   <div class='ocr_carea' id='block_1_66' title="bbox 79 1673 865 1711">
    <p class='ocr_par' dir='ltr' id='par_1_66' title="bbox 79 1673 865 1711">
     <span class='ocr_line' id='line_1_66' title="bbox 79 1673 865 1711; baseline 0.003 -11"><span class='ocrx_word' id='word_1_450' title='bbox 79 1674 179 1710; x_wconf 77' lang='grc' dir='ltr'>ροῦσαν</span> <span class='ocrx_word' id='word_1_451' title='bbox 188 1673 227 1709; x_wconf 82' lang='grc' dir='ltr'><strong>τῷ</strong></span> <span class='ocrx_word' id='word_1_452' title='bbox 238 1674 330 1710; x_wconf 87' lang='grc' dir='ltr'>οἰκείῳ</span> <span class='ocrx_word' id='word_1_453' title='bbox 346 1675 418 1710; x_wconf 87' lang='grc' dir='ltr'>λόγῳ</span> <span class='ocrx_word' id='word_1_454' title='bbox 428 1675 568 1710; x_wconf 79' lang='grc' dir='ltr'>πολλαχῶς</span> <span class='ocrx_word' id='word_1_455' title='bbox 582 1676 815 1711; x_wconf 76' lang='grc' dir='ltr'>παραστήσαντες,</span> <span class='ocrx_word' id='word_1_456' title='bbox 828 1675 865 1707; x_wconf 71' lang='grc' dir='ltr'>ὡς</span> 
     </span>
    </p>
   </div>
   <div class='ocr_carea' id='block_1_67' title="bbox 77 1719 863 1756">
    <p class='ocr_par' dir='ltr' id='par_1_67' title="bbox 77 1719 863 1756">
     <span class='ocr_line' id='line_1_67' title="bbox 77 1719 863 1756; baseline 0.003 -11"><span class='ocrx_word' id='word_1_457' title='bbox 77 1719 117 1752; x_wconf 80' lang='grc' dir='ltr'>τὺ,</span> <span class='ocrx_word' id='word_1_458' title='bbox 139 1719 287 1752; x_wconf 76' lang='grc' dir='ltr'>Εῦξασθε,</span> <span class='ocrx_word' id='word_1_459' title='bbox 303 1721 352 1747; x_wconf 81' lang='grc' dir='ltr'>καί</span> <span class='ocrx_word' id='word_1_460' title='bbox 377 1721 504 1748; x_wconf 80' lang='grc' dir='ltr'>ἀπόδοτε</span> <span class='ocrx_word' id='word_1_461' title='bbox 525 1721 621 1755; x_wconf 84' lang='grc' dir='ltr'>Κυρίῳ</span> <span class='ocrx_word' id='word_1_462' title='bbox 634 1720 674 1753; x_wconf 79' lang='grc' dir='ltr'><strong>τῷ</strong></span> <span class='ocrx_word' id='word_1_463' title='bbox 689 1721 749 1754; x_wconf 83' lang='grc' dir='ltr'><strong>Θεῷ</strong></span> <span class='ocrx_word' id='word_1_464' title='bbox 763 1720 863 1756; x_wconf 78' lang='grc' dir='ltr'><strong>ὴμῶν-</strong></span> 
     </span>
    </p>
   </div>
   <div class='ocr_carea' id='block_1_68' title="bbox 78 1765 867 1801">
    <p class='ocr_par' dir='ltr' id='par_1_68' title="bbox 78 1765 867 1801">
     <span class='ocr_line' id='line_1_68' title="bbox 78 1765 867 1801; baseline 0.004 -10"><span class='ocrx_word' id='word_1_465' title='bbox 78 1765 136 1795; x_wconf 73' lang='grc' dir='ltr'>καὶ,</span> <span class='ocrx_word' id='word_1_466' title='bbox 155 1765 234 1792; x_wconf 79' lang='grc' dir='ltr'>Ὅσα</span> <span class='ocrx_word' id='word_1_467' title='bbox 250 1765 402 1801; x_wconf 78' lang='grc' dir='ltr'>ηὐξάμην,</span> <span class='ocrx_word' id='word_1_468' title='bbox 414 1766 561 1794; x_wconf 76' lang='grc' dir='ltr'>ἀποδώσω</span> <span class='ocrx_word' id='word_1_469' title='bbox 571 1774 620 1794; x_wconf 82' lang='grc' dir='ltr'><strong>σοι</strong></span> <span class='ocrx_word' id='word_1_470' title='bbox 636 1766 750 1800; x_wconf 81' lang='grc' dir='ltr'>Σωτῆρι</span> <span class='ocrx_word' id='word_1_471' title='bbox 758 1775 817 1801; x_wconf 81' lang='grc' dir='ltr'>μου</span> <span class='ocrx_word' id='word_1_472' title='bbox 827 1766 867 1799; x_wconf 82' lang='grc' dir='ltr'>τῷ</span> 
     </span>
    </p>
   </div>
   <div class='ocr_carea' id='block_1_69' title="bbox 79 1810 867 1848">
    <p class='ocr_par' dir='ltr' id='par_1_69' title="bbox 79 1810 867 1848">
     <span class='ocr_line' id='line_1_69' title="bbox 79 1810 867 1848; baseline 0.001 -11"><span class='ocrx_word' id='word_1_473' title='bbox 79 1811 175 1845; x_wconf 81' lang='grc' dir='ltr'>Κυρίῳ</span> <span class='ocrx_word' id='word_1_474' title='bbox 190 1810 238 1846; x_wconf 76' lang='grc'><strong>(9)·</strong></span> <span class='ocrx_word' id='word_1_475' title='bbox 254 1812 378 1847; x_wconf 77' lang='grc' dir='ltr'>περὶτῆς</span> <span class='ocrx_word' id='word_1_476' title='bbox 395 1812 477 1847; x_wconf 77' lang='grc' dir='ltr'>εὐχῆς</span> <span class='ocrx_word' id='word_1_477' title='bbox 486 1812 617 1847; x_wconf 81' lang='grc' dir='ltr'>εἰρημένα</span> <span class='ocrx_word' id='word_1_478' title='bbox 627 1819 634 1826; x_wconf 90' lang='grc'><strong>·</strong></span> <span class='ocrx_word' id='word_1_479' title='bbox 651 1813 698 1838; x_wconf 77' lang='grc' dir='ltr'><strong>καὶ</strong></span> <span class='ocrx_word' id='word_1_480' title='bbox 713 1810 790 1843; x_wconf 78' lang='grc' dir='ltr'>αὖθις</span> <span class='ocrx_word' id='word_1_481' title='bbox 803 1813 867 1848; x_wconf 81' lang='grc' dir='ltr'>περὶ</span> 
     </span>
    </p>
   </div>
   <div class='ocr_carea' id='block_1_70' title="bbox 79 1857 867 1893">
    <p class='ocr_par' dir='ltr' id='par_1_70' title="bbox 79 1857 867 1893">
     <span class='ocr_line' id='line_1_70' title="bbox 79 1857 867 1893; baseline 0.004 -11"><span class='ocrx_word' id='word_1_482' title='bbox 79 1857 242 1892; x_wconf 78' lang='grc' dir='ltr'>προσευχῆς,</span> <span class='ocrx_word' id='word_1_483' title='bbox 251 1857 290 1889; x_wconf 80' lang='grc' dir='ltr'>ὡς</span> <span class='ocrx_word' id='word_1_484' title='bbox 300 1857 347 1889; x_wconf 77' lang='grc' dir='ltr'><strong>τὸ,</strong></span> <span class='ocrx_word' id='word_1_485' title='bbox 363 1857 417 1885; x_wconf 82' lang='lat' dir='ltr'><strong>Kal</strong></span> <span class='ocrx_word' id='word_1_486' title='bbox 428 1858 621 1892; x_wconf 77' lang='grc' dir='ltr'>προσηύξατο</span> <span class='ocrx_word' id='word_1_487' title='bbox 639 1858 676 1893; x_wconf 88' lang='grc' dir='ltr'>(Ιι)</span> <span class='ocrx_word' id='word_1_488' title='bbox 687 1859 777 1885; x_wconf 77' lang='grc' dir='ltr'><strong>Ἅννα</strong></span> <span class='ocrx_word' id='word_1_489' title='bbox 792 1858 867 1892; x_wconf 81' lang='grc' dir='ltr'>πρὸς</span> 
     </span>
    </p>
   </div>
   <div class='ocr_carea' id='block_1_71' title="bbox 79 1902 864 1937">
    <p class='ocr_par' dir='ltr' id='par_1_71' title="bbox 79 1902 864 1937">
     <span class='ocr_line' id='line_1_71' title="bbox 79 1902 864 1937; baseline 0.004 -9"><span class='ocrx_word' id='word_1_490' title='bbox 79 1902 197 1936; x_wconf 80' lang='grc' dir='ltr'>Κύριον,</span> <span class='ocrx_word' id='word_1_491' title='bbox 211 1902 344 1937; x_wconf 76' lang='grc' dir='ltr'>λέγουσα</span> <span class='ocrx_word' id='word_1_492' title='bbox 353 1911 360 1918; x_wconf 88' lang='grc'><strong>·</strong></span> <span class='ocrx_word' id='word_1_493' title='bbox 374 1903 463 1937; x_wconf 82' lang='grc' dir='ltr'>Κύριε</span> <span class='ocrx_word' id='word_1_494' title='bbox 481 1904 610 1936; x_wconf 80' lang='grc' dir='ltr'>Ἀδωνατ,</span> <span class='ocrx_word' id='word_1_495' title='bbox 636 1904 719 1931; x_wconf 69' lang='grc' dir='ltr'>Ἐλωί</span> <span class='ocrx_word' id='word_1_496' title='bbox 732 1904 864 1935; x_wconf 63' lang='lat' dir='ltr'><strong>meum.</strong></span> 
     </span>
    </p>
   </div>
   <div class='ocr_carea' id='block_1_72' title="bbox 78 1946 863 1983">
    <p class='ocr_par' dir='ltr' id='par_1_72' title="bbox 78 1946 863 1983">
     <span class='ocr_line' id='line_1_72' title="bbox 78 1946 863 1983; baseline 0.005 -10"><span class='ocrx_word' id='word_1_497' title='bbox 78 1946 132 1973; x_wconf 77' lang='grc' dir='ltr'><strong>ἐὰν</strong></span> <span class='ocrx_word' id='word_1_498' title='bbox 158 1948 325 1975; x_wconf 76' lang='grc' dir='ltr'>εἰσακούων</span> <span class='ocrx_word' id='word_1_499' title='bbox 357 1949 542 1983; x_wconf 81' lang='grc' dir='ltr'>εἰσακούσῃς</span> <span class='ocrx_word' id='word_1_500' title='bbox 571 1949 625 1983; x_wconf 84' lang='grc' dir='ltr'>τῆς</span> <span class='ocrx_word' id='word_1_501' title='bbox 654 1949 764 1982; x_wconf 75' lang='grc' dir='ltr'>δούλης</span> <span class='ocrx_word' id='word_1_502' title='bbox 794 1957 863 1983; x_wconf 80' lang='grc' dir='ltr'>σου,</span> 
     </span>
    </p>
   </div>
   <div class='ocr_carea' id='block_1_73' title="bbox 78 1991 866 2029">
    <p class='ocr_par' dir='ltr' id='par_1_73' title="bbox 78 1991 866 2029">
     <span class='ocr_line' id='line_1_73' title="bbox 78 1991 866 2029; baseline 0.005 -11"><span class='ocrx_word' id='word_1_503' title='bbox 78 1991 127 2019; x_wconf 73' lang='grc' dir='ltr'><strong>καί</strong></span> <span class='ocrx_word' id='word_1_504' title='bbox 140 1992 200 2026; x_wconf 82' lang='grc' dir='ltr'>δῷς</span> <span class='ocrx_word' id='word_1_505' title='bbox 222 2002 274 2027; x_wconf 82' lang='grc' dir='ltr'><strong>μοι</strong></span> <span class='ocrx_word' id='word_1_506' title='bbox 296 1993 413 2028; x_wconf 83' lang='grc' dir='ltr'>καρπὸν</span> <span class='ocrx_word' id='word_1_507' title='bbox 438 1995 572 2028; x_wconf 73' lang='grc' dir='ltr'>κοιλίας·</span> <span class='ocrx_word' id='word_1_508' title='bbox 594 1994 652 2027; x_wconf 76' lang='grc' dir='ltr'>καί,</span> <span class='ocrx_word' id='word_1_509' title='bbox 669 1995 866 2029; x_wconf 80' lang='grc' dir='ltr'>Προσηὺεατο</span> 
     </span>
    </p>
   </div>
   <div class='ocr_carea' id='block_1_74' title="bbox 85 2037 865 2074">
    <p class='ocr_par' dir='ltr' id='par_1_74' title="bbox 85 2037 865 2074">
     <span class='ocr_line' id='line_1_74' title="bbox 85 2037 865 2074; baseline 0.004 -9"><span class='ocrx_word' id='word_1_510' title='bbox 85 2037 213 2071; x_wconf 75' lang='grc' dir='ltr'>Ἐζεκίας</span> <span class='ocrx_word' id='word_1_511' title='bbox 240 2039 390 2072; x_wconf 74' lang='grc' dir='ltr'>βασιλεὺς</span> <span class='ocrx_word' id='word_1_512' title='bbox 424 2039 532 2072; x_wconf 83' lang='grc' dir='ltr'>Ἰούδα,</span> <span class='ocrx_word' id='word_1_513' title='bbox 561 2041 611 2068; x_wconf 76' lang='grc' dir='ltr'>καὶ</span> <span class='ocrx_word' id='word_1_514' title='bbox 647 2041 770 2074; x_wconf 84' lang='grc' dir='ltr'>Ἡσαΐας</span> <span class='ocrx_word' id='word_1_515' title='bbox 800 2041 865 2074; x_wconf 80' lang='grc' dir='ltr'>υίὸς</span> 
     </span>
    </p>
   </div>
   <div class='ocr_carea' id='block_1_75' title="bbox 85 2083 865 2120">
    <p class='ocr_par' dir='ltr' id='par_1_75' title="bbox 85 2083 865 2120">
     <span class='ocr_line' id='line_1_75' title="bbox 85 2083 865 2120; baseline 0.004 -10"><span class='ocrx_word' id='word_1_516' title='bbox 85 2083 177 2118; x_wconf 81' lang='grc' dir='ltr'><strong>Ἀμῶς</strong></span> <span class='ocrx_word' id='word_1_517' title='bbox 193 2085 210 2110; x_wconf 86' lang='grc' dir='ltr'><strong>ό</strong></span> <span class='ocrx_word' id='word_1_518' title='bbox 223 2084 379 2119; x_wconf 71' lang='grc' dir='ltr'><strong>προφήτης</strong></span> <span class='ocrx_word' id='word_1_519' title='bbox 393 2085 468 2119; x_wconf 79' lang='grc' dir='ltr'>πρὸς</span> <span class='ocrx_word' id='word_1_520' title='bbox 488 2086 597 2120; x_wconf 83' lang='grc' dir='ltr'>Κύριον</span> <span class='ocrx_word' id='word_1_521' title='bbox 609 2095 615 2101; x_wconf 85' lang='grc'><em>’</em></span> <span class='ocrx_word' id='word_1_522' title='bbox 636 2087 683 2113; x_wconf 78' lang='grc' dir='ltr'>καὶ</span> <span class='ocrx_word' id='word_1_523' title='bbox 697 2087 736 2118; x_wconf 79' lang='grc' dir='ltr'>τὸ,</span> <span class='ocrx_word' id='word_1_524' title='bbox 755 2087 812 2114; x_wconf 84' lang='grc' dir='ltr'><strong>”οτ“</strong></span> <span class='ocrx_word' id='word_1_525' title='bbox 827 2086 865 2113; x_wconf 83' lang='grc' dir='ltr'><strong>ἂν</strong></span> 
     </span>
    </p>
   </div>
   <div class='ocr_carea' id='block_1_76' title="bbox 78 2128 866 2165">
    <p class='ocr_par' dir='ltr' id='par_1_76' title="bbox 78 2128 866 2165">
     <span class='ocr_line' id='line_1_76' title="bbox 78 2128 866 2165; baseline 0.004 -11"><span class='ocrx_word' id='word_1_526' title='bbox 78 2128 163 2162; x_wconf 71' lang='grc' dir='ltr'>ὑμεῖς</span> <span class='ocrx_word' id='word_1_527' title='bbox 181 2129 402 2163; x_wconf 75' lang='grc' dir='ltr'>προσεύχησθε,</span> <span class='ocrx_word' id='word_1_528' title='bbox 428 2129 541 2164; x_wconf 73' lang='grc' dir='ltr'><strong>λέγετε,</strong></span> <span class='ocrx_word' id='word_1_529' title='bbox 567 2129 661 2164; x_wconf 77' lang='grc' dir='ltr'>Πάτερ</span> <span class='ocrx_word' id='word_1_530' title='bbox 687 2129 771 2165; x_wconf 78' lang='grc' dir='ltr'><strong>ἡμῶν</strong></span> <span class='ocrx_word' id='word_1_531' title='bbox 793 2132 809 2158; x_wconf 84' lang='grc' dir='ltr'><strong>ό</strong></span> <span class='ocrx_word' id='word_1_532' title='bbox 830 2131 866 2157; x_wconf 76' lang='grc' dir='ltr'><strong>ἐν</strong></span> 
     </span>
    </p>
   </div>
   <div class='ocr_carea' id='block_1_77' title="bbox 77 2174 865 2212">
    <p class='ocr_par' dir='ltr' id='par_1_77' title="bbox 77 2174 865 2212">
     <span class='ocr_line' id='line_1_77' title="bbox 77 2174 865 2212; baseline 0.004 -12"><span class='ocrx_word' id='word_1_533' title='bbox 77 2174 141 2206; x_wconf 76' lang='grc' dir='ltr'>τοῖς</span> <span class='ocrx_word' id='word_1_534' title='bbox 168 2174 317 2208; x_wconf 78' lang='grc' dir='ltr'>οὐρανοῖς,</span> <span class='ocrx_word' id='word_1_535' title='bbox 350 2176 426 2210; x_wconf 67' lang='grc' dir='ltr'>παρὰ</span> <span class='ocrx_word' id='word_1_536' title='bbox 448 2175 495 2202; x_wconf 77' lang='grc' dir='ltr'>τοῦ</span> <span class='ocrx_word' id='word_1_537' title='bbox 518 2176 621 2211; x_wconf 87' lang='grc' dir='ltr'>Κυρίου</span> <span class='ocrx_word' id='word_1_538' title='bbox 646 2177 702 2207; x_wconf 81' lang='grc' dir='ltr'>τοῖς</span> <span class='ocrx_word' id='word_1_539' title='bbox 732 2176 865 2212; x_wconf 83' lang='grc' dir='ltr'>μαθηταῖς</span> 
     </span>
    </p>
   </div>
   <div class='ocr_carea' id='block_1_78' title="bbox 917 1581 1708 1619">
    <p class='ocr_par' dir='ltr' id='par_1_78' title="bbox 917 1581 1708 1619">
     <span class='ocr_line' id='line_1_78' title="bbox 917 1581 1708 1619; baseline -0.004 -8"><span class='ocrx_word' id='word_1_540' title='bbox 917 1588 999 1619; x_wconf 86' lang='lat' dir='ltr'><strong>atque</strong></span> <span class='ocrx_word' id='word_1_541' title='bbox 1007 1590 1037 1611; x_wconf 89' lang='lat' dir='ltr'><strong>ut</strong></span> <span class='ocrx_word' id='word_1_542' title='bbox 1052 1584 1141 1619; x_wconf 90' lang='lat' dir='ltr'><strong>ipsum</strong></span> <span class='ocrx_word' id='word_1_543' title='bbox 1152 1583 1347 1618; x_wconf 78' lang='lat' dir='ltr'><strong>decetelargiri</strong></span> <span class='ocrx_word' id='word_1_544' title='bbox 1357 1581 1518 1610; x_wconf 84' lang='lat' dir='ltr'><strong>hominibus</strong></span> <span class='ocrx_word' id='word_1_545' title='bbox 1528 1582 1648 1617; x_wconf 88' lang='lat' dir='ltr'><strong>proclive</strong></span> <span class='ocrx_word' id='word_1_546' title='bbox 1659 1581 1708 1608; x_wconf 85' lang='lat' dir='ltr'><strong>ha-</strong></span> 
     </span>
    </p>
   </div>
   <div class='ocr_carea' id='block_1_79' title="bbox 917 1628 1706 1665">
    <p class='ocr_par' dir='ltr' id='par_1_79' title="bbox 917 1628 1706 1665">
     <span class='ocr_line' id='line_1_79' title="bbox 917 1628 1706 1665; baseline -0.004 -8"><span class='ocrx_word' id='word_1_547' title='bbox 917 1629 979 1663; x_wconf 81' lang='lat' dir='ltr'><strong>bet;</strong></span> <span class='ocrx_word' id='word_1_548' title='bbox 1009 1629 1240 1665; x_wconf 84' lang='lat' dir='ltr'><strong>quemadmodum</strong></span> <span class='ocrx_word' id='word_1_549' title='bbox 1261 1633 1367 1661; x_wconf 89' lang='lat' dir='ltr'><strong>votum,</strong></span> <span class='ocrx_word' id='word_1_550' title='bbox 1385 1629 1479 1657; x_wconf 66' lang='lat' dir='ltr'><strong>Graece</strong></span> <span class='ocrx_word' id='word_1_551' title='bbox 1499 1628 1592 1663; x_wconf 79' lang='grc' dir='ltr'>εὐχὴν,</span> <span class='ocrx_word' id='word_1_552' title='bbox 1608 1634 1706 1655; x_wconf 86' lang='lat' dir='ltr'><strong>eorum</strong></span> 
     </span>
    </p>
   </div>
   <div class='ocr_carea' id='block_1_80' title="bbox 917 1671 1704 1710">
    <p class='ocr_par' dir='ltr' id='par_1_80' title="bbox 917 1671 1704 1710">
     <span class='ocr_line' id='line_1_80' title="bbox 917 1671 1704 1710; baseline -0.005 -8"><span class='ocrx_word' id='word_1_553' title='bbox 917 1675 1140 1710; x_wconf 86' lang='lat' dir='ltr'><strong>promissionem,</strong></span> <span class='ocrx_word' id='word_1_554' title='bbox 1156 1682 1204 1702; x_wconf 88' lang='lat' dir='ltr'><strong>seu</strong></span> <span class='ocrx_word' id='word_1_555' title='bbox 1232 1673 1476 1708; x_wconf 89' lang='lat' dir='ltr'><strong>nuncupationem,</strong></span> <span class='ocrx_word' id='word_1_556' title='bbox 1492 1680 1554 1707; x_wconf 66' lang='lat' dir='ltr'><strong>quae</strong></span> <span class='ocrx_word' id='word_1_557' title='bbox 1568 1671 1627 1699; x_wconf 90' lang='lat' dir='ltr'><strong>veri</strong></span> <span class='ocrx_word' id='word_1_558' title='bbox 1646 1671 1704 1698; x_wconf 87' lang='lat' dir='ltr'><strong>cul-</strong></span> 
     </span>
    </p>
   </div>
   <div class='ocr_carea' id='block_1_81' title="bbox 918 1717 1707 1755">
    <p class='ocr_par' dir='ltr' id='par_1_81' title="bbox 918 1717 1707 1755">
     <span class='ocr_line' id='line_1_81' title="bbox 918 1717 1707 1755; baseline -0.006 -6"><span class='ocrx_word' id='word_1_559' title='bbox 918 1726 992 1749; x_wconf 89' lang='lat' dir='ltr'><strong>tores</strong></span> <span class='ocrx_word' id='word_1_560' title='bbox 1006 1721 1063 1749; x_wconf 81' lang='lat' dir='ltr'><strong>Deo</strong></span> <span class='ocrx_word' id='word_1_561' title='bbox 1079 1721 1220 1749; x_wconf 84' lang='lat' dir='ltr'><strong>oll&#39;erunt:</strong></span> <span class='ocrx_word' id='word_1_562' title='bbox 1239 1724 1321 1755; x_wconf 89' lang='lat' dir='ltr'><strong>atque</strong></span> <span class='ocrx_word' id='word_1_563' title='bbox 1342 1719 1407 1747; x_wconf 86' lang='lat' dir='ltr'><strong>huic</strong></span> <span class='ocrx_word' id='word_1_564' title='bbox 1427 1726 1484 1747; x_wconf 64' lang='lat' dir='ltr'><strong>sum</strong></span> <span class='ocrx_word' id='word_1_565' title='bbox 1510 1717 1652 1746; x_wconf 67' lang='lat' dir='ltr'><strong>sententia</strong></span> <span class='ocrx_word' id='word_1_566' title='bbox 1675 1725 1707 1745; x_wconf 89' lang='lat' dir='ltr'><strong>ae</strong></span> 
     </span>
    </p>
   </div>
   <div class='ocr_carea' id='block_1_82' title="bbox 917 1763 1706 1801">
    <p class='ocr_par' dir='ltr' id='par_1_82' title="bbox 917 1763 1706 1801">
     <span class='ocr_line' id='line_1_82' title="bbox 917 1763 1706 1801; baseline -0.006 -7"><span class='ocrx_word' id='word_1_567' title='bbox 917 1766 1071 1794; x_wconf 82' lang='lat' dir='ltr'><strong>deﬁnitioni</strong></span> <span class='ocrx_word' id='word_1_568' title='bbox 1098 1766 1269 1801; x_wconf 87' lang='lat' dir='ltr'><strong>Scripturam</strong></span> <span class='ocrx_word' id='word_1_569' title='bbox 1291 1765 1387 1792; x_wconf 91' lang='lat' dir='ltr'><strong>multis</strong></span> <span class='ocrx_word' id='word_1_570' title='bbox 1417 1765 1485 1792; x_wconf 89' lang='lat' dir='ltr'><strong>locis</strong></span> <span class='ocrx_word' id='word_1_571' title='bbox 1511 1763 1706 1798; x_wconf 85' lang='lat' dir='ltr'><strong>astipulantem</strong></span> 
     </span>
    </p>
   </div>
   <div class='ocr_carea' id='block_1_83' title="bbox 917 1808 1707 1847">
    <p class='ocr_par' dir='ltr' id='par_1_83' title="bbox 917 1808 1707 1847">
     <span class='ocr_line' id='line_1_83' title="bbox 917 1808 1707 1847; baseline -0.008 -7"><span class='ocrx_word' id='word_1_572' title='bbox 917 1812 1084 1847; x_wconf 87' lang='lat' dir='ltr'><strong>producunt,</strong></span> <span class='ocrx_word' id='word_1_573' title='bbox 1101 1815 1130 1839; x_wconf 91' lang='lat' dir='ltr'><strong>ut</strong></span> <span class='ocrx_word' id='word_1_574' title='bbox 1143 1815 1185 1838; x_wconf 91' lang='lat' dir='ltr'><strong>est</strong></span> <span class='ocrx_word' id='word_1_575' title='bbox 1198 1811 1264 1838; x_wconf 90' lang='lat' dir='ltr'><strong>illud</strong></span> <span class='ocrx_word' id='word_1_576' title='bbox 1277 1810 1310 1837; x_wconf 88' lang='lat' dir='ltr'><strong>de</strong></span> <span class='ocrx_word' id='word_1_577' title='bbox 1325 1814 1390 1837; x_wconf 91' lang='lat' dir='ltr'><strong>voto</strong></span> <span class='ocrx_word' id='word_1_578' title='bbox 1409 1809 1514 1836; x_wconf 86' lang='lat' dir='ltr'><strong>dictum</strong></span> <span class='ocrx_word' id='word_1_579' title='bbox 1528 1817 1535 1836; x_wconf 92' lang='lat'>:</span> <span class='ocrx_word' id='word_1_580' title='bbox 1553 1808 1656 1841; x_wconf 75' lang='lat' dir='ltr'><strong>Vouete,</strong></span> <span class='ocrx_word' id='word_1_581' title='bbox 1681 1812 1707 1835; x_wconf 80' lang='lat' dir='ltr'><strong>et</strong></span> 
     </span>
    </p>
   </div>
   <div class='ocr_carea' id='block_1_84' title="bbox 917 1853 1704 1886">
    <p class='ocr_par' dir='ltr' id='par_1_84' title="bbox 917 1853 1704 1886">
     <span class='ocr_line' id='line_1_84' title="bbox 917 1853 1704 1886; baseline -0.006 -2"><span class='ocrx_word' id='word_1_582' title='bbox 917 1857 1016 1884; x_wconf 78' lang='lat' dir='ltr'><strong>reddite</strong></span> <span class='ocrx_word' id='word_1_583' title='bbox 1033 1856 1144 1884; x_wconf 79' lang='lat' dir='ltr'><strong>Domino</strong></span> <span class='ocrx_word' id='word_1_584' title='bbox 1158 1856 1213 1883; x_wconf 85' lang='lat' dir='ltr'><strong>Deo</strong></span> <span class='ocrx_word' id='word_1_585' title='bbox 1227 1859 1316 1882; x_wconf 74' lang='lat' dir='ltr'><strong>nostra</strong></span> <span class='ocrx_word' id='word_1_586' title='bbox 1326 1855 1359 1882; x_wconf 80' lang='grc'><strong>¹⁵.</strong></span> <span class='ocrx_word' id='word_1_587' title='bbox 1377 1854 1412 1882; x_wconf 84' lang='grc' dir='ltr'>Ει</span> <span class='ocrx_word' id='word_1_588' title='bbox 1430 1863 1437 1881; x_wconf 91' lang='lat'>:</span> <span class='ocrx_word' id='word_1_589' title='bbox 1455 1853 1519 1886; x_wconf 72' lang='lat' dir='ltr'><strong>Qua:</strong></span> <span class='ocrx_word' id='word_1_590' title='bbox 1534 1854 1590 1880; x_wconf 80' lang='lat' dir='ltr'><strong>vovi</strong></span> <span class='ocrx_word' id='word_1_591' title='bbox 1605 1853 1704 1883; x_wconf 81' lang='lat' dir='ltr'><strong>omnia,</strong></span> 
     </span>
    </p>
   </div>
   <div class='ocr_carea' id='block_1_85' title="bbox 917 1898 1706 1934">
    <p class='ocr_par' dir='ltr' id='par_1_85' title="bbox 917 1898 1706 1934">
     <span class='ocr_line' id='line_1_85' title="bbox 917 1898 1706 1934; baseline -0.008 -4"><span class='ocrx_word' id='word_1_592' title='bbox 917 1903 1027 1930; x_wconf 81' lang='lat' dir='ltr'><strong>reddam</strong></span> <span class='ocrx_word' id='word_1_593' title='bbox 1045 1902 1091 1929; x_wconf 74' lang='lat' dir='ltr'><strong>tibi</strong></span> <span class='ocrx_word' id='word_1_594' title='bbox 1107 1901 1220 1929; x_wconf 78' lang='lat' dir='ltr'><strong>Domino</strong></span> <span class='ocrx_word' id='word_1_595' title='bbox 1231 1899 1346 1928; x_wconf 78' lang='lat' dir='ltr'><strong>salutari</strong></span> <span class='ocrx_word' id='word_1_596' title='bbox 1362 1907 1420 1927; x_wconf 80' lang='lat' dir='ltr'><strong>meo</strong></span> <span class='ocrx_word' id='word_1_597' title='bbox 1432 1899 1469 1932; x_wconf 82' lang='lat'><strong>“;</strong></span> <span class='ocrx_word' id='word_1_598' title='bbox 1486 1906 1547 1934; x_wconf 66' lang='lat' dir='ltr'><strong>quae</strong></span> <span class='ocrx_word' id='word_1_599' title='bbox 1558 1898 1630 1925; x_wconf 89' lang='lat' dir='ltr'><strong>dicta</strong></span> <span class='ocrx_word' id='word_1_600' title='bbox 1641 1902 1706 1925; x_wconf 86' lang='lat' dir='ltr'><strong>sunt</strong></span> 
     </span>
    </p>
   </div>
   <div class='ocr_carea' id='block_1_86' title="bbox 917 1941 1705 1979">
    <p class='ocr_par' dir='ltr' id='par_1_86' title="bbox 917 1941 1705 1979">
     <span class='ocr_line' id='line_1_86' title="bbox 917 1941 1705 1979; baseline -0.006 -6"><span class='ocrx_word' id='word_1_601' title='bbox 917 1946 951 1974; x_wconf 88' lang='lat' dir='ltr'><strong>de</strong></span> <span class='ocrx_word' id='word_1_602' title='bbox 964 1950 1043 1979; x_wconf 78' lang='lat' dir='ltr'><strong>voto;</strong></span> <span class='ocrx_word' id='word_1_603' title='bbox 1064 1953 1097 1974; x_wconf 90' lang='lat' dir='ltr'><strong>ac</strong></span> <span class='ocrx_word' id='word_1_604' title='bbox 1112 1952 1209 1972; x_wconf 86' lang='lat' dir='ltr'><strong>rursus</strong></span> <span class='ocrx_word' id='word_1_605' title='bbox 1224 1944 1258 1972; x_wconf 89' lang='lat' dir='ltr'><strong>de</strong></span> <span class='ocrx_word' id='word_1_606' title='bbox 1272 1945 1407 1976; x_wconf 84' lang='lat' dir='ltr'><strong>oratione,</strong></span> <span class='ocrx_word' id='word_1_607' title='bbox 1426 1948 1457 1971; x_wconf 91' lang='lat' dir='ltr'><strong>ut</strong></span> <span class='ocrx_word' id='word_1_608' title='bbox 1479 1948 1522 1970; x_wconf 88' lang='lat' dir='ltr'><strong>est</strong></span> <span class='ocrx_word' id='word_1_609' title='bbox 1546 1942 1613 1970; x_wconf 93' lang='lat' dir='ltr'><strong>illud</strong></span> <span class='ocrx_word' id='word_1_610' title='bbox 1639 1951 1646 1969; x_wconf 94' lang='lat'><strong>:</strong></span> <span class='ocrx_word' id='word_1_611' title='bbox 1670 1941 1705 1969; x_wconf 85' lang='lat' dir='ltr'><strong>Et</strong></span> 
     </span>
    </p>
   </div>
   <div class='ocr_carea' id='block_1_87' title="bbox 917 1988 1704 2023">
    <p class='ocr_par' dir='ltr' id='par_1_87' title="bbox 917 1988 1704 2023">
     <span class='ocr_line' id='line_1_87' title="bbox 917 1988 1704 2023; baseline -0.008 -3"><span class='ocrx_word' id='word_1_612' title='bbox 917 1994 1000 2020; x_wconf 78' lang='lat' dir='ltr'><strong>oravit</strong></span> <span class='ocrx_word' id='word_1_613' title='bbox 1021 1992 1099 2020; x_wconf 77' lang='lat' dir='ltr'><strong>Anna</strong></span> <span class='ocrx_word' id='word_1_614' title='bbox 1113 1992 1149 2018; x_wconf 82' lang='lat' dir='ltr'><strong>ad</strong></span> <span class='ocrx_word' id='word_1_615' title='bbox 1160 1991 1313 2023; x_wconf 82' lang='lat' dir='ltr'><strong>Dominum,</strong></span> <span class='ocrx_word' id='word_1_616' title='bbox 1337 1989 1569 2018; x_wconf 80' lang='lat' dir='ltr'><strong>dicens:Domine</strong></span> <span class='ocrx_word' id='word_1_617' title='bbox 1590 1988 1704 2020; x_wconf 75' lang='grc' dir='ltr'>Αάοηοί,</span> 
     </span>
    </p>
   </div>
   <div class='ocr_carea' id='block_1_88' title="bbox 917 2033 1706 2069">
    <p class='ocr_par' dir='ltr' id='par_1_88' title="bbox 917 2033 1706 2069">
     <span class='ocr_line' id='line_1_88' title="bbox 917 2033 1706 2069; baseline -0.006 -4"><span class='ocrx_word' id='word_1_618' title='bbox 917 2038 986 2066; x_wconf 80' lang='lat' dir='ltr'><strong>Deus</strong></span> <span class='ocrx_word' id='word_1_619' title='bbox 1004 2038 1179 2069; x_wconf 72' lang='lat' dir='ltr'><strong>exercituum,</strong></span> <span class='ocrx_word' id='word_1_620' title='bbox 1201 2037 1224 2064; x_wconf 75' lang='lat' dir='ltr'><strong>si</strong></span> <span class='ocrx_word' id='word_1_621' title='bbox 1247 2036 1390 2064; x_wconf 68' lang='lat' dir='ltr'><strong>exaudiens</strong></span> <span class='ocrx_word' id='word_1_622' title='bbox 1407 2035 1555 2063; x_wconf 70' lang='lat' dir='ltr'><strong>exaudiaris</strong></span> <span class='ocrx_word' id='word_1_623' title='bbox 1578 2033 1706 2061; x_wconf 77' lang='lat' dir='ltr'><strong>ancillam</strong></span> 
     </span>
    </p>
   </div>
   <div class='ocr_carea' id='block_1_89' title="bbox 917 2079 1705 2118">
    <p class='ocr_par' dir='ltr' id='par_1_89' title="bbox 917 2079 1705 2118">
     <span class='ocr_line' id='line_1_89' title="bbox 917 2079 1705 2118; baseline -0.006 -7"><span class='ocrx_word' id='word_1_624' title='bbox 917 2089 1000 2116; x_wconf 84' lang='lat' dir='ltr'><strong>tuam,</strong></span> <span class='ocrx_word' id='word_1_625' title='bbox 1016 2087 1040 2111; x_wconf 83' lang='lat' dir='ltr'><strong>et</strong></span> <span class='ocrx_word' id='word_1_626' title='bbox 1056 2083 1158 2110; x_wconf 70' lang='lat' dir='ltr'><strong>dederis</strong></span> <span class='ocrx_word' id='word_1_627' title='bbox 1171 2083 1233 2110; x_wconf 79' lang='lat' dir='ltr'><strong>mihi</strong></span> <span class='ocrx_word' id='word_1_628' title='bbox 1246 2083 1362 2118; x_wconf 79' lang='lat' dir='ltr'><strong>fructum</strong></span> <span class='ocrx_word' id='word_1_629' title='bbox 1377 2081 1475 2110; x_wconf 76' lang='lat' dir='ltr'><strong>uentris</strong></span> <span class='ocrx_word' id='word_1_630' title='bbox 1487 2081 1519 2108; x_wconf 86' lang='lat'><strong>”.</strong></span> <span class='ocrx_word' id='word_1_631' title='bbox 1541 2080 1620 2112; x_wconf 88' lang='lat' dir='ltr'><strong>Item,</strong></span> <span class='ocrx_word' id='word_1_632' title='bbox 1635 2079 1705 2107; x_wconf 27' lang='lat' dir='ltr'><strong>Oras</strong></span> 
     </span>
    </p>
   </div>
   <div class='ocr_carea' id='block_1_90' title="bbox 916 2126 1705 2162">
    <p class='ocr_par' dir='ltr' id='par_1_90' title="bbox 916 2126 1705 2162">
     <span class='ocr_line' id='line_1_90' title="bbox 916 2126 1705 2162; baseline -0.008 -5"><span class='ocrx_word' id='word_1_633' title='bbox 916 2131 952 2158; x_wconf 79' lang='lat' dir='ltr'><strong>vit</strong></span> <span class='ocrx_word' id='word_1_634' title='bbox 967 2129 1091 2157; x_wconf 73' lang='lat' dir='ltr'><strong>Ezechias</strong></span> <span class='ocrx_word' id='word_1_635' title='bbox 1105 2137 1151 2156; x_wconf 67' lang='lat' dir='ltr'><strong>rex</strong></span> <span class='ocrx_word' id='word_1_636' title='bbox 1166 2128 1248 2159; x_wconf 74' lang='lat' dir='ltr'><strong>Iuda.</strong></span> <span class='ocrx_word' id='word_1_637' title='bbox 1262 2131 1286 2155; x_wconf 85' lang='lat' dir='ltr'><strong>et</strong></span> <span class='ocrx_word' id='word_1_638' title='bbox 1298 2128 1384 2156; x_wconf 70' lang='lat' dir='ltr'><strong>Isaia:</strong></span> <span class='ocrx_word' id='word_1_639' title='bbox 1396 2127 1469 2162; x_wconf 70' lang='lat' dir='ltr'><strong>ﬁlius</strong></span> <span class='ocrx_word' id='word_1_640' title='bbox 1485 2127 1563 2154; x_wconf 81' lang='lat' dir='ltr'><strong>Amos</strong></span> <span class='ocrx_word' id='word_1_641' title='bbox 1579 2126 1705 2161; x_wconf 82' lang='lat' dir='ltr'><strong>propheta</strong></span> 
     </span>
    </p>
   </div>
   <div class='ocr_carea' id='block_1_91' title="bbox 919 2171 1705 2209">
    <p class='ocr_par' dir='ltr' id='par_1_91' title="bbox 919 2171 1705 2209">
     <span class='ocr_line' id='line_1_91' title="bbox 919 2171 1705 2209; baseline -0.005 -7"><span class='ocrx_word' id='word_1_642' title='bbox 919 2175 954 2202; x_wconf 85' lang='lat' dir='ltr'><strong>ad</strong></span> <span class='ocrx_word' id='word_1_643' title='bbox 968 2174 1108 2201; x_wconf 88' lang='lat' dir='ltr'><strong>Dominum</strong></span> <span class='ocrx_word' id='word_1_644' title='bbox 1120 2173 1152 2201; x_wconf 78' lang='lat'><strong>“.</strong></span> <span class='ocrx_word' id='word_1_645' title='bbox 1170 2173 1200 2201; x_wconf 91' lang='lat' dir='ltr'><strong>Id</strong></span> <span class='ocrx_word' id='word_1_646' title='bbox 1216 2173 1336 2209; x_wconf 87' lang='lat' dir='ltr'><strong>denique</strong></span> <span class='ocrx_word' id='word_1_647' title='bbox 1353 2173 1427 2209; x_wconf 89' lang='lat' dir='ltr'><strong>quod</strong></span> <span class='ocrx_word' id='word_1_648' title='bbox 1441 2181 1455 2200; x_wconf 84' lang='lat' dir='ltr'><strong>a</strong></span> <span class='ocrx_word' id='word_1_649' title='bbox 1469 2172 1586 2200; x_wconf 88' lang='lat' dir='ltr'><strong>Domino</strong></span> <span class='ocrx_word' id='word_1_650' title='bbox 1603 2171 1705 2199; x_wconf 88' lang='lat' dir='ltr'><strong>dictum</strong></span> 
     </span>
    </p>
   </div>
   <div class='ocr_carea' id='block_1_92' title="bbox 78 2217 865 2256">
    <p class='ocr_par' dir='ltr' id='par_1_92' title="bbox 78 2217 865 2256">
     <span class='ocr_line' id='line_1_92' title="bbox 78 2217 865 2256; baseline 0.004 -12"><span class='ocrx_word' id='word_1_651' title='bbox 78 2219 222 2254; x_wconf 78' lang='grc' dir='ltr'>εἰρημένον</span> <span class='ocrx_word' id='word_1_652' title='bbox 231 2227 238 2234; x_wconf 73' lang='grc' dir='ltr'><strong>ο</strong></span> <span class='ocrx_word' id='word_1_653' title='bbox 251 2219 288 2251; x_wconf 87' lang='grc' dir='ltr'>ὼς</span> <span class='ocrx_word' id='word_1_654' title='bbox 298 2217 368 2246; x_wconf 73' lang='grc' dir='ltr'>εἶναι</span> <span class='ocrx_word' id='word_1_655' title='bbox 381 2220 510 2247; x_wconf 82' lang='grc' dir='ltr'>δύνασθαι</span> <span class='ocrx_word' id='word_1_656' title='bbox 524 2220 572 2255; x_wconf 81' lang='grc' dir='ltr'>τὴν</span> <span class='ocrx_word' id='word_1_657' title='bbox 584 2221 632 2255; x_wconf 76' lang='grc' dir='ltr'>μὲν</span> <span class='ocrx_word' id='word_1_658' title='bbox 643 2221 736 2256; x_wconf 83' lang='grc' dir='ltr'>εὐχὴν,</span> <span class='ocrx_word' id='word_1_659' title='bbox 752 2221 865 2248; x_wconf 72' lang='grc' dir='ltr'>ἐντολῶν</span> 
     </span>
    </p>
   </div>
   <div class='ocr_carea' id='block_1_93' title="bbox 916 2217 1706 2256">
    <p class='ocr_par' dir='ltr' id='par_1_93' title="bbox 917 2217 1706 2254">
     <span class='ocr_line' id='line_1_93' title="bbox 917 2217 1706 2254; baseline -0.005 -7"><span class='ocrx_word' id='word_1_660' title='bbox 917 2225 959 2248; x_wconf 89' lang='lat' dir='ltr'><strong>est</strong></span> <span class='ocrx_word' id='word_1_661' title='bbox 974 2219 1117 2254; x_wconf 83' lang='lat' dir='ltr'><strong>discipulis</strong></span> <span class='ocrx_word' id='word_1_662' title='bbox 1132 2227 1139 2246; x_wconf 87' lang='lat'><strong>:</strong></span> <span class='ocrx_word' id='word_1_663' title='bbox 1154 2218 1221 2247; x_wconf 83' lang='lat' dir='ltr'><strong>Cum</strong></span> <span class='ocrx_word' id='word_1_664' title='bbox 1232 2220 1370 2247; x_wconf 75' lang='lat' dir='ltr'><strong>oraueritis</strong></span> <span class='ocrx_word' id='word_1_665' title='bbox 1385 2228 1440 2249; x_wconf 73' lang='lat' dir='ltr'><strong>vos.</strong></span> <span class='ocrx_word' id='word_1_666' title='bbox 1452 2219 1550 2246; x_wconf 81' lang='lat' dir='ltr'><strong>dicite:</strong></span> <span class='ocrx_word' id='word_1_667' title='bbox 1565 2217 1646 2245; x_wconf 83' lang='lat' dir='ltr'><strong>Pater</strong></span> <span class='ocrx_word' id='word_1_668' title='bbox 1658 2225 1706 2244; x_wconf 88' lang='lat' dir='ltr'><strong>no-</strong></span> 
     </span>
    </p>
   </div>
   <div class='ocr_carea' id='block_1_94' title="bbox 77 2264 865 2301">
    <p class='ocr_par' dir='ltr' id='par_1_94' title="bbox 77 2264 865 2301">
     <span class='ocr_line' id='line_1_94' title="bbox 77 2264 865 2301; baseline 0.004 -12"><span class='ocrx_word' id='word_1_669' title='bbox 77 2264 193 2298; x_wconf 78' lang='grc' dir='ltr'>τήρησιν</span> <span class='ocrx_word' id='word_1_670' title='bbox 207 2264 278 2290; x_wconf 77' lang='grc' dir='ltr'>κατὰ</span> <span class='ocrx_word' id='word_1_671' title='bbox 297 2264 409 2300; x_wconf 74' lang='grc' dir='ltr'>γνώμην</span> <span class='ocrx_word' id='word_1_672' title='bbox 427 2265 475 2291; x_wconf 85' lang='grc' dir='ltr'>τοῦ</span> <span class='ocrx_word' id='word_1_673' title='bbox 499 2265 637 2300; x_wconf 76' lang='grc' dir='ltr'>ηὐγμένου</span> <span class='ocrx_word' id='word_1_674' title='bbox 653 2265 847 2301; x_wconf 82' lang='grc' dir='ltr'>κεκυρωμένην</span> <span class='ocrx_word' id='word_1_675' title='bbox 858 2274 865 2280; x_wconf 89' lang='grc'><strong>·</strong></span> 
     </span>
    </p>
   </div>
   <div class='ocr_carea' id='block_1_95' title="bbox 77 2309 865 2346">
    <p class='ocr_par' dir='ltr' id='par_1_95' title="bbox 77 2309 865 2346">
     <span class='ocr_line' id='line_1_95' title="bbox 77 2309 865 2346; baseline 0.005 -12"><span class='ocrx_word' id='word_1_676' title='bbox 77 2309 127 2343; x_wconf 80' lang='grc' dir='ltr'>τὴν</span> <span class='ocrx_word' id='word_1_677' title='bbox 143 2309 172 2335; x_wconf 85' lang='grc' dir='ltr'>δὲ</span> <span class='ocrx_word' id='word_1_678' title='bbox 188 2309 351 2345; x_wconf 83' lang='grc' dir='ltr'>προσευχὴν,</span> <span class='ocrx_word' id='word_1_679' title='bbox 368 2310 418 2344; x_wconf 82' lang='grc' dir='ltr'>τῆς</span> <span class='ocrx_word' id='word_1_680' title='bbox 433 2311 501 2346; x_wconf 76' lang='grc' dir='ltr'>πρὸς</span> <span class='ocrx_word' id='word_1_681' title='bbox 517 2310 550 2338; x_wconf 74' lang='grc' dir='ltr'><strong>τὰ</strong></span> <span class='ocrx_word' id='word_1_682' title='bbox 564 2311 716 2346; x_wconf 80' lang='grc' dir='ltr'>τηρηθέντα</span> <span class='ocrx_word' id='word_1_683' title='bbox 734 2311 803 2338; x_wconf 82' lang='grc' dir='ltr'>καλὰ</span> <span class='ocrx_word' id='word_1_684' title='bbox 818 2311 865 2339; x_wconf 81' lang='grc' dir='ltr'>τοῦ</span> 
     </span>
    </p>
   </div>
   <div class='ocr_carea' id='block_1_96' title="bbox 78 2353 867 2391">
    <p class='ocr_par' dir='ltr' id='par_1_96' title="bbox 78 2353 867 2391">
     <span class='ocr_line' id='line_1_96' title="bbox 78 2353 867 2391; baseline 0.005 -13"><span class='ocrx_word' id='word_1_685' title='bbox 78 2353 258 2388; x_wconf 76' lang='grc' dir='ltr'>τετηρηκότος</span> <span class='ocrx_word' id='word_1_686' title='bbox 277 2354 481 2389; x_wconf 79' lang='grc' dir='ltr'>μεταποιήσεως</span> <span class='ocrx_word' id='word_1_687' title='bbox 501 2354 624 2389; x_wconf 73' lang='grc' dir='ltr'>αῐτησιψ</span> <span class='ocrx_word' id='word_1_688' title='bbox 642 2355 659 2390; x_wconf 85' lang='grc' dir='ltr'>ἦ</span> <span class='ocrx_word' id='word_1_689' title='bbox 684 2355 794 2390; x_wconf 81' lang='grc' dir='ltr'>μᾶλλον,</span> <span class='ocrx_word' id='word_1_690' title='bbox 816 2356 867 2391; x_wconf 80' lang='grc' dir='ltr'>τὴν</span> 
     </span>
    </p>
   </div>
   <div class='ocr_carea' id='block_1_97' title="bbox 80 2397 866 2437">
    <p class='ocr_par' dir='ltr' id='par_1_97' title="bbox 80 2397 866 2437">
     <span class='ocr_line' id='line_1_97' title="bbox 80 2397 866 2437; baseline 0.006 -13"><span class='ocrx_word' id='word_1_691' title='bbox 80 2399 128 2432; x_wconf 83' lang='grc' dir='ltr'>μὲν</span> <span class='ocrx_word' id='word_1_692' title='bbox 143 2398 226 2434; x_wconf 80' lang='grc' dir='ltr'>εὐχὴν</span> <span class='ocrx_word' id='word_1_693' title='bbox 248 2399 349 2435; x_wconf 79' lang='grc' dir='ltr'>ἀρετῆς</span> <span class='ocrx_word' id='word_1_694' title='bbox 370 2397 461 2432; x_wconf 84' lang='grc' dir='ltr'>ἆθλον,</span> <span class='ocrx_word' id='word_1_695' title='bbox 480 2400 495 2426; x_wconf 82' lang='grc' dir='ltr'><strong>ὃ</strong></span> <span class='ocrx_word' id='word_1_696' title='bbox 515 2400 547 2435; x_wconf 84' lang='grc' dir='ltr'>δὴ</span> <span class='ocrx_word' id='word_1_697' title='bbox 572 2401 688 2435; x_wconf 82' lang='grc' dir='ltr'>μάλιστα</span> <span class='ocrx_word' id='word_1_698' title='bbox 710 2403 866 2437; x_wconf 81' lang='grc' dir='ltr'>προσφιλῶς</span> 
     </span>
    </p>
   </div>
   <div class='ocr_carea' id='block_1_98' title="bbox 77 2443 864 2483">
    <p class='ocr_par' dir='ltr' id='par_1_98' title="bbox 77 2443 864 2483">
     <span class='ocr_line' id='line_1_98' title="bbox 77 2443 864 2483; baseline 0.006 -14"><span class='ocrx_word' id='word_1_699' title='bbox 77 2444 184 2478; x_wconf 83' lang='grc' dir='ltr'>δέχεται</span> <span class='ocrx_word' id='word_1_700' title='bbox 204 2443 271 2476; x_wconf 76' lang='grc' dir='ltr'>Θεὸς</span> <span class='ocrx_word' id='word_1_701' title='bbox 293 2444 559 2480; x_wconf 53' lang='grc' dir='ltr'><strong>’προσκομιζόμενον⁵</strong></span> <span class='ocrx_word' id='word_1_702' title='bbox 577 2446 626 2482; x_wconf 82' lang='grc' dir='ltr'>τὴν</span> <span class='ocrx_word' id='word_1_703' title='bbox 649 2446 677 2473; x_wconf 75' lang='grc' dir='ltr'>δὲ</span> <span class='ocrx_word' id='word_1_704' title='bbox 699 2448 864 2483; x_wconf 80' lang='grc' dir='ltr'>προσευχὴν,</span> 
     </span>
    </p>
   </div>
   <div class='ocr_carea' id='block_1_99' title="bbox 915 2265 1707 2301">
    <p class='ocr_par' dir='ltr' id='par_1_99' title="bbox 915 2265 1707 2301">
     <span class='ocr_line' id='line_1_99' title="bbox 915 2265 1707 2301; baseline -0.003 -9"><span class='ocrx_word' id='word_1_705' title='bbox 915 2270 970 2293; x_wconf 80' lang='lat' dir='ltr'><strong>ster</strong></span> <span class='ocrx_word' id='word_1_706' title='bbox 982 2266 1028 2301; x_wconf 69' lang='lat' dir='ltr'><strong>qui</strong></span> <span class='ocrx_word' id='word_1_707' title='bbox 1040 2266 1106 2292; x_wconf 64' lang='lat' dir='ltr'><strong>etin</strong></span> <span class='ocrx_word' id='word_1_708' title='bbox 1121 2265 1212 2298; x_wconf 70' lang='lat' dir='ltr'><strong>cmlis;</strong></span> <span class='ocrx_word' id='word_1_709' title='bbox 1237 2270 1267 2293; x_wconf 90' lang='lat' dir='ltr'><strong>ut</strong></span> <span class='ocrx_word' id='word_1_710' title='bbox 1285 2266 1373 2301; x_wconf 88' lang='lat' dir='ltr'><strong>possit</strong></span> <span class='ocrx_word' id='word_1_711' title='bbox 1397 2265 1510 2300; x_wconf 89' lang='lat' dir='ltr'><strong>quidem</strong></span> <span class='ocrx_word' id='word_1_712' title='bbox 1532 2268 1627 2292; x_wconf 85' lang='lat' dir='ltr'><strong>votum</strong></span> <span class='ocrx_word' id='word_1_713' title='bbox 1647 2271 1707 2290; x_wconf 81' lang='lat' dir='ltr'><strong>esse</strong></span> 
     </span>
    </p>
   </div>
   <div class='ocr_carea' id='block_1_100' title="bbox 917 2309 1706 2346">
    <p class='ocr_par' dir='ltr' id='par_1_100' title="bbox 917 2309 1706 2346">
     <span class='ocr_line' id='line_1_100' title="bbox 917 2309 1706 2346; baseline -0.004 -8"><span class='ocrx_word' id='word_1_714' title='bbox 917 2311 1109 2339; x_wconf 81' lang='lat' dir='ltr'><strong>mandatorum</strong></span> <span class='ocrx_word' id='word_1_715' title='bbox 1122 2311 1290 2343; x_wconf 84' lang='lat' dir='ltr'><strong>observatio,</strong></span> <span class='ocrx_word' id='word_1_716' title='bbox 1312 2311 1382 2346; x_wconf 82' lang='lat' dir='ltr'><strong>ejus,</strong></span> <span class='ocrx_word' id='word_1_717' title='bbox 1401 2311 1448 2345; x_wconf 91' lang='lat' dir='ltr'><strong>qui</strong></span> <span class='ocrx_word' id='word_1_718' title='bbox 1463 2310 1549 2342; x_wconf 89' lang='lat' dir='ltr'><strong>vovit,</strong></span> <span class='ocrx_word' id='word_1_719' title='bbox 1572 2309 1706 2336; x_wconf 84' lang='lat' dir='ltr'><strong>sententia</strong></span> 
     </span>
    </p>
   </div>
   <div class='ocr_carea' id='block_1_101' title="bbox 916 2355 1707 2391">
    <p class='ocr_par' dir='ltr' id='par_1_101' title="bbox 916 2355 1707 2391">
     <span class='ocr_line' id='line_1_101' title="bbox 916 2355 1707 2391; baseline -0.005 -6"><span class='ocrx_word' id='word_1_720' title='bbox 916 2365 949 2385; x_wconf 90' lang='lat' dir='ltr'><strong>ac</strong></span> <span class='ocrx_word' id='word_1_721' title='bbox 960 2357 1102 2385; x_wconf 87' lang='lat' dir='ltr'><strong>voluntate</strong></span> <span class='ocrx_word' id='word_1_722' title='bbox 1116 2357 1294 2390; x_wconf 78' lang='lat' dir='ltr'><strong>confirmata;</strong></span> <span class='ocrx_word' id='word_1_723' title='bbox 1316 2357 1404 2384; x_wconf 89' lang='lat' dir='ltr'><strong>oratio</strong></span> <span class='ocrx_word' id='word_1_724' title='bbox 1422 2364 1498 2389; x_wconf 92' lang='lat' dir='ltr'><strong>vero,</strong></span> <span class='ocrx_word' id='word_1_725' title='bbox 1510 2355 1618 2391; x_wconf 89' lang='lat' dir='ltr'><strong>petitio,</strong></span> <span class='ocrx_word' id='word_1_726' title='bbox 1636 2359 1668 2382; x_wconf 88' lang='lat' dir='ltr'><strong>ut</strong></span> <span class='ocrx_word' id='word_1_727' title='bbox 1684 2355 1707 2381; x_wconf 91' lang='lat' dir='ltr'><strong>is</strong></span> 
     </span>
    </p>
   </div>
   <div class='ocr_carea' id='block_1_102' title="bbox 917 2400 1707 2438">
    <p class='ocr_par' dir='ltr' id='par_1_102' title="bbox 917 2400 1707 2438">
     <span class='ocr_line' id='line_1_102' title="bbox 917 2400 1707 2438; baseline -0.004 -7"><span class='ocrx_word' id='word_1_728' title='bbox 917 2403 965 2438; x_wconf 86' lang='lat' dir='ltr'><strong>qui</strong></span> <span class='ocrx_word' id='word_1_729' title='bbox 986 2403 1155 2435; x_wconf 83' lang='lat' dir='ltr'><strong>observavit,</strong></span> <span class='ocrx_word' id='word_1_730' title='bbox 1177 2403 1205 2430; x_wconf 86' lang='lat' dir='ltr'><strong>in</strong></span> <span class='ocrx_word' id='word_1_731' title='bbox 1219 2411 1252 2430; x_wconf 89' lang='lat' dir='ltr'><strong>ea</strong></span> <span class='ocrx_word' id='word_1_732' title='bbox 1279 2411 1340 2438; x_wconf 76' lang='lat' dir='ltr'><strong>qua:</strong></span> <span class='ocrx_word' id='word_1_733' title='bbox 1360 2403 1502 2430; x_wconf 86' lang='lat' dir='ltr'><strong>observata</strong></span> <span class='ocrx_word' id='word_1_734' title='bbox 1524 2406 1598 2434; x_wconf 92' lang='lat' dir='ltr'><strong>sunt,</strong></span> <span class='ocrx_word' id='word_1_735' title='bbox 1625 2400 1707 2436; x_wconf 82' lang='lat'><strong>350</strong></span> 
     </span>
    </p>
   </div>
   <div class='ocr_carea' id='block_1_103' title="bbox 916 2446 1705 2483">
    <p class='ocr_par' dir='ltr' id='par_1_103' title="bbox 916 2446 1705 2483">
     <span class='ocr_line' id='line_1_103' title="bbox 916 2446 1705 2483; baseline -0.005 -7"><span class='ocrx_word' id='word_1_736' title='bbox 916 2448 989 2476; x_wconf 83' lang='lat' dir='ltr'><strong>bona</strong></span> <span class='ocrx_word' id='word_1_737' title='bbox 1002 2448 1161 2476; x_wconf 81' lang='lat' dir='ltr'><strong>reducatur.</strong></span> <span class='ocrx_word' id='word_1_738' title='bbox 1175 2447 1239 2475; x_wconf 90' lang='lat' dir='ltr'><strong>Sive</strong></span> <span class='ocrx_word' id='word_1_739' title='bbox 1261 2448 1364 2483; x_wconf 85' lang='lat' dir='ltr'><strong>potius,</strong></span> <span class='ocrx_word' id='word_1_740' title='bbox 1377 2452 1471 2475; x_wconf 85' lang='lat' dir='ltr'><strong>votum</strong></span> <span class='ocrx_word' id='word_1_741' title='bbox 1484 2447 1608 2482; x_wconf 88' lang='lat' dir='ltr'><strong>quidem,</strong></span> <span class='ocrx_word' id='word_1_742' title='bbox 1618 2446 1705 2474; x_wconf 86' lang='lat' dir='ltr'><strong>virtu-</strong></span> 
     </span>
    </p>
   </div>
   <div class='ocr_carea' id='block_1_104' title="bbox 111 2510 865 2551">
    <p class='ocr_par' dir='ltr' id='par_1_104' title="bbox 111 2510 859 2547">
     <span class='ocr_line' id='line_1_104' title="bbox 111 2510 859 2547; baseline 0.008 -10"><span class='ocrx_word' id='word_1_743' title='bbox 111 2511 134 2526; x_wconf 75' lang='lat'>”</span> <span class='ocrx_word' id='word_1_744' title='bbox 146 2510 253 2538; x_wconf 82' lang='lat' dir='ltr'><strong>Coloss.</strong></span> <span class='ocrx_word' id='word_1_745' title='bbox 268 2519 297 2545; x_wconf 89' lang='grc' dir='ltr'><strong>ιι,</strong></span> <span class='ocrx_word' id='word_1_746' title='bbox 312 2511 340 2539; x_wconf 76' lang='grc'><strong>3.</strong></span> <span class='ocrx_word' id='word_1_747' title='bbox 379 2512 401 2528; x_wconf 78' lang='grc'><strong>⁸³</strong></span> <span class='ocrx_word' id='word_1_748' title='bbox 415 2512 486 2540; x_wconf 84' lang='lat' dir='ltr'><strong>Psal.</strong></span> <span class='ocrx_word' id='word_1_749' title='bbox 503 2521 545 2546; x_wconf 86' lang='lat' dir='ltr'><strong>xv,</strong></span> <span class='ocrx_word' id='word_1_750' title='bbox 561 2513 604 2541; x_wconf 76' lang='lat' dir='ltr'><strong>l2.</strong></span> <span class='ocrx_word' id='word_1_751' title='bbox 644 2514 666 2529; x_wconf 86' lang='grc'><strong>¹⁶</strong></span> <span class='ocrx_word' id='word_1_752' title='bbox 680 2514 756 2542; x_wconf 75' lang='lat' dir='ltr'><strong>Jonze</strong></span> <span class='ocrx_word' id='word_1_753' title='bbox 771 2523 800 2547; x_wconf 87' lang='grc' dir='ltr'><strong>ιι,</strong></span> <span class='ocrx_word' id='word_1_754' title='bbox 817 2515 859 2543; x_wconf 84' lang='lat' dir='ltr'><strong>l0.</strong></span> 
     </span>
    </p>
   </div>
   <div class='ocr_carea' id='block_1_105' title="bbox 916 2510 1481 2551">
    <p class='ocr_par' dir='ltr' id='par_1_105' title="bbox 916 2514 1481 2551">
     <span class='ocr_line' id='line_1_105' title="bbox 916 2514 1481 2551; baseline -0.002 -8"><span class='ocrx_word' id='word_1_755' title='bbox 916 2517 918 2526; x_wconf 81' lang='lat'>&#39;</span> <span class='ocrx_word' id='word_1_756' title='bbox 938 2515 948 2543; x_wconf 91' lang='lat' dir='ltr'><strong>I</strong></span> <span class='ocrx_word' id='word_1_757' title='bbox 965 2516 1031 2551; x_wconf 75' lang='lat' dir='ltr'><strong>Reg.</strong></span> <span class='ocrx_word' id='word_1_758' title='bbox 1047 2523 1055 2541; x_wconf 90' lang='lat' dir='ltr'><strong>I</strong></span> <span class='ocrx_word' id='word_1_759' title='bbox 1081 2514 1124 2542; x_wconf 79' lang='grc'><strong>10.</strong></span> <span class='ocrx_word' id='word_1_760' title='bbox 1162 2515 1185 2531; x_wconf 80' lang='grc'><strong>¹⁸</strong></span> <span class='ocrx_word' id='word_1_761' title='bbox 1198 2514 1221 2542; x_wconf 86' lang='lat' dir='ltr'><strong>Il</strong></span> <span class='ocrx_word' id='word_1_762' title='bbox 1234 2515 1323 2542; x_wconf 87' lang='lat' dir='ltr'><strong>Paral.</strong></span> <span class='ocrx_word' id='word_1_763' title='bbox 1339 2523 1422 2548; x_wconf 78' lang='lat' dir='ltr'><strong>xxxu,</strong></span> <span class='ocrx_word' id='word_1_764' title='bbox 1436 2514 1481 2542; x_wconf 75' lang='grc'><strong>20.</strong></span> 
     </span>
    </p>
   </div>
   <div class='ocr_carea' id='block_1_106' title="bbox 112 2577 862 2618">
    <p class='ocr_par' dir='ltr' id='par_1_106' title="bbox 112 2577 862 2618">
     <span class='ocr_line' id='line_1_106' title="bbox 112 2577 862 2618; baseline 0.004 -15"><span class='ocrx_word' id='word_1_765' title='bbox 112 2578 149 2618; x_wconf 80' lang='lat' dir='ltr'><strong>(g_)</strong></span> <span class='ocrx_word' id='word_1_766' title='bbox 177 2577 291 2618; x_wconf 67' lang='grc' dir='ltr'>Σωτῇρί</span> <span class='ocrx_word' id='word_1_767' title='bbox 305 2587 386 2618; x_wconf 57' lang='grc' dir='ltr'>μου,</span> <span class='ocrx_word' id='word_1_768' title='bbox 408 2579 448 2611; x_wconf 79' lang='grc' dir='ltr'><strong>τῷ</strong></span> <span class='ocrx_word' id='word_1_769' title='bbox 463 2579 682 2618; x_wconf 43' lang='grc' dir='ltr'>Κυρίφηϐιωςιι</span> <span class='ocrx_word' id='word_1_770' title='bbox 709 2580 862 2618; x_wconf 58' lang='lat' dir='ltr'><strong>Vulg._gm_-</strong></span> 
     </span>
    </p>
   </div>
   <div class='ocr_carea' id='block_1_107' title="bbox 77 2613 862 2650">
    <p class='ocr_par' dir='ltr' id='par_1_107' title="bbox 77 2613 862 2650">
     <span class='ocr_line' id='line_1_107' title="bbox 77 2613 862 2650; baseline 0.004 -10"><span class='ocrx_word' id='word_1_771' title='bbox 77 2613 170 2650; x_wconf 62' lang='grc' dir='ltr'>τηρίοο</span> <span class='ocrx_word' id='word_1_772' title='bbox 185 2613 224 2647; x_wconf 80' lang='grc' dir='ltr'>τῷ</span> <span class='ocrx_word' id='word_1_773' title='bbox 241 2613 345 2650; x_wconf 56' lang='grc' dir='ltr'>Κορίῳ,</span> <span class='ocrx_word' id='word_1_774' title='bbox 362 2621 419 2650; x_wconf 78' lang='lat' dir='ltr'><strong>qua</strong></span> <span class='ocrx_word' id='word_1_775' title='bbox 433 2622 499 2641; x_wconf 89' lang='lat' dir='ltr'><strong>voce</strong></span> <span class='ocrx_word' id='word_1_776' title='bbox 509 2614 609 2650; x_wconf 89' lang='lat' dir='ltr'><strong>passim</strong></span> <span class='ocrx_word' id='word_1_777' title='bbox 627 2615 741 2642; x_wconf 82' lang='lat' dir='ltr'><strong>salutem</strong></span> <span class='ocrx_word' id='word_1_778' title='bbox 753 2613 777 2642; x_wconf 66' lang='grc' dir='ltr'>οἳ</span> <span class='ocrx_word' id='word_1_779' title='bbox 792 2615 862 2643; x_wconf 72' lang='lat' dir='ltr'><strong>LXX</strong></span> 
     </span>
    </p>
   </div>
   <div class='ocr_carea' id='block_1_108' title="bbox 78 2640 864 2685">
    <p class='ocr_par' dir='ltr' id='par_1_108' title="bbox 78 2640 864 2685">
     <span class='ocr_line' id='line_1_108' title="bbox 78 2640 864 2685; baseline 0.001 -9"><span class='ocrx_word' id='word_1_780' title='bbox 78 2640 345 2685; x_wconf 42' lang='grc' dir='ltr'><strong>διξηίρεειιι.-,εζο‹ι.’</strong></span> <span class='ocrx_word' id='word_1_781' title='bbox 354 2640 431 2676; x_wconf 77' lang='lat' dir='ltr'><strong>Alex.</strong></span> <span class='ocrx_word' id='word_1_782' title='bbox 453 2640 497 2685; x_wconf 55' lang='lat' dir='ltr'><strong>ti;</strong></span> <span class='ocrx_word' id='word_1_783' title='bbox 509 2640 656 2685; x_wconf 48' lang='grc' dir='ltr'><strong>τέὼὶῆίριδξι</strong></span> <span class='ocrx_word' id='word_1_784' title='bbox 671 2640 746 2684; x_wconf 49' lang='lat'><strong>113;,</strong></span> <span class='ocrx_word' id='word_1_785' title='bbox 757 2640 864 2685; x_wconf 55' lang='lat' dir='ltr'><strong>ﬁt};</strong></span> 
     </span>
    </p>
   </div>
   <div class='ocr_carea' id='block_1_109' title="bbox 79 2682 865 2725">
    <p class='ocr_par' dir='ltr' id='par_1_109' title="bbox 79 2682 865 2725">
     <span class='ocr_line' id='line_1_109' title="bbox 79 2682 865 2725; baseline 0.004 -16"><span class='ocrx_word' id='word_1_786' title='bbox 79 2682 133 2710; x_wconf 78' lang='lat' dir='ltr'><strong>non</strong></span> <span class='ocrx_word' id='word_1_787' title='bbox 147 2683 228 2725; x_wconf 68' lang='lat' dir='ltr'><strong>longe</strong></span> <span class='ocrx_word' id='word_1_788' title='bbox 242 2682 321 2725; x_wconf 57' lang='lat' dir='ltr'><strong>Yulg.</strong></span> <span class='ocrx_word' id='word_1_789' title='bbox 346 2692 394 2725; x_wconf 75' lang='lat' dir='ltr'><strong>pro</strong></span> <span class='ocrx_word' id='word_1_790' title='bbox 415 2683 503 2725; x_wconf 65' lang='lat' dir='ltr'><strong>salute</strong></span> <span class='ocrx_word' id='word_1_791' title='bbox 527 2682 657 2725; x_wconf 72' lang='lat' dir='ltr'><strong>Domino,</strong></span> <span class='ocrx_word' id='word_1_792' title='bbox 681 2682 712 2725; x_wconf 68' lang='lat' dir='ltr'><strong>ut</strong></span> <span class='ocrx_word' id='word_1_793' title='bbox 733 2689 761 2713; x_wconf 87' lang='lat' dir='ltr'><strong>et</strong></span> <span class='ocrx_word' id='word_1_794' title='bbox 783 2682 865 2712; x_wconf 70' lang='lat' dir='ltr'><strong>Arat).</strong></span> 
     </span>
    </p>
   </div>
   <div class='ocr_carea' id='block_1_110' title="bbox 80 2717 868 2788">
    <p class='ocr_par' dir='ltr' id='par_1_110' title="bbox 80 2717 868 2788">
     <span class='ocr_line' id='line_1_110' title="bbox 80 2717 867 2754; baseline 0.001 -8"><span class='ocrx_word' id='word_1_795' title='bbox 80 2725 176 2752; x_wconf 83' lang='lat' dir='ltr'><strong>nempe</strong></span> <span class='ocrx_word' id='word_1_796' title='bbox 190 2717 309 2745; x_wconf 82' lang='lat' dir='ltr'><strong>salutem</strong></span> <span class='ocrx_word' id='word_1_797' title='bbox 336 2717 393 2746; x_wconf 79' lang='lat' dir='ltr'><strong>acci</strong></span> <span class='ocrx_word' id='word_1_798' title='bbox 415 2719 522 2750; x_wconf 83' lang='lat' dir='ltr'><strong>lentes.</strong></span> <span class='ocrx_word' id='word_1_799' title='bbox 542 2727 592 2754; x_wconf 92' lang='lat' dir='ltr'><strong>pro</strong></span> <span class='ocrx_word' id='word_1_800' title='bbox 611 2724 676 2747; x_wconf 86' lang='lat' dir='ltr'><strong>voto</strong></span> <span class='ocrx_word' id='word_1_801' title='bbox 688 2719 716 2747; x_wconf 92' lang='lat' dir='ltr'><strong>in</strong></span> <span class='ocrx_word' id='word_1_802' title='bbox 733 2728 793 2747; x_wconf 90' lang='lat' dir='ltr'><strong>eam</strong></span> <span class='ocrx_word' id='word_1_803' title='bbox 816 2728 867 2748; x_wconf 89' lang='lat' dir='ltr'><strong>eu-</strong></span> 
     </span>
     <span class='ocr_line' id='line_1_111' title="bbox 80 2727 868 2788; baseline 0.003 -8"><span class='ocrx_word' id='word_1_804' title='bbox 80 2753 228 2780; x_wconf 78' lang='lat' dir='ltr'><strong>charistico</strong></span> <span class='ocrx_word' id='word_1_805' title='bbox 251 2762 258 2779; x_wconf 92' lang='lat'><strong>:</strong></span> <span class='ocrx_word' id='word_1_806' title='bbox 276 2761 339 2780; x_wconf 88' lang='lat' dir='ltr'><strong>nam</strong></span> <span class='ocrx_word' id='word_1_807' title='bbox 358 2727 471 2782; x_wconf 56' lang='lat' dir='ltr'><strong>Hegrma</strong></span> <span class='ocrx_word' id='word_1_808' title='bbox 501 2759 610 2788; x_wconf 84' lang='lat' dir='ltr'><strong>sonant,</strong></span> <span class='ocrx_word' id='word_1_809' title='bbox 631 2754 710 2782; x_wconf 75' lang='lat' dir='ltr'><strong>Salus</strong></span> <span class='ocrx_word' id='word_1_810' title='bbox 729 2755 840 2782; x_wconf 83' lang='lat' dir='ltr'><strong>Domino</strong></span> <span class='ocrx_word' id='word_1_811' title='bbox 859 2764 868 2782; x_wconf 92' lang='lat'><em>:</em></span> 
     </span>
    </p>
   </div>
   <div class='ocr_carea' id='block_1_111' title="bbox 80 2788 411 2821">
    <p class='ocr_par' dir='ltr' id='par_1_111' title="bbox 80 2788 411 2821">
     <span class='ocr_line' id='line_1_112' title="bbox 80 2788 411 2821; baseline 0.003 -6"><span class='ocrx_word' id='word_1_812' title='bbox 80 2789 132 2819; x_wconf 75' lang='lat' dir='ltr'><strong>vel,</strong></span> <span class='ocrx_word' id='word_1_813' title='bbox 148 2791 180 2815; x_wconf 87' lang='lat' dir='ltr'><strong>ut</strong></span> <span class='ocrx_word' id='word_1_814' title='bbox 194 2788 279 2821; x_wconf 80' lang='lat' dir='ltr'><strong>Pagn.</strong></span> <span class='ocrx_word' id='word_1_815' title='bbox 295 2788 411 2817; x_wconf 86' lang='lat' dir='ltr'><strong>Domini.</strong></span> 
     </span>
    </p>
   </div>
   <div class='ocr_carea' id='block_1_112' title="bbox 116 2823 868 2860">
    <p class='ocr_par' dir='ltr' id='par_1_112' title="bbox 116 2823 868 2860">
     <span class='ocr_line' id='line_1_113' title="bbox 116 2823 868 2860; baseline 0.004 -11"><span class='ocrx_word' id='word_1_816' title='bbox 116 2824 152 2860; x_wconf 61' lang='lat' dir='ltr'><strong>(It)</strong></span> <span class='ocrx_word' id='word_1_817' title='bbox 177 2823 235 2860; x_wconf 64' lang='grc' dir='ltr'>Καὶ</span> <span class='ocrx_word' id='word_1_818' title='bbox 261 2824 462 2860; x_wconf 80' lang='grc' dir='ltr'>προσηύξατο.</span> <span class='ocrx_word' id='word_1_819' title='bbox 490 2824 636 2852; x_wconf 84' lang='lat' dir='ltr'><strong>Maximum</strong></span> <span class='ocrx_word' id='word_1_820' title='bbox 665 2824 777 2858; x_wconf 80' lang='lat' dir='ltr'><strong>fefellit,</strong></span> <span class='ocrx_word' id='word_1_821' title='bbox 794 2825 868 2860; x_wconf 88' lang='lat' dir='ltr'><strong>quod</strong></span> 
     </span>
    </p>
   </div>
   <div class='ocr_carea' id='block_1_113' title="bbox 83 2857 868 2895">
    <p class='ocr_par' dir='ltr' id='par_1_113' title="bbox 83 2857 868 2895">
     <span class='ocr_line' id='line_1_114' title="bbox 83 2857 868 2895; baseline 0.003 -9"><span class='ocrx_word' id='word_1_822' title='bbox 83 2858 162 2886; x_wconf 80' lang='lat' dir='ltr'><strong>verba</strong></span> <span class='ocrx_word' id='word_1_823' title='bbox 177 2857 247 2890; x_wconf 64' lang='lat' dir='ltr'><strong>haec,</strong></span> <span class='ocrx_word' id='word_1_824' title='bbox 265 2866 326 2893; x_wconf 64' lang='lat' dir='ltr'><strong>qua</strong></span> <span class='ocrx_word' id='word_1_825' title='bbox 341 2859 425 2887; x_wconf 71' lang='lat' dir='ltr'><strong>Anna:</strong></span> <span class='ocrx_word' id='word_1_826' title='bbox 440 2860 547 2887; x_wconf 87' lang='lat' dir='ltr'><strong>cantico</strong></span> <span class='ocrx_word' id='word_1_827' title='bbox 563 2864 697 2895; x_wconf 70' lang='lat' dir='ltr'><strong>praeeunt,</strong></span> <span class='ocrx_word' id='word_1_828' title='bbox 711 2860 743 2888; x_wconf 91' lang='lat' dir='ltr'><strong>ad</strong></span> <span class='ocrx_word' id='word_1_829' title='bbox 758 2857 868 2888; x_wconf 62' lang='lat' dir='ltr'><strong>versum</strong></span> 
     </span>
    </p>
   </div>
   <div class='ocr_carea' id='block_1_114' title="bbox 916 2577 1705 2614">
    <p class='ocr_par' dir='ltr' id='par_1_114' title="bbox 916 2577 1705 2614">
     <span class='ocr_line' id='line_1_115' title="bbox 916 2577 1705 2614; baseline -0.005 -5"><span class='ocrx_word' id='word_1_830' title='bbox 916 2590 943 2613; x_wconf 89' lang='grc' dir='ltr'><strong>ιι,</strong></span> <span class='ocrx_word' id='word_1_831' title='bbox 957 2589 982 2608; x_wconf 88' lang='lat' dir='ltr'><strong>c.</strong></span> <span class='ocrx_word' id='word_1_832' title='bbox 995 2589 1014 2612; x_wconf 80' lang='grc' dir='ltr'><strong>ι,</strong></span> <span class='ocrx_word' id='word_1_833' title='bbox 1028 2579 1125 2611; x_wconf 77' lang='lat' dir='ltr'><strong>traxit;</strong></span> <span class='ocrx_word' id='word_1_834' title='bbox 1143 2587 1174 2606; x_wconf 89' lang='lat' dir='ltr'><strong>ea</strong></span> <span class='ocrx_word' id='word_1_835' title='bbox 1191 2580 1297 2607; x_wconf 88' lang='lat' dir='ltr'><strong>scilicet</strong></span> <span class='ocrx_word' id='word_1_836' title='bbox 1315 2587 1375 2614; x_wconf 64' lang='lat' dir='ltr'><strong>quae</strong></span> <span class='ocrx_word' id='word_1_837' title='bbox 1390 2578 1614 2614; x_wconf 17' lang='lat' dir='ltr'><strong>suntrorationis,</strong></span> <span class='ocrx_word' id='word_1_838' title='bbox 1627 2577 1660 2605; x_wconf 84' lang='lat' dir='ltr'><strong>ad</strong></span> <span class='ocrx_word' id='word_1_839' title='bbox 1673 2586 1705 2606; x_wconf 90' lang='lat' dir='ltr'><strong>ea</strong></span> 
     </span>
    </p>
   </div>
   <div class='ocr_carea' id='block_1_115' title="bbox 916 2613 1706 2652">
    <p class='ocr_par' dir='ltr' id='par_1_115' title="bbox 916 2613 1706 2652">
     <span class='ocr_line' id='line_1_116' title="bbox 916 2613 1706 2652; baseline -0.005 -9"><span class='ocrx_word' id='word_1_840' title='bbox 916 2625 976 2652; x_wconf 65' lang='lat' dir='ltr'><strong>quin</strong></span> <span class='ocrx_word' id='word_1_841' title='bbox 988 2619 1053 2643; x_wconf 91' lang='lat' dir='ltr'><strong>sunt</strong></span> <span class='ocrx_word' id='word_1_842' title='bbox 1064 2614 1130 2652; x_wconf 72' lang='lat' dir='ltr'><strong>voti.</strong></span> <span class='ocrx_word' id='word_1_843' title='bbox 1146 2614 1186 2641; x_wconf 86' lang='lat' dir='ltr'><strong>Ibi</strong></span> <span class='ocrx_word' id='word_1_844' title='bbox 1199 2615 1273 2652; x_wconf 83' lang='lat' dir='ltr'><strong>enim</strong></span> <span class='ocrx_word' id='word_1_845' title='bbox 1289 2613 1341 2647; x_wconf 80' lang='lat' dir='ltr'><strong>est,</strong></span> <span class='ocrx_word' id='word_1_846' title='bbox 1357 2614 1424 2652; x_wconf 51' lang='lat' dir='ltr'><strong>Kal</strong></span> <span class='ocrx_word' id='word_1_847' title='bbox 1434 2613 1535 2652; x_wconf 58' lang='grc' dir='ltr'>ηὓξατο</span> <span class='ocrx_word' id='word_1_848' title='bbox 1549 2614 1632 2649; x_wconf 80' lang='grc' dir='ltr'>εὐχὴν</span> <span class='ocrx_word' id='word_1_849' title='bbox 1651 2614 1706 2652; x_wconf 69' lang='grc' dir='ltr'>Κυ-</span> 
     </span>
    </p>
   </div>
   <div class='ocr_carea' id='block_1_116' title="bbox 918 2649 1706 2685">
    <p class='ocr_par' dir='ltr' id='par_1_116' title="bbox 918 2649 1706 2685">
     <span class='ocr_line' id='line_1_117' title="bbox 918 2649 1706 2685; baseline -0.001 -9"><span class='ocrx_word' id='word_1_850' title='bbox 918 2649 977 2685; x_wconf 77' lang='grc' dir='ltr'>ρίῳ,</span> <span class='ocrx_word' id='word_1_851' title='bbox 994 2657 1046 2677; x_wconf 91' lang='lat' dir='ltr'><strong>nec</strong></span> <span class='ocrx_word' id='word_1_852' title='bbox 1063 2649 1204 2685; x_wconf 84' lang='lat' dir='ltr'><strong>ullusest,</strong></span> <span class='ocrx_word' id='word_1_853' title='bbox 1218 2651 1266 2684; x_wconf 92' lang='lat' dir='ltr'><strong>qui</strong></span> <span class='ocrx_word' id='word_1_854' title='bbox 1284 2657 1339 2677; x_wconf 90' lang='lat' dir='ltr'><strong>non</strong></span> <span class='ocrx_word' id='word_1_855' title='bbox 1359 2649 1465 2681; x_wconf 85' lang='lat' dir='ltr'><strong>reddat,</strong></span> <span class='ocrx_word' id='word_1_856' title='bbox 1479 2649 1513 2676; x_wconf 87' lang='lat' dir='ltr'><strong>Et</strong></span> <span class='ocrx_word' id='word_1_857' title='bbox 1528 2654 1617 2685; x_wconf 64' lang='lat' dir='ltr'><strong>volunt</strong></span> <span class='ocrx_word' id='word_1_858' title='bbox 1638 2649 1706 2676; x_wconf 78' lang='lat' dir='ltr'><strong>vovit</strong></span> 
     </span>
    </p>
   </div>
   <div class='ocr_carea' id='block_1_117' title="bbox 917 2683 1705 2720">
    <p class='ocr_par' dir='ltr' id='par_1_117' title="bbox 917 2683 1705 2720">
     <span class='ocr_line' id='line_1_118' title="bbox 917 2683 1705 2720; baseline -0.004 -7"><span class='ocrx_word' id='word_1_859' title='bbox 917 2683 1028 2713; x_wconf 77' lang='lat' dir='ltr'><strong>Domino</strong></span> <span class='ocrx_word' id='word_1_860' title='bbox 1039 2705 1047 2716; x_wconf 87' lang='lat'><strong>,</strong></span> <span class='ocrx_word' id='word_1_861' title='bbox 1074 2683 1148 2719; x_wconf 84' lang='lat' dir='ltr'><strong>quod</strong></span> <span class='ocrx_word' id='word_1_862' title='bbox 1163 2683 1253 2719; x_wconf 79' lang='lat' dir='ltr'><strong>ipsum</strong></span> <span class='ocrx_word' id='word_1_863' title='bbox 1263 2689 1336 2712; x_wconf 86' lang='lat' dir='ltr'><strong>tanta</strong></span> <span class='ocrx_word' id='word_1_864' title='bbox 1361 2685 1540 2720; x_wconf 88' lang='lat' dir='ltr'><strong>sequentibus</strong></span> <span class='ocrx_word' id='word_1_865' title='bbox 1557 2683 1705 2720; x_wconf 69' lang='lat' dir='ltr'><strong>verborum</strong></span> 
     </span>
    </p>
   </div>
   <div class='ocr_carea' id='block_1_118' title="bbox 915 2718 1705 2755">
    <p class='ocr_par' dir='ltr' id='par_1_118' title="bbox 915 2718 1705 2755">
     <span class='ocr_line' id='line_1_119' title="bbox 915 2718 1705 2755; baseline -0.004 -8"><span class='ocrx_word' id='word_1_866' title='bbox 915 2720 1041 2755; x_wconf 85' lang='lat' dir='ltr'><strong>emphasi</strong></span> <span class='ocrx_word' id='word_1_867' title='bbox 1055 2718 1132 2746; x_wconf 79' lang='lat' dir='ltr'><strong>Anna</strong></span> <span class='ocrx_word' id='word_1_868' title='bbox 1161 2718 1358 2755; x_wconf 79' lang='lat' dir='ltr'><strong>repraesentat;</strong></span> <span class='ocrx_word' id='word_1_869' title='bbox 1378 2718 1429 2747; x_wconf 81' lang='lat' dir='ltr'><strong>nec</strong></span> <span class='ocrx_word' id='word_1_870' title='bbox 1454 2727 1577 2755; x_wconf 25' lang='lat' dir='ltr'><strong>usquamA</strong></span> <span class='ocrx_word' id='word_1_871' title='bbox 1589 2718 1616 2745; x_wconf 92' lang='lat' dir='ltr'><strong>in</strong></span> <span class='ocrx_word' id='word_1_872' title='bbox 1629 2718 1705 2755; x_wconf 67' lang='grc' dir='ltr'><strong>τετι-</strong></span> 
     </span>
    </p>
   </div>
   <div class='ocr_carea' id='block_1_119' title="bbox 917 2753 1704 2791">
    <p class='ocr_par' dir='ltr' id='par_1_119' title="bbox 917 2753 1704 2791">
     <span class='ocr_line' id='line_1_120' title="bbox 917 2753 1704 2791; baseline -0.004 -9"><span class='ocrx_word' id='word_1_873' title='bbox 917 2753 998 2791; x_wconf 74' lang='lat' dir='ltr'><strong>ptura</strong></span> <span class='ocrx_word' id='word_1_874' title='bbox 1014 2755 1100 2791; x_wconf 79' lang='lat' dir='ltr'><strong>major</strong></span> <span class='ocrx_word' id='word_1_875' title='bbox 1114 2754 1170 2791; x_wconf 70' lang='lat' dir='ltr'><strong>voti</strong></span> <span class='ocrx_word' id='word_1_876' title='bbox 1187 2753 1339 2791; x_wconf 80' lang='lat' dir='ltr'><strong>expressio,</strong></span> <span class='ocrx_word' id='word_1_877' title='bbox 1363 2755 1416 2782; x_wconf 87' lang='lat' dir='ltr'><strong>etsi</strong></span> <span class='ocrx_word' id='word_1_878' title='bbox 1431 2762 1482 2782; x_wconf 89' lang='lat' dir='ltr'><strong>nec</strong></span> <span class='ocrx_word' id='word_1_879' title='bbox 1496 2753 1543 2791; x_wconf 73' lang='lat' dir='ltr'><strong>illi</strong></span> <span class='ocrx_word' id='word_1_880' title='bbox 1563 2753 1640 2791; x_wconf 67' lang='lat' dir='ltr'><strong>deest</strong></span> <span class='ocrx_word' id='word_1_881' title='bbox 1654 2754 1704 2791; x_wconf 77' lang='lat' dir='ltr'><strong>ad-</strong></span> 
     </span>
    </p>
   </div>
   <div class='ocr_carea' id='block_1_120' title="bbox 917 2788 1704 2824">
    <p class='ocr_par' dir='ltr' id='par_1_120' title="bbox 917 2788 1704 2824">
     <span class='ocr_line' id='line_1_121' title="bbox 917 2788 1704 2824; baseline -0.001 -7"><span class='ocrx_word' id='word_1_882' title='bbox 917 2788 1000 2817; x_wconf 74' lang='lat' dir='ltr'><strong>inixta</strong></span> <span class='ocrx_word' id='word_1_883' title='bbox 1017 2788 1115 2817; x_wconf 80' lang='lat' dir='ltr'><strong>oratio.</strong></span> <span class='ocrx_word' id='word_1_884' title='bbox 1125 2788 1303 2817; x_wconf 80' lang='lat' dir='ltr'><strong>Commodius</strong></span> <span class='ocrx_word' id='word_1_885' title='bbox 1319 2794 1407 2817; x_wconf 86' lang='lat' dir='ltr'><strong>tamen</strong></span> <span class='ocrx_word' id='word_1_886' title='bbox 1426 2789 1581 2824; x_wconf 78' lang='lat' dir='ltr'><strong>exemplum</strong></span> <span class='ocrx_word' id='word_1_887' title='bbox 1603 2788 1704 2816; x_wconf 81' lang='lat' dir='ltr'><strong>licebat</strong></span> 
     </span>
    </p>
   </div>
   <div class='ocr_carea' id='block_1_121' title="bbox 917 2824 1157 2853">
    <p class='ocr_par' dir='ltr' id='par_1_121' title="bbox 917 2824 1157 2853">
     <span class='ocr_line' id='line_1_122' title="bbox 917 2824 1157 2853; baseline -0.008 0"><span class='ocrx_word' id='word_1_888' title='bbox 917 2826 1016 2853; x_wconf 82' lang='lat' dir='ltr'><strong>allerrc</strong></span> <span class='ocrx_word' id='word_1_889' title='bbox 1030 2824 1157 2852; x_wconf 76' lang='lat' dir='ltr'><strong>Maximo.</strong></span> 
     </span>
    </p>
   </div>
  </div>
