1936 3078
225 139 276 171 887

803 142 832 171 s.
854 143 996 173 MAXIMI
1014 139 1268 175 coxsassouts'

1801 144 1855 175 888

227 203 287 221 ruui
300 194 531 222 immutabilitatis
543 194 666 221 habitum
681 200 762 229 atque
776 195 923 229 Virtutem;
940 198 1012 231 quod

1074 201 1175 235 τραέων
1201 199 1331 234 ὰτρεψίας
1363 199 1418 232 ἕξιν
1447 199 1494 226 καὶ
1515 198 1648 234 δύναμιν,
1672 199 1709 230 ὡς
1734 199 1779 225 ἀεὶ
1809 199 1856 225 σὺν

226 247 336 274 semper
356 247 417 266 cum
436 239 551 265 Domino
571 238 626 271 sit,
654 239 839 274 gaudiumque
854 240 1016 269 indeﬁciens

227 285 344 317 habeat,
373 293 405 312 ac
418 292 531 320 regnum
547 285 612 311 olim
624 290 750 320 paratum
763 288 918 321 perceperit
932 296 939 320 ;
958 293 1016 315 sta-

227 336 285 358 tum
306 331 424 365 denique
449 338 481 358 ac
499 331 643 364 ordinem,
667 332 713 366 qui
729 332 757 359 in
771 333 841 360 coelo
855 338 1015 368 praestatur,

227 378 303 405 velut
325 378 458 404 nimirum
489 382 591 406 terram
616 380 782 414 quamdam,
812 389 874 415 qua:
896 382 1016 409 medium

227 422 350 450 universi
369 423 452 450 situm
475 424 605 459 (virtutis
617 425 723 452 scilicet
739 426 890 461 rationem)
911 431 1014 457 teneat,

226 467 342 502 adipisci
368 468 501 495 meruerit
527 477 535 495 ι
562 476 595 496 ex
617 470 695 504 cujus
718 471 824 498 ratione
844 472 886 498 vir
898 472 1017 499 mitisac

227 517 398 545 mansuetus,
414 514 524 541 medius
534 515 608 542 inter
617 515 716 542 bonam
728 516 825 543 famam
839 521 866 543 et
877 517 1017 545 infamiam

228 559 442 593 constitutus",
473 561 622 596 tranquillo
645 562 737 588 animo
764 570 796 589 ac
817 563 1017 598 imperturbato

228 608 402 639 perseverat,
431 609 462 632 ut
475 613 563 640 neque
580 606 709 633 laudibus
721 607 876 635 celebratus
894 608 1016 641 inﬂetur,

227 657 280 677 nec
309 650 421 677 infamia
444 651 608 686 deturpatus
632 657 757 681 maereat.
776 653 827 680 Ubi
842 654 914 681 enim
935 654 1016 688 ratio,

229 704 244 723 a
262 696 364 731 quibus
377 705 427 731 per
449 702 576 725 naturam
601 699 686 726 libera
698 699 817 731 exsistit,
836 700 1017 735 cupiditatem

229 741 403 775 abstraxerit,
414 750 510 770 eormn
522 743 672 771 molestiam
686 744 838 773 insultuum
855 753 910 772 non
922 746 1016 780 sentit,

229 794 290 821 quae
314 788 387 814 circa
408 787 454 815 illa
478 793 594 815 aestuare
614 788 747 822 desierit,
781 795 921 825 totamque
934 792 1018 820 animi

231 833 287 860 vim
312 833 346 860 ad
361 833 483 861 divinam
504 834 633 868 curisque
649 842 680 862 ac
693 835 756 863 vita:
770 837 888 871 negotiis
899 838 1019 865 solutam

231 879 386 906 libertatem
402 879 554 914 appulerit;
568 887 632 914 qua,
647 887 709 907 cum
721 880 854 909 Dominus
869 881 1019 917 discipulos

231 932 296 951 suos
312 924 448 959 impartiri
464 924 565 957 vellet,
586 924 687 957 Tollite,
703 926 804 960 aiebat,
822 927 918 962 jugum
932 936 1019 955 meum

231 978 309 1005 super
331 978 374 997 vos
387 990 394 1002 ,
426 973 450 997 et
461 970 552 997 discite
565 980 581 998 α
596 979 637 999 me
651 973 712 1007 quia
728 973 796 999 mitis
806 981 864 1000 sum
877 978 901 1000 et
914 974 1020 1001 humilis

231 1016 308 1042 corde
321 1024 329 1043 :
342 1020 367 1043 et
381 1017 516 1043 invenietis
530 1017 645 1052 requiem
662 1018 800 1045 animabus
811 1019 902 1046 vestris
909 1020 948 1053 ‘7;
975 1028 1020 1047 re—

231 1062 323 1097 quiem
336 1063 486 1097 appellans,
503 1063 590 1090 divini
606 1064 681 1099 regni
697 1065 866 1099 potentiam,
896 1074 956 1101 quae
966 1067 1022 1094 sci-

234 1108 298 1134 licet
321 1108 364 1135 his
385 1108 431 1142 qui
452 1108 527 1143 digni
542 1109 598 1136 siut
615 1109 649 1136 ab
664 1110 738 1136 omni
751 1110 871 1138 liberum
887 1112 1022 1140 servitute

232 1153 403 1180 dominatum
418 1153 531 1181 tribuat.

266 1198 345 1231 Quod
360 1198 384 1226 si
397 1199 550 1229 humilibus
561 1207 593 1227 ac
604 1201 759 1229 mansuetis
771 1201 933 1230 immortalis
944 1204 1021 1238 regni

233 1245 317 1273 nullis
338 1253 458 1280 unquam
478 1246 567 1273 ruinis
593 1246 694 1275 caduca
710 1247 930 1283 inviolabilisque
943 1254 1025 1284 potem

233 1295 289 1318 stas
309 1292 491 1325 conceditur,
523 1293 586 1328 quis
612 1293 651 1321 sic
665 1295 768 1322 amoris
790 1295 918 1323 illecebra
937 1296 1023 1323 durus

233 1337 446 1373 divinorumque
462 1346 576 1374 prorsus
597 1340 732 1368 bonorum
755 1340 866 1368 fastidio
879 1342 1022 1377 languens,

235 1387 265 1410 ut
288 1391 343 1410 non
363 1391 479 1419 prorsus
500 1385 665 1414 humilitatis
681 1393 713 1414 ac
730 1387 951 1414 mansuetudinis
965 1387 1024 1415 adi-

235 1428 372 1463 piscendze
387 1430 526 1457 desiderio
537 1435 634 1465 agatur
650 1431 720 1467 (quo
735 1432 866 1459 nimirum
882 1433 967 1460 divini
982 1442 1024 1461 re-

235 1473 281 1508 gni
293 1473 437 1501 character
449 1478 531 1508 atque
542 1474 639 1509 ﬁgura,
654 1481 786 1510 quantum
799 1477 903 1504 homini
913 1486 1024 1506 conces-

235 1526 296 1546 sum
312 1522 363 1551 est,
380 1519 534 1556 eﬂiciatur)
546 1541 553 1553 ,
584 1521 612 1547 in
625 1521 715 1556 seipse
728 1527 825 1551 natura
840 1524 1024 1552 essentialiter

237 1565 327 1600 magni
339 1573 403 1593 vere
417 1566 490 1600 regis
501 1566 616 1599 Christi,
631 1568 724 1602 gratia:
737 1576 861 1601 munere,
875 1570 949 1596 nulla
961 1578 1024 1598 eva-

236 1610 353 1638 riatione
375 1611 539 1639 dissimilem
563 1613 590 1639 in
611 1614 711 1648 spiritu
737 1614 851 1642 formam
865 1617 1025 1651 gerens:in

236 1663 300 1691 qua,
327 1654 407 1692 353
437 1657 527 1692 inquit
543 1658 653 1686 divinus
665 1660 823 1694 Apostolus,
849 1669 901 1688 non
914 1665 950 1688 est
965 1670 1024 1688 ma-

235 1701 322 1728 sculus
335 1706 359 1728 et
369 1702 495 1737 femina"
511 1702 562 1739 (ira
574 1704 679 1731 scilicet
694 1709 722 1732 et
732 1705 891 1740 cupiditas),
906 1714 1024 1741 quarum

236 1747 312 1782 prior
338 1748 472 1775 rationem
499 1749 640 1783 tyrannice
661 1750 779 1783 efferat,
811 1755 943 1786 extraque
958 1752 1026 1786 legis

236 1796 341 1821 natura:
357 1798 443 1821 metas
459 1794 580 1821 animum
593 1796 716 1822 extrudit
733 1805 740 1822 ς
759 1796 846 1824 altera
856 1805 933 1830 vero,
944 1797 1026 1826 unica

236 1840 348 1875 solaque
359 1840 537 1868 desiderabili
552 1849 584 1868 ac
595 1841 757 1876 impassibili
768 1850 848 1870 causa
861 1848 1024 1878 naturaque,

236 1893 296 1921 qua:
310 1886 344 1913 ab
356 1894 388 1913 ea
401 1886 522 1913 secunda
532 1891 596 1914 sunt
609 1888 771 1916 amabiliora
787 1888 892 1922 reddit;
910 1897 1027 1924 eamque

236 1931 272 1959 ob
283 1940 352 1963 rem,
368 1940 479 1960 carnem
495 1933 605 1967 spiritui
619 1934 772 1969 anteponit,
789 1943 820 1963 ac
836 1944 928 1962 rerum
940 1937 1027 1963 oculis

236 1981 420 2016 subiectarum
431 1980 555 2012 delicias,
571 1981 736 2015 spiritalium
750 1981 874 2008 claritate
888 1989 920 2008 ac
933 1982 1026 2016 splen-

236 2027 313 2059 dore,
328 2026 509 2062 jucundiorcs
525 2026 602 2053 ducit
617 2034 624 2059 ;
653 2026 801 2061 voluptatis
813 2034 910 2054 sensus
924 2027 1028 2057 lenoci-

237 2073 284 2100 nio
309 2078 337 2100 et
359 2073 487 2100 illecebra
501 2093 509 2105 ,
538 2080 553 2099 a
568 2072 661 2099 divina
675 2077 757 2108 atque
769 2073 842 2100 aﬂini
856 2081 948 2100 rerum
967 2081 1028 2108 qum

237 2123 329 2146 mente
351 2119 543 2154 intelliguntur
566 2119 744 2153 perceptione
771 2127 869 2147 arcens
885 2119 1026 2152 animum;

237 2165 285 2193 sed
295 2164 512 2199 singularissima
520 2165 600 2196 ratio,
615 2165 649 2192 ab
661 2164 720 2199 ipso
729 2173 839 2200 quoque
852 2173 958 2193 summe
966 2165 1027 2201 qui—

1068 245 1162 280 Κυρίῳ
1186 245 1372 279 ὑπίρχουσαν,
1399 245 1445 270 καὶ
1467 243 1554 278 χαρὰν
1579 244 1754 270 ἀνέκλειπτον
1778 244 1855 279 ἐχου-

1068 299 1127 322 σαν,
1143 290 1189 316 καὶ
1206 290 1342 325 βασιλείας
1359 289 1490 316 ἀνέκαθεν
1503 289 1709 324 ὴτοιμασμένης
1724 290 1856 324 ἐπειλημ-

1069 337 1162 371 μένην,
1187 336 1233 363 καὶ
1251 337 1299 371 τῆς
1314 337 1342 362 ὲν
1366 335 1473 371 οὐρανῷ
1495 334 1616 367 στάσεώς
1633 344 1662 361 τε
1685 335 1733 361 καὶ
1753 335 1857 377 τάξεως

1067 381 1238 417 ἠξιωμένην·
1260 380 1305 408 οἶα
1328 381 1361 416 δὴ
1388 381 1439 415 γῆν
1462 389 1522 406 τινα
1549 380 1635 415 μέσην
1662 379 1740 415 [aller
1764 380 1855 410 codex,

1068 428 1131 462 γῆν,
1148 427 1244 463 μέσην]
1257 427 1303 454 τοῦ
1319 428 1417 459 παντὸς
1432 428 1506 454 θέσιν
1521 426 1710 454 ἀπολαϐοῦσαν
1728 426 1781 460 τῆς
1797 426 1858 461 ἀρε-

1067 473 1117 506 τῆς
1130 473 1175 499 τὸν
1198 472 1294 506 λόγον·
1318 472 1378 498 καθ’
1396 471 1424 498 ὃν
1443 473 1522 506 μέσος
1538 471 1674 507 εὐφημίας
1690 470 1737 498 καὶ
1756 470 1858 504 δυσφη-

1069 517 1134 553 μίας
1152 518 1282 553 ὑπάρχων
1297 519 1310 544 ὁ
1325 519 1423 553 πρᾶος,
1438 517 1546 552 ἀπαθὴς
1559 517 1691 552 διαμένει,
1709 516 1779 552 μήτε
1801 517 1858 546 ταῖς

1068 563 1217 599 εὐφημίαις
1242 563 1434 599 [ἐπαιρόμενος
1463 563 1480 598 ἢ
1501 562 1659 598 κενοδοξᾶνι]
1687 561 1857 596 φυσώμενος.

1070 611 1138 645 μήτε
1160 611 1220 641 ταῖς
1240 610 1408 645 δυσφημίαις
1433 609 1629 643 στυγνούμενος
1651 607 1857 644 [λυπούμενος].

1067 652 1118 681 Ὧν
1145 655 1200 691 γὰρ
1225 655 1239 681 ὁ
1254 654 1332 688 λόγος
1357 654 1475 689 ὑπάρχει
1502 653 1573 679 κατά
1599 652 1680 686 φύσιν
1706 651 1858 685 ἐλεύθερος,

1069 701 1225 736 ἀποστήσας
1250 699 1300 735 τὴν
1325 699 1436 733 ἔφεσιν,
1462 698 1564 725 τούτων
1592 696 1770 732 διοχλούντων
1800 697 1858 726 ταῖς

1069 745 1232 781 προσϐολαῖς
1244 745 1294 771 οὒκ
1311 744 1479 775 αἰσθάνεται,
1499 743 1678 773 καταπαύσας
1693 742 1790 768 ἑαυτὸν
1811 740 1858 774 τῆς

1069 792 1134 827 περὶ
1164 791 1249 818 ταῦτα
1263 790 1347 825 ζάλης
1376 790 1430 825 (2),
1462 789 1509 816 καὶ
1539 789 1606 825 πρὸς
1633 788 1682 824 τὴν
1709 787 1785 815 θείαν
1814 787 1858 813 καὶ

1069 838 1208 873 ἄπρακτον
1225 837 1381 871 ὲλευθερξαν
1402 836 1465 871 ὃλην
1492 836 1541 870 τῆς
1566 835 1655 870 ψυχῆς
1681 834 1858 869 μεθορμήςσς

1069 884 1118 920 τὴν
1143 883 1275 919 δύναμιν·
1307 881 1341 919 ἧς
1364 884 1419 913 ’τοῖς
1442 882 1540 909 ἑαυτοῦ
1565 881 1698 917 μαθηταῖς
1719 880 1733 906 ὁ
1757 878 1858 913 Κύριος

1071 928 1232 964 μεταδοῦναι
1253 928 1353 960 ποθῶν,
1372 929 1490 960 Ἀρατε,
1507 928 1584 963 φησὶ,
1607 926 1661 953 τὸν
1688 925 1777 960 (mer
1801 933 1859 959 μου

1068 975 1114 1010 ἐφ’
1132 974 1218 1009 ὑμᾶς,
1241 974 1291 1000 καὶ
1310 974 1418 1008 μάθετε
1439 973 1489 1000 ἀπ’
1503 972 1587 1007 ἐμοῦ,
1609 972 1654 998 ὅτι
1674 970 1769 1005 πρᾶός
1790 971 1860 1004 εἰμι,

1070 1022 1119 1049 καὶ
1132 1021 1272 1054 ταπεινὸς
1292 1019 1329 1054 τῇ
1353 1019 1477 1053 καρδίᾳ·
1494 1019 1543 1045 καὶ
1558 1018 1703 1052 εὑρήσετε
1723 1016 1858 1044 ἀνάπαυ-

1070 1075 1123 1094 σιν
1141 1066 1206 1099 ταῖς
1232 1065 1346 1100 ψυχαῖς
1364 1064 1463 1099 ὑμῶν·
1482 1063 1635 1090 ἀνάπαυσιν
1650 1062 1746 1096 λέγων,
1762 1061 1794 1087 τδ
1813 1061 1862 1095 τῆς

1071 1112 1146 1144 θείας
1171 1111 1308 1147 βασιλείας
1330 1110 1441 1145 κράτος,
1465 1109 1504 1140 ὡς
1528 1108 1619 1143 πάσης
1646 1106 1861 1141 ἀπηλλαγμένην

1071 1157 1192 1189 δουλείας
1205 1158 1261 1187 τοῐ;
1277 1156 1362 1188 ἀξίοις
1376 1154 1506 1190 ἐμποιοῦν
1521 1153 1690 1181 δεσποτείαν.

1107 1203 1139 1230 Et
1155 1202 1183 1228 δὲ
1206 1203 1261 1233 τοῖς
1285 1201 1422 1231 ταπεινοῖς
1445 1200 1491 1226 καὶ⁴
1516 1200 1614 1234 πράοις
1634 1198 1663 1224 τὺ
1681 1197 1862 1231 ἀκαθαίρετον

1071 1249 1122 1284 τῆς
1140 1248 1279 1284 ἀκηράτου
1298 1246 1437 1281 βασιλείας
1463 1245 1563 1272 δίδοται
1580 1244 1690 1280 κράτος,
1713 1243 1755 1274 τίς
1776 1242 1865 1274 οὕτως

1071 1294 1220 1329 ἀνέραστος
1237 1292 1283 1319 καὶ
1295 1292 1384 1326 πάντη
1404 1291 1457 1318 τῶν
1479 1291 1558 1317 θείων
1578 1290 1724 1325 ἀνόρεκτος
1738 1288 1862 1322 ἀγαθῶν,

1071 1339 1109 1370 ὡς
1129 1339 1166 1374 μὴ
1185 1338 1246 1365 κατ’
1267 1338 1352 1373 ἄκρον
1367 1337 1491 1371 ἐφίεσθαι
1506 1335 1697 1367 ταπεινώσεως
1709 1334 1758 1361 καὶ
1777 1333 1864 1369 πραό-

1072 1393 1169 1420 τητος,
1186 1384 1229 1410 ἵνα
1251 1384 1366 1418 γένηται
1383 1383 1432 1418 τῆς
1454 1382 1529 1413 θείας
1553 1381 1695 1417 χαρακτὴρ
1711 1379 1863 1415 βασιλείας,

1072 1430 1110 1461 ὡς
1132 1430 1242 1464 ἐφικτόν
1265 1430 1338 1455 ἐστιν
1364 1427 1515 1463 ἀνθρώπῳ,
1542 1427 1631 1462 φέρων
1650 1427 1680 1452 ὲν
1703 1424 1794 1460 ἑαυτῷ
1817 1425 1864 1451 τοῦ

1074 1475 1152 1509 φύσει
1179 1475 1238 1501 κατ’
1261 1473 1354 1500 οὐσίαν
1382 1473 1419 1504 ὡς
1449 1471 1557 1507 ἀληθῶς
1586 1471 1704 1506 μεγάλου
1731 1469 1866 1504 βασιλέως

1076 1520 1204 1556 Χριστοῦ,
1220 1520 1291 1546 κατά
1303 1519 1352 1554 τὴν
1365 1519 1445 1554 χάριν
1459 1517 1666 1554 ἀπαράλλακτον
1679 1515 1728 1552 τὴν
1741 1517 1770 1542 ὲν
1783 1516 1867 1542 πνεῦ-

1077 1577 1142 1604 ματι
1163 1568 1322 1602 μόρφωσιν;
1349 1567 1377 1592 ἐν
1399 1563 1433 1602 ᾖ,
1453 1565 1537 1600 φησὶν
1560 1566 1574 1591 ό
1597 1563 1667 1595 θεῖος
1691 1562 1866 1593 Ἀπόστολος,

1075 1615 1130 1640 οὐκ
1150 1613 1236 1640 ἐστιν
1253 1613 1344 1647 ἅῤῥεν
1365 1611 1416 1638 καὶ
1443 1610 1538 1646 θῆλυ·
1561 1609 1693 1640 τουτέστι.
1712 1608 1800 1644 θυμὸς
1817 1609 1867 1635 καὶ

1075 1659 1207 1694 ἐπιθυμία
1217 1666 1224 1673 ’
1240 1660 1253 1685 ὁ
1271 1659 1320 1693 μὲν
1335 1657 1505 1693 τυραννικῶς
1520 1656 1644 1691 ἐκφέρων
1661 1656 1707 1682 τὸν
1721 1655 1866 1689 λογισμὸν,

1076 1706 1122 1732 καὶ
1137 1704 1183 1731 τοῦ
1200 1704 1282 1739 νόμου
1298 1705 1348 1739 τῆς
1373 1703 1480 1737 φύσεως
1494 1702 1546 1735 ἔξω
1563 1702 1723 1737 ποιούμενος
1736 1700 1786 1736 τὴν
1806 1700 1866 1728 διά-

1076 1758 1166 1777 νοιαν’
1194 1750 1211 1785 ἡ
1229 1749 1268 1782 δὲ,
1294 1749 1345 1784 τῆς
1373 1749 1439 1783 μιᾶς
1462 1748 1508 1774 καὶ
1535 1748 1618 1782 μόνης
1646 1747 1745 1781 ὲφετῆς
1767 1755 1797 1772 τε
1817 1746 1868 1772 καὶ

1077 1796 1198 1827 ἀπαθοῦς
1214 1795 1301 1827 αἰτίας
1314 1795 1360 1822 καὶ
1375 1794 1482 1829 φύσεως
1495 1794 1642 1829 ποιουμένη
1653 1794 1686 1820 τὰ
1706 1793 1767 1828 μετ’
1781 1792 1868 1827 αὐτὴν

1076 1841 1277 1879 ὲρασμιώτερα,
1292 1841 1338 1868 καὶ
1352 1841 1397 1868 διὰ
1407 1841 1485 1867 τοῦτο
1495 1841 1543 1876 τὴν
1559 1841 1648 1875 σάρκα
1662 1838 1867 1875 προτιμοτέραν

1076 1889 1204 1924 τιθεμένη
1225 1887 1273 1914 τοῦ
1295 1887 1467 1922 πνεύματος·
1491 1887 1538 1913 καὶ
1557 1887 1606 1920 τῆς
1621 1884 1773 1920 νοουμένων
1786 1884 1867 1919 δόξης

1076 1945 1106 1963 τε
1122 1937 1169 1963 καὶ
1183 1935 1374 1971 λαμπρότητος
1392 1933 1621 1969 ἑπιτερπεστὲραν
1633 1930 1804 1966 ἐργαζομένη
1818 1931 1867 1965 τὴν

1077 1983 1130 2010 τῶν
1152 1981 1322 2017 φαινομένων
1346 1980 1512 2007 ἀπόλαυσιν·
1527 1978 1566 2014 τῷ
1585 1978 1644 2004 κατ’
1659 1977 1785 2012 αἴσθησιν
1802 1976 1867 2011 λείῳ

1077 2028 1127 2063 τῆς
1151 2028 1263 2063 ἡδονῆς,
1291 2026 1462 2062 ἀπείργουσα
1487 2025 1533 2052 τὸν
1562 2024 1624 2051 νοῦν
1649 2023 1700 2057 τῆς
1722 2022 1799 2054 θείας
1820 2023 1868 2048 καὶ

1079 2074 1225 2109 συγγενοῦς
1252 2073 1306 2099 τῶν
1329 2071 1431 2107 νοητῶν
1457 2069 1640 2106 ἀντιλήψεωςι
1662 2067 1719 2096 ἀλλ’
1742 2067 1760 2102 ἦ
1787 2066 1867 2100 λόγος

1080 2119 1243 2156 μονώτατος,
1259 2119 1307 2145 και⁷
1324 2117 1410 2152 αὐτῆς
1435 2117 1475 2147 είς
1497 2116 1582 2152 ἄκρον
1597 2115 1646 2149 τῆς
1667 2112 1790 2144 ἀπαθοῦς
1807 2113 1866 2147 μὲν,

1079 2165 1198 2201 φυσικῆς
1214 2165 1243 2191 δὲ
1266 2164 1340 2197 ὅμως
1363 2162 1411 2189 τοῦ
1432 2162 1557 2197 σώματος
1581 2161 1616 2187 δι’
1631 2159 1732 2196 ἀρετῆς
1755 2167 1867 2194 περιου-

237 2211 299 2237 dem
312 2218 327 2237 a
337 2209 453 2237 libidine
463 2218 543 2245 puro,
554 2210 673 2237 naturali
686 2215 788 2243 tamen,
799 2212 924 2246 corporis
932 2220 1022 2239 amore

1077 2213 1136 2240 σίαν
1151 2211 1337 2247 γυμνούμενος
1362 2210 1480 2244 στοργῆς
1494 2208 1541 2235 καὶ
1559 2207 1714 2238 διαθέσεως,
1735 2206 1866 2235 νικῶντος

237 2261 319 2290 atque
339 2255 423 2282 animi
444 2255 590 2283 affectione
603 2277 609 2288 ,
640 2256 675 2283 ob
695 2256 807 2284 virtutis
826 2257 1023 2285 abundantiam

238 2301 356 2334 nudata;
386 2310 418 2329 ea
432 2302 538 2329 scilicet
552 2301 658 2329 ratione
670 2323 677 2335 ,
702 2302 776 2337 quod
791 2303 905 2337 spiritus
922 2308 1027 2332 natura:

239 2349 326 2376 victor
341 2348 460 2382 perfecte
473 2348 602 2380 exsistat,
633 2355 665 2376 ac
680 2356 694 2375 a
708 2348 804 2375 morali
819 2349 953 2383 tantisper
967 2348 1028 2383 phi-

239 2393 363 2428 losophia
379 2392 506 2420 inducias
518 2392 622 2419 indicat
634 2413 640 2425 ,
671 2392 736 2420 dum
752 2392 885 2420 hactenus
899 2401 948 2428 per
963 2393 1028 2421 sim-

239 2439 338 2473 plicem
354 2438 553 2473 indivisamque
566 2438 834 2473 contemplationem,
852 2447 915 2465 cum
930 2446 1028 2474 super-

238 2484 378 2511 csseutiali
394 2484 499 2511 ratione
514 2484 660 2519 Verboque
673 2488 703 2511 ut
715 2483 924 2519 congrediatur,
942 2483 1027 2511 menti

239 2530 389 2563 incumbit;
408 2529 517 2557 tametsi
532 2530 579 2557 illa
593 2530 669 2557 utilis
683 2535 780 2564 suopte
792 2529 871 2565 genio
880 2535 933 2562 est,
950 2529 983 2557 ad
995 2537 1026 2557 ea

238 2584 299 2610 quae
325 2577 512 2611 temporaliter
535 2576 624 2604 ﬂuunt
651 2576 731 2604 facile
753 2576 871 2604 secanda
891 2584 923 2603 ac
938 2580 1024 2603 trans~

1077 2258 1188 2289 τελείως
1211 2257 1260 2292 τὴν
1282 2256 1363 2291 φύσιν
1382 2255 1429 2282 τοῦ
1450 2254 1615 2289 πνεύματος,
1630 2253 1677 2280 καὶ
1699 2252 1750 2286 τῆς
1767 2251 1866 2286 ἠθικῆς

1079 2303 1218 2334 πείθοντος
1242 2302 1371 2338 σχολάσαι
1399 2300 1565 2336 φιλοσοφίας,
1582 2299 1662 2334 ἡνίκα
1687 2297 1866 2331 συγγίνεσθαι

1077 2349 1131 2375 δέοι
1152 2348 1192 2383 τῷ
1223 2347 1377 2383 ὑπερουσίῳ
1400 2346 1473 2381 λόγῳ
1499 2345 1533 2372 δι’
1555 2344 1643 2379 ἁπλῆς
1668 2342 1714 2369 καὶ
1745 2341 1865 2376 ἀμεροῦς

1078 2394 1206 2430 θεωρίας,
1232 2393 1277 2420 τὸν
1302 2392 1381 2419 νοῦν·
1402 2391 1454 2419 κᾶν
1474 2390 1608 2417 συντελεῖν
1631 2388 1703 2422 αὑτῷ
1731 2387 1863 2421 πέφυκεν,

1078 2439 1117 2470 είς
1136 2438 1230 2474 ῥᾳδίαν
1244 2438 1298 2465 τῶν
1317 2437 1450 2474 χρονικῶς
1465 2435 1580 2472 ῥεόντων
1599 2433 1685 2469 τομὴν
1704 2432 1752 2459 καὶ
1774 2431 1865 2459 διάει

1079 2493 1138 2511 σιν·
1161 2482 1198 2512 ὧν
1218 2485 1407 2514 διαεαθέντων,
1420 2484 1470 2510 οὐκ
1483 2482 1593 2516 εὖλογον
1607 2479 1799 2514 ὲπιὸαρεῖσθαι
1819 2487 1864 2505 κα-

1078 2533 1166 2568 υάπερ
1189 2532 1299 2567 μηλωτῇ
1319 2530 1358 2567 τῷ
1379 2530 1439 2558 κατ’
1460 2528 1526 2566 ἦθος
1547 2528 1651 2564 τρόπῳ,
1677 2526 1724 2553 τὸν
1742 2527 1864 2559 ἀποφαν-

1078 2576 1158 2603 θέντα
1173 2577 1228 2608 τοῖς
1242 2576 1380 2610 αἰσθητοῖς
1396 2575 1594 2609 ἀκατάσχετον.

240 2621 394 2655 mittenda;
424 2622 526 2657 quibus
548 2622 713 2649 transmissis
730 2630 761 2649 ac
774 2622 927 2657 superatis,
954 2622 1027 2649 haud
1046 2630 1112 2650 sane
1131 2630 1239 2657 aequum
1253 2642 1260 2654 ,
1293 2625 1334 2654 ut,
1350 2621 1397 2657 qui
1425 2620 1572 2649 sensilibus
1603 2618 1778 2653 terrenisque
1797 2617 1864 2644 liber

239 2667 397 2700 excesserit,
424 2669 519 2696 morali
534 2669 663 2704 deinceps
677 2669 872 2697 exercitatione
898 2674 1025 2704 tanquam
1045 2670 1144 2697 melote
1157 2674 1295 2706 gravetur.

274 2714 397 2750 chque
425 2715 497 2743 clare
523 2724 636 2751 magnus
654 2715 727 2743 Elias
748 2715 907 2748 declarat",
926 2720 1027 2750 myste-

242 2759 312 2788 rium
326 2761 379 2788 hoc
393 2760 506 2796 ﬁgurate
519 2761 589 2789 facto
600 2770 651 2789 suo
663 2761 825 2795 ostendens;
841 2761 887 2796 qui
900 2762 1026 2789 melotem

1116 2717 1171 2743 Καὶ
1182 2716 1257 2752 δηλοῖ
1279 2716 1357 2742 τοῦτο
1391 2715 1483 2750 σαφῶς
1512 2713 1603 2745 Ἠλίας
1622 2712 1636 2739 ὁ
1664 2711 1762 2747 μέγας.
1782 2710 1816 2737 δι’
1830 2706 1864 2736 ὧν

1081 2761 1199 2797 ἔπραττε
1215 2761 1338 2790 τυπικῶς
1359 2761 1438 2788 τοῦτο
1450 2760 1633 2795 παραδεικνὺς
1647 2759 1677 2786 τὴ
1694 2759 1844 2794 μυστήριον
1854 2763 1860 2770 ·

275 2849 298 2864 ²⁹
310 2848 332 2876 ll
344 2848 408 2876 Co‘r.
424 2856 460 2882 νι,
477 2848 504 2876 8.
542 2849 562 2864 ’⁷
579 2849 673 2876 Matth.
691 2857 726 2880 χι,
742 2849 785 2876 29.
825 2849 846 2864 ³⁸
861 2848 947 2876 Galat.
965 2856 1002 2881 ιιι,
1016 2851 1022 2874 t

1099 2848 1121 2864 ²⁹
1135 2848 1168 2878 ιν
1183 2848 1248 2883 Ilcg.
1269 2856 1297 2878 ιι,
1317 2847 1358 2876 Il.
