1936 3078
214 167 268 203 891

792 168 822 198 S.
845 167 987 197 MAXIMI
1007 166 1258 197 CONFESSOltlS

1791 161 1843 193 892

215 231 324 255 natura:
343 231 420 254 notas
441 224 609 258 ati‘ectusque
629 231 660 253 ac
677 223 819 258 passiones
833 224 1001 259 signiﬁcans,

1068 222 1251 257 ιεποιωμένος,
1267 221 1313 248 καὶ
1331 219 1442 255 γνώμης
1458 219 1590 255 μοναδικὴ
1620 219 1738 255 κίνησις,
1759 220 1844 254 μόνην

215 281 277 308 ηοω
288 270 472 306 corruptionis
481 269 635 297 interitioni
646 273 728 304 alque
738 269 810 296 ortui
819 269 1007 304 generationis

1060 268 1209 302 αῑρουμένη
1222 267 1272 302 τὴν
1289 266 1399 302 ἀρετήν.

216 317 334 345 obnoxia
347 316 420 351 est);
437 316 487 343 sed
501 315 675 344 solummodo
687 316 830 343 deil'ormis
842 316 921 348 ratio,
951 315 1052 343 divinae
1066 314 1190 342 scientia:
1220 313 1353 349 qualitate
1383 311 1503 346 imbuta,
1531 311 1734 347 singularisque
1759 310 1844 338 animi

216 363 378 393 voluntatis,
399 362 509 389 unicam
527 361 654 397 eligentis
668 362 816 394 virtutem,
844 362 956 397 agitatio
971 369 1003 389 ac
1023 365 1125 388 motus.

251 410 331 444 355
349 409 438 443 Neque
448 409 553 438 Caecus
570 419 601 437 ac
618 409 738 443 Judams,
764 410 866 445 quibus
887 409 1004 437 diversa:

216 456 355 490 opinionis
367 456 400 483 de
413 456 468 483 Deo
484 455 555 482 ratio
571 455 759 490 signiﬁcatur,
774 457 832 484 sive
847 457 889 489 (ut
910 456 1005 483 verius

217 503 324 536 loquar)
333 502 482 529 contraria.
495 502 562 529 Nam
578 502 624 529 ille
634 501 756 537 quidem,
766 502 914 529 multorum
931 502 1006 536 prin-

219 547 339 582 cipatum
356 546 519 581 insipienter
530 546 621 578 docet,
638 554 669 574 ac
684 555 756 574 unus
779 555 841 574 cum
864 546 908 578 sit,
939 554 1006 573 con~

220 593 312 620 trariis
328 600 391 619 eum
404 592 612 626 operationibus
630 597 712 627 atque
738 593 844 619 viribus
871 592 1005 624 dividit‘;

221 638 397 673 pluriumque
412 639 555 665 numinum
571 638 775 665 venerationem
793 637 934 672 contingit,
950 642 1007 664 tum

221 681 357 719 ipsorum.
376 684 530 719 quibusilla
546 684 703 716 adhibetur,
730 683 905 711 multitudine
924 683 1007 710 dissi-

221 729 342 761 dentem,
369 733 425 756 tum
443 729 554 757 diverso
572 729 742 757 adorationis
767 729 822 756 ritu
850 729 1005 755 ridiculam.

222 774 272 802 llic
287 782 363 807 vero,
387 783 473 802 unum
496 775 607 809 quidem
636 775 830 810 principatum,
857 774 904 801 sed
921 782 1008 809 angu-
1026 767 1045 795 Β

222 823 294 846 stum
308 827 340 847 ac
356 819 558 854 imperfectum,
576 827 627 846 nec
639 819 695 846 fere
712 820 920 850 consistentem,
949 822 1009 845 tan-

223 872 304 899 quam
325 865 430 892 ratione
454 865 564 899 vitaque
586 865 769 898 destitutum;
801 865 828 892 in
851 864 955 899 :equale
979 872 1010 891 ac

222 911 299 945 prior
314 910 425 942 malum,
443 911 556 938 sublata:
570 910 680 937 deitatis
700 919 749 945 per
772 911 909 937 contraria
934 910 1009 936 dela-

224 964 310 991 psus;
323 964 376 983 una
390 956 496 984 scilicet
507 963 627 991 persona
639 958 722 983 undm
737 956 811 982 illum
824 955 1009 991 principatum

223 1009 340 1036 eumque
352 1001 455 1036 absque
470 1001 575 1028 ratione
593 1009 642 1029 seu
661 1001 749 1028 Verbo
765 1009 796 1028 ac
824 1001 929 1036 Spiritu
946 1008 1012 1028 con-

224 1047 364 1074 sistentem
372 1069 380 1080 ,
391 1051 439 1074 aut
449 1052 524 1075 certe
536 1048 641 1075 ratione
652 1052 680 1075 et
692 1047 790 1082 spiritu
806 1053 935 1082 tanquam
946 1055 1013 1081 qua-

225 1092 300 1119 litate
315 1092 463 1123 imbutum,
480 1092 632 1125 deﬁniens;
652 1100 708 1120 non
740 1093 907 1128 intelligens,
934 1092 1012 1127 quis-

225 1145 288 1164 nam
304 1137 375 1165 Deus
389 1137 498 1165 futurus
509 1138 555 1170 sit,
569 1138 616 1172 qui
634 1138 732 1165 horum
757 1138 870 1165 exsistat
893 1145 1011 1173 expers;

225 1187 274 1209 aut
285 1183 425 1217 quomodo
441 1183 522 1215 Deus,
534 1183 581 1218 qui
594 1184 665 1211 haud
681 1191 761 1211 secus
772 1192 804 1212 ac
818 1183 901 1211 animi
914 1183 1012 1215 creati,

227 1228 302 1256 hisce
315 1233 444 1264 tanquam
457 1229 646 1257 accidentibus
660 1229 870 1264 impartiatur".
898 1229 1012 1260 llorum,

227 1273 268 1300 uti
287 1273 425 1306 dicebam,
443 1278 542 1301 neuter
555 1282 669 1309 prorsus
699 1275 726 1302 in
750 1275 860 1302 Christo
883 1280 933 1306 est.
966 1275 1013 1303 sed

226 1326 299 1346 veras
309 1319 442 1346 duntaxat
461 1320 572 1354 pietatis
597 1327 699 1351 sermo,
735 1320 866 1355 lirmaque
892 1321 1015 1356 mystica:

227 1364 372 1400 theologia:
383 1365 437 1397 lex,
449 1369 507 1392 tum
523 1365 634 1400 prioris,
649 1365 761 1392 deitatis
777 1364 941 1392 divisionem
965 1365 1015 1392 eli-

227 1410 351 1445 minans;
362 1414 418 1437 tum
432 1410 604 1445 posterioris.
619 1410 837 1437 contractionem
851 1411 1014 1445 repudians;

229 1509 293 1528 men
304 1505 407 1528 statuat
420 1501 483 1536 (hoc
497 1509 614 1536 namque
642 1501 800 1529 Grecorum
830 1502 956 1538 erroris),
970 1507 1018 1529 aut

230 1547 314 1574 unius
326 1547 516 1581 singularitate
529 1554 652 1581 personae
666 1546 796 1580 passibilc
817 1546 855 1582 (id
872 1547 946 1574 enim
970 1548 1019 1575 Ju-

231 1593 317 1622 daicae
331 1593 555 1628 superstitionis),
565 1597 595 1620 ut
612 1592 686 1627 quod
702 1593 807 1620 ratione
823 1600 871 1620 seu
884 1593 974 1621 Verbo
986 1601 1018 1621 ac

231 1638 337 1674 Spiritu
349 1643 452 1671 careat,
470 1643 518 1665 aut
534 1638 578 1666 bis
592 1638 728 1666 imbutum
741 1638 778 1665 sit
801 1642 930 1674 tanquam
952 1647 1020 1674 qua-

230 1684 320 1718 litate,
331 1692 386 1712 non
403 1689 494 1712 autem
510 1684 597 1719 ipsum
615 1691 703 1717 mens,
718 1683 845 1719 ratioque
870 1692 919 1711 seu
950 1685 1019 1712 Ver-

232 1730 298 1757 bum
316 1735 345 1758 et
361 1730 481 1765 Spiritus
492 1730 624 1763 exsistat;
641 1737 748 1765 nosque
758 1730 877 1761 docens,
891 1731 937 1765 qui
955 1738 1018 1766 gra-

233 1776 277 1804 tia:
301 1767 444 1803 vocatione
473 1783 522 1810 per
540 1775 621 1803 tidem
648 1776 676 1803 in
708 1775 878 1811 agnitionem
895 1777 1019 1804 veritatis

232 1822 352 1857 edoptati
365 1829 472 1853 sumus,
491 1825 522 1849 ut
533 1829 614 1848 unam
630 1821 790 1849 noverimus
815 1822 925 1850 deitatis
938 1827 1019 1850 natu-

233 1876 291 1896 ram
301 1876 333 1895 ac
342 1868 493 1903 potentiam
506 1876 514 1901 ;
532 1875 616 1895 unum
630 1867 737 1895 scilicet
749 1869 845 1900 Deum,
859 1869 907 1903 qui
925 1868 953 1896 in
966 1869 1018 1896 Pa«

234 1919 275 1942 tre
303 1918 331 1942 et
351 1914 419 1941 Filio
446 1917 475 1941 et
493 1913 598 1948 Spiritu
618 1918 714 1941 sancto
737 1914 908 1949 intelligatur
926 1923 933 1940 :
961 1918 1021 1941 tan~

234 1967 315 1995 quam
330 1959 436 1986 scilicet
451 1959 537 1986 solam
551 1966 640 1986 causa:
652 1959 742 1986 omnis
760 1967 809 1986 seu
824 1959 954 1994 principii
970 1967 1020 1987 au-

235 2005 372 2040 ctorisque
384 2009 526 2040 expertem
541 2005 727 2032 essentialiter
750 2013 815 2032 vere
840 2005 1019 2033 exsistentem

237 2055 365 2083 mentem,
385 2051 468 2078 unius
485 2051 636 2078 secundum
652 2051 799 2078 essentiam
811 2059 877 2078 vere
886 2051 1021 2079 exsisten—

1091 409 1165 436 Οὔτε
1185 408 1306 442 Ἕλλην
1331 407 1380 434 καὶ
1413 406 1568 439 Ἰουδαῖος,
1592 406 1626 434 δι’
1645 402 1683 432 ὧν
1706 405 1756 440 τῆς
1783 405 1846 440 περὶ

1054 453 1122 481 Θεοῦ
1137 453 1216 488 δόξης
1231 454 1249 480 ὁι
1257 453 1383 489 διάφορος
1401 453 1564 489 σημαίνεται
1577 452 1655 487 λόγος
1667 459 1674 466 ·
1703 451 1731 487 ἦ,
1754 451 1786 478 τό
1815 459 1845 485 γε

1058 500 1156 535 μᾶλλον
1183 499 1363 536 ἀληθέστερον
1383 500 1480 532 εἰπεῖν,
1514 498 1711 534 ἀντικείμενος.
1737 498 1768 523 '0
1799 498 1846 532 μὲν

1057 547 1155 580 (Mary.
1195 545 1351 580 Ἐλληνικδς
1378 545 1467 580 λόγος)
1495 545 1621 580 ἀφρόνως
1647 537 1846 578 εἰσηγούμενος

1057 591 1236 626 πολυαρχίαν,
1253 591 1299 617 καὶ
1313 591 1362 625 τὴν
1379 591 1444 626 μίαν
1455 590 1543 626 ἀρχὴν
1558 590 1760 624 ἀντικειμέναις
1771 590 1847 623 ἐνερ-

1057 637 1145 672 γείαις
1159 646 1188 664 τε
1214 638 1261 664 καὶ
1284 637 1415 671 δυνάμεσι
1434 636 1625 672 καταμερίζων
1638 643 1646 651 ⁸
1661 635 1709 662 καὶ
1734 634 1848 661 πλαττό-

1060 692 1140 718 μενος
1158 684 1239 715 σὲὅας
1252 683 1392 713 πολύοεον,
1410 682 1449 718 τῷ
1464 691 1493 708 τε
1520 681 1615 716 πλήθει
1644 681 1699 707 τῶν
1726 689 1848 716 προσκυ-

1060 729 1196 764 νουμένων
1207 727 1427 763 στασιαζόμενον,
1440 729 1486 755 καὶ
1496 728 1534 763 τῷ
1543 727 1663 762 διαφόρῳ
1675 727 1724 761 τῆς
1731 735 1849 762 προσκο-

1061 776 1166 810 νήσεως
1182 775 1275 810 τρόπῳ
1287 774 1449 809 γελώμενον.
1467 773 1496 800 ’0
1513 773 1550 806 δὲ,
1568 773 1689 808 (Marg.6
1705 771 1850 802 Ἰουδιῖκδς

1062 820 1151 855 λόγος)
1181 821 1245 856 μίαν
1265 820 1325 856 μὲν,
1344 820 1440 855 στενὴν
1463 819 1492 845 δὲ
1519 819 1566 845 καὶ
1581 817 1674 852 ἀτελῆ,
1693 817 1739 844 καὶ
1758 817 1850 852 σχεδὸν

1063 867 1258 897 ἀνυπόστατον,
1282 865 1320 897 ὡς
1349 865 1429 900 λόγου
1458 864 1504 891 καὶ
1529 862 1601 898 ζωῆς
1627 862 1746 898 ἔρημον,
1783 862 1850 898 πρὸς

1061 909 1120 938 ἴσον
1138 911 1220 938 κακὸν
1231 911 1270 947 τῷ
1288 911 1413 947 προτέρῳ
1433 910 1503 944 λόγῳ
1519 909 1562 936 διὰ
1577 909 1630 936 τῶν
1654 909 1784 935 ἐναντίων
1808 909 1851 934 ἐκ·

1064 957 1182 987 πίπτων.
1203 957 1252 992 τὴν
1276 957 1370 984 ἀθεΐαν
1381 964 1388 972 ⁸
1407 956 1445 982 ἐνὶ
1459 956 1636 991 περιγράφων
1653 954 1793 990 προσώπῳ
1805 954 1852 989 τὴν

1065 1003 1130 1038 μίαν
1154 1003 1251 1038 ἀρχὴν,
1268 1003 1314 1029 καὶ
1330 1001 1433 1036 ταύτην
1452 1001 1513 1036 δίχα
1528 1000 1616 1034 Λόγου
1630 1001 1676 1027 καὶ
1694 1000 1852 1034 Πνεύματος

1064 1048 1250 1084 ὖφισταμένην
1262 1055 1268 1062 ’
1294 1048 1310 1082 ἢ
1324 1048 1402 1082 Λόγῳ
1417 1047 1464 1074 καὶ
1479 1047 1617 1082 ιῐνεύματι
1635 1046 1830 1081 πεποιωμένην
1845 1055 1851 1060 ·

1067 1094 1104 1130 μὴ
1124 1093 1255 1128 συνορῶν,
1283 1094 1324 1121 ὅτι
1345 1093 1387 1125 τίς
1426 1093 1502 1126 Θεὸς,
1529 1092 1632 1119 τούτων
1649 1091 1852 1128 ὴμοιρημένος·

1065 1139 1082 1176 ἢ
1099 1139 1158 1170 πῶς
1173 1139 1240 1170 Θεὸς
1267 1137 1375 1173 μεθέξει
1395 1137 1592 1172 παραπλησίως
1611 1138 1667 1168 τοῖς
1683 1137 1735 1162 ὑπὸ
1748 1137 1854 1170 γένεσιν

1065 1185 1194 1219 λογικοῖς,
1220 1183 1258 1215 ὡς
1283 1184 1496 1220 συμϐεϐηκότων
1512 1183 1613 1210 τούτων
1630 1183 1832 1218 μεμοιραμένος
1847 1191 1853 1197 ·

1066 1228 1103 1258 ὧν
1125 1232 1153 1258 ἐν
1180 1230 1289 1266 Χριστῷ
1308 1230 1338 1256 τὸ
1355 1230 1494 1265 παράπαν,
1524 1229 1562 1261 ὼς
1587 1228 1655 1264 ἔφην
1671 1228 1720 1264 (ι),
1746 1228 1853 1259 οὐδείς·

1067 1274 1136 1301 ἀλλὰ
1159 1274 1239 1309 μόνος
1268 1273 1383 1308 ἀληθοῦς
1409 1273 1549 1306 εὐσεϐείας
1567 1274 1657 1308 λόγος.
1688 1273 1737 1300 καὶ
1757 1273 1855 1307 πάγιος

1069 1319 1202 1354 μυστικῆς
1226 1318 1363 1353 θεολογίας
1393 1318 1503 1354 θεσμὸς,
1529 1319 1578 1355 τήν
1598 1327 1628 1345 τε
1647 1318 1694 1346 τοῦ
1722 1318 1855 1354 προτέρου

1066 1362 1146 1397 λόγου
1162 1363 1302 1397 διαστολὴν
1317 1363 1365 1398 τῆς
1386 1363 1515 1399 θεότητος
1538 1363 1774 1400 ἀποπεμπόμενος
1811 1363 1857 1390 καὶ

1068 1410 1117 1444 τὴν
1130 1409 1176 1435 τοῦ
1189 1409 1315 1444 δευτέρου
1339 1409 1376 1444 μὴ
1401 1409 1619 1444 παραδεχόμενος
1649 1410 1780 1445 συστολὴν
1793 1418 1800 1425 ’
1816 1410 1858 1436 ἵνα

228 1463 263 1482 ne
278 1456 382 1483 scilicet
398 1456 516 1483 naturali
529 1455 709 1482 multitudine
723 1464 738 1483 a
751 1463 780 1483 se
793 1455 933 1484 dissidens
962 1465 1015 1484 nu-
1031 1445 1049 1471 (ἶ

1069 1455 1107 1490 μὴ
1134 1454 1173 1490 τῷ
1201 1455 1308 1490 φυσικῷ
1331 1455 1428 1490 πλήθει
1452 1456 1664 1482 στασιαστικόν·
1701 1455 1859 1490 Ἑλληνικόν

1067 1501 1120 1536 γὰρ
1134 1501 1150 1537 ἢ
1164 1501 1202 1536 τῷ
1215 1501 1275 1528 καθ’
1294 1501 1442 1528 ὑπόστασιν
1456 1502 1538 1538 ἐνικῷ
1555 1502 1685 1536 παθητόν·
1707 1502 1860 1528 Ἰουδαϊκὸν

1067 1547 1131 1582 γὰρ,
1145 1547 1183 1579 ὡς
1202 1547 1288 1581 Λόγου
1301 1548 1348 1574 καὶ
1363 1547 1522 1582 Πνεύματος
1537 1548 1727 1584 ἐστερημένον,
1752 1548 1861 1584 ῆΛόγῳ

1068 1593 1114 1618 καὶ
1127 1592 1263 1627 Πνεύματι
1290 1592 1493 1627 πεποιωμένον·
1519 1592 1577 1619 ἀλλ’
1605 1593 1656 1620 οὐκ
1670 1592 1701 1619 δν
1724 1592 1788 1624 νοῦς
1812 1593 1861 1619 καὶ

1069 1637 1153 1671 Λόγος
1166 1637 1213 1663 καὶ
1227 1637 1339 1672 Πνεῦμα
1356 1637 1386 1664 τὸ
1410 1637 1481 1664 θεῖον
1506 1638 1701 1673 πρεσϐεύεται·
1724 1639 1773 1665 καὶ
1789 1638 1862 1665 διδά-

1070 1691 1143 1709 σκων
1158 1683 1242 1718 ἡμᾶς,
1257 1683 1321 1714 τοὺς
1343 1682 1438 1717 κλήσει
1450 1683 1561 1719 χάριτος
1574 1683 1645 1710 κατὰ
1662 1683 1752 1713 πίστιν
1768 1685 1862 1710 εἰσπε-

1069 1728 1235 1763 ποιημένους
1260 1728 1300 1759 εἰς
1335 1728 1484 1761 ἐπίγνωσιν
1511 1728 1651 1763 ἀληθείας,
1675 1729 1740 1764 μίαν
1761 1729 1862 1756 ειδέναι

1070 1775 1197 1810 Θεότητος
1224 1775 1304 1810 φύσιν
1326 1776 1373 1802 καὶ
1391 1775 1524 1811 δύναμιν·
1552 1776 1647 1811 ἦγουν,
1672 1777 1720 1803 ἕνα
1742 1777 1809 1804 Θεδν
1831 1778 1863 1804 ἐν

1070 1822 1156 1858 Harp!
1180 1822 1224 1847 καὶ
1253 1821 1310 1856 Υἱῷ
1325 1822 1370 1848 καὶ
1390 1822 1459 1857 ἁγίῳ
1484 1822 1623 1857 Πνεύματι
1655 1822 1862 1858 θεωρούμενον·

1069 1864 1112 1894 οἶα
1125 1867 1157 1902 δὴ
1169 1867 1249 1902 μόνον
1266 1867 1385 1894 ἀναίτιον
1408 1868 1471 1894 νοῦν
1490 1867 1626 1899 οὑσιωδώς
1642 1869 1797 1903 ὑφεστῶτα,
1814 1870 1863 1905 μό-

1069 1921 1114 1939 νου
1128 1913 1188 1939 κατ’
1201 1912 1293 1939 οὐσίαν
1303 1913 1456 1947 ὑφεστῶτος
1465 1913 1583 1949 ἀνάρχου
1596 1914 1682 1948 Λόγου
1698 1915 1863 1950 γεννήτορα,

1070 1959 1117 1986 καὶ
1147 1959 1230 1994 μόνης
1262 1959 1347 1985 ἀϊδίου
1377 1957 1452 1994 ζωῆς
1468 1959 1606 1991 οὐσιωδῶς
1633 1959 1805 1993 ὑφεστώσης,
1825 1959 1865 1992 ὡς

1071 2005 1230 2040 Πνεύματος
1241 2004 1330 2038 ἁγίου,
1347 2005 1455 2040 πηγήν·
1477 2005 1505 2032 ἐν
1523 2006 1617 2040 μονάδι
1633 2006 1745 2042 Τριάδα,
1773 2007 1821 2033 καὶ
1834 2007 1865 2033 ἐν

1070 2049 1165 2086 Τριάδι
1175 2049 1275 2084 μονάδα
1284 2057 1291 2064 ⁸
1303 2049 1353 2076 οὑκ
1364 2048 1446 2084 ἄλλην
1458 2050 1486 2076 ὲν
1498 2049 1526 2076 ά)
1532 2049 1564 2085 λῃ
1575 2057 1581 2064 ³
1592 2050 1623 2076 οὐ
1637 2050 1691 2085 γὰρ
1699 2049 1737 2082 ὠς
1751 2050 1780 2076 ἔν
1787 2050 1866 2085 οὐσίᾳ.

234 2096 269 2122 tis
287 2095 423 2130 principio
437 2096 557 2123 carentis
568 2097 719 2131 aeternique
732 2097 813 2124 Verbi
830 2101 970 2132 parentem
986 2105 1016 2126 ac

1070 2097 1103 2131 τῇ
1121 2095 1214 2130 μονάδι
1230 2094 1402 2130 συμϐεὸηκός
1417 2095 1490 2122 ἐστιν
1506 2096 1522 2130 ἠ
1536 2095 1619 2130 Τριάς
1635 2103 1642 2110 ·
1656 2096 1672 2130 ἢ
1689 2095 1719 2122 τὸ
1734 2096 1864 2130 ἔμπαλιν.

235 2141 414 2177 genitricem;
425 2141 561 2175 ttniusque
577 2142 750 2176 sempiternie
762 2142 825 2170 vitze
837 2143 1023 2171 essentialiter

237 2194 300 2214 vere
316 2187 473 2214 exsistentis
486 2186 593 2221 (nempe
606 2187 724 2222 Spiritus
740 2188 839 2222 sancti)
856 2188 978 2215 fontem:
993 2188 1021 2215 in

238 2231 342 2258 unitate
356 2229 529 2268 Trinitatem,
541 2235 570 2258 et
588 2231 615 2258 in
632 2231 764 2259 Trinitate
788 2231 922 2259 unitatem
940 2241 946 2258 :
965 2240 1020 2259 non

237 2278 318 2304 aliam
333 2277 359 2304 in
373 2277 426 2304 alia
441 2285 448 2303 :
463 2284 517 2303 non
531 2277 605 2304 enim
618 2277 739 2304 Trinitas
753 2277 793 2304 sic
807 2282 849 2304 est
876 2277 902 2304 in
918 2278 1023 2305 unitate

238 2324 315 2359 quasi
328 2323 457 2351 accidens
472 2323 500 2350 in
515 2323 679 2355 substantia,
689 2327 735 2350 aut
748 2323 868 2350 vicissim
887 2323 979 2350 unitas
997 2323 1024 2350 in

239 2369 373 2396 Trinitate
384 2377 391 2400 ;
403 2373 433 2396 ιιι
446 2377 506 2404 qtue
522 2369 657 2396 sitomnis
671 2369 811 2402 qualitatis
839 2377 949 2404 expers.
969 2369 1024 2396 Ne-

238 2423 291 2449 quc
308 2421 337 2441 ιιι
350 2415 431 2441 aliam
446 2418 474 2441 et
493 2414 593 2441 aliam:
609 2421 664 2441 non
683 2413 757 2441 enim
779 2414 871 2441 unitas
897 2422 914 2447 ιι
932 2414 1025 2441 Triui-

240 2463 294 2486 tate
311 2459 393 2494 356
406 2459 501 2486 dill'ert
515 2458 675 2486 diversitate
688 2463 804 2491 naturae,
837 2467 890 2486 una
904 2468 936 2487 ac
958 2460 1024 2487 sim-

240 2506 300 2539 plex
315 2510 411 2532 natura
430 2505 577 2533 exsistens.
592 2505 685 2540 Neque
697 2509 727 2532 ut
741 2505 884 2540 aliamprze
895 2506 958 2539 alia;
970 2514 1024 2533 non

240 2549 314 2576 enim
339 2549 459 2577 Trinitas
481 2550 515 2577 ab
542 2550 648 2576 unitate
667 2549 745 2584 quasi
768 2549 875 2577 minore
904 2551 1026 2584 potentia

240 2593 354 2628 ejusque
365 2595 451 2629 gradu
467 2595 642 2622 submissiori
656 2595 776 2622 discreta
786 2598 830 2623 est
845 2615 853 2628 ,
872 2600 918 2623 aut
934 2596 1027 2624 unitas

241 2652 257 2671 a
271 2642 415 2673 Trinitate.
427 2646 463 2673 At
475 2654 564 2681 neque
576 2651 607 2674 ut
618 2653 765 2673 commune
775 2645 842 2681 quid
856 2654 889 2673 ac
912 2646 1026 2674 univer-

242 2690 309 2722 sale,
324 2690 397 2725 quod
409 2691 504 2718 subtili
519 2692 608 2719 solum
618 2693 739 2727 cogitatu
751 2699 766 2719 a
791 2691 1026 2728 singularibusjlli

243 2735 373 2770 subjectis
386 2736 547 2764 distinctum
560 2737 739 2772 intelligatur,
751 2745 766 2765 a
778 2737 914 2765 Trinitate
927 2737 1028 2765 distin-

244 2783 288 2808 cta
302 2781 393 2809 unitas
409 2785 462 2815 est,
475 2790 535 2818 qua:
549 2782 586 2810 sit
599 2790 663 2810 vere
675 2783 732 2817 ipsa
743 2790 758 2810 a
775 2789 805 2810 se
816 2783 951 2810 exsistens
964 2782 1029 2810 sub-

287 2837 293 2845 ‘
304 2835 386 2871 Greg.
401 2841 471 2865 orat.
487 2839 511 2869 l,
526 2838 570 2870 55,
592 2838 636 2869 58,
652 2838 695 2865 Η.

1074 2141 1103 2168 ὲν
1119 2141 1215 2177 Τριάδι
1241 2142 1323 2176 μονάς
1338 2149 1346 2157 ·
1370 2142 1465 2174 ἄποιος
1493 2142 1558 2178 γάρ.
1583 2142 1643 2169 Οὐδ’
1657 2143 1695 2175 ὡς
1720 2143 1806 2176 ἄλλην
1819 2145 1866 2171 καὶ

1074 2187 1157 2221 ἀλλην
1168 2194 1174 2201 '
1190 2187 1220 2213 οὑ
1237 2187 1291 2222 γὰρ
1299 2187 1438 2222 ἑτερότητι
1452 2186 1560 2222 φύσεως
1569 2187 1617 2222 τῆς
1631 2187 1745 2222 Τριάδος
1757 2189 1774 2224 ἡ
1783 2190 1867 2223 μονὰς

1074 2233 1224 2268 διενήνοχεν
1237 2233 1309 2268 ἁπλῆ
1323 2241 1353 2259 τε
1370 2233 1417 2259 καὶ
1442 2233 1490 2268 μια
1507 2232 1588 2267 φύσις
1608 2234 1791 2269 τυγχάνουσα.
1805 2236 1866 2262 Οὐδ’

1075 2279 1111 2311 ὼς
1126 2279 1209 2314 ἀλλην
1224 2279 1288 2313 παρ’
1304 2278 1398 2313 ἄλλην,
1411 2279 1441 2305 οὺ
1451 2278 1504 2314 γὰρ
1513 2279 1607 2312 ὑφέσει
1621 2279 1762 2314 δυνάμεως
1774 2281 1866 2308 διακέ-

1076 2333 1166 2360 κριται
1182 2324 1230 2358 τῆς
1245 2323 1382 2358 μονάδοςὴ
1402 2323 1497 2359 Τριὰς.
1515 2324 1531 2359 ἢ
1545 2324 1594 2358 τῆς
1603 2324 1744 2360 Τριὰιδοςὴ
1761 2327 1846 2360 μονάς
1859 2335 1866 2342 ·

1076 2370 1092 2405 ἢ
1112 2370 1150 2400 ὼς
1162 2369 1251 2396 κοινόν
1265 2377 1292 2395 τι
1308 2369 1356 2395 καὶ
1380 2368 1488 2402 γενικδν
1505 2369 1612 2404 ἐπινοίᾳ
1642 2369 1709 2406 μόνῃ
1729 2369 1868 2405 θεωρητδν

1075 2416 1128 2442 τῶν
1159 2415 1204 2441 ὑπ’
1229 2414 1294 2441 αὐτὸ
1315 2414 1447 2450 μερικῶν,
1472 2415 1660 2450 παρήλλακται
1679 2416 1729 2450 τῆς
1752 2416 1868 2451 Τριάδος

1075 2461 1200 2497 ὴμονὲις,
1229 2460 1308 2488 οὐσία
1346 2460 1449 2495 κυρίως
1476 2460 1666 2496 ἀνθύπαρκτος
1699 2459 1779 2492 οὖσα,
1822 2463 1868 2489 καὶ

1076 2507 1189 2542 δύναμις
1201 2507 1285 2538 ὅντως
1303 2506 1476 2541 αὐτοσθενής.
1495 2507 1556 2533 Οὐδ’
1570 2507 1607 2538 ὡς
1618 2507 1650 2533 δι’
1662 2507 1746 2542 ἄλλης
1761 2507 1845 2543 ἄλλην
1859 2516 1866 2524 ·

1076 2552 1174 2588 οὐγὰρ
1197 2552 1369 2587 μεσιτεύεται
1395 2553 1487 2588 σχέσει
1512 2552 1543 2579 rb
1574 2553 1674 2579 ταυτὸν
1703 2554 1793 2589 πάντη
1822 2554 1868 2580 καὶ

1076 2597 1189 2632 ἄσχετον
1204 2597 1254 2632 (5),
1275 2597 1312 2629 ὡς
1335 2596 1404 2632 πρὸς
1431 2597 1517 2624 αῐτιον
1537 2598 1668 2625 αἰτιατόν.
1696 2598 1757 2626 Οὐδ’
1772 2599 1810 2631 ὡς
1840 2599 1868 2632 ἐξ

1078 2643 1161 2679 ἄλλης
1174 2643 1272 2678 ἀλλην·
1290 2642 1322 2669 οὺ
1337 2642 1391 2678 γὰρ
1418 2642 1488 2669 κατὰ
1513 2643 1682 2678 παραγωγὴν
1707 2644 1739 2670 ἐκ
1755 2645 1867 2679 μονάδος

1079 2689 1165 2725 Τριὰς
1181 2709 1188 2721 ,
1229 2688 1362 2724 ἀγένητος
1387 2689 1548 2724 ὑπάρχουσα
1590 2689 1636 2716 καὶ
1662 2690 1866 2724 αὑτέκφαντυς·

1081 2735 1148 2763 ἀλλὰ
1160 2735 1208 2770 τὴν
1222 2735 1308 2770 αὐτὴν
1325 2734 1362 2766 ὡς
1380 2734 1488 2769 ἀληθῶς
1507 2733 1610 2770 μονάδα.
1627 2735 1673 2762 καὶ
1689 2735 1805 2772 Τριὰδα,
1823 2738 1867 2762 καὶ

1081 2782 1231 2818 λεγομένην
1243 2782 1291 2808 καὶ
1309 2780 1474 2817 νοουμένην·
1502 2781 1533 2807 τὸ
1550 2781 1610 2816 μὲν,
1630 2781 1670 2817 τῷ
1699 2783 1758 2809 κατ’
1776 2783 1867 2809 οὑσίαν

283 2870 302 2881 ⁶’
322 2870 440 2900 Probant
465 2873 521 2901 lucc
547 2873 574 2901 in
597 2873 623 2900 vi
642 2873 844 2909 congruentim;
869 2881 922 2906 non
951 2878 1042 2901 autezn
1066 2873 1258 2901 demonstrant
1273 2870 1416 2899 Trinitatis
1437 2870 1601 2906 mysterium
1617 2871 1673 2898 sola
1695 2872 1746 2899 title
1761 2877 1865 2900 notum.
