1936 3078
96 160 150 192 893

590 161 792 191 EXPOSITIO
810 159 1017 190 ORATIOle
1034 156 1240 189 DOMINICAPE.

1669 149 1723 183 894

94 215 167 251 λόγῳ
179 223 185 229 ·
202 215 233 242 τὸ
252 216 290 247 δὲ,
303 215 342 251 τῷ
359 216 419 243 καθ’
430 216 548 253 ὓπαρξιν
563 217 670 252 τρόπῳ·
700 217 764 252 ὃλην
782 216 884 252 μονάδα

940 215 1037 242 stantia
1052 234 1058 246 ,
1088 221 1120 241 ac
1136 214 1225 240 virtus
1244 220 1293 247 per
1309 219 1337 239 se
1355 218 1420 238 vere
1435 209 1525 245 reipsa
1541 212 1649 244 potens.
1671 207 1725 235 Ne'

96 260 147 294 τὴν
163 260 259 295 αὐτὴν,
277 261 314 296 μὴ
341 262 544 297 μεμερισμένην
559 263 619 293 ταῖς
634 263 816 289 ὑποστάσεσι·
836 262 885 288 καὶ

96 305 161 340 ὕλην
176 305 279 341 Τριάδα
304 306 354 341 τὴν
370 306 463 341 αὐτὴν,
482 308 514 342 τῇ
530 307 622 342 μονάδι
651 308 688 343 μὴ
712 308 885 342 συγκεχυμέ-

97 359 163 386 inpr
179 351 223 378 ινα
241 351 278 387 μὴ
293 352 334 386 τῷ
351 352 477 387 μερισμῷ
497 353 528 379 τὸ
543 352 683 385 πολύθεον,
703 353 720 389 ἢ
735 354 768 388 τῇ
784 353 885 387 συγχύ-

98 405 141 423 σει
168 397 201 423 τὺ
220 397 300 424 ἄθεον
322 398 531 433 εἰσκομίζηταν
559 398 632 434 ἅπερ
647 398 755 433 φεύγων
775 399 789 425 ὁ
816 398 887 425 κατὰ

98 443 216 478 Χριστὸν
250 443 436 478 λαμπρύνεται
479 443 568 477 λόγος.
594 444 673 478 Λέγω
700 444 728 470 δὲ
767 443 886 479 Χριστοῦ

97 487 188 521 λόγον,
206 487 236 514 τὸ
247 488 338 514 καινὸν
353 488 481 523 κήρυγμτ
495 489 544 523 τῆς
558 488 701 524 ἁληθεὶαςι
732 489 760 515 ὲν
783 485 806 522 ᾧ
830 489 886 515 οὐκ

98 533 185 560 ἐστιν
204 533 294 566 ἇῤῥεν
308 533 355 559 καὶ
372 532 465 567 θῆλυ’
484 534 556 568 φημὶ
567 534 594 560 δὲ
611 534 645 560 τὰ
661 535 772 569 σημεῖα,
794 534 840 560 καὶ
854 534 888 560 τὰ

99 577 230 612 παθητῆς
245 578 297 604 ὑπὸ
307 578 410 613 φθορὰν
426 579 472 606 καὶ
481 579 586 613 γένεσιν
595 579 705 614 φύσεως
719 587 726 594 ·
744 580 798 613 οὐχ
814 579 886 606 Ἕλ-

98 624 161 657 λην
171 623 220 649 καὶ
244 623 396 655 Ἰουδαῖος,
413 624 437 650 οἱ
467 624 529 659 περὶ
552 624 677 659 θεότητος
701 624 887 659 ἀντικείμενοι

99 669 196 702 λόγον
223 670 259 696 οὺ
276 669 416 704 περιτομὴ
435 669 484 695 καὶ
510 670 703 703 ἀκροϐυστία,
732 670 760 696 αι
783 669 888 700 τούτοις

99 713 202 748 δηλαδὴ
216 714 511 749 κατάλληλοιλατρεῖαι
522 722 528 729 ·
549 715 565 750 ἠ
582 715 642 749 μὲν,
656 715 699 741 διὰ
714 715 749 741 τὰ
767 714 888 749 σύμϐολα

100 757 148 784 τοῦ
175 758 267 792 νόμου,
291 759 341 792 τὴν
370 759 535 794 φαινομένην
553 759 640 786 κτίσιν
662 760 822 792 κακίζουσα,
841 760 888 786 καὶ

101 803 148 829 τὸν
169 803 280 838 κτίστην
294 803 332 835 ὡς
355 804 447 831 κακῶν
471 804 584 840 ποιητὴν
603 805 781 832 διαϐάλλουσα
795 814 801 820 ·
817 806 833 840 ὴ
848 805 887 837 δὲ,

101 849 148 875 διὰ
165 849 199 876 τὰ
228 849 301 885 πάθη
331 849 432 885 ταύτην
462 850 633 883 θεοποιοῦσα,
658 852 704 877 καὶ
732 851 771 885 τῷ
793 852 888 887 κτίστῃ

936 270 989 296 que
999 266 1028 288 ut
1042 260 1123 287 aliam
1139 268 1188 295 per
1198 259 1297 290 aliam;
1311 266 1362 285 nec
1372 257 1446 284 enim
1461 256 1516 283 ulla
1539 262 1655 290 prorsus
1679 253 1724 280 in—

936 306 1053 334 tercedit
1069 304 1166 333 relatio
1190 312 1239 331 seu
1265 302 1409 334 habitudo,
1432 301 1565 328 dirimens
1579 300 1617 332 id,
1650 299 1724 334 quod

936 358 1051 387 prorsus
1063 351 1135 377 idem
1148 353 1176 377 et
1186 348 1344 376 absolutum
1356 351 1417 380 est;
1431 345 1586 381 cuiusmodi
1609 344 1725 371 eﬂectus

937 395 971 423 ad
987 402 1096 422 causam
1111 393 1243 421 habitudo
1258 396 1308 419 est.
1325 392 1381 419 Nec
1402 392 1474 418 sicut
1486 397 1520 417 ex
1544 389 1596 416 alia
1623 389 1724 421 aliam;

936 449 991 469 non
1005 441 1080 468 enim
1094 440 1215 467 Trinitas
1224 447 1273 474 per
1284 437 1494 474 productionem
1506 440 1548 464 est
1559 435 1593 462 ab
1607 435 1724 465 unitate,
1753 431 1756 433 “

936 496 997 522 quae
1006 487 1043 515 sit
1054 487 1185 518 increata,
1193 494 1225 513 ac
1237 485 1315 520 ipsaa
1325 492 1353 511 se
1366 491 1425 511 sese
1434 483 1589 517 explicans:
1603 481 1651 508 sed
1665 488 1726 515 qua:

936 534 1061 561 eamdem
1075 540 1140 560 vere
1153 532 1244 559 unitas
1259 536 1341 565 atque
1368 530 1489 557 Trinitas
1508 532 1536 555 et
1560 528 1670 555 dicatur
1697 530 1726 553 et

937 578 1122 614 intelligatur;
1142 578 1257 604 alterum
1272 576 1383 611 quidem
1403 574 1529 602 essentia},
1552 573 1668 604 ratione,
1687 572 1725 598 al-

937 630 1028 651 terum
1053 627 1144 650 autem
1164 621 1246 649 modo
1279 619 1446 647 exsistentiae
1463 627 1469 645 :
1488 622 1570 645 totam
1592 616 1724 643 unitatem

936 670 1072 701 eamdem,
1091 676 1152 704 quae
1176 667 1303 703 personis
1324 674 1380 693 non
1407 665 1495 691 divisa
1512 663 1564 695 sit;
1586 667 1726 695 totamque

937 715 1061 742 eamdem
1075 715 1162 748 ipsam
1184 714 1357 744 Trinitatem,
1383 711 1453 738 nihil
1479 709 1543 737 inde
1572 708 1725 736 confusam,

938 761 1010 796 quod
1025 761 1115 787 unitas
1130 759 1260 791 exsistit;
1279 766 1313 785 ne
1335 757 1484 785 scilicctex
1506 754 1727 785 divisione,deo—

939 814 998 833 rum
1016 806 1096 832 turba
1112 805 1288 839 importetur,
1306 803 1349 830 vel
1368 810 1402 829 ex
1414 801 1586 832 confusione,
1601 800 1659 834 ipsa
1675 806 1726 825 no-

939 851 983 878 bis
993 852 1123 886 depereat
1134 850 1226 877 Deitas
1240 848 1331 882 :quod
1350 853 1497 882 utrumque
1516 845 1667 873 absurdum
1687 844 1728 870 vi-

102 893 276 920 ιτιανιστῶσα
289 893 320 920 τὸ
334 895 439 929 ποίημα
451 903 458 909 ·
476 895 523 922 καὶ
544 895 609 930 πρὸς
625 896 681 921 ἴσον
704 896 788 921 κακὸν
808 896 889 930 ἄμφω

941 901 1001 924 laus
1016 896 1142 923 clarescit
1152 894 1308 922 Christiana
1320 893 1455 921 doctrina.
1473 892 1657 919 Christianam
1675 897 1727 916 au-

102 937 153 973 τὴν
171 937 245 964 Θείαν
259 938 338 974 ὖὸριν
351 939 478 974 ἀλλήλαις
496 939 676 975 συλλήγουσαι
701 939 807 976 [Verum
828 941 889 966 συλ-

101 986 243 1020 λέγουσαι·
261 985 310 1013 Fr.
328 986 515 1022 συνάγουσαι].
535 988 575 1014 Οὐ
592 987 743 1021 βάρϐαρος
754 987 802 1014 καί
816 987 891 1014 Σκύ-

102 1033 158 1065 θης
171 1039 178 1046 ·
194 1031 341 1064 τουτέστιν,
363 1032 453 1067 ήπρδς
468 1032 567 1067 ἑαυτὴν
579 1033 755 1067 στασιαστικὴ
768 1033 817 1067 τῆς
826 1033 890 1068 μιᾶς

101 1076 211 1110 φύσεως
229 1076 299 1103 κατὰ
315 1076 428 1112 γνώμην
443 1077 596 1109 διάστασις·
617 1078 677 1104 καθ’
698 1078 729 1113 ἣν
747 1079 760 1104 ὁ
773 1079 822 1113 τῆς
845 1079 890 1105 ὰλ-

102 1121 277 1155 ληλοκτονίας
300 1122 374 1156 παρὰ
400 1121 480 1156 φύσιν
495 1123 550 1154 τοῖς
564 1122 717 1157 ἀνθρώποις
740 1123 890 1161 εἰσεφϐἁρη

101 1167 280 1202 νόμο;.οῠτε
294 1164 411 1203 δοῦλος-
429 1169 479 1197 και
500 1169 670 1205 ἐλεύθερος·
697 1171 713 1206 ή
735 1171 785 1207 τῆς
807 1172 891 1207 αὐτῆς

102 1211 227 1250 δηλονότι
251 1214 327 1250 παρὰ
348 1214 461 1251 γνώμην
474 1215 606 1251 διαίρεσις
639 1215 762 1250 φύσεως·
794 1216 891 1252 ἄτιμον

106 1260 255 1297 ποιουμένη
275 1260 320 1287 τὸν
330 1260 400 1288 κατὰ
420 1261 499 1296 φύσιν
515 1261 660 1296 ὁμότιμον·
683 1263 763 1297 νόμον
783 1263 892 1289 ἐπίκου-

105 1314 153 1342 ρον
169 1306 279 1341 ἔχουσα,
293 1306 342 1342 τὴν
351 1306 535 1341 τυραννοῦσαν
547 1307 577 1333 τὸ
591 1307 641 1342 τῆς
654 1307 758 1339 εἰκόνος
771 1307 890 1343 ἀξίωμα.

103 1350 160 1377 τῶν
176 1351 358 1383 δεσποζόντων
377 1351 509 1379 διάθεσιν·
546 1352 638 1380 Ἀλλὰ
666 1353 763 1380 πάντα
793 1354 840 1380 καὶ
857 1355 892 1380 ἐν

103 1395 181 1423 πᾶσι
194 1397 332 1430 Χριστὸς,
346 1398 389 1424 διὰ
402 1398 456 1424 τῶν
474 1398 545 1434 ὑπὲρ
561 1397 640 1433 φύσιν
657 1399 703 1426 καὶ
730 1399 821 1435 νόμον,
842 1400 892 1436 τὴν

105 1441 157 1476 τῆς
168 1441 286 1477 ἀνάρχου
301 1442 438 1477 βασιλείας
451 1442 622 1478 δημιουργῶν
637 1444 665 1470 ὲν
681 1444 814 1480 πνεύματι
828 1445 892 1480 μόρ-

107 1495 210 1521 φωσιψ
227 1488 269 1522 ἦν,
286 1488 323 1518 ὡς
339 1488 534 1520 ἀποδέδεικται,
550 1489 654 1523 πέφυκε
668 1490 889 1525 χαρακτηρίζειν,

105 1533 221 1568 καρδίας
249 1533 411 1565 ταπείνωσις
437 1535 485 1560 καὶ
508 1535 658 1569 πραότης·,
674 1532 711 1561 ὧν
737 1536 754 1570 ὴ
783 1535 891 1568 σύνοδος

103 1578 207 1605 τέλειον
223 1579 268 1606 τὸν
276 1579 468 1616 κατὰΧριστδν
477 1579 633 1615 κτιζόμενον
647 1580 836 1616 ᾀστοδείκνυσιν
844 1581 890 1608 ἆν-

104 1623 223 1660 ορωπον.
235 1611 673 1660 Πᾱςγὰρταπεινόφρωνίπάντωῖ
684 1626 729 1651 καὶ
740 1626 834 1660 πρᾶος,
845 1625 892 1651 καὶ

105 1670 161 1701 πᾶς
181 1670 278 1705 πρᾶοςτ
298 1670 406 1700 πάντως
433 1671 479 1696 καὶ
498 1669 892 1705 ταπεινόφρων·ταπεινόφρων

106 1714 167 1749 μὲν,
180 1713 218 1745 ὡς
233 1714 313 1747 γνοὺς
329 1714 423 1740 ἑαυτὸν
434 1714 528 1748 ἔχοντα
544 1714 574 1740 τὸ
590 1713 658 1741 εἶναι
670 1715 872 1750 δεδανεισμένον
886 1728 891 1731 ι

104 1759 193 1794 πρᾷος
207 1758 290 1791 δὲ,ὠς
301 1759 426 1792 διαγνοὺς
435 1759 488 1785 τῶν
502 1758 628 1786 δοθεισῶν
637 1759 710 1795 αὐτῴ
727 1760 797 1786 κατὰ
813 1759 892 1794 φύσιν

104 1804 248 1839 δυνάμεων
261 1804 309 1839 τὴν
323 1804 429 1839 χρῆσιν·
451 1805 499 1831 καὶ
515 1804 553 1839 τῷ
567 1805 616 1839 μὲν
628 1805 700 1840 λύγῳ
708 1805 775 1841 πρὸς
791 1806 891 1840 ἀρετῆς

104 1850 214 1884 γένεσιν
238 1850 343 1877 τούτων
359 1851 446 1882 διδοὺς
467 1853 515 1886 τὴν
533 1851 700 1886 ὑπηρεσίαν·
722 1852 771 1886 τῆς
798 1852 892 1886 αἰσθή-

106 1904 175 1927 σεως
188 1897 217 1923 δὲ
245 1896 353 1928 τελείως
378 1897 426 1932 τὴν
441 1897 544 1924 τούτων
566 1897 717 1924 συστέλλων
741 1897 890 1932 ἐνέργειαν.

104 1942 162 1969 Καὶ
179 1941 223 1968 διὰ
241 1942 320 1968 τοῦτο
331 1942 401 1969 κατᾶ
428 1943 476 1978 μὲν
491 1942 537 1969 τον
552 1942 623 1974 νοῦν,
645 1943 713 1978 πρὸς
726 1943 791 1969 Θεὸν
807 1942 891 1968 ἀεικί-

103 1996 186 2022 νητος
202 1986 249 2013 ὢν·
266 1987 337 2014 κατὰ
355 1988 382 2014 δὲ
405 1988 455 2023 τὴν
473 1988 610 2022 αῐσοησιν,
625 1988 685 2014 οὐδὲ
702 1988 809 2014 πάντων
823 1987 890 2023 ὁμοῦ

103 2032 160 2058 τῶν
184 2032 253 2066 πρὸς
277 2031 356 2066 σῶμα
374 2032 501 2067 λυπηρῶν
519 2032 615 2066 πεῖραν
630 2031 776 2066 λαμῦἁνων
795 2040 890 2058 παντε-

104 2077 161 2109 λῶς
175 2078 342 2112 κινούμενος,
365 2077 483 2113 ἢλύπης
506 2076 578 2112 ἴχνος
605 2076 728 2103 ἐντυπών
743 2078 776 2112 τῇ
807 2077 890 2113 ψυχῇ,

106 2124 177 2158 πρὸς
197 2123 375 2158 παραλλαγὴν
396 2123 447 2157 τῆς
476 2124 505 2150 ἐν
537 2123 606 2158 αὑτῇ
634 2122 780 2157 χαροποιοῠ
797 2123 892 2158 νδιαοέ-

106 2157 177 2199 asto;
193 2167 250 2203 (m)'
262 2168 292 2194 οὐ
310 2157 364 2203 γὰρ
372 2168 477 2202 ἡγεῖται
494 2167 621 2203 στέρησιν
636 2167 733 2202 ἡδονῆς
746 2157 889 2203 ὑπάρχειν,

941 947 994 970 tem
1005 941 1168 977 (secundum
1183 940 1324 968 Christum
1337 938 1453 974 scilicet)
1470 945 1539 965 voco
1561 943 1660 964 novam
1679 943 1727 962 ve-

941 988 1031 1015 ritatis
1049 987 1290 1022 prtedicationem;
1327 985 1354 1012 in
1372 984 1426 1020 qua
1455 993 1507 1011 non
1537 987 1574 1010 est
1596 981 1727 1010 masculus

940 1041 1023 1068 neque
1034 1034 1150 1068 femina;
1165 1032 1240 1069 signa
1258 1032 1389 1060 nimirum
1412 1040 1443 1060 ac
1454 1031 1596 1067 passiones
1625 1038 1673 1057 seu
1689 1029 1729 1056 al‘-

941 1079 1311 1109 fcctusuaturminteritioni
1337 1079 1466 1114 ortuique
1494 1076 1638 1108 obnoxiae;
1673 1083 1727 1102 non

941 1127 1046 1156 Graecus
1059 1126 1203 1154 etludwus
1223 1134 1233 1152 :
1254 1125 1400 1153 contrariae
1428 1124 1534 1152 scilicet
1561 1123 1596 1150 de
1621 1123 1728 1149 Dcitalc

940 1172 1083 1200 sententize
1098 1171 1244 1206 opiniones
1257 1180 1264 1204 ;
1278 1179 1330 1198 non
1344 1170 1506 1197 circumcisio
1526 1177 1609 1204 neque
1621 1176 1727 1203 prwpu-

941 1219 1006 1245 tium
1022 1218 1134 1245 :cultus
1144 1217 1276 1244 nimirum
1289 1217 1401 1251 utrique
1418 1220 1499 1243 secta:
1513 1215 1708 1243 convenientes
1720 1222 1726 1239 :

941 1271 1058 1298 quarum
1075 1264 1172 1295 altera,
1190 1263 1226 1290 ob
1242 1263 1310 1298 legis
1325 1262 1459 1298 symbola,
1470 1266 1624 1289 creaturam
1641 1261 1728 1288 oculis

941 1309 1136 1345 aspectabilem
1160 1310 1302 1344 sugillans,
1333 1309 1432 1344 ipsum,
1461 1315 1516 1343 quo
1546 1307 1590 1334 illa
1614 1312 1728 1334 auctore

941 1356 1053 1383 condita
1066 1360 1118 1388 est,
1136 1360 1265 1390 tanquam
1279 1355 1413 1382 malorum
1426 1358 1567 1382 auctorem
1583 1353 1611 1380 in
1624 1353 1728 1379 crimen

941 1407 1022 1430 vocat
1036 1403 1140 1436 ;altera
1156 1409 1233 1433 vero,
1246 1409 1301 1436 prae
1315 1401 1430 1428 libidine
1448 1404 1476 1427 et
1495 1407 1548 1434 qua
1569 1398 1644 1426 vitiis
1666 1405 1727 1432 pro.

942 1449 1040 1477 clivior
1051 1453 1103 1480 est,
1119 1455 1178 1475 eam
1191 1447 1293 1475 deitate
1318 1446 1435 1478 donans,
1460 1445 1592 1472 adversus
1618 1443 1731 1471 Creato-

943 1502 1000 1522 rem
1018 1493 1176 1525 committit,
1188 1493 1261 1528 quod
1272 1492 1321 1519 illo
1334 1496 1447 1525 auctore
1459 1490 1565 1518 editum
1573 1494 1614 1516 est
1626 1498 1633 1522 ;
1647 1489 1730 1523 inquo

904 1555 926 1583 ε
945 1541 1046 1567 malum
1058 1539 1161 1573 aequale
1171 1539 1230 1573 (Dei
1244 1538 1339 1572 utique
1353 1535 1559 1571 contumeliam)
1578 1535 1659 1562 ambo
1681 1542 1731 1569 pa-

944 1586 1011 1613 riter
1021 1585 1135 1612 ducuul.
1155 1583 1215 1611 Non
1230 1583 1360 1610 barbarus
1375 1591 1406 1608 ac
1421 1581 1518 1617 Scytha
1536 1589 1545 1608 :
1558 1585 1663 1608 natura:
1675 1579 1730 1607 sci-

942 1631 1018 1663 licet,
1037 1639 1099 1665 quze
1117 1638 1172 1657 una
1190 1629 1236 1662 sit,
1255 1636 1350 1657 secum
1363 1628 1451 1663 ipsius
1465 1626 1625 1655 dissidentis
1645 1625 1730 1652 animi

942 1676 1078 1704 sententia
1095 1683 1126 1703 ac
1140 1675 1283 1702 voluntate
1297 1674 1468 1706 divortium;
1486 1680 1542 1707 quo
1569 1677 1729 1699 mutuarum

942 1720 1059 1748 aedium
1074 1719 1224 1747 adversans
1241 1721 1346 1745 natura:
1359 1717 1403 1744 lex
1420 1715 1578 1750 hominibus
1605 1714 1729 1742 inolevit.

941 1764 999 1791 Non
1015 1772 1104 1791 servus
1118 1768 1142 1790 et
1157 1762 1244 1790 liber:
1261 1761 1386 1797 ejusdem
1402 1760 1531 1788 nimirum
1551 1764 1666 1791 natura,
1686 1758 1730 1785 in-

942 1809 1130 1837 vitisinducta
1144 1808 1262 1840 divisio;
1281 1807 1385 1834 honore
1409 1806 1530 1841 spolians
1558 1813 1589 1832 ac
1610 1805 1731 1832 dehone—

943 1860 1030 1886 stans,
1043 1862 1117 1886 eum,
1131 1854 1178 1888 qui
1195 1853 1255 1888 pari
1277 1856 1375 1879 natura
1396 1852 1501 1879 honore
1523 1850 1655 1885 prteditus
1681 1849 1729 1880 sit.

943 1907 1040 1934 nempe
1057 1899 1251 1934 sull'ragantcm
1267 1897 1355 1933 legem
1377 1896 1492 1928 habens,
1508 1903 1568 1930 quae
1588 1894 1730 1931 tyranniee

942 1945 1088 1981 opprimat,
1105 1952 1159 1979 qua
1173 1943 1277 1971 conditi
1290 1950 1396 1974 sumus,
1415 1941 1542 1976 imaginis
1555 1940 1729 1975 dignitatem,

940 1980 1021 2026 357
1046 1989 1250 2016 dominantium
1279 1988 1401 2015 animum
1419 1995 1451 2014 ac
1474 1980 1656 2014 voluntatem.
1679 1985 1731 2012 Sed

941 2037 1042 2068 omnia,
1059 2039 1083 2062 et
1101 2036 1129 2062 in
1145 2034 1264 2062 omnibus
1276 2034 1395 2061 Christus
1408 2041 1416 2060 :
1430 2033 1477 2067 qui
1491 2040 1540 2067 per
1549 2040 1592 2065 ea,
1610 2039 1672 2066 quae
1683 2038 1732 2057 na-

943 2085 1012 2109 tura:
1025 2081 1149 2116 legisque
1164 2080 1318 2107 rationibus
1329 2079 1464 2111 eminent,
1477 2078 1572 2105 interni
1586 2077 1614 2104 in
1632 2076 1730 2111 spiritu

941 2127 1018 2162 regni
1032 2127 1150 2162 speciem
1163 2126 1335 2160 formamque
1349 2130 1441 2158 creat;
1452 2125 1534 2159 cujus
1554 2123 1731 2151 characteres

941 2177 1068 2207 notaeque
1083 2172 1274 2207 insignientes,
1295 2171 1335 2198 uti
1352 2171 1498 2206 probatura
1510 2172 1563 2202 est,
1590 2168 1731 2195 humilitas

105 2213 135 2239 τὺ
149 2213 209 2239 κατ’
227 2212 352 2248 αἴσθησιν
367 2213 498 2247 ἀλγεινόν.
518 2212 628 2248 Ἡδονὴν
639 2214 694 2249 γὰρ
710 2213 773 2248 μίαν
780 2213 889 2240 ἐπίστα-

942 2217 1034 2245 cordis
1051 2222 1080 2245 et
1105 2217 1288 2244 mansuetudo
1310 2224 1371 2244 esse
1398 2222 1567 2243 consuevere
1585 2223 1592 2240 :
1614 2220 1732 2248 quarum

103 2263 161 2288 ται,
172 2254 222 2290 τὴν
231 2255 280 2290 τῆς
294 2256 382 2290 ψυχῆς
402 2256 469 2291 πρὸς
486 2256 530 2282 τὸν
550 2255 628 2290 λόγον
645 2255 847 2294 συμϐίωσιν,ἦ;
870 2259 887 2294 ἡ

104 2302 236 2337 στέρησις
262 2302 372 2334 κόλασις
387 2304 460 2330 ἐστιν
484 2303 670 2338 ἀτελεύτητος,
685 2304 791 2335 πάντας
806 2313 888 2338 φυσι-

103 2347 162 2378 κῶς
177 2344 383 2382 περιγράφουσα
397 2349 460 2380 τοὺς
474 2349 584 2380 αἰῶνας.
602 2349 656 2375 Καὶ
680 2348 723 2375 διὰ
748 2348 836 2381 τοῦτο,
858 2348 889 2375 τό

103 2400 134 2418 τε
149 2392 239 2427 σῶμα,
269 2394 316 2419 καὶ
335 2393 422 2420 πάντα
443 2393 477 2419 τὰ
497 2393 542 2420 τοῦ
572 2394 695 2429 σώματος
709 2395 807 2428 ἀφεὶς,
822 2395 890 2430 πρὸς

102 2438 155 2472 τὴν
170 2438 245 2465 θείαν
262 2439 376 2474 φέρεται
387 2439 510 2470 σύντονος
524 2440 675 2474 συμϐίωσιν
690 2449 696 2455 ·
713 2441 777 2475 μίαν
788 2441 889 2476 ζημίαν

103 2483 265 2518 ἡγούμενος,
286 2484 338 2511 κᾶν
354 2485 462 2512 πάντων
475 2485 594 2521 δεσπόζῃ
609 2486 663 2512 τῶν
689 2486 735 2512 ἐπὶ
760 2487 823 2520 γῆς,
841 2485 890 2521 τὴν

102 2529 154 2564 τῆς
177 2530 406 2566 προσδοκωμένας
436 2531 506 2558 κατὰ
540 2532 618 2567 χάριν
642 2531 765 2564 οεώςεως
788 2533 891 2559 ἀποτυ-

103 2584 178 2610 χιαν.

942 2271 1104 2296 concursus,
1119 2271 1194 2296 eum,
1214 2263 1262 2298 qui
1282 2262 1435 2291 secundum
1464 2261 1605 2289 Christum
1622 2263 1732 2288 creatus

939 2313 992 2341 est,
1017 2309 1170 2344 perfectum
1192 2309 1330 2336 hominem
1349 2312 1425 2335 certo
1454 2307 1576 2334 exhibet.
1602 2305 1732 2340 Quisquis

941 2356 1017 2382 enim
1034 2355 1126 2382 animo
1142 2355 1255 2382 humilis
1274 2361 1414 2388 sensuque
1438 2353 1581 2379 modestus
1603 2356 1655 2384 est,
1672 2359 1732 2378 om-

938 2400 1005 2427 nino
1011 2401 1093 2427 etiam
1104 2400 1174 2428 lenis
1185 2405 1213 2427 et
1225 2404 1385 2427 mansuetus
1395 2403 1436 2426 cst
1446 2407 1454 2431 ;
1465 2398 1642 2431 vicissimque
1656 2397 1731 2431 quis-

941 2445 1004 2480 quis
1014 2445 1085 2472 lenis
1102 2450 1145 2472 est
1159 2449 1187 2473 et
1201 2449 1374 2476 mansuetus,
1391 2451 1506 2478 prorsus
1521 2443 1605 2470 etiam
1636 2442 1731 2469 animo

942 2489 1058 2517 humilis
1075 2498 1214 2525 sensuque
1246 2489 1388 2517 modestus
1417 2493 1470 2516 est.
1487 2488 1587 2516 Animo
1618 2487 1731 2522 quidem

942 2534 1055 2562 humilis
1069 2543 1101 2562 ac
1115 2543 1198 2562 sensu
1227 2535 1379 2566 modestus,
1401 2533 1474 2568 quod
1499 2540 1528 2560 se
1553 2532 1677 2567 precario
1699 2540 1732 2559 ac

944 2580 1116 2608 commodato
1129 2580 1230 2608 habere
1245 2583 1385 2614 agnoscat,
1401 2578 1474 2613 quod
1490 2585 1550 2606 esse
1562 2581 1660 2604 nactus
1671 2580 1730 2608 est;

105 2623 178 2650 lenis
196 2631 261 2651 vero
278 2631 310 2651 ac
330 2628 500 2655 mansuetus,
517 2627 547 2650 ut
557 2623 605 2658 qui
622 2623 722 2650 virium
743 2623 768 2650 ci
794 2627 893 2650 natura
910 2630 1104 2653 concessarum
1115 2633 1196 2653 usum
1224 2633 1280 2653 non
1311 2624 1425 2657 nesciat,
1449 2628 1532 2659 atque
1555 2623 1605 2650 has
1618 2622 1731 2658 quidem

106 2668 223 2695 rationis
238 2668 369 2702 obsequio
382 2668 416 2695 ad
428 2669 546 2696 virtutes
571 2668 772 2704 progignendas
800 2669 919 2700 addicat,
939 2677 955 2696 a
969 2677 1051 2698 sensu
1066 2678 1132 2698 vero
1146 2678 1241 2698 earum
1257 2678 1371 2705 prorsus
1381 2670 1571 2704 operationem
1597 2668 1729 2695 retrahat'

106 2712 232 2748 Hincque
245 2714 314 2741 adeo
323 2718 376 2746 est,
390 2717 421 2740 ut
442 2718 534 2741 mente
549 2713 671 2748 quidem,
692 2714 749 2750 iugi
762 2714 790 2741 in
810 2715 896 2742 Deum
911 2719 987 2742 motu
1004 2716 1152 2749 incitetur;
1172 2724 1253 2744 sensu
1272 2723 1348 2749 vero,
1380 2723 1432 2744 nec
1461 2715 1484 2743 si
1506 2714 1610 2747 omnia,
1631 2713 1733 2748 quibus

140 2791 189 2827 (m)
199 2791 632 2833 Χαροεςριοῦβιαθέοξεῳςπᾼιιθι·
642 2793 712 2833 Ιίθεἱ
718 2793 781 2833 cod.
790 2793 892 2833 χάριτιθ

123 2835 164 2854 uie
177 2835 224 2861 per
237 2827 354 2862 gratiam
365 2828 391 2853 in
402 2835 432 2853 eu
445 2832 492 2853 est.
505 2827 575 2860 Quid
585 2835 650 2854 vero
661 2829 727 2854 velit
742 2829 892 2862 τὺ,χαρτῆς

129 2865 203 2891 θηεῑ.
217 2862 286 2889 Cod.
306 2866 334 2888 et
359 2862 402 2888 Fr.
423 2870 476 2891 non
489 2862 587 2897 capio;
607 2862 660 2889 nisi
690 2863 891 2891 breviationcm

945 2794 1016 2856 mlalc
1031 2794 1210 2856 intellectam,
1227 2794 1267 2822 sic
1282 2793 1410 2830 imperite
1429 2791 1578 2829 antiquarii
1588 2791 1670 2820 ambo
1685 2799 1732 2822 cx-

947 2837 963 2856 n
976 2837 1071 2856 marun
1087 2849 1094 2856 .

947 2837 1094 2864 privarunt.
