1936 3078
229 155 282 186 895
807 152 836 182 S.
856 151 999 182 ΜΛΧΙΜΙ

1067 151 1271 182 NFESSORIS
1798 151 1854 182 896

228 220 330 247 corpus
358 211 479 238 motcstia
509 209 578 236 allici
614 208 692 241 solet,
718 209 799 236 simul
838 209 977 244 ingruant,
1005 215 1158 242 corutnque
1174 207 1328 242 periculum
1361 207 1453 239 faciat,
1478 206 1629 242 quidquam
1656 206 1767 242 penitus
1789 215 1854 234 mo-

229 262 333 289 veatur,
351 257 438 284 ullove
451 255 569 282 tristitiae
584 254 698 289 vestigio
727 255 819 282 animo
844 254 1016 285 inl'ormetur,
1054 254 1160 280 uthinc
1179 252 1271 288 gaudii
1295 253 1375 287 plena
1409 251 1519 279 allectio
1541 260 1574 279 ac
1598 251 1742 287 dispositio
1758 252 1787 281 in
1819 260 1856 280 eo

228 304 399 330 iuunutetur.
418 300 476 327 Non
504 301 578 328 cnim
606 300 739 331 dolorem,
754 300 802 334 qui
820 307 930 327 sensum
955 299 1105 330 excruciat,
1123 298 1270 333 voluptatis
1302 298 1452 326 carentiam
1477 298 1637 325 arbitratur.
1670 298 1853 332 Voluptatem

227 355 318 378 autent
333 356 414 376 unam
424 348 509 379 novit,
525 347 609 381 animi
628 355 690 374 cum
720 347 826 374 ratione
849 346 1027 378 convictum;
1047 345 1126 380 cujus
1148 344 1276 379 privatio,
1295 344 1449 372 immortale
1484 344 1648 378 supplicium
1670 348 1725 376 est,
1751 349 1856 372 cuncta

228 395 387 423 naturaliter
418 393 516 420 smcula
536 393 642 420 ambitu
668 393 865 427 complectens.
891 391 1006 423 Idcirco,
1028 394 1084 417 tum
1096 388 1231 424 corporis,
1249 394 1306 416 tum
1325 397 1386 424 quae
1415 393 1480 416 sunt
1493 388 1627 423 corporis,
1657 388 1788 416 omnibus
1805 397 1856 417 va-

227 443 282 469 lere
291 441 385 476 jussis,
405 439 437 466 ad
449 438 661 466 divinumenixe
677 438 828 466 cotmititur
856 436 1027 468 convictum;
1048 442 1130 462 unam
1161 434 1273 462 demum
1296 434 1432 470 jacturam
1449 434 1658 468 reputans,'vel
1673 433 1697 460 si
1727 438 1856 462 terreno-

227 495 285 514 rqu
303 485 426 514 omnittm
456 484 579 511 dominio
610 484 723 519 polleat,
738 483 808 519 ejus,
841 490 901 518 qua:
929 490 978 517 per
1004 481 1120 516 gratiam
1132 480 1285 516 praestanda
1300 485 1486 515 exspectatur,
1515 479 1698 507 dciﬁcationis
1719 479 1856 508 frustrata

225 537 286 560 vota
301 539 332 559 3C
341 539 417 566 spem
432 538 548 558 cassam.

260 579 354 613 Itaque
369 577 552 605 emundemus
570 584 621 604 nos
637 577 710 612 ipsos
721 577 756 604 ab
779 577 853 604 omni
884 576 1012 611 iuquiua-
1028 578 1051 605 Α

226 628 319 651 mento
337 623 428 651 carnis
457 631 488 650 ac
519 623 634 658 spiritus
647 623 680 655 δ’,
713 627 744 650 ut
764 623 944 658 cupiditatem
971 623 999 650 in

226 670 326 696 decore
341 668 485 696 affectibus
497 668 683 696 lascivientem
700 669 918 704 exstinguentes,
939 669 1011 695 divi-

226 723 292 742 num
312 722 413 742 nomen
444 714 655 746 sanctilicemus,
684 714 807 748 iramque
834 718 919 741 (nstro
944 721 1013 748 quo-

226 761 288 788 dam
303 761 483 795 incomposite
501 760 689 795 voluptatibus
712 759 864 786 inhiantcm
886 766 1012 793 compes-

226 814 339 840 camus;
360 811 400 838 ut,
413 805 546 840 quodper
561 804 800 834 mansuetudinem
825 804 938 832 advenit
966 812 1012 832 re-

226 860 308 887 gnum
333 852 378 879 Dei
393 860 425 878 ac
441 851 538 883 Patris,
562 851 752 885 suscipiamus.
781 850 916 884 Deinceps
947 857 1012 876 vero

227 899 386 929 sequentem
410 894 544 921 orationis
574 897 689 926 textum,
713 893 756 921 his
784 901 845 928 qua:
873 893 1011 920 anteriora

226 944 300 971 sunt,
314 939 505 974 adjungamus.

293 996 353 1023 Fiat
365 997 486 1024 uoluntas
499 1001 556 1030 tua,
569 997 634 1024 sicut
646 996 673 1024 in
691 1000 766 1029 mlo,
781 1001 804 1023 et
817 997 843 1024 in
857 1001 940 1023 terra.

263 1095 314 1128 Qui
334 1097 392 1123 sola
409 1096 523 1124 rationis
539 1097 564 1124 vi
588 1105 602 1124 a
626 1097 779 1132 cupiditate
799 1101 881 1132 atque
903 1097 943 1124 ira
969 1104 1012 1124 sc—

225 1145 310 1173 creta,
328 1141 441 1177 mystice
454 1142 511 1169 Deo
540 1142 651 1171 cultum,
669 1142 752 1177 358
784 1142 907 1174 adhibet,
935 1142 958 1170 is
983 1142 1011 1169 in

227 1191 308 1218 terra,
321 1195 385 1214 eum
403 1188 431 1214 in
448 1188 558 1215 modum
570 1195 624 1223 quo
637 1188 664 1214 in
692 1189 761 1217 ctelo
791 1188 907 1223 angelici
934 1188 1011 1216 ordi-

226 1240 285 1266 nes,
297 1233 417 1260 divinam
430 1234 596 1261 voluntatem
611 1234 749 1269 implevit;
763 1242 812 1269 per
833 1234 924 1261 omnia
933 1234 1011 1261 simi-
1027 1244 1046 1272 Β

225 1279 259 1307 l-is
269 1280 372 1315 angelis
384 1280 522 1313 adorator,
535 1281 623 1316 iisque
644 1281 858 1314 contubernalis,
877 1281 1010 1316 quemad—

224 1325 336 1353 modum
350 1326 468 1361 quodam
489 1327 549 1354 loco
574 1334 688 1362 magnus
709 1327 855 1362 Apostolus
877 1327 915 1354 ait
932 1335 939 1353 :
955 1326 1010 1353 No-

224 1376 280 1398 stra
294 1375 381 1398 autem
391 1372 551 1399 conuersatio
561 1372 588 1398 in
602 1373 672 1400 caelis
686 1377 723 1400 eu
736 1373 776 1406 ³²;
791 1373 863 1407 apud
876 1380 945 1408 quos
955 1380 1011 1399 non

225 1421 268 1444 est
280 1416 425 1451 cupiditas,
440 1425 501 1451 qua:
519 1417 689 1451 voluptatum
717 1418 744 1444 vi
768 1418 889 1453 vigorem
911 1418 1012 1445 mentis

226 1461 360 1489 dissolvat
374 1470 380 1488 ι
395 1470 449 1488 non
464 1461 504 1488 ira
519 1462 622 1495 furens,
646 1463 847 1497 adversumque
870 1468 1010 1498 cognatos,

226 1515 259 1534 ac
279 1515 349 1543 quos
374 1508 456 1535 unius
472 1508 581 1543 generis
615 1508 733 1536 societas
759 1513 860 1542 teneat,
883 1513 1012 1544 proterve

227 1553 379 1586 oblatrans,
394 1553 441 1581 sed
459 1553 672 1589 singularissima
684 1554 764 1586 ratio,
779 1554 813 1581 ad
828 1555 945 1589 primam
969 1562 1012 1582 ra-

228 1599 342 1632 tionem,
359 1606 408 1626 eos
433 1599 481 1633 qui
510 1598 615 1626 ratione
632 1603 754 1630 utantur,
773 1604 871 1626 natura
889 1599 1011 1632 ducens;

227 1653 282 1680 qua
299 1645 357 1672 sola
373 1645 472 1680 gaudet
488 1645 570 1676 Deus,
586 1649 614 1672 et
630 1653 645 1671 ο
659 1644 739 1672 nobis
754 1645 841 1672 servis
853 1645 910 1672 suis
936 1645 1012 1672 eilia-

227 1690 304 1725 gitat.
316 1690 400 1725 quue
415 1690 560 1725 signiﬁcat,
578 1698 640 1718 cum
658 1690 685 1718 in
711 1690 770 1718 haec
785 1690 869 1718 verba
884 1697 1013 1725 magnum

228 1735 357 1763 Davidem
379 1736 549 1770 alloquitur:
577 1735 646 1768 Quid
660 1737 728 1763 enim
745 1737 809 1763 milii
834 1737 913 1763 estin
938 1735 1011 1768 carlo,

227 1787 252 1809 et
267 1793 283 1810 a
296 1787 321 1810 te
335 1783 398 1818 quid
413 1783 484 1810 volui
495 1791 574 1818 super
587 1787 688 1809 terram
705 1783 747 1810 ³³2
763 1782 837 1810 Nihil
863 1786 955 1809 autem
985 1782 1013 1809 in

227 1830 304 1857 caelis
317 1829 404 1856 sancti
425 1829 513 1864 angeli
530 1829 586 1856 Deo
605 1829 736 1862 offerunt,
755 1826 862 1864 praeter
893 1829 1014 1856 rationa-

1107 572 1274 608 Ἀγνίσωμεν
1288 570 1334 600 οὖν
1359 573 1474 604 ἑαυτοὺς
1496 572 1597 605 παντὸς
1620 573 1761 609 μολυσμοῦ
1780 582 1855 609 σαρ-

1063 617 1109 649 κὸς
1123 618 1170 644 καὶ
1181 617 1352 653 πνεύματος,
1378 619 1421 644 ἵνα
1437 618 1468 644 τὸ
1482 618 1554 645 θεῖον
1570 618 1733 653 ἀγιάσωμεν
1748 619 1852 655 avom,

1061 662 1248 697 ἀκκιζομένην
1266 663 1323 694 τοῖς
1342 663 1457 689 πάθεσιν
1474 664 1608 699 ἀπρεπῶς
1627 664 1677 699 τὴν
1699 663 1856 699 ἐπιθυμίαν

1063 708 1301 740 κατασϐέσαντες·
1321 708 1368 735 καὶ
1395 709 1465 744 λόγῳ
1479 729 1486 741 ,
1512 709 1572 740 ταῖς
1598 709 1706 744 ἡδοναῖς
1721 709 1855 742 ἀτάκτως

1062 753 1272 789 ἐπιμαινόμενον
1285 755 1330 782 ἰον
1345 754 1439 789 θυμὸν,
1454 755 1652 790 καταδήσωμεν
1664 760 1671 768 ’
1685 754 1730 781 ἵνα
1745 754 1790 781 διὰ
1803 755 1856 789 τῆς

1063 800 1216 835 πραότητος
1246 801 1470 836 παραγινομένην
1498 799 1692 835 ὁποδεξὼμεθα
1720 800 1771 834 τὴν
1802 800 1853 827 τοῦ

1062 844 1129 872 Θεοῦ
1147 846 1195 872 καὶ
1215 847 1321 882 Πατρὸς
1347 846 1495 881 βασιλείαν.
1525 847 1580 872 Καὶ
1595 846 1641 872 τὸν
1656 846 1756 881 ἐφεξῆς
1771 846 1854 880 λόγον

1061 891 1111 926 τῆς
1151 893 1304 927 προσευχῆς
1327 894 1383 924 τοῖς
1417 892 1560 928 προτέροις
1593 892 1775 928 ἁρμόσωμεν,
1810 892 1854 920 λέ-

1062 945 1155 970 γοντες
1171 946 1178 953 ·

1096 993 1255 1027 Γενηθήτω
1274 993 1306 1020 τὸ
1322 994 1437 1029 θέλημά
1451 1002 1518 1028 σου,
1538 995 1578 1029 ὡς
1591 997 1626 1023 ἐν
1641 995 1775 1029 οὐρανῷ.
1802 996 1853 1022 καί

1060 1039 1110 1065 ἐπὶ
1128 1039 1184 1073 τῆς
1198 1039 1265 1073 γῆς.

1102 1097 1131 1122 '0
1149 1096 1218 1122 κατὰ
1239 1096 1324 1132 μόνην
1341 1096 1390 1131 τὴν
1412 1096 1526 1132 λογικὴν
1545 1097 1678 1133 δύναμιν,
1698 1098 1852 1134 ἐπιθυμίας

1061 1150 1090 1168 τε
1106 1142 1153 1168 καὶ
1171 1141 1256 1178 θυμοῦ
1271 1142 1476 1178 κεχωρισμένην
1493 1144 1631 1178 μυστικῶς
1642 1145 1792 1180 προσάγων
1811 1145 1852 1180 τῷ

1061 1187 1121 1222 Θεῷ
1137 1188 1187 1223 τὴν
1210 1187 1356 1223 λατρείαν,
1374 1186 1451 1221 οὗτος
1472 1189 1519 1216 ἐπὶ
1536 1189 1605 1225 γῆς.
1629 1190 1666 1222 ὡς
1690 1191 1719 1217 ἐν
1741 1191 1852 1226 οὐρανῷ

1061 1232 1115 1258 τῶν
1144 1233 1267 1267 ἀγγέλων
1285 1234 1312 1260 αἱ
1342 1234 1451 1267 τάξεις,
1477 1234 1508 1260 τὸ
1529 1233 1600 1261 οεῐον
1620 1235 1786 1271 πεπλήρωκε
1806 1235 1852 1262 ϐέ-

1061 1277 1150 1312 λημα’
1175 1278 1218 1304 διὰ
1235 1279 1345 1305 πάντων
1366 1280 1423 1310 τοῖς
1454 1279 1581 1314 ἀγγέλοις
1599 1281 1757 1317 ὁμολάτρὴς
1773 1281 1852 1315 γενό-

1063 1331 1143 1357 μενος
1172 1323 1219 1350 καὶ
1246 1324 1418 1358 ὁμοδίαιτος,
1445 1325 1518 1352 καθά
1536 1325 1588 1351 πού
1615 1334 1697 1360 φησιν
1721 1328 1735 1353 ὁ
1763 1327 1852 1361 μέγας

1068 1368 1096 1394 Ἀ
1103 1368 1236 1402 πόστολος,
1259 1369 1352 1403 Ἠμῶν
1365 1369 1399 1396 δὲ
1420 1370 1453 1397 τὸ
1470 1370 1636 1405 πολίτευμα
1652 1371 1686 1398 ἐν
1707 1372 1852 1406 οὐρανοῖς

1061 1413 1208 1448 ὑπάρχει·
1228 1415 1293 1448 παρ’
1311 1411 1352 1446 οἷς
1372 1415 1421 1442 οὐκ
1438 1415 1513 1442 ἐστιν
1535 1416 1679 1452 ἐπιθυμία,
1702 1417 1737 1443 δι’
1751 1417 1852 1452 ἡδονῆς

1061 1459 1124 1490 τοὺς
1155 1460 1264 1495 verpa-3:;
1301 1461 1479 1496 παραλύουσα
1509 1461 1646 1494 τόνους·”
1672 1462 1734 1489 οὗτε
1763 1463 1852 1498 θυμὸς

1061 1504 1184 1538 λυσσῶν,
1211 1507 1258 1532 καὶ
1285 1506 1315 1532 τὸ
1343 1507 1474 1541 συγγενὲς
1498 1508 1627 1543 ἁσέμνως
1649 1508 1851 1535 καθυλακτῶν’

1062 1551 1130 1578 ἀλλὰ
1157 1551 1235 1586 λόγος
1265 1552 1435 1587 μονώτατος,
1475 1553 1541 1589 πρὸς
1567 1554 1612 1580 τὸν
1638 1554 1746 1590 πρῶτον
1771 1555 1853 1590 λόγον

1062 1597 1185 1630 φυσικῶς
1226 1597 1300 1632 ἄγων
1336 1598 1400 1630 τοὺς
1428 1598 1572 1632 λογικούς·
1598 1595 1620 1633 ᾧ
1656 1600 1729 1635 μόνῳ
1759 1601 1852 1636 χαίρει

1063 1641 1141 1674 θεὸς,
1163 1642 1211 1669 καὶ
1228 1644 1293 1678 παρ’
1309 1643 1387 1679 ἡμῶν
1402 1645 1473 1670 adut
1488 1644 1542 1671 τῶν
1559 1644 1642 1671 αὑτοῦ
1659 1644 1771 1672 δούλων.
1794 1647 1852 1673 Καὶ

1063 1690 1143 1717 τοῦτο
1156 1690 1231 1724 δηλοῖ
1249 1690 1317 1725 πρὸς
1333 1691 1378 1717 τὸν
1396 1691 1483 1726 μέγαν
1500 1692 1612 1725 φάσκων
1632 1692 1728 1718 Δασῐδ·
1748 1694 1780 1719 τι
1795 1694 1852 1727 γάρ

1061 1744 1111 1770 μοι
1124 1735 1251 1769 ὑπάρχει
1263 1736 1297 1762 ἐν
1311 1736 1351 1768 τῷ
1367 1736 1494 1770 οὐρανῷ,
1512 1737 1561 1764 καὶ
1575 1737 1655 1771 παρὰ
1670 1738 1729 1764 σοῦ
1742 1740 1771 1765 τί
1784 1739 1853 1772 ἠθέ-

1064 1783 1148 1815 λησα
1163 1781 1211 1808 ἐπὶ
1232 1781 1288 1816 τῆς
1305 1780 1362 1816 τῆς
1375 1790 1387 1814 ;
1420 1783 1552 1818 ’Υπάρχει
1571 1783 1600 1809 δὲ
1621 1783 1658 1818 τῷ
1676 1783 1736 1818 Θεῷ
1756 1784 1786 1810 ἐν
1805 1784 1852 1810 οὺ-

1065 1827 1157 1862 ρανοῖς
1185 1827 1391 1861 προσαγόμενον
1420 1827 1496 1862 παρὰ
1527 1828 1581 1854 τῶν
1606 1828 1691 1862 ἁγίων
1714 1829 1850 1863 ἀγγέλων,

227 1875 280 1902 lcm
294 1875 417 1907 cultum;
432 1883 514 1909 quem
537 1875 625 1909 ipsum
648 1883 661 1901 a
690 1875 769 1902 nobis
793 1875 918 1910 exigens,
941 1877 1013 1902 inter

1067 1870 1135 1905 πλὴν
1146 1871 1194 1905 τῆς
1207 1870 1318 1906 λογικῆς
1331 1870 1458 1907 λατρείας
1472 1872 1548 1899 οὐδέν
1561 1880 1567 1887 ·
1581 1872 1615 1907 ἢν
1631 1873 1677 1900 καὶ
1690 1875 1758 1908 παρ’
1772 1874 1851 1909 ἡμῶν

227 1921 361 1948 orandutn
381 1920 473 1948 dicere
487 1921 581 1948 docuit
594 1930 600 1948 :
615 1920 674 1948 Fiat
686 1921 808 1948 voluntas
821 1926 877 1954 tua,
906 1922 971 1948 sicut
985 1922 1012 1948 in

1067 1916 1211 1951 ἐπιζητῶν,
1230 1917 1466 1953 προσευχομένους
1490 1917 1579 1951 λέγειν
1609 1918 1713 1952 ἐδίδαξε
1726 1927 1733 1934 ·
1755 1921 1851 1954 Γενη-

227 1967 300 2000 cwlo,
310 1971 334 1994 et
346 1969 373 1994 in
388 1971 471 1994 terra.

262 2053 445 2089 lgiturnostra
458 2061 568 2088 quoque
583 2053 617 2081 ad
631 2054 716 2081 Deum
731 2053 928 2089 inquirendum
941 2055 1012 2083 ratio

227 2105 379 2132 moveatur,
393 2100 488 2134 visque
505 2100 663 2134 cupiditatis
675 2099 814 2127 desiderio
825 2101 853 2127 in
877 2108 940 2128 eum
966 2108 1013 2128 ra—

227 2145 336 2180 piatur;
356 2146 403 2172 irze
414 2145 532 2180 denique
561 2146 687 2178 facultas,
710 2147 770 2182 ejus
795 2147 1014 2174 conservationis

227 2192 325 2218 ardore
342 2199 431 2226 pugna
453 2192 606 2219 concitetur
621 2201 628 2219 :
642 2193 694 2225 vel,
711 2197 741 2220 ut
756 2193 850 2220 verius
875 2200 907 2220 ac
927 2193 1015 2228 magis

228 2239 338 2271 proprie
349 2237 456 2271 loquar,
466 2244 542 2263 meus
550 2241 606 2264 tota
618 2237 645 2264 in
656 2238 740 2264 Deum
753 2237 922 2270 intendatur,
931 2245 1013 2273 quam

230 2289 294 2310 tono
312 2282 429 2317 quodatu
444 2282 567 2310 iracundi
578 2291 668 2310 mores
685 2283 877 2316 corroborant,
892 2291 1013 2311 summa-

227 2336 280 2362 que
295 2327 426 2354 desiderii
441 2328 466 2354 vi
477 2328 594 2362 cupidus
605 2335 682 2355 amor
698 2327 840 2356 accendat.
868 2328 913 2356 Sic
939 2329 1013 2356 enim

227 2374 386 2409 angelorum
404 2373 431 2400 in
446 2366 516 2401 coelo
528 2373 689 2406 imitatione,
701 2373 749 2401 Dei
763 2381 813 2408 per
825 2374 916 2402 omnia
926 2375 1014 2402 culto-

228 2427 271 2447 res
285 2419 536 2454 inveniemur;qui
552 2419 682 2446 nimirum
699 2419 825 2446 eamdem
841 2427 903 2446 cum
932 2427 1015 2455 ange-

227 2466 261 2493 lis
277 2466 340 2493 vita:
353 2466 486 2492 rationem
504 2465 532 2492 in
549 2469 620 2492 terra
644 2465 838 2498 exhibeamus;
853 2465 894 2493 sic
916 2472 1014 2500 nempe

1063 1961 1141 1995 οήτω
1153 1962 1186 1988 τὸ
1201 1962 1314 1997 θέλημὰ
1329 1971 1398 1995 σου,
1422 1964 1461 1995 ὡς
1473 1964 1509 1990 ἐν
1521 1964 1646 1999 οὐρανῷ,
1661 1965 1711 1992 καί
1732 1966 1784 1993 ἐπὶ
1798 1966 1851 2001 τῆς

1062 2015 1129 2041 γης-

1099 2051 1204 2080 υῦκοῦν
1228 2053 1357 2081 κινείσθω
1379 2054 1426 2081 καὶ
1449 2054 1528 2090 ἡμῶν
1546 2054 1615 2090 πρὸς
1639 2055 1690 2088 τὴν
1713 2054 1761 2082 τοῦ
1781 2056 1851 2082 Θεοῦ

1063 2098 1177 2134 ζήτησιν
1194 2100 1209 2126 ὁ
1234 2100 1331 2134 λόγος,
1357 2101 1425 2135 πρός
1443 2109 1472 2127 τε
1494 2101 1539 2127 τὸν
1558 2100 1640 2128 αὑτοῦ
1659 2100 1741 2128 πόθον
1757 2103 1774 2137 ἡ
1791 2103 1850 2129 κατ’

1064 2143 1211 2178 ἐπιθυμίαν
1227 2144 1358 2179 δύναμις,
1384 2146 1432 2171 καὶ
1460 2146 1528 2180 πρὸς
1548 2146 1596 2181 τὴν
1621 2146 1703 2172 αὑτοῦ
1724 2147 1849 2183 φυλακὴν

1064 2190 1240 2224 ἁγωνιζέσοω
1267 2191 1298 2217 τὸ
1325 2191 1460 2226 θυμικόν·
1495 2191 1597 2226 μᾶλλον
1627 2192 1655 2218 δὲ
1681 2192 1850 2229 κυριώτερον

1064 2235 1162 2266 εἰπεῖν,
1180 2235 1194 2260 ὀ
1213 2235 1262 2270 μὲν
1279 2235 1343 2266 νοῦς
1358 2235 1484 2263 τετάσθω
1499 2237 1553 2268 πᾶς
1569 2236 1638 2272 πρὸς
1657 2236 1723 2263 Θεὸν
1736 2245 1743 2252 ·
1769 2239 1851 2264 οἱονεὶ

1063 2280 1134 2315 τόνῳ
1159 2281 1212 2307 τινὶ
1241 2281 1280 2316 τῷ
1308 2281 1418 2316 ϐυμικῷ
1451 2283 1545 2318 τρόπῳ
1574 2275 1775 2318 νευρούμενος,
1804 2285 1851 2311 καὶ

1065 2325 1140 2361 πόθῳ
1159 2327 1191 2361 τῇ
1208 2327 1269 2352 κατ’
1289 2326 1373 2362 ἄκρον
1398 2326 1491 2361 ἐφέσει
1511 2327 1560 2362 τῆς
1581 2327 1729 2362 ἐπιθυμίας
1749 2329 1849 2363 πυρού-

1067 2380 1156 2406 μενος,
1176 2371 1253 2398 Οὕτω
1266 2371 1321 2408 γὰρ
1338 2371 1402 2403 τοὺς
1420 2372 1482 2398 κατ’
1505 2372 1620 2407 οὐρανὸν
1655 2373 1789 2407 ἀγγέλους
1805 2383 1850 2409 μι-

1067 2417 1207 2454 μούμενοι,
1223 2417 1263 2453 τῷ
1278 2418 1339 2453 Θεῷ
1356 2418 1400 2445 διὰ
1417 2418 1526 2445 πάντων
1545 2419 1722 2454 λατρεύοντες
1737 2420 1850 2456 stipech

1066 2464 1186 2499 σὸμεοα·
1215 2463 1264 2499 τὴν
1292 2463 1377 2500 αὐτὴν
1407 2465 1464 2496 τοῖς
1507 2464 1636 2498 ἀγγέλοις
1661 2465 1708 2492 ἐπὶ
1732 2465 1783 2500 τῆς
1799 2466 1850 2500 γῆς

227 2511 386 2545 comparati,
399 2515 428 2538 ut
443 2510 557 2546 perinde
574 2517 605 2538 ac
622 2510 671 2542 illi,
691 2510 798 2537 innulla
811 2517 917 2543 eorum,
929 2518 1013 2545 quzea

1067 2509 1205 2536 πολιτείαν
1233 2510 1467 2545 ἐπιδεικνύμενοι·
1500 2511 1568 2546 πρὸς
1592 2510 1669 2538 οὐδὲν
1698 2511 1753 2538 τῶν
1782 2513 1851 2546 μετὰ

228 2556 283 2584 Deo
296 2556 416 2584 secunda
431 2560 505 2588 sunt,
518 2556 609 2582 animo
620 2564 733 2590 prorsus
749 2563 918 2583 moveamur.
934 2555 1013 2583 Acci-

1067 2555 1132 2582 Θεὸν
1161 2555 1227 2587 [τως
1249 2555 1364 2587 ἐκείνοις
1387 2554 1495 2590 ἔχοντες
1517 2555 1563 2582 τὸν
1581 2555 1644 2583 νοῦν
1665 2555 1695 2582 τὸ
1721 2557 1849 2591 παράπαν

229 2601 335 2635 piemus
348 2601 422 2628 enim
435 2609 470 2628 ex
482 2605 608 2629 votorum
626 2601 742 2633 ratione,
768 2601 807 2629 sic
828 2601 912 2629 vitam
933 2601 1013 2629 insti-

1067 2600 1247 2637 κινούμενον..
1261 2601 1400 2636 Δεξόμεθα
1425 2601 1480 2636 γὰρ
1498 2600 1557 2627 κατ’
1580 2600 1663 2636 εὐχὰς
1688 2599 1759 2627 οὕτω
1777 2603 1847 2628 πολι-

229 2649 348 2678 tuentes,
363 2645 438 2672 velut
454 2653 563 2680 panem,
576 2645 712 2672 ἐπιούσιον
724 2646 900 2681 vitalemquc,
920 2647 947 2673 in
962 2647 1013 2673 ali-

1067 2647 1220 2682 τευόμενοι,
1241 2646 1368 2683 καθάπερ
1386 2647 1468 2682 ἄρτον
1489 2647 1626 2674 ἐπιούσιον
1649 2655 1680 2673 τε
1707 2646 1754 2673 καὶ
1774 2646 1849 2678 ζωτι-

229 2691 349 2722 ιηοιιίοιη
363 2690 517 2718 animarum
528 2694 697 2723 nostrarum,
715 2695 743 2718 et
755 2696 785 2718 ut
803 2696 898 2727 vegeta
929 2692 1013 2719 bene-

1067 2692 1113 2718 κδν
1135 2692 1176 2724 είς
1191 2691 1350 2730 ἁποτροφὴν
1364 2692 1419 2720 τῶν
1443 2692 1588 2729 ἡμετέρων
1602 2692 1708 2728 ψυχῶν,
1725 2693 1773 2719 καὶ
1790 2700 1847 2719 συν-

265 2769 286 2786 ³¹
301 2769 323 2796 ll
338 2768 402 2798 Cor.
417 2776 463 2801 vu,
476 2767 502 2795 l.
540 2767 574 2783 ³⁵⁵
586 2767 705 2802 Philipp.
719 2776 758 2800 Ill,
772 2767 815 2795 20.
854 2769 876 2786 ³³
890 2769 960 2796 Psal.
980 2776 1060 2802 van,
1075 2767 1119 2796 25.

265 2850 273 2860 '
290 2847 352 2881 llaec
369 2846 490 2876 breviter
508 2846 637 2875 deﬂorata
654 2847 681 2873 in
696 2851 799 2874 catena.
843 2851 853 2861 ’
