1948 3077
260 143 296 173 39
827 139 856 169 S.
877 140 1019 170 MAXIMI
1041 139 1292 169 CONFESSORIS
1321 178 1332 187 _

1819 138 1866 171 θυι)

239 204 300 223 rqu
314 195 451 223 desiderio
477 199 634 227 teneantur,
665 195 796 227 induxit;
820 203 874 229 quo
898 195 1018 222 nimirnn

1082 195 1124 221 ἵνα
1145 195 1199 220 τῶν
1220 194 1297 228 φύσει
1323 193 1449 229 ζητητῶν
1468 193 1511 219 διὰ
1542 193 1697 227 προσευχῆς
1720 193 1771 227 τὴν
1791 193 1864 227 χάριν

238 249 333 268 eorum
343 248 402 275 qua:
418 240 552 267 orationis
569 240 701 267 instantia
717 245 815 267 natura
832 241 949 275 petenda
961 245 1025 267 sunt

236 287 351 321 gratiam
365 287 502 317 sanciens,
515 285 669 320 petentium
690 287 824 317 animum,
847 286 933 321 ipsius
957 294 1026 320 plm-

238 331 328 357 bentis
349 330 452 357 donum
472 331 608 357 voluntati
640 331 761 366 copulet,
785 330 902 359 atl‘ectus
922 331 1025 359 unione

237 382 321 402 unum
335 383 398 401 cum
414 376 473 409 ipso
487 375 628 403 eﬂ‘eetum.

275 421 323 448 Sin
336 425 428 448 autem
442 422 526 448 etiam
543 430 641 456 panem
659 416 863 457 quotidianum,
884 430 939 457 quo
957 431 1026 458 pra:-

235 475 299 494 SCIIS
313 466 370 493 vita
391 470 486 493 nostra
515 471 687 494 sustentatur
710 475 741 494 3C
761 473 953 499 conservatur,
977 475 1027 502 ρον

235 512 387 539 orationem
400 516 494 546 petere
509 513 649 547 jubemur,
668 521 702 540 ne
729 514 864 540 orationis
894 513 1027 540 terminos

234 557 315 592 360
331 557 529 591 trausiliamus,
542 559 642 585 multas
657 558 738 586 nobis
767 567 904 586 annorum
932 559 1024 593 perio-

234 603 284 630 dos
298 611 380 629 avaro
395 603 486 629 animo
502 608 699 638 proponentes,
729 612 760 631 ac
788 604 865 631 obliti
893 611 944 631 nos
965 611 1025 630 esse

235 649 378 687 mortales,
394 649 508 683 ejusque
522 649 632 684 generis
645 649 701 676 vita
721 650 862 684 pneditos,
878 656 940 683 qua:
965 656 1027 674 um—

234 693 290 720 brae
304 693 391 720 instar
405 698 539 726 transeat;
554 693 601 720 sed
615 702 713 728 panem
736 694 783 728 qui
798 694 824 720 in
851 693 925 719 diem
951 692 1027 719 suill-

235 738 290 766 ciat
307 739 382 765 nulla
394 739 580 766 sollicitudine
593 739 698 767 orando
710 739 865 774 ﬂagitemus
878 747 885 771 ;
903 739 1025 772 talesque

234 792 286 811 nos
304 793 338 812 ex
364 785 528 812 Christianae
551 784 734 819 philosophia:
764 792 861 811 norma
889 783 1024 811 exhibea-

235 839 307 863 ntus,
332 832 378 864 qui
402 831 606 858 vitam.tnortis
635 831 844 858 meditationem
878 831 1023 863 faciamus,

1077 239 1253 275 ἐπικυρώσας
1265 259 1272 271 ,
1290 239 1340 273 τὴν
1356 239 1410 265 τῶν
1434 239 1581 265 αἰτούντων
1604 238 1717 273 γνώμην
1729 259 1736 270 ,
1759 238 1799 272 τῷ
1822 239 1863 264 τοῦ

1079 285 1267 320 παρεχομένου
1279 285 1328 319 τὴν
1336 286 1415 321 χάριν
1427 285 1533 321 συνάψῃ
1544 285 1687 320 θελήματι,
1699 284 1732 311 δι’
1747 285 1864 316 ἑνώσεως

1077 331 1209 366 σχετικῆς
1223 332 1307 358 ταυτὺ
1324 331 1491 367 ποιουμένην

1112 419 1144 445 Ei.
1168 418 1197 445 δὲ
1223 418 1272 445 καὶ
1297 418 1341 445 τὸν
1369 419 1508 454 ἐφήμερον
1526 419 1563 453 (ο)
1592 419 1686 453 ἄρτον,
1707 417 1730 453 ᾧ
1747 428 1867 455 συγκρα-

1077 464 1183 490 τεῖσθαι
1211 465 1331 498 πέφυκεν
1354 464 1465 499 ήμῶνὴ
1487 465 1613 498 παροῦσα
1633 465 1700 500 ζωὴ,
1717 465 1762 492 διὰ
1787 475 1866 501 προσ-

1077 510 1160 544 ευχῆς
1173 511 1259 536 αἰτεῖν
1274 510 1453 545 κελευόμεθα.
1467 510 1503 545 μὴ
1517 511 1696 545 παρέλθωμεν
1709 511 1773 543 τοὺς
1789 512 1865 547 ὄρους

1077 555 1128 589 τῆς
1145 556 1316 590 προσευχῆς,
1345 555 1444 586 πολλὰς
1461 555 1530 581 ἐτῶν
1554 556 1694 591 περιόδους
1712 557 1866 584 πλεονεκτι-

1078 600 1134 631 κῶς
1152 600 1394 635 περισκοποῦντες,
1408 601 1453 627 καὶ
1466 601 1593 636 λάθωμεν
1607 601 1682 633 ὄντες
1699 602 1805 638 θνητοὶ,
1823 604 1867 630 καὶ

1078 647 1157 677 σκιᾶς
1176 646 1254 680 δίκην
1277 646 1328 681 τὴν
1346 646 1418 681 ζωὴν
1436 647 1640 681 παροδεύουσαν
1653 648 1761 683 ἔχοντες
1777 658 1784 664 ·
1801 649 1867 675 ἀλλᾶ

1077 691 1122 718 τὴν
1137 692 1203 725 πρὺς
1220 692 1328 727 ἡμέραν
1346 693 1571 728 ἀπεριμερίμνως
1586 693 1629 720 διὰ
1647 694 1697 729 τῆς
1713 697 1866 731 προσευχῆς

1077 738 1233 772 αίτήσωμεν
1252 738 1350 773 ἄρτον·
1363 740 1410 765 καὶ
1421 739 1553 774 δείξωμεν
1571 740 1612 766 ὅτι
1628 740 1782 775 φιλοσόφως
1799 743 1866 768 κατὰ

1076 784 1195 819 Χριστὸν
1214 785 1329 821 μελέτην
1346 785 1462 812 θανάτου
1487 786 1531 812 τὸν
1557 786 1616 821 βίον
1639 786 1808 821 ποιούμεθα,
1833 790 1865 823 τῇ

1077 830 1174 867 γνώμῃ
1190 830 1336 864 φθάνοντες
1351 831 1401 867 τὴν
1414 831 1504 866 φύσιν,
1523 831 1571 858 καὶ
1587 833 1652 867 πρὶν
1667 833 1813 868 ἐπιστῆναι
1823 834 1866 860 τὸν

233 877 325 904 animo
339 877 493 912 mentisque
520 878 657 905 sententia
686 881 856 911 occupantes
879 881 1021 909 naturam;

1079 863 1210 908 θάνατον,
1234 877 1283 911 τῆς
1300 877 1354 904 τῶν
1377 863 1542 912 σωματικῶν
1565 863 1700 914 μερίμνης
1781 879 1866 914 ςυχὴν

233 930 265 950 ac
280 923 439 958 priusquam
457 930 530 949 mors
547 923 684 954 adveniat,
705 930 720 948 a
734 922 808 948 curis
833 922 1026 956 corporalibus

233 968 355 995 animum
370 968 571 999 abscindentcs,
584 976 618 994 ne
633 968 677 994 illc
693 967 776 994 rebus
801 975 861 1001 quae
887 968 1026 995 intereunt

233 1013 406 1045 inhaarescat,
426 1013 560 1040 naturalis
575 1020 654 1040 usum
671 1012 831 1046 cupiditatis
851 1017 1024 1039 terrenarum

233 1059 371 1086 desiderio
410 1062 600 1090 commutans;
631 1057 830 1091 avaritiamque
863 1055 1022 1087 condiscat,

232 1113 286 1139 qua
312 1104 468 1131 divinorum
483 1104 561 1130 nobis
574 1103 708 1131 bonorum
727 1102 866 1130 atiluentia
886 1102 1022 1129 dematur.

269 1156 417 1191 Fugiamus
445 1163 521 1190 ergo,
551 1160 653 1190 quanta
676 1155 756 1182 nobis
784 1153 907 1185 facultas,
932 1161 1024 1181 rerum

234 1202 408 1230 tcrrc'narum
422 1209 555 1234 amorem,
569 1209 719 1235 carumque
737 1201 930 1235 procliviorem
958 1199 1024 1226 ail‘e-

232 1253 307 1275 etum
321 1247 407 1274 instar
424 1246 546 1281 pulveris
559 1246 593 1273 ab
605 1246 689 1273 animi
709 1247 797 1273 oculis
811 1246 1001 1280 abstergamus
1014 1253 1021 1278 ;

231 1297 315 1327 atque
327 1293 361 1320 iis
371 1292 435 1319 solis
448 1292 570 1321 contenti
584 1292 681 1323 simus,
697 1299 758 1326 qum
777 1296 941 1326 prmsentem
956 1299 1021 1318 sus-

235 1342 343 1365 tentant
368 1338 462 1369 vitam,
479 1345 533 1364 non
545 1337 648 1371 quibus
676 1337 721 1363 illa
737 1337 771 1363 ad
789 1337 925 1364 luxuriata
949 1336 1023 1363 dele-

232 1387 339 1416 ctatur;
350 1391 401 1418 pro
410 1383 556 1418 ejusmodi,
571 1383 608 1409 ita
618 1387 647 1409 ut
660 1382 732 1409 docti
747 1390 851 1415 sumus,
861 1383 946 1410 Deum
962 1391 1023 1411 ore—

232 1436 304 1460 mus,
320 1435 375 1462 quo
391 1427 508 1454 liberum
522 1427 620 1461 suique
631 1427 744 1454 omnino
759 1428 839 1462 juris,
857 1428 924 1455 nulli
943 1436 1022 1463 pror-

231 1482 279 1502 sus
294 1475 333 1501 rei
353 1473 516 1508 aspcctabili
532 1474 656 1507 corporis
669 1473 822 1500 sollieitiori
836 1481 902 1501 cura
924 1474 1020 1502 devin-

232 1525 306 1547 ctum
321 1527 352 1546 ac
366 1519 562 1553 mancipatum,
576 1518 698 1545 animum
723 1526 834 1546 servare
856 1519 993 1553 possimus
1011 1529 1018 1547 :
1032 1530 1054 1559 ο

232 1564 437 1600 prodanturque
451 1571 484 1590 eo
500 1563 583 1591 edere
596 1568 627 1590 ut
640 1563 774 1595 vivamus,
789 1571 844 1590 non
858 1567 888 1590 ut
904 1564 1020 1590 edamus

231 1609 323 1636 vivere
338 1616 484 1643 arguamur
503 1617 509 1635 :
525 1608 642 1635 alterum
656 1615 774 1642 namque
785 1608 846 1643 ejus
861 1612 967 1635 natura:
979 1611 1022 1635 est

231 1659 314 1690 atque
325 1655 377 1686 vis,
389 1662 449 1689 quae
464 1654 571 1682 ratione
582 1654 703 1689 regitur;
716 1654 834 1681 alterum
845 1654 905 1689 ejus
915 1653 1022 1688 perspi-

231 1710 282 1729 cue
295 1701 437 1737 proprium
449 1705 501 1734 est,
511 1708 571 1735 qua:
581 1700 688 1727 nullum
698 1698 813 1726 rationis
826 1702 956 1733 agnoscat
971 1698 1022 1724 im—

230 1748 347 1784 perium.
356 1747 502 1782 Simusque
509 1746 643 1774 orationis
651 1745 796 1781 diligentes
805 1744 944 1777 custodes,
955 1744 1022 1779 ipsis

231 1793 379 1829 prodentes
387 1793 527 1829 operibus,
537 1799 620 1820 unam
632 1799 683 1819 nos
692 1799 724 1819 ac
735 1791 820 1819 solam
835 1791 1022 1818 tenaciusam-

231 1839 313 1874 plecti
324 1839 418 1871 vitam,
445 1846 505 1874 qua:
527 1838 676 1873 invspiritu
691 1837 800 1872 agitur;
822 1837 929 1872 hacque
950 1836 1021 1864 adeo

231 1885 298 1921 (vita
318 1885 433 1920 scilicet)
449 1884 555 1919 azvique
569 1884 661 1919 hujus,
676 1883 729 1916 uti,
743 1888 775 1910 ut
793 1883 867 1910 illam
879 1890 1021 1917 compare-

230 1938 292 1957 mus
303 1939 310 1963 ;
323 1931 402 1966 cujus
413 1930 510 1964 gratia,
525 1929 600 1956 illius
617 1929 753 1956 hactenus
768 1928 930 1955 adamaluus
955 1936 1021 1955 usu-

231 1984 300 2008 ram,
317 1981 347 2003 ut
358 1975 417 2002 SOiO
429 1982 489 2002 eam
501 1982 571 2009 pane
587 1979 742 2002 sustentare
766 1981 823 2000 Ῐ1011
847 1980 1018 2005 recusemus,

230 2023 258 2046 et
273 2023 303 2045 ut
317 2019 403 2054 ipsius
420 2018 534 2046 illaesam
555 2018 754 2050 valetudinem.
780 2022 913 2052 quantum
938 2018 1021 2045 licue-

230 2065 268 2091 rit
278 2072 434 2097 servemus;
444 2072 500 2091 non
518 2069 548 2091 ut
558 2065 693 2096 vivamus,
705 2063 752 2091 sed
768 2068 798 2090 ut
810 2064 866 2091 Deo
876 2064 1018 2097 vivamus;

228 2118 331 2145 corpus
341 2110 484 2142 nimirum,
503 2110 614 2137 virtutis
635 2109 722 2144 probe
735 2109 889 2137 rationibus
907 2109 1018 2136 institu-

230 2161 299 2189 tum,
316 2157 413 2183 animae
427 2156 556 2183 nuntium
583 2156 746 2189 (allicientes;
765 2157 940 2191 animamque
969 2156 1020 2183 bo-

1077 921 1298 956 ἀποτέμνοντες·
1318 922 1361 949 ἵνα
1386 923 1423 958 μὴ
1448 923 1612 959 προσηλωθῇ
1636 926 1693 955 τοῖς
1719 925 1865 960 φθειρομέ-

1077 976 1143 1000 νοις,
1157 968 1299 1003 ἀμείψασα
1317 969 1385 1004 πρὸς
1400 969 1448 1004 τὴν
1468 969 1535 1004 ὕλην
1551 970 1601 1005 τὴν
1619 971 1718 1006 χρῆσιν
1732 972 1783 1006 τῆς
1797 972 1866 998 κατὰ

1077 1013 1158 1047 φύσιν
1176 1015 1306 1048 ἐφέσεως,
1323 1015 1371 1041 καὶ
1397 1015 1470 1051 μάθῃ
1486 1016 1644 1050 πλεονεξίαν
1655 1017 1704 1052 τῆς
1718 1016 1773 1044 τῶν
1787 1017 1865 1044 θείων

1076 1059 1187 1094 ἀγαθῶν
1202 1061 1360 1096 περιουσίας
1383 1063 1558 1098 στερητικήν.

1111 1148 1244 1182 Φύγωμεν
1257 1146 1313 1180 οὖν,
1333 1148 1382 1184 ὅση
1400 1148 1525 1184 δύναμις,
1539 1149 1589 1185 τὴν
1610 1151 1701 1185 φιλίαν
1721 1151 1771 1185 τῆς
1787 1151 1862 1186 ὖλης,

1077 1193 1124 1220 καὶ
1135 1193 1185 1230 τὴν
1200 1193 1286 1228 αὐτῆς
1299 1194 1392 1229 σχέσιν
1406 1195 1530 1231 καθάπερ
1543 1197 1681 1232 κονιορτὸν
1693 1197 1749 1223 τῶν
1763 1198 1862 1233 νοερῶν

1074 1240 1207 1275 ὀμμάτων
1234 1239 1450 1276 άπονιψώμεθα·
1485 1241 1534 1268 καὶ
1565 1243 1656 1277 μόνοις
1684 1243 1862 1280 ἀρκεσθῶμεν

1073 1287 1131 1318 τοῖς
1145 1285 1317 1318 συνιστῶσιν,
1340 1287 1408 1313 ἀλλὰ
1424 1287 1462 1322 μὴ
1475 1289 1533 1319 τοῖς
1556 1288 1697 1323 ὴδόνουσιν
1719 1289 1800 1325 ἡμῶν
1814 1290 1861 1326 τὴν

1074 1330 1214 1365 παροῦσαν
1230 1329 1318 1366 ζωήν·
1340 1332 1388 1357 καὶ
1406 1331 1478 1367 ὑπὲρ
1496 1333 1587 1360 αὐτῶν
1603 1334 1648 1361 τὸν
1660 1334 1738 1366 Θεὸν,
1756 1335 1794 1366 ὡς
1810 1335 1861 1362 ἐδι-

1073 1376 1229 1411 δάχθημεν,
1256 1377 1437 1414 ἀξιώσωμεν,
1466 1380 1509 1406 ἵνα
1535 1380 1693 1416 δυνηθῶμεν
1709 1381 1860 1409 ἀδούλωτον

1073 1421 1189 1456 φυλάξαι
1206 1422 1254 1458 τὴν
1278 1423 1368 1459 ψυχὴν
1380 1444 1387 1456 ,
1413 1425 1509 1460 μηδενὶ
1526 1425 1581 1452 τῶν
1604 1427 1751 1462 ὁρωμένων
1767 1428 1813 1455 διὰ
1831 1428 1862 1455 τδ

1073 1467 1153 1503 σῶμα
1174 1469 1313 1501 παντελῶς
1328 1471 1535 1507 κρατουμένην·
1561 1474 1610 1499 καὶ
1634 1473 1680 1500 τοῦ
1695 1473 1745 1510 ζῇν
1768 1475 1862 1502 ἕνεκεν

1072 1515 1223 1550 δειχθῶμεν
1242 1516 1396 1550 ἐσθίοντες,
1424 1518 1492 1545 ἀλλὰ
1515 1519 1552 1554 μὴ
1581 1519 1628 1546 τοῦ
1652 1521 1753 1548 ἐσθίειν
1781 1522 1861 1558 χάριν

1073 1560 1176 1593 ζῶντες
1191 1561 1375 1598 ἐλεγχθῶμεν.
1396 1564 1432 1590 To
1451 1565 1500 1600 μὲν
1515 1565 1570 1600 γὰρ
1583 1565 1707 1601 λογικῆς,
1721 1567 1753 1593 τὸ
1769 1567 1798 1594 δὲ
1813 1568 1862 1603 τῆς

1073 1605 1172 1639 ἀλόγου
1189 1607 1284 1641 σαφῶς
1301 1608 1365 1635 ἴδιον
1390 1609 1544 1646 καθέστηκε
1565 1611 1682 1646 φύσεως.
1705 1613 1761 1639 Καὶ
1774 1613 1861 1647 φύλα-

1073 1658 1120 1681 κες
1143 1647 1220 1685 ὦμεν
1239 1651 1289 1686 τῆς
1308 1655 1462 1689 προσευχῆς
1481 1655 1605 1689 ἀκριϐεῖς
1617 1676 1624 1688 ,
1643 1658 1678 1683 δι’
1691 1658 1783 1685 αὐτῶν
1804 1659 1861 1686 δει-

1072 1696 1201 1732 κνύμενοι
1213 1697 1270 1724 τῶν
1283 1699 1466 1734 πραγμάτων,
1482 1700 1522 1727 ὅτι
1538 1702 1604 1736 μιᾶς
1617 1703 1664 1729 καὶ
1677 1703 1762 1738 μόνης
1776 1704 1862 1739 ἀπρὶξ

1072 1741 1241 1778 ἀντεχόμεθα
1255 1743 1307 1779 τῆς
1330 1745 1359 1771 ἐν
1381 1746 1519 1781 πνεύματι
1541 1747 1634 1783 ζωῆς,
1661 1748 1708 1775 καὶ
1727 1749 1796 1785 πρὸς
1812 1751 1861 1786 τὴν

1071 1787 1157 1823 αὐτὴν
1173 1789 1270 1824 κτῆσιν
1284 1790 1334 1825 τῆς
1354 1791 1496 1827 παρούσης
1512 1792 1613 1828 [marg].
1636 1793 1709 1829 ζωῆς
1720 1795 1860 1832 δηλονότι]

1072 1833 1121 1869 τὴν
1140 1834 1237 1870 χρῆσιν
1252 1835 1405 1872 ποιούμεθα
1418 1845 1425 1850 ·
1442 1838 1477 1864 δι’
1498 1838 1532 1873 ἢν
1546 1839 1674 1867 τοσοῦτον
1695 1840 1745 1876 τὴν
1759 1841 1862 1876 ταύτης

1072 1879 1223 1924 στέργομεν
1245 1882 1353 1917 χρῆσιν,
1376 1883 1438 1910 ὅσον
1457 1884 1532 1920 ἄρτῳ
1546 1885 1649 1921 ταύτην
1667 1887 1741 1921 μόνῳ
1764 1889 1860 1924 στηρί-

1071 1923 1129 1956 ζειν
1158 1925 1196 1961 μὴ
1227 1927 1442 1963 παραιτεῖσθαι,
1468 1930 1517 1957 καὶ
1548 1931 1597 1967 τὴν
1621 1931 1707 1966 αὐτῆς
1741 1933 1861 1969 φυσικὴν

1071 1969 1176 2002 εὐεξίαν
1203 1971 1347 2005 φυλάττειν
1375 1973 1437 2000 ὅσον
1463 1975 1493 2001 τὸ
1517 1975 1560 2010 ἐφ’
1587 1977 1653 2012 ἡμῖν
1678 1977 1860 2015 ἀδιάφθορον·

1071 2016 1121 2051 οὐχ
1135 2017 1178 2043 ἵνα
1201 2017 1292 2052 ζῶμεν
1302 2039 1309 2052 ,
1331 2019 1389 2045 ἀλλ’
1403 2020 1447 2047 ἵνα
1465 2020 1524 2056 Θεῷ
1541 2021 1634 2058 ζῶμεν
1645 2031 1652 2039 ·
1669 2023 1761 2060 ψυχῆς
1776 2025 1860 2059 ἄγγε-

1070 2060 1116 2088 λον
1129 2062 1159 2088 τὸ
1172 2062 1252 2097 σῶμα
1265 2064 1449 2097 καθιστῶντες
1460 2065 1653 2102 λελογισμένον
1663 2070 1724 2101 ταῖς
1736 2070 1860 2105 ἀρεταῖς,

1071 2106 1117 2133 καὶ
1131 2107 1232 2143 ταύτην
1243 2109 1310 2135 Θεοῦ
1325 2110 1436 2145 κήρυκα
1452 2112 1592 2145 ποιοῦντες
1605 2115 1638 2149 τῇ
1654 2115 1718 2150 περὶ
1732 2115 1765 2142 τὺ
1778 2116 1861 2143 καλὴν

1071 2154 1215 2189 παγιότητι
1238 2156 1452 2192 πεποιωμένην·
1470 2157 1518 2184 καὶ
1541 2159 1635 2186 τοῦτον
1659 2161 1708 2195 μιᾷ
1734 2162 1860 2196 φυσικῶς

229 2203 300 2230 nesti
318 2202 471 2230 constantia
487 2202 629 2235 imbutam,
643 2202 692 2229 Dei
709 2209 862 2237 prateonem
886 2207 1015 2237 praestan-

1076 2199 1162 2235 ἡμέρᾳ
1190 2200 1391 2236 περικλεῖοντες
1413 2202 1458 2228 τὸν
1480 2203 1583 2239 ἄρτον·
1609 2193 1678 2240 ὑπὲρ
1695 2193 1792 2234 αὑτοῦ
1821 2209 1859 2244 μὴ

231 2251 292 2275 tes:
307 2251 388 2282 atque
405 2247 479 2274 hunc
497 2247 579 2273 unico
594 2246 639 2274 die
653 2254 753 2281 panem
779 2251 879 2274 natura
907 2247 1019 2274 conclu-

228 2293 345 2325 dentes;
360 2293 431 2328 ejus,
451 2292 498 2327 qui
513 2292 667 2319 orationem
693 2292 807 2319 tradidit
832 2292 939 2327 pudore
968 2292 1018 2320 de-

189 2337 191 2340 ’
230 2337 330 2369 territi,
343 2345 377 2364 ne
395 2336 423 2363 in
435 2337 552 2363 alterum
569 2336 641 2364 diem
664 2337 894 2371 supplicationem
923 2341 1019 2364 exten-

228 2382 335 2410 damus.
350 2383 395 2409 Sie
408 2382 481 2409 enim
491 2382 593 2417 reipsa,
612 2390 662 2416 pro
676 2390 709 2410 eo
720 2390 752 2410 ac
772 2382 907 2409 orationis
929 2382 1019 2409 virtus

228 2428 313 2463 exigit
336 2436 386 2455 nos
413 2428 488 2462 ipsos
519 2427 709 2462 disponendo,
740 2428 773 2455 ad
786 2427 906 2462 reliquas
934 2428 1018 2455 etiam

229 2473 302 2500 clare
323 2474 476 2501 sententias
514 2473 609 2500 licebit
627 2474 789 2508 procedere,
820 2478 850 2500 ut
865 2473 991 2500 dicamus
1008 2481 1016 2500 :

263 2519 342 2553 361
361 2519 395 2546 Et
413 2519 513 2546 dimitte
530 2519 602 2546 nobis
619 2519 706 2546 debita
723 2523 831 2552 nostra,
846 2519 912 2546 sicut
928 2523 952 2545 et
970 2527 1017 2546 ηοε

229 2564 382 2591 dimittimus
398 2565 554 2592 debitoribus
569 2565 676 2592 nostris.

263 2609 315 2643 Qui
335 2610 411 2645 juxta
433 2611 553 2645 priorem
575 2611 724 2645 superioris
744 2610 888 2638 sententia:
904 2618 1014 2638 sensum

264 2697 300 2733 (ο)
315 2699 369 2725 Kal
386 2699 439 2725 τὸν
460 2698 618 2733 ἐφήμερον.
650 2699 743 2727 Altera
759 2699 904 2734 expositio,
922 2703 954 2726 ut
979 2699 1014 2726 sit

229 2733 312 2769 etiam
334 2734 432 2768 petitio
455 2735 545 2769 panis,
560 2742 614 2769 quo
639 2733 809 2762 sustentatur
832 2735 1014 2769 corporaliter

226 2768 281 2804 vita
299 2769 439 2802 mortalis;
454 2768 501 2796 Sed
514 2769 551 2796 ita
567 2769 710 2802 duntaxat,
726 2775 756 2796 ut
770 2769 805 2796 sit
823 2768 989 2804 quotidianus
1005 2778 1014 2803 ;

227 2803 254 2829 id
265 2806 325 2840 _est,
340 2807 439 2840 utnos
445 2804 602 2840 nontrahat
610 2804 636 2831 in
648 2803 863 2840 longartempo’ra
869 2805 929 2840 ejus
935 2812 1012 2836 cura,

225 2837 273 2866 sed
286 2838 410 2872 quotidie
423 2838 470 2867 illo
480 2838 563 2867 obvio
579 2837 812 2873 contenti‘simus‘,
833 2837 1012 2874 qui'mortem

1069 2245 1222 2281 τολμῶντες
1245 2247 1285 2278 εἰς
1304 2247 1433 2283 δευτέραν
1450 2249 1557 2284 ἡμέραν
1569 2250 1614 2277 διὰ
1629 2251 1674 2278 τὺν
1692 2252 1797 2288 δοτῆρα
1808 2255 1860 2289 τῆς

1070 2293 1225 2328 προσευχῆς
1251 2293 1407 2320 ἐπεκτεῖναι
1431 2294 1482 2330 τὴν
1505 2295 1608 2330 δέησιν.
1640 2297 1717 2324 Οὖτω
1744 2299 1802 2334 γὰρ
1827 2299 1861 2326 ἄν

1070 2337 1271 2373 πραγματικῶς
1297 2339 1370 2366 κατὰ
1397 2339 1446 2374 τὴν
1476 2339 1590 2375 δύναμιν
1617 2335 1669 2377 τῆς
1701 2345 1862 2380 προσευχῆς

1069 2384 1182 2415 ἑαυτοὺς
1197 2385 1346 2417 διαθέντες,
1356 2385 1537 2422 δυνηθείημεν
1552 2387 1600 2414 καὶ
1613 2389 1671 2420 τοῖς
1685 2389 1863 2425 λειπομένοις

1070 2430 1196 2466 καθαρῶς
1210 2431 1362 2466 προσϐῆναι
1377 2432 1480 2466 ῥητοῖς,
1496 2433 1662 2467 φάσκοντες·
1799 2442 1804 2445 λ

1104 2517 1160 2546 Καὶ
1178 2517 1253 2552 ἄφες
1272 2517 1344 2552 ἡμῖν
1367 2518 1403 2544 τὰ
1417 2519 1604 2554 ὀφειλήματα
1620 2520 1718 2555 ἡμῶν,
1744 2522 1786 2555 ὡς
1811 2523 1863 2550 καὶ

1069 2563 1156 2598 ἡμεῖς
1169 2564 1294 2597 ἀφίεμεν
1309 2563 1371 2596 τοῖς
1386 2563 1554 2597 ὀφειλέταις
1568 2564 1662 2599 ἡμῶν.

1110 2609 1139 2636 '0
1153 2609 1224 2636 κατὰ
1240 2608 1290 2635 τὴν
1317 2608 1429 2645 πρώτην
1449 2610 1500 2645 τῆς
1513 2610 1560 2636 τοῦ
1576 2611 1759 2646 προλαὸόντος
1773 2613 1863 2649 ῥητοῦ

1066 2698 1168 2734 iugiter
1181 2698 1358 2742 medi_t_emu_r.
1372 2698 1435 2742 ‘Cat,
1457 2700 1591 2742 mendose
1607 2701 1863 2742 adjectapegativa

1068 2733 1179 2771 Sensum
1196 2734 1306 2769 penitus
1322 2733 1449 2767 destruit,
1463 2743 1501 2771 iac
1512 2737 1592 2770 quasi
1617 2733 1698 2771 neget
1712 2733 1861 2769 Maximus,

1067 2769 1150 2807 etiam
1163 2776 1227 2807 eum
1242 2777 1353 2807 panem,
1368 2777 1400 2797 ea
1408 2769 1598 2807 moderatione
1611 2776 1640 2798 et
1656 2769 1839 2807 philosophia
1850 2792 1858 2803 ,

1110 2804 1236 2866 oqatione
1252 2805 1401 2839 petendum
1414 2813 1421 2832 :
1435 2805 1509 2840 quod
1525 2813 1606 2834 nemo
1621 2804 1704 2834 sanus
1720 2804 1807 2838 dicat,
1827 2814 1859 2834 ac

1100 2846 1132 2866 eo
1144 2846 1220 2866 onus.

1068 2843 1220 2874 theologus.
