1948 3077
79 155 128 188 9ε)ι

578 155 781 186 ΕΧΡΟΞίΤΙΟ
798 155 1005 185 ORATIONIS
1021 157 1227 187 DOMINICE.
1258 140 1261 142 ‘

1652 162 1706 193 902

79 211 195 247 θεωρίας
219 211 360 248 ἑπιεοῖην,
375 215 445 239 κατὰ
464 213 508 239 τὸν
524 212 610 239 αἰῶνα
625 212 729 243 τοῦτον,
745 210 775 239 ob
791 212 861 246 σύμ-

915 220 946 239 ac
965 213 1178 248 exposittonem,
1197 215 1224 241 in
1247 215 1346 242 stcculo
1368 215 1434 247 hoc,
1454 216 1532 252 cujus
1551 218 1704 253 symbolum

77 257 156 284 δολον
170 255 240 284 εἶναι
255 258 285 284 τὸ
301 259 420 294 σήμερον
436 258 552 293 ἔταμεν,
568 259 613 284 τὶν
629 258 767 294 ἄφθαρτον
784 258 866 293 ἄρτον

77 306 126 339 τῆς
145 304 249 338 σοφίας,
273 303 304 331 οὗ
322 304 461 339 καταρχὰς
478 304 635 339 διετείχισεν
657 305 760 339 ἡμᾶςὴ
778 304 866 339 παρά-

77 349 167 382 ϐασις,
180 350 224 377 διὰ
240 351 393 385 προσευχῆς
409 350 556 385 ἐπιζητῶν,
572 349 619 377 ἅτε
636 350 667 385 δὴ
690 350 755 385 μίαν
769 350 866 386 ἡδονὴν

78 396 259 430 ἐπιστάμενος
275 395 323 430 τὴν
337 395 391 421 τῶν
404 394 485 421 θείων
500 395 654 430 ἐπιτυχίαν,
669 393 702 431 ἦς
720 395 802 429 δοτὴρ
816 395 865 430 μὲν

77 441 148 468 κατὰ
164 442 244 475 φύσιν
264 441 338 468 ἐστὶν
353 442 366 468 6
381 441 445 473 Θεύς
459 449 465 456 ·
484 440 572 476 φύλαξ
586 441 614 467 δὲ
636 441 706 467 κατὰ
725 441 835 475 θέλησιν
848 442 865 476 ἡ

77 487 124 513 τοῦ
150 486 278 518 λαὸόντος
299 487 478 522 προαίρεσις·
501 486 547 512 καὶ
575 486 638 521 μίαν
661 486 758 520 ὀδύνην
776 486 864 518 εἰδὼς,

76 533 125 568 τὴν
146 532 250 559 τούτων
277 533 444 568 ἀποτυχίαν,
472 529 506 568 ἦς
527 532 678 563 ὑποϐολεὺς
695 533 745 567 μέν
763 533 837 558 ἐστιν
851 533 865 559 6

76 578 197 610 διάϐολος
209 588 215 593 ·
229 578 379 614 αὐτουργὸς
393 578 430 610 δὲ,
444 579 499 610 πᾶς
511 579 525 604 6
539 578 593 605 τῶν
607 578 686 604 θείων
706 578 739 604 δι’
756 577 864 604 ἀτονίαν

75 624 189 659 γνώμης
201 624 426 659 ἀποκαμνόμενος
438 623 447 660 [
457 623 519 651 Ven.
530 629 553 651 et
564 623 608 651 Fr.
621 624 863 660 ἀποκναιόμενος]-

78 670 116 705 μὴ
134 670 275 703 φυλάττων
297 669 326 696 τὸ
341 669 431 704 τίμιον
446 669 558 705 γνώμης
579 669 697 696 διαθέσει
715 671 865 705 στεργόμε-

75 724 139 742 νον·
162 715 231 750 πρὸς
253 715 329 741 οὐδὲν
351 714 420 750 ἔχων
438 714 493 741 τῶν
520 714 666 750 ὁρωμένων
681 714 817 749 ῥέπουσαν
835 714 863 740 τὸ

76 761 188 788 σύνολον
201 760 251 796 τὴν
266 760 426 795 προαίρεσιν
439 780 446 793 ,
467 761 516 786 καὶ
537 759 581 785 διὰ
605 758 685 785 τοῦτο
699 760 754 790 τοῖς
771 767 864 793 σωμα-

74 807 160 838 τικῶς
185 806 260 841 αὐτῷ
283 805 463 841 συμϐαίνουσι
491 805 623 840 λυπηροῖς
650 805 698 839 οὐχ
723 805 864 839 ὑπαγόμε-

77 860 120 883 νος
132 851 170 887 (6)
182 859 189 866 ·
206 847 282 882 οὗτος
304 851 341 882 ὡς
362 849 470 886 ἀληθῶς
481 870 488 882 ,
505 850 618 881 anuos;
634 850 729 885 ἀφίησι
747 851 801 881 τοῖς
823 851 863 881 εἰς

73 897 157 926 αὑτὸν
175 896 377 935 ἁμαρτάνουσιν
390 905 397 913 '
417 896 458 925 ὅτι
475 895 541 933 μηδὲ
556 895 586 922 τὸ
603 896 663 924 κατ’
681 895 774 931 ἕξεσιν
787 895 860 930 αὐτῷ

75 944 297 979 σπουδαζόμενον
316 945 428 971 δύναταί
442 953 483 975 τις
499 944 529 970 τὸ
551 943 681 979 παράπαν
705 942 861 978 χειροῦσθαι

75 990 161 1017 καλὸν
173 1011 180 1023 ,
209 990 346 1017 ἀνάλωτον
372 989 444 1016 κατὰ
461 989 542 1024 φύσιν
565 989 697 1024 ὑπάρχειν
714 996 862 1014 πεπιστευ-

78 1038 169 1070 μένον.
193 1037 249 1063 Καὶ
263 1036 302 1072 τῷ
316 1036 375 1071 Θεῷ
399 1036 559 1070 καθίστησιν
582 1035 678 1061 ἑαυτὸν
698 1035 798 1070 ἀρετῆς
820 1034 863 1067 ἐξ·

78 1081 251 1117 εμπλὰριον,
281 1083 305 1107 εἰ
328 1081 408 1107 τοῦτο
426 1080 504 1115 θέμις
525 1081 628 1109 εἰπεῖν,
654 1080 722 1115 πρὸς
746 1080 862 1115 μίμησιν

78 1127 176 1154 ἑαυτοῦ
193 1127 239 1153 τὸν
254 1127 391 1162 ἀμίμητον
414 1127 501 1153 ἐλθεῖν
515 1127 740 1162 ἐγκελευόμενος,
764 1126 860 1157 λέγων’

77 1175 171 1207 Ἄφες
183 1172 256 1208 ’ἡμῖν
269 1173 304 1199 τὰ
328 1172 510 1207 ὀφειλήματα
531 1171 616 1206 ἡμῶν
628 1192 635 1204 ,
657 1172 696 1204 ὡς
710 1171 759 1197 καὶ
778 1171 863 1206 ἡμεῖς

74 1219 205 1253 ἀφίεμεν
229 1219 291 1251 τοῖς
310 1218 477 1252 ὀφειλέταις
495 1218 597 1252 ἡδιιῶν⁸
626 1218 674 1244 καὶ
702 1216 757 1248 οἷος
781 1218 863 1248 αὐτὸς

75 1262 173 1297 γέγονε
185 1262 241 1293 τοῖς
255 1262 350 1293 πέλας,
367 1259 395 1287 οἵ
406 1261 532 1296 γενέσθαι
547 1262 715 1297 παρακαλῶν
730 1262 774 1288 τὸν
785 1261 860 1288 Θεὸν.

75 1308 109 1334 Et
123 1308 180 1344 γὰρ
192 1308 229 1339 ὡς
243 1307 324 1339 αὐτὸς
333 1308 422 1342 ἁιρῆκε
436 1307 471 1334 τὰ
481 1307 652 1342 ὀφειλήματα
663 1309 718 1339 τοῖς
732 1308 770 1338 si;
783 1308 863 1334 αὺτὺν

75 1355 270 1390 ἡμαρτηκόσι,
300 1353 426 1388 βούλεται
459 1354 506 1380 καὶ
532 1352 607 1388 αὑτῴ
629 1353 762 1388 ἀφεθῆναι
789 1352 864 1388 παρὰ

74 1399 145 1427 Θεοῦ
157 1420 164 1432 ,
182 1399 304 1435 δηλονότι
327 1398 422 1434 ὥσπερ
436 1399 449 1425 6
468 1398 534 1430 Θεὸς
559 1398 671 1429 ἀπαθῶς
690 1398 802 1433 ἀφίησιν
824 1395 864 1430 οἷς

75 1445 191 1479 ἀφίησιν
202 1464 209 1475 ,
223 1443 310 1475 οὓτως
331 1444 378 1470 καὶ
393 1443 472 1475 αὐτὸς
493 1443 601 1478 ἀπαθὴς
615 1444 661 1470 ἐπὶ
674 1445 730 1474 τοῖς
746 1443 864 1478 συμϐαί-

75 1499 154 1517 νουσι
180 1490 325 1526 διαμένων,
349 1491 446 1525 ἀφίησι
474 1491 530 1521 τοῖς
566 1490 798 1525 πλημμελήσασι·
828 1489 865 1525 μὴ

844 895 860 910 τι
879 883 899 910 Β

915 265 976 285 esse
989 259 1108 286 diximus
1120 259 1283 287 ltodiertttttn
1298 261 1380 292 diem,
1395 261 1582 297 incorruptum
1598 265 1706 298 sapien-

916 304 960 330 tia:
977 311 1090 338 panem.
1109 312 1124 331 a
1140 313 1195 339 qtto
1213 313 1262 332 nos
1279 306 1360 340 primi
1379 308 1508 342 temporis
1527 311 1705 344 transgressio

916 349 1045 381 exclusit,
1061 350 1194 377 orationis
1209 352 1336 386 suﬂragio
1353 352 1468 386 inquirit
1481 353 1522 388 (λι
1534 355 1579 388 qui
1596 356 1704 383 unicam

916 393 988 421 hanc
1004 394 1171 429 voluptatem
1189 396 1309 428 noverit,
1324 405 1383 431 qum
1399 398 1554 425 divinorum
1574 407 1705 428 consecu-

915 439 989 466 tione
1009 440 1154 472 consistit;
1174 441 1253 476 cttjus
1268 442 1379 476 quidem
1397 442 1493 470 dandae
1512 444 1583 471 Deus
1601 445 1704 472 arbiter

914 488 1012 511 natura
1025 485 1149 517 exsistit;
1165 491 1258 514 custos
1272 492 1364 514 autem
1380 488 1468 515 libero
1481 489 1629 516 voluntatis
1642 498 1704 525 pro-

914 530 1021 563 posito,
1043 530 1100 564 ipse
1125 536 1186 563 est,
1208 533 1255 567 qui
1279 534 1384 567 accepit
1409 543 1415 560 :
1440 534 1567 569 huncqtte
1592 536 1702 562 unicum

914 575 1038 602 dolorettt
1065 576 1214 611 intelligat,
1235 578 1307 612 quod
1334 583 1376 606 est
1399 579 1432 605 iis
1455 579 1597 612 frustrari;
1625 581 1703 615 cujus

914 619 1006 647 damni
1021 627 1164 661 suggestor
1177 623 1286 657 quidem
1302 624 1428 651 diabolus
1443 630 1499 657 est;
1516 630 1613 652 auctor
1625 634 1701 658 vero,

913 666 1040 701 quisquis
1059 675 1107 701 per
1125 668 1208 695 attitni
1228 669 1378 704 ignaviam,
1396 678 1428 697 ac
1448 671 1591 697 mollitiem
1611 671 1704 698 divina

914 712 1097 738 cottsectando
1117 712 1230 748 fatiscit)
1252 714 1278 740 id
1298 715 1472 747 custodietis,
1489 716 1624 750 enixeque
1643 723 1703 743 δίει-ο

913 764 990 789 vaus,
1004 757 1076 792 quod
1092 758 1176 784 anitni
1193 759 1294 786 all‘ectu
1309 760 1501 787 charissimum
1518 762 1608 796 ducit;
1625 763 1704 797 cujus

913 803 1041 830 voluntas
1058 804 1125 830 nulli
1144 812 1272 839 prorsus,
1290 805 1322 832 iis
1339 813 1372 832 ex
1390 806 1471 834 rebus
1487 815 1547 841 quae
1564 808 1590 834 itt
1608 808 1703 836 oculos

914 849 1071 887 incurrunt,
1084 850 1233 885 proclivior
1246 851 1362 884 haereat;
1376 852 1478 887 quique
1492 853 1562 880 adeo
1578 854 1614 881 ita
1628 862 1703 882 com-

913 888 1025 930 paratus
1045 896 1090 929 sit,
1108 902 1138 923 ut
1159 896 1260 931 quibus
1279 905 1380 931 corpus
1401 898 1524 926 molestis
1543 898 1670 932 adicitur,
1687 909 1702 928 a

912 941 980 969 recti
996 943 1104 969 tramite
1117 942 1230 969 minime
1244 942 1410 975 abducatur;
1427 943 1450 969 is
1464 943 1542 977 plane
1557 945 1702 979 tranquillo

913 987 1015 1020 anittto,
1033 987 1169 1022 nullisque
1189 993 1350 1022 exasperato
1370 988 1525 1021 affectibus,
1544 989 1588 1022 iis,
1605 990 1651 1024 qui
1674 990 1702 1017 in

913 1032 1001 1067 ipsum
1023 1037 1152 1068 peccant,
1171 1033 1302 1066 dimittit;
1323 1033 1396 1068 quod
1417 1041 1530 1069 nempe,
1549 1035 1622 1069 quod
1645 1035 1702 1069 ipse

913 1077 1015 1105 donum
1044 1079 1183 1106 desiderio
1213 1079 1296 1111 colit,
1323 1087 1404 1106 nemo
1431 1087 1544 1114 prorsus
1575 1080 1702 1115 subigere

913 1124 1009 1159 possit,
1026 1128 1131 1151 tatttuttt
1151 1123 1217 1151 illud
1238 1132 1269 1151 ac
1287 1124 1349 1155 tale,
1366 1128 1395 1151 ut
1411 1124 1470 1159 ejus
1487 1125 1598 1151 omnino
1617 1126 1704 1153 robur

915 1174 1012 1195 ttatura
1030 1169 1241 1203 inexpugnabile
1253 1168 1436 1196 existimetur.
1447 1169 1517 1202 Quin
1534 1178 1563 1197 se
1578 1170 1634 1205 ipse
1647 1171 1706 1198 Deo

915 1214 1000 1249 (absit
1017 1214 1101 1240 verbo
1120 1214 1232 1248 invidia)
1250 1214 1361 1241 virtutis
1377 1215 1522 1242 constituit
1536 1216 1703 1250 exemplum,

914 1259 948 1286 ad
961 1260 1002 1286 sui
1019 1259 1198 1287 imitationem
1221 1268 1295 1293 eum,
1305 1260 1352 1295 qui
1366 1261 1438 1287 omtti
1452 1262 1538 1296 major
1550 1261 1705 1290 imitatione

914 1310 967 1337 est,
985 1306 1060 1333 hisce
1077 1306 1170 1333 verbis
1188 1307 1366 1341 compellans,
1380 1307 1510 1342 velutque
1528 1308 1677 1335 adhortans
1694 1317 1705 1335 :

914 1351 1024 1378 Dimitte
1045 1351 1116 1378 nobis
1134 1352 1219 1378 debita
1238 1356 1344 1385 nostra,
1361 1353 1427 1379 sicut
1444 1357 1468 1379 ct
1486 1361 1532 1380 nos
1548 1353 1704 1381 dimittimus

915 1396 1070 1424 debitoribus
1084 1398 1194 1429 nostris;
1211 1397 1291 1424 talem
1307 1398 1456 1425 obsecrans
1469 1398 1521 1425 sibi
1536 1399 1593 1425 fore
1606 1399 1702 1432 Deum,

916 1442 1006 1476 qualis
1030 1442 1088 1477 ipse
1109 1443 1243 1477 proximis
1261 1443 1322 1470 fuit.
1339 1443 1406 1471 Nam
1427 1444 1450 1470 si
1469 1451 1501 1471 ea
1520 1444 1637 1477 ratione,
1650 1453 1706 1480 qua

917 1487 975 1522 ipse
994 1489 1020 1514 in
1037 1496 1099 1515 cum
1116 1489 1295 1523 peccantibus
1306 1489 1420 1521 dimisit,
1434 1490 1518 1516 Dcum
1531 1497 1640 1524 quoque
1653 1490 1706 1524 ipsi

75 1537 227 1572 συγχωρῶν
243 1537 337 1571 μνήμῃ
353 1535 413 1572 [Fr.
431 1535 553 1571 μνήμην]
568 1535 621 1562 τινὶ
642 1535 694 1561 τῶν
706 1535 863 1570 φθασάντων

917 1533 1056 1560 dimittere
1084 1534 1177 1568 cupit;
1205 1534 1285 1568 plane
1313 1535 1384 1561 sicut
1406 1535 1478 1562 Deus
1504 1535 1606 1570 absque
1629 1535 1705 1562 omni

74 1582 207 1618 λυπηρῶν
229 1581 378 1608 τυποῦσθαι
403 1582 449 1608 τὸν
471 1582 553 1615 νοῦν,
576 1582 619 1608 ῐνα
640 1582 678 1617 μὴ
700 1581 807 1617 τέμνων
830 1582 864 1616 τῇ

74 1627 177 1662 γνώμῃ
198 1626 247 1662 τὴν
265 1627 344 1662 φύσιν
360 1628 515 1663 ἐλέγχηται,
532 1628 600 1663 πρός
617 1635 677 1653 τινα
692 1627 746 1653 τῶν
761 1625 865 1660 ἀνθρώ-

76 1682 138 1699 πων
157 1673 317 1706 διεστηκὼς,
337 1673 478 1706 ἄνθρωπος
498 1672 546 1699 ὢν.
570 1672 651 1705 Οὕτω
675 1671 729 1706 γὰρ
752 1671 784 1697 ἂν
800 1671 865 1697 ἐνω-

76 1717 174 1750 θείςης
201 1719 251 1750 τῆς
272 1716 384 1751 γνώμης
411 1716 449 1751 τῷ
475 1717 548 1750 λόγῳ
577 1717 626 1751 τῆς
644 1715 762 1750 φύσεως,
784 1716 865 1752 ήτοῦ

76 1761 147 1788 Θεοῦ
175 1761 242 1796 προς
258 1761 306 1796 τὴν
321 1761 400 1796 φύσιν
415 1761 572 1796 καταλλαγὴ
595 1762 716 1795 γίνεσθαι
735 1763 865 1797 πέφυκεν,

76 1808 120 1833 ὅτι
156 1808 224 1844 μήτε
241 1807 353 1835 δυνατὸν
375 1808 475 1844 ἑτέρως
498 1807 569 1835 κατὰ
590 1808 639 1844 τὴν
661 1808 774 1845 γνώμην
797 1809 866 1843 πρὸς

76 1855 179 1889 ἑαυτὴν
198 1855 397 1886 στασιάζουσαν
411 1855 460 1890 τὴν
479 1854 571 1889 φύσιν,
588 1855 638 1890 τὴν
654 1855 731 1881 θείαν
757 1855 803 1882 καὶ
819 1855 866 1882 ἀν-

76 1900 227 1933 εκλὰλητον
252 1900 433 1932 ὑποδέξασθαι
468 1900 684 1934 συγκατάὸασιν.
702 1901 864 1936 Καὶντυχδν

75 1946 121 1972 διὰ
139 1946 219 1972 τοῦτο
241 1947 372 1982 πρότερον
395 1947 467 1981 ἡμᾶς
485 1946 609 1981 βούλεται
626 1947 675 1978 τὰς
699 1948 765 1982 πρὸς
783 1947 864 1983 ὰ).λὴ-

75 1993 141 2024 λους
163 1992 297 2018 ποιεῖσθαι
322 1992 496 2026 καταλλαγὰς
515 1993 528 2019 6
547 1993 630 2026 Θεὸς,
657 1994 705 2028 οὐχ
730 1994 772 2020 ἵνα
800 1995 863 2030 παρ’

74 2037 157 2073 ἡμῶν
175 2037 248 2073 μάθῃ
273 2038 505 2065 καταλλάττεσθαι
528 2039 583 2070 τοῖς
603 2039 801 2074 ἁμαρτάνουσι,
817 2040 865 2066 καὶ

74 2083 132 2109 τῶν
158 2083 263 2109 πολλῶν
282 2085 434 2118 συγχωρεῖν
461 2084 508 2111 καὶ
534 2084 657 2121 φοϐερῶν
684 2085 864 2120 ἐγκλημάτων

73 2129 126 2165 τὴν
140 2128 256 2161 ἔκτισιν,
269 2129 327 2156 ἀλλ’
342 2129 385 2155 ἵνα
400 2130 472 2164 ἡμᾶς
487 2130 594 2166 καθάρῃ
608 2131 713 2163 παθῶν,
730 2131 777 2158 καὶ
790 2132 864 2168 δείξῃ

74 2175 281 2211 συμϐαίνουσαν
295 2176 330 2210 τῇ
354 2176 445 2210 σχέσει
465 2177 515 2211 τῆς
532 2176 641 2211 χάριτος
665 2176 713 2211 τὴν
731 2176 786 2202 τῶν
800 2185 865 2210 συγ-

74 2220 261 2255 χωρουμένων
276 2220 395 2246 διάθεσιν
408 2220 457 2255 (7).
480 2220 576 2254 Σαφῶς
599 2221 626 2247 δὲ
651 2221 804 2256 καθέστηκε
818 2222 863 2257 δῆ-
881 2215 902 2242 D

73 2266 130 2297 λον,
144 2267 187 2292 ὅτι
199 2267 247 2301 τῆς
259 2265 371 2301 γνώμης
387 2266 534 2300 ἐνωθείσης
549 2265 586 2301 τῷ
600 2266 671 2301 λόγῳ
682 2268 730 2302 τῆς
745 2267 863 2301 φύσεως,

74 2312 259 2343 ἀστασίαστος
286 2312 364 2338 ἔσται
392 2311 460 2346 πρὸς
482 2312 528 2338 τὸν
555 2312 622 2339 Θεὸν
654 2314 674 2347 ἡ
711 2313 764 2339 τῶν
786 2313 866 2340 τοῦτο

73 2357 300 2392 κατωρθωκότων
331 2358 511 2393 προαίρεσις”
542 2358 622 2394 εἴπερ
648 2358 724 2385 οὐδὲν
744 2360 865 2394 πέφυκεν

74 2403 270 2439 ἐνθεωρεῖσοαι
286 2403 442 2438 παράλογον
465 2403 504 2438 τῷ
528 2404 601 2439 λόγῳ
619 2405 668 2439 τῆς
687 2404 793 2438 φύσεως
806 2427 813 2438 ,
836 2405 865 2437 ὃς

74 2450 122 2476 καὶ
138 2449 223 2484 νόμος
242 2449 302 2475 ἐστὶ
317 2449 431 2483 φυσικὰς
454 2458 484 2475 τε
507 2451 554 2476 καὶ
572 2450 642 2482 θεῖος
657 2450 706 2485 (8),
723 2451 787 2477 ὅταν
803 2451 864 2478 καθ’

74 2496 172 2523 ἑαυτὸν
188 2495 388 2531 ἐνεργουμένην
402 2495 474 2533 λάϐῃ
488 2497 536 2532 τῆς
552 2495 666 2532 γνώμης
681 2497 731 2533 τὴν
747 2498 864 2533 κίνησιν.

75 2543 106 2569 Εἰ
121 2542 150 2568 te
168 2542 324 2576 παράλογον
345 2541 421 2568 οὐδέν
444 2542 518 2568 ἐστιν
534 2543 563 2569 ὲν
589 2542 627 2577 τῷ
655 2542 727 2578 λόγῳ
749 2544 799 2578 τῆς
814 2542 865 2576 φύ-

78 2596 155 2619 σεως,
180 2587 293 2618 εἰκότως
309 2587 325 2622 ή
345 2586 441 2622 γνώμη
460 2587 530 2613 κατὰ
549 2587 594 2613 τὸν
613 2587 691 2621 λόγον
715 2588 862 2623 κινουμένη

73 2634 122 2668 τῆς
139 2633 260 2667 φῦσεως,
278 2632 481 2667 συμϐαίνουσαν
495 2632 550 2664 ἕξει
572 2632 616 2659 διὰ
630 2633 739 2660 πάντων
753 2634 791 2668 τῷ
805 2633 864 2668 Θεῴ

74 2681 123 2714 τὴν
139 2678 282 2713 ἐνέργειαν
297 2686 303 2693 ·
322 2678 384 2712 ἥτις
399 2678 457 2704 ἐστὶ
474 2676 536 2713 [Fr.
553 2679 615 2713 ἥτις
635 2677 728 2714 ἔσται]
744 2678 864 2709 διάθεσις

76 2724 248 2759 ἕμπρακτος,
259 2725 295 2759 τῇ
309 2724 402 2759 χάριτι
417 2723 464 2750 τοῦ
478 2724 557 2759 φύσει
574 2724 657 2750 καλοῦ
678 2724 746 2759 πρὶς
762 2725 864 2760 ἀρετῆς

77 2770 183 2803 γένεσιν
200 2770 390 2805 πεποιωμένη.

917 1579 1126 1612 perturbatione
1150 1578 1281 1611 dimittit,
1304 1579 1405 1613 quibus
1429 1579 1560 1611 dimittit,
1581 1580 1622 1607 sic
1647 1580 1705 1615 ipse

917 1631 1026 1658 quoque
1040 1623 1066 1650 in
1081 1624 1114 1651 iis
1126 1632 1186 1659 qum
1199 1625 1337 1657 accidunt,
1351 1625 1568 1659 imperturbatus
1587 1634 1619 1653 ac
1633 1631 1709 1653 tran-

916 1669 1007 1704 quillae
1026 1669 1125 1696 utentis
1143 1678 1267 1703 manens,
1284 1671 1357 1705 quod
1373 1670 1494 1698 oﬂensus
1511 1675 1562 1703 est,
1579 1671 1706 1705 dimittit,

917 1713 1002 1739 nullis
1019 1721 1114 1739 eorum
1128 1721 1188 1748 qua:
1203 1714 1292 1741 tristia
1308 1715 1336 1741 in
1351 1723 1414 1742 eum
1432 1721 1630 1750 praecesserunt
1644 1717 1705 1743 ani-

916 1765 990 1784 mum
1013 1758 1152 1785 informari
1173 1759 1282 1792 sincns,
1298 1760 1459 1795 nequando,
1477 1761 1524 1795 qui
1545 1761 1602 1796 ipse
1622 1761 1708 1788 homo

915 1804 961 1836 sit,
973 1805 1015 1832 vel
1030 1805 1064 1831 ab
1078 1813 1132 1832 uno
1145 1805 1236 1840 aliquo
1252 1806 1392 1833 hominum
1407 1807 1552 1839 dissidens,
1564 1807 1707 1834 voluntate

916 1850 1055 1885 animique
1073 1851 1210 1878 sententia
1229 1856 1354 1879 naturam
1371 1851 1498 1879 scindere
1515 1852 1705 1879 convincatur.

915 1895 961 1922 Sic
980 1904 1098 1930 namque
1117 1896 1257 1923 voluntate
1278 1904 1340 1923 cum
1365 1901 1471 1923 natura:
1490 1897 1596 1923 ratione
1617 1897 1705 1930 unita,

916 1946 1114 1976 comparatum,
1129 1947 1159 1969 ut
1175 1942 1223 1969 Dei
1241 1949 1303 1969 cum
1320 1946 1419 1968 natura
1433 1942 1621 1969 reconciliatio
1636 1950 1706 1977 prae-

916 1997 1014 2020 stetur.
1029 1993 1137 2028 Alioqui
1152 1994 1225 2021 enim
1242 1994 1354 2021 minime
1372 1993 1431 2021 ﬁeri
1448 1998 1552 2029 potest,
1567 1999 1597 2021 ut
1611 1994 1658 2021 Dei
1675 2001 1704 2022 se

915 2039 1011 2072 nobis,
1036 2039 1119 2074 inque
1145 2039 1256 2066 modum
1278 2045 1402 2066 nostrum
1427 2039 1600 2071 inclinantis,
1622 2039 1708 2066 nullis

916 2086 1011 2113 verbis
1034 2086 1226 2120 explicabilem
1249 2086 1328 2121 362
1352 2085 1538 2120 dignationem
1562 2085 1705 2120 suscipiat.

916 2131 1000 2165 quue
1021 2131 1135 2158 forsitan
1162 2132 1188 2158 in
1212 2139 1294 2158 causa
1319 2132 1370 2164 sit,
1384 2139 1433 2159 cur
1456 2139 1504 2158 nos
1528 2131 1602 2165 ipsos
1620 2131 1706 2162 Deus,

916 2176 995 2210 prius
1009 2176 1078 2203 alios
1093 2177 1153 2204 aliis
1169 2177 1342 2205 reconciliari
1356 2177 1434 2210 velit,
1449 2185 1480 2204 ac
1495 2185 1556 2212 qua:
1571 2177 1642 2204 inter
1654 2184 1708 2203 nos

917 2221 1071 2249 simultates
1085 2222 1187 2257 vigent,
1201 2223 1314 2250 omnino
1328 2231 1506 2258 componere,
1516 2231 1570 2250 non
1585 2227 1615 2250 ut
1627 2223 1705 2258 quasi

916 2267 1004 2295 nostri
1022 2268 1154 2303 prceludio
1170 2268 1227 2304 ipse
1242 2269 1433 2304 peccatoribus
1450 2269 1621 2297 reconciliari
1640 2277 1707 2296 cou-

916 2312 1014 2345 discat,
1024 2314 1228 2348 multorumque
1237 2321 1269 2341 ac
1278 2314 1437 2341 immanium
1449 2315 1583 2341 scelerum
1596 2321 1706 2348 pmnam

916 2357 1089 2390 condonare;
1104 2357 1150 2384 sed
1167 2362 1196 2384 ttt
1210 2366 1260 2385 nos
1275 2366 1289 2385 a
1306 2359 1564 2393 perturbationibus
1575 2358 1706 2393 vitiisque

916 2403 1058 2434 emundet,
1075 2411 1237 2438 eorumque,
1252 2404 1353 2438 quibus
1367 2404 1446 2430 venia
1464 2404 1631 2438 indulgetur,
1646 2405 1708 2431 ani-

917 2458 991 2477 mum
1009 2449 1080 2477 haud
1095 2449 1245 2476 abhorrere
1258 2457 1273 2476 a
1288 2449 1492 2477 necessitudine
1506 2449 1599 2484 gratiae
1613 2454 1708 2476 osten-

917 2495 974 2522 dat.
988 2495 1079 2522 Palam
1098 2495 1171 2522 enim
1190 2495 1365 2529 perspicuum
1381 2499 1435 2527 est,
1450 2495 1590 2522 voluntate
1607 2495 1707 2521 animi-

917 2549 975 2577 que.
993 2541 1129 2568 sententia
1150 2549 1212 2569 cum
1233 2546 1339 2568 natum
1367 2541 1474 2568 ratione
1497 2541 1583 2572 unita,
1601 2540 1659 2567 fore
1675 2545 1707 2566 ut

917 2593 1021 2628 quibus
1038 2593 1065 2620 id
1082 2593 1192 2620 demum
1210 2593 1355 2628 obtigerit,
1374 2592 1441 2619 nihil
1461 2600 1475 2619 a
1493 2592 1549 2619 Deo
1565 2592 1708 2618 voluntate

917 2637 1073 2672 animisque
1089 2637 1256 2670 dissideant;
1273 2637 1374 2672 quippe
1389 2645 1451 2664 eum
1468 2636 1537 2663 nihil
1552 2636 1708 2663 abhorrens

917 2691 933 2710 ο
956 2683 1063 2710 ratione
1084 2688 1167 2718 atque
1187 2684 1323 2711 absonum
1345 2683 1371 2710 in
1394 2687 1499 2710 natura:
1519 2683 1576 2716 ipsa
1599 2681 1708 2708 ratione

917 2729 1034 2764 intelligi
1049 2733 1146 2763 queat.
1159 2738 1220 2764 quze
1233 2734 1261 2757 et
1274 2730 1316 2756 lex
1335 2729 1467 2756 naturalis
1482 2733 1509 2755 et
1525 2727 1617 2754 divina
1632 2726 1707 2754 exsi—

916 2778 980 2810 stat,
996 2782 1058 2801 cum
1077 2778 1181 2801 motum
1194 2775 1344 2802 voluntatis
1358 2783 1392 2802 ex
1406 2774 1463 2801 suis
1479 2774 1536 2808 ipsa
1551 2772 1707 2800 rationibus

76 2817 245 2850 exercitum,
269 2821 539 2853 consentaneumque
563 2819 711 2853 acceperit.
736 2819 814 2852 Quod
841 2820 863 2848 si
882 2821 952 2848 nihil
985 2821 1139 2849 abhorrens
1151 2829 1166 2849 a
1180 2822 1286 2849 ratione
1299 2826 1380 2856 atque
1404 2821 1543 2849 .absonum
1559 2819 1586 2846 in
1601 2823 1709 2846 natura:

80 2865 184 2893 ratione
201 2863 323 2898 exsistit,
339 2864 439 2892 merito
473 2865 600 2893 voluntas
631 2873 692 2901 quae
708 2872 852 2895 moveatur
869 2871 899 2896 ut
918 2871 1024 2896 naturae
1047 2868 1146 2897 rationi
1169 2873 1358 2904 comparatum
1383 2872 1440 2901 est,
1461 2867 1653 2902 operationem
1678 2866 1706 2893 in

412 2985 437 3006 α
