1948 3077
223 149 313 204 ‘903

840 166 869 196 S.
889 164 1032 195 MAXIM!
1052 164 1119 194 CON
1127 163 1303 193 FESSORIS

1832 162 1890 196 ΒΜ

261 226 389 254 omnibus
419 224 475 251 Deo
489 221 708 250 consentientem
740 219 870 253 habebit;
904 219 1040 246 cflicacem
1074 218 1204 245 nimirum
1231 221 1312 252 atque
1337 217 1475 244 robustam
1503 216 1586 244 animi
1613 216 1804 250 affectionem,
1829 220 1894 254 ejus

261 273 332 309 quod
349 275 445 298 natura
462 271 564 297 bonum
582 274 624 296 est
638 268 724 304 gratia
742 267 889 300 imbutam,
902 267 935 293 ad
953 265 1166 302 progignendam
1180 265 1320 292 virtutem.

296 318 341 345 Sic
357 317 440 352 igitur
456 317 483 342 in
499 315 622 342 oratione
639 315 753 342 aﬂcctus
769 320 821 347 cst,
835 316 881 350 qui
899 315 1049 350 spiritalem

1137 313 1215 340 Οῦτω
1232 314 1281 348 μὲν
1292 311 1349 347 οὖν,
1369 315 1383 340 ὁ
1399 314 1445 340 τὸν
1459 313 1609 348 γνωστικὸν
1630 314 1711 349 ἄρτον
1729 314 1816 340 αἰτῶν
1831 314 1892 342 διὰ·

261 371 293 390 ae
307 362 448 396 sapientia;
460 368 557 396 panem
571 361 656 395 petit;
671 365 735 394 post
746 367 828 395 quem
841 360 922 387 etiam
937 360 991 390 illc.
1003 359 1050 393 qui

261 409 296 435 ob
317 412 424 434 natura:
443 407 498 433 vim
523 407 637 441 ejusque
661 405 825 432 necessitate
857 404 1049 439 quotidianum

261 453 394 480 duntaxat
418 459 516 486 panem
545 450 606 485 (qui
633 450 738 477 scilicet
762 449 790 476 in
816 449 889 476 diem
919 448 1051 483 sulliciat)

261 499 368 534 qumrit,
382 497 519 525 consimili
536 496 617 523 modo
631 495 781 528 allicietur;
798 503 896 530 nempe
910 495 1052 522 dimittens

262 544 436 573 debitoribus
450 543 553 573 debita,
569 547 598 569 ut
613 543 659 577 qui
678 549 706 569 sc
723 546 820 568 natura
837 542 978 568 mortalem
997 547 1051 567 non

262 588 381 623 ncsdat;
397 590 501 624 quique
513 589 568 624 jam
581 588 705 622 quotidie
718 586 790 622 quod
803 591 900 613 natura
912 593 1053 620 compara-

264 640 322 662 tum
343 639 399 666 est,
417 642 473 669 pra:
497 634 558 668 ejus
580 633 701 664 incerto,
720 636 895 666 exspectans,
912 631 1052 658 voluntate

264 686 345 716 atque
355 681 447 708 animo
457 680 605 708 antevertit
613 684 750 712 naturam,
761 682 858 713 sponte
869 679 971 705 mundo
982 687 1054 705 mor-

266 731 340 758 tuus,
353 726 393 753 uti
410 725 504 753 divino
521 733 680 759 expressum
699 725 811 751 oraculo
827 728 889 750 est:
906 723 1017 758 Propter
1029 729 1053 750 te

266 772 456 806 mortiﬁcamur
475 776 528 798 tota
548 771 589 797 die
601 770 639 802 ³⁶;
659 770 782 797 ιεδιὶηιαιί
802 778 892 796 Minius
910 770 976 796 sicut
995 777 1053 796 oves

265 818 400 844 occisionis
412 817 450 849 ³⁷;
466 817 568 851 quique
582 815 651 842 adeo
665 815 752 842 amice
767 815 895 842 omnibus
911 815 1052 842 consocie-

267 869 321 894 tur,
337 871 369 889 ne
384 870 464 897 quam
481 862 563 896 hujus
579 861 672 888 saeculi
690 861 832 895 pravitatis
849 864 940 888 notam
959 869 1053 888 secum

266 909 374 939 inferat,
388 916 449 935 cum
465 907 498 934 ad
516 907 589 934 illam
604 907 671 933 senii
687 910 827 941 expertem
841 906 924 932 vitam
940 906 1054 933 commi-

265 954 398 989 grandum
411 953 480 986 erit;
494 961 641 988 paremque
658 953 720 980 inde
735 953 769 980 ab
782 953 903 980 onmium
914 952 1009 980 Iudice
1022 960 1054 979 ac

266 1001 420 1032 Salvatore,
436 1007 485 1034 pro
503 1007 537 1026 eo
553 999 624 1034 quod
640 998 694 1026 vita
713 999 763 1026 hac
781 999 883 1025 abusus
898 1002 954 1030 est,
967 998 1054 1025 vicem
1072 991 1092 1018 Β

266 1046 392 1080 recipiat.
405 1045 534 1080 Utrisque
550 1052 668 1079 namque
683 1052 715 1070 ex
731 1052 827 1071 eorum
845 1043 1008 1075 rationibus,
1023 1051 1056 1070 ac

267 1092 339 1126 quod
361 1091 498 1119 conducat
520 1090 673 1117 necessaria
695 1093 752 1122 est,
770 1089 871 1116 munda
893 1088 922 1115 in
942 1096 990 1116 eos
1007 1088 1055 1123 qui

268 1137 374 1174 injuriae
382 1137 485 1172 aliquid
496 1135 710 1167 fecerint,animi
720 1135 845 1169 affectio;
859 1143 920 1162 cum
932 1135 1055 1162 omnium

268 1184 363 1219 gratia,
375 1187 431 1210 tum
445 1183 561 1210 maxime
576 1182 611 1209 ob
624 1182 790 1217 reliquarum
807 1181 833 1208 in
846 1181 978 1209 orationis
991 1189 1056 1208 con-

269 1234 342 1257 textu
360 1229 556 1256 sententiarum
573 1228 644 1260 vim,
657 1235 718 1263 qua:
735 1228 791 1263 ipsa
809 1227 836 1255 in
853 1228 927 1255 hunc
943 1228 1055 1254 modum

267 1284 295 1303 se
309 1276 391 1302 habet
406 1283 412 1302 :

301 1322 381 1358 363
399 1321 433 1349 Et
447 1329 479 1348 nc
493 1329 539 1348 nos
554 1321 652 1356 inferas
667 1322 693 1348 in
709 1322 895 1354 tentationem;
910 1321 956 1348 sed
973 1321 1055 1348 libera

267 1375 314 1394 nos
330 1377 345 1394 a
360 1366 440 1394 malo.

303 1411 350 1438 llis
369 1411 442 1438 enim
462 1411 603 1446 Scriptura
621 1411 774 1447 signiﬁcat,
793 1411 850 1439 fore
873 1416 904 1439 ut
922 1412 974 1440 nisi
994 1413 1056 1448 quis

269 1458 318 1488 iis,
340 1465 355 1484 a
379 1457 480 1492 quibus
501 1457 612 1484 oll‘ensae
634 1457 736 1492 aliquid
763 1458 915 1492 acceperit,
935 1458 1056 1492 perfecte

270 1502 418 1538 indulgeat,
432 1503 618 1537 munduntquc
633 1511 647 1529 a
662 1511 774 1530 rancore
788 1503 921 1535 animum.
935 1504 1072 1531 reconci-.

270 1548 391 1575 liationis
405 1556 466 1575 cum
481 1547 605 1582 proximo
619 1547 681 1574 luce
695 1549 896 1582 pne-nitentem,
911 1549 964 1577 Deo
981 1549 1058 1576 exhi-

269 1594 342 1624 beat,
356 1602 371 1620 a
386 1594 520 1620 bonorum
535 1601 595 1628 qua:
607 1597 718 1627 exoptat
730 1593 854 1627 votisque
869 1594 1054 1628 prosequitur,

1102 368 1191 386 κειται
1207 360 1434 395 προσευχόμενος,
1450 359 1510 394 μεθ’
1523 359 1552 385 δν
1574 360 1699 390 κακεῖνος
1718 361 1733 386 ὁ
1748 361 1831 391 μῦνον
1845 361 1893 387 τὸν

1101 405 1240 440 ἐφήμερον
1255 406 1337 440 ἄρτον
1349 405 1486 440 ἐπιζητῶν
1499 405 1543 431 διὰ
1557 405 1606 439 τὴν
1621 405 1682 438 βίαν
1698 407 1748 441 τῆς
1767 409 1893 440 ψύξεως,

1101 451 1172 478 κατὰ
1199 450 1245 477 τὸν
1272 452 1351 477 αὑτὸν
1372 451 1558 486 διατεθήσεται
1583 451 1701 486 τρόπον’
1725 453 1807 486 ἀφεὶς
1834 455 1892 486 τοῖς

1101 496 1253 530 ὀφειλέταις
1273 497 1308 524 τὰ
1330 496 1519 532 ὀφειλήματα,
1536 494 1580 524 οἷα
1597 496 1629 532 δὴ
1645 497 1724 530 γνοὺς
1735 519 1742 529 ,
1761 499 1802 525 ὅτι
1821 500 1893 525 κατὰ

1103 541 1183 576 φύσιν
1209 542 1326 577 ὑπάρχει
1355 542 1468 577 θνητὸς,
1491 543 1538 568 καὶ
1564 542 1657 569 λοιπὸν
1681 544 1741 570 καθ’
1769 544 1895 579 ἑκάστην

1103 588 1211 624 ἡμέραν
1235 588 1279 614 διὰ
1297 588 1346 624 τὴν
1371 589 1482 623 ἀδηλίαν
1496 588 1526 614 τὸ
1542 589 1622 623 φύσει
1641 590 1765 624 πεφυκὸς
1781 591 1890 626 £2521;-

1105 643 1184 669 μενος
1195 655 1201 665 ,
1226 633 1414 670 προλαμὸάνει
1435 634 1486 669 τὴν
1507 633 1589 668 φύσιν
1605 635 1675 661 κατὰ
1689 636 1739 669 τὴν
1756 635 1874 670 γνώμην
1887 643 1894 649 ·

1104 680 1263 714 αὐθαίρετος
1275 680 1371 714 νεκρὸς
1387 681 1456 714 πρὸς
1471 680 1517 707 τὸν
1530 681 1633 715 κόσμον
1652 681 1805 716 γινόμενος,
1822 682 1897 708 κατὰ

1102 727 1133 753 τὸ
1151 726 1254 760 φάσκον
1281 726 1380 760 λόγιιν,
1410 727 1449 753 ὅτι
1468 727 1592 753 Ἕνεκεν
1612 727 1670 754 σοῦ
1687 729 1897 761 θανατούμεθα

1103 772 1181 807 ὅλην
1215 772 1273 806 τὴν
1296 772 1410 807 ἡμέραν
1425 781 1431 787 ·
1463 773 1665 808 ἐλογίσθημεν
1691 773 1732 807 ὡς
1758 775 1897 806 πρόϐατα

1103 818 1242 853 σφαγῆς·
1267 819 1314 846 καὶ
1335 818 1380 846 διὰ
1403 820 1482 846 τοῦτο
1506 820 1686 855 σπενδόμενος
1709 820 1832 851 ἆπασιν,
1850 821 1896 847 ἵνα

1106 864 1189 900 μηδὲν
1202 864 1289 900 ἑαυτῷ
1301 865 1549 900 συνεπικομίζηται
1564 865 1708 901 γνώρισμα
1729 867 1778 901 τῆς
1792 866 1896 901 μοχθη-

1106 911 1165 946 ρίας
1180 910 1227 936 τοῦ
1240 910 1287 937 νῦν
1303 910 1411 943 αἰῶνος,
1426 911 1493 946 πρὸς
1507 911 1556 946 τὴν
1567 912 1663 947 ἀγήρω
1678 911 1750 947 ζωὴν
1764 912 1897 946 μειλιστὰ-

1108 964 1188 990 μενος
1201 963 1208 970 ⁸
1225 956 1270 982 καὶ
1287 955 1357 992 λάϐῃ
1372 957 1447 990 παρὰ
1460 955 1506 982 τοῦ
1523 955 1617 991 κριτοῦ
1633 957 1681 983 καὶ
1695 957 1823 991 Σωτῆρος
1839 956 1896 982 τῶν

1106 1001 1184 1031 ὅλων,
1202 998 1239 1028 ὧν
1259 1001 1375 1027 ἐνταῦθα
1394 1002 1567 1036 προκέχρηκε
1589 1001 1638 1037 τὴν
1664 1002 1726 1037 ῐσην
1745 1002 1896 1030 ἁντὲἰοσιν.

1113 1047 1262 1081 ’Λναγκαία
1274 1046 1328 1082 γὰρ
1345 1047 1509 1083 ἀμφοτέροις
1533 1047 1601 1081 πρὸς
1628 1048 1678 1083 τὴν
1700 1047 1776 1082 σφῶν
1804 1048 1897 1074 αὐτῶν

1106 1092 1275 1119 λυσιτέλειαν
1290 1093 1461 1129 καθέστηκεν
1482 1094 1498 1128 ἠ
1520 1093 1630 1129 καθαρὰ
1649 1093 1717 1129 πρὸς
1731 1095 1797 1126 τοὺς
1813 1094 1893 1120 λελυ-

1107 1138 1231 1174 πηκότας
1247 1137 1368 1170 διάθεσις
1382 1147 1389 1154 ⁸
1409 1138 1518 1166 πάντων
1537 1140 1585 1175 μὲν
1607 1139 1702 1166 ἕνεκεν
1713 1159 1721 1172 ,
1735 1139 1892 1174 οὖχῆκιατα

1106 1183 1134 1210 δὲ
1147 1183 1191 1211 διὰ
1205 1183 1261 1210 τῶν
1278 1184 1447 1218 λειπομένων
1459 1184 1549 1220 ῥητῶν
1566 1184 1691 1221 δύναμιν,
1707 1185 1803 1211 τοῦτον
1817 1185 1896 1219 ἔχου-

1108 1236 1158 1255 σαν
1172 1229 1218 1256 τὸν
1234 1229 1345 1264 τρόπον,

1141 1318 1196 1345 Καὶ
1216 1317 1260 1352 μὴ
1285 1316 1459 1352 είσενέγπῃς
1470 1316 1548 1352 ἡμᾶς
1559 1318 1602 1349 εἰς
1613 1318 1791 1352 πειρασμὸν,
1816 1318 1896 1345 ἀλλὰ

1102 1363 1197 1398 ῥῦσαι
1210 1363 1289 1398 ἡμᾶς
1301 1363 1360 1391 ἀπὸ
1374 1364 1426 1391 τοῦ
1437 1363 1580 1397 πονηροῦ.

1141 1410 1222 1445 Δηλοῖ
1235 1410 1290 1447 γὰρ
1306 1411 1335 1437 ὲν
1348 1410 1452 1442 τούτοις
1467 1411 1481 1436 ὁ
1494 1411 1571 1444 λόγος
1581 1430 1587 1441 ,
1616 1410 1653 1442 ὼς
1667 1411 1680 1437 ὁ
1696 1411 1734 1446 μὴ
1751 1412 1897 1446 συγχωρή-

1107 1465 1157 1488 σας
1169 1457 1279 1489 τελείως
1294 1458 1351 1489 τοῖς
1366 1457 1503 1490 πταίουσι,
1518 1457 1565 1483 καὶ
1577 1456 1700 1492 καθαρὰν
1713 1457 1803 1492 λύπης
1811 1466 1897 1492 παρι-

1107 1504 1210 1538 στήσας
1241 1502 1279 1538 τῷ
1302 1502 1362 1538 Θεῷ
1392 1503 1442 1538 τὴν
1470 1503 1604 1538 καρδίαν,
1646 1503 1897 1538 λελαμπρυσμένην

1106 1549 1145 1584 τῷ
1173 1549 1242 1583 φωτὶ
1267 1550 1317 1584 τῆς
1335 1548 1404 1584 πρὸς
1418 1549 1463 1575 τὶν
1476 1549 1559 1580 πέλας
1572 1548 1760 1584 καταλλαγῆς,
1778 1549 1827 1583 τῆς
1844 1548 1898 1574 τῶν

1106 1595 1251 1630 ηὺγμένων
1275 1594 1365 1621 καλῶν
1382 1593 1560 1627 ἀποτεύξεται
1572 1594 1697 1630 χάριτος·
1725 1595 1773 1620 καὶ
1789 1595 1828 1629 τῷ
1843 1603 1900 1621 τεε-

269 1641 355 1676 gratia
372 1640 494 1672 excidat;
510 1639 639 1674 justoque
653 1638 759 1674 judicio
777 1638 919 1666 tentationi
937 1646 969 1666 ac
985 1639 1057 1666 malo

1110 1639 1224 1674 ρασμῷ,
1255 1641 1301 1666 καὶ
1324 1640 1362 1674 τῷ
1377 1639 1489 1675 πονηρῷ
1512 1640 1584 1667 κατὰ
1598 1639 1704 1666 δικαίαν
1721 1640 1899 1675 ὲκδοθήσεται

269 1687 404 1714 obnoxius
423 1685 482 1718 ﬁat,
501 1691 531 1712 ut
547 1685 655 1712 scilicet
670 1685 815 1712 emundari
833 1684 941 1712 delictis
957 1684 1056 1711 docea-

271 1739 324 1763 tur,
341 1739 355 1758 a
373 1739 401 1758 se
419 1735 562 1765 amputans
579 1738 610 1757 ac
627 1729 774 1762 amoliens,
788 1729 860 1764 quod
879 1729 947 1756 alios
963 1728 1058 1756 crimi—

271 1782 359 1804 natur.
372 1777 562 1804 Tentationem
575 1780 665 1803 autem
680 1775 726 1802 hic
738 1779 818 1802 vocat
840 1774 945 1810 peccati
959 1775 1057 1809 legem,

270 1831 285 1849 a
301 1831 354 1857 qua
371 1822 502 1849 immunis
519 1821 610 1849 editus
629 1821 736 1856 primus
753 1829 863 1856 parens.
879 1820 978 1847 Malum
994 1827 1059 1847 vero

270 1867 351 1898 dicit.
373 1875 471 1902 nempe
491 1867 649 1898 diabolum,
673 1873 723 1900 per
745 1873 827 1900 quem
852 1866 910 1893 haec
934 1865 1059 1892 humanm

270 1917 374 1940 natura:
392 1912 515 1944 inolevit,
531 1919 563 1939 ac
578 1919 633 1945 quo
646 1915 758 1938 auctore
775 1911 905 1937 seductus
921 1911 1013 1941 homo,
1031 1915 1060 1937 ut

270 1958 305 1985 ab
322 1965 355 1984 eo
370 1957 442 1992 quod
459 1957 483 1983 ei
501 1963 664 1984 concessum
686 1960 761 1987 erat,
778 1955 812 1982 ad
830 1955 857 1982 id
875 1963 929 1990 quo
947 1955 984 1982 illi
1001 1959 1061 1982 erat

270 2004 446 2032 interdictum
468 2003 552 2030 animi
578 2001 757 2036 cupiditatem
784 2001 958 2033 transferret,
976 2005 1004 2028 et
1025 2001 1059 2028 ad

271 2049 390 2076 mandati
404 2049 634 2083 trangressionem
644 2052 815 2079 verteretur;
828 2054 882 2081 qua
895 2047 1059 2079 temeritate,

270 2096 341 2130 ejus,
358 2103 439 2130 quam
460 2102 509 2128 per
528 2094 643 2128 gratiam
665 2100 823 2121 concessam
846 2096 999 2127 acceperat,
1017 2092 1060 2119 in-

271 2140 458 2174 torruptionis
470 2140 606 2174 jacturam
621 2139 696 2166 fecit.

306 2193 360 2218 Aut
373 2197 481 2222 rursus,
499 2189 676 2217 tentationem
693 2189 803 2224 quidem
823 2189 943 2224 appellat
966 2189 1062 2217 volun-

273 2236 373 2262 tarium
390 2234 473 2262 animi
494 2234 522 2261 in
540 2234 632 2261 carnis
651 2234 792 2268 passiones
810 2239 892 2269 atque
909 2234 974 2261 vitia
993 2242 1060 2262 con-

272 2289 400 2314 sensum;
418 2281 518 2307 malum
533 2287 609 2311 vero,
626 2280 736 2306 modum
750 2287 807 2314 quo
821 2280 918 2307 vitiosa
934 2279 1062 2307 libidino-

1108 1685 1221 1718 κρίσιν·
1259 1684 1303 1710 ἵνα
1329 1685 1402 1719 μάθῃ
1428 1685 1605 1718 καθαίρεσθαι
1629 1686 1816 1720 πλημμελῶν,
1849 1687 1899 1718 τὶς

1108 1730 1168 1756 κατ’
1187 1730 1274 1757 ἄλλων
1299 1729 1397 1756 ἑαυτοῦ
1421 1729 1532 1765 μομφὰς
1555 1731 1765 1766 ἀφαιρούμενος.
1796 1731 1899 1767 Πειρα-

1110 1775 1178 1810 σμὺν
1204 1775 1232 1802 δὲ
1247 1770 1321 1810 λέῨει
1335 1775 1382 1802 νῦν
1400 1776 1445 1802 τὺν
1460 1777 1509 1811 τῆς
1525 1776 1661 1812 ἁμαρτίας
1675 1777 1757 1811 νόμον
1769 1785 1777 1792 ·
1806 1777 1836 1803 δν
1850 1778 1901 1803 οὐκ

1109 1821 1177 1857 ἔχων
1198 1823 1212 1847 ὸ
1233 1821 1342 1857 πρῶτος
1356 1821 1498 1856 ἄνθρωπος
1512 1819 1594 1857 ἦλθεν
1609 1822 1649 1853 εἰς
1661 1822 1767 1856 γένεσιν
1777 1831 1784 1838 ·
1813 1831 1900 1858 πονη-

1112 1866 1156 1901 ρὸν
1171 1866 1198 1892 δὲ
1213 1885 1220 1897 ,
1238 1866 1284 1891 τὴν
1297 1865 1389 1892 τοῦτον
1404 1865 1566 1900 ἑμφὺραντα
1580 1867 1612 1900 τῇ
1628 1865 1709 1900 φύσει
1724 1865 1779 1892 τῶν
1793 1864 1900 1900 ἀνθρώσ

1109 1920 1168 1938 πων
1183 1911 1305 1938 διάϐολον
1316 1930 1323 1942 ,
1356 1911 1404 1938 καὶ
1423 1911 1556 1937 πείσαντα
1571 1911 1604 1937 δι’
1614 1911 1718 1944 ἀπάτης
1737 1911 1782 1937 τὸν
1796 1911 1899 1945 ἄνθρω-

1110 1965 1171 1989 πον,
1188 1957 1242 1983 ἀπὸ
1255 1956 1301 1983 τοῦ
1320 1957 1568 1991 συγκεχωρημένον
1583 1956 1651 1991 πρὸς
1665 1956 1695 1982 τὸ
1709 1956 1900 1991 κεκωλυμένον

1109 2003 1159 2037 τῆς
1182 2003 1272 2038 ψυχῆς
1298 2003 1459 2038 μετενέγκαι
1483 2003 1533 2037 τὴν
1557 2002 1668 2037 ἔφεσιν,
1698 2003 1746 2029 καὶ
1766 2003 1834 2036 πρὸς
1850 2003 1900 2037 τὴν

1110 2050 1160 2083 τῆς
1184 2048 1260 2080 θείας
1291 2048 1401 2084 ἐντολῆς
1417 2049 1555 2084 τραπῆναι
1572 2048 1746 2082 παράὸασιν·
1775 2047 1809 2084 ἧς
1821 2048 1900 2084 ἔργον

1110 2094 1222 2129 γέγονεν
1248 2095 1265 2129 ὴ
1304 2095 1355 2129 τῆς
1385 2095 1509 2130 δοῡείσης
1536 2095 1606 2121 κατὰ
1634 2094 1715 2130 χάριν
1746 2094 1901 2130 ἀφθαρσίας

1110 2140 1193 2166 ἀπόοε
1199 2148 1249 2170 σις.

1147 2185 1183 2212 Ἤ
1199 2184 1296 2217 πάλιν,
1327 2184 1479 2220 πειρασμὸν
1504 2184 1552 2220 μέν
1575 2193 1641 2220 φησι
1674 2185 1724 2220 τὴν
1740 2185 1790 2220 τῆς
1814 2185 1898 2219 ψυχῆς

1112 2231 1236 2258 ἑκούσιον
1266 2231 1333 2265 πρὸς
1356 2231 1392 2258 τὰ
1415 2231 1489 2265 πάοη
1515 2231 1564 2266 τῆς
1588 2231 1688 2265 σαρκὸς
1714 2231 1898 2258 συνδιάῦεσιν·

1112 2277 1230 2312 πονηρὸν
1250 2277 1278 2303 δὲ
1289 2297 1296 2308 ,
1326 2277 1371 2304 τὸν
1387 2278 1445 2303 κατ’
1457 2277 1597 2312 ἐνέργειαν
1609 2277 1837 2312 συμπληρωτικὸν
1852 2278 1898 2312 τῆς

271 2335 357 2362 saque
379 2327 489 2354 all'eetio
512 2334 558 2353 seu
579 2325 722 2360 dispositio
745 2325 772 2351 in
794 2329 856 2351 actu
880 2325 1033 2359 completur
1055 2334 1057 2351 :

1115 2322 1256 2358 ὲμπαθοῠς
1277 2322 1425 2354 διαθέσεως
1446 2322 1561 2358 τρόπον·
1593 2319 1631 2349 ὧν
1652 2323 1756 2354 οὐδενὸς
1774 2324 1788 2350 ὸ
1801 2323 1899 2354 δίκαιος

272 2378 425 2408 neutroque
437 2373 535 2399 horum
551 2370 716 2398 liberabitur
727 2371 792 2406 justi
804 2370 905 2405 judicis
917 2371 1062 2403 sententia,

271 2419 319 2454 qui
340 2425 395 2445 non
415 2417 554 2444 dimiserit
573 2416 747 2443 debitoribus
770 2415 876 2448 debita;
899 2415 1006 2442 tametsi
1029 2415 1062 2448 is,

273 2464 348 2490 nudo
365 2463 440 2490 vocis
457 2470 524 2489 sono
544 2462 572 2489 in
591 2462 716 2489 oratione
734 2461 761 2488 id
778 2461 908 2496 efﬂagitat
925 2469 932 2487 :
950 2461 1016 2496 quin
1034 2465 1063 2488 et

273 2517 336 2537 eum
360 2510 407 2544 qui
431 2517 464 2536 ea
488 2509 523 2536 sit
547 2508 654 2539 indole,
676 2508 780 2542 peccati
806 2508 865 2542 lege
889 2507 1063 2542 coinquinari

273 2556 362 2587 siuet,
377 2563 409 2582 ac
432 2555 479 2589 qui
502 2554 589 2581 durus
611 2553 704 2580 animo
728 2554 764 2580 sit
782 2553 910 2588 justeque
932 2552 1060 2587 rigidior,

275 2601 346 2626 tnalo
365 2599 576 2634 mancipandam
593 2598 716 2630 deseret;
733 2598 780 2632 qui
799 2605 896 2632 nempe
916 2596 1062 2631 perturba~

277 2647 380 2674 tionum
404 2647 515 2680 probra,
532 2650 624 2672 satorc
642 2645 761 2676 diabolo,
776 2649 881 2670 natura:
900 2643 1061 2678 prxtulerit,

275 2694 354 2727 cujus
378 2693 449 2719 Deus
473 2691 600 2718 conditor
624 2695 676 2718 est.
698 2690 732 2717 At
758 2697 847 2724 neque
873 2688 964 2716 carnis
990 2689 1061 2715 ultro

275 2738 438 2765 libidinibus
450 2737 579 2772 vitiisque
593 2744 653 2764 sese
665 2736 765 2763 dedere
779 2734 948 2770 prohibebit,
962 2741 1013 2761 nec
1027 2734 1061 2760 ab

276 2785 334 2819 ejus
357 2783 543 2818 dispositionis
570 2782 651 2809 modo
676 2782 810 2813 redimet,
832 2788 887 2815 quo
914 2780 972 2807 luce
999 2785 1060 2806 actu

312 2873 335 2889 ³⁸
347 2872 416 2900 Psal.
433 2879 506 2905 xuu,
519 2872 564 2900 22.
604 2873 625 2889 "
640 2872 719 2899 Rom.
733 2879 790 2903 vui,
804 2870 849 2896 36.

1116 2368 1264 2404 ἐξαιρεῖται
1289 2368 1395 2404 κριτὴς,
1421 2368 1467 2394 τὸν
1493 2368 1529 2403 μὴ
1548 2369 1603 2399 τοῖς
1619 2368 1774 2402 ὀφειλέταις
1788 2370 1898 2404 ἀφιέντα

1114 2414 1149 2440 τὰ
1162 2412 1332 2449 ὀφειλήματα
1342 2421 1349 2427 ⁵
1374 2412 1424 2439 κᾶν
1438 2412 1517 2439 τοῦτο
1528 2413 1613 2448 ψιλῶς
1626 2413 1669 2440 διὰ
1683 2414 1731 2448 τῆς
1748 2416 1896 2449 προσευχῆς

1116 2459 1272 2493 ὲξαιτῆται·
1303 2458 1371 2485 ἀλλὰ
1394 2458 1440 2484 καὶ
1464 2458 1503 2494 τῷ
1523 2459 1598 2494 νόμῳ
1621 2460 1668 2494 τῆς
1684 2460 1822 2494 ἁμαρτίας
1836 2468 1896 2494 συγ-

1116 2505 1201 2540 χωρεῖ
1215 2504 1375 2539 μολύνεσθαι
1392 2504 1436 2531 τὸν
1448 2503 1577 2536 τοιοῦτον,
1596 2505 1643 2531 καὶ
1656 2505 1708 2531 ὑπὸ
1722 2505 1768 2531 τοῦ
1784 2506 1896 2540 πονηροῦ

1116 2549 1290 2585 κυριεύεσθαι
1307 2550 1352 2576 τὸν
1371 2550 1488 2585 σκληρὸν
1510 2551 1557 2576 καὶ
1574 2551 1712 2584 ἀπότομον
1728 2552 1777 2586 τὴν
1791 2551 1896 2586 γνώμην

1116 2595 1366 2631 ὲγκαταλιμττάνει·
1397 2594 1440 2622 οἷα
1461 2596 1493 2632 δὴ
1519 2596 1553 2623 τὰ
1574 2597 1648 2632 πάοη
1671 2596 1722 2631 τῆς
1739 2598 1847 2632 ἀτιμίας
1862 2595 1897 2624 ὧν

1117 2641 1235 2676 σπορεύς
1252 2642 1326 2667 ἐστιν
1342 2643 1355 2667 ὁ
1370 2641 1490 2673 διάϐολος
1502 2662 1510 2673 ,
1540 2643 1760 2677 προτετιμηκὸτα
1782 2643 1830 2677 τῆς
1847 2644 1895 2677 ςύ-

1116 2695 1194 2718 πως*
1213 2684 1244 2722 ἧς
1261 2687 1318 2713 ἐστι
1333 2687 1498 2722 δημιουργὸς
1513 2688 1527 2714 ὁ
1539 2687 1615 2720 θεός·
1635 2689 1689 2715 Και
1705 2688 1759 2724 μὴν
1774 2690 1820 2715 καὶ
1833 2690 1896 2724 api;

1114 2733 1148 2760 τὰ
1159 2733 1231 2768 πείοη
1247 2733 1296 2768 τῆς
1309 2734 1406 2768 σαρκὸς
1418 2734 1549 2766 ἑκουσίως
1563 2735 1797 2770 συνδιατιοέμενον
1806 2735 1836 2761 οὐ
1847 2744 1895 2761 κω-

1114 2778 1183 2810 λύει,
1209 2779 1255 2805 καὶ
1271 2779 1317 2806 =03
1331 2779 1391 2811 κατ’
1401 2779 1541 2815 ἐνέργειαν
1556 2780 1786 2816 συμπληρωτικοῦ
1800 2781 1894 2816 τρόπον
