1948 3077
76 148 129 180 905

561 153 608 183 EX
616 153 762 184 POSlTlO
780 153 987 184 ORATIONIS
1008 154 1216 185 DOMINIC/E.

1653 158 1708 190 9‘6

74 204 124 238 τῆς
151 204 212 229 κατ’
230 203 301 231 αὐτὰ
320 204 466 238 διαθέσεως
483 207 513 233 οὗ
529 207 690 243 λυτροῦται·
718 209 759 235 ὅτι
775 207 866 235 παθῶν

920 209 1125 244 compleantur;
1137 211 1210 244 quod
1220 210 1350 237 nimirum
1362 210 1618 245 perturbationibus
1627 221 1636 240 \
1644 213 1711 242 iliis-

74 250 270 277 ἁνυποστάτων
302 251 401 286 ἥττονα
429 253 478 288 τὴν
506 253 586 288 φύσιν
611 255 804 290 ἡγησάμενος,
835 256 868 290 τῇ

73 296 139 330 περὶ
167 295 254 322 ταῦτα
279 297 402 332 σπουδῇ,
433 298 478 324 τὸν
500 299 602 335 ταύτης
626 299 704 334 λόγον
728 299 846 335 ἠγνόησε
860 307 866 314 ·

72 341 135 369 καθ’
147 341 177 368 ὃν
191 342 243 368 ἔδει
258 343 402 378 κινηθέντα
412 344 518 378 ’γνῶναι
534 346 575 377 τίς
589 345 638 380 μὲν
652 345 759 379 φύσεως
775 346 868 381 νόμος,

71 387 114 418 τίς
136 387 166 413 δὲ
187 388 281 415 παθῶν
300 390 316 424 ὴ
338 389 397 415 καθ’
409 390 515 425 αἵρεσιν
527 392 693 426 γνωμικῶς,
709 392 804 418 ἀλλὀὐ
821 400 868 426 φυ-

72 432 159 464 σικῶς
172 434 409 469 ἐπισυμϐαίνουσα
422 437 542 471 κατέστη
553 437 689 472 τυραννίς·
707 437 807 464 καὶτὸν
819 437 868 472 μὲν

71 479 306 514 περιποιήσασθαι
330 482 391 512 ταῖς
412 484 540 516 φυσικαῖς
562 483 780 518 συντηρούμενον
794 484 869 518 ἐνερ-

70 525 162 559 γείαις
173 547 179 557 ,
196 525 244 560 τὴν
257 526 284 552 δὲ
306 527 355 561 τῆς
379 528 492 564 γνώμης
507 529 644 556 ἀπελάσαι
661 530 771 565 μακρὰν
784 550 792 562 ,
822 530 868 557 καὶ

69 570 108 606 τῷ
121 571 194 606 λόγῳ
209 571 374 607 διατηρῆσαι
388 574 436 608 τὴν
449 574 531 609 φύσιν
543 594 550 605 ,
578 575 620 609 ἐφ’
631 576 728 610 ἑαυτῆς
745 575 867 602 ἑστῶσαν

69 617 197 651 καθαρὰν
215 619 262 644 καὶ
277 619 429 654 ἀμώμητον
446 619 596 657 [ἅμωμον],
612 622 696 657 χωρὶς
711 621 807 656 μίσους
821 623 868 648 καὶ

68 663 254 696 διαστάσεως·
282 665 329 691 καὶ
354 667 387 701 τῇ
411 666 492 700 φύσει
520 667 601 694 πάλιν
624 668 795 702 καταστῆσαι
818 667 867 702 τὴν

69 709 185 744 γνώμην
200 709 380 746 συνέμπορον,
398 713 482 747 μηδὲν
494 713 634 745 παντελῶς
651 714 865 749 ἐπιφερομένην,

67 754 104 783 ὦν
118 757 133 782 ὁ
146 758 196 792 τῆς
209 757 317 792 φύσεως
332 759 382 786 οὐκ
394 760 535 787 ἐπιδίδωσι
547 760 625 795 λόγος
634 768 640 775 ·
669 761 716 787 καὶ
728 760 772 786 διὰ
788 760 866 786 τοῦτο

69 804 149 838 μῖσος
175 804 249 830 ἆπαν
262 823 269 836 ,
300 805 346 831 καὶ
368 807 459 833 πᾶσαν
474 807 522 833 τοῦ
539 807 609 834 κατὰ
624 806 704 841 φύσιν
719 807 866 842 συγγενοῦς

68 850 225 884 ἀποστῆσαι
239 850 393 884 διάστασιν,
413 853 455 879 ἵνα
469 853 572 888 ταύτην
583 854 669 888 λέγων
685 853 734 889 τὴν
749 863 866 889 προσευ-

67 895 120 931 χὴν
145 897 334 932 εἱσακούηται,
361 900 408 925 καὶ
432 899 529 934 διπλῆν
551 899 609 927 ἀνθ’
623 900 713 935 ἁπλῆς
727 901 802 935 παρὰ
818 899 866 927 τοῦ

67 942 136 968 Θεοῦ
155 943 268 978 δέχηται
281 944 361 980 χάριν
373 966 381 978 ,
414 946 464 981 τήν
479 955 509 972 τε
523 946 578 973 τῶν
594 946 758 981 φθασάντων
774 946 866 982 πλημ-

68 987 238 1022 μελημάτων
252 989 437 1026 συγχώρησιν,
457 992 505 1018 καὶ
518 992 567 1027 τὴν
590 993 637 1018 ἐπὶ
658 993 715 1022 τοῖς
739 991 866 1026 μέλλουσι

68 1033 176 1067 σκέπην
206 1035 252 1061 καὶ
277 1035 431 1071 λύτρωσιν⁸
475 1038 514 1069 εἷς
540 1046 570 1064 τε
600 1037 753 1073 πειρασμὸν
779 1037 867 1064 ἐλθεῖν

69 1079 107 1114 μὴ
134 1081 383 1117 συγχωρούμένος,
414 1084 473 1111 καὶ
499 1084 539 1119 τῷ
563 1084 675 1119 πονηρῷ
700 1083 866 1119 δουλωθῆναι

68 1126 106 1160 μὴ
129 1126 292 1162 ἀφιέμενος,
309 1130 379 1165 ὑπὲρ
401 1130 472 1163 ἑνὸς,
498 1131 544 1157 τοῦ
563 1131 620 1162 τοῖς
643 1130 726 1161 πέλας
748 1130 865 1165 ἑτοίμως

65 1171 178 1206 ἀφιέναι
194 1173 229 1200 τὰ
242 1174 424 1210 ὀφειλήματα.

64 1226 120 1246 nec
136 1221 337 1256 mancipandus
353 1223 424 1250 malo
437 1222 597 1257 deseratur;
614 1232 670 1252 uno
685 1225 738 1253 hoc
753 1225 866 1253 nomine

65 1269 172 1292 mittat.

101 1311 256 1347 Τοιγαροῦν
271 1314 318 1340 καὶ
332 1315 423 1349 ἡμεῖς,
454 1315 498 1342 ἵνα
514 1317 610 1352 μικρδν
623 1317 792 1350 ἀναποδίζων
807 1318 868 1344 ἑπι-

65 1358 160 1392 τὸμως
184 1359 290 1387 ἐπέλθω
316 1361 369 1387 τῶν
390 1362 544 1397 εἰρημένων
561 1363 617 1399 ,τὴν
632 1363 757 1399 δύναμιν,
790 1363 868 1400 εἴπερ

65 1403 117 1431 τοῦ
130 1405 252 1440 ⁸πονηροῦ
269 1406 403 1442 ῥωσθῆναι
415 1427 422 1440 ,
452 1408 499 1434 καὶ
516 1409 556 1439 εἰς
571 1410 725 1445 πειρασμὸν
737 1409 868 1436 εἰσελθεῖν

65 1449 100 1476 οὐ
123 1449 294 1485 βουλόμεθα,
319 1453 511 1488 πιστεύσωμεν
532 1453 570 1489 τῷ
587 1454 656 1489 Θεῷ,
685 1455 732 1481 καὶ
753 1454 867 1489 ἀφῶμεν

64 1495 104 1521 τὰ
127 1496 302 1550 ficulnum:
326 1499 382 1530 τοῖς
407 1499 561 1533 ὀφειλέταις
584 1500 683 1535 ἡμῶν·
708 1500 779 1527 Ἐὰν
800 1501 864 1535 γὰρ,
880 1520 901 1550 C

67 1542 154 1577 φησι,
179 1542 224 1577 μὴ
245 1543 341 1578 ἀφῆτε
367 1544 430 1577 τοῖς
441 1545 610 1579 ἀνθρώποις
622 1546 658 1572 τὰ
673 1545 867 1580 ἁμαρτήματα

66 1587 178 1621 αὐτῶν,
206 1589 277 1616 οὔτε
302 1591 318 1616 d
343 1590 444 1625 Πατὴρ
464 1591 547 1626 ὑμῶν
570 1593 587 1619 ό
604 1591 742 1626 οὐράνιος
755 1592 867 1626 ἀφήσει

67 1635 154 1668 ὑμῖν·
183 1635 228 1661 ἵνα
255 1635 293 1671 μὴ
317 1636 397 1671 μόνον
421 1637 517 1670 ἄφεσιν
539 1637 666 1673 λάϐωμεν
688 1635 725 1664 ὧν
739 1637 866 1673 πεπλημ-

70 1681 243 1717 μελήκαμεν,
260 1681 328 1708 ἀλλὰ
339 1683 387 1708 καὶ
398 1682 445 1709 τὸν
456 1683 537 1718 νόμον
550 1684 708 1719 νικήσωμεν
719 1684 769 1718 τῆς
781 1684 867 1719 ἁμαρ-

67 1726 139 1758 τίας,
170 1728 211 1759 εἰς
232 1727 282 1763 τὴν
303 1727 387 1755 αὑτοῦ
410 1730 508 1764 πεῖραν
532 1729 664 1756 εἰσελθεῖν
687 1730 737 1756 οὐκ
749 1731 866 1764 ἐγκατα-

68 1773 248 1808 λειπόμενοι·
281 1774 328 1801 καὶ
354 1774 399 1801 τὸν
436 1775 531 1802 τούτου
566 1777 718 1812 γεννήτορα
749 1776 866 1813 πονηρὸν

69 1820 238 1854 πατήσωμεν
260 1819 332 1854 διριν,
361 1820 407 1854 ἀφ’
421 1818 452 1847 οὗ
476 1821 609 1856 ρυσθῆναι
632 1821 865 1857 παρακαλοῦμεν

70 1865 289 1900 στρατηγοῦντος
316 1867 382 1901 ἡμῖν
418 1866 465 1893 τοῦ
503 1867 549 1893 τὸν
579 1867 680 1902 κόσμον
707 1867 867 1903 νικήσαντος

69 1910 199 1946 Χριστοῦ,
214 1912 262 1938 καὶ
275 1913 333 1943 τοῖς
345 1912 439 1948 νόμοις
450 1912 505 1939 τῶν
517 1913 633 1940 ἐντολῶν
645 1913 864 1945 καθοπλίζοντος,

69 1957 116 1984 καὶ
133 1957 261 1993 νομίμως
276 1959 310 1994 τῇ
325 1958 380 1984 τῶν
394 1958 489 1985 παθῶν
506 1959 633 1986 ἀποθέσει
646 1979 653 1991 ,
681 1959 750 1995 πρὸς
767 1960 866 1995 ἑαυτὴν

68 2004 101 2030 δι’
113 2004 228 2039 ἀγάπης
254 2004 304 2041 τὴν
325 2004 407 2039 φύσιν
424 2005 577 2037 συνδέοντος
589 2013 596 2020 ·
628 2005 674 2032 καὶ
690 2005 758 2040 πρὸς
772 2005 867 2032 ἑαυτὸν

68 2052 150 2086 ἄρτον
162 2051 228 2078 ὄντα
244 2050 328 2086 ζωῆς,
341 2051 437 2085 σοφίας
450 2059 479 2078 τε
493 2051 540 2078 καὶ
553 2051 681 2085 γνώσεως
700 2052 746 2078 καὶ
761 2051 866 2078 δικαιο-

71 2097 164 2132 σύνης,
189 2096 327 2128 κινοῦντος
352 2097 431 2132 ἡμῶν
455 2097 614 2132 ἀκορέστως
629 2097 678 2132 τὴν
693 2097 800 2133 ὄρεξιν·
820 2097 867 2123 καὶ

69 2144 101 2179 τῇ
118 2142 262 2178 πληρώσει
276 2142 323 2169 τοῦ
340 2142 478 2179 Πατρικοῦ
495 2143 648 2178 θελήματος
665 2144 722 2175 τοῖς
739 2143 866 2178 ἀγγέλοις

71 2190 227 2225 ὸμολάτρας
255 2189 332 2224 ἡμᾶς
359 2189 564 2222 καθιστῶντος,
588 2191 622 2225 τῇ
644 2189 714 2216 κατὰ
739 2190 784 2216 τὸν
809 2189 866 2225 βίον

70 2237 166 2272 ἀγωγῇ
191 2236 241 2271 τὴν
264 2235 425 2271 ἐπουράνιον
446 2236 605 2272 εὐμιμήτως
623 2235 805 2271 ἐμφαίνοντας
818 2236 864 2262 εὐ-

70 2282 218 2317 αρέστησιν
229 2290 236 2297 ·
266 2282 395 2309 κάκεῖθεν
419 2282 500 2309 πάλιν
522 2282 568 2308 ἐπὶ
581 2281 630 2317 τὴν
643 2281 797 2318 ἀκροτάτην
811 2283 865 2309 τῶν

70 2329 150 2356 θείων
166 2329 300 2356 ἀνάϐασιν
315 2329 383 2365 πρὸς
397 2328 443 2355 τὸν
457 2329 567 2365 Πατέρα
581 2329 635 2356 τῶν
648 2328 746 2363 φώτων
760 2329 866 2363 ἐνάγον-

69 2383 134 2407 τος,
168 2375 217 2401 καὶ
242 2374 318 2406 θείας
342 2375 567 2411 ὰπεργαζομένου
588 2375 695 2409 φύσεως
710 2375 865 2407 κοινωνοὺς,

69 2424 101 2459 τῇ
130 2423 203 2449 κατὰ
230 2423 310 2458 χάριν
341 2423 448 2458 μεθέξει
477 2423 523 2450 τοῦ
546 2422 723 2458 Πνεύματος,
754 2421 815 2448 καθ’
833 2421 865 2457 ἢν

69 2469 153 2496 τέκνα
174 2468 243 2495 Θεοῦ
269 2469 497 2504 χρηματίσωμεν,
526 2468 606 2495 αὐτὸν
628 2467 674 2494 τὸν
696 2467 802 2503 [marg.
815 2465 863 2493 Fr.

71 2515 185 2546 Ἄκουε,
200 2515 292 2551 Νεῖλε]
318 2515 421 2550 ταύτης
445 2515 594 2550 αὐτουργὸν
617 2515 666 2549 τῆς
681 2513 800 2549 χάριτος,
818 2512 865 2540 κα.)¹

70 2561 140 2588 κατὰ
155 2561 237 2595 φύσιν
251 2561 298 2587 τοῦ
311 2561 418 2595 Πατρὶς
429 2561 503 2593 Υιδν,
515 2561 574 2587 ὅλον
589 2561 643 2587 ὅλοι.
657 2560 719 2595 δίχα
732 2568 865 2594 περιγρα-

71 2605 123 2640 φῆς
141 2606 285 2641 ἀχράντως
299 2605 525 2641 περικομίζοντες
535 2614 541 2620 ”
560 2605 589 2637 ἐξ
605 2602 645 2638 οὗ,
662 2605 709 2632 καὶ
724 2603 805 2635 διὀὖ,
820 2605 866 2631 καὶ

70 2651 97 2677 ὲν
120 2648 144 2685 ᾧ
166 2651 198 2678 τὸ
215 2649 285 2678 εἶναί
299 2660 329 2678 τε
346 2652 392 2678 καὶ
407 2651 557 2684 κινεῖσθαι,
592 2652 639 2678 καὶ
660 2650 710 2687 ζῇν
725 2651 822 2686 ἔχομέν
837 2660 865 2677 τε

70 2698 118 2724 καὶ
133 2697 243 2733 ἕξομεν.

106 2744 180 2779 Πρὸς
204 2743 283 2770 τοῦτο
299 2743 328 2770 δὲ
349 2744 398 2778 τῆς
413 2743 538 2774 θεὼσεως
554 2743 584 2770 τὸ
599 2743 748 2778 μυστήριον
762 2743 867 2777 βλέπων

70 2789 136 2825 ἡμῖν
162 2789 234 2816 ἔστω
255 2791 305 2824 τῆς
327 2788 483 2825 προσευχῆς
507 2789 520 2814 ὁ
542 2789 658 2820 σκοπὸς,
689 2789 732 2815 ἵνα
747 2789 867 2824 γνῶμεν,

104 2861 127 2877 ³⁸
145 2860 243 2888 Matth.
257 2867 293 2891 γι,
312 2860 354 2886 14.
412 2859 434 2875 ³³
448 2859 517 2886 Gen.
533 2867 572 2891 ιιι,
592 2859 616 2886 1.

253 2904 390 2934 ΡΑτιιοι.
414 2903 470 2934 GR-
498 2904 558 2934 XC.

672 2859 695 2875 ⁸ο
708 2859 787 2887 Joan.
804 2867 859 2891 xvi,
877 2859 912 2886 55
961 2859 982 2876 υ
1001 2859 1059 2888 Jac.
1078 2867 1096 2893 ι,
1110 2861 1154 2888 17.

921 263 985 288 quc,
999 264 1059 291 qum
1073 264 1126 284 nec
1139 256 1195 283 sint
1206 256 1329 291 quidem,
1343 264 1375 284 ae
1390 257 1457 284 nihil
1474 258 1539 290 sint,
1553 260 1710 292 posthabita

920 305 1030 333 natura,
1046 309 1101 336 quo
1117 309 1147 329 se
1164 301 1220 328 illis
1236 301 1328 328 studio
1345 301 1460 333 addixit,
1477 302 1559 337 hujus
1574 304 1709 332 rationem

921 348 1074 383 ignoravit;
1102 356 1155 383 qua
1180 352 1285 375 motum
1311 353 1393 383 atque
1420 348 1598 382 instinctum,
1622 351 1708 386 legem

919 397 1036 426 naturze,
1049 401 1174 429 quaenam
1190 394 1235 426 sit,
1253 401 1333 421 nosse
1349 401 1411 421 eum
1429 395 1565 429 oportuit;
1584 404 1710 430 quamam

921 439 987 466 item
1006 433 1246 474 perturbationum
1264 439 1450 474 vitiorumque
1467 440 1508 467 vis
1526 448 1557 468 ac
1575 442 1708 476 tyrannis,

920 493 981 520 quae
994 494 1050 513 non
1063 491 1173 518 natura,
1188 485 1235 513 scd
1250 485 1391 513 voluntate
1407 493 1439 513 ac
1454 486 1569 513 arbitrio
1584 487 1610 514 ci
1624 487 1710 516 inole-

919 532 958 558 vit
978 541 984 558 :
1005 539 1038 558 ac
1058 531 1132 559 illam
1152 531 1264 566 quidem
1285 532 1394 567 (nempe
1414 537 1519 560 natura:
1537 533 1635 569 legem)
1656 534 1709 562 sibi

919 578 1065 609 asciscere,
1081 585 1164 612 quam
1180 577 1320 605 naturales
1336 578 1511 612 operationes
1527 585 1708 613 conservant;

919 623 990 650 hanc
1003 630 1066 650 vero
1078 622 1144 657 (vim
1156 623 1260 650 scilicet
1272 631 1304 650 ac
1316 623 1498 658 tyrannidem)
1512 624 1606 658 procul
1618 625 1710 652 animo

918 669 1057 705 ablegare,
1071 674 1154 704 atque
1166 669 1272 696 ratione
1288 669 1432 696 continere
1450 675 1588 701 naturam,
1603 679 1665 705 quae
1682 671 1709 699 in

919 724 948 744 se
961 717 1062 743 munda
1075 724 1107 744 ac
1118 716 1201 752 364.
1213 716 1281 744 labis
1295 724 1374 750 pura,
1386 716 1446 743 sine
1458 716 1522 744 odio
1534 717 1712 752 divortioquo

918 763 1066 795 consistat;
1085 770 1237 797 rursusque
1254 768 1360 790 natura:
1371 763 1540 791 voluntatem
1558 771 1611 790 una
1625 764 1710 791 comi-

919 812 973 835 tem
989 808 1107 839 sociare,
1120 815 1181 842 qua:
1198 807 1267 834 nihil
1282 815 1396 842 prorsus
1412 808 1521 840 inferat,
1538 817 1620 843 quam
1635 809 1709 852 quod

917 857 1023 881 naturae
1044 853 1113 880 ratio
1134 853 1246 885 tribuit;
1269 861 1300 880 ac
1319 853 1436 888 proinde
1454 861 1536 880 omne
1557 853 1661 886 odium,
1678 862 1710 882 ac

918 898 1053 934 quidquid
1070 898 1177 926 dissidii
1197 902 1250 931 est,
1264 898 1299 926 ab
1320 899 1354 926 iis
1372 907 1442 933 quos
1462 899 1586 934 ejusdem
1604 903 1711 928 naturas

916 945 1094 973 necessitudo
1108 945 1259 976 consociat,
1272 945 1448 978 submovere,
1463 950 1492 972 ut
1505 945 1575 973 banc
1590 946 1711 973 recitans

917 992 1070 1019 orationem
1086 991 1260 1023 exaudiatur,
1275 990 1468 1026 duplicemque
1481 999 1496 1018 a
1511 991 1566 1018 Deo
1581 999 1631 1026 pro
1646 992 1711 1018 sim-

918 1038 982 1073 plici
999 1037 1114 1073 gratiam
1130 1041 1331 1071 consequatur;
1351 1041 1408 1063 tum
1428 1037 1534 1064 scilicet
1552 1042 1582 1064 ut
1598 1041 1711 1072 prmter-

918 1086 1019 1112 iterum
1033 1084 1112 1111 venia
1127 1083 1290 1110 delictorum
1307 1082 1435 1114 donetur,
1453 1087 1510 1110 tum
1530 1087 1560 1110 ut
1577 1083 1712 1111 adversus

917 1130 1011 1157 futura
1037 1129 1084 1157 Dei
1109 1129 1238 1164 praesidio
1264 1132 1340 1155 tutus
1365 1128 1402 1155 sit
1427 1128 1517 1163 iisque
1543 1129 1678 1156 liberetur
1701 1138 1708 1155 :

904 1180 1000 1210 ratque
1023 1179 1053 1202 ut
1075 1182 1131 1201 non
1153 1174 1329 1209 permittatur
1347 1174 1443 1202 venire
1466 1174 1494 1201 in
1517 1174 1709 1206 tentationem,

885 1231 917 1251 ac
932 1223 1022 1255 titulo,
1055 1222 1128 1257 quod
1163 1225 1291 1256 prompto
1306 1222 1398 1249 animo
1413 1221 1545 1257 proximis
1560 1222 1653 1250 debita
1667 1230 1711 1249 re-

954 1317 1026 1352 Ergo
1041 1323 1091 1342 nos
1106 1323 1228 1350 quoque,
1242 1320 1281 1349 ut,
1298 1316 1434 1351 tantisper
1445 1316 1558 1344 reducta
1573 1317 1708 1349 oratione,

917 1362 1055 1390 dictorum
1079 1361 1134 1388 vim
1164 1361 1328 1396 compendio
1354 1369 1506 1396 exponam,
1533 1362 1669 1396 siquidem
1694 1370 1710 1390 ει

917 1410 989 1436 malo
1013 1408 1126 1436 liberari
1146 1408 1290 1439 volumus,
1310 1408 1368 1434 Deo
1391 1415 1495 1434 morem
1516 1415 1656 1442 geramus,
1678 1415 1711 1436 ac

917 1454 1093 1482 debitoribus
1106 1454 1209 1481 nostris
1221 1453 1314 1480 debita
1329 1453 1501 1480 dimittamus
1514 1463 1519 1479 :
1536 1452 1564 1480 Si
1576 1454 1644 1480 enim
1658 1461 1711 1480 non

917 1501 1083 1533 dimiserim,
1106 1499 1213 1534 inquit,
1234 1499 1381 1526 hominibus
1405 1503 1510 1534 peccata
1536 1507 1641 1533 eorum,
1661 1507 1712 1527 nec

918 1546 1000 1574 Pater
1011 1550 1096 1573 vester
1109 1545 1219 1572 cwtestis
1236 1545 1349 1572 dimittet
1367 1545 1436 1572 vobis
1447 1545 1484 1578 '3;
1504 1550 1535 1572 ut
1549 1553 1605 1572 non
1622 1545 1710 1573 solum

918 1592 1082 1620 delictorum
1095 1592 1204 1619 veniam
1217 1599 1431 1626 consequamur,
1444 1599 1538 1618 verum
1551 1591 1633 1618 etiam
1648 1599 1711 1626 pec-

918 1639 972 1666 cati
989 1639 1076 1674 legem
1093 1638 1246 1670 vincamus,
1263 1645 1333 1672 quos
1348 1638 1421 1664 Deus
1437 1645 1493 1664 non
1509 1637 1619 1664 deserat
1636 1643 1666 1664 ut
1683 1638 1711 1664 in

918 1684 992 1712 illius
1013 1685 1192 1712 tcntationem
1209 1684 1360 1715 intremus;
1381 1684 1495 1718 ejusque
1510 1683 1711 1718 nequissimum

918 1734 1062 1765 parentem
1080 1731 1246 1765 (serpentem
1264 1729 1370 1756 scilicet
1380 1729 1412 1761 ",
1427 1737 1441 1755 a
1457 1736 1512 1764 quo
1529 1736 1581 1756 nos
1598 1729 1711 1756 liberari

917 1776 1057 1811 rogamus)
1068 1780 1257 1810 proteramus;
1268 1774 1389 1807 Christo,
1399 1775 1445 1809 qui
1457 1775 1590 1801 mundum
1600 1774 1667 1801 vicit
1676 1775 1711 1807 ³ο,

917 1821 999 1849 nobis
1025 1822 1095 1849 duce
1120 1829 1153 1848 ac
1179 1821 1363 1855 imperatore,
1384 1828 1492 1847 necnon
1519 1820 1710 1848 mandatorum

918 1867 995 1895 scitis
1013 1867 1092 1902 quasi
1109 1867 1195 1894 armis
1211 1858 1382 1898 instruente;
1402 1865 1578 1901 legitimoque
1596 1866 1712 1901 abjectis

917 1912 1176 1948 perturbationibus
1198 1917 1281 1946 atque
1302 1911 1392 1943 vitiis,
1413 1911 1572 1939 dilectionis
1593 1911 1711 1939 vinculis

918 1963 1045 1986 naturam
1070 1958 1124 1986 sibi
1145 1958 1426 1993 astringente,_atque
1449 1957 1483 1984 ad
1508 1964 1546 1989 se,
1564 1957 1610 1992 qui
1633 1957 1713 1992 panis

917 2004 990 2036 vitae,
1004 2003 1202 2038 sapientiaeque
1217 2007 1245 2030 et
1261 2003 1383 2030 scientiae
1398 2010 1429 2029 ac
1445 2002 1559 2037 justitiac
1576 2003 1621 2035 sit,
1637 2002 1711 2029 insa-

918 2049 1007 2077 tiabili
1025 2049 1165 2078 desiderio
1181 2049 1332 2084 appetitum
1350 2053 1475 2077 nostrum
1494 2049 1643 2081 illiciente;
1662 2056 1710 2080 ac,

918 2095 966 2130 qui
984 2095 1075 2122 Patris
1090 2095 1260 2132 voluntatem
1277 2094 1495 2129 adimpleamus,
1511 2101 1592 2128 pares
1609 2094 1712 2128 angelis

919 2141 1042 2168 cultores
1056 2148 1089 2168 ac
1105 2141 1266 2168 adoratores
1282 2139 1427 2172 reddente,
1443 2140 1578 2167 institutis
1589 2140 1652 2167 vita:
1667 2148 1712 2167 ra-

920 2187 1043 2214 tionibus
1053 2194 1217 2222 morumque
1229 2186 1386 2221 disciplina,
1397 2194 1452 2221 qua
1467 2185 1505 2213 illi
1518 2186 1624 2221 accepti
1638 2190 1711 2218 sunt,

919 2233 1059 2261 cmlcstem
1073 2233 1137 2260 vitae
1153 2233 1288 2260 rationem
1305 2233 1437 2268 praeclare
1453 2233 1614 2260 temulautcs
1631 2238 1713 2267 atque

919 2279 1074 2306 imitatione
1086 2278 1248 2312 reddentes;
1265 2278 1385 2314 indeque
1399 2287 1494 2306 rursus
1504 2278 1539 2305 ad
1553 2286 1712 2313 supremum

920 2325 1078 2352 divinorum
1094 2333 1240 2352 ascensum
1255 2325 1382 2360 (Patrem
1400 2324 1506 2352 scilicet
1522 2323 1659 2350 luminum
1672 2323 1712 2358 δ’)

921 2369 1080 2403 inducente,
1096 2378 1129 2398 ac
1148 2369 1247 2397 divina:
1267 2374 1410 2397 consortes
1431 2373 1536 2396 natum
1545 2368 1578 2400 ⁵³,
1595 2368 1712 2405 Spiritus

920 2417 1014 2452 gratim
1036 2417 1238 2451 impartitione,
1259 2415 1409 2448 reddente;
1435 2423 1489 2450 qua
1514 2414 1642 2441 nimirum
1664 2414 1711 2440 Dei

921 2463 970 2490 ﬁlii
988 2470 1098 2495 sumus,
1114 2463 1202 2498 ipsum
1224 2463 1284 2497 ejus
1304 2462 1369 2490 doni
1394 2466 1551 2492 auctorem,
1568 2461 1711 2495 Patrisque

920 2512 1018 2536 natura
1032 2508 1131 2536 Filium
1150 2513 1236 2535 totum
1255 2508 1305 2535 loti
1321 2508 1390 2535 citra
1407 2515 1517 2534 omnem
1537 2506 1713 2534 circumscri-

920 2556 1044 2590 ptionem
1060 2555 1223 2582 intemerate
1236 2554 1480 2586 circumferentes;
1497 2561 1529 2581 ex
1543 2561 1608 2588 quo,
1621 2558 1648 2579 et
1663 2559 1712 2587 per

921 2609 1014 2636 quem,
1025 2605 1053 2628 et
1069 2601 1097 2628 in
1109 2608 1174 2635 quo,
1187 2604 1217 2627 ut
1231 2600 1317 2628 simus
1330 2603 1358 2627 et
1369 2607 1529 2627 moveamur
1545 2603 1626 2634 atque
1638 2599 1712 2625 viva-

921 2647 1015 2675 mus"l
1028 2652 1056 2674 et
1071 2647 1204 2674 habemus
1219 2651 1247 2674 et
1259 2645 1381 2674 habituri
1397 2653 1502 2672 sumus.
1518 2667 1522 2672 .

958 2743 998 2770 Ad
1015 2743 1067 2770 hoc
1081 2747 1173 2770 autem
1188 2742 1269 2770 nobis
1282 2741 1463 2770 deiﬁcationis
1477 2741 1635 2776 mysterium
1653 2746 1713 2772 spc-

924 2794 980 2817 ctet
993 2789 1129 2816 orationis
1138 2797 1248 2824 scentis,
1262 2793 1292 2816 ut
1306 2788 1467 2816 noverimus
1480 2787 1560 2823 365
1573 2786 1666 2822 quales
1680 2793 1713 2812 ex

1204 2861 1226 2878 ⁸⁸
1241 2859 1264 2888 ΙΙ
1279 2860 1353 2888 Petr.
1368 2867 1387 2891 ι,
1402 2859 1428 2887 4.
1467 2858 1490 2874 ⁸³
1501 2857 1562 2884 Act.
1580 2865 1643 2890 xvii,
1664 2856 1712 2883 98.

1503 2903 1541 2934 29
