1948 3077
250 141 302 167 .007

835 139 864 167 S.
886 138 1029 168 ΜΑΧΙΜΙ
1049 137 1305 167 CONFESSORIS

1839 138 1891 170 9‘13

248 193 352 227 quibus
368 191 504 226 Unigenili
523 198 573 218 nos
589 198 638 226 per
655 199 768 219 carnem
782 191 936 219 exinanitio
951 191 1036 219 reddi~

1097 191 1248 222 ἀνθόῖων,
1277 191 1350 223 οἴους
1376 192 1450 226 ἡμᾶς
1476 193 1492 228 ἡ
1514 191 1558 219 διὰ
1582 192 1681 227 σαρκὸς
1703 192 1820 224 κένωσις
1843 193 1890 219 τοῦ

249 239 335 269 derit.
352 247 383 265 ar
397 237 479 269 unde,
491 245 546 272 quo
563 237 620 271 (qui
636 237 757 264 intimam
774 245 867 265 rerum
881 237 964 273 hujus
979 238 1042 264 urti-

250 285 321 312 versi
339 283 448 316 sedent,
463 284 538 319 gravi
555 292 606 311 ttos
626 284 730 319 peccati
751 292 835 312 onere
852 284 1040 318 deprimente,

248 330 452 366 receperattttts)
477 329 684 364 benignissima:
707 337 758 357 nos
780 330 899 357 dexterae
921 330 1042 364 polentia

247 377 386 407 cvexcrit,
407 375 613 410 itnpcnsiusque
634 383 698 403 euut
721 376 884 411 diligamus,
903 376 950 411 qui
972 376 1042 402 hanc

247 422 329 450 nobis
357 422 473 449 salutem
501 422 619 456 saptunti
648 422 718 449 adeo
744 422 860 449 consilio
891 422 1040 454 struxerit;

247 469 404 503 nostrisque
421 468 491 496 adeo
506 468 557 503 ipsi
576 468 742 501 actionibus,
759 469 870 503 plenuttt
888 469 1041 495 orationem

247 516 376 543 etl‘ectutn
393 519 582 547 consecutam,
596 520 793 546 monstremus,
807 520 891 549 atque
906 523 980 547 eum,
993 514 1041 549 qui

246 570 311 589 vere
332 569 381 596 per
398 561 514 596 gratiam
530 561 612 587 Pater
629 564 686 592 est,
704 561 789 588 Deum
807 568 857 588 nos
874 560 1040 595 praedicare,

247 608 352 643 liquido
372 607 565 639 ostendamus;
588 614 643 633 non
664 614 731 633 vero
749 614 824 638 ettnt,
840 607 887 642 qui
909 614 958 642 per
975 615 1040 641 pro-

247 655 425 682 brosissimos
448 654 565 681 allectus
585 653 723 688 vitiaque,
747 659 874 681 naturam
897 653 1041 689 tyrannica

248 705 364 729 conatur
376 700 532 735 opprimere
545 707 578 726 ac
588 699 641 727 sibi
655 700 783 727 addicere
798 700 911 736 (malum
924 700 1040 736 scilicet)

249 748 313 775 viue
329 744 381 774 nos
397 750 538 782 parentem
554 746 657 774 habere
673 745 817 773 manifeste
834 745 995 780 prodantur,
1009 754 1041 773 ac

250 793 451 828 imprudentes,
467 793 550 819 vitam
567 795 656 819 morte
669 794 887 824 commutemus;
905 791 1040 826 siquidem

249 839 286 866 ita
305 842 504 873 comparatum,
521 842 552 864 ut
570 843 686 872 uterque
705 837 820 864 clientes
836 844 903 864 suos
919 837 964 864 ltis
979 845 1040 871 qua:

1094 235 1232 268 Μονογενο
1251 244 1264 266 ς
1284 237 1485 271 ἀπειργάσατο·
1506 237 1552 263 καὶ
1566 237 1665 268 πόθεν,
1692 237 1761 270 ποῦ,
1779 238 1845 270 τοὺς
1859 239 1891 265 τὸ

1094 280 1249 308 κατώτατον
1271 282 1317 308 τοῦ
1339 282 1438 314 παντὸς
1455 282 1600 317 εἰληφότας
1621 284 1736 319 χωρίον,
1766 285 1807 316 εἰς
1820 283 1891 321 ὅπερ

1093 329 1166 363 ἡμᾶς
1183 329 1214 354 τὸ
1228 329 1278 364 τῆς
1292 330 1430 364 ἁμαρτίας
1446 330 1528 365 βάρος
1543 331 1681 361 κατέωσε,
1698 331 1815 366 δυνάμει
1830 332 1891 366 φιλ-

1093 373 1240 410 ἁνθρώπου
1256 376 1349 410 χειρὸς
1363 375 1518 402 ἀνεϐίϐασε·
1539 378 1587 403 καὶ
1604 377 1686 403 πλέον
1699 378 1890 413 ἀγαπήσωμεν

1092 419 1138 446 τὸν
1153 420 1254 456 ταύτην
1268 420 1339 447 οὕτω
1353 421 1442 455 σοφῶς
1454 422 1520 456 ἡμῖν
1534 422 1583 457 τὴν
1595 422 1734 458 σωτηρίαν
1746 424 1891 458 ἑτοιμασά-

1095 475 1175 501 μενον
1185 476 1192 483 ·
1223 467 1270 494 καὶ
1291 467 1324 494 δι’
1335 464 1372 494 ὧν
1389 468 1545 503 πράττομεν
1558 488 1564 498 ,
1592 467 1725 504 δείξωμεν
1739 469 1792 504 τὴν
1806 475 1893 504 προσ-

1093 513 1176 548 ευχὴν
1203 513 1415 548 πληρουμένην,
1445 513 1492 539 καὶ
1514 512 1559 539 τὸν
1584 513 1691 548 ἀληθῶς
1717 515 1790 541 κατὰ
1811 515 1892 550 χάριν

1093 558 1203 594 Πατέρα
1227 559 1293 585 Θεὸν
1317 559 1447 594 φανῶμεν
1469 560 1668 594 κηρύττοντες*
1696 560 1766 587 ἀλλὰ
1791 561 1828 596 μὴ
1847 561 1892 587 Eri

1092 605 1145 630 τῶν
1162 605 1257 631 παθῶν
1272 605 1322 640 τῆς
1335 605 1463 640 ἀτιμίας,
1489 606 1534 632 τὸν
1549 606 1593 633 ἀεὶ
1606 607 1777 642 τυραννικῶς
1792 607 1892 634 δεσπό-

1092 651 1150 682 ζειν
1183 651 1374 686 ἐπιχειροῦντα
1408 652 1457 687 τῆς
1483 652 1591 687 φύσεως
1614 653 1751 688 πονηρὸν.
1781 653 1891 688 ἔχοντες

1092 696 1138 722 τοῦ
1155 696 1213 731 βίου
1228 697 1334 732 πατέρα
1351 697 1444 731 σαφῶς
1460 699 1675 733 ἀποδειχοῶμεν,
1701 699 1748 726 καὶ
1763 700 1891 735 λάθωμεν

1092 742 1165 777 ζωῆς
1189 742 1479 776 ἀντικαταλλάττοντες
1502 744 1634 771 θάνατον·
1660 746 1813 782 ἐπειδήπερ
1835 748 1891 774 τῶν

1092 788 1249 820 προσόντων
1275 789 1406 824 ἑκάτερος
1436 789 1541 825 [οταν-9.
1560 791 1573 816 ὁ
1588 791 1654 822 Θεὸς
1671 791 1812 826 δηλονότι,
1842 795 1890 819 καὶ

1091 834 1105 860 ὁ
1115 833 1250 870 διάϐολος]
1261 836 1317 866 τοῖς
1330 836 1520 872 προσχωροῦσι
1533 837 1669 863 ποιεῖσθαι
1684 838 1829 872 μετάδοσιν
1841 839 1891 866 πέ-

248 889 399 920 suppetttnt
413 883 601 919 impartiatur;
618 883 658 910 sic
673 883 803 910 nimirum
821 887 851 910 ut
867 883 912 910 ille
927 882 1036 918 quidem

1092 887 1187 914 cpaxsv'
1205 882 1218 906 ὁ
1233 881 1292 915 μὲν,
1320 881 1404 908 ἀΐδιον
1416 881 1488 916 ζωὴν
1503 883 1559 913 τοῖς
1572 882 1717 915 ἀγαπῶσιν
1731 883 1814 910 αὐτὸν
1826 893 1890 919 χορ.

246 932 333 959 vitam
350 935 494 961 :cternam.
512 930 565 962 his,
584 929 632 964 qui
651 929 740 964 ipsutn
758 929 886 964 diligunt,
903 927 1040 956 submini-

246 980 328 1009 stret;
343 975 387 1002 ltic
400 983 477 1006 vero,
488 974 541 1007 Itis,
553 974 599 1009 qtti
613 973 646 1001 ad
661 975 750 1009 ipsum
764 973 911 1004 accedunt,
923 977 1040 1001 mortem

246 1022 387 1058 importet,
401 1029 496 1048 earnm
511 1020 686 1056 suggestione
701 1020 896 1052 tentationum,
908 1028 971 1055 qua:
983 1027 1037 1048 non

246 1067 428 1096 illubcntibus
443 1066 525 1094 nobis
542 1066 715 1101 ingeruntur.

280 1113 386 1148 Duplex
410 1111 484 1138 enim
504 1116 546 1138 est
572 1111 716 1145 (quantum
741 1118 775 1137 ex
795 1110 938 1145 Scriptura
955 1110 1041 1138 disci-

246 1157 318 1193 mus)
348 1157 508 1185 tentationis
534 1164 643 1192 genus:
675 1163 793 1190 quorum
820 1157 951 1187 alterum,
976 1157 1040 1184 libi-

246 1205 339 1231 dinem
360 1202 464 1234 habet;
495 1202 624 1233 alterum,
652 1201 775 1228 dolerent
804 1209 836 1229 ac
865 1202 1038 1234 cruciatum;

245 1255 327 1284 atque
343 1249 471 1279 alterum,
497 1256 511 1274 a
536 1248 622 1274 liltera
646 1248 788 1275 voluntate
815 1253 878 1279 est;
903 1248 1037 1279 alterum,

245 1295 340 1323 invitis
366 1294 494 1322 infertur.
515 1293 553 1320 Ac
578 1293 644 1320 illud
668 1293 791 1328 quidem,
807 1294 913 1328 peccati
938 1301 1038 1327 parcns

244 1346 297 1373 est,
321 1341 347 1368 itt
385 1339 459 1374 quod
479 1346 559 1366 orare
581 1339 661 1366 nobis
686 1343 853 1373 praeceptum
884 1343 938 1368 est,
959 1339 1038 1374 juxta

244 1387 354 1415 Domini
379 1386 545 1416 doctrinam,
570 1392 604 1411 ne
621 1385 766 1417 intremus,
787 1393 848 1411 cttm
866 1385 906 1412 ait
924 1394 931 1412 :
957 1385 990 1413 El
1004 1394 1038 1412 ne

245 1442 292 1460 nos
313 1433 413 1467 inferas
441 1432 467 1458 in
493 1431 734 1458 trtitationcnt.'Et
757 1431 902 1467 :Vigilate,
929 1437 958 1458 ut
986 1440 1039 1459 non

244 1478 347 1506 intretis
361 1478 388 1504 in
412 1477 586 1504 tetttationem
599 1476 636 1509 “;
656 1477 728 1504 istud
745 1485 821 1509 vero,
842 1478 946 1512 peccati
965 1479 1037 1506 ultor

245 1528 298 1555 est,
324 1524 379 1554 ltts,
405 1530 475 1557 quos
495 1522 589 1550 invitis
615 1522 744 1549 inductos
762 1524 941 1557 sustinemus,
958 1524 1036 1551 labo-

1091 925 1176 960 ηγῶν·
1193 927 1207 952 ὀ
1219 926 1257 958 δὲ,
1274 926 1388 953 θάνατον
1401 928 1433 962 τῇ
1446 927 1500 954 τῶν
1512 928 1645 955 ἑκουσίων
1657 929 1777 965 ὑποδολῇ
1792 938 1889 966 πειρα-

1093 971 1170 1006 σμῶν
1183 972 1239 1004 τοῖς
1254 971 1409 1006 ἐγγίζουσιν
1420 973 1552 1007 ἐμποιῶν.

1126 1107 1218 1139 Διττδς
1246 1108 1300 1143 γὰρ
1340 1109 1411 1139 κατὰ
1435 1107 1484 1143 τὴν
1506 1108 1618 1145 Γραφῇ-ι
1646 1109 1700 1136 τῶν
1724 1111 1888 1146 πειρασμῶν

1089 1154 1104 1180 ὁ
1115 1154 1224 1188 τρέποιτ’
1243 1156 1256 1181 ὁ
1271 1154 1331 1189 μὲν,
1349 1155 1483 1190 ἡδονικὸς,
1498 1157 1511 1182 ὁ
1524 1155 1562 1188 δὲ,
1578 1156 1716 1191 ὀδυνηρό,·
1734 1159 1781 1184 καὶ
1796 1159 1810 1184 ὀ
1823 1159 1885 1193 μὲν,

1091 1199 1301 1234 προαιρετικὸς,
1320 1201 1334 1226 ὀ
1359 1200 1401 1233 δὲ,
1427 1201 1618 1237 ἀπροαίρετος,
1648 1203 1703 1228 Καὶ
1724 1204 1738 1229 ὁ
1761 1205 1812 1238 μὲν
1835 1205 1887 1239 τῆς

1090 1245 1228 1279 ἁμαρτίας
1251 1247 1400 1281 γεννήτωρ,
1415 1247 1454 1277 εἰς
1476 1246 1505 1273 ὃν
1526 1247 1667 1280 εἰσελθεῖν,
1691 1249 1762 1276 κατά
1775 1250 1825 1284 τὴν
1838 1251 1886 1277 τοῦ

1090 1291 1192 1326 Κυρίου
1207 1291 1328 1327 διδαχὴν,
1344 1292 1511 1327 ἀπεύχεσθαι
1527 1294 1754 1329 προσετάγημεν,
1767 1296 1887 1329 φάσκον-

1089 1345 1144 1367 τος·
1161 1337 1213 1364 lt'ul
1227 1337 1270 1371 μὴ
1283 1338 1459 1373 εἰσενέγκῃς
1473 1338 1552 1373 ἡμᾶς
1566 1341 1610 1373 εἰς
1623 1343 1801 1376 πειρασμόν.
1819 1344 1884 1374 Καὶ.

1089 1383 1283 1418 Γρηγορεῖτε,
1300 1384 1348 1410 καὶ
1367 1386 1584 1419 προσεύχεσθε,
1607 1386 1658 1413 ἵνα
1669 1387 1712 1421 μὴ
1727 1389 1887 1423 εἰσέλθητε

1088 1429 1132 1460 εἰς
1143 1430 1320 1463 πειρασμόν·
1337 1430 1351 1456 ὁ
1364 1429 1403 1462 δὲ,
1425 1431 1474 1465 τῆς
1491 1431 1630 1466 ἁμαρτίας
1645 1433 1777 1469 τιμωρὸς,
1801 1435 1887 1462 ἀκου-

1089 1472 1157 1504 σίοις
1182 1473 1270 1500 πόνων
1289 1474 1434 1509 ἐπιφοραῖς
1451 1475 1499 1510 τὴν
1516 1475 1746 1512 φιλαμαρτὴμονα
1763 1479 1886 1511 χοὶάζων

1087 1517 1224 1546 διάοεσινο
1253 1519 1282 1545 ὃν
1298 1520 1324 1546 ετ
1344 1528 1387 1552 τις
1411 1520 1564 1558 ὑπομείνῃ,
1584 1523 1631 1549 καὶ
1650 1524 1769 1558 μάλιστα
1785 1526 1887 1559 κακίας

244 1569 333 1600 ribus,
347 1568 450 1603 peccati
466 1572 603 1595 amantem
618 1568 741 1595 animum
771 1569 922 1604 castigans;
939 1569 1035 1597 istius-

1089 1564 1162 1599 ἥλοις
1189 1564 1238 1590 οὐκ
1261 1566 1493 1601 ὲμπεπαρμένος,
1524 1568 1670 1596 ἀκούσεται
1691 1570 1740 1597 τοῦ
1764 1572 1886 1605 μεγάλου

244 1615 319 1642 modi
344 1614 522 1642 tentationem
545 1614 567 1641 si
585 1614 647 1649 quis
670 1614 835 1642 sustinuerit
860 1616 894 1650 (is
918 1616 1036 1643 maxime

243 1660 291 1695 qtti
315 1659 443 1686 vitiorum
461 1667 493 1686 ac
518 1659 649 1694 nequitite
670 1659 755 1686 clavis
771 1659 883 1687 minime
911 1660 1037 1688 conﬁxus

244 1706 290 1742 sit)
307 1705 416 1732 beatum
429 1705 562 1732 Jacobum
582 1704 684 1732 diserte
705 1705 869 1732 clamantem
889 1705 1036 1733 auditurus

243 1756 308 1778 est:
333 1751 415 1778 Omne
446 1751 573 1786 gaudium
601 1751 761 1784 existimate,
787 1751 895 1785 fratres,
917 1760 982 1778 .cum
1009 1753 1036 1778 in

243 1798 400 1825 tentationes
430 1799 520 1825 varias
545 1797 706 1830 iucidert'tis;
738 1798 802 1832 quia
830 1798 950 1833 probatio
973 1798 1037 1832 ﬁdei

242 1848 334 1871 vestra!
358 1844 514 1879 patientiam
538 1847 682 1878 operatur;
705 1844 835 1878 patientia
857 1848 947 1871 autent
972 1852 1035 1878 pro-

242 1891 394 1924 bationem;
408 1890 528 1926 probatio
551 1894 639 1918 autem
655 1898 721 1926 opus
740 1890 884 1925 perfectum
896 1890 991 1917 habeat
1003 1891 1034 1917 ⁸⁵.

242 1937 396 1972 Utrumque
421 1941 513 1964 autem
537 1936 721 1964 tentationum
737 1943 825 1971 genus
847 1936 915 1970 (tum
930 1935 1036 1962 scilicet

242 1991 338 2010 earum
365 1990 426 2017 qua:
455 1990 470 2010 a
495 1982 636 2010 voluntate
659 1986 741 2015 sunt,
759 1987 816 2010 tum
837 1989 897 2016 qtae
911 1981 1035 2009 exterius

243 2028 417 2064 ingeruntur)
437 2028 555 2063 maligne
577 2035 718 2062 pravoque
732 2027 847 2055 consilio
862 2027 951 2054 malus
968 2035 1035 2061 per-

243 2074 369 2109 sequitur
399 2073 534 2107 enixeque
567 2076 662 2104 curat;
684 2071 805 2107 pritttum
836 2071 948 2106 quidem
975 2071 1034 2106 ipse

243 2116 416 2148 seminando,
444 2115 622 2150 corporisque
636 2115 808 2150 voluptatum
825 2115 955 2142 illccebra
972 2115 1033 2142 ani~

242 2170 318 2189 mum
342 2160 514 2197 proliciendo
536 2168 567 2187 ac
593 2160 737 2192 irritando,
754 2165 784 2188 ut
804 2168 824 2188 .a
853 2160 946 2188 divina
962 2161 1033 2188 dile-

242 2207 334 2234 ctione
363 2206 544 2242 cupiditatem
568 2209 682 2237 avocet;
713 2206 830 2233 alterum
857 2213 940 2237 vero,
971 2209 1032 2233 astu

1086 1610 1233 1646 διαρρήδην
1258 1611 1373 1646 βοῶντος
1388 1612 1535 1640 Ἰακώϐου·
1562 1615 1670 1642 Πᾶσαν
1691 1617 1790 1651 χαρὰν
1811 1619 1887 1654 ἡγή-

1087 1657 1194 1687 σασθε,
1206 1655 1332 1690 ἀδελφοί
1341 1666 1410 1692 μου,
1426 1658 1499 1686 ὅταν
1512 1662 1688 1695 πειρασμοῖς
1704 1664 1888 1698 περιπέσητε

1087 1702 1251 1735 ποικίλοις.
1281 1702 1326 1729 ὅτι
1348 1703 1382 1730 τὸ
1407 1704 1543 1740 δοκίμιον
1566 1706 1650 1741 ὑμῶν
1672 1708 1727 1742 τῆς
1752 1711 1887 1744 πίστεως

1088 1748 1249 1782 ὑπομονὴν
1263 1750 1467 1785 κατεργάζεται
1476 1759 1483 1767 ”
1499 1752 1518 1785 ’ὴ
1531 1752 1565 1778 δὲ
1575 1754 1724 1788 ὑπομονὴ,
1736 1755 1867 1791 δοκιμήν
1876 1766 1884 1773 ·

1086 1794 1105 1827 ἡ
1119 1793 1152 1820 δὲ
1168 1794 1285 1830 δοκιμὴ,
1303 1797 1391 1831 ἔργον
1403 1797 1521 1824 τέλειον
1533 1798 1635 1832 ἐχέτω.
1657 1800 1842 1837 Ἀμφοτέρους
1854 1804 1885 1830 δὲ

1086 1839 1150 1871 τοὺς
1166 1843 1346 1875 πειρασμοὺς,
1369 1843 1415 1870 τὸν
1429 1843 1554 1872 ἑκούσιόν
1566 1854 1594 1872 τε
1619 1847 1725 1874 καὶτὸν
1742 1849 1884 1883 ἀκούσιον¹

1087 1884 1213 1920 περιέπει
1236 1886 1400 1922 κακούργως
1419 1889 1434 1915 ὁ
1454 1890 1587 1925 πονηρός·
1616 1891 1662 1918 τὸν
1676 1891 1737 1927 μὲν¹
1762 1894 1885 1930 σπείρων

1087 1931 1134 1958 καὶ
1151 1931 1309 1967 διερεθίζων
1323 1933 1371 1968 τὴν
1386 1933 1475 1970 ψυχὴν
1487 1936 1593 1971 ἡδοναῖς
1600 1934 1742 1972 σώματος,
1759 1940 1885 1977 ἀποστῆ-

1087 1985 1132 2003 σαι
1158 1977 1208 2012 τῆς
1236 1977 1310 2010 Θείας
1333 1980 1443 2015 ἀγάπης
1474 1981 1522 2016 τὴν
1546 1981 1638 2016 ἔφεσιν
1662 1985 1883 2020 μηχανώμενος·

1085 2022 1130 2049 τὸν
1144 2023 1172 2049 δὲ
1191 2025 1356 2058 σοφιστικῶς
1373 2025 1535 2059 ὲξαιτεῖται,
1554 2027 1587 2054 δι’
1596 2027 1693 2063 ὀδύνης
1708 2030 1818 2067 φθεῖραι
1834 2033 1884 2067 τὴν

1085 2068 1165 2103 φύσιν
1191 2069 1361 2105 βουλόμενος,
1392 2071 1434 2099 ἵνα
1459 2072 1587 2108 βιάσηται
1607 2075 1655 2110 τὴν
1671 2075 1771 2111 ψυχὴν,
1786 2078 1884 2114 ἀτονία

1085 2115 1174 2143 πόνων
1188 2116 1407 2151 καταϐληοεῖσαν
1417 2138 1424 2150 ,
1455 2120 1524 2155 πρὸς
1537 2121 1587 2157 τὴν
1601 2121 1647 2147 τοῦ
1662 2122 1807 2155 κτίσαντος
1821 2124 1884 2152 δια-

1085 2161 1167 2196 ϐολὴν
1184 2162 1294 2197 κινῆσαι
1309 2164 1372 2193 τοὺς
1386 2163 1544 2200 λογισμούς.

1069 2205 1151 2241 366
1173 2206 1326 2242 lraudcque
1373 2208 1562 2244 deposcendo.
1598 2211 1651 2240 hoc
1675 2219 1822 2249 satagens.
1852 2222 1884 2244 ιιι

242 2254 337 2281 dolore
361 2260 392 2280 ac
424 2251 548 2279 cruciatu
580 2251 741 2279 labefactata
757 2257 865 2285 natura,
887 2253 1008 2280 anintunt
1041 2253 1181 2281 laboribus
1215 2253 1388 2282 fatiscentem
1409 2255 1444 2282 ad
1474 2256 1613 2285 Creatoris
1634 2259 1762 2294 injuriant
1786 2270 1819 2289 ac
1834 2271 1882 2290 ea-

243 2300 376 2328 luntttiant
405 2303 493 2334 cogat.

276 2345 331 2372 Nos
357 2352 434 2375 vero,
455 2352 528 2379 quos
550 2352 604 2372 non
631 2345 734 2371 lateant
756 2345 820 2372 tttali
846 2346 970 2377 consilia,
1004 2346 1031 2373 id
1048 2354 1071 2384 ι)

241 2390 352 2426 quidem
375 2398 462 2425 genus
481 2390 642 2417 tentationis
664 2390 738 2425 quod
757 2391 898 2419 voluntate
929 2392 1030 2420 comite

239 2442 292 2469 cst,
305 2437 498 2471 deprecentur,
511 2443 546 2463 tte
561 2443 577 2462 a
592 2436 685 2463 divina
698 2436 846 2465 dilectione
862 2438 1030 2465 desiderium

239 2481 323 2508 animi
349 2480 544 2508 abstraltamus
562 2489 568 2506 :
586 2481 659 2515 qttod
683 2486 776 2508 autem
799 2482 949 2509 violentum
976 2487 1028 2515 est,

239 2535 301 2554 cuttt
335 2527 384 2554 Dei
413 2527 549 2562 permissu
578 2532 702 2562 nutuque
734 2528 886 2561 advenerit,
917 2535 1029 2556 strenue

239 2572 358 2607 fortique
374 2573 467 2600 anitno
486 2573 690 2606 sustineantus,
709 2578 739 2600 ttt
759 2579 864 2602 natura:
881 2576 1028 2603 Auctorettt

239 2618 291 2652 ipsi
319 2618 393 2645 clare
429 2622 534 2646 natura;
562 2627 612 2645 nos
643 2620 799 2654 praetulisse
830 2624 1028 2648 ntonstremur.

239 2662 348 2691 Utinam
368 2671 435 2690 vero
451 2671 548 2690 omnes
563 2663 610 2698 qui
624 2671 723 2691 nomen
740 2664 848 2691 Domini
864 2665 950 2692 nostri
963 2666 1027 2693 Jesu

236 2708 338 2736 Christi
360 2709 529 2742 invocamus,
549 2715 607 2737 tum
631 2718 645 2737 a
664 2710 725 2737 vitre
753 2711 833 2745 hujus
854 2711 1027 2739 delectabili-

239 2754 367 2790 bus,qu:c
383 2755 446 2782 ntali
457 2756 812 2792 suggestioneingeruntur,
826 2763 882 2784 tum
896 2765 911 2784 a
926 2757 1026 2785 futurrc

272 2842 293 2857 "
308 2842 403 2870 ιιαιιιι.
418 2851 489 2873 tum.
508 2844 551 2871 41.
590 2845 612 2860 ⁸⁸
629 2845 686 2872 Jac.
704 2853 722 2876 ι,
737 2845 770 2878 ‘2;
790 2846 866 2873 Rom.
883 2853 909 2878 ν,
923 2846 951 2873 4.

1126 2347 1151 2372 ’Λ
1156 2346 1195 2373 λλ¹
1205 2348 1253 2373 ἐπε
1258 2348 1393 2381 γνωκότες
1406 2348 1486 2383 ἡμεῖς
1500 2349 1547 2375 τοῦ
1564 2359 1630 2386 πονη
1636 2351 1682 2386 ροῦ
1698 2352 1731 2379 τὰ
1744 2355 1792 2388 νοή
1797 2364 1847 2388 ματ
1852 2365 1881 2386 α,

1080 2391 1126 2419 τὸν
1149 2393 1198 2427 μὲν
1222 2393 1345 2420 ἑκούσιον
1369 2394 1554 2430 timuimus-0a
1580 2398 1750 2433 πειρασμὶν,
1781 2400 1824 2426 ἵνα
1843 2402 1882 2436 μὴ

1080 2438 1130 2472 τῆς
1145 2438 1217 2470 Θείας
1241 2439 1350 2474 ἀγάπης
1366 2439 1414 2475 τὴν
1429 2440 1522 2475 ἔφεσιν
1538 2442 1740 2479 ἀποστήσωμεν
1750 2453 1756 2460 ·
1789 2446 1836 2472 τὸν
1852 2448 1879 2474 ἰὲ

1081 2484 1208 2511 ἀκούσιον
1239 2486 1422 2520 ἐπερχόμενον
1451 2489 1625 2524 συγχωρήσει
1648 2490 1716 2517 Θεοῦ
1742 2494 1879 2525 γενναίως

1081 2530 1282 2566 ὑπομείνωμεν,
1309 2533 1354 2559 ἵνα
1367 2533 1496 2568 φανῶμεν
1513 2537 1746 2571 προτετιμηκὸτες
1762 2539 1811 2573 τῆς
1828 2541 1879 2574 φξ-

1081 2585 1166 2609 σεως,
1192 2577 1237 2603 τὸν
1258 2577 1368 2612 κτίστην
1389 2580 1438 2614 τῆς
1458 2579 1574 2614 φύσεως.
1607 2582 1715 2609 Γένοιτο
1729 2583 1758 2610 δὲ
1775 2585 1879 2618 πάντες

1080 2623 1152 2657 ἡμᾶς
1166 2624 1229 2654 τοὺς
1242 2624 1473 2660 ἐπικαλουμένους
1483 2626 1513 2653 τὸ
1526 2627 1611 2663 ὄνομα
1624 2628 1671 2654 τοῦ
1685 2629 1787 2662 Κυρίου
1800 2631 1879 2666 ἡμῶν

1086 2668 1174 2703 Ἰησοῦ
1190 2670 1309 2704 Χριστοῦ
1323 2691 1330 2703 ,
1358 2671 1413 2698 τῶν
1429 2680 1458 2698 τε
1473 2673 1519 2699 νῦν
1535 2673 1621 2708 ἡδέων
1635 2675 1681 2701 τοῦ
1694 2677 1815 2711 πονηροῦ
1830 2678 1879 2704 λυ-

1078 2715 1232 2750 τρωθῆναι,
1262 2717 1309 2743 καὶ
1328 2718 1383 2744 τῶν
1404 2719 1554 2753 μελλόντων
1572 2721 1704 2754 ἀλγεινῶν
1723 2722 1877 2759 ἐλευθερίως

1080 2759 1175 2794 θῆναι,
1207 2762 1238 2796 τῇ
1269 2762 1375 2796 μεθέξει
1400 2763 1449 2798 τῆς
1473 2764 1533 2791 κατ’
1548 2762 1617 2798 εἶδος
1643 2766 1697 2793 τῶν
1721 2767 1876 2802 μελλόντων
