1948 3077
109 133 163 164 9l3

748 133 864 163 LIBER
882 133 1098 164 ASCETICUS.

1682 136 1734 169 9H

106 192 231 227 ζομὲνων
255 191 325 226 ὑπὲρ
348 191 396 226 τῆς
419 190 523 217 ἑαυτῶν
550 191 686 225 σωτηρίας
708 189 825 224 φυλάξαι
849 189 898 220 τὰς

952 197 981 216 ac
994 189 1202 216 sanctimoniam
1224 190 1338 221 tribuat,
1353 193 1519 225 praestetque
1532 191 1664 218 auxilium
1682 193 1736 226 his,

106 237 218 268 ἐντολὰς
237 237 332 264 αὑτοῦ.
347 233 430 268 Οὗτος
452 234 485 272 ἦν
503 237 518 263 ὁ
532 236 633 267 σκοπὸς
656 237 706 272 τῆς
727 235 774 263 τοῦ
793 235 896 270 Κυρίου

106 283 353 318 ὲνανθρωπήσεως,
368 283 406 315 ὡς
421 284 450 310 ἐν
468 283 593 318 συντόμῳ
609 283 707 309 εἰπεῖν.

143 374 176 409 β’.
190 374 269 401 Καὶὸ
289 373 416 407 Ἀδελφὸς
427 370 504 399 εἷω·
522 372 604 404 Ποίας
617 370 664 399 οὖν
678 371 786 402 ἐντολὰς
799 371 897 406 ὀφείλω

106 421 243 455 ποιῆσαι,
260 419 369 454 Πάτερ,
388 419 431 444 ἵνα
448 418 481 444 δι’
499 418 591 445 αὸιῶν
616 418 706 451 σωθῶ,
722 417 818 453 ἤθελον
837 426 897 444 συν-

106 465 200 499 τόμως
226 463 351 490 ἀκοῦσαι.
376 464 431 490 Καὶ
453 463 590 498 ἀπεκρίθη
609 465 623 490 6
648 463 737 498 γέρων
756 471 762 477 ·
780 462 868 493 Αὐτὸς
884 464 898 489 ὁ

107 511 211 545 Κύριος
231 507 291 536 εἷπε
311 509 380 544 μετὰ
397 509 446 544 τὴν
469 510 619 536 ἀνάστασιν
643 510 699 541 τοῖς
726 508 895 539 ἀποστόλοις·

107 555 318 589 Πορευθέντες,
342 555 552 590 μαθητεύσατε
569 554 669 582 ,πάντα
687 554 724 581 τὰ
744 554 817 587 ἔθνη
828 554 898 586 ’βα-

107 602 261 634 πτίζοντες
273 601 385 634 αὐτοὺς
407 602 450 634 εἰς
465 602 498 628 τὸ
520 601 614 635 ὄνομα
632 600 686 628 τοῦ
713 600 828 634 [ἰατρὸς
847 599 897 626 καὶ

107 647 162 674 τοῦ
179 647 246 674 Υίοῦ
262 647 311 673 καὶ
324 647 376 674 τοῦ
395 647 482 682 ἁγίου
504 646 675 680 Πνεὺματος
687 654 693 660 ·
703 644 898 677 διδάσκοντες

107 693 220 725 αὐτοὺς
230 692 330 726 τηρεῖν
337 692 435 718 πάντα
448 692 507 718 ὅσα
519 691 714 729 ἐνετειλάμην
724 691 805 724 ὑμῖν.
817 690 898 715 Ὥστε

107 736 155 765 οὖν
165 739 216 765 ὅσα
232 738 384 765 ἐνετείλατο
400 738 441 764 δεῖ
461 739 554 773 τηρεῖν
565 758 572 769 ,
583 737 672 765 πάντα
693 737 837 772 ἄνθρωπον
851 735 898 771 βα-

107 784 258 811 πτισθέντα
276 785 316 815 ei;
331 784 362 810 τὸ
379 784 465 820 ὄνομα
477 785 526 819 τῆς
541 783 674 816 ζωοποιοῦ
690 784 737 811 καὶ
749 784 898 820 θεαρχικῆς

109 831 236 866 Τριάδος.
249 831 351 857 Τούτου
364 830 418 866 γὰρ
432 831 512 865 χάριν
527 832 558 866 τῇ
576 830 643 866 ὀρθῇ
660 829 750 857 πίστει
767 831 781 857 6
797 831 898 865 Κύριος

107 878 159 912 τὴν
175 877 270 903 πασῶν
284 877 339 904 τῶν
365 876 481 904 ἐντολῶν
507 876 651 909 συνέζευξε
667 877 798 912 τήρησιν·
812 876 849 908 ὡς
861 876 899 902 εί-

107 921 172 952 ὂὼς,
192 921 232 947 ὅτι
249 921 389 956 ἀμήχανον
403 921 452 956 τὴν
470 921 534 956 μίαν
550 921 755 956 διαζευχοεῖσαν
767 920 817 956 τῆς
834 921 899 956 μιᾶς

109 966 210 998 σώζειν
231 967 276 992 τὸν
301 967 455 1001 ἄνθρωπον.
475 966 524 993 Διὰ
545 966 625 992 τοῦτο
653 967 700 992 καὶ
722 966 736 992 ὁ
754 965 836 992 Δαϐὶδ
850 964 899 1000 τὴν

107 1013 193 1048 ὀρθὴν
227 1012 318 1039 πίστιν
341 1012 410 1047 ἔχων
423 1032 431 1043 ,
449 1011 518 1047 πρὸς
544 1012 590 1038 τὸν
612 1011 678 1039 Θεὸν
705 1011 781 1046 ἔλεγε
795 1019 802 1027 ·
822 1011 899 1045 Πρὸς

108 1057 213 1091 πάσας
229 1059 283 1090 τὰς
304 1058 431 1091 ἐντολάς
452 1066 511 1085 σου
542 1058 774 1093 κατωρθούμην·
796 1056 900 1085 πᾶσαν

107 1103 183 1130 ὁδὸν
195 1103 448 1138 ἀδικονέμίσησα.
458 1103 536 1130 Κατὰ.
551 1104 604 1139 γὰρ
619 1103 708 1138 πάσης
723 1103 782 1130 ὀδοῦ
795 1103 898 1135 ἀδίκου,

108 1151 196 1177 πᾶσαι
211 1151 276 1185 ἡμῖν
290 1151 318 1176 αἱ
336 1149 443 1176 ἐντολαὶ
458 1150 510 1176 ὑπὸ
533 1150 580 1176 τοῦ
597 1150 700 1185 Κυρίου
717 1149 898 1185 δεδώρηνται’

108 1197 157 1223 καὶ
177 1196 225 1222 ἐὰν
253 1195 424 1232 παραλειφοῇ
454 1196 589 1231 μία,τὴν
613 1196 805 1231 ἀντικειμένην
830 1196 899 1232 αὐτῇ

107 1242 170 1269 ὁδὸν
179 1242 229 1276 τῆς
239 1242 339 1273 κακίας
350 1241 505 1276 ἀντεισάγει
519 1241 637 1273 πάντως.

147 1333 183 1363 γ’.
194 1329 248 1356 Καὶ
263 1328 339 1356 εἶπεν
351 1331 365 1357 ὁ
387 1330 523 1365 Ἀδελφός·
540 1330 595 1357 Καὶ
611 1330 652 1362 τίς
664 1330 785 1363 δύναται,
797 1331 900 1366 Πάτερ,

108 1376 213 1413 [πάσας
225 1376 274 1408 τὰς
287 1376 546 1408 ἐντολὰς,τοσαύτας
559 1385 590 1411 γε
598 1376 690 1409 οὕσας,
706 1378 792 1404 ποιεῖν
804 1385 812 1410 ;
830 1378 900 1413 Ἔφη

107 1425 124 1450 ὁ
141 1424 249 1458 γέρων·
271 1423 299 1449 '0
321 1423 367 1449 τὸν
393 1423 495 1458 Κύριον
523 1423 726 1458 ἐκμιμούμενος
739 1444 746 1455 ,
766 1424 812 1450 καὶ
840 1423 901 1450 κατ’

109 1469 184 1503 ἴχνος
199 1468 273 1503 αὐτῷ
287 1467 489 1494 ἐπακολουθῶν.
506 1468 561 1494 Καὶ
572 1465 649 1494 εἶπεν
665 1469 680 1494 6
701 1468 835 1502 Ἂδελφός·
847 1468 901 1494 Καὶ

107 1515 150 1546 τίς
161 1513 284 1549 δύναται]
299 1515 344 1540 τὸν
362 1513 463 1548 Κύριον
485 1513 698 1549 μιμήσασθαι;ὑ
720 1514 774 1548 γὰρ
798 1515 900 1550 Κύριος
912 1530 936 1561 c

106 1559 143 1597 ἦν
156 1560 234 1592 Θεὸς,
252 1561 276 1586 εἰ
287 1559 334 1586 καὶ
348 1559 396 1586 ἄνθ
401 1568 490 1595 ρωπος
503 1559 613 1594 γέγονεν
622 1568 629 1575 ·
645 1559 700 1594 ἐγὼ
713 1560 740 1586 δὲ
754 1560 802 1587 ἄνθ
807 1561 899 1595 ρωπός

109 1607 169 1642 εἰμι
185 1605 356 1641 ἁμαρτωλὸς,
369 1605 416 1632 καὶ
434 1605 542 1640 μυρίοις
565 1605 663 1632 πάθεσι
681 1605 878 1641 δεδουλωμένος
891 1615 897 1622 ·

108 1652 170 1683 πῶς
185 1650 232 1678 οὖν
245 1651 364 1686 δύναμαι
380 1651 426 1677 τὸν
452 1650 553 1686 Κύριον
577 1651 766 1686 μιμήσασθαι;
779 1652 833 1679 Καὶ
847 1652 899 1679 ἀπρ

108 1697 208 1734 ειρίϐη
226 1698 240 1724 ὁ
255 1697 342 1732 γέρων
355 1705 362 1712 ·
380 1696 440 1723 Τῶν
456 1698 489 1732 τῇ
514 1696 564 1731 ὕλῃ
578 1695 625 1722 τοῦ
647 1696 749 1731 κόσμου
769 1696 898 1724 δεδουλω-

110 1743 212 1778 μένων.
230 1743 315 1773 οὐδεὶς
339 1742 450 1768 δύναται
475 1742 520 1769 τὸν
544 1741 646 1776 Κύριον
675 1742 858 1777 μιμήσασθαι’
874 1743 898 1768 οί

108 1789 139 1817 δὲ
151 1789 295 1824 δυνάμενοι
311 1788 399 1822 λέγειν
410 1797 416 1803 ·
431 1787 509 1815 Ἰδοὺ
524 1787 608 1822 ἡμεῖς
624 1788 782 1821 ἀφήκαμεν
791 1787 898 1820 πάντα,

108 1836 159 1863 καὶ
174 1833 429 1869 ἠκολουθήσαμέν
439 1842 488 1861 σοι
500 1843 506 1848 -
520 1834 619 1861 ἐκεῖνοι
633 1833 802 1869 λαμϐάνουσι
824 1834 914 1861 δύναι’

110 1891 158 1917 μιν
177 1880 225 1908 τοῦ
242 1889 272 1907 τε
295 1880 467 1916 μιμήσασθαι
486 1879 578 1912 αὐτὸν,
599 1880 646 1907 καὶ
662 1879 709 1906 τοῦ
727 1880 794 1916 πρὸς
811 1880 900 1911 πάσας

108 1928 159 1959 τὰς
172 1927 283 1958 ἐντολὰς
298 1927 380 1954 αὑτοῦ
395 1926 576 1959 κατορθῶσαι.
591 1926 646 1952 Καί
658 1934 739 1960 φησιν
758 1926 896 1960 “Λδελφός”

109 1975 194 2001 Ποίαν
213 1973 350 2009 δύναμιν;
370 1972 506 2008 ἀπεκρίθη
525 1973 540 1999 6
556 1973 655 2008 γέρων·
681 1972 768 1999 Αὑτοῦ
784 1973 900 2000 ἄκουσον

109 2019 237 2053 λέγοντος
261 2028 267 2034 ·
297 2018 375 2047 ἰδοὺ
397 2018 511 2047 δέδωκα
533 2017 605 2052 ὑμῖν
621 2017 768 2048 ἐξουσίαν
794 2017 900 2044 πατεῖν

108 2065 214 2093 ἐπάνω
230 2066 326 2098 ὄφεων
340 2064 389 2091 καὶ
406 2065 573 2097 σκορπίων,
594 2065 644 2091 καί
659 2065 708 2091 ἐπὶ
725 2065 831 2093 πᾶσαν
843 2064 902 2094 τὴν

109 2101 246 2134 δύναμιν
277 2100 330 2127 τοῦ
354 2100 482 2134 ἐχθροῦ·
510 2101 560 2128 καί
582 2100 674 2128 οὐδὲν
694 2100 773 2135 ὑμᾶς
798 2101 835 2126 οὺ
857 2099 901 2134 μὴ

110 2135 266 2169 ἀδικήσει.

948 236 995 270 qui
1013 244 1063 271 pro
1082 244 1131 264 sua
1159 237 1246 264 salute
1268 237 1398 264 mandata
1423 245 1534 265 servare
1556 240 1736 269 contendunt.

947 281 998 309 Hic
1022 282 1152 309 nimirum
1177 282 1249 315 linis,
1265 290 1354 317 eoque
1368 287 1485 318 spectat,
1511 284 1583 318 quod
1605 285 1738 315 Dominus

947 328 1030 354 homo
1056 328 1155 360 factus,
1187 332 1217 355 ut
1248 328 1288 356 sic
1313 329 1408 363 paucis
1431 329 1531 356 dicant.

982 374 1009 401 2.
1027 374 1154 409 Dixitque
1182 374 1268 401 frater
1289 383 1296 400 :
1314 374 1403 402 Velim
1420 382 1454 402 ex
1470 379 1506 407 te,
1520 375 1610 406 Pater,
1638 377 1733 410 paucis

948 419 1061 451 audire,
1090 427 1214 454 quamam
1231 427 1273 446 me
1291 423 1417 455 oporteat
1445 421 1573 447 mandata
1591 421 1691 454 facere,
1709 427 1738 449 ut

947 473 997 500 per
1015 466 1060 493 illa
1085 474 1199 501 compos
1219 467 1315 494 salutis
1329 467 1441 494 ellieiar.
1465 468 1620 502 Respondit
1634 476 1736 496 senex:

948 511 1008 545 Ipse
1020 511 1161 543 Dominus,
1179 519 1241 539 cum
1255 519 1290 539 ex
1309 513 1427 539 mortuis
1445 513 1654 546 resurrexisset,
1669 513 1737 540 dixit

948 556 1108 591 discipulis:
1121 556 1231 589 Euntcs,
1246 557 1334 584 docete
1352 565 1440 585 omnes
1459 562 1559 593 gentes,
1576 559 1737 594 baptizautes

948 609 991 628 eos
1017 602 1043 628 in
1067 603 1171 629 nomine
1203 602 1292 629 Patris
1315 606 1340 629 et
1365 603 1427 630 Filii
1453 608 1478 631 et
1504 603 1619 639 Spiritus
1641 605 1737 637 sanati,

948 646 1067 674 docentes
1090 656 1132 674 eos
1145 656 1250 675 servare
1264 649 1365 681 omnia,
1380 658 1540 684 quacunque
1554 651 1677 677 mandavi
1693 659 1738 677 νο-

948 693 988 720 bis
1003 693 1023 720 ⁵.
1035 693 1219 726 Quamobrem
1234 694 1327 721 omnia
1341 703 1452 722 servare
1470 703 1583 723 necesse
1598 700 1649 727 est,
1663 704 1738 731 quae-

949 747 1057 773 cunque
1083 739 1232 771 mandavit.
1258 740 1384 775 quisquis
1398 741 1554 768 mortalium
1578 741 1606 768 in
1627 741 1738 769 nomine

949 783 1064 812 viviﬁcaa
1086 792 1118 812 ac
1139 785 1244 813 deiﬁcxe
1274 785 1426 813 Trinitatis
1447 785 1601 821 baptizatus
1621 790 1674 814 est.
1696 786 1740 813 lit-

949 830 1024 857 circo
1042 830 1116 858 enim
1134 831 1267 859 Dominus
1286 835 1368 858 recta:
1382 831 1445 858 ﬁdei
1464 831 1587 858 omnium
1608 831 1738 859 observa—

951 876 1052 904 tionem
1075 876 1266 903 mandatorum
1290 876 1439 911 copulavit,
1457 877 1560 912 quippe
1577 877 1623 912 qui
1643 877 1736 909 sciret.

949 922 1011 950 ﬁeri
1036 930 1093 950 non
1116 930 1207 957 posse,
1237 927 1268 950 ut
1297 931 1383 950 unum
1405 923 1440 950 ab
1456 923 1544 950 altero
1570 923 1737 958 disjunclum

949 967 1065 994 salutem
1085 967 1191 995 homini
1209 972 1363 1002 praestaret.
1380 967 1529 1003 Propterea
1543 968 1624 995 ctiam
1640 968 1736 1000 David,

949 1013 996 1048 qui
1021 1017 1098 1040 certa
1127 1013 1260 1048 praeditus
1282 1013 1336 1040 [ide
1357 1017 1441 1046 esset,
1471 1014 1505 1040 ad
1527 1013 1673 1041 Dominum
1695 1013 1738 1040 di-

949 1058 1029 1085 cebat
1044 1066 1050 1084 :
1074 1058 1114 1085 Ad
1138 1059 1229 1085 omnia
1257 1058 1386 1085 mandata
1403 1061 1449 1085 tua
1466 1058 1597 1093 dirigebur
1612 1066 1621 1085 .'
1635 1065 1738 1084 omnem

951 1103 1024 1130 viam
1061 1103 1182 1138 iniquam
1218 1103 1277 1130 odio
1316 1102 1396 1130 habui
1419 1103 1440 1130 ⁵.
1483 1102 1621 1130 Adversus
1662 1102 1736 1129 enim

950 1156 1059 1176 omnem
1083 1149 1155 1175 viam
1177 1149 1341 1183 iniquitatis,
1359 1149 1450 1176 omnia
1469 1148 1549 1176 nobis
1580 1156 1595 1175 a
1621 1148 1737 1175 Domino

951 1194 1079 1222 mandata
1102 1194 1202 1221 donata
1228 1198 1292 1222 sunt
1309 1203 1316 1221 :
1333 1202 1365 1222 ac
1385 1194 1407 1221 si
1429 1194 1471 1221 vel
1502 1201 1586 1221 unum
1607 1193 1736 1226 defuerit,

951 1241 1083 1267 contrarii
1107 1241 1168 1267 vitii
1194 1240 1265 1268 viam
1296 1248 1327 1268 ac
1352 1239 1462 1268 malitiae
1484 1240 1596 1272 omnino
1618 1240 1738 1268 vicissim

951 1286 1066 1314 inducit.

985 1331 1012 1358 5.
1027 1331 1154 1366 Dixitque
1187 1331 1272 1358 frater
1301 1332 1495 1366 :Ecquisnam,
1527 1331 1618 1363 Pater,
1647 1333 1738 1358 omnia

951 1377 1089 1410 mandata,
1105 1384 1165 1411 quae
1183 1381 1236 1404 tam
1257 1377 1344 1404 multa
1361 1377 1425 1409 sint,
1444 1377 1557 1412 exsequi
1573 1377 1683 1412 potest?
1697 1377 1739 1404 Ad

951 1430 1032 1458 quem
1049 1430 1152 1450 senex:
1173 1422 1225 1455 Qui
1246 1422 1393 1450 Dominum
1414 1423 1549 1455 imitatur,
1565 1426 1648 1457 atque
1666 1422 1739 1449 illius

951 1468 1068 1503 vestigia
1085 1468 1222 1503 sequitur.
1247 1467 1315 1494 Tum
1330 1468 1415 1495 frater
1437 1477 1443 1494 :
1460 1468 1591 1501 Quisnam
1607 1475 1672 1494 vero
1688 1467 1740 1494 Do-

951 1514 1056 1541 minum
1072 1513 1174 1541 imitari
1192 1514 1302 1548 potest?
1328 1514 1461 1541 Dominus
1474 1514 1548 1540 enim
1571 1514 1644 1540 Deus
1669 1516 1738 1545 erat,

952 1560 1060 1587 tametsi
1080 1560 1163 1587 homo
1187 1559 1278 1587 factus
1303 1563 1382 1587 erat:
1400 1567 1452 1594 ego
1466 1563 1558 1587 autem
1578 1559 1661 1586 homo
1675 1566 1739 1593 pec-

950 1609 1026 1632 cator
1049 1612 1120 1636 sum,
1137 1604 1347 1639 innumerisque
1370 1604 1445 1632 vitiis
1460 1612 1491 1632 ac
1504 1603 1649 1632 aﬂeetibus
1662 1611 1739 1630 man-

949 1651 1064 1686 cipatus.
1086 1650 1209 1683 Quanam
1231 1650 1316 1685 igitur
1335 1650 1441 1677 ratione
1464 1649 1611 1676 Dominum
1639 1648 1740 1675 imitari

949 1696 1071 1731 possim?
1100 1696 1255 1731 Respondit
1283 1699 1375 1722 autem
1397 1702 1499 1722 senex:
1533 1694 1618 1722 Nemo
1643 1702 1739 1721 eormn

949 1742 996 1776 qui
1017 1742 1132 1769 terrenis
1148 1741 1240 1768 saeculi
1266 1741 1351 1768 rebus
1367 1739 1468 1767 addicti
1486 1739 1578 1766 animo
1597 1742 1671 1771 sunt,
1686 1739 1740 1766 Do-

949 1788 1054 1815 minum
1069 1788 1171 1815 imitari
1194 1791 1298 1822 potest;
1322 1786 1370 1813 sed
1388 1786 1417 1818 ii,
1439 1785 1541 1820 quibus
1563 1784 1681 1812 liberum
1698 1789 1740 1812 est

949 1833 1041 1861 dicere
1060 1842 1066 1860 :
1082 1832 1148 1860 Ecce
1159 1841 1206 1859 nos
1223 1832 1378 1866 reliquimus
1395 1831 1494 1863 omnia,
1515 1834 1539 1857 et
1551 1830 1632 1857 secuti
1649 1838 1740 1857 sumus

950 1884 974 1906 te
1001 1879 1027 1912 ⁶;
1048 1879 1086 1906 illi
1110 1879 1239 1905 virtutem
1258 1876 1408 1911 accipiunt,
1431 1879 1489 1903 tum
1513 1883 1577 1902 cum
1603 1875 1739 1907 imitandi,

951 1928 1009 1951 tum
1036 1927 1066 1951 ut
1088 1924 1147 1957 ejus
1170 1922 1262 1950 omnia
1290 1921 1418 1948 mandata
1443 1921 1619 1955 adimpleant.
1642 1920 1740 1954 Aitque

950 1968 1056 1995 frater:
1089 1967 1241 2000 Quamnam
1274 1966 1428 1993 virtutem?
1450 1964 1603 2000 Respondit
1633 1972 1738 1992 senex:

949 2012 1020 2040 Audi
1033 2020 1095 2040 eum
1111 2012 1266 2039 dicentem:
1280 2010 1343 2038 Ecce
1356 2010 1414 2037 dedi
1426 2010 1496 2037 vobis
1510 2014 1667 2046 potestatem
1683 2009 1740 2036 cal-

950 2057 1028 2084 candi
1042 2065 1121 2092 super
1136 2061 1267 2090 serpentes
1285 2059 1310 2083 et
1329 2056 1488 2093 scorpiones,
1506 2060 1529 2082 et
1544 2064 1623 2090 super
1639 2063 1741 2082 omnem

950 2103 1074 2129 virtutem
1093 2102 1191 2129 inimici
1205 2111 1214 2129 :
1234 2106 1258 2128 et
1274 2101 1339 2129 nihil
1365 2101 1433 2128 vobis
1459 2099 1557 2127 nocebit
1573 2101 1600 2140 l".

145 2199 178 2226 δ’,
199 2197 308 2233 Ταύτην
323 2198 373 2233 τὴν
386 2197 501 2234 δύναμιν
518 2199 565 2225 καὶ
580 2198 630 2234 τὴν
642 2198 764 2232 ἐξουσίαν
778 2198 868 2226 λαὸὼν
885 2201 899 2226 6

986 2200 1068 2235 369
1084 2199 1110 2226 4.
1123 2199 1179 2226 Hac
1191 2199 1293 2226 virtute
1307 2206 1339 2226 ac
1352 2201 1487 2234 potestate
1508 2201 1632 2232 accepta,
1650 2196 1742 2224 aiebat

110 2243 230 2276 Παῦλος,
245 2243 320 2277 ἔλεγε
331 2243 475 2278 ’Μιμηταὶ
484 2252 544 2278 μου
558 2243 690 2278 γίνεσθε,
707 2244 803 2277 καθὼς
819 2243 900 2283 κάγὼ

110 2288 253 2323 Χριστοῦ.
268 2289 323 2315 Καὶ
344 2288 442 2314 πάλιν·
460 2288 521 2314 οὐκ
549 2287 616 2314 ἐστι
648 2287 706 2315 νῦν
736 2288 901 2323 κατάκριμα

109 2335 175 2365 τοῖς
190 2335 226 2361 ἐν
252 2333 367 2367 Χριστῷ
386 2332 506 2367 Ἰησοῦ,
524 2332 567 2367 μὴ
592 2333 667 2360 κατὰ
694 2333 793 2367 σάρκα
820 2341 901 2368 περι-

110 2379 273 2411 πατοῦσιν,
287 2379 368 2406 dua
390 2379 464 2406 κατὰ
477 2378 604 2412 πνεῦμα.
629 2379 683 2405 Καὶ
710 2379 804 2406 πάλιν·
820 2381 852 2406 Ol
868 2379 902 2406 δὲ

111 2426 165 2453 τοῦ
189 2424 320 2459 Χριστοῦ
331 2445 339 2456 ,
356 2424 413 2457 τὴν
425 2423 523 2457 σάρκα
541 2423 739 2456 ἐσταύρωσαν
764 2424 824 2450 σὺν
839 2424 902 2456 τοῖς

110 2471 272 2505 παθήμασι
289 2469 338 2496 καὶ
361 2469 425 2502 ταῖς
442 2468 621 2503 ἐπιθυμίαις.
635 2469 690 2495 Καὶ
705 2468 801 2496 πάλιν·
820 2470 901 2503 Ἐμοὶ

111 2518 227 2550 κόσμος
240 2515 440 2549 ἐσταύρωται,
456 2513 536 2549 κάγὼ
550 2513 589 2546 τῷ
601 2514 714 2549 κόσμῳ.
752 2540 756 2543 _

146 2562 258 2597 ε¹.[Ιερὶ
276 2562 378 2596 ταύτης
390 2560 440 2596 τῆς
453 2561 577 2593 ἐξουσίας
594 2562 640 2586 καὶ
656 2560 782 2595 βοηθείας
798 2569 904 2597 προφη-

111 2607 200 2634 τεύων
214 2608 228 2633 ὁ
241 2605 331 2647 Δαξὶδ,
343 2605 420 2640 ἔλεγε
436 2615 443 2622 ·
477 2608 498 2633 0
513 2606 660 2633 κατοικῶν
673 2607 840 2641 ἐνβοηθείᾳ
851 2607 904 2634 τοῦ

117 2654 123 2662 '
133 2652 278 2686 ϊψίστου,
295 2651 331 2678 ἐν
344 2651 444 2686 σκέπῃ
467 2651 520 2678 τοῦ
542 2652 616 2678 Θεοῦ
631 2651 683 2678 τοῦ
706 2652 837 2685 οὐρανοῦ
852 2654 904 2680 αὺ-

112 2698 303 2731 λισϐήσεται.
325 2698 405 2732 Ἐρεῖ
431 2697 471 2731 τῷ
498 2698 605 2732 Kvpltp'
623 2699 824 2733 Ἀντιλήπτωρ
844 2708 904 2734 μου

113 2742 150 2777 εἷ,
163 2744 214 2770 καί
235 2743 392 2779 καταφυγή
417 2752 487 2778 μου,
507 2745 523 2771 ό
545 2744 616 2776 Θεός
637 2753 697 2778 μου
713 2765 720 2776 ,
737 2745 786 2771 καὶ
813 2745 905 2772 ἑλπιῶ

148 2806 161 2821 ⁸
178 2805 274 2832 Matth.
293 2813 385 2837 xxvut,
402 2805 444 2836 19,
460 2804 504 2832 20.

114 2841 125 2856 ’
143 2841 223 2869 Rom.
243 2848 300 2872 vtu,
319 2841 340 2867 t.

560 2805 570 2820 "
588 2805 657 2832 Psal.
676 2813 766 2837 cum,
803 2806 862 2833 1‘29.

920 2807 930 2822 ⁸
944 2806 1015 2833 Psal.
1036 2813 1099 2837 xv",
1118 2805 1161 2831 ‘27.

382 2840 403 2856 ¹⁰
416 2839 503 2867 Galat.
522 2848 548 2872 ν,
560 2839 605 2866 2i.
644 2840 663 2855 ”
678 2840 764 2867 Galat.
783 2849 818 2874 νι,
839 2841 881 2868 H.
922 2841 941 2857 ¹²
959 2841 1029 2868 Psal.
1049 2848 1091 2872 xc,
1110 2840 1134 2872 l,
1157 2841 1183 2867 :2.

950 2246 1051 2273 Paulus
1069 2254 1076 2272 :
1094 2245 1245 2273 Imitatores
1260 2245 1311 2271 mei
1326 2248 1416 2277 estote,
1427 2244 1494 2270 sicut
1508 2247 1532 2269 et
1546 2251 1591 2278 ego
1606 2242 1703 2270 Christi
1716 2242 1738 2268 “.

950 2291 985 2318 Et
1000 2291 1100 2318 iterum
1119 2299 1125 2317 :
1147 2290 1228 2317 Nulla
1244 2291 1305 2325 jam
1323 2290 1461 2317 damnatio
1482 2293 1519 2316 est
1539 2289 1595 2320 his,
1613 2289 1657 2323 qui
1681 2294 1741 2314 sunt

951 2337 979 2364 in
993 2336 1095 2364 Christo
1111 2336 1192 2368 Iesu;
1209 2337 1253 2371 qui
1275 2345 1326 2363 non
1343 2336 1487 2363 secundum
1513 2342 1620 2363 carnem
1648 2334 1740 2361 ambu-

953 2382 1029 2414 lant,
1058 2382 1103 2408 sed
1126 2381 1270 2408 secundum
1299 2381 1421 2415 spiritum
1435 2381 1456 2407 ³,
1468 2379 1507 2406 Ac
1539 2386 1636 2405 rursus
1661 2387 1667 2404 :
1689 2377 1741 2410 Qui

951 2433 1012 2456 sunt
1037 2427 1144 2460 Christi,
1162 2435 1269 2454 carnem
1292 2435 1369 2453 suam
1389 2425 1576 2459 cruciﬁxerunt
1590 2433 1649 2451 cum
1674 2425 1741 2451 vitiis

952 2479 977 2502 et
990 2474 1205 2510 concupiscentiis
1215 2474 1247 2500 '°.
1261 2473 1418 2509 lterumquc
1429 2482 1435 2499 :
1446 2472 1509 2499 Mihi
1524 2472 1636 2498 mundus
1655 2472 1741 2498 cruci—

952 2521 1021 2556 ﬁxus
1035 2525 1084 2553 est,
1099 2525 1123 2547 et
1136 2528 1181 2556 ego
1197 2519 1294 2547 mundo
1305 2519 1336 2546 ”.

988 2567 1014 2594 5.
1035 2566 1074 2594 De
1090 2566 1142 2594 hac
1155 2569 1290 2601 potestate
1308 2568 1337 2592 et
1352 2564 1456 2592 auxilio
1472 2563 1625 2590 vaticinans
1643 2561 1739 2594 David,

954 2611 1063 2639 aiebat:
1085 2610 1136 2644 Qui
1158 2610 1258 2638 habitat
1274 2610 1301 2637 in
1322 2610 1456 2645 adjutorio
1473 2609 1612 2641 Altissimi,
1630 2609 1658 2635 in
1678 2616 1740 2643 pro-

955 2658 1064 2684 tectione
1075 2657 1123 2684 Dei
1136 2657 1192 2684 εωίί
1207 2655 1421 2683 commorabitur.
1440 2655 1510 2681 Dicet
1535 2654 1646 2681 Domino
1661 2662 1670 2681 ε
1686 2653 1741 2680 Ad-

951 2702 1027 2737 jutor
1042 2709 1114 2728 meus
1131 2709 1156 2728 es
1171 2704 1210 2733 tu,
1223 2705 1246 2727 et
1265 2700 1394 2735 refugium
1412 2707 1506 2731 meum,
1530 2699 1599 2725 Deus
1620 2706 1702 2726 meus,
1717 2702 1741 2724 ct

955 2746 1067 2781 sperabo
1091 2747 1117 2772 in
1156 2754 1214 2772 eum
1227 2746 1258 2772 ¹¹.
1282 2744 1435 2779 Paucisque
1467 2743 1636 2778 intcrjectis,
1658 2741 1742 2778 Super

1219 2806 1228 2820 ⁷
1242 2804 1308 2832 Luc.
1327 2811 1353 2838 κ,
1379 2804 1421 2832 l9.
1477 2803 1486 2819 ³
1504 2802 1621 2837 Philipp.
1642 2809 1682 2836 tn,
1698 2802 1742 2830 17.
