1948 3077
219 142 270 174 915

807 140 837 169 S.
859 138 1001 169 ΜΛΧΙΜΙ
1021 138 1274 170 CONFESSORIS

1801 138 1860 171 916

220 197 338 231 aspidem
355 201 379 222 et
392 195 542 222 basilisca»:
570 193 715 225 nascendos,
739 195 763 218 et
775 191 938 218 conculcabis
955 191 1006 219 leo-

1066 192 1104 218 ἔπ’
1116 193 1221 219 αὐτόν.
1244 191 1300 218 Kal
1315 191 1372 226 μετ’
1398 190 1492 225 ὀλίγα·
1509 191 1571 218 Ἐπί
1591 191 1708 218 ἀσπίδα
1728 192 1776 218 και
1795 193 1861 224 βα-

220 251 280 270 nem
293 245 318 269 et
333 242 473 269 draconem
488 250 496 268 :
514 241 639 271 quoniam
650 239 750 274 angelis
767 239 820 266 suis
832 238 968 265 mandavit
977 238 1009 265 de

221 291 255 319 te,
275 290 302 313 ιιι
312 287 462 312 custodierit
486 290 509 311 te
523 286 549 312 in
565 284 685 311 omnibus
698 284 744 310 viis
759 283 810 309 tuis
821 282 852 309 ”.
868 282 900 309 [li
917 287 1007 308 autem

220 333 268 367 qui
280 339 355 358 carni
368 331 459 357 animo
471 330 572 357 addicti
589 334 664 360 sunt,
681 336 711 355 ac
729 333 901 354 terrenorum
916 334 1009 354 amore

220 383 364 409 tenentur,
383 377 446 404 vide
459 384 492 403 ex
516 376 563 403 illo
574 375 639 410 quid
656 374 780 405 audiant,
803 373 854 405 Qui
872 378 944 400 amat
962 381 1009 407 pa-

220 429 288 450 trem
300 427 347 450 aut
364 426 478 449 matrem
491 420 631 455 plusquam
651 427 702 450 me,
713 426 765 444 non
777 423 814 444 est
826 426 866 444 me
873 418 965 452 dignus
976 417 1008 442 “.

219 469 374 502 Paucisque
395 465 546 501 interjeetis
565 465 620 491 :Et
642 464 686 499 qui
710 472 762 490 non
790 463 883 497 accipit
907 470 1010 488 crucem

219 519 307 546 suum,
327 518 352 540 et
369 517 427 548 post
445 520 484 538 me
498 512 627 546 sequitur,
640 519 692 537 non
714 515 751 536 est
776 517 818 536 me
831 510 936 544 dignus.
963 509 1008 540 Et,

221 559 273 592 Qui
291 567 343 586 non
359 558 494 584 renuntiat
507 556 627 583 omnibus
639 575 645 587 ,
667 563 726 590 qua:
741 555 866 590 possidet,
894 562 946 580 non
961 561 1009 588 po-

221 609 270 632 test
286 612 359 631 meus
375 611 429 630 esse
441 601 585 637 discipulus
598 601 630 627 ¹⁵.
649 600 699 633 Qui
713 607 779 635 ergo
797 599 872 626 illius
887 598 1010 632 discipu-

220 649 265 676 lus
283 648 342 675 lieri
362 647 474 682 cogitat,
498 647 613 682 ejusque
634 646 734 681 dignus
750 644 885 676 inveniri,
902 651 1011 671 necnon

222 695 257 722 ab
271 701 305 722 eo
317 694 448 721 virtutem
464 693 590 727 accipere
610 692 756 719 adversum
776 690 891 725 spiritus
911 689 1011 724 nequi-

221 741 278 773 tiae,
292 741 316 767 is
341 740 376 768 ab
387 740 461 767 omni
477 739 580 767 carnali
601 738 747 766 all’ectione
763 736 896 768 abscedit,
910 736 1012 763 nudat-

222 795 277 822 que
303 787 424 822 seipsum
440 785 514 813 omni
542 789 716 812 terrenorum
741 791 851 816 amore;
877 787 958 817 atque
984 781 1012 808 in

222 833 298 861 hunc
313 833 424 860 modum
444 832 576 859 adversus
594 831 749 858 invisibiles
764 830 858 857 hostes
871 833 1012 856 certamen

222 888 274 915 pro
289 880 363 908 illius
378 879 514 907 mandatis
529 877 590 910 init,
607 877 680 904 haud
697 877 778 904 aliter
792 884 824 904 ae
841 876 899 911 ipse
916 875 1011 903 Domi-

222 926 276 954 nus
290 934 319 954 se
341 926 423 954 nobis
437 925 594 960 exemplum
610 924 756 956 exhibuit,
772 927 831 950 tum
856 923 884 949 in
901 922 1012 950 deserto

222 973 258 1000 ab
275 973 386 1000 illorum
405 973 475 1001 duce
489 976 620 1006 tentatus,
637 977 695 1000 tum
722 972 750 999 in
764 972 876 1000 deserto
900 971 934 998 ab
949 971 1012 998 illo-

221 1026 284 1045 rum
298 1017 368 1046 duce
394 1022 524 1050 tentatus,
540 1023 609 1051 tum,
627 1026 689 1045 cum
710 1025 738 1045 se
759 1017 864 1045 mundo
881 1017 1012 1049 dedisset,

222 1063 257 1091 ab
278 1063 321 1096 iis,
339 1063 387 1098 qni
404 1063 479 1091 illius
494 1063 647 1098 agebantur
660 1063 763 1091 afllatu.

222 1110 422 1146 πειραζόμενος
432 1118 438 1124 ⁸
457 1110 503 1136 καὶ
517 1111 545 1136 ἑν
557 1111 589 1145 τῇ
610 1109 755 1145 οἰκουμένῃ
783 1108 878 1142 ἐλθὼν,
889 1108 942 1135 ὑπὸ
955 1107 1010 1134 τῶν

257 1157 284 1184 6.
297 1157 367 1185 Tum
388 1157 472 1185 frater
495 1167 500 1184 :
520 1158 554 1184 At
571 1157 656 1184 multa
678 1161 752 1189 sunt,
777 1157 882 1192 inquit,
900 1156 1009 1184 Domini

222 1203 366 1235 mandata;
383 1207 411 1229 et
425 1202 487 1237 quis
502 1202 593 1230 animo
615 1209 708 1229 coram
731 1201 823 1229 omnia
838 1201 941 1229 habere
963 1208 1012 1236 p0-

222 1253 286 1281 test,
305 1252 335 1276 ut
347 1256 398 1282 pro
409 1248 538 1276 omnibus
556 1248 707 1275 certamine
722 1247 887 1280 contendat;
906 1247 948 1274 vel
961 1254 1012 1282 ego

223 1295 354 1327 maxime,
372 1295 419 1330 qui
443 1295 547 1330 fragilis
562 1294 704 1321 memoriae
719 1301 791 1326 sum,
821 1300 872 1320 nec
887 1292 1010 1328 plurium

222 1348 336 1376 possum
363 1339 638 1369 meminissc'iVelim
666 1339 762 1366 audire
786 1338 1012 1373 compendiosum

223 1394 390 1419 sermonem,
420 1390 449 1413 ut
463 1394 525 1413 eum
540 1390 632 1413 mente
644 1390 752 1417 tenens,
775 1385 850 1412 illius
868 1392 919 1419 ope
939 1391 1007 1412 mea:

223 1432 284 1466 ipse
312 1431 393 1458 saluti
422 1430 605 1457 consulerem.
632 1428 785 1463 Respondit
800 1435 885 1455 senex
905 1428 1011 1455 :Multa

225 1477 337 1513 quidem
355 1481 430 1507 sunt,
457 1476 493 1503 mi
522 1475 616 1507 frater,
643 1475 673 1501 in
687 1481 743 1501 uno
769 1478 861 1501 tamen
884 1479 1012 1501 sermone

1060 239 1204 265 σιλίσκον
1215 237 1356 272 emeda",
1375 236 1424 263 καὶ
1438 237 1662 270 καταπατήσεις
1679 237 1791 264 λέοντα
1803 239 1859 265 sal

1060 285 1227 319 δράκοντα·
1244 284 1289 310 ὅτι
1317 283 1379 316 τοῖς
1407 283 1547 318 ἀγγέλοις
1569 283 1663 310 αὑτοῦ
1687 284 1860 311 ἐντελεῖται

1060 330 1126 364 περὶ
1144 329 1202 356 σοῦ
1216 350 1223 361 ,
1239 329 1293 355 ⁴τοῦ
1312 328 1494 362 διαφυλάξαι
1520 335 1557 354 σε
1587 328 1621 354 ἐν
1648 327 1762 361 πάσαις
1786 329 1859 363 ταῖς

1061 377 1141 409 ὁδοῖς
1165 385 1233 403 σου.
1254 377 1286 402 Οἱ
1302 377 1330 403 δὲ
1344 377 1377 411 τῇ
1400 375 1482 410 σαρκὶ
1506 375 1716 410 προσκείμενοι,
1738 377 1787 402 καὶ
1805 377 1859 412 τὴν

1062 421 1128 456 ὕλην
1146 421 1307 455 ἀγαπῶντες
1320 420 1365 447 τοῦ
1381 420 1495 454 κόσμου,
1514 420 1595 446 ἄκουε
1620 421 1684 446 ποῖα
1703 421 1769 454 παρ’
1781 420 1857 456 [Αιι.

1062 468 1176 495 ἄκουσον
1195 468 1219 494 τί
1240 468 1316 503 παρ’.
1340 467 1389 494 Fr.
1413 467 1495 493 ἄκουε
1511 464 1566 502 οἷα]
1583 467 1663 493 αὑτοῦ
1685 468 1835 494 ἀκούουσιν
1849 477 1858 484 ·

1067 513 1099 539 ⁸ο
1114 512 1210 547 φιλῶν
1236 513 1347 547 πατέρα
1360 513 1379 547 ἣ
1391 512 1505 547 μητέρα
1530 512 1606 547 ὑπὲρ
1623 512 1691 547 ἐμὲ,
1713 515 1770 539 οὐκ
1787 513 1862 539 ἔστι

1059 568 1119 594 μου
1133 559 1227 592 ἄξιος.
1244 560 1298 586 Kal
1319 558 1377 593 μετ’
1394 559 1472 592 ὀλίγα
1488 567 1494 573 ·
1512 558 1566 585 Καὶ
1591 558 1626 590 ὃς
1649 560 1685 585 οὺ
1707 559 1861 593 λαμϐάνει

1061 605 1115 631 τὸν
1129 604 1263 638 σταυρὸν
1289 604 1382 631 αὑτοῦ
1405 605 1453 631 καὶ
1474 604 1637 631 ἀκολουθεῖ
1662 604 1760 631 ὀπίσω
1781 614 1859 639 μου,

1063 651 1118 677 οὐκ
1135 650 1201 676 ἔστι
1214 659 1274 685 μου
1285 650 1379 682 ἄξιος.
1395 651 1460 681 Kal,
1471 650 1571 683 Ὅστις
1582 651 1638 676 οὑκ
1648 650 1861 678 ἀποτάσσεται

1063 696 1138 723 πᾶσι
1164 696 1226 729 τοῖς
1249 695 1441 730 ὑπάρχουσιν
1466 696 1561 728 αὐτῷ,
1588 697 1624 722 οὐ
1644 696 1771 723 δύναταί
1797 706 1861 731 μου

1063 738 1138 767 εἶναι
1151 740 1296 775 μαθητής.
1320 740 1349 767 ὐ
1363 738 1409 767 οὖν
1421 741 1506 767 θέλων
1524 740 1652 774 γενέσθαι
1668 740 1751 767 αὐτοῦ
1767 741 1862 777 μαθη-

1063 787 1122 822 τὴς,
1140 788 1186 813 καὶ
1203 787 1277 820 ἄξιος
1300 787 1383 814 αὐτοῦ
1409 787 1552 822 εὑρεθῆναι
1569 794 1576 802 ο
1596 787 1642 813 καὶ
1658 786 1774 822 δύναμιν
1790 788 1861 823 παρ’

1064 833 1146 860 αὐτοῦ
1171 833 1265 860 λαϐεῖν
1290 833 1361 860 κατὰ
1382 833 1436 860 τῶν
1462 833 1626 868 πνευμάτων
1640 833 1690 868 τῆς
1709 834 1860 869 πονηρίας,

1065 877 1177 914 λωρίζει
1192 879 1288 906 ἑαυτὸν
1298 880 1386 914 πάσης
1405 880 1538 916 σαρκικῆς
1548 880 1666 915 σχέσεως
1677 889 1684 895 ·
1695 881 1743 907 καὶ
1756 881 1860 915 γυμνοῖ

1066 924 1163 951 ἑαυτὸν
1179 924 1269 959 πάσης
1288 924 1383 959 ὑλικῆς
1398 925 1602 960 προσπαθείας·
1620 926 1668 952 καὶ
1681 925 1768 957 οὕτως
1787 925 1862 961 πρὸς

1066 970 1129 1002 τοὺς
1153 971 1286 1007 ἀοράτους
1313 970 1426 1006 ἐχθροὺς
1451 971 1521 1007 ὑπὲρ
1548 972 1602 998 τῶν
1635 971 1751 998 ἐντολῶν
1772 971 1860 998 αὑτοῦ

1067 1015 1230 1049 ἀγωνίζεται
1241 1024 1248 1030 ·
1262 1016 1300 1047 ὡς
1316 1015 1396 1047 αὐτὸς
1412 1017 1426 1042 6
1445 1017 1548 1051 Κύριος
1572 1016 1668 1043 ἐαυτδν
1690 1016 1776 1043 τύπον
1789 1017 1861 1051 ἡμῖν

1069 1061 1215 1096 παρέσχεν,
1234 1062 1262 1088 ἐν
1277 1070 1305 1088 τε
1322 1063 1355 1097 τῇ
1373 1062 1470 1097 ἐρήμῳ
1487 1062 1539 1089 ὑπὸ
1556 1063 1603 1089 τοῦ
1625 1063 1748 1099 ἀρχηγοῦ
1764 1062 1860 1090 αὐτῶν

1030 1107 1076 1134 ὑπ’
1089 1107 1172 1134 αὐτοῦ
1188 1108 1229 1133 ὲνε
1235 1115 1299 1142 ργου
1303 1107 1401 1143 μένων.

1099 1158 1136 1188 ς’.
1144 1155 1351 1189 ΚαὶὀἊδελφὺς
1362 1152 1438 1182 εἴπεν
1447 1163 1454 1170 '
1473 1155 1552 1182 Ἀλλὰ
1568 1156 1664 1183 πολλαί
1676 1157 1740 1188 εἱσι,
1752 1157 1859 1192 Πάτερ,

1064 1201 1092 1227 al
1106 1201 1152 1227 τοῦ
1168 1201 1271 1236 Κυρίου
1288 1200 1407 1227 ὲντολαί·
1423 1201 1471 1228 καὶ
1487 1201 1528 1233 τίς
1544 1201 1657 1228 δύναται
1674 1202 1766 1234 πάσας
1784 1203 1860 1238 ἔχειν

1065 1245 1136 1272 κατὰ
1151 1245 1222 1278 νοῦν,
1235 1245 1279 1272 ἴνα
1293 1245 1362 1280 ὑπὲρ
1385 1246 1479 1272 πασῶν
1495 1247 1665 1281 ἀγωνίσηται
1676 1256 1682 1279 ;
1695 1248 1751 1282 ἐγὼ
1765 1248 1793 1274 δὲ
1808 1248 1862 1283 μά-

1063 1291 1152 1322 λιστα,
1172 1290 1311 1325 ὀλιγόνους
1339 1292 1486 1326 ὐπάρχων;
1512 1293 1645 1327 σύντομον
1666 1293 1745 1326 λόγον
1762 1293 1860 1328 ἤθελον

1065 1335 1191 1368 ἀκοῦσαι,
1208 1336 1251 1363 ἵνα
1268 1336 1349 1362 αὐτὸν
1363 1337 1482 1372 κρατῶν,
1493 1337 1528 1363 δι’
1539 1337 1621 1364 αὐτοῦ
1637 1338 1790 1373 ἐσωζόμην.
1803 1339 1860 1364 Kal

1061 1381 1196 1417 ἀπεκρίθη
1210 1383 1224 1409 6
1239 1382 1382 1418 γέρωνἘί
1394 1384 1441 1409 καὶ
1454 1383 1549 1410 πολλαί
1563 1384 1642 1415 εἰσιν,
1662 1383 1783 1418 Ἀδελφὲ,
1799 1383 1859 1409 ἀλλ’

1066 1428 1107 1455 ἑνὶ
1133 1428 1205 1464 λόγῳ
1235 1428 1510 1463 ἀνακεφαλαιοῦνται,
1544 1429 1573 1455 ἐν
1590 1429 1646 1464 τῷ,
1676 1429 1861 1464 Ἀγαπήσεις

1066 1474 1178 1508 Κύριον
1194 1473 1248 1501 τὸν
1279 1474 1354 1501 Θεόν
1376 1481 1435 1502 σου
1458 1474 1493 1507 ἐξ
1516 1474 1591 1508 ὅλης
1607 1475 1663 1509 τῆς
1679 1475 1786 1508 ισχύος
1799 1483 1861 1502 σου

226 1530 333 1551 summa
346 1523 532 1558 colliguntur;
548 1521 621 1557 quod
647 1521 753 1548 scilicet
765 1520 868 1547 dicitur
885 1527 895 1546 :
912 1518 1012 1554 Diliges

1066 1519 1116 1547 καὶ
1130 1519 1165 1551 ἐξ
1180 1519 1252 1554 ὅλης
1265 1519 1321 1554 τῆς
1335 1515 1473 1554 διανοίαςῖ
1483 1527 1542 1547 σου
1558 1528 1566 1536 ·
1580 1520 1629 1548 καὶ
1645 1520 1699 1547 τὸν
1722 1521 1861 1554 πλησίον·

225 1569 366 1596 Dominum
384 1568 467 1595 Deum
492 1573 566 1595 tuum
585 1575 616 1594 ea:
632 1571 686 1594 tota
711 1566 862 1601 fortitudine
878 1569 924 1592 tua
939 1570 962 1592 et
982 1573 1014 1592 ea:

227 1618 283 1642 tota
301 1619 385 1641 mente
404 1618 464 1647 tua;
478 1618 501 1640 et
515 1613 664 1649 proximum
681 1617 754 1638 tuum
773 1612 841 1638 sicut
857 1610 1012 1646 teipsum":

227 1668 270 1693 ac,
288 1661 336 1695 qui
352 1668 437 1687 unum
461 1660 535 1687 hunc
559 1666 716 1687 sermonem
734 1665 844 1685 servare
860 1657 1012 1689 contendit,

228 1706 320 1733 omnia
343 1706 424 1733 simul
449 1704 578 1732 mandata
598 1705 702 1739 implet.
721 1704 780 1731 Non
801 1707 892 1739 potest
911 1707 1013 1735 autem,

229 1751 268 1778 uti
280 1751 336 1787 jam
350 1751 377 1778 in
394 1750 585 1786 superioribus
601 1750 706 1778 dictum
721 1754 774 1782 est,
795 1750 843 1784 qui
859 1757 874 1776 a
889 1753 1014 1776 terreno—

227 1805 289 1824 rum
305 1797 450 1825 affectione
464 1796 586 1824 animum
603 1804 658 1823 non
683 1795 849 1831 abjunxerit,
875 1799 923 1822 aut
934 1796 1016 1830 370

226 1844 314 1872 Deum
339 1851 405 1870 vere
428 1843 542 1879 diligere
569 1846 616 1869 aut
641 1842 816 1877 proximum;
834 1841 907 1876 quod
933 1841 1015 1868 simul

228 1887 350 1915 terrenis
365 1887 445 1920 allici,
472 1888 616 1922 Deumque
642 1886 769 1922 diligere,
797 1886 870 1914 haud
894 1893 1015 1921 unquam

228 1931 386 1966 contigerit.
413 1930 491 1964 Quod
510 1931 548 1958 ita
565 1931 699 1958 Dominus
713 1930 877 1966 designavit,
892 1931 1014 1958 cumait:

226 1976 311 2005 Nemo
331 1981 414 2012 potest
431 1977 528 2004 duobus
550 1977 662 2004 dominis
686 1977 784 2004 servire
797 1978 829 2004 ⁸⁷.
853 1978 905 2005 Et:
920 1976 1015 2004 Nullus

229 2027 311 2058 potest
335 2023 386 2052 Dea
405 2024 501 2051 servire
520 2028 545 2050 et
571 2031 727 2051 mammona:
739 2023 771 2051 η.
786 2023 924 2057 Quantum
942 2023 1016 2051 enim

230 2074 309 2094 mens
320 2071 413 2094 nostra
425 2066 525 2094 all‘ectu
540 2067 659 2094 terrenis
678 2066 762 2094 rebus
773 2066 946 2100 adhaerescit,
963 2067 1018 2094 illis

231 2113 415 2148 mancipatur,
439 2113 601 2148 spernitque
628 2113 677 2140 Dei
692 2113 920 2149 transgrediendo
939 2121 1018 2140 man-

231 2158 324 2185 datum
329 2177 335 2184 .

1066 1572 1125 1592 σου
1139 1565 1180 1597 ὡς
1194 1565 1312 1592 ἑαυτόν.
1324 1565 1379 1592 Kal
1391 1566 1404 1591 6
1419 1564 1620 1600 ἀγωνιζόμενος
1633 1565 1728 1591 τοῦτον
1744 1566 1861 1601 κρατεῖν

1066 1610 1112 1637 τὸν
1127 1610 1205 1644 λόγον
1218 1631 1226 1642 ,
1243 1611 1333 1642 πάσας
1351 1610 1419 1645 ὁμοῦ
1449 1610 1499 1642 τὰς
1525 1610 1635 1642 ἐντολὰς
1657 1610 1795 1646 κατορθοῖ.
1819 1611 1859 1637 οὗ

1066 1656 1177 1683 δύναται
1191 1655 1220 1683 δέ
1236 1665 1278 1687 τις
1302 1656 1340 1691 μὴ
1358 1656 1478 1692 χωρίσας
1495 1656 1590 1682 ἑαυτὸν
1601 1677 1607 1689 ,
1623 1656 1660 1687 ὡς
1684 1656 1859 1691 προείρηται,

1066 1702 1117 1738 τῆς
1130 1702 1184 1729 τῶν
1207 1702 1308 1728 ὺλικῶν
1334 1702 1534 1737 προσπαοείας,
1549 1701 1611 1728 οὔτε
1636 1701 1680 1728 τὸν
1700 1701 1778 1732 Θεὸν,
1794 1701 1860 1728 οὔτε

1066 1748 1112 1774 τὸν
1144 1749 1257 1783 πλησίον
1284 1748 1427 1783 ἀγαπῆσαι
1450 1748 1569 1783 γνησίως
1591 1754 1599 1762 ·
1615 1746 1708 1782 ἐπειδὴ
1733 1746 1801 1781 ὁμοῦ
1824 1748 1858 1781 τῇ

1067 1793 1119 1830 ὕλῃ
1134 1793 1312 1829 προσκεῖσθαι
1327 1813 1334 1825 ,
1350 1793 1397 1820 καὶ
1416 1793 1461 1819 τὸν
1487 1792 1552 1819 Θεὸν
1574 1792 1715 1826 ἀγαπῆσαι
1727 1811 1736 1824 ,
1751 1791 1860 1826 ἀμήχα-

1068 1848 1122 1866 νον.
1134 1840 1188 1866 Kal
1204 1838 1283 1866 τοῦτό
1300 1839 1375 1865 ὲστιν
1394 1838 1408 1865 6
1420 1838 1494 1872 λέγει
1508 1839 1522 1864 ὁ
1539 1837 1659 1873 Κύριος·
1680 1836 1786 1870 Οὐδεὶς
1806 1837 1859 1863 δὺ-

1067 1894 1154 1913 ναται
1171 1886 1243 1913 δυσὶ
1260 1885 1375 1918 κυρίοις
1387 1884 1553 1912 δουλεύειν.
1564 1884 1618 1910 Καί
1629 1892 1636 1899 ·
1652 1882 1759 1916 Οὐδεὶς
1770 1883 1859 1910 δύνα-

1067 1941 1114 1959 ται
1127 1931 1187 1964 Θεῷ
1201 1931 1359 1958 δουλεύειν
1372 1930 1423 1958 καί
1441 1929 1578 1965 μαμωνᾷ.
1595 1930 1678 1957 Ὅσον
1697 1930 1752 1965 γὰρ
1769 1930 1783 1956 6
1796 1930 1858 1962 νοῦς

1068 1979 1084 2013 ἡ
1090 1978 1148 2013 μῶν
1163 1977 1216 2004 τῶν
1228 1976 1274 2004 τοῦ
1291 1977 1393 2012 κόσμου
1408 1976 1549 2011 ἀντέχεται
1571 1976 1754 2010 πραγμάτων,
1770 1975 1858 2002 6:606-

1068 2024 1152 2052 λωται
1165 2025 1273 2055 αὐτοῖς’,
1292 2023 1339 2050 καὶ
1355 2024 1521 2058 καταφρονεῖ
1531 2022 1579 2058 τὴν
1595 2022 1704 2058 ἐντολὴν
1723 2021 1772 2048 τοῦ
1790 2021 1857 2048 Θεοῦ

1069 2070 1254 2106 παραϐαίνων.

285 2224 292 2231 .
313 2203 356 2230 Ait
380 2204 464 2231 frater
479 2212 485 2230 :
500 2203 606 2237 Quibus
635 2204 718 2231 rebus
742 2204 826 2236 dicis,
852 2204 951 2231 Pater?
966 2204 1013 2231 Re-

1107 2208 1138 2240 ζ’.
1160 2208 1215 2234 Kal
1229 2208 1243 2234 6
1268 2207 1395 2242 Ἀδελφὸς
1412 2205 1489 2234 εἴπεο
1509 2206 1596 2234 Ποίων
1618 2206 1793 2242 πραγμάτων
1814 2206 1858 2234 λέ-

231 2248 343 2283 spondit
357 2256 439 2276 senex
454 2258 460 2275 :
476 2248 562 2281 Cibis,
574 2249 711 2284 pecuniis,
723 2249 843 2284 praediis,
857 2249 953 2284 gloria,
970 2257 1018 2276 co-

231 2293 323 2328 gnatis
336 2302 384 2322 seu
402 2294 539 2327 alllnibus,
555 2300 583 2323 et
605 2295 752 2330 ejusmodi.
763 2295 804 2322 Ad
818 2303 900 2330 quem
912 2295 1015 2323 frater:

231 2339 329 2372 Quaeso
346 2343 389 2372 te,
412 2340 502 2372 Pater,
518 2340 642 2375 nunquid
663 2349 716 2368 non
742 2349 774 2368 ea
789 2341 861 2368 Deus
885 2341 1017 2375 condidit,

233 2391 314 2421 atque
337 2386 496 2413 hominibus
516 2387 617 2414 utenda
632 2388 793 2415 concessit?
808 2387 959 2422 Respondit
974 2396 1019 2416 sc-

233 2439 304 2459 nex:
323 2431 395 2459 Sane
410 2431 497 2466 liquet
510 2432 596 2459 Deum
609 2440 640 2460 ea
653 2433 818 2465 condidisse,
835 2438 917 2468 atque
929 2434 1018 2461 homi-

234 2477 316 2505 nibus
327 2477 429 2504 utenda
455 2477 613 2505 tradidisse.
630 2478 728 2505 Omnia
747 2478 820 2506 enim
842 2487 856 2506 a
874 2480 930 2507 Deo
948 2480 1019 2507 bona

233 2524 343 2551 condita
358 2526 463 2557 sunt",
483 2529 513 2552 ut
528 2525 599 2552 bene
617 2525 671 2553 illis
681 2520 804 2559 'utendo,
823 2526 879 2554 Deo
897 2527 1019 2561 placere—

233 2577 305 2596 mus.
322 2569 377 2596 Nos
407 2569 547 2597 enimvero
563 2571 610 2605 qui
634 2570 734 2598 infirmi
757 2579 789 2599 ac
812 2572 913 2599 terreni
929 2571 1021 2599 animo

234 2613 330 2646 simus,
348 2623 394 2642 res
417 2620 541 2643 terrenas
557 2615 715 2645 dilectionis
740 2621 878 2652 prmeepto
899 2618 1021 2652 praetuli-

235 2668 310 2693 mus;
330 2660 439 2695 illisque
455 2661 558 2694 allecti,
588 2662 748 2690 hominibus
774 2671 943 2698 pugnamus,
958 2671 1021 2691 cum

233 2714 283 2742 par
298 2711 381 2739 esset,
401 2711 430 2734 ut
441 2707 475 2735 iis
489 2708 619 2736 omnibus
636 2717 696 2744 qua:
711 2709 739 2736 in
754 2713 894 2744 aspectum
907 2709 1020 2743 cadunt,

1071 2262 1138 2288 γεις,
1156 2254 1271 2288 Πάτερ;
1292 2254 1348 2280 Kal
1363 2254 1378 2280 6
1399 2254 1489 2289 γέρων
1510 2252 1662 2288 ἀπεκρίθη·
1689 2253 1856 2287 Βρωμάτων,

1071 2299 1221 2335 χρημάτων
1232 2321 1238 2331 ,
1260 2299 1408 2334 κτημάτων
1419 2319 1426 2332 ,
1441 2299 1530 2332 δόξης,
1560 2297 1711 2332 συγγενῶν,
1740 2298 1790 2324 καὶ
1806 2298 1858 2325 τῶν

1070 2343 1143 2378 ἑξῆς.
1158 2343 1212 2369 Καὶ
1223 2344 1236 2370 6
1253 2343 1380 2378 Ἀδελφὺς
1390 2341 1475 2369 εἷπεν·
1493 2343 1570 2374 Εἰπὲ,
1584 2343 1682 2378 Πάτερ,
1694 2341 1754 2377 οὐχὶ
1768 2343 1782 2368 ὁ
1795 2342 1859 2373 Θεὸς

1070 2388 1141 2415 αὐτά
1159 2388 1317 2421 ἔκτισε-,καὶ
1335 2390 1391 2421 τοῖς
1405 2389 1558 2424 ἀνθρώποις
1573 2389 1612 2420 είς
1625 2389 1722 2424 χρῆσιν
1738 2389 1837 2415 δέδωκε
1850 2398 1857 2421 ;

1070 2436 1116 2462 καὶ
1139 2435 1198 2466 πῶς
1224 2434 1331 2461 κελεύει
1358 2435 1448 2462 αὐτῶν
1466 2435 1503 2470 μὴ
1519 2435 1680 2470 ἀντέχεσθαι
1696 2434 1758 2470 [αίι.
1778 2435 1859 2461 ἀπτε-

1071 2481 1156 2517 deat];
1169 2481 1224 2508 Kal
1237 2481 1373 2516 ἀπεκρίθη
1389 2482 1402 2507 6
1418 2481 1506 2516 γέρων
1516 2489 1523 2495 ³
1533 2480 1616 2515 Δῆλον
1631 2481 1672 2506 ὅτι
1682 2481 1696 2506 6
1714 2481 1781 2512 Θεδς
1792 2481 1858 2507 αὐτὰ

1071 2526 1172 2559 ἔκτισε,
1187 2527 1233 2552 καὶ
1249 2526 1365 2552 δέδωκεν
1376 2527 1415 2558 είς
1429 2527 1527 2562 χρῆσιν
1542 2527 1598 2557 τοῖς
1617 2525 1782 2561 ἀνθρώποις.
1795 2526 1857 2558 Kal,

1071 2572 1142 2599 καλὰ
1160 2573 1248 2599 πάντα
1266 2572 1299 2598 τὰ
1319 2572 1372 2598 ὑπὸ
1395 2572 1442 2598 τοῦ
1461 2572 1528 2598 Θεοῦ
1553 2572 1693 2606 γεγονότα,
1707 2572 1751 2598 ἵνα
1771 2571 1858 2603 καλῶς

1072 2618 1163 2649 αὐτοῖς
1192 2617 1376 2653 χρησάμενοι,
1393 2617 1432 2652 τῷ
1459 2617 1518 2652 Θεῷ
1541 2617 1787 2653 εὐαρεστήσωμεν·
1803 2617 1858 2644 ἀλλ’

1072 2664 1153 2698 ἡμεῖς
1164 2663 1286 2695 ἀσθενεῖς
1300 2663 1386 2695 ὄντες,
1398 2664 1445 2690 καὶ
1456 2663 1543 2690 ὑλικοὶ
1556 2664 1587 2697 τῇ
1597 2663 1701 2698 διανοίᾳ
1715 2662 1749 2698 [ἆ
1757 2664 1798 2689 ῐλ.
1811 2663 1858 2697 τὴν

1073 2708 1226 2745 διάνοιαν
1246 2710 1472 2745 προετιμήσαμεν
1498 2709 1534 2736 τὰ
1563 2709 1643 2736 ὑλικά
1665 2709 1715 2743 τῆς
1752 2709 1857 2743 ἐντολῆς

272 2822 293 2838 ¹³
308 2821 536 2859 Psal.xc,ll-l5.
555 2823 597 2859 λδ
617 2822 748 2856 Maltinx,
768 2824 812 2851 57.
853 2825 873 2840 η
892 2830 958 2852 Luc.
977 2833 1013 2852 an

1066 2825 1091 2859 5,
1107 2826 1152 2853 5i.
1192 2826 1213 2843 ’θ
1225 2825 1307 2854 Marc.
1325 2834 1372 2858 xu,
1386 2825 1429 2853 50.
1471 2827 1491 2843 ³⁷
1508 2825 1604 2853 Matth.
1623 2826 1715 2858 “,24-
1754 2827 1776 2842 "‘
1791 2825 1853 2854 Luc.

236 2865 288 2891 1m,
311 2858 353 2885 15.
393 2859 414 2873 ¹⁹
431 2858 498 2886 Gen.
518 2866 535 2890 ι,
555 2858 598 2886 31.
