1948 3077
105 142 159 176 9τῖ

747 141 864 171 LIBER
882 141 1098 171 ASCETICUS.

1687 139 1740 172 918

102 200 154 233 τῇς
178 196 307 232 ἀγάπης’
324 195 370 223 Mi
389 194 478 222 αὐτῶν
502 194 693 230 ἀντεχόμενοι,
711 197 766 226 τοῖς
791 195 898 231 ἀνθρώ-

961 202 1065 230 psoque
1087 202 1214 230 corpore,
1249 195 1370 231 cujusvis
1397 194 1542 222 hominum
1567 195 1744 223 dilectionem

103 251 168 274 ποις
189 242 333 277 μαχόμεθα
346 250 353 256 ·
370 241 429 268 δέον
459 241 569 268 πάντων
593 241 648 267 τῶν
669 241 826 276 ὁρωμένων,
849 241 897 268 καὶ

102 288 189 315 αὑτοῦ
204 288 251 314 τοῦ
264 287 400 322 σώματος,
414 287 463 321 τὴν
478 287 579 318 παντὸς
599 286 744 322 ἀνθρώπου
760 287 897 322 προτιμῆ-

104 343 151 361 σαι
162 332 277 368 ’ἀγάπην
288 341 295 348 ·
311 333 372 368 ἥτις
386 333 459 358 ἐστὶν
472 331 615 367 γνώρισμα
626 332 675 366 τῆς
692 331 731 363 εις
746 331 813 358 Θεὸν
827 331 896 366 ἀγά-

102 389 174 416 πης,
192 379 285 411 καθὼς
300 379 380 410 αὐτὸς
404 380 419 406 ὁ
434 379 534 414 Κύριος
550 379 580 405 ἐν
596 378 773 413 Εὐαγγελίοις
794 378 898 404 δείκνυ-

104 434 162 454 σιν’
182 426 209 452 '0
225 424 350 460 ἀγαπῶν
364 425 416 459 ἐμὲ
427 445 435 458 ,
453 425 521 460 φησι
532 445 539 457 ,
554 425 608 457 τὰς
628 424 756 457 ἐντολάς
772 433 833 459 μου
848 432 898 457 τη-

99 472 204 507 ρήσει.
218 472 272 498 Καὶ
289 471 330 503 τίς
345 472 419 498 ἐστιν
435 472 451 506 ἡ
480 470 573 505 ἐντολὴ
598 471 632 505 ἢν
649 471 830 506 τηρήσαντες,
847 470 897 496 αὺ-

103 520 152 546 τὸν
181 518 383 553 ἀγαπήσωμεν,
410 516 492 542 αὑτοῦ
518 516 800 550 ἄκουσον,λὲγοντος·
818 516 898 550 Αὕτη

103 565 140 591 δέ
152 565 238 591 ἐστιν
253 565 272 598 ἡ
287 563 397 597 ἐντολὴ
410 564 428 597 ἡ
443 562 511 598 ἐμὴ.
522 562 573 589 ἵνα
585 562 720 597 ἀγαπᾶτε
730 562 896 596 ἀλλήλους.

111 614 194 648 Ὁρᾷς
217 613 259 638 ὅτι
283 613 297 646 ἡ
324 611 447 646 ἀλλήλων
473 609 651 645 ἀγάπη,τὴν
673 611 713 640 εἰς
738 610 804 636 Θεὸν
830 609 900 643 ἀγά-

104 668 162 694 πην
183 659 351 692 συνίστησιν,
360 657 422 692 ἥτις
444 657 503 683 ἐστὶ
518 657 655 692 πλήρωμα
671 656 762 691 πάσης
778 656 845 682 Θεοῦ
858 656 900 682 ἐν-

103 704 203 738 τολῆςς
217 703 266 729 Διὰ
283 701 362 728 τοῦτο
379 699 424 728 οὖν
440 701 547 728 κελεύει
561 701 652 727 αὐτῶν
667 700 704 736 μὴ
720 699 898 735 ἀντέχεσθαι·

105 751 175 777 ἀλλά
192 749 238 776 καὶ
257 748 442 781 ἀποτάξασθαι
467 749 534 774 πᾶσι
550 748 606 778 τοῖς
627 746 797 781 ὑπάρχουσιν
814 745 899 780 αὐτῷ,

105 797 197 824 πάντα
212 796 259 822 τὸν
276 795 350 830 αὐτῷ
373 793 538 830 μαθητεύειν
558 792 765 828 ἐπιθυμητικῶς
792 792 898 827 ἔχοντα.

141 846 178 878 η’.
189 843 244 869 Καὶ
256 843 270 869 ὁ
288 841 414 875 Ἀδελφὺς
427 839 515 867 εἶπεν·
529 840 638 875 Ἐπειδὴ
650 838 736 871 εἶπες,
752 839 900 873 Πάτερ,ὂτι

104 889 165 915 δέον
178 888 287 914 πάντων
300 886 356 913 τῶν
371 885 586 922 ὁρωμένων,και
599 884 682 912 αὐτοῦ
702 884 749 911 τοῦ
763 884 900 918 σώματος,

104 933 156 968 τὴν
173 931 275 964 παντὸς
295 931 440 966 ἀνθρώπου
465 930 634 966 προτιμῆσαι
646 929 767 964 ἀγάπην,
784 929 842 960 πῶς
858 927 902 955 δύ-

105 988 194 1015 ναμαι
218 979 264 1005 τὸν
284 978 416 1013 μισοῦντά
439 985 472 1012 με
492 976 540 1003 καὶ
566 976 807 1012 ἀποστρεφόμενον
830 975 900 1009 ἀγα-

106 1026 206 1060 πῆσαις
222 1026 252 1051 Ei
265 1025 294 1051 δὲ
315 1024 362 1050 καὶ
388 1023 481 1058 φθονεῖ
507 1031 563 1058 μοι,
581 1022 628 1049 καὶ
649 1021 793 1057 λοιδορίαις
817 1029 901 1048 κατα-

104 1071 223 1104 τοξεύει,
241 1071 287 1097 καὶ.
303 1070 396 1100 δόλους
409 1068 610 1100 κατασκευάζει
624 1088 631 1100 ,
647 1067 695 1094 καὶ
713 1067 901 1093 ἐπιϐουλεύειν

105 1118 254 1153 ἐπιχειρεῖ,
268 1116 327 1147 πῶς
345 1115 464 1150 δύναμαι
481 1114 563 1141 αὑτὸν
579 1114 735 1149 ἀγαπῆσαι;
748 1112 830 1139 Φύσει
843 1121 900 1147 μοι,

106 1164 212 1198 Πάτερ,
232 1162 358 1197 φαίνεται
390 1160 469 1187 τοῦτο
494 1159 637 1192 ἀδύνατον,
659 1159 707 1186 τοῦ
731 1158 834 1190 πάθους
851 1157 901 1193 τῆς

106 1210 197 1245 λύπης
211 1208 335 1244 φυσικῶς
349 1207 395 1234 τὸν
411 1206 570 1242 λυπήσαντα
582 1204 803 1240 ἀποστρέφεσθαι
818 1204 901 1237 ἀναγ-

107 1254 250 1286 κάζοντος.
268 1253 323 1279 Καὶ
336 1251 471 1287 ἀπεκρίθη
487 1252 501 1277 ὁ
517 1251 617 1285 γέρων
643 1250 705 1276 Ἐπὶ
721 1249 770 1284 μὲν
782 1248 837 1275 τῶν
853 1249 899 1284 ἐρ-

106 1301 198 1327 πετῶν
215 1299 263 1326 καὶ
280 1298 335 1325 τῶν
349 1297 452 1333 θηρίων
470 1296 524 1323 τῶν
547 1296 599 1322 ὑπὸ
622 1295 730 1330 φύσεως
747 1294 900 1329 ἀγομένων,

106 1347 147 1382 τῷ
156 1346 214 1373 ὄντι
229 1345 359 1372 ἀδύνατον
379 1343 416 1378 μὴ
436 1342 546 1373 πάντως
570 1341 725 1376 ἀμύνασθαι
741 1340 804 1366 ὅσον
821 1339 901 1366 δύνα-

106 1402 154 1420 ται
181 1391 213 1418 τὸ
231 1389 404 1418 καταπονοῦν
419 1397 425 1404 ·
441 1389 488 1415 ἐπὶ
509 1388 538 1415 δὲ
554 1388 609 1415 τῶν
635 1388 694 1414 κατ’
718 1386 810 1414 εἰκόνα
833 1385 900 1412 Θεοῦ

108 1438 285 1468 κτισθέντων,
301 1436 349 1463 καὶ
364 1435 436 1470 λόγῳ
452 1434 611 1470 ἀγομένων·
625 1433 672 1461 καὶ
687 1433 814 1467 γνώσεως
832 1433 900 1459 Θεοῦ

107 1482 343 1516 καταξιωθέντων,
363 1481 410 1508 καὶ
430 1481 512 1515 νόμον
536 1480 601 1516 παρ’
628 1479 711 1506 αὑτοῦ
735 1479 900 1514 δεξαμένων,

107 1529 224 1557 δυνατὸν
239 1529 301 1559 τοὺς
313 1527 468 1558 λυποῦντας
481 1526 519 1562 μὴ
533 1525 764 1560 ἀποστρέφεσθαι,
780 1526 827 1552 καὶ
839 1525 903 1557 τοὺς

952 242 1041 276 pluris
1066 236 1312 276 faceremus;quze
1327 241 1456 268 videlicet
1478 241 1581 268 indicio
1606 248 1649 269 est
1673 242 1747 269 illius

954 287 1110 319 cbaritatis,
1126 295 1187 321 quae
1202 287 1236 314 ad
1252 287 1337 314 Deum
1356 291 1408 319 est,
1424 287 1463 314 uti
1480 287 1538 321 ipse
1558 287 1691 315 Dominus
1716 288 1745 315 in

952 333 1109 368 Evangeliis
1120 333 1258 360 ostendit:
1275 332 1326 365 Qui
1337 333 1423 368 diligit
1436 341 1486 366 me,
1498 333 1598 368 inquit,
1617 334 1746 360 mandata

952 388 1011 406 mea
1025 379 1138 407 servabit
1147 380 1179 406 ὀ.
1202 379 1345 412 Quodnam
1359 386 1424 406 vero
1439 379 1599 406 mandatum
1615 379 1661 411 sit.
1671 379 1745 414 quod

952 426 1089 454 servando
1105 426 1194 461 ipsum
1215 425 1413 457 dilexerimus,
1431 425 1495 452 audi
1516 425 1605 460 ipsum
1628 425 1744 459 loquen-

952 476 1029 500 tem:
1047 471 1102 499 Hoc
1128 476 1167 499 est
1189 477 1348 507 praeceptum
1373 480 1472 504 meum,
1495 475 1524 498 ut
1540 471 1657 506 diligatis
1679 472 1746 498 invi-

952 527 1006 546 cem
1018 518 1051 544 ²¹.
1061 517 1232 552 Vides,quod
1245 517 1292 544 alii
1310 518 1379 545 alios
1390 517 1552 553 diligamus,
1565 517 1745 545 dilectionem

953 564 981 591 in
998 564 1084 591 Deum
1107 563 1226 591 conﬂare
1253 571 1284 591 ac
1310 564 1516 595 commendare,
1531 572 1593 598 qua:
1619 564 1744 590 omnium

954 610 1002 637 Dei
1016 614 1217 644 przeceptorurn
1233 610 1378 644 plenitudo
1399 613 1442 637 est
1450 611 1472 626 ¹²
1484 610 1495 636 '!
1508 610 1537 637 ld
1559 610 1643 644 igitur
1655 617 1745 637 causa:

953 660 995 683 est
1009 655 1164 691 curjubeat
1182 655 1226 682 his
1242 664 1298 683 non
1315 655 1524 688 adbreresccre;
1540 656 1587 683 sed
1603 659 1633 682 ut
1645 655 1678 687 is,
1696 655 1744 690 qui

953 702 1012 737 ejus
1024 702 1099 736 cupit
1114 709 1174 730 esse
1192 702 1345 736 discipulus
1355 722 1362 735 ,
1383 703 1525 729 renuntiet
1541 703 1670 730 omnibus
1683 710 1745 737 qua:

954 747 1089 781 possidet.

989 835 1016 862 8.
1049 835 1119 863 Tum
1146 835 1232 863 frater
1253 835 1506 872 :Quandoquidem
1524 837 1629 869 dixisti,
1651 838 1744 868 Pater,

921 887 940 914 Β
955 889 1004 916 par
1017 889 1096 914 esse,
1121 885 1152 908 ut
1174 882 1258 909 rebus
1279 883 1426 916 omnibus,
1444 891 1505 918 qme
1528 884 1580 910 sub
1602 888 1744 918 aspectum

954 928 1067 962 eadunt,
1088 928 1203 963 ipsoque
1226 936 1351 964 corpore,
1372 930 1494 965 cujusvis
1513 930 1656 957 hominum
1676 930 1746 958 dile-

954 977 1074 1003 ctionem
1093 975 1182 1010 pluris
1210 975 1357 1009 faciamus;
1375 976 1486 1010 quinam
1516 977 1575 1004 ﬁeri
1599 982 1689 1012 potest
1715 981 1746 1005 ut

954 1029 1017 1048 eum
1024 1022 1137 1057 diligam
1147 1022 1194 1056 qui
1204 1029 1247 1049 me
1256 1022 1339 1049 habet
1347 1021 1412 1049 odio
1420 1026 1448 1049 et
1458 1027 1602 1050 aversatur
1611 1023 1708 1056 ?Quod
1720 1024 1745 1051 si

954 1067 1038 1095 etiam
1068 1067 1172 1095 invidia
1205 1068 1306 1103 agitur,
1331 1068 1456 1103 petitque
1473 1069 1603 1097 convitiis
1617 1074 1645 1097 et
1666 1070 1746 1098 dolos

955 1114 1037 1141 struit
1053 1121 1086 1141 ac
1099 1113 1214 1141 insidias
1228 1114 1403 1142 machinatur
1419 1115 1511 1142 :bunc
1522 1116 1663 1150 quomodo
1678 1117 1744 1144 dili—

953 1168 1018 1195 gere
1031 1168 1143 1195 possum
1154 1161 1165 1187 ‘3
1175 1161 1303 1193 Videtur,
1316 1161 1411 1193 Pater,
1428 1161 1481 1189 hoc
1495 1162 1522 1188 in
1539 1162 1581 1190 eis
1597 1170 1744 1190 numeran-

954 1206 1030 1239 dum,
1043 1215 1104 1241 qua:
1129 1211 1227 1234 natura
1251 1207 1309 1234 licri
1331 1215 1388 1234 non
1405 1212 1530 1242 possunt,
1554 1208 1628 1243 quod
1645 1216 1744 1243 nempe

954 1252 1091 1286 passionis
1119 1252 1200 1280 dolor
1223 1253 1360 1287 illatasque
1387 1261 1485 1281 sensus
1510 1253 1617 1288 injuriae
1644 1257 1744 1280 natura

954 1300 1043 1332 cogat,
1059 1301 1090 1324 ut
1111 1297 1219 1325 infenso
1236 1298 1328 1325 animo
1348 1298 1376 1325 in
1395 1306 1458 1326 eum
1476 1299 1581 1331 simus,
1599 1299 1647 1334 qui
1670 1299 1745 1326 illius

954 1346 1051 1369 auctor
1065 1342 1189 1370 exsistat.
1205 1343 1415 1379 Responditque
1441 1351 1524 1371 senex
1543 1345 1591 1372 :ln
1608 1344 1746 1379 serpenti-

954 1387 1008 1415 bus
1021 1388 1135 1422 quidem
1150 1393 1179 1415 et
1198 1388 1306 1423 bestiis,
1324 1398 1385 1425 quae
1399 1394 1497 1417 natura
1513 1396 1633 1425 aguntur
1646 1411 1652 1423 ,
1670 1391 1744 1418 haud

954 1434 1036 1469 plane
1052 1434 1112 1461 ﬁeri
1132 1435 1229 1470 possit,
1250 1440 1281 1463 ut
1295 1436 1375 1471 371
1389 1444 1444 1464 non
1461 1438 1584 1469 omnino.
1601 1437 1691 1471 quoad
1709 1437 1744 1463 li—

955 1484 1027 1513 ceat,
1050 1480 1230 1515 ulciscantur,
1244 1482 1319 1516 quod
1332 1482 1486 1510 molestiam
1504 1483 1570 1510 facit
1583 1493 1590 1510 :
1603 1483 1631 1509 in
1650 1483 1683 1510 iis
1694 1490 1744 1509 au-

957 1531 1022 1559 tem,
1034 1527 1082 1562 qui
1096 1527 1130 1555 ad
1141 1528 1191 1555 Dei
1212 1528 1358 1563 imaginem
1386 1529 1490 1557 conditi
1513 1534 1576 1557 sunt
1592 1534 1620 1557 et
1640 1529 1745 1556 ratione

110 1575 259 1610 μισοῦντας
283 1574 404 1609 ἀγαπᾷν.
432 1573 478 1599 Διὸ
497 1572 544 1599 καὶ
570 1573 584 1599 ὁ
604 1572 725 1607 Κύριος,
747 1570 901 1606 Ἀγαπᾶτε,

957 1571 1109 1606 ducuntur,
1132 1573 1238 1608 Deique
1255 1574 1371 1601 scientia
1393 1574 1499 1610 dignati
1522 1579 1597 1608 sunt,
1619 1574 1698 1602 etab
1711 1582 1745 1601 eo

109 1620 208 1655 λέγων,
225 1619 296 1651 τοὺς
310 1617 439 1653 ἐχθροὺς
464 1617 550 1652 ὑμῶν·
564 1626 570 1633 ·
588 1617 689 1651 καλῶς
705 1616 827 1650 ποιεῖτε,
840 1616 902 1650 τοῖς

106 1666 256 1702 μισοῦσιν
267 1663 410 1700 ὑμᾶς-,καὶ
426 1664 462 1690 τὰ
475 1664 549 1698 ἑξῆς,
563 1664 613 1699 οὐχ
629 1663 667 1695 ὼς
679 1663 798 1691 ἀδύνατα
813 1662 903 1690 ἐντέλ-

110 1713 198 1746 λεται,
210 1711 268 1738 ἀλλ’
279 1711 316 1742 ὡς
330 1710 432 1737 δυνατά
446 1710 568 1745 δηλονότι
578 1718 584 1725 ·
596 1710 659 1737 ἐπεὶ
672 1710 723 1737 οὐκ
744 1710 777 1737 ἂν
789 1709 903 1736 ἐκόλασε

111 1759 157 1785 τὸν
171 1757 385 1792 παραϐαίνοντα.
398 1756 479 1791 Δηλοϊ
495 1756 524 1783 δὲ
538 1756 618 1788 αὐτὸς
633 1757 646 1782 ὁ
663 1755 780 1791 Κύριος,
810 1755 903 1786 αὐτοῖς

110 1806 166 1835 τοῖς
182 1803 273 1839 ἔργοις
287 1803 353 1837 ἡμῖν
363 1801 468 1834 δείξας·
488 1801 535 1828 καὶ
545 1802 570 1828 οἱ
591 1800 714 1836 μαθηται¹
731 1800 814 1827 αὐτοῦ
833 1800 902 1827 πάν-

111 1859 158 1881 τες
169 1849 240 1884 ὑπὲρ
252 1848 302 1883 τῆς
318 1849 359 1879 είς
374 1848 419 1874 τὸν
437 1847 551 1883 πλησίον
568 1847 679 1882 ἀγάπης
692 1846 772 1882 μέχρι
786 1846 902 1873 θανάτου

112 1895 325 1930 ἀγωνισάμενοι,
341 1894 389 1921 καὶ
404 1894 475 1928 ὑπὲρ
488 1894 543 1920 τῶν
561 1893 782 1920 ἀποκτεινάντων
793 1892 904 1928 θερμῶς

113 1942 340 1979 προσευξάμενοι.
367 1940 438 1967 Ἀλλ’
463 1940 558 1975 ἐπειδὴ
576 1941 656 1975 ἡμεῖς
681 1939 764 1974 ἐσμὲν
784 1938 904 1973 φιλόῡλοι

112 1989 160 2016 καὶ
178 1988 327 2023 φιλήδονοι.
343 1987 391 2014 καὶ
407 1987 496 2014 ταῦτα
522 1986 572 2022 τῆς
589 1986 700 2021 ἐντολῆς
722 1985 821 2019 μᾶλλον
835 1993 903 2021 προ-

111 2033 261 2068 τιμῶντες,
273 2033 317 2060 διά
340 2032 422 2059 τοῦτο
445 2032 509 2063 τοὺς
537 2031 684 2067 μισοῦντας
708 2030 851 2066 ἀγαπῆσαι
872 2031 903 2057 οὐ

112 2077 268 2113 δυνάμεθα·
281 2076 349 2103 ἁλλά
363 2076 411 2102 καὶ
424 2075 486 2107 τοὺς
499 2075 663 2109 ἀγαπῶντας
680 2074 724 2101 διὰ
739 2073 826 2100 ταῦτα
841 2073 906 2099 πολ-

112 2123 193 2154 λάκις
222 2121 461 2156 ἀποστρεφόμεθα,
478 2119 580 2154 θηρίων
598 2119 644 2146 καὶ
670 2118 793 2154 ἑρπετῶν
816 2118 905 2153 χεῖρον

111 2169 305 2204 διακείμενοι·
321 2165 376 2194 καῖ
393 2166 437 2193 διὰ
463 2165 541 2192 τοῦτο
570 2166 625 2197 τοῖς
652 2164 737 2199 ἴχνεσι
764 2163 812 2190 τοῦ
836 2163 904 2189 Θεοῦ

112 2213 298 2249 ἀκολουθῆσαι
330 2212 368 2248 μὴ
392 2211 547 2246 δυνάμενοι,
561 2211 622 2238 οὐδὲ
643 2211 688 2237 τὸν
707 2209 808 2237 σκοπὸν
820 2210 904 2236 αὐτοῦ

112 2261 217 2295 γνῶναι
233 2259 383 2294 δυνάμεθα.
394 2258 438 2284 ἵνα
457 2257 586 2291 λάϐωμεν
602 2257 727 2292 δύναμιν.

954 1617 1043 1653 legem
1060 1623 1238 1653 acceperunt,
1253 1619 1348 1654 utique
1367 1619 1425 1647 ﬁeri
1437 1625 1539 1655 potest,
1565 1625 1595 1647 ut
1614 1620 1684 1647 nihil
1702 1620 1744 1647 iu-

953 1663 1032 1692 fenso
1047 1664 1139 1692 animo
1151 1665 1207 1692 sint
1217 1665 1245 1692 iu
1256 1673 1316 1698 eos,
1326 1665 1374 1700 qui
1395 1666 1503 1701 injuria:
1520 1664 1649 1693 auctores
1661 1671 1725 1693 sunt
1737 1686 1744 1698 ,

953 1713 982 1737 et
995 1714 1025 1737 ut
1042 1717 1090 1738 eos
1105 1710 1228 1745 diligant,
1240 1710 1289 1745 qui
1304 1711 1434 1738 oderunt.
1452 1711 1637 1744 Quamobrem
1661 1711 1744 1738 etiam

953 1755 1098 1788 Dominus,
1120 1755 1184 1782 dum
1206 1756 1246 1783 ait
1267 1764 1274 1782 :
1293 1756 1403 1791 Diligite
1417 1757 1537 1784 inimicos
1557 1761 1656 1783 vestros
1676 1765 1684 1784 :
1700 1757 1745 1784 be«

954 1801 1067 1836 nefacite
1085 1801 1128 1833 iis,
1146 1802 1190 1836 qui
1202 1801 1313 1828 oderunt
1339 1809 1383 1829 vos
1393 1802 1426 1834 ’³,
1443 1806 1471 1830 ct
1497 1810 1558 1837 qua:
1578 1807 1744 1837 sequuntur.

954 1854 1010 1874 non
1025 1847 1084 1874 haec
1108 1850 1237 1882 tanquam
1264 1847 1446 1882 impossibilia
1458 1849 1548 1884 jubet,
1563 1849 1611 1877 sed
1636 1854 1666 1877 ut
1686 1857 1746 1884 qum

953 1893 1085 1929 nimirum
1100 1893 1158 1920 fieri
1174 1894 1290 1928 possint.
1313 1894 1461 1929 Palamque
1484 1895 1549 1922 facit
1568 1895 1626 1930 ipse
1651 1895 1745 1922 Domi-

954 1946 1017 1971 nus,
1033 1939 1092 1974 ejus
1103 1938 1184 1966 nobis
1197 1938 1355 1966 dilectionis
1368 1939 1451 1967 rebus
1462 1940 1528 1975 ipsis
1547 1939 1717 1968 luculentum
1730 1948 1744 1967 a

954 1991 984 2011 se
1006 1983 1145 2018 specimen
1164 1983 1269 2017 factus;
1285 1985 1345 2020 ejus
1359 1992 1470 2020 quoque
1491 1992 1587 2012 omnes
1603 1985 1743 2020 discipuli,

956 2028 1023 2056 dum
1047 2029 1082 2056 ad
1110 2034 1228 2057 mortem
1251 2038 1338 2065 usque
1355 2030 1512 2058 dilectionis
1529 2031 1646 2065 proximi
1663 2039 1745 2058 causa

955 2074 1142 2108 decertarunt,
1156 2080 1185 2103 et
1197 2076 1305 2110 probis
1326 2075 1374 2111 qui
1397 2075 1561 2103 occiderunt
1587 2076 1671 2103 animi
1689 2076 1745 2103 ler-

954 2127 1022 2147 vore
1037 2125 1197 2148 oraverunt.
1223 2120 1301 2153 Quod
1314 2121 1457 2149 enimvero
1475 2121 1593 2148 terrenis
1615 2121 1698 2148 rebus
1713 2129 1746 2148 ac

955 2165 1091 2200 voluptati
1113 2173 1208 2193 amore
1224 2165 1341 2201 impensi
1363 2174 1469 2198 sumus,
1486 2166 1600 2201 bamque
1617 2155 1746 2194 mandato

956 2211 1045 2245 pluris
1060 2210 1189 2243 facimus,
1211 2211 1315 2238 idcirco
1329 2218 1378 2238 eos
1401 2211 1450 2246 qui
1465 2218 1516 2238 nos
1536 2211 1655 2239 oderunt
1671 2211 1746 2238 haud

921 2253 942 2280 D
957 2255 1074 2291 diligere
1090 2263 1256 2290 possumus;
1271 2255 1338 2290 quin
1350 2260 1379 2283 et
1396 2263 1492 2283 eorum
1506 2264 1588 2284 causa
1602 2257 1630 2283 in
1640 2264 1687 2284 eos
1698 2256 1746 2291 qui

113 2307 242 2342 diligant,
265 2305 340 2332 haud
374 2311 447 2336 raro,
481 2303 580 2332 bestiis
613 2311 645 2331 ac
677 2303 854 2338 serpentibus
879 2302 1001 2330 deterius
1028 2303 1131 2334 allecti,
1163 2303 1271 2330 infenso
1297 2303 1391 2330 animo
1418 2311 1537 2331 sumus:
1567 2303 1746 2338 quamobrem

112 2353 198 2381 etiam
230 2352 280 2378 Dei
297 2351 410 2386 vestigia
436 2349 515 2385 sequi
546 2357 601 2377 non
618 2349 753 2382 valentes,
788 2357 823 2377 ne
840 2350 900 2385 ejus
911 2350 1022 2384 quidem
1041 2357 1167 2385 scopum,
1196 2358 1228 2377 ac
1251 2350 1314 2385 quis
1328 2350 1367 2377 illi
1385 2349 1447 2377 ﬁnis
1463 2350 1508 2383 sit,
1535 2357 1634 2384 capere
1651 2357 1747 2384 possu-
1779 2357 1781 2359 ί

114 2407 187 2433 mus,
203 2403 234 2426 ut
248 2398 381 2425 virtutem
400 2397 543 2431 roburque
560 2397 739 2431 accipiamus.

149 2447 182 2474 θ’.
196 2446 252 2473 Καὶ
268 2446 282 2472 ὁ
305 2445 432 2480 Ἀδελφὸς
445 2443 531 2471 εἶπεν·
541 2444 620 2477 Ἰδοὺ,
634 2445 736 2480 Πάτερ,
759 2445 906 2472 κατέλιπον

114 2494 218 2524 πάντα,
235 2492 406 2526 συγγένειαν,
425 2490 560 2526 ὓπαρξιν,
578 2491 695 2527 τρυφὴν,
715 2491 762 2517 καὶ
790 2491 840 2527 τὴν
864 2491 908 2518 δό-

114 2540 165 2573 ξαν
177 2538 227 2565 τοῦ
243 2539 357 2573 κόσμου,
375 2538 422 2564 καὶ
436 2537 512 2564 οὐδὲν
525 2537 664 2572 κέκτημαι
676 2537 704 2563 ἐν
717 2536 755 2572 τῷ
771 2536 821 2572 βίῳ
837 2537 907 2572 πλὴν

113 2585 163 2612 τοῦ
177 2584 304 2619 σώματος
315 2592 321 2599 ·
330 2584 386 2617 ,καὶ
400 2583 447 2610 τὸν
457 2583 570 2617 ἀδελφὺν
587 2582 718 2618 μισοῦντά
732 2591 765 2618 με
780 2583 827 2609 καὶ
838 2583 906 2609 ἀπο-

116 2630 302 2666 στρεφόμενον
317 2629 458 2664 ἀγαπῆσαι
471 2629 502 2655 οὐ
517 2628 635 2663 δύναμαι
647 2635 654 2642 '
666 2628 690 2654 εἰ
716 2628 762 2655 καὶ
778 2628 906 2663 βιάζομαι

116 2676 203 2703 κακὸν
221 2675 280 2702 ἀντὶ
304 2674 390 2701 κακοῦ
404 2675 465 2701 κατ’
481 2674 622 2709 ἐνέργειαν
640 2673 678 2709 μὴ
699 2673 904 2701 ἀνταποδοῦναι.

116 2720 184 2749 Εἶπε
198 2719 245 2748 οὖν
271 2721 297 2747 τί
318 2721 418 2755 ὀφείλω
438 2721 566 2755 ποιῆσαι,
582 2720 625 2747 ἵνα
650 2720 755 2755 δυνηθῶ
771 2720 854 2746 αὐτὸν
874 2721 906 2747 ὲκ

117 2767 232 2803 καρδίας
247 2767 428 2803 ἁγαπῆσαι,ἣ
450 2768 496 2793 καὶ
517 2767 561 2793 τὸν
584 2767 792 2802 καθοιονδήποτε
806 2767 906 2802 τρόπον

119 2814 246 2841 θὶίϐοντα
263 2813 310 2840 καὶ
325 2813 543 2840 ἐπιϐουλεύοντα.

995 2445 1021 2472 9.
1049 2444 1177 2479 Dixitque
1202 2445 1286 2472 frater
1301 2453 1307 2470 :
1323 2445 1392 2471 Ecce
1403 2465 1409 2477 ,
1423 2444 1513 2475 Pater,
1530 2443 1628 2478 reliqui
1642 2443 1744 2475 omnia,

960 2490 1159 2526 cognationem,
1172 2489 1364 2521 substantiam,
1375 2489 1498 2522 delicias,
1516 2488 1610 2516 mundi
1619 2488 1745 2524 gloriam,

959 2545 1011 2564 nec
1026 2541 1124 2572 praeter
1138 2544 1198 2571 θοι-ξ
1207 2544 1238 2563 us
1256 2536 1284 2563 in
1294 2536 1350 2563 vita
1364 2536 1467 2571 aliquid
1484 2536 1623 2571 possideo,
1636 2543 1687 2562 nec
1704 2539 1746 2562 ta-

959 2591 1022 2610 men
1040 2583 1149 2609 fratrem
1162 2582 1209 2617 qui
1222 2582 1286 2609 odio
1303 2582 1401 2609 habeat
1414 2589 1445 2609 ac
1464 2585 1616 2613 aversetur,
1633 2581 1746 2616 diligere

959 2629 1052 2661 valeo;
1071 2636 1226 2663 quanquam
1242 2635 1276 2654 ne
1299 2628 1388 2662 reipsa
1403 2627 1503 2654 malum
1521 2635 1571 2661 pro
1592 2627 1663 2654 malo
1683 2626 1745 2653 red-

959 2675 1032 2706 dam,
1050 2683 1092 2702 mc
1108 2675 1166 2709 ipse
1182 2674 1299 2701 cohibeo
1312 2678 1394 2708 atque
1409 2681 1503 2701 caveo.
1521 2673 1570 2700 Dic
1583 2681 1658 2708 ergo,
1680 2672 1746 2707 quid

960 2721 1027 2748 mibi
1047 2721 1117 2748 facto
1133 2728 1211 2755 opus,
1226 2723 1255 2746 ut
1270 2728 1302 2747 ex
1322 2719 1415 2747 animo
1434 2719 1546 2754 diligere
1562 2719 1676 2749 valeam.
1689 2718 1746 2746 sive

960 2767 1042 2793 etiam
1055 2766 1101 2801 qui
1125 2766 1179 2792 ullo
1195 2765 1276 2792 modo
1293 2766 1444 2792 molestiam
1463 2764 1545 2792 faciat
1562 2768 1589 2792 et
1601 2764 1701 2799 allligat
1715 2772 1748 2791 ac

961 2813 1040 2839 insidi
1051 2820 1074 2839 IS
1086 2816 1183 2839 struat.

154 2870 176 2886 ι·
193 2869 272 2897 Joan.
289 2877 343 2903 xw,
359 2869 401 2897 15.
439 2870 460 2886 ²¹
477 2869 554 2898 Joan.
571 2877 613 2903 xv,
629 2869 671 2895 ἰν.
711 2869 732 2884 ¹²
747 2868 825 2896 ltom.
843 2877 898 2901 xm,

956 2890 957 2894 η
998 2869 1018 2884 ίδ
1036 2867 1129 2895 Matth.
1148 2877 1173 2903 v,
1189 2869 1238 2903 lii;
1254 2869 1320 2897 Luc.
1337 2877 1373 2901 vi,
1386 2868 1429 2896 27.
