1948 3077
212 129 265 162 919
808 129 837 159 S.
860 128 1003 159 MAXIMI

249 183 401 219 Respondit
428 190 509 210 senex
525 192 531 209 :
546 183 617 210 Fieri
633 191 688 210 non
710 187 801 218 potest
821 189 852 211 ut
874 191 937 211 eum
958 182 1005 218 qui

211 230 307 266 afﬂigit
322 235 472 265 auctorque
496 230 627 258 Inolestim
644 234 695 262 est,
715 230 778 266 quis
795 230 899 266 diligat,
916 237 1005 265 quau-

213 277 315 303 tumvis
328 275 444 303 terrenis
459 275 551 303 saeculi
569 276 653 303 rebus
665 277 792 303 nuntium
809 275 947 303 remisisse
962 275 1005 302 vi-

212 323 309 350 detur.
325 321 378 348 nisi
396 321 505 348 Domini
526 329 639 357 scopum
664 330 728 350 vere
757 322 928 357 cognoverit.
956 322 1004 349 Sin

212 373 304 396 autem
330 368 377 395 illo
401 367 520 395 donante
538 376 619 395 nosse
637 369 775 404 potuerit,
793 369 956 404 studeatque
971 376 1005 396 ex

211 415 272 450 ejus
283 414 389 441 ratione
409 413 561 446 ambulare,
573 422 636 441 eum
647 415 693 449 qui
706 415 879 442 odiohabeat
893 420 920 442 et
934 414 1004 442 allli-

211 464 268 496 gat,
282 468 315 487 ex
330 460 423 487 animo
435 460 550 495 diligere
568 461 680 495 poterit,
696 464 727 487 ut
737 468 766 488 et
777 460 894 495 apostoli
907 460 1005 495 dilige-

212 506 290 537 bant,
307 505 353 540 qui
366 505 443 532 illum
461 506 665 540 cognovissent.

248 551 292 578 l0.
311 551 380 578 Tum
403 551 488 578 frater
505 560 511 578 :
529 552 604 587 Rogo
619 556 656 584 te,
674 552 765 585 Pater,
785 552 857 580 scire
876 552 1003 587 quisnam

211 597 322 625 Domini
340 605 440 632 scopus
463 598 610 626 exstiterit.
631 598 671 626 Ad
686 606 768 633 quem
787 605 869 625 senex
884 607 890 624 ε
906 597 934 625 Si
949 598 1004 626 Do-

211 644 278 671 mini
296 651 411 678 scopum
429 651 509 671 nosse
523 644 575 676 vis,
592 646 709 672 solerter
721 644 795 671 audi.
808 643 893 679 Igitur
909 643 1003 670 Domi-

210 697 266 717 nus
283 693 378 716 noster
391 689 471 717 Jesus
482 689 620 719 Christus.
633 697 696 717 cum
712 690 785 717 Deus
802 694 901 717 natura
918 693 1002 720 esset,

211 743 244 764 ac
264 743 313 771 per
333 743 466 763 summam
491 736 666 763 clementiam
683 735 883 770 hominumque
907 743 1003 763 amore

211 781 296 809 homo
312 782 371 810 fieri
386 782 515 816 dignatus
535 781 615 816 372
631 785 715 814 esset,
734 785 815 808 natus
829 789 862 808 ex
875 781 1001 811 muliere,

213 827 266 855 sub
291 827 351 863 lege
369 827 458 854 factus
480 832 534 860 est,
557 831 588 854 ut
608 831 706 854 auctor
724 827 835 854 divinus
855 827 1003 862 Apostolus

211 878 255 900 est
265 873 305 906 ";
320 881 375 908 quo
402 873 533 899 nimirum
552 877 582 899 ut
610 873 711 904 homo,
738 873 857 900 mandati
875 873 1005 900 observa-

212 918 299 949 tione,
332 921 453 945 veterem
482 918 578 945 Adami
599 918 820 946 maledictionem
849 926 1004 953 noxamque

212 968 358 991 everteret.
372 964 440 991 Cum
463 964 554 998 itaque
573 964 611 991 illi
627 965 799 999 exploratum
811 968 901 996 esset,
919 968 1003 991 totam

211 1009 300 1044 legem
316 1017 347 1037 ac
362 1010 509 1044 prophetas
530 1010 557 1037 in
575 1010 684 1038 duobus
700 1010 768 1045 legis
782 1009 918 1037 mandatis
933 1017 1003 1044 pen-

212 1054 296 1087 dcrc;
315 1055 379 1082 hinc
395 1055 542 1083 nimirum:
561 1056 660 1091 Diliges
679 1056 819 1083 Dominum
835 1055 918 1083 Deum
931 1061 1004 1082 tuum

213 1109 246 1128 ea:
259 1105 313 1128 loto
324 1102 402 1128 corde
416 1106 471 1134 tua,
481 1107 504 1129 et
518 1103 669 1138 proximum
689 1103 755 1129 sicut
769 1102 898 1135 leipsum;
915 1102 973 1129 haec
988 1109 1004 1128 a

213 1146 351 1181 principio
365 1151 392 1173 et
410 1147 436 1174 in
458 1147 539 1174 linem
555 1155 642 1182 usque
657 1155 691 1175 ex
708 1147 829 1175 humana
843 1148 949 1175 studuit
961 1155 1005 1175 ra-

216 1193 291 1220 tione
308 1201 429 1220 servare.
451 1194 502 1226 Qui
517 1199 608 1221 autem
627 1201 642 1220 a
660 1193 797 1228 principio
809 1194 948 1222 hominem
963 1202 1005 1222 sc-

213 1239 304 1271 duxit,
328 1240 442 1274 ejusque
470 1239 585 1267 victoria
614 1241 711 1268 mortis
727 1241 873 1275 imperium
894 1242 1004 1276 (nempe

213 1284 349 1320 diabolus)
368 1286 484 1320 accepit,
495 1293 558 1313 cum
577 1286 700 1318 vidisset,
714 1294 770 1321 quo
784 1290 906 1321 tempore
915 1286 1006 1321 bapti-

213 1339 273 1359 smo
285 1332 387 1360 tinctus
401 1337 453 1364 est,
474 1333 562 1360 Patris
583 1333 741 1360 testimonio
755 1333 933 1365 celebratum,
955 1341 1004 1361 co-

213 1382 383 1412 gnatumque
405 1378 539 1412 Spiritum
564 1382 707 1411 sanctum,
729 1387 782 1414 qua
803 1379 886 1406 homo
900 1383 969 1413 erat,
989 1388 1004 1407 ο

213 1423 292 1451 uelis
306 1423 455 1458 accepisse,
472 1428 554 1458 atque
578 1425 604 1451 in
620 1424 758 1452 desertum
773 1430 803 1453 ut
823 1426 858 1453 ab
869 1433 902 1453 eo
915 1430 1004 1453 tenta-

214 1473 291 1496 retur
303 1469 421 1501 veuissc,
434 1477 543 1496 omnem
557 1469 585 1496 in
597 1477 660 1496 eum
675 1470 739 1498 belli
751 1471 849 1498 molem
858 1472 1004 1504 convertit,

214 1514 238 1541 si
250 1514 324 1542 forte
342 1514 416 1542 hunc
430 1523 541 1550 quoque
566 1515 697 1544 inducere
718 1521 825 1551 posset,
839 1521 869 1544 ut
894 1522 1003 1544 terrena

215 1560 311 1586 mundi
329 1560 429 1588 divina:
452 1560 592 1589 dilectioni
617 1563 775 1591 anteferret.
800 1564 896 1592 Sciens
910 1564 1004 1600 itaque

215 1604 343 1633 diabolus
358 1606 409 1633 tria
427 1607 484 1634 haec
507 1615 578 1640 esse,
602 1608 628 1634 in
647 1609 749 1644 quibus
767 1610 886 1637 humana
906 1615 1005 1638 cuncta

214 1655 372 1685 vertuntur,
386 1652 463 1680 cibos
477 1653 619 1686 nimirum,
638 1655 769 1690 pecunias
788 1656 905 1691 vitaeque
923 1656 1005 1683 clari-

216 1700 310 1728 tatem,
335 1697 437 1732 quibus
463 1698 546 1725 etiam
573 1707 715 1735 nunquam
742 1708 798 1727 non
817 1701 958 1728 hominem
976 1701 1004 1728 in

214 1743 380 1778 perditionis
395 1744 553 1772 barathrum
574 1746 644 1774 solet
662 1746 821 1780 detrudere,
837 1747 939 1782 triplici
953 1748 1005 1775 hoc

214 1797 304 1817 cuneo
316 1798 379 1818 eum
397 1791 423 1818 in
437 1791 548 1819 deserto
568 1792 683 1820 adortus
695 1796 739 1820 est
753 1801 760 1819 :
779 1801 896 1828 quorum
913 1794 1006 1821 Domi-

215 1843 268 1863 nus
282 1836 370 1863 vietor
386 1837 513 1870 effectus,
529 1837 670 1865 diabolum
686 1839 851 1874 retrojussit
862 1839 949 1866 abire.

250 1978 294 2004 Η.
313 1977 370 2005 lloc
382 1978 467 2013 igitur
480 1979 527 2006 Dei
539 1979 697 2008 dilectionis
709 1980 825 2016 insigne,
843 1981 921 2017 cujus
934 1989 1004 2016 prm-

214 2028 326 2058 ceptum
343 2024 630 2059 uttransgrcderetur,
645 2032 709 2052 cum
722 2026 1003 2060 nulla'promissorum

214 2070 240 2096 vi
253 2069 379 2097 obtinere
395 2070 430 2097 ab
457 2078 492 2097 eo
505 2074 626 2098 tentator
648 2072 798 2106 potuisset;
813 2077 843 2099 ut
861 2073 915 2108 jam
937 2073 1006 2100 dile-

214 2115 316 2153 ctionis
338 2115 456 2150 proximi
481 2121 648 2151 praeceptum
673 2117 790 2145 violaret
812 2118 839 2145 in
861 2118 1004 2145 hominum

214 2160 399 2194 frequentiam
429 2161 544 2188 veniens
554 2181 560 2193 ,
577 2161 835 2190 scclestissimorum
847 2162 1003 2190 Judzeorum

215 2213 283 2233 usus
298 2213 399 2240 opera,
418 2207 526 2233 cunctis
552 2206 660 2234 artibus
684 2207 802 2235 adnixus
822 2212 873 2235 est.
898 2207 1004 2236 ldcirco

215 2251 300 2287 igitur
323 2251 434 2279 interim
456 2252 522 2279 dum
534 2252 593 2280 vias
610 2254 671 2281 vitae
682 2253 804 2287 doceret,
829 2262 861 2282 ac
885 2255 1006 2282 celestis

214 2298 279 2325 vita:
291 2297 464 2333 disciplinam
480 2306 563 2333 opere
580 2303 756 2332 monstraret,
778 2300 1005 2328 resurrectionis-

214 2351 268 2378 que
291 2348 463 2370 mortuorum
479 2351 579 2378 praeco,
603 2344 686 2371 vitam
711 2349 841 2372 aeternam
867 2353 900 2373 ac
919 2347 1005 2374 οωΙο-

215 2396 277 2416 rum
294 2397 409 2424 regnum
427 2388 556 2417 ﬁdelibus
571 2389 756 2425 promitteret,
773 2395 931 2426 aeternaque
941 2399 1006 2426 sup-

213 2435 297 2470 plicia
312 2435 464 2462 incredulis
480 2435 553 2462 serio
574 2435 733 2469 intentaret,
747 2440 830 2471 atque
847 2437 879 2463 ad
897 2440 1002 2464 certam

214 2480 347 2508 doctrinae
364 2480 458 2512 fidem,
469 2480 605 2515 stupenda
618 2488 652 2508 ac
678 2480 801 2508 inaudita
815 2481 908 2508 divina
927 2481 1004 2517 signa

213 2525 321 2558 ederet,
338 2533 370 2552 ac
388 2525 484 2553 turbas
507 2525 540 2552 ad
564 2526 645 2552 fidem
661 2525 801 2558 invitaret,
819 2524 1003 2562 nequissimos

215 2571 359 2598 hominum
375 2571 529 2598 Pharisaeos
552 2579 583 2598 ac
599 2571 720 2603 Scrihas,
739 2572 773 2599 ad
791 2573 881 2600 varias
898 2573 926 2600 in
938 2580 1000 2600 cum

215 2617 361 2644 struendas
382 2617 513 2650 insidias,
540 2618 696 2646 concitabat
718 2627 725 2645 :
743 2627 799 2654 quo
821 2619 927 2647 scilicet
950 2619 1005 2647 vim

213 2669 276 2689 eam
292 2662 474 2690 tentationum
487 2663 559 2690 ferre
576 2671 631 2690 non
644 2664 750 2696 valens,
763 2669 793 2692 ut
809 2664 921 2700 quidem
933 2665 1007 2693 vide-

215 2707 306 2740 batur,
324 2708 455 2736 ineorum
467 2708 514 2743 qui
527 2708 568 2736 sic
579 2717 626 2736 eas
641 2713 793 2743 necterent,
809 2710 902 2738 odium
917 2716 1007 2739 verte-

214 2759 267 2787 ret,
285 2759 368 2789 atque
386 2754 413 2781 in
432 2762 495 2782 eum
510 2754 621 2782 modum
641 2756 775 2783 intentum
802 2756 883 2785 finem
915 2758 1004 2786 scele-

253 2845 275 2860 ιι
292 2845 379 2872 Galat.
395 2853 430 2879 ιν,
451 2846 476 2872 ι.
515 2832 536 2862 vi
555 2844 648 2872 Matth.
667 2852 710 2878 xv,
731 2845 774 2871 57.

1023 127 1276 160 CONFESSORIS
1796 129 1855 162 929

1022 186 1042 213 Α
1093 184 1148 211 Καὶ
1164 184 1301 220 ἀπεκρίθη
1315 184 1328 210 ὸ
1344 184 1442 219 γέρων·
1465 183 1609 211 Ἀδύνατόν
1627 192 1688 211 τινα
1702 184 1852 219 ἀγαπῆσαι

1056 230 1102 256 τὸν
1127 229 1252 257 θλίϐοντα
1263 249 1270 260 ,
1287 230 1339 257 κᾶν
1365 231 1398 266 τῇ
1415 230 1465 265 ὓλῃ
1482 229 1529 256 τοῦ
1548 230 1652 266 κόσμου
1666 230 1755 264 ἔδοξεν
1779 231 1854 257 ἀπο-

1055 275 1197 308 τάξασθαι,
1214 275 1262 303 ἐὰν
1280 275 1318 311 μὴ
1344 275 1390 302 τὸν
1418 276 1519 303 σκοπὸν
1539 275 1588 302 τοῦ
1613 276 1716 310 Κυρίου
1734 277 1764 302 ὲν
1780 277 1854 311 ἀλη-

1056 322 1116 358 θειᾳ
1131 322 1270 357 γινώσκῃ⁶
1288 322 1336 348 ἐὰν
1351 322 1381 349 δὲ
1405 322 1452 348 τοῦ
1479 322 1583 357 Κυρίου
1604 322 1677 358 αὐτῷ
1697 323 1853 358 χαριζομέ-

1055 377 1101 394 νου
1118 367 1218 403 δυνηθῇ
1244 367 1362 402 γνῶναι,
1377 369 1424 395 καὶ
1451 368 1555 404 σπεύδῃ
1574 370 1632 396 κατ’
1657 369 1739 395 αὐτὸν
1767 377 1853 404 περι-

1056 415 1162 445 πατεῖν,
1175 414 1287 441 δύναται
1311 415 1343 441 ἐκ
1359 415 1474 450 καρδίας
1495 415 1637 450 ἀγαπῆσαι
1655 415 1700 442 τὸν
1715 415 1852 450 μισοῦντα

1055 461 1103 487 καὶ
1119 460 1366 496 ολί6οντα,ὦσπερ
1396 461 1444 487 καὶ
1472 461 1497 487 οἱ
1524 461 1670 488 ἀπόστολοι
1694 461 1852 495 ἐγνωκότες

1038 534 1040 537 ,
1055 507 1180 541 ἠγάπων.

1091 555 1116 578 ι’.
1138 552 1193 578 Καὶ
1216 548 1292 579 εἶπεν
1312 551 1327 577 ὀ
1348 551 1492 586 Ἀδελφός·
1507 551 1563 578 Καὶ
1585 551 1626 584 τίς
1642 552 1656 578 ὁ
1677 552 1779 584 σκοπὶτς
1801 552 1852 578 τοῦ

1055 597 1157 632 Κυρίου
1173 594 1218 632 ἦν,
1237 597 1391 632 παρακαλῶ
1408 597 1526 630 γνῶναι,
1544 597 1645 632 Πάτερ.
1665 596 1722 623 Καὶ
1736 594 1818 623 εἶπεν
1837 597 1853 623 ὁ

1054 644 1153 680 γέρων¹
1174 644 1236 670 Ἐὰν
1251 643 1297 670 τὸν
1318 643 1419 670 σκοπὸν
1436 643 1485 670 τοῦ
1499 643 1602 678 Κυρίου
1626 643 1728 677 γνῶναι
1754 643 1851 679 θέλῃς,

1055 689 1173 721 συνετῶς
1186 689 1312 716 ἄκουσον.
1328 689 1358 715 Ὀ
1379 687 1427 716 οὖν
1442 690 1545 724 Κύριος
1562 689 1641 725 ἡμῶν
1659 689 1764 724 Ἰησοῦς
1779 689 1851 724 Χρι-

1055 736 1126 767 στὸς,
1147 735 1226 770 φύσει
1250 735 1316 767 Θεὸς
1337 735 1385 766 ὢν,
1405 735 1453 761 καὶ
1469 734 1613 769 ἄνθρωπος
1633 734 1676 761 διὰ
1693 733 1853 769 φιλανθρω-

1054 781 1120 807 πίαν
1135 780 1261 815 γενέσθαι
1272 778 1456 811 καταξιώσας,
1472 780 1503 805 ὲκ
1514 779 1644 814 γυναικὸς
1662 778 1770 813 τεχθεὶς
1784 775 1850 814 [Fn

1054 827 1172 862 alterque
1186 825 1225 853 Μ.
1240 824 1404 861 γεννηθεῖς],
1414 825 1468 851 ὑπὸ
1484 825 1566 858 νόμον
1581 825 1702 858 ἐγένετο,
1715 824 1788 851 κατὰ
1803 823 1851 851 τὸν

1056 875 1127 901 Οεῖον
1150 873 1310 900 Ἀπόστολον
1329 880 1335 885 ·
1353 872 1396 899 ἵνα
1424 871 1462 903 ὡς
1489 871 1634 906 ἄνθρωπος
1660 870 1710 905 τὴν
1737 870 1851 905 ἐντολὴν

1056 919 1187 955 φυλάξας,
1204 918 1253 954 τὴν
1263 917 1381 954 ἀρχαίαν
1390 917 1437 944 τοῦ
1459 916 1545 952 ’Δδὰμ
1557 916 1698 952 ἀνατρέψῃ
1710 916 1849 950 κατάραν.

1055 966 1144 998 Εἰδὼς
1155 964 1201 992 οὖν
1216 966 1229 992 ό
1250 965 1362 1000 Κύριος,
1375 964 1417 990 ὅτι
1431 964 1492 995 ὅλος
1503 964 1517 990 ό
1531 963 1613 998 νόμος
1632 963 1678 989 καὶ
1697 963 1722 989 οἰ
1737 963 1851 997 προφῆ-

1055 1022 1099 1040 ται
1111 1013 1139 1039 ὲν
1157 1013 1217 1043 ταῖς
1232 1011 1293 1038 δυσὶ
1316 1011 1363 1037 τοῦ
1389 1011 1471 1045 νόμου
1494 1009 1646 1045 κρέμανται
1670 1009 1802 1041 ἐντολαῖς,
1819 1009 1851 1035 ὲν

1055 1060 1111 1095 τῷ,
1131 1059 1312 1094 Ἀγαπήσεις
1339 1058 1450 1092 Κύριον
1466 1057 1520 1084 τὸν
1544 1056 1617 1083 Θεόν
1630 1063 1688 1083 σου
1712 1056 1747 1088 ἐξ
1772 1056 1852 1089 ὅλης

1055 1106 1110 1140 τῆς
1134 1105 1259 1140 καρδίας
1286 1112 1356 1137 σου,
1368 1103 1417 1131 καὶ
1442 1103 1496 1130 τὸν
1509 1103 1644 1136 πλησίον
1656 1103 1697 1135 ὡς
1719 1103 1848 1130 ἑαυτόν·

1054 1153 1141 1181 ταῦτα
1155 1152 1202 1179 ἀπ’
1228 1151 1316 1186 ἀρχῆς
1335 1151 1477 1185 καὶμέχρι
1496 1150 1589 1181 τέλους
1614 1149 1728 1183 φυλάξαι
1745 1149 1851 1184 ἀνθρω-

1055 1199 1205 1234 ποπρεπῶς
1221 1198 1363 1224 ἔσπευσεν.
1386 1198 1414 1224 '0
1428 1197 1456 1223 δὲ
1473 1197 1521 1223 ἀπ’
1533 1196 1620 1232 ἀρχῆς
1641 1197 1787 1230 ἀπατήσας
1801 1195 1850 1221 τὸν

1055 1244 1208 1280 ἄνθρωπον,
1222 1244 1269 1270 καὶ
1282 1243 1326 1270 διὰ
1343 1242 1423 1269 τοῦτο
1437 1243 1537 1278 κράτος
1554 1241 1679 1277 ἐσχηκὼς
1697 1241 1744 1268 τοῦ
1761 1240 1849 1268 θανά-

1055 1300 1113 1323 του,
1130 1291 1262 1323 διάϐολος,
1276 1289 1338 1317 iam
1363 1289 1443 1317 αὐτὸν
1456 1290 1504 1316 ἐπὶ
1526 1289 1573 1316 τοῦ
1588 1288 1777 1324 βαπτίσματος
1795 1288 1850 1314 ὑπὸ

1056 1336 1102 1364 τοῦ
1119 1336 1225 1372 Harpe;
1248 1335 1483 1372 μαρτυρούμενον,
1501 1335 1548 1362 καὶ
1569 1334 1601 1361 τὸ
1621 1333 1752 1368 συγγενὲς
1768 1334 1848 1368 ἅγιον

1057 1383 1168 1418 Πνεῦμα
1188 1382 1226 1414 ὡς
1241 1383 1384 1418 ἄνθρωπον
1408 1381 1455 1408 ἀπ’
1473 1381 1596 1416 οὐρανῶν
1618 1380 1781 1416 δεχόμενον,
1798 1380 1849 1407 καὶ

1056 1430 1095 1461 εἰς
1106 1429 1155 1465 τὴν
1167 1429 1270 1464 ἔρημον
1282 1428 1349 1464 πρὸς
1357 1428 1387 1454 τὸ
1400 1427 1581 1462 πειρασθῆναι
1595 1427 1639 1453 ὑπ’
1657 1426 1739 1453 αξιτοῦ
1751 1425 1847 1460 ἐληλυο

1057 1473 1132 1501 θότακ
1142 1474 1201 1501 ὃλον
1213 1473 1295 1500 αὑτοῦ
1311 1473 1355 1500 τὸν
1369 1473 1488 1508 πόλεμον
1503 1473 1564 1500 κατ’
1579 1472 1662 1500 αὑτοῦ
1675 1472 1846 1507 συνεκρότει,

1017 1529 1039 1558 C
1058 1519 1085 1546 εἴ
1097 1528 1155 1551 πως
1169 1518 1269 1554 δυνηθῇ
1294 1518 1342 1545 καὶ
1360 1518 1440 1546 αὐτὸν
1464 1520 1577 1550 ποιῆσαι
1596 1518 1645 1553 τὴν
1671 1518 1718 1544 τοῦ
1741 1518 1847 1552 κόσμου

1056 1563 1227 1600 προτιμῆσαι
1245 1563 1312 1598 ὓλην
1334 1563 1383 1598 τῆς
1400 1564 1441 1595 είς
1462 1563 1528 1590 Θεὸν
1551 1564 1672 1598 ἀγάπης.
1691 1561 1774 1594 Είδὼς
1798 1560 1848 1589 οὖν

1054 1613 1069 1638 ὁ
1083 1610 1205 1642 διάϐολος
1229 1611 1269 1636 ὅτι
1295 1609 1329 1636 τὰ
1352 1609 1417 1645 τρία
1433 1609 1521 1636 ταῦτά
1538 1610 1624 1642 εἰσιν,
1643 1610 1672 1635 ἐν
1688 1607 1729 1640 οἷς
1755 1609 1848 1636 πάντα

1053 1657 1167 1684 δονεῖται
1183 1655 1216 1682 τὰ
1228 1654 1386 1690 ἀνθρώπινα
1395 1655 1444 1691 [αι.
1457 1656 1511 1682 πᾶν
1528 1656 1559 1681 τὸ
1569 1654 1763 1690 ἀνθρώπινον].
1774 1654 1848 1690 βρώ-

1056 1711 1146 1738 ματα,
1159 1702 1242 1736 λέγω,
1257 1703 1304 1728 καὶ
1321 1702 1462 1737 χρήματα,
1475 1702 1522 1727 καὶ
1537 1700 1600 1732 δόξα
1610 1720 1618 1731 ,
1631 1700 1664 1727 δι’
1683 1697 1721 1727 ῶν
1737 1700 1785 1728 καὶ
1804 1701 1847 1732 εὶς

1054 1749 1084 1776 τὸ
1102 1748 1238 1784 βάραθρον
1260 1747 1309 1782 τῆς
1335 1746 1473 1778 ἀπωλείας
1487 1746 1531 1773 ἀεὶ
1554 1747 1694 1781 κατήγαγε
1709 1745 1759 1776 [οι.
1777 1755 1847 1773 κατ-

1055 1795 1126 1829 άγει.
1145 1793 1192 1822 Fr.
1207 1793 1323 1830 κατῆγει
1335 1794 1380 1820 τὸν
1395 1793 1538 1827 ἄνθρωπον
1550 1800 1556 1807 ’
1569 1794 1609 1824 εἰς
1627 1792 1716 1819 ταῦτα
1725 1793 1761 1819 τὰ
1781 1793 1846 1828 τρία

1055 1841 1137 1868 αὐτὸν
1151 1841 1181 1867 ὲν
1196 1841 1229 1876 τῇ
1254 1841 1351 1875 ἐρήμῳ
1376 1839 1524 1874 ἐπείρασεν
1535 1858 1542 1869 ,
1555 1835 1593 1865 ὦν
1616 1839 1630 1864 ὀ
1650 1838 1752 1873 Κύριος
1766 1838 1846 1873 ἡμῶν

1055 1887 1186 1923 κρείττων
1208 1888 1322 1921 φανεὶς,
1340 1888 1380 1918 εἰς
1408 1886 1529 1913 τούπίσω
1545 1886 1645 1922 χωρείν
1671 1885 1709 1920 τῷ
1726 1885 1846 1920 διαϐόλῳ

1056 1932 1104 1968 {aL
1116 1933 1162 1959 τὸν
1180 1931 1315 1968 διάὸολον]
1328 1932 1505 1968 προσέταττε.

1092 1982 1135 2007 ια’.
1156 1979 1241 2006 Τοῦτο
1258 1977 1304 2006 οὖν
1317 1979 1347 2006 τὸ
1361 1978 1505 2014 γνώρισμα
1520 1979 1569 2013 τῆς
1582 1979 1621 2010 είς
1632 1977 1698 2005 Θεὸν
1717 1978 1844 2013 ἀγάπης.

1055 2023 1088 2061 ἧς
1105 2026 1153 2060 τὴν
1168 2024 1277 2060 ἐντολὴν
1292 2025 1325 2051 δι’
1333 2021 1370 2051 ὧν
1385 2024 1540 2059 ὲπήγγελτο
1555 2025 1648 2050 πεῖσαι
1658 2023 1740 2050 αὑτὸν
1758 2032 1846 2059 παρα-

1055 2070 1136 2106 ϐῆναι
1153 2071 1191 2106 μὴ
1202 2070 1336 2106 δυνηθεὶς,
1354 2072 1404 2106 τῆς
1414 2071 1454 2102 είς
1469 2071 1514 2097 τὸν
1532 2070 1645 2105 πλησίον
1659 2070 1753 2097 λοιπὸν
1777 2071 1845 2104 ἀγὰ-

1056 2123 1110 2150 πης
1123 2115 1174 2150 τὴν
1197 2114 1316 2150 ἐντολὴν,
1341 2115 1381 2146 εις
1399 2114 1446 2150 τὴν
1473 2115 1636 2150 οἰκουμένην
1657 2114 1782 2147 ἐλθόντα,
1801 2114 1845 2141 διὰ

1055 2161 1109 2188 τῶν
1136 2161 1302 2196 παρανόμων
1333 2160 1470 2188 Ἰουδαίων
1507 2159 1647 2195 ἐνεργῶν,
1663 2160 1845 2196 παραὸαίνειν

1057 2207 1138 2234 αὐτὸν
1161 2207 1195 2234 δι’
1223 2205 1261 2235 ὧν
1277 2208 1435 2243 ἐμηχανᾶτο
1460 2207 1617 2242 ἠγωνίζετο.
1642 2206 1744 2233 Τούτου
1765 2207 1844 2242 χάριν

1056 2253 1217 2280 διδάσκοντα
1240 2252 1322 2279 αὑτὸν
1341 2253 1390 2284 τὰς
1413 2252 1490 2284 ὁδοὺς
1512 2251 1564 2286 τῆς
1591 2251 1679 2286 ζωῆς,
1701 2251 1749 2278 καὶ
1772 2251 1845 2286 ἔργῳ

1056 2298 1266 2326 ὑποδεικνύοντα
1284 2298 1334 2334 τὴν
1354 2298 1479 2333 οὐράνιον
1499 2297 1647 2328 πολιτείαν.
1663 2297 1710 2323 καὶ
1727 2297 1846 2324 ἀνάστα-

1056 2353 1099 2372 σιν
1113 2344 1218 2380 νεκρῶν
1243 2344 1463 2378 καταγγέλλοντα
1476 2363 1484 2375 ,
1501 2343 1549 2370 καὶ
1574 2342 1647 2378 ζωὴν
1675 2342 1785 2370 αἰώνιον
1799 2343 1845 2369 καὶ

1056 2390 1196 2425 βασιλείαν
1208 2390 1332 2425 οὐρανῶν
1343 2390 1398 2421 τοῖς
1410 2388 1584 2416 πιστεύουσιν
1598 2387 1843 2423 ἐπαγγελλόμενον·

1054 2438 1111 2468 τοῖς
1134 2436 1162 2463 δὲ
1185 2435 1309 2468 ἀπίστοις
1335 2435 1446 2463 κόλασιν
1469 2433 1577 2461 αἰώνιον
1602 2433 1777 2465 ἀπειλοῦντα,
1798 2434 1845 2460 καὶ

1055 2482 1123 2518 πρὸς
1142 2482 1288 2518 βεϐαίωσιν
1304 2482 1357 2508 τῶν
1375 2480 1530 2516 λεγομένων
1541 2480 1590 2512 τὰς
1602 2479 1770 2515 παραδόξους
1785 2479 1845 2505 θεο-

1057 2529 1158 2564 σημίας
1177 2528 1406 2563 ἐπιδεικνύμενον,
1419 2527 1466 2554 καὶ
1491 2527 1532 2558 είς
1555 2526 1647 2553 πίστιν
1661 2525 1724 2556 τοὺς
1749 2525 1846 2560 δχλους

1057 2574 1296 2611 προσκαλούμενον
1309 2595 1316 2607 ,
1334 2573 1467 2600 συνεκίνει
1488 2574 1552 2604 τοὺς
1574 2571 1749 2607 παρανόμους
1765 2571 1845 2605 Φαριο

1056 2621 1148 2652 σαίους
1162 2620 1209 2647 καὶ
1223 2620 1415 2655 Γραμματεῖς,
1430 2619 1471 2649 είς
1485 2618 1534 2649 τὰς
1550 2617 1610 2644 κατ’
1625 2615 1708 2643 αὑτοῦ
1720 2615 1844 2646 ποικίλας

1054 2666 1198 2698 ἐπιϐουλάς
1207 2674 1213 2680 ·
1223 2666 1266 2692 ἵνα
1277 2666 1339 2696 τοὺς
1355 2664 1524 2700 πειρασμοὺς
1535 2663 1707 2697 ὑπενεγκεῖν,
1716 2661 1754 2693 ὡς
1765 2660 1844 2696 ᾤετο,

1055 2711 1093 2748 μή
1103 2712 1259 2745 δυνάμενος,
1280 2711 1320 2743 εἰς
1341 2712 1418 2747 μῖσος
1434 2709 1489 2736 τῶν
1512 2708 1741 2736 ἐπιϐουλευόντων
1756 2715 1844 2742 παρα-

1054 2759 1162 2794 τραπῖγ
1179 2757 1224 2784 καὶ
1246 2757 1333 2789 οὕτως
1348 2757 1394 2784 τοῦ
1420 2756 1522 2784 σκοποῦ
1539 2757 1554 2782 ὁ
1567 2755 1694 2790 ἀλάστωρ
1718 2753 1842 2788 ἐπιτύχῃ,
