1948 3077
119 152 170 185 921

752 157 868 187 LIBER
886 156 1096 188 ASCETICUS.

1688 159 1743 191 922

119 207 285 243 παραϐάτην
301 208 351 243 τῆς
364 208 473 244 ἐντολῆς
490 210 539 245 τῆς
556 210 595 242 εις
611 210 655 237 τὸν
673 211 784 245 πλησίον
796 212 896 247 ἀγάπης

956 211 1093 239 stissimus
1105 212 1253 245 obtineret,
1266 213 1312 248 qui
1330 212 1487 245 dilectionis
1503 213 1622 249 proximi
1637 213 1743 242 violata
1762 220 1772 230 '

120 254 273 290 ἀποφήνας.

158 301 201 336 ιβ’.
216 301 244 328 '0
257 301 285 327 δὲ
295 301 408 336 Κύριος,
421 301 469 328 ἆτε
475 301 550 334 Θεὸς,
560 302 636 333 είὸὼς
645 302 726 329 αὑτοῦ
737 303 772 329 τὰ
781 302 904 338 ὲνθύμια,

120 347 151 373 οὗ
163 347 227 378 τοὺς
239 345 372 373 ὑπἀὐτοῦ
388 347 600 382 ἑνεργουμένους
609 348 724 382 ἐμίσησε
743 349 907 383 Φαρισαίους

122 392 194 427 (πῶς
203 392 257 427 γὰρ
273 392 352 426 φύσει
366 392 467 426 ἀγαθὸς
479 391 552 428 ὥν;),
565 393 631 420 ἀλλὰ
640 393 684 420 διὰ
697 394 746 429 τῆς
760 395 799 425 είς
809 394 907 425 αὐτοὺς

119 438 250 472 ἀγάπης,
265 437 310 464 τὸν
338 438 502 473 ἐνεργοῦντα
527 438 646 473 ἠμύνετο
664 446 671 453 ·
689 439 736 465 καὶ
766 439 828 471 τοὺς
856 440 906 474 μὲν

120 483 353 518 ὲνεργουμένους,
374 483 421 510 ᾶτε
455 483 619 518 δυναμένους
646 485 683 519 μὴ
711 484 902 520 ἐνεργεῖσθαι·

119 528 251 558 ἑκουσίως
265 527 292 554 δὲ
307 528 353 554 τοῦ
371 528 545 563 ἐνεργοῦντος
561 529 604 555 διὰ
621 529 755 565 ῥᾳθυμίαν
772 531 904 565 ἀνεχομέ-

119 583 193 605 νους,
211 574 355 607 ἐνουθέτει,
372 575 496 610 ἤλεγχεν,
511 575 659 608 ὠνείδιζεν,
677 576 843 609 ὲταλάνιζεν,
858 577 904 603 εὑ,

117 619 238 654 εργετῶν
250 620 300 646 οὐκ
315 619 441 650 ἐπαύετο,
451 620 693 656 βλασφημούμενος
707 622 903 657 ὲμακροθύμει,

118 664 232 698 πάσχων
247 664 377 698 ὑπέμενε,
393 665 482 691 πάντα
507 666 542 691 τὰ
564 666 614 701 τῆς
639 667 750 702 ἀγάπης
771 667 840 702 ἔργα
864 668 904 699 εἰς

117 707 218 739 αὐτοὺς
235 709 401 736 ἐνεδείκνυτο
412 718 420 725 ·
430 710 476 737 τὸν
503 711 531 737 δὲ
547 711 720 746 ἐνεργοῦντα,
734 713 766 748 τῇ
782 714 822 745 είς
840 714 903 745 τοὺς

117 752 330 788 ἐνεργουμένους
355 755 546 792 φιλανθρωπίᾳ
560 757 694 792 ἠμύνετο·
711 757 733 784 ὣ
751 758 901 794 παραδόξου

118 798 252 834 πολέμουί
274 800 334 826 ἀντὶ
347 801 393 827 τοῦ
416 802 526 842 μίσους,
547 802 596 839 τὴν
623 804 733 839 ἀγάπην
751 805 903 831 ἐπιδεικνύ-

118 851 209 878 μενος,
221 846 268 872 καὶ
282 846 430 882 ἀγαθὸτητι
441 847 544 882 βάλλων
554 849 600 875 τὸν
614 850 774 884 τῆςκακίας
785 851 900 886 πατέρα.

956 264 1034 285 reum
1051 258 1160 285 tandem
1177 258 1324 286 eﬁecisset.

993 303 1035 330 t2.
1052 304 1184 331 Dominus
1194 308 1296 337 autem,
1310 305 1356 339 qui
1372 310 1402 332 ut
1413 306 1485 333 Deus
1509 305 1583 332 illius
1607 305 1742 340 cogitatus

955 356 986 376 ac
1002 349 1116 376 consilia
1136 357 1192 376 non
1208 351 1339 382 nesciret,
1361 350 1441 385 373
1458 350 1563 377 atllatos
1575 349 1609 376 ab
1623 357 1656 377 eo
1670 350 1743 376 Pha-

955 394 1050 422 risaeos
1071 394 1142 421 nihil
1168 394 1233 422 odio
1257 400 1420 430 prosecutus
1434 399 1476 422 est
1493 404 1499 422 :
1514 395 1652 430 quomodo
1667 395 1741 422 enim

954 439 1000 474 qui
1014 443 1110 466 natura
1124 439 1213 467 bonus
1224 441 1315 467 esset?
1326 440 1383 472 sed,
1400 448 1452 475 qua
1461 448 1508 468 eos
1520 440 1666 467 dilectione
1679 448 1742 474 pro-

953 484 1132 519 sequebatur,
1151 484 1286 511 atllautem
1300 492 1347 511 eos
1359 485 1553 511 ulciscebatur.
1571 485 1608 511 Ac
1627 484 1739 519 quidem

954 529 1117 563 recipientes
1135 529 1265 561 atllatum,
1290 534 1320 556 ut
1333 529 1434 564 quibus
1450 529 1568 556 liberum
1585 533 1658 556 esset
1684 537 1740 555 non

953 574 1088 608 recipere,
1107 578 1261 610 spontequc
1278 582 1326 601 sua
1353 582 1402 609 per
1422 574 1587 606 socordiam,
1606 574 1741 601 atllantem

952 620 1141 653 sustinerent,
1165 620 1343 655 corripiebat.
1365 621 1510 656 arguebat,
1537 620 1740 654 exprobrabat,

952 665 1122 700 deplorabat,
1135 666 1295 694 demereudi
1310 666 1416 693 nullum
1432 666 1513 693 ﬁnem
1527 665 1646 693 faciebat
1659 674 1666 691 :
1684 672 1742 691 ma-

950 709 1061 737 ledictis
1074 711 1222 745 appetitus,
1238 711 1337 738 leviter
1355 710 1471 743 ferebat,
1484 711 1603 745 irrogata
1622 709 1742 738 sustine-

951 753 999 781 bat
1024 755 1105 787 mala,
1123 755 1196 782 nulla
1212 763 1267 782 non
1283 755 1440 782 dilectionis
1453 763 1536 790 opera
1555 755 1582 781 in
1599 762 1647 782 eos
1665 754 1742 781 exhi-

951 799 1033 828 bebat
1053 809 1058 826 :
1074 801 1102 828 in
1118 800 1266 832 atllantem,
1282 801 1446 828 humaniore
1460 807 1542 827 Sensu
1558 800 1585 826 in
1607 806 1654 826 eos
1672 805 1742 833 quos

950 845 1065 878 aﬂlaret,
1085 846 1159 873 ultor
1185 846 1314 874 saeviebat
1340 846 1374 882 (ο
1393 846 1542 873 inauditam
1571 845 1636 872 belli
1658 845 1742 871 ratio-

117 888 220 916 Τούτου
244 891 323 926 χάριν
348 893 383 919 τὰ
406 893 523 920 τοσαῦτα
546 895 618 922 κακά
640 895 705 930 παρ’
725 896 814 923 αὐτῶν
836 897 896 924 ὑπο-

953 899 1014 918 nem
1028 891 1057 926 l),
1079 891 1126 926 qui
1140 899 1239 926 nempe
1252 891 1308 918 odii
1319 891 1379 918 loco
1396 891 1573 918 dilectionem
1586 888 1740 922 exhiberet,

119 936 224 970 μείνας,
251 937 350 972 μᾶλλον
369 939 397 966 δὲ
420 940 602 975 ἀληθέστερον
626 942 713 968 εἰπεῖν
725 962 732 974 ,
748 942 781 969 δι’
794 943 901 976 αὐτοὺς,

118 980 200 1015 μέχρι
211 981 327 1010 θανάτου
341 984 411 1020 ὑπὲρ
426 985 475 1020 τῆς
492 986 601 1020 ἐντολῆς
616 986 666 1022 τῆς
679 987 789 1023 ἀγάπης
801 988 903 1023 ἀνθρω-

115 1029 266 1062 ποπρεπῶς
293 1031 460 1064 ἠγωνίσατο·
474 1032 527 1067 καὶ.
542 1033 592 1068 τὴν
612 1033 716 1060 τελείαν
729 1034 807 1070 νίκην
830 1036 901 1063 κατὰ

112 1072 162 1098 τιυῦ
175 1073 297 1102 διαϐόλου
315 1077 459 1111 ἀράμενος,
468 1078 514 1104 τὸν
530 1079 658 1112 στέφανον
668 1079 717 1114 τῆς
729 1080 902 1112 ἀναστάσεως

113 1117 186 1154 ὑπὲρ
203 1120 281 1154 ἡμῶν
298 1122 446 1157 ἀνεδήσατο
457 1132 463 1139 ·
483 1123 529 1151 καὶ
543 1123 628 1156 οὕτως
641 1125 655 1151 ό
668 1125 728 1157 νέος
747 1125 841 1160 Ἀδὰμ,
856 1125 900 1152 τὸν

111 1163 230 1191 παλαιὸν
241 1166 418 1194 ἀνενεώσατο.
431 1169 486 1195 Καὶ
496 1169 573 1196 τοῦτό
591 1171 664 1197 ἐστιν
678 1170 692 1196 ὃ
710 1171 783 1204 λέγει
798 1172 811 1197 ὁ
831 1172 900 1203 θεῖος

118 1208 279 1242 Ἀπόστολος
292 1219 301 1228 ο
319 1213 408 1240 Τοῦτο
420 1215 585 1248 φρονείσθω
604 1217 639 1243 ἐν
662 1216 773 1251 ύμῖν,ὃ
793 1217 842 1244 καὶ
865 1217 900 1244 ἐν

110 1255 230 1288 Χριστῷ
244 1257 341 1291 Ἰησοῦ
363 1267 390 1286 κ.
409 1268 434 1286 τ.
449 1259 488 1292 ἐξ.

148 1348 193 1379 ιγ’.
208 1343 290 1378 Οὗτος
299 1345 346 1374 οὖν
357 1346 391 1383 ἦν
404 1349 418 1374 ὁ
433 1349 532 1380 σκοπὸς
545 1349 592 1376 τοῦ
605 1350 719 1385 Κυρίου,
740 1351 783 1378 ἵνα
796 1351 835 1386 τῷ
848 1352 898 1386 μὲν

110 1389 200 1424 Harp!
215 1392 356 1429 ὑπακούσῃ
382 1393 462 1429 μέχρι
480 1393 595 1421 θανάτου
613 1394 651 1427 ὡς
666 1395 808 1431 ἄνθρωπος
828 1396 898 1432 ὑπὲρ

109 1436 201 1470 ἡμῶν,
222 1437 363 1472 φυλάττων
393 1439 441 1474 τὴν
461 1439 571 1474 ἐντολὴν
597 1441 646 1473 τῆς
659 1441 787 1476 ἀγάπης·
803 1442 848 1468 τὸν
870 1441 898 1467 δὲ

109 1480 233 1508 διάϐολον
258 1483 395 1518 ἀμύνηται
412 1484 451 1519 τῷ
472 1485 587 1520 πάσχειν
612 1485 657 1512 ὑπ’
672 1486 765 1518 αὐτοῦ,
784 1486 828 1513 διὰ
843 1487 897 1512 τῶν

952 936 1067 971 vitiique
1096 940 1236 971 parentem
1260 944 1293 964 ac
1318 936 1439 968 malitize,
1463 936 1584 963 bonitate
1612 936 1739 962 caederet.

952 981 1058 1009 Idcirco
1079 986 1152 1009 tanta
1176 982 1210 1009 ab
1227 983 1277 1014 eis,
1294 982 1351 1009 sive
1368 982 1410 1017 (ut
1425 981 1518 1008 verius
1543 981 1652 1016 loquar)
1679 981 1741 1007 illo-

952 1035 1013 1054 rum
1032 1035 1124 1059 eausa,
1142 1035 1289 1062 perpessus
1306 1027 1386 1059 mala,
1403 1027 1435 1054 ad
1453 1031 1569 1054 mortem
1585 1034 1670 1061 usque
1689 1034 1739 1061 pro

951 1071 1108 1098 dilectionis
1134 1071 1264 1099 mandato
1295 1072 1484 1104 concertavit,
1504 1072 1679 1107 perfectaque
1705 1071 1738 1098 de

951 1117 1062 1143 diabolo
1087 1122 1165 1152 parta
1189 1117 1316 1149 victoria,
1331 1119 1418 1145 nostri
1434 1125 1548 1144 munere
1558 1118 1740 1144 resurrectio-

950 1161 993 1188 nis
1004 1169 1133 1188 coronam
1148 1163 1298 1196 reportavit
1313 1171 1319 1189 :
1336 1162 1418 1196 idque
1434 1170 1495 1189 cum
1509 1162 1630 1194 modum,
1652 1170 1739 1189 novus
1782 1185 1789 1187 .

950 1207 1047 1239 Adam,
1063 1210 1184 1234 veterem
1206 1208 1353 1242 reparavit.
1377 1208 1461 1242 quue
1474 1211 1515 1235 est
1530 1207 1603 1242 quod
1616 1208 1655 1235 ait
1668 1207 1739 1234 divi-

949 1260 1002 1280 nus
1024 1252 1173 1287 Apostolus
1195 1262 1200 1279 :
1219 1253 1272 1279 Hoc
1301 1254 1394 1280 sentite
1415 1254 1442 1280 in
1471 1254 1552 1284 vobis,
1566 1253 1635 1288 quod
1664 1257 1690 1279 et
1710 1253 1739 1280 in

949 1297 1052 1325 Christo
1066 1298 1127 1333 Iesu
1138 1299 1170 1330 ’⁸,
1187 1302 1215 1325 et
1226 1306 1286 1332 qua:
1299 1302 1462 1333 sequuntur.

985 1344 1027 1370 15.
1046 1343 1124 1370 llunc
1140 1351 1205 1378 ergo
1218 1344 1349 1370 Dominus
1364 1351 1474 1378 scopum
1489 1343 1539 1370 sibi
1558 1344 1737 1371 constitutum

948 1389 1044 1422 voluit,
1062 1394 1092 1416 ut
1106 1389 1179 1416 Patri
1196 1389 1306 1424 quidem
1323 1389 1355 1416 ad
1373 1393 1488 1416 mortem
1504 1397 1590 1424 usque
1610 1394 1638 1416 ut
1656 1389 1738 1417 homo

948 1443 997 1469 pro
1011 1435 1092 1462 nobis
1105 1435 1236 1462 obediens
1253 1435 1333 1466 foret,
1350 1435 1484 1462 servando
1500 1435 1654 1462 dilectionis
1668 1442 1737 1469 prm-

948 1485 1073 1517 ceptum;
1094 1481 1233 1508 diabolum
1256 1489 1321 1508 vero
1339 1481 1530 1512 ulcisceretur,
1553 1481 1587 1507 ab
1610 1489 1643 1507 eo
1667 1481 1737 1508 mala

110 1526 157 1553 ὖπ*
169 1527 251 1553 αὑτοῦ
265 1529 467 1564 ἐνεργουμένων
478 1530 663 1565 Γραμματέων
675 1532 721 1558 καὶ
730 1532 894 1567 Φαρισαίων·

949 1526 1136 1561 perpetiendo,
1154 1526 1263 1553 illormn
1279 1534 1372 1561 opera,
1385 1526 1432 1561 qui
1445 1526 1504 1560 ejus
1518 1526 1608 1553 aﬁlatu
1621 1534 1736 1561 ageren-

109 1573 158 1599 καὶ
173 1573 259 1605 οὕτως
273 1574 383 1610 ἐνίκησε
401 1575 439 1610 τῷ
451 1576 576 1602 νικᾶσθαι
599 1577 740 1608 ἑκουσίως,
761 1577 806 1603 τὸν
818 1578 895 1612 νικᾷν

109 1617 269 1650 ἐλπίσαντα,
284 1620 330 1646 καὶ
340 1620 385 1646 τὸν
395 1620 497 1654 κόσμον
513 1621 648 1656 ἐρρύσατο
662 1621 709 1655 τῆς
721 1622 802 1648 αὑτοῦ
815 1622 895 1648 δυνα-

109 1663 214 1695 στείας.
241 1664 342 1693 Τοῦτον
365 1665 410 1691 τὸν
428 1666 528 1701 τρόπον
556 1667 570 1693 ὁ
582 1666 698 1701 Χριστὸς
710 1666 739 1699 ἐξ
754 1667 897 1698 ἀσθενείας

108 1709 286 1746 ἐσταυρώθη·
301 1711 334 1737 δι’
351 1709 384 1747 ἧς
398 1709 541 1744 ἀσθενείας
555 1713 600 1738 τὸν
617 1712 730 1739 θάνατον
748 1713 894 1748 ἐνέκρωσε,

107 1756 217 1783 καὶτὸν
232 1757 262 1783 τὸ
286 1757 386 1793 κράτος
409 1757 504 1792 ἔχοντα
529 1757 574 1784 τοῦ
589 1757 704 1785 θανάτου
727 1759 894 1794 κατήργησε.

108 1799 211 1828 Τοῦτον
225 1802 271 1829 τὸν
287 1803 386 1837 τρόπον
402 1803 448 1829 καὶ
460 1805 474 1830 ὁ
488 1803 592 1834 Παῦλος
613 1804 641 1830 ὲν
665 1803 753 1839 ἐαυτῷ
776 1803 894 1839 ἠσθένει,

107 1847 158 1874 καὶ
173 1848 309 1883 ἐκαυχᾶτο
323 1850 351 1875 ἐν
363 1851 422 1881 ταῖς
436 1849 598 1882 ἀσθενείαις,
611 1850 654 1877 ἵνα
674 1850 848 1886 ἐπισκηνώσῃ
866 1852 894 1877 ὲν

107 1892 183 1927 αὖτῷ
198 1894 214 1928 ἡ
230 1892 344 1929 δύναμις
360 1894 407 1920 τοῦ
423 1894 551 1929 Χριστοῦ.

144 1979 185 2005 ιδ’.
206 1979 314 2015 Ταύτης
322 1980 372 2015 τῆς
387 1981 463 2016 νίκης
482 1981 526 2008 τὸν
548 1982 648 2018 τρόπον
670 1982 781 2018 μαθὼν,
801 1981 893 2016 ἔλεγεν

113 2024 248 2058 Ἐφεσίοις
263 2026 375 2060 γράφων
386 2034 392 2040 ·
408 2027 468 2052 Οὐκ
485 2027 570 2054 ἐστιν
583 2027 652 2064 ﬁgite
674 2027 694 2061 ἡ
715 2027 796 2060 πάλη
819 2028 893 2061 πρὸς

104 2069 179 2106 αἷμα
191 2071 240 2098 καί
255 2071 352 2105 σάρκα
367 2080 373 2086 ·
392 2072 472 2099 ἀλλὰ
488 2072 562 2107 πρὸς
575 2074 627 2106 τὰς
638 2073 741 2108 ἀρχὰς,
757 2074 831 2108 πρὸς
840 2074 893 2106 τὰς

105 2117 261 2150 ἐξουσίας,
277 2117 324 2143 καὶ
342 2117 376 2144 τὰ
391 2117 464 2152 ἑξῆς.
482 2119 533 2145 Τόν
546 2125 575 2145 τε
591 2119 702 2154 θώρακα
716 2119 764 2154 τῆς
789 2119 892 2146 δικαιο-

106 2163 191 2197 σύνης
219 2162 362 2190 ἀναλαϐεῖν
384 2172 460 2199 φησι,
480 2165 526 2190 καὶ
547 2165 596 2199 τὴν
618 2165 831 2200 περικεφαλαίαν
848 2165 892 2191 ἑλ-

947 1576 991 1598 tur
1006 1571 1174 1607 (Scribarum
1195 1572 1300 1599 scilicet
1314 1575 1341 1598 et
1351 1571 1561 1605 Pharisaeorum)
1579 1580 1585 1598 :
1605 1576 1687 1606 atque
1700 1572 1735 1599 ita

946 1625 998 1652 qua
1021 1621 1118 1652 sponte
1141 1618 1307 1650 vinceretur,
1325 1617 1500 1651 pollicentem
1523 1617 1575 1643 sibi
1592 1617 1736 1645 victoriam

946 1663 1022 1696 vicit,
1044 1671 1132 1698 exque
1150 1663 1224 1690 illius
1245 1663 1367 1698 potentia
1389 1663 1522 1690 mundum
1546 1662 1682 1689 liberavit.
1706 1663 1735 1690 In

945 1709 1019 1736 hunc
1032 1710 1144 1737 modum
1158 1709 1282 1737 Christus
1293 1718 1325 1737 ex
1341 1709 1498 1736 inﬁrmitate
1511 1708 1538 1735 in
1547 1715 1656 1736 crucem
1668 1709 1734 1735 sub-

943 1754 1015 1782 latus
1042 1759 1084 1781 est
1099 1755 1137 1788 ";
1154 1762 1239 1789 eaque
1256 1755 1413 1781 inﬁrmitate
1425 1758 1539 1781 mortem
1552 1754 1691 1785 exstinxit,
1704 1761 1734 1781 ac

944 1807 1017 1832 eum,
1030 1800 1075 1835 qui
1091 1801 1185 1827 mortis
1199 1800 1318 1827 habebat
1335 1800 1490 1834 imperium,
1507 1799 1646 1827 dextruxit
1659 1799 1692 1825 ’³.
1706 1799 1734 1826 In

944 1846 1017 1872 hunc
1034 1846 1145 1872 modum
1160 1850 1187 1873 et
1202 1846 1303 1873 Paulus
1319 1846 1346 1872 in
1363 1853 1391 1872 se
1405 1845 1463 1880 ipse
1481 1846 1615 1877 inﬁrmus,
1632 1845 1734 1880 gloria-

943 1891 1025 1918 batur
1042 1891 1069 1918 in
1085 1891 1299 1919 inﬁrmitatibus.
1316 1895 1345 1917 ut
1362 1891 1528 1917 inliabitaret
1544 1891 1570 1917 in
1591 1897 1624 1917 eo
1646 1890 1733 1917 virtus

942 1936 1044 1964 Christi
1065 1937 1099 1963 ’³.

981 1983 1023 2010 14.
1043 1983 1129 2018 Hujus
1151 1982 1273 2010 vietorire
1294 1981 1407 2009 modum
1423 1981 1592 2016 exploratum
1610 1981 1731 2013 habens,

943 2029 970 2056 in
986 2029 1044 2056 haec
1060 2029 1141 2055 verba
1157 2028 1190 2055 ad
1207 2028 1340 2062 Ephesios
1355 2027 1492 2054 scribebat
1508 2035 1514 2053 ι
1530 2027 1589 2053 Non
1608 2031 1645 2053 est
1661 2026 1733 2053 nobis

943 2074 1093 2101 colluctatio
1116 2073 1239 2100 adversus
1255 2082 1361 2100 carnem
1384 2077 1408 2099 et
1429 2072 1595 2108 sanguinem,
1620 2072 1666 2098 sed
1687 2072 1728 2098 ad-

942 2128 1031 2147 versus
1052 2120 1214 2154 principatus
1239 2123 1262 2145 cl
1278 2122 1418 2154 potestates
1436 2118 1469 2151 ’°,
1494 2121 1521 2145 et
1537 2126 1597 2152 quae
1613 2125 1728 2151 sequun-

944 2170 999 2198 tur;
1013 2165 1145 2200 jubetque
1161 2169 1191 2191 ut
1209 2165 1323 2199 justitire
1346 2165 1484 2192 thoracem
1503 2168 1653 2195 assumant,
1675 2163 1733 2198 spei

106 2208 195 2239 πίόος,
209 2208 256 2234 καὶ
267 2209 310 2234 τὸν
323 2209 417 2244 θυρεὸν
430 2210 478 2244 τῆς
491 2210 616 2242 πίστεως,
633 2211 679 2238 καὶ
692 2211 739 2246 τὴν
757 2211 891 2246 μάχαιραν

949 2211 1058 2246 galeam,
1073 2215 1181 2237 scutum
1197 2210 1270 2243 ﬁdei,
1284 2211 1404 2245 gladium
1420 2210 1536 2245 spiritus
1549 2210 1582 2242 “,
1596 2214 1626 2236 ut
1641 2210 1733 2251 omnia

105 2253 154 2280 τοῦ
169 2253 335 2288 πνεύματος,
352 2255 395 2282 ἵνα
409 2255 543 2290 δυνηθῶσι
560 2257 646 2283 πάντα
657 2257 691 2283 τὰ
705 2257 769 2292 βέλη
782 2257 827 2283 τοῦ
842 2266 890 2283 πο-

104 2299 190 2334 νηροῦ
202 2299 235 2326 τὰ
244 2301 428 2335 πεπυρωμένα
440 2301 544 2333 σϐέσαι,
559 2302 583 2328 οί
598 2302 665 2337 πρὸς
681 2303 744 2333 τοὺς
759 2303 891 2337 ἀοράτους

103 2345 220 2380 ἐχθροὺς
235 2345 280 2371 τὸν
292 2345 406 2380 πόλεμον
421 2347 526 2384 ἔχοντες
542 2357 548 2363 ·
562 2348 635 2382 ἔργῳ
649 2347 709 2384 [Fr.
721 2349 757 2375 al.
769 2350 806 2376 Μ.
818 2349 888 2376 Νοί).

103 2390 209 2426 ἔργοις]
236 2390 265 2416 δὲ
293 2391 338 2417 τὸν
354 2392 454 2426 τρόπον
472 2393 521 2427 τῆς
537 2394 626 2428 πάλης
651 2395 889 2429 ἐπιδεικνύμενος,

103 2435 213 2469 ἔλεγεν·
235 2435 309 2469 Ἐγὼ
325 2433 381 2462 οὖν
396 2436 490 2469 οὕτως
506 2436 609 2471 τρέχω,
628 2437 666 2468 ὡς
686 2438 741 2464 οὐκ
751 2437 887 2470 ἀδήλως·

103 2480 200 2513 οὕτως
219 2483 365 2511 πυκτεύω,
381 2482 422 2514 ὡς
439 2483 495 2508 οὐκ
508 2481 581 2516 ἀέρα
595 2482 707 2516 δαέρων
717 2491 723 2498 ·
739 2483 889 2510 ἀλλ’ὑπο-

102 2524 196 2555 mde
208 2534 268 2560 μου
284 2526 316 2553 τὸ
331 2525 417 2561 σῶμα
435 2527 485 2553 καὶ
501 2527 680 2562 δουλαγωγῶ
691 2549 698 2561 ,
714 2529 820 2563 μήπως
835 2529 888 2556 ἄλ·

102 2571 172 2602 λοις
186 2570 328 2603 κηρύξας,
345 2570 436 2603 αὐτὸς
451 2571 593 2605 ἀδόκιμος
606 2572 742 2606 γένωμαι.
760 2573 815 2600 Καὶ
838 2574 889 2600 πάο

102 2615 162 2642 λιν⁸
185 2615 267 2649 Ἄχρι
282 2615 336 2648 τῆς
353 2615 418 2649 ἄρτι
428 2615 505 2649 ὥρας
516 2617 565 2642 καὶ
578 2617 726 2651 πεινῶμεν
739 2618 787 2644 καί
803 2617 891 2651 διψῶ-

100 2669 160 2696 μεν
183 2661 233 2687 καὶ
256 2661 490 2695 γυμνητεύομεν,
518 2661 567 2689 καὶ
595 2662 819 2696 κολαφιζόμεθα.
836 2664 891 2689 Καὶ

103 2707 186 2734 πάλιν
198 2714 204 2720 ·
230 2707 280 2733 Ἐν
291 2707 374 2740 κόπῳ
388 2708 435 2734 καὶ
449 2707 553 2742 μόχθῳ
562 2715 569 2723 ⁸
579 2708 612 2734 ἐν
625 2708 803 2742 ἀγρυπνίαις
816 2710 891 2734 πολ-

944 2257 997 2284 tela
1018 2257 1180 2291 nequissimi
1205 2257 1283 2291 ignea
1307 2257 1483 2291 exstinguere
1499 2257 1616 2288 valeant,
1633 2256 1733 2291 quibus

943 2303 1074 2330 adversus
1088 2302 1182 2330 hostes
1202 2302 1355 2329 invisibiles
1377 2301 1478 2328 bellum
1495 2302 1567 2328 istud
1587 2301 1732 2328 incumbit.

943 2348 1035 2375 Rebus
1047 2354 1137 2375 autem
1153 2348 1233 2375 lucta;
1248 2347 1358 2374 modum
1377 2347 1535 2375 ostendens.
1549 2347 1639 2373 aiebat
1655 2355 1661 2372 :
1676 2347 1732 2382 Ego

940 2394 1023 2428 igitur
1034 2394 1070 2420 sic
1084 2402 1169 2424 curro,
1181 2402 1231 2420 non
1241 2393 1317 2428 quasi
1330 2393 1357 2418 in
1371 2393 1498 2419 incertum
1510 2401 1517 2418 :
1528 2393 1565 2418 sic
1573 2400 1670 2426 pugno,
1680 2400 1732 2418 non

941 2438 1018 2473 quasi
1041 2437 1122 2473 374.
1148 2446 1235 2464 aerem
1261 2437 1427 2464 verberans:
1449 2437 1495 2462 δι’ιί
1513 2435 1611 2470 castigo
1638 2443 1731 2469 corpus

942 2492 1027 2510 meum
1038 2488 1061 2510 et
1074 2483 1100 2509 in
1113 2485 1264 2510 servitutem
1279 2483 1378 2517 redigo,
1394 2490 1424 2508 ne
1437 2481 1503 2516 forte
1518 2490 1576 2507 cum
1590 2481 1648 2507 aliis
1661 2488 1731 2515 pra:-

938 2528 1098 2560 dictwerim,
1126 2530 1182 2563 ipse
1211 2528 1337 2563 reprobus
1362 2528 1458 2563 afﬁcior
1486 2527 1517 2553 ³¹.
1544 2527 1577 2553 Ει
1603 2526 1728 2553 iterum:

941 2573 1026 2607 Usque
1043 2572 1070 2599 in
1088 2573 1156 2599 hanc
1175 2573 1268 2599 horam
1284 2577 1308 2599 et
1323 2573 1450 2600 esurimus
1469 2577 1493 2599 et
1506 2573 1609 2599 sitimus
1626 2575 1650 2598 et
1667 2570 1730 2597 nudi

938 2625 1038 2648 sumus,
1060 2621 1085 2643 et
1105 2615 1222 2651 colaphis
1240 2617 1366 2643 cwdimur
1389 2617 1421 2643 ³³.
1438 2617 1599 2651 Rursusque
1616 2625 1622 2642 :
1639 2616 1671 2642 In
1691 2615 1730 2642 la—

939 2664 1000 2690 bare
1017 2667 1042 2690 et
1056 2671 1193 2695 (erumna,-
1207 2663 1234 2688 in
1252 2662 1347 2697 vigiliis
1371 2662 1469 2694 multis,
1485 2664 1512 2689 in
1527 2663 1625 2697 frigore
1639 2666 1663 2688 et
1678 2669 1729 2688 nu-

940 2710 1040 2742 ditate;
1056 2713 1152 2745 prazter
1167 2709 1216 2736 illa
1234 2716 1292 2744 qua:
1306 2713 1367 2735 sunt
1383 2709 1540 2735 extrinsecus
1557 2709 1589 2731 ³⁵.

102 2753 202 2786 λάκις,
223 2753 358 2788 ἐνψύχει
376 2754 425 2780 καὶ
441 2755 615 2788 γυμνότητι,
633 2754 722 2789 χωρὶς
740 2754 799 2781 τῶν
814 2757 970 2789 παρεκτός.

137 2810 160 2825 ’⁵
176 2810 282 2845 Philipp

107 2844 147 2872 l5.
187 2846 208 2861 ³⁷
227 2844 310 2873 ler.
325 2853 361 2875 ιι,
378 2845 422 2876 26,
436 2847 480 2874 27.
518 2847 540 2862 ³³
555 2847 564 2874 l
577 2846 639 2874 Cor.
658 2855 693 2879 Iv.
714 2848 754 2874 ll.

287 2831 292 2837 .
312 2818 340 2842 ιι,
357 2811 384 2838 5.
424 2811 444 2826 ³⁷
459 2811 482 2838 11
498 2811 560 2839 Cor.
576 2820 632 2844 xm,
647 2812 673 2839 4.
713 2813 735 2828 "
751 2813 832 2840 llehr.
847 2821 874 2844 ιι,
891 2814 934 2840 Η.
973 2814 994 2829 *ν
1009 2814 1029 2840 ll
1042 2813 1103 2841 Cor.
1119 2822 1167 2847 xu,
1182 2813 1208 2841 9.

288 2853 310 2872 r.
325 2853 361 2875 Ix,
378 2845 422 2876 26,
436 2847 480 2874 27.
518 2847 540 2862 ³³
555 2847 564 2874 l
577 2846 639 2874 Cor.
658 2855 693 2876 Iv.
714 2848 754 2874 ll.
793 2849 815 2864 ⁸³
832 2848 854 2875 ll
870 2850 932 2876 Cor.
951 2856 986 2876 x1.
1002 2849 1046 2876 9.7.

892 2857 932 2877 or.
951 2856 986 2881 x1,
1002 2856 1046 2876 ιιι.

1266 2812 1287 2828 ³ο
1301 2812 1399 2847 Ephcs.
1417 2819 1451 2844 vl,
1469 2811 1512 2838 1‘2.
1563 2809 1584 2826 ³¹
1601 2808 1668 2836 ibid-
1682 2808 1725 2842 Ην
