1948 3077
233 125 286 158 923

270 182 311 210 15.
330 181 418 218 Atque
442 183 512 211 lianc
535 184 646 219 quidem
670 185 770 212 luclam
795 185 958 213 colluctatus
981 189 1024 212 est
1038 186 1062 214 Λ

232 227 363 255 adversus
378 228 516 257 dmmones
529 231 699 265 voluptatum
713 231 741 257 in
758 238 840 258 carne
858 231 1022 263 incentores,

233 274 338 309 objecta
356 276 399 302 sui
417 277 539 311 corporis
553 277 711 305 infirmitate
727 286 775 305 cos
791 278 887 313 fugans
903 288 909 305 :
924 278 1024 306 adver-

232 327 279 347 sus
295 326 386 348 autem
401 330 448 349 eos
463 324 509 356 qui
524 331 620 359 pugna:
635 332 699 351 arce
713 328 840 359 suscepta
855 324 917 351 odia
935 325 1023 352 susei-

232 370 303 400 taut,
319 375 435 402 eamque
458 369 493 396 ob
519 377 587 402 rem,
605 370 652 404 qui
674 371 815 404 segniores
835 371 935 399 animis
956 372 1021 405 sint,

231 413 364 441 adversus
381 415 441 449 pios
457 414 582 443 homines
601 417 756 447 concitant;
775 421 805 444 ut
823 417 876 445 illis
891 419 1022 446 tentanti-

231 459 284 486 bus
302 460 402 487 animis
414 460 572 489 fatiscentes
588 461 662 496 ipsos
679 463 742 490 odio
759 463 888 495 habeant,
903 464 1021 499 indeque

231 503 271 530 tci
285 505 380 531 violati
397 505 554 533 dilectionis
577 506 699 533 mandati
721 507 802 539 fiant;
823 508 945 537 victoria:
961 517 1021 536 mo-

230 549 295 575 dum
317 550 400 578 rebus
422 551 489 586 ipsis
509 556 675 584 monstrans,
700 553 792 580 aiebat
806 561 812 579 :
826 553 1019 588 Maledicimur,

229 599 253 620 et
275 594 464 628 benedicimus;
483 599 689 632 persecutionem
711 599 837 634 patimur,
860 604 883 626 et
905 601 1020 627 sustine-

229 648 304 673 mus;
319 641 543 677 blasp/temamur,
565 647 588 670 ct
605 644 770 671 obsecramus
787 653 795 672 :
811 649 939 681 tanquam
960 647 1019 681 pia-

219 685 288 713 .rula
314 688 405 714 mundi
433 688 496 722 facti
524 697 631 722 sunms,
660 691 777 717 onmium
804 692 1019 726 rcjectamenlum

227 740 308 767 usque
327 733 354 759 in
371 735 438 760 hunc
458 735 525 761 diem
540 735 572 762 ".
591 735 660 762 Nam
680 735 818 764 dzemones
834 737 957 772 quidem,
975 739 1018 766 id-

226 779 301 806 circo
317 779 462 807 dicacitate
483 781 620 814 mordere,
642 782 776 810 conviciis
797 789 901 818 petere,
924 792 1019 819 perse-

226 825 273 858 qui
292 826 454 859 suadebant,
470 831 500 854 ut
517 827 544 854 in
565 828 728 862 mordentis,
749 829 939 863 conviciantis,
956 839 1019 866 per—

225 871 367 905 sequentis
378 872 482 905 odium,
496 874 676 908 apostolicum
691 879 788 909 pectus
803 875 964 910 incitarent;
983 885 1016 904 eo

223 916 354 944 nimirum
370 917 432 951 fine,
452 923 481 946 ut
496 919 590 947 violati
612 920 769 948 dilectionis
793 922 914 949 mandati
938 931 1017 951 reum

223 967 400 998 peragerent;
422 963 568 999 Apostolus
593 974 660 1003 vero
685 974 741 1001 quo
766 967 876 995 illorum
902 969 1017 997 consilia

223 1013 379 1042 spectarent
400 1018 454 1037 non
479 1011 619 1046 ignorans,
640 1012 793 1046 dicacibus,
815 1014 1018 1043 benedictionis

223 1056 305 1083 verba
328 1057 510 1091 rcpendebat;
539 1064 738 1094 persequentes
758 1061 929 1096 sustinebat;
952 1071 1019 1090 con-

222 1101 302 1129 viciis
315 1107 440 1137 petentes
464 1104 644 1139 obsecrabat;
661 1111 691 1134 ut
705 1107 837 1135 nimirum
852 1117 867 1136 a
882 1109 1016 1138 daemoni-

221 1147 283 1180 bus,
298 1148 345 1183 qui
369 1150 463 1177 talium
488 1157 607 1184 actores,
622 1158 725 1186 essent,
748 1162 808 1182 sese
823 1155 1015 1192 abjungerent,

221 1200 253 1220 ac
269 1201 331 1221 cum
348 1195 543 1230 benignissimo
564 1198 621 1225 Deo
637 1200 869 1228 necessitudinem
887 1202 989 1230 inirent
1007 1212 1013 1230 :

221 1238 375 1274 horumque
392 1241 548 1270 incentores
571 1243 709 1272 daemones
734 1245 814 1274 lucta:
839 1246 892 1274 hoc
915 1256 1015 1283 genere

220 1285 377 1319 collidebat,
400 1288 502 1315 malum
522 1289 550 1317 in
572 1289 644 1318 bono
661 1291 693 1324 ³⁸,
709 1291 859 1321 Salvatoris
877 1295 1013 1330 exemplo,

219 1338 328 1365 semper
350 1332 472 1360 vincens.
490 1334 575 1369 Inque
598 1335 672 1364 hunc
693 1337 804 1365 modum
831 1339 888 1374 ipse
912 1341 1015 1375 pariter

198 1371 252 1403 iac
270 1377 368 1412 reliqui
391 1380 508 1414 apostoli
531 1385 620 1408 totum
647 1383 781 1411 mundum
806 1393 821 1412 a
840 1371 1014 1415 dmttlotiibus

218 1423 390 1458 abjunctum,
413 1425 469 1453 Deo
486 1427 687 1462 conciliarunt;
712 1438 763 1457 suo
779 1430 833 1465 ipsi
857 1440 955 1459 occasu
981 1441 1013 1461 ac

217 1469 306 1502 clade,
323 1470 431 1498 illorum
446 1472 576 1506 victores,
587 1475 632 1509 qui
646 1481 721 1503 certa
734 1477 787 1504 sibi
803 1486 851 1512 spe
867 1479 1011 1507 victoriam

217 1515 414 1543 ariolabantur.
433 1517 504 1553 Ergo
518 1522 545 1545 tu
562 1527 682 1555 quoque,
698 1521 795 1556 frater,
811 1523 884 1552 hunc
897 1533 1010 1560 scopum
1025 1537 1046 1565 ο

216 1561 238 1587 si
261 1562 393 1595 tenueris,
418 1564 522 1598 poteris
538 1570 565 1592 ct
583 1566 640 1600 ipse
659 1567 786 1596 inimicos
809 1570 939 1606 diligere;
965 1572 1008 1600 sin

216 1611 308 1634 autem
328 1616 392 1641 non,
407 1610 482 1637 nulla
501 1611 526 1638 id
542 1612 648 1639 ratione
664 1619 793 1648 prtestare
808 1617 922 1650 poteris.

251 1653 294 1681 16.
315 1653 414 1690 Aitque
436 1656 522 1683 frater
536 1665 542 1683 :
557 1657 603 1685 Sic
619 1666 716 1686 revera
733 1665 785 1693 est,
801 1662 892 1696 Pater,
910 1669 938 1691 et
952 1672 1007 1692 non

215 1699 304 1732 aliter,
317 1708 350 1728 ac
363 1701 471 1729 locutus
484 1710 514 1730 es
527 1711 534 1730 :
547 1711 662 1739 eamque
675 1705 710 1732 ob
723 1714 780 1734 rem
799 1707 931 1736 Dominus
944 1718 1007 1738 cum

214 1754 229 1773 ιι
242 1746 344 1775 Iudaeis
360 1748 514 1776 maledictis
535 1754 685 1784 peteretur.
705 1753 829 1787 colaphis
842 1755 1006 1791 cmdcretur,

213 1794 296 1825 atque
318 1793 370 1819 alia
387 1793 422 1820 ab
438 1793 480 1820 eis
498 1799 651 1829 pateretur,
670 1798 833 1831 sustinebat,
853 1800 1006 1830 miseratio-

213 1837 258 1864 nis
271 1837 370 1865 aﬂ'eetu
390 1839 416 1866 in
434 1847 482 1866 eos
499 1845 600 1874 motus,
616 1842 691 1869 velut
704 1844 751 1878 qui
766 1844 956 1880 imprudentes
968 1848 1007 1876 fa-

213 1889 307 1911 cerent
329 1892 361 1911 ac
373 1893 467 1913 errore
483 1886 588 1914 seducti
612 1893 715 1916 essent.
734 1890 811 1917 Unde
833 1897 862 1919 et
879 1893 907 1920 in
923 1902 1006 1923 cruce

213 1929 322 1958 diccbat
340 1939 345 1958 :
362 1931 454 1964 Pater,
469 1933 571 1960 dimitte
583 1934 653 1967 illis,
669 1937 732 1971 quia
751 1939 867 1966 nesciunt
886 1941 950 1975 quid
962 1942 1004 1976 [a-

212 1976 285 2002 cium
303 1976 325 1993 ³⁷
343 1986 349 2004 :
373 1977 455 2013 375
471 1979 574 2007 diaboli
599 1985 690 2008 autem
715 1987 743 2010 et
766 1978 923 2020 principum
945 1987 1005 2021 ejus

213 2022 386 2051 vaferrimam
409 2030 528 2053 mentem
550 2027 731 2063 fraudemque
751 2029 780 2056 in
803 2038 885 2057 cruce
907 2031 1004 2058 trium-

212 2069 316 2104 phans:
330 2078 380 2105 pro
394 2071 549 2100 dilectionis
565 2074 704 2107 mandato,
721 2075 760 2103 uti
770 2076 873 2109 dixisti,
885 2077 919 2104 ad
932 2086 1004 2105 mor-

213 2118 267 2141 tem
282 2123 368 2150 usque
381 2117 513 2146 adversus
528 2118 588 2146 illos
600 2124 719 2154 certans,
729 2121 864 2157 nobisque
879 2123 1004 2152 tribuens

211 2161 246 2188 de
257 2161 311 2189 illis
323 2163 475 2196 victoriam,
484 2172 516 2192 ac
529 2166 625 2194 mortis
635 2167 777 2195 destructo
788 2168 914 2204 imperio,
924 2177 1002 2197 suam

212 2206 240 2232 in
265 2206 328 2234 vita:
354 2215 454 2236 munus
478 2212 708 2240 resurrectionem
734 2214 847 2242 donavit
874 2216 1003 2244 universo
1020 2217 1042 2244 D

211 2251 323 2278 mundo.
342 2252 442 2280 Verum
461 2262 508 2282 ora
523 2263 574 2290 pro
585 2265 639 2289 me,
656 2257 747 2290 Pater,
765 2264 795 2286 ut
808 2260 929 2294 perfecte
945 2261 1000 2288 Do-

210 2296 277 2323 mitii
300 2305 413 2333 scopum
431 2300 545 2335 ejusque
564 2304 751 2336 apostolorum
775 2305 929 2341 intelligere
953 2316 1001 2335 va-

208 2342 296 2375 leam;
313 2344 470 2379 possimque
488 2346 561 2382 vigili
578 2355 609 2375 ac
624 2349 718 2376 sobrio
738 2358 798 2378 csse
818 2352 921 2385 animo,
937 2361 1001 2380 cum

209 2389 377 2416 tentationcs
391 2392 556 2426 appetierint
568 2413 575 2426 ,
589 2402 640 2422 nec
659 2395 759 2423 diaboli
773 2397 887 2432 ejusque
900 2399 1001 2428 daemo-

208 2442 272 2461 num
290 2437 397 2463 nescire
415 2437 540 2465 consilia.

246 2481 286 2508 l7.
304 2481 455 2517 Respondit
467 2491 550 2512 senex
565 2494 570 2512 :
588 2485 616 2513 Si
627 2494 658 2513 ea
671 2495 731 2521 qua:
743 2487 816 2516 dicta
831 2494 895 2517 sunt
909 2494 998 2518 tecum

207 2525 299 2553 animo
312 2527 413 2562 jugiter
434 2529 548 2562 recolas,
570 2531 674 2564 poteris
690 2540 743 2559 non
760 2533 869 2560 nescire
883 2542 889 2560 :
906 2535 954 2561 sed
972 2540 1000 2562 et

207 2572 229 2599 si
247 2573 391 2608 intelligas,
413 2583 466 2609 qua
484 2576 542 2611 ipse
564 2578 670 2605 ratione
687 2579 810 2612 tentaris,
834 2588 866 2607 ea
888 2589 999 2616 quoque

207 2619 306 2646 tentari
331 2620 441 2647 fratrem
465 2626 559 2655 tuum;
577 2627 659 2658 atque
681 2624 706 2650 ei
726 2625 836 2659 quidem
862 2626 999 2661 iguoscas,

206 2664 253 2698 qui
275 2669 397 2692 tentetur
411 2676 417 2693 :
431 2669 559 2695 tentatori
574 2674 677 2702 autem,
689 2670 736 2705 qui
755 2671 782 2698 in
800 2673 859 2706 ejus
875 2673 920 2707 qui
938 2678 999 2701 ten—

208 2714 281 2737 tatur
302 2711 395 2738 odium
412 2714 566 2748 propellere
587 2716 656 2749 vult,
678 2717 798 2748 resistas,
820 2726 872 2744 nec
887 2719 1001 2746 fraudu-

206 2755 282 2784 lento
301 2758 362 2794 ejus
375 2759 492 2786 consilio
514 2769 617 2788 morem
635 2763 753 2797 gesseris
785 2763 841 2791 Hoc
863 2765 935 2792 enim
957 2770 999 2792 est

242 2846 264 2861 "‘
282 2845 291 2872 Ι
307 2845 369 2873 Cor.
388 2855 423 2881 tv,
443 2848 484 2879 1:2.
505 2849 543 2875 15.
589 2851 610 2865 ³’ί
630 2851 707 2878 Itoni.
732 2861 776 2884 xu,
793 2853 835 2880 2!.
877 2854 896 2868 "7

813 129 841 159 S.
866 127 1006 158 ΜᾹΧῘἈΠ
1028 126 1282 157 CONFESSORIS

1810 126 1853 158 (ὶΞὶ

1110 188 1149 211 ιε’.
1167 185 1220 211 Καὶ
1234 184 1336 220 ταύτην
1353 183 1402 219 μὲν
1427 183 1476 219 τὴν
1489 184 1586 219 πάλην,
1602 183 1670 218 πρὸς
1683 184 1745 215 τοὺς
1767 184 1853 219 ἡδονὰς

1075 231 1104 257 ἐν
1121 233 1153 266 τῇ
1173 231 1253 267 σαρκὶ
1269 230 1448 266 ἐνεργοῦντας
1466 230 1580 257 ὲπὰλαιε
1598 229 1727 265 δαίμονας
1747 229 1790 256 διὰ
1810 229 1853 264 τῆς

1074 277 1216 309 ἀσθενείας
1240 276 1287 304 τοῦ
1315 277 1381 304 ἰδίου
1411 277 1537 312 σώματος
1567 276 1665 307 αὐτοὺς
1687 275 1852 302 ἐπελαύνων·

1074 323 1143 359 πρὸς
1158 323 1185 349 δὲ
1199 323 1262 354 τοὺς
1278 324 1317 355 εἰς
1334 324 1413 358 μῖσος
1435 321 1631 356 πολεμοῦντας,
1648 321 1695 348 καὶ
1724 321 1769 347 διὰ
1784 321 1855 347 τοῦτο

1073 371 1136 402 τοὺς
1146 370 1200 397 τῶν
1216 369 1368 405 ἀνθρώπιον
1382 368 1580 404 ἀμελεστέρους
1593 368 1664 395 κατὰ
1676 367 1730 393 τῶν
1742 367 1855 394 εὐσεϐῶν

1073 417 1225 448 κινοῦντας,
1242 417 1286 443 ἵνα
1302 416 1336 443 δι’
1360 415 1450 442 αὐτῶν
1469 414 1662 450 πειραζόμενοι
1674 434 1682 446 ,
1701 414 1800 444 αὐτοὺς
1814 422 1854 448 μι-

1074 464 1187 498 σήσωσι,
1200 463 1247 489 καὶ
1257 462 1306 498 τὴν
1323 461 1432 497 ἐντολὴν
1448 461 1497 496 τῆς
1510 460 1619 494 ἀγάπης
1630 459 1775 494 παραδῶσι
1787 467 1793 473 ·
1809 459 1856 486 πά-

1071 508 1113 534 λιν
1127 508 1173 535 τὸν
1187 507 1287 542 τρόπον
1302 508 1351 542 τῆς
1365 507 1444 540 νίκης
1458 506 1549 541 ἔργοις
1575 506 1640 540 ἡμῖν
1657 505 1854 536 ὑποδεικνύων,

1071 553 1165 588 ἔλεγεν
1176 561 1183 568 ⁶
1201 552 1443 586 Λοιδορούμενοι,
1453 550 1653 585 εὐλογοῦμεν
1678 549 1855 584 διωκόμενοι,

1071 599 1258 633 ἁνεχόμεθα”
1292 597 1576 631 βλασφημούμενοι,
1609 595 1855 629 παρακαλοῦμεν·

1069 643 1198 677 ὠσπερεὶ
1212 641 1385 676 καθάρματα
1392 641 1445 668 τοῦ
1455 641 1572 675 κόσμου
1582 640 1777 674 ἐγενήθημεν,
1788 640 1857 665 :tu'r-

1069 699 1129 717 tarr
1138 690 1294 723 περίψημα
1309 688 1365 722 ἕως
1383 687 1458 722 ἄρτι,
1477 688 1508 713 Οἱ
1526 687 1576 722 μὲν
1592 686 1647 722 γὰρ
1663 686 1797 721 δαίμονες,
1816 686 1857 713 διὰ

1069 737 1148 764 Ιτοῦτο
1159 736 1289 772 λοιδορεῖν
1302 735 1349 762 καὶ
1363 734 1535 771 βλασφημεῖν
1549 734 1597 760 καὶ
1613 734 1721 760 διώκειν
1742 734 1857 760 07:51.),-

1069 783 1124 816 λον,
1145 783 1188 809 ἵνα
1205 783 1244 814 εἰς
1256 782 1334 817 μῖσος
1347 780 1395 808 τοῦ
1407 779 1590 815 λοιδοροῦντος
1609 779 1655 806 καὶ
1669 779 1857 814 βλασςςημοῦν-

1068 838 1115 861 τος
1129 829 1177 856 καὶ
1199 828 1344 859 διώκοντος
1368 827 1450 854 αὑτὸν
1475 827 1625 862 κινήσωσι·
1640 826 1686 852 τὸν
1706 827 1806 854 σκοπὸν
1818 827 1857 858 εἰς

1068 875 1117 910 τὴν
1143 874 1300 910 παράϐασιν
1314 874 1365 908 τῆς
1381 873 1489 909 ιντολῆς
1508 873 1558 908 τῆς
1569 873 1680 908 ἀγάπης
1692 873 1809 908 ἔχοντες.
1829 874 1858 900 '0

1068 921 1096 948 δὲ
1118 920 1278 952 Ἀπὸστολος
1296 920 1333 955 μὴ
1353 919 1458 954 ἀγνοῶν
1481 918 1516 945 τὰ
1534 919 1658 954 νοήματα
1670 918 1771 950 αὐτῶν,
1797 920 1857 951 τοὺς

1068 966 1257 1001 λοιδοροῦντας
1280 965 1400 1001 ηὐλόγει,
1417 965 1465 992 καὶ
1480 965 1535 990 τῶν
1556 964 1709 991 διωκόντων
1724 965 1856 1000 ἠνείχετο,

1068 1013 1190 1044 καὶτοὺς
1206 1012 1440 1049 βλασφημοῦντας,
1461 1011 1622 1046 παρεκάλει,
1638 1011 1693 1037 τῶν
1710 1011 1760 1045 μὲν
1774 1010 1857 1038 ταῦτα

1068 1057 1251 1093 ἐνεργούντων
1270 1057 1424 1092 ἀποστῆναι
1445 1056 1591 1091 δαιμόνων,
1616 1055 1655 1090 τῷ
1670 1055 1697 1081 δὲ
1713 1055 1808 1090 ἀγαθῴ
1820 1057 1858 1082 οἰ-

1067 1102 1214 1137 κειωΟῆναι
1223 1101 1293 1137 Θεῷ·
1306 1101 1371 1132 τοὺς
1386 1101 1414 1127 δὲ
1426 1100 1514 1127 ταῦτα
1528 1100 1707 1136 ἐνεργοῦντας
1718 1100 1856 1136 δαίμονας,

1066 1148 1154 1184 τούτῳ
1169 1148 1208 1183 τῷ
1223 1148 1317 1183 τρόπῳ
1336 1148 1386 1182 τῆς
1402 1147 1491 1182 πάλης
1509 1147 1637 1182 ἠμύνετο,
1653 1148 1682 1174 ὲν
1708 1147 1748 1182 τῷ
1765 1147 1858 1183 ἀγαθῷ

1066 1195 1110 1222 ἀεὶ
1127 1195 1209 1223 νικῶν
1226 1195 1256 1222 τὸ
1271 1194 1366 1227 κακὸν,
1380 1194 1450 1221 κατὰ
1467 1194 1515 1229 τὴν
1531 1195 1647 1230 μίμησιν
1659 1195 1705 1221 τοῦ
1720 1195 1856 1231 Σωτῆρος,

1066 1242 1114 1268 καὶ
1127 1241 1212 1272 οὕτως
1225 1241 1285 1267 ὅλον
1300 1240 1345 1266 τὸν
1358 1240 1459 1275 κόσμον
1471 1240 1524 1267 τῶν
1537 1239 1672 1274 δαιμόνων
1686 1241 1858 1276 ἀποστήσαν-

1065 1297 1111 1320 τες
1126 1288 1164 1323 τῷ
1181 1287 1240 1323 Θεῷ
1254 1286 1406 1323 ᾠκείωσαν,
1428 1286 1509 1318 αὐτός
1529 1295 1559 1312 τε
1574 1286 1623 1313 καὶ
1637 1287 1662 1312 οἱ
1679 1286 1768 1313 λοιποὶ
1791 1287 1857 1313 ἀπό-

1067 1335 1166 1367 στολοι,
1182 1333 1225 1360 διὰ
1242 1334 1328 1369 ἥττης
1340 1334 1501 1368 νικήσαντες
1521 1333 1584 1365 τοὺς
1601 1334 1680 1368 νικᾷν
1693 1333 1859 1365 ἐλπίσαντας

1064 1381 1114 1417 fui.
1133 1381 1180 1407 καὶ
1203 1381 1402 1416 κρατήσαντες,
1420 1380 1484 1410 τοὺς
1499 1380 1611 1414 κρατεῖν
1628 1379 1690 1406 ὲλπ.
1709 1378 1760 1406 Fr.
1780 1381 1857 1415 νικὴ-

1065 1436 1172 1458 σαντες,
1191 1427 1254 1458 τοὺς
1277 1427 1390 1462 κρατεῖν
1416 1425 1582 1461 ἐθέλοντας].
1612 1426 1675 1452 Ἐὰν
1688 1423 1736 1452 οὖν
1751 1426 1858 1458 καὶσὺ,

1069 1466 1195 1508 ’Λδελςρὲ,
1213 1473 1307 1499 τοῦτον
1330 1473 1472 1508 κρατήσῃς
1489 1471 1535 1498 τὸν
1557 1472 1669 1504 σκοπὸν,
1685 1470 1798 1499 δύνασαι
1810 1474 1859 1500 καὶ

1064 1519 1095 1545 σὺ
1112 1520 1175 1551 τοὺς
1194 1518 1338 1554 μισοῦντας
1351 1518 1475 1553 ἀγαπᾷν·
1492 1518 1555 1544 εἰδὲ
1571 1518 1608 1553 μή
1624 1525 1667 1551 γε,
1682 1517 1771 1550 ἄλλως
1784 1518 1858 1553 ἁμή-

1062 1573 1154 1600 χανον.

1098 1654 1146 1686 ις’.
1160 1653 1237 1680 Καὶό
1250 1652 1363 1686 ἀδελφὸς
1374 1651 1460 1679 εἶπεν·
1477 1653 1534 1679 Ἐπ’
1547 1652 1685 1688 ἀληθείας,
1699 1653 1802 1687 Πάτερ,
1811 1654 1857 1680 οῦ-

1061 1709 1115 1731 τως
1126 1700 1184 1726 ἐστὶ
1196 1699 1243 1726 καὶ
1252 1700 1302 1725 οὐκ
1314 1699 1401 1730 ἄλλως
1409 1707 1416 1714 ⁸
1432 1699 1478 1725 καὶ
1488 1699 1532 1725 διὰ
1543 1699 1623 1726 τοῦτο
1634 1699 1648 1725 ὁ
1659 1699 1762 1734 Κύριος
1774 1700 1859 1734 βλασ-

1062 1746 1237 1781 φημούμενος
1250 1746 1298 1772 καὶ
1312 1745 1535 1780 κολαφιζόμενος,
1550 1746 1598 1772 καὶ
1609 1745 1642 1772 τὰ
1650 1745 1717 1772 ἄλλα
1729 1746 1858 1781 πάσχων,

1061 1791 1132 1827 ἅπερ
1148 1791 1248 1818 ἔπαθεν
1273 1790 1325 1817 ὑπὸ
1339 1791 1394 1817 τῶν
1423 1791 1566 1822 Ἰουδαίων,
1587 1791 1721 1826 ἠνείχετο,
1739 1792 1859 1824 ἐκείνοις

1062 1838 1112 1872 μὲν
1130 1838 1300 1873 συμπάσχων
1319 1837 1356 1868 ὡς
1383 1837 1510 1872 ἀγνοοῦσι
1538 1838 1586 1864 καὶ
1611 1837 1835 1873 πεπλανημένοις
1851 1848 1858 1854 -

1060 1884 1101 1911 διὸ
1115 1885 1161 1911 καὶ
1176 1884 1268 1918 ἔλεγεν
1280 1884 1326 1911 ἐπὶ
1335 1883 1383 1910 τοῦ
1395 1884 1522 1920 σταυροῦ
1533 1884 1640 1919 Πάτερ,
1650 1884 1725 1919 (ipsi;
1738 1885 1856 1919 αὐτοῖς,

1058 1931 1099 1958 ὅτι
1116 1931 1166 1957 οὐκ
1183 1930 1232 1966 [αι.
1252 1931 1282 1957 οὐ
1301 1929 1366 1966 γὰρ]
1393 1930 1481 1957 οἴδασι
1506 1932 1533 1956 τι
1547 1930 1653 1957 ποιοῦσι
1665 1938 1672 1945 ·
1685 1931 1733 1957 τοῦ
1750 1931 1779 1957 δὲ
1794 1931 1858 1958 δια-

1059 1977 1136 2004 ϐόλου
1151 1978 1196 2004 καὶ
1212 1977 1266 2004 τῶν
1279 1977 1418 2012 ἀρχόντων
1434 1976 1517 2003 αὐτοῦ
1529 1975 1704 2012 Θριαμϐεύων
1719 1977 1768 2012 τὴν
1785 1986 1859 2004 παν-

1058 2023 1170 2059 ουργίαν
1184 2023 1230 2049 καὶ
1243 2024 1292 2058 τὴν
1307 2023 1417 2058 ἀπάτην
1431 2023 1477 2050 ἐπὶ
1489 2023 1537 2050 τοῦ
1560 2023 1676 2059 σταυροῦ
1688 2031 1694 2037 ·
1711 2024 1782 2059 ὑπὲρ
1802 2024 1858 2059 τῆς

1058 2070 1167 2105 ἐντολῆς
1195 2070 1245 2105 τῆς
1271 2070 1392 2105 ἀγάπης,
1410 2070 1500 2102 καθὼς
1520 2068 1610 2103 εἶπας,
1626 2070 1709 2105 μέχρι
1735 2070 1858 2097 θανάτου

1058 2116 1127 2152 πρὸς
1140 2117 1238 2147 αὐτοὺς
1250 2116 1465 2151 ἀγωνισάμενος,
1478 2116 1525 2143 καὶ
1536 2117 1584 2151 τὴν
1596 2116 1657 2143 κατ’
1669 2117 1760 2142 αὐτῶν
1773 2118 1859 2152 νίκην

1057 2163 1122 2197 ἡμῖν
1148 2162 1347 2198 χαρισάμενος’
1367 2162 1415 2188 καὶ
1439 2161 1485 2188 τοῦ
1508 2161 1623 2188 θανάτου
1649 2162 1809 2194 καταλύσας
1825 2163 1859 2188 τὸ

1057 2208 1167 2244 κράτος,
1185 2208 1234 2242 τὴν
1246 2208 1394 2234 ἀνάστασιν
1406 2207 1487 2234 αὑτοῦ
1508 2208 1548 2239 εἰς
1564 2207 1636 2242 ζωὴν
1653 2208 1735 2234 παντὶ
1750 2208 1790 2243 τῷ
1807 2209 1859 2235 κόο

1058 2263 1119 2289 σμῳ
1135 2254 1302 2290 ἐδωρήσατο.
1312 2254 1383 2280 Ἀλλ’
1403 2254 1482 2290 εὔχου
1497 2254 1568 2289 ὑπὲρ
1587 2253 1666 2288 ἐμοῦ,
1684 2254 1788 2289 Πάτερ,
1809 2254 1857 2281 ἵνα

1052 2298 1161 2330 τελεῖως
1177 2298 1312 2331 ἐξισχὺσω
1338 2298 1441 2333 γνῶναι
1465 2299 1512 2325 τὸν
1533 2299 1635 2325 σκοπὸν
1658 2298 1706 2325 τοῦ
1730 2299 1853 2334 Κυρίου,

1052 2345 1099 2371 καὶ
1125 2344 1179 2371 τῶν
1201 2345 1357 2371 ἀποστόλων
1388 2345 1489 2372 αὐτοῦ·
1506 2345 1554 2371 καὶ
1576 2344 1684 2380 δυνηυὼ
1701 2346 1802 2380 νήφειν
1825 2347 1856 2373 ἐν

1051 2393 1107 2423 τοῖς
1120 2392 1225 2426 καιροῖς
1238 2391 1292 2417 τῶν
1310 2391 1482 2427 πειρασμῶν,
1500 2392 1547 2417 καὶ
1562 2391 1599 2426 μὴ
1615 2392 1724 2424 ἀγνοεῖν
1739 2392 1774 2419 τὰ
1787 2394 1856 2428 νοή-

1053 2446 1126 2472 ματα
1142 2437 1189 2463 τοῦ
1204 2436 1329 2463 διαϐόλου
1347 2437 1395 2463 καὶ
1411 2437 1464 2463 τῶν
1479 2437 1616 2472 δαιμόνων
1633 2437 1727 2464 αὑτοῦ.

1088 2490 1130 2523 ιζ’.
1146 2491 1201 2516 Καὶ
1212 2491 1226 2517 ὁ
1239 2490 1327 2525 γέρων
1339 2489 1509 2525 ἀποκριθεὶς,
1526 2487 1612 2516 εἶπεν·
1634 2490 1695 2516 Ἐὰν
1707 2491 1763 2516 τῶν
1779 2500 1855 2526 προς

1051 2535 1202 2570 ειρημένων
1216 2535 1287 2571 ἔχεις
1301 2536 1345 2562 ἀεὶ
1356 2536 1406 2570 τὴν
1416 2536 1542 2570 μελέτην,
1551 2534 1664 2562 δύνασαι
1675 2536 1711 2570 μὴ
1725 2537 1853 2570 ἀγνοεῖν.

1055 2581 1136 2607 Ἀλλᾶ
1152 2582 1200 2608 καὶ
1213 2582 1261 2607 ἐὰν
1278 2582 1382 2616 συνιῇς,
1400 2582 1441 2608 ὅτι
1455 2581 1549 2616 ὥσπερ
1564 2581 1596 2606 σὺ
1611 2581 1740 2616 πειράζῃ,
1759 2581 1854 2612 οὓτως

1048 2627 1095 2653 καὶ
1111 2628 1123 2653 ὀ
1138 2627 1251 2661 ἀδελφός
1269 2635 1316 2653 σου
1329 2626 1506 2662 πειράζεται·
1526 2628 1572 2653 καὶ
1590 2626 1628 2661 τῷ
1651 2626 1700 2661 μὲν
1715 2627 1855 2661 πειραζο-

1049 2674 1122 2709 μένῳ
1139 2674 1349 2708 συγγινώσκεις,
1369 2674 1408 2707 τῷ
1424 2674 1452 2700 δὲ
1468 2674 1625 2710 πειράζοντι
1639 2673 1743 2700 θέλοντί
1761 2683 1789 2700 σε
1807 2674 1855 2705 εις

1049 2722 1126 2755 μῖσος
1140 2721 1254 2754 ἀγαγεῖν
1276 2719 1322 2746 τοῦ
1343 2719 1544 2754 πειραζομένου
1572 2720 1713 2754 ἀντιστῇς,
1734 2719 1771 2755 μὴ
1791 2720 1852 2746 ὐπ-

1047 2765 1154 2792 ακούων
1181 2766 1264 2793 αὑτοῦ
1290 2766 1330 2802 τῷ
1351 2769 1539 2803 μηχανήματι.
1559 2766 1615 2793 Καὶ
1635 2765 1715 2792 τοῦτό
1739 2767 1819 2793 ἐστιν
1833 2765 1851 2791 ὅ

914 2854 978 2881 Luc.
998 2863 1070 2887 XXI",
1087 2855 1129 2882 δι.
