1948 3077
92 152 148 184 925

87 210 162 244 λέγει
186 210 200 236 6
222 208 382 244 ἀδελφόθεος
414 209 542 242 Ἰάκωϐος
563 211 592 238 ἐν
621 212 680 243 ταῖς
698 212 881 244 Καϐολικαῖς·
898 216 920 245 Α

93 256 280 291 Ὑποτάγητε
306 255 347 288 τῷ
370 256 444 289 Θεῷ·
459 257 621 290 ἀντίστητε
632 258 666 284 δὲ
684 258 725 291 τῷ
743 258 882 292 διαϐόλῳ,

86 303 136 330 καὶ
152 303 293 337 φεύξεται
308 303 358 337 ἀφ’
371 303 464 337 ὑμῶν.
486 303 549 330 Ἐὰν
567 301 620 336 δῦν,
633 304 671 336 ὡς
683 304 799 340 εἴρηται,
813 305 883 340 ἔχεις

85 349 228 384 νηφόντως
243 349 292 385 τὴν
304 348 358 375 τῶν
376 353 584 385 προειρημένων
604 350 786 382 ἀδιαλείπτως
805 351 884 386 μελέ-

86 404 149 430 την,
162 394 275 422 δύνασαι
291 394 392 428 γνῶναι
406 395 451 421 τὸν
464 395 565 421 σκοπὸν
574 395 622 421 τοῦ
641 396 756 430 Κυρίου,
773 396 884 422 καὶτῶν

87 441 247 469 ἀποστόλων
257 441 340 468 αὑτοῦ
351 449 358 455 ·
374 440 421 467 καὶ
435 441 499 472 τοὺς
515 441 564 475 μὲν
584 440 747 476 ἀνθρώπους
761 441 883 477 ἀγαπᾷν,

87 488 136 514 καὶ
155 488 328 522 συμπάσχειν
355 488 448 519 αὐτοῖς
464 487 609 514 πταίουσι·
631 488 687 519 τοῖς
702 488 731 514 δὲ
755 490 884 523 πονηροῖς

87 535 214 569 δαίμοσιν
227 534 408 565 ἀδιαλείπτως
423 533 466 560 διὰ
479 533 528 568 τῆς
541 533 652 569 ἀγάπης
664 534 801 569 πολεμεῖν.
814 533 844 560 Εἰ
855 534 885 560 δὲ

87 581 174 615 ἐσμὲν
185 579 279 615 χαῦνοι
295 580 342 606 καὶ
354 579 465 615 ἀμελεῖς
479 580 525 606 καὶ
540 580 667 616 pausam,
682 580 804 615 καὶ,ταῖς
819 590 884 616 σαρ-

87 627 182 657 κικαῖς
196 626 304 659 ἡδοναῖς
321 626 366 652 τὴν
383 626 513 660 λογισμὸν
535 626 696 661 ὲμφῦρομεν
709 646 715 658 ,
742 627 803 661 οὐχὶ
822 627 885 658 τοὺς

86 674 230 708 δαίμονας,
242 672 298 700 ἀλλ’
313 672 427 704 ἑαυτοὺς
449 672 496 698 καὶ
518 672 580 704 τοὺς
600 672 732 707 ἀδελφοὺς
751 672 886 708 πολεμοῦ-

89 728 141 754 μεν
152 726 159 734 ·
187 719 252 750 τοὺς
265 719 294 745 δὲ.
313 718 444 753 δαίμονας
465 718 566 753 μᾶλλον
581 718 615 745 δι’
626 719 716 746 αὐτῶν
736 719 886 754 θεραπεύο-

89 775 152 801 μεν,
168 766 239 800 ὑπὲρ
255 765 345 792 αὐτῶν
359 766 415 797 τοῖς
430 765 586 800 ἀνθρώποις
602 765 764 801 μαχόμενοι.

126 816 172 848 ιη’.
187 813 241 839 Καὶ
251 813 265 838 6
280 812 394 847 ἀδελφὸς
408 809 486 839 εἶπεν
499 820 506 827 ·
525 812 619 844 Οὕτως
632 812 701 847 ἔχει,
713 812 806 848 Πάτερ
818 821 826 829 “
838 813 885 840 καὶ

88 860 145 894 γὰρ
161 860 192 885 ὲκ
202 859 252 893 τῆς
265 858 396 893 ἀμελείας
411 867 463 894 μου
481 859 525 885 ἀεὶ
552 859 736 894 λαμϐάνουσιν
758 859 887 894 ἀφορμὰς

90 893 153 931 κατ’
171 904 239 939 ἐμοῦ
256 905 281 931 οἱ
296 905 424 940 δαίμονες
439 913 446 920 ·
470 904 541 932 ἀλλὰ
559 893 712 940 παρακαλῶ
729 914 769 936 σε,
785 893 887 941 Πάτερ,
904 893 925 921 Β

88 950 180 976 εἰπεῖν
197 958 254 985 μοι,
275 949 334 981 πῶς
348 950 449 984 ὀφείλω
470 950 625 986 κτήσασθαι
647 951 739 986 νῆψιν.
764 951 817 977 Καὶ
837 951 890 977 ἀπ-

89 995 189 1031 εκρίθη
202 996 215 1022 6
227 996 328 1031 γέρων·
345 996 379 1022 Ἦ
392 996 528 1031 παντελὴς
539 997 593 1023 τῶν
608 997 712 1032 γηΐνων
727 997 889 1033 ἁμεριμνία,

90 1042 140 1069 καί¹
156 1043 174 1077 ἡ
190 1042 305 1076 συνεχὴς
324 1041 386 1077 [l"r.
402 1042 521 1077 alterque
538 1041 577 1069 Μ.
603 1042 699 1079 συχνὴ]
726 1044 826 1079 μελέτη
840 1044 890 1079 τῆς

91 1088 168 1120 θείας
189 1088 302 1123 Γραφῆς
322 1089 401 1123 φέρει
417 1088 465 1124 τὴν
487 1089 575 1124 ψυχὴν
590 1089 631 1121 εἰς
647 1090 729 1123 φόϐον
744 1089 826 1116 Θεοῦ·
844 1090 890 1117 καὶ

91 1136 106 1161 6
120 1134 169 1161 τοῦ
191 1134 260 1161 Θεοῦ
275 1134 356 1169 φόϐος
377 1134 454 1169 φέρει
473 1135 522 1170 τὴν
540 1135 621 1170 νῆψιν
633 1144 638 1150 ·
652 1136 698 1162 καὶ
712 1136 771 1163 τότε
787 1138 802 1171 ή
818 1135 891 1171 ψυχὴ

93 1180 210 1215 ἄρχεται
224 1179 335 1214 βλέπειν
349 1179 412 1211 τοὺς
424 1179 467 1206 διὰ
478 1180 532 1206 τῶν
546 1180 685 1215 λογισμῶν
705 1180 891 1215 πολεμοῦντας

94 1226 181 1261 αὐτὴν
208 1225 348 1261 δαίμονας,
376 1226 422 1251 καὶ
451 1226 605 1261 ἀμύνασθαι
617 1234 624 1240 ·
643 1227 706 1260 περὶ
728 1223 765 1252 ὧν
781 1227 795 1253 6
810 1226 892 1253 Δαόὶδ

95 1273 209 1307 ἐλεγεν⁴
239 1272 294 1300 Καὶ
319 1272 438 1299 ἐπεῖδεν
467 1273 484 1299 d
510 1273 666 1307 ὀφθαλμός
691 1282 750 1307 μου
772 1273 807 1299 ἐν
830 1272 891 1305 τοῖς

95 1318 215 1353 ἐχθροῖς
233 1327 303 1352 μου.
321 1317 392 1354 Πρὸς
410 1317 512 1353 ταύτην
538 1318 588 1353 τὴν
605 1319 694 1353 πάλην
711 1318 756 1345 καὶ
778 1319 792 1345 6
809 1327 891 1353 κορυ-

95 1363 244 1397 φαῖοςτῶν
263 1362 421 1389 ἀποστόλων
436 1363 538 1398 Πέτρος
553 1362 695 1398 διεγείρων
719 1363 782 1394 τοὺς
805 1362 892 1398 μαθη-

92 1409 155 1441 τὰς,
173 1409 267 1442 ἔλεγε·
282 1408 417 1442 Νήψατε,
435 1408 652 1443 γρηγορήσατε,
670 1408 715 1435 ὅτι
742 1410 758 1435 ὀ
779 1408 892 1435 ἀντίδι-

93 1463 150 1487 κος
168 1453 253 1488 ὑμῶν
267 1453 420 1486 διάϐολος,
438 1454 478 1486 ὡς
492 1454 571 1481 λέων
584 1453 754 1488 ὼρυόμενυς
769 1461 893 1488 περιπα-

93 1500 149 1530 τεῖ.
164 1500 258 1534 ζητῶν
290 1501 357 1527 τίνα
372 1501 503 1534 καταπίῃ
513 1508 520 1515 ·
542 1497 566 1534 ᾦ
581 1501 743 1534 ἀντίστητε
769 1501 888 1534 στερεοί

92 1545 133 1580 τῇ
142 1547 255 1573 πίστει·
270 1546 316 1573 καὶ
330 1546 454 1581 ὁΚύριος
468 1546 496 1572 δέ
506 1554 513 1560 ·
530 1546 711 1580 Γρηγορεῖτε
734 1546 781 1573 καί
796 1554 890 1581 προσ-

93 1593 233 1625 εύχεσθε,
253 1592 303 1618 ἵνα
315 1592 359 1626 μὴ
373 1591 531 1625 εἰσέλθητε
549 1593 592 1624 εἰς
616 1592 795 1626 πειρασμόν.
817 1592 846 1618 '0
864 1592 891 1618 δὲ

100 1639 317 1673 Ἐκκλησιαστής
346 1646 439 1673 φησιν·
470 1638 542 1664 Ἐὰν
553 1639 672 1673 πνεῦμα
686 1639 739 1666 τοῦ
751 1638 891 1670 ἐξουσια-

96 1684 199 1717 ζοντος
228 1684 324 1719 ἀναϐῇ
342 1684 391 1710 ἐπὶ
419 1684 467 1716 σὲ,
487 1685 582 1711 τόπον
608 1692 668 1711 σου
680 1684 723 1719 μὴ
738 1684 819 1719 ἀφῇς
840 1684 890 1721 [αι.

95 1730 196 1768 εὖροι]
213 1732 300 1763 Τόπος
315 1732 344 1758 δὲ
359 1731 406 1758 τοῦ
427 1731 472 1758 νοῦ
490 1732 592 1766 ἐστινὴ
613 1732 709 1768 ἁρετὴ,
727 1732 774 1758 καὶ
787 1733 804 1767 ή
821 1731 893 1766 γνῶ-

96 1785 150 1809 σις,
172 1777 220 1803 καὶ
238 1777 252 1803 6
270 1777 351 1811 φόϐος
367 1776 413 1803 τοῦ
427 1776 506 1803 Θεοῦ.
527 1777 557 1803 '0
568 1777 597 1803 δὲ
624 1776 783 1811 θαυμαστὸς
813 1777 892 1802 ’Λπό-

97 1823 191 1855 nolo;
210 1823 312 1858 σφόδρα
328 1823 467 1858 νηφόντως
479 1824 527 1849 καὶ
543 1823 678 1858 γενναίως
691 1823 892 1858 ἀγωνιζόμενος

96 1869 208 1904 ἐλεγεν·
232 1870 285 1896 Ἐν
304 1869 394 1904 σαρκὶ
420 1870 475 1904 γὰρ
493 1869 746 1903 περιπατοῦντες,
766 1870 801 1896 οὐ
817 1869 893 1896 κατὰ

95 1915 197 1950 σάρκα
210 1916 442 1950 στρατευόμεθα.
462 1916 499 1943 Τὰ
510 1917 563 1951 γὰρ
576 1915 657 1943 ὅπλα
671 1914 725 1949 τῆς
735 1916 893 1949 στρατείας

93 1963 183 1998 ἡμῶν
214 1963 250 1989 οὐ
275 1962 418 1997 σαρκικὰ,
442 1962 523 1990 ἀλλὰ
546 1961 662 1989 δυνατὰ
678 1962 718 1995 τῷ
734 1961 795 1995 Θεῷ
818 1962 893 1996 πρὸς

95 2008 274 2042 καθαίρεσιν
293 2007 509 2043 ὀχυρωμάτων·
530 2008 697 2043 λογισμοὺς
717 2008 894 2043 καθαιροῦν-

95 2063 158 2088 τες.
176 2053 225 2080 καὶ
240 2053 302 2081 πᾶν
314 2054 423 2088 ὕψωμα
439 2055 638 2089 ἐπαιρόμενον
653 2054 727 2080 κατὰ
743 2054 798 2088 τῆς
818 2053 892 2089 Trib-

95 2108 177 2133 σεως
191 2100 245 2127 τοῦ
262 2101 335 2128 Θεοῦ
344 2109 350 2116 ·
374 2101 423 2127 καί
439 2099 709 2135 αἰχμαλωτίζοντες
720 2099 782 2127 πᾶν
796 2101 895 2135 νόημα

96 2148 142 2180 εὶς
158 2146 217 2181 τὴν
231 2146 372 2180 ὑπακοὴν
398 2147 451 2174 τοῦ
472 2146 624 2180 Χριστοῦ·
653 2146 704 2173 καὶ
729 2147 763 2173 ἐν
789 2146 896 2181 ἑτοίμῳ

96 2193 224 2228 ἔχοντες
241 2192 399 2227 ἐκδικῆσαι
412 2192 515 2220 πᾶσαν
529 2192 696 2226 παρακοήν.
713 2193 774 2218 Ἐὰν
788 2190 833 2219 οὖν
849 2192 896 2219 καὶ

906 1567 927 1596 C

740 154 856 185 LIBER
875 156 1092 188 ASCETICUS.

1228 175 1242 195 κ
1685 159 1738 190 926

935 214 1009 249 quod
1027 215 1146 242 Jacobus
1158 213 1207 242 Dei
1228 214 1313 242 frater
1330 213 1368 241 ait
1386 213 1414 240 in
1431 212 1583 241 Catholicis
1605 222 1612 241 :
1631 213 1735 241 Snbdili

937 264 1017 287 estote
1029 260 1100 293 Deo;
1111 261 1224 287 resistite
1236 266 1324 288 autem
1337 259 1452 292 diabolo,
1467 263 1491 286 et
1504 260 1586 294 fugiet
1597 269 1613 286 ο
1625 260 1693 287 vobis
1705 260 1736 277 "-

938 306 1080 341 Siquidem
1095 306 1189 342 igitur,
1209 307 1247 334 uti
1270 307 1374 334 dictant
1391 310 1443 339 est,
1460 314 1556 334 eorum
1581 314 1642 341 qua:
1663 306 1738 334 dicta

937 357 1002 380 sunt
1017 354 1177 381 memoriam
1193 353 1319 389 pervigili
1336 353 1428 380 animo
1441 353 1535 388 jugeiu
1552 357 1642 379 tecum
1664 353 1739 388 cogi-

938 399 1125 434 tationemque
1137 399 1278 432 habueris,
1292 399 1398 426 Domini
1415 407 1528 434 scopum
1542 399 1656 434 ejusque
1669 406 1736 433 apo-

937 445 1071 472 stolorum
1092 453 1173 472 nosse
1195 446 1315 480 poteris;
1335 453 1367 472 ae
1388 445 1515 472 homines
1537 444 1650 480 quidem
1672 444 1736 471 dili-

937 499 1018 527 gere,
1044 499 1198 527 eorumque
1215 491 1327 518 olfensm
1349 492 1494 524 misereri,
1520 491 1659 526 simulque
1671 498 1737 517 vero

937 538 1076 565 dmmones
1088 538 1232 566 charitatis
1248 542 1316 565 nutu
1332 539 1434 573 jugiter
1448 538 1610 573 impugnare
1629 536 1735 563 licebit.

936 583 984 612 Sin
1000 588 1090 611 autem
1110 584 1206 611 molles
1221 592 1252 611 ac
1268 584 1438 619 negligentes
1452 590 1606 618 segnesque
1624 588 1730 613 sumus,

936 630 1149 665 carnalibusque
1173 631 1361 666 voluptatibus
1384 630 1508 657 animum
1534 629 1734 664 immergimus,

936 683 992 703 non
1005 676 1061 711 jam
1078 676 1235 708 daemones,
1254 676 1302 703 sed
1327 676 1379 711 ipsi
1404 683 1455 702 nos
1477 675 1631 709 fratresque
1647 674 1736 708 impu-

936 730 1052 758 gnamus
1066 731 1072 749 :
1087 726 1168 757 atque
1180 722 1225 750 his
1239 722 1325 757 magis
1338 722 1455 749 colimus
1467 721 1615 751 dazmones,
1630 720 1658 747 in
1669 727 1737 754 quo-

938 775 998 794 rum
1015 767 1130 803 gratiam
1149 767 1176 794 in
1192 767 1320 794 homines
1335 773 1502 801 grassamuS.

973 813 1016 840 18.
1031 812 1077 839 Ait
1090 812 1175 840 frater
1190 821 1196 839 :
1211 812 1249 839 lta
1262 819 1291 839 se
1306 811 1364 838 fere
1378 819 1422 838 res
1435 811 1530 842 habet,
1545 810 1627 837 Pater
1640 818 1646 835 :
1661 817 1736 836 sem-

938 867 988 894 per
1005 858 1079 886 enim
1103 866 1137 885 ex
1160 866 1220 885 mea
1242 857 1407 893 negligentia
1425 857 1565 883 daamones
1590 855 1737 882 adversum

940 911 984 931 me
998 907 1112 930 sumunt
1123 903 1292 931 occasiones.
1305 903 1358 930 Sed
1371 903 1470 929 amabo
1484 906 1520 934 te,
1533 901 1630 933 dicito,
1643 901 1736 933 Pater,

940 958 993 985 qna
1007 950 1113 976 ratione
1129 949 1261 984 consequi
1273 949 1355 976 liceat
1367 952 1488 975 mentem
1500 947 1619 974 sobriam
1631 954 1662 973 ac
1673 955 1738 985 per—

940 995 1061 1030 vigilant.
1086 995 1126 1022 Ad
1147 1003 1228 1030 quem
1254 1003 1356 1028 senex,
1380 994 1519 1028 Abnegata
1544 992 1634 1020 munis
1658 982 1738 1027 plane

941 1045 1116 1069 terrenorum
1133 1048 1208 1072 cura,
1223 1041 1352 1076 jugisque
1367 1039 1467 1067 divinae
1482 1039 1631 1073 Scriptura:
1647 1037 1738 1065 medio

942 1087 1019 1120 talio,
1034 1087 1062 1114 in
1074 1088 1123 1114 Dei
1138 1088 1265 1114 timorem
1280 1087 1389 1119 ferunt;
1404 1086 1508 1120 Deique
1526 1085 1609 1112 timor
1625 1084 1736 1119 vigilem

940 1139 1024 1169 atque
1040 1134 1163 1162 sobrium
1178 1137 1288 1168 praestat
1304 1133 1426 1160 animum
1441 1141 1447 1158 :
1467 1131 1565 1166 hisque
1577 1131 1622 1158 ille
1640 1130 1737 1163 fultus,

941 1183 1035 1210 videre
1052 1182 1150 1218 incipit
1162 1182 1300 1209 dmmones
1318 1181 1518 1216 cogitationum
1535 1179 1593 1206 acie
1606 1178 1679 1205 bello
1697 1177 1738 1204 fa-

942 1230 1070 1264 tigantes,
1084 1233 1166 1263 atque
1179 1235 1228 1254 eos
1239 1227 1350 1259 ulcisci;
1366 1227 1398 1254 de.
1410 1226 1512 1261 quibus
1524 1225 1616 1252 aiebat
1631 1224 1716 1251 David
1730 1231 1736 1250 :

944 1276 976 1303 Et
991 1284 1072 1310 super
1085 1275 1204 1302 inimicos
1227 1282 1296 1301 meos
1316 1273 1431 1307 inspexit
1447 1270 1537 1298 oculus
1555 1278 1628 1297 meus
1649 1270 1680 1296 ”.
1698 1269 1739 1296 Ad

942 1322 1014 1348 hanc
1031 1328 1141 1356 quoque
1159 1320 1260 1347 lactant
1278 1319 1377 1346 Petrus
1399 1317 1529 1351 princeps
1551 1315 1738 1350 apostolorum

942 1367 1094 1401 discipulos
1104 1365 1238 1396 excitans.
1249 1365 1340 1399 ajebat
1353 1373 1359 1390 :
1375 1363 1461 1390 Sobrii
1474 1366 1565 1394 estote,
1578 1366 1603 1388 et
1615 1361 1740 1397 vigilate;

943 1413 1005 1447 quia
1022 1411 1190 1438 adversarius
1207 1415 1291 1437 vester
1307 1409 1438 1441 diabolus,
1453 1409 1534 1443 376
1553 1413 1682 1443 tanquam
1701 1407 1740 1434 leo

943 1459 1060 1493 rugiens,
1081 1457 1172 1484 circuit
1196 1465 1316 1492 quarens
1339 1464 1419 1490 quem
1435 1455 1549 1486 devoret,
1569 1455 1610 1481 cui
1629 1454 1741 1481 resistite

944 1504 1023 1539 {ortas
1041 1505 1069 1530 in
1090 1503 1142 1537 ﬁde
1160 1503 1192 1529 δθ.
1211 1503 1282 1535 Quin
1301 1502 1384 1529 etiam
1406 1501 1560 1529 Dominus:
1577 1500 1698 1535 Vigilate,
1717 1499 1755 1526 cf

945 1554 1028 1583 orate,
1042 1554 1070 1577 ut
1084 1558 1135 1576 non
1147 1550 1251 1576 intretis
1264 1550 1290 1576 in
1303 1548 1476 1575 tent’ationem
1489 1548 1523 1573 δι.
1536 1547 1588 1574 Sed
1600 1551 1628 1573 et
1644 1546 1741 1573 Eccle-

944 1596 1042 1624 siastes
1056 1597 1095 1623 ait
1110 1605 1115 1622 :
1131 1594 1160 1622 Si
1170 1596 1278 1630 spiritus
1293 1598 1448 1630 potestatem
1461 1593 1579 1620 habentis
1593 1592 1741 1619 ascenderit

942 1651 1022 1678 super
1038 1647 1072 1674 te,
1089 1642 1174 1669 locum
1190 1646 1264 1668 tuum
1289 1649 1320 1667 ne
1342 1640 1470 1667 dimiseris
1489 1639 1521 1665 “.
1548 1639 1633 1665 Porro
1657 1637 1742 1664 animi

943 1690 1030 1719 locus,
1045 1689 1135 1715 virtus
1153 1691 1194 1715 est
1217 1691 1244 1714 ct
1260 1686 1387 1717 scientia,
1405 1693 1437 1712 ac
1461 1686 1542 1712 timor
1564 1685 1622 1710 Dei.
1647 1683 1742 1710 Admi<

944 1735 1047 1763 randus
1062 1737 1153 1761 autem
1171 1732 1330 1768 Apostolus,
1341 1731 1432 1759 sobrie
1448 1730 1595 1758 admodum
1614 1734 1742 1756 strenue-

943 1788 997 1816 que
1021 1780 1176 1810 deeertans,
1201 1778 1292 1805 aiebat
1307 1787 1313 1805 :
1326 1777 1358 1804 In
1379 1785 1458 1803 carne
1474 1777 1542 1803 enim
1564 1775 1740 1808 ambulantes,

944 1835 996 1853 non
1011 1825 1153 1852 secundum
1167 1831 1274 1850 carnem
1293 1823 1448 1850 militamus.
1463 1822 1531 1848 Nam
1549 1830 1625 1848 arma
1641 1821 1743 1848 militia:

944 1875 1041 1898 nostra
1063 1878 1114 1896 non
1132 1868 1253 1896 carnalia
1270 1872 1343 1900 sunt,
1359 1867 1405 1894 sed
1424 1867 1542 1902 potentia
1557 1866 1612 1892 Deo
1635 1865 1670 1892 ad
1695 1865 1741 1891 (le-

943 1916 1113 1944 structionem
1129 1915 1323 1945 munitionum;
1337 1912 1446 1939 consilia
1461 1911 1633 1942 destruentes,
1650 1915 1675 1936 et
1687 1919 1743 1937 om-

944 1971 1004 1990 nem
1023 1961 1190 1989 altitudinem
1214 1958 1382 1986 extollentem
1407 1965 1434 1984 se
1457 1958 1582 1984 arlversus
1605 1957 1742 1982 scientiam

943 2008 1009 2041 Dei;
1027 2012 1052 2034 et
1063 2007 1090 2033 in
1106 2006 1285 2041 captiritatem
1302 2003 1446 2039 redigcnlcs
1463 2010 1565 2029 omnem
1579 2001 1742 2028 intellectum

943 2055 971 2081 in
989 2053 1138 2088 obsequium
1152 2050 1249 2078 Christi
1261 2058 1269 2077 :
1283 2054 1307 2076 et
1327 2050 1355 2076 in
1368 2053 1490 2084 promptu
1509 2048 1632 2075 habentes
1652 2046 1742 2074 ulcisci

945 2107 1049 2126 omnem
1062 2096 1265 2124 inobedientiam
1277 2095 1309 2121 ".
1322 2095 1350 2121 Si
1366 2094 1449 2129 igitur
1467 2098 1495 2120 tu
1507 2101 1617 2128 quoque
1633 2096 1743 2120 sancto;

946 2145 1069 2173 imitatus
1091 2143 1188 2176 fueris,
1211 2142 1410 2177 operosiusque
1435 2141 1492 2168 Deo
1508 2139 1660 2172 vacaveris,
1678 2139 1743 2174 vigil

946 2197 1028 2227 atque
1045 2190 1155 2218 sobrius
1170 2189 1237 2217 eris.

98 2240 133 2266 συ
150 2240 258 2275 μιμήσῃ
283 2239 346 2271 τοὺς
367 2240 472 2273 ἁγίους,
492 2239 539 2266 καὶ
557 2239 684 2275 ἐμπόνως
701 2239 835 2275 σχολάσῃς
858 2239 897 2275 τῷ
913 2241 936 2270 D

97 2285 171 2320 Θεῷ,
190 2286 240 2321 ἔσῃ
251 2286 428 2320 νηφὸμενος.ι

138 2331 182 2358 LO’.
197 2332 251 2358 Καὶ
262 2332 276 2358 ὁ
298 2331 423 2366 Ἀδελφδς
435 2330 496 2358 εἷπε
508 2340 514 2346 ·
531 2332 586 2358 Καὶ
599 2331 733 2366 τίῶφειλέ
747 2341 788 2363 τις
798 2333 895 2365 ποιεῖν,

99 2378 204 2413 Πάτερ,
223 2378 269 2405 ἴνα
284 2378 467 2410 ἀδιαλείπτως
481 2379 583 2413 δυνηθῇ
601 2378 743 2413 σχολάζειν
765 2378 804 2413 τῷ
817 2379 896 2413 Bst};

99 2426 157 2452 Καὶ
183 2424 319 2460 ἀπεκρίθη
343 2426 358 2451 6
378 2425 477 2460 γέρων·
508 2425 653 2451 Ἀδύνατον
669 2425 699 2451 τὸ
711 2425 774 2451 νοῦν
787 2425 898 2457 τελείως

101 2471 236 2506 σχολάσαι
246 2470 284 2505 τῷ
302 2470 372 2505 Θεῷ,
385 2470 432 2496 ἐὰν
449 2471 486 2505 μὴ
502 2471 551 2502 τὰς
564 2472 638 2505 τρεῖς
649 2471 751 2502 ταύτας
762 2472 897 2506 κτήσηται

100 2517 205 2552 ἀρετάς
218 2525 225 2531 ·
243 2516 292 2552 τὴν
310 2516 420 2552 ἀγάπην
437 2517 518 2551 λέγω,
540 2517 586 2542 καὶ
600 2517 650 2551 τὴν
663 2518 826 2553 ἐγκράτειαν
851 2518 898 2545 καὶ

101 2564 153 2599 τὴν
166 2563 333 2599 προσευχήν.
356 2563 389 2589 Ἦ
407 2563 456 2597 μὲν
473 2564 527 2598 γὰρ
541 2563 647 2597 ἀγάπη,
671 2564 770 2598 ἡμεροῐ
786 2565 831 2590 τὸν
852 2565 898 2591 ου-

104 2610 172 2646 μόν.
190 2610 207 2644 ἠ
219 2609 247 2635 δὲ
261 2609 408 2644 ἐγκράτεια
421 2609 470 2644 (α),
489 2609 614 2644 μαραίνει
627 2610 676 2644 τὴν
694 2610 843 2646 ἐπιθυμίαν
855 2619 862 2626 ⁸
880 2611 896 2646 ἡ

104 2656 134 2683 δὲ
150 2655 301 2690 προσευχὴ,
322 2655 433 2691 χωρίζει
447 2655 492 2683 τὸν
509 2655 571 2682 νοῦν
597 2656 706 2682 πάντων
724 2656 778 2682 τῶν
794 2657 897 2691 νοημά·

104 2762 123 2789 ὅ
138 2727 162 2790 ἔ
174 2726 232 2753 lae.
249 2734 286 2757 Iv.
303 2726 329 2752 7.
383 2726 405 2741 ³⁵
419 2726 492 2753 Psal.
507 2733 563 2758 LIII,
580 2725 606 2753 9.

143 2819 183 2855 (a)
209 2818 292 2855 Quod
304 2818 350 2846 hic
366 2818 513 2855 peculiaris
526 2818 614 2846 virtus
628 2818 742 2851 dicitur,
754 2819 813 2854 ipsa
828 2827 902 2846 mar-

109 2853 219 2883 cescere
243 2853 356 2885 faciens,
378 2853 565 2888 edomansque
577 2861 609 2881 ae
624 2853 772 2881 maceratis
794 2863 899 2882 concu-

116 2889 286 2924 piscentiam,
316 2889 384 2917 nihil
421 2889 496 2917 aliud
521 2894 562 2917 est
597 2897 678 2924 quam
704 2889 838 2924 ieiunium
872 2895 899 2917 et

656 2725 678 2742 ‘°
698 2726 708 2753 Ι
724 2726 797 2753 Petr.
813 2735 840 2758 ν,
860 2727 886 2754 8.

984 2335 1027 2364 19.
1043 2335 1143 2370 Aitque
1164 2335 1270 2362 frater:
1286 2333 1424 2367 Quidnam
1441 2339 1518 2364 vero,
1531 2332 1622 2362 Pater,
1646 2330 1746 2365 aliquis

948 2383 1072 2410 facturus
1083 2383 1127 2413 sit,
1141 2386 1171 2409 ut
1185 2381 1295 2408 assidue
1307 2381 1363 2408 Deo
1376 2386 1474 2406 vacare
1489 2378 1595 2413 possit?
1610 2377 1648 2404 Ad
1663 2384 1745 2412 quem

949 2436 1033 2456 senex
1051 2437 1056 2454 :
1071 2427 1144 2454 Fieri
1168 2435 1224 2454 non
1250 2430 1342 2462 potest
1367 2430 1396 2452 ut.
1422 2425 1530 2452 animus
1553 2423 1672 2458 perfecte
1690 2424 1746 2449 Deo

948 2477 1037 2506 vacet,
1053 2473 1105 2499 nisi
1122 2477 1177 2499 tres
1194 2472 1260 2499 istas
1276 2472 1392 2498 virtutes
1409 2469 1564 2505 paraverit;
1585 2475 1682 2502 nempe.
1702 2467 1746 2493 (li-

947 2519 1106 2552 lectionem,
1123 2517 1318 2545 abstinentiam
1341 2517 1399 2552 (seu
1423 2516 1570 2551 jejunium)
1593 2518 1620 2540 et
1641 2513 1746 2539 oratio-

948 2573 1022 2592 nem.
1041 2564 1157 2591 Dileetio
1173 2564 1246 2590 enim
1271 2563 1339 2589 iram
1362 2562 1440 2589 lenit.
1465 2560 1605 2595 Jojunium
1623 2567 1670 2587 seu
1683 2558 1747 2585 abs-

952 2610 1068 2639 tinentia
1086 2610 1264 2645 cupiditatem
1283 2609 1393 2636 edomat
1413 2613 1495 2642 atque
1508 2611 1642 2639 macerat;
1660 2604 1747 2632 oratio

951 2659 986 2686 ab
1005 2657 1136 2685 omnibus
1157 2656 1294 2683 abstrahit
1316 2654 1537 2691 cogitationibus,
1564 2653 1670 2688 ipsique
1693 2651 1748 2678 Deo

1566 2722 1588 2737 λδ
1606 2721 1627 2748 ll
1640 2720 1702 2747 Cor.
1721 2727 1747 2751 π,

937 2727 958 2743 ⁸³
984 2727 1080 2754 Matth.
1097 2735 1170 2761 χιι-ι,
1193 2727 1238 2753 41.
1293 2726 1315 2741 δ’
1334 2724 1426 2752 Eecle.
1443 2731 1470 2756 x,
1487 2723 1513 2750 Δ.

955 2821 1140 2854 abstinentia;
1161 2830 1223 2856 qua:
1247 2820 1337 2848 virtus
1361 2818 1538 2855 potissimum
1563 2816 1671 2851 corpori
1691 2823 1748 2843 me~

954 2858 1045 2890 detur,
1063 2862 1092 2884 ut
1103 2862 1131 2885 et
1146 2857 1235 2885 oratio
1246 2856 1348 2885 animo.
