1948 3077
213 153 264 180 ’ΞΞἸ

793 153 823 182 S.
844 151 987 182 MAXlMI
1008 149 1266 180 CONFESSORIS

1795 150 1848 181 928

209 206 314 235 nudum
333 207 416 234 sistit.
433 206 480 234 llas
494 207 578 242 igitur
593 210 651 235 tres
665 207 791 240 virtutes,
807 211 921 235 cunctas
935 207 1003 234 alias

1062 214 1118 237 των,
1135 205 1182 232 καὶ
1201 205 1276 241 αὐτῷ
1286 205 1366 232 αὑτὸν
1378 205 1525 241 παρίστησι
1541 204 1644 240 γυμνὸν
1657 204 1696 240 τῷ
1706 201 1780 240 θεῷ.
1796 201 1848 231 Αὖ-

209 254 326 280 virtutcs
339 253 569 288 complectuntur,
585 262 618 281 ac
635 255 687 282 nisi
707 255 762 282 illis
782 254 867 282 fultus
881 255 999 287 animus,

209 298 265 326 Deo
280 307 377 326 vacare
390 307 445 326 non
460 304 560 335 potest.

243 384 287 410 20.
306 384 351 411 Ait
368 384 452 412 frater
466 394 472 411 :
489 385 574 420 Rogo,
589 387 679 420 Pater,
693 391 722 414 ut
734 386 837 414 discam
849 395 882 414 ex
896 391 933 420 te,
948 395 1002 422 qua

209 430 313 456 ratione
323 430 435 458 dilectio
450 431 517 458 iram
533 432 618 459 leniat
630 437 658 459 et
674 433 790 467 mitiget.
802 433 843 460 Ad
861 441 942 468 quem
957 441 1002 460 sc-

209 483 260 502 nex
272 484 277 501 :
288 475 356 508 Quia
367 476 474 503 scilicet
485 478 545 512 ejus
553 482 595 504 est
605 478 744 509 misereri,
755 478 1002 513 inquc,proximum

209 521 342 547 bcnetieia
359 521 494 554 emil‘erre,
509 526 537 549 et
551 522 584 549 ad
599 523 675 549 illum
690 523 779 549 leuem
793 530 852 549 esse
866 530 898 549 ac
911 523 1004 557 longa-

207 567 321 598 nimem,
336 567 478 601 illatasque
493 568 527 594 ab
541 576 574 594 eo
590 568 714 603 injurias,
732 573 762 595 ut
784 569 884 603 smpius
899 568 1002 596 dictum

209 617 260 644 est,
278 613 414 646 patienter
429 613 511 640 ferre.
528 613 590 641 llaec
607 622 672 648 ergo
689 622 751 641 cum
768 614 878 641 dilectio
892 614 1002 646 habeat,

209 658 278 693 ejus,
297 659 342 692 qui
363 659 407 685 illa
431 660 583 687 instructus
601 659 646 692 sit,
668 660 736 687 iram
758 660 825 687 lenit
842 665 869 687 et
887 660 1002 695 mitigat.

211 702 279 729 'l‘um
298 703 382 729 frater
400 712 406 729 :
429 703 489 730 Non
513 705 610 739 exigua
634 709 698 732 sunt
720 705 780 739 ejus
805 712 917 731 munera
934 713 940 730 :
956 704 1004 732 sed

210 747 307 774 beatus
332 747 375 774 cui
403 748 483 775 licuit
508 757 567 776 eam
594 749 718 784 adipisci.
746 749 802 784 Ego
825 757 890 776 sane
916 749 950 775 ab
972 757 1004 776 ea

211 793 306 828 procul
326 798 447 820 remotus
463 801 534 820 sum.
549 794 695 826 Caeterum,
713 802 788 828 rogo,
808 795 900 827 Pater,
919 799 949 822 ut
964 795 1006 822 di-

210 845 257 865 cas
272 839 338 873 quid
353 840 389 866 sit
405 839 593 874 μακροθυμεῖν
606 842 666 870 (nos
680 839 805 866 dicamus
819 839 1006 875 longanimiter

211 891 289 918 agere
305 883 415 918 leuique
428 883 560 918 patientia
575 885 657 917 esse).

245 928 290 954 21.
307 929 459 964 Respondit
475 937 558 956 senex
575 938 581 956 :
598 930 701 965 Nempe
724 930 788 957 forti
806 931 898 958 animo
913 931 941 958 in
956 931 1005 958 ad-

209 974 297 1001 versis
309 981 380 1006 esse,
394 982 426 1001 ac
442 974 511 1001 mala
525 975 674 1007 sustinere,
691 975 907 1010 tentationiSquc
921 983 1007 1010 oppe-

212 1020 259 1047 riri
284 1020 376 1052 tinent,
398 1029 448 1048 nec
469 1021 537 1048 iram
561 1026 664 1048 temere
678 1022 812 1056 proferre.
834 1027 883 1049 aut
902 1030 1007 1050 sermo-

213 1073 273 1093 nem
297 1067 372 1100 loqui
390 1066 417 1093 in
442 1066 611 1101 insipientia,
635 1067 677 1094 vel
694 1067 827 1102 suspicari
843 1067 946 1102 aliquid
961 1071 1009 1095 aut

211 1110 347 1144 cogitare,
376 1110 450 1145 quod
476 1111 566 1137 virum
593 1111 751 1146 religiosum
778 1111 868 1138 minus
894 1111 1007 1144 deceat,

211 1156 442 1190 quemadmodum
457 1157 495 1184 ait
510 1155 650 1192 Scriptura
663 1166 669 1183 :
686 1157 772 1192 Usque
785 1157 819 1184 ad
832 1162 934 1192 tempus
949 1165 1008 1183 sus-

211 1201 300 1228 tinebit
319 1201 371 1228 leni
391 1203 520 1236 patientia
539 1202 618 1237 377
639 1203 688 1235 vir,
706 1207 729 1229 et
742 1207 831 1238 postea
850 1207 968 1238 erumpet
987 1203 1009 1230 ei

206 1245 362 1280 jucuuditas
387 1256 396 1275 ε
418 1256 498 1283 usque
520 1249 547 1275 in
573 1253 674 1284 tempus
694 1249 772 1275 verba
796 1249 960 1284 comprimet,
985 1253 1010 1275 et

212 1293 355 1320 multarunt
369 1293 439 1320 labia
455 1294 619 1321 enarrabunt
635 1295 691 1330 ejus
706 1295 876 1330 prudentiam
888 1294 920 1321 ιδ.

245 1385 290 1413 2'2.
311 1386 373 1413 "me
398 1386 480 1421 igitur
500 1386 716 1420 longanimitatis
734 1386 816 1421 (lenis
833 1387 939 1414 scilicet
962 1395 1010 1421 pa-

213 1429 327 1465 tientiaa)
349 1430 450 1457 indicia
472 1434 536 1457 sunt
557 1439 562 1456 :
580 1439 669 1465 neque
693 1430 720 1457 id
738 1431 830 1463 modo,
849 1431 896 1458 sed
918 1436 946 1458 ct
968 1439 1011 1458 sc-

213 1475 304 1510 ipsum
326 1475 487 1502 tentationis
505 1483 615 1502 causam
637 1476 806 1509 existimare,
823 1477 882 1511 ejus
900 1477 1011 1504 virtutis

213 1525 256 1548 est
273 1521 425 1556 proprium.
444 1521 527 1548 Forte
543 1529 608 1548 vero
624 1521 707 1548 etiam
729 1521 769 1548 sic
790 1529 818 1549 se
843 1529 887 1549 res
909 1521 1007 1554 habet;

214 1567 288 1602 quod
303 1575 398 1603 magna
412 1576 475 1602 pars
492 1576 599 1600 eorum,
615 1575 675 1602 quae
693 1568 773 1596 nobis
788 1569 929 1600 eveniunt,
945 1569 1009 1596 intlc

214 1613 340 1641 accidant
362 1617 392 1640 ut
412 1613 465 1640 illis
488 1615 654 1650 castigentur
674 1623 705 1642 ac
728 1614 900 1647 erudiuntur,
918 1623 950 1642 ac
967 1614 1009 1641 vel

214 1659 351 1693 praeterita
370 1658 468 1686 delicta
486 1659 625 1692 tollantur,
640 1659 682 1686 vel
699 1667 752 1694 qua
770 1663 910 1694 torpemus
925 1660 1011 1695 negli-

214 1704 306 1738 gentia
325 1705 500 1738 emendetur,
523 1710 570 1732 aut
592 1706 711 1741 denique
727 1711 757 1733 ttt
773 1705 872 1733 futuris
890 1706 1010 1740 peccatis

213 1749 258 1776 via
277 1750 470 1784 prmcludatur.
487 1750 538 1784 Qui
564 1751 648 1786 igitur
671 1751 763 1778 animo
783 1755 892 1786 reputat
912 1759 946 1778 cx
966 1752 1010 1779 his

214 1795 325 1830 aliquod
341 1796 368 1823 in
386 1804 468 1823 causa
489 1805 560 1829 esse,
576 1805 626 1824 cur
640 1797 757 1824 tentatio
771 1805 839 1825 eum
859 1798 1008 1832 exceperit,

213 1841 371 1876 vapulando
394 1850 449 1869 non
471 1842 642 1877 indignatur,
661 1843 813 1878 praesertim
829 1851 891 1870 eum
909 1848 936 1870 et
952 1843 1011 1878 ipse

215 1887 268 1914 sibi
286 1889 391 1923 peccati
413 1889 541 1916 conscius
559 1890 594 1917 sit
613 1898 618 1916 :
640 1898 692 1917 nee
708 1893 836 1917 causatur
856 1890 943 1922 illum,
962 1898 1011 1925 per

215 1941 297 1968 quem
326 1934 442 1967 teutatio
470 1935 570 1962 accidit
599 1935 679 1970 (nam
706 1935 763 1963 sive
789 1936 856 1967 hoc,
875 1936 932 1963 sive
957 1937 1011 1963 alio

215 1992 328 2018 operam
345 1985 515 2019 conferente,
531 1987 686 2014 divinorum
707 1986 876 2022 judiciorum
896 1987 1011 2014 calicem

216 2030 329 2057 omnino
346 2030 441 2058 bibere
464 2039 527 2058 eum
550 2031 693 2066 oportuit).
714 2032 760 2059 sed
778 2031 806 2058 in
824 2031 910 2059 Deum
925 2032 1012 2060 oculis

216 2076 365 2112 animoque
382 2077 515 2110 intentus,
532 2078 556 2105 ei
577 2078 678 2113 gratias
695 2078 751 2114 agit
771 2079 849 2114 cujus
868 2078 1013 2113 indulgen-

217 2122 253 2148 tia
266 2122 376 2155 accidit,
393 2130 477 2157 seque
493 2123 549 2158 ipse
563 2124 665 2158 culpat,
679 2131 710 2151 ac
724 2123 808 2150 alacri
823 2124 915 2151 animo
930 2124 1013 2151 disci-

217 2165 321 2199 plinam
350 2167 483 2201 suscipit,
506 2168 581 2194 velut
609 2176 638 2195 se
665 2168 749 2195 David
770 2168 797 2195 in
822 2168 911 2195 Semei
931 2170 964 2202 ⁸⁸,
981 2177 1013 2196 ac

217 2211 289 2238 sicut
303 2211 355 2239 Job
371 2212 428 2246 ipse
445 2220 474 2240 se
493 2212 520 2239 in
544 2221 638 2246 uxore,
655 2214 739 2249 gessit
751 2214 783 2239 ⁸⁸.
807 2214 942 2249 [nsipiens
963 2223 1012 2242 au-

217 2260 283 2289 tem,
296 2257 364 2292 petit
379 2258 437 2292 ipse
451 2258 562 2292 quidem
578 2259 650 2286 haud
670 2267 733 2286 raro
750 2263 779 2286 ut
794 2259 866 2286 Deus
880 2260 1011 2288 miserea-

217 2305 280 2336 tur',
296 2303 513 2331 miscricordiam
537 2309 627 2333 tamen
644 2305 801 2332 venientem
825 2313 880 2332 non
903 2307 1010 2342 recipit,

1053 260 1097 277 ται
1112 248 1159 278 οὖν
1169 251 1198 277 αἱ
1212 251 1286 286 τρεῖς
1299 251 1406 286 ἀρεταὶ,
1420 250 1673 286 συμπεριληπτικαι
1684 250 1739 276 εισι
1752 249 1848 276 πασῶν

1053 297 1107 323 τῶν
1123 296 1229 331 ἀρετῶν
1240 305 1247 312 ·
1260 297 1308 323 καὶ
1322 297 1386 324 ἄνευ
1400 296 1503 324 τούτων
1517 297 1531 323 ὁ
1542 296 1605 328 νοῦς
1616 296 1646 323 οὐ
1657 295 1770 323 δύναται
1786 303 1850 330 σχο-

1053 341 1145 374 λάζειν
1161 341 1200 377 τῷ
1215 341 1285 377 Θεῷ.

1089 391 1123 415 κ’.
1141 387 1376 422 Καὶὸ,’Λδελφὺς
1398 387 1457 416 εἶπε
1471 396 1478 403 ·
1497 386 1652 423 Παρακαλῶ
1680 395 1720 418 σε,
1746 385 1848 421 Πάτερ,

1056 435 1164 469 μαθεῖν,
1184 434 1242 466 πῶς
1261 435 1277 470 ὴ
1307 434 1401 470 ἀγάπη
1427 434 1526 469 ήμεροϊ
1540 434 1585 460 τὸν
1602 433 1698 469 θυμόν.
1723 433 1779 459 Καὶ
1794 433 1850 459 ἀπ·-

1053 481 1150 517 εκρίθη
1165 482 1179 508 ὁ
1191 481 1292 516 γέρων·
1311 480 1420 515 Ἑ⁹.ιιδὴ
1433 480 1490 515 ἔχει
1510 479 1539 507 τὸ
1555 480 1649 511 ἐλεεῖν,
1663 479 1710 506 καὶ
1724 479 1754 506 τὺ
1769 480 1814 506 εὺε
1821 487 1850 514 ρ-

1053 526 1143 560 γετεῖν
1157 525 1202 552 τὸν
1224 524 1338 560 πλησίον
1351 533 1358 540 ·
1379 525 1425 551 καὶ
1440 525 1472 552 τὸ
1490 524 1676 560 μακροθυμεῖν
1698 524 1743 550 ἐπ’
1756 524 1850 556 αὐτὸν,

1054 572 1102 598 καὶ
1114 571 1144 597 τὸ
1157 571 1302 606 ὑπομένειν
1315 572 1349 598 τὰ
1363 571 1409 598 ὑπ’
1420 571 1502 597 αὐτοῦ
1519 570 1687 605 ὲπαγόμενα,
1699 569 1736 602 ὡς
1748 570 1850 596 πολλὰ-

1054 625 1099 647 κις
1111 617 1272 652 εἰρήκαμεν.
1289 617 1382 644 Ταῦτα
1406 615 1452 644 οὖν
1466 616 1566 652 ἔχουσα
1584 617 1600 651 ἡ
1627 616 1732 652 ἀγάπη,
1749 617 1852 652 ὴμεροῖ

1054 663 1100 688 τὸν
1121 662 1205 698 θυμὸν
1231 663 1278 690 τοῦ
1303 663 1472 698 κεκτημένου
1491 662 1588 698 αὐτήν.
1608 662 1663 689 Καὶ
1686 663 1700 689 ὁ
1722 662 1852 697 ’Δδελφὺς

1056 707 1132 736 εἷπε’
1149 710 1186 736 Οὐ
1217 710 1305 745 μικρὰ
1331 709 1366 736 τὰ
1391 710 1459 745 ἔργα
1474 709 1576 743 αὐτῆς·
1595 708 1662 735 ἀλλὰ
1687 708 1822 744 μακάριος
1839 709 1854 735 ὁ

1055 755 1202 791 δυνάμενος
1213 756 1367 791 κτήσασθαι
1387 756 1484 791 αὑτήν.
1507 755 1578 790 Ἐγὼ
1596 754 1625 781 δὲ
1641 754 1725 786 ὅντως
1742 754 1853 790 μακράν

1056 803 1113 838 εἰμι
1130 803 1176 830 ἀπ’
1193 803 1289 838 αὐτῆς.
1305 802 1380 837 Πλὴν
1402 801 1556 836 Παρακαλῶ
1576 809 1618 834 σε,
1642 800 1739 836 πάτερ,
1764 800 1855 827 εἰπεῖν

1059 856 1115 882 μοι,
1127 847 1153 874 τί
1166 848 1224 873 ἐστι
1238 847 1269 873 τὸ
1281 846 1481 882 μακροθυμεῖν.

1094 938 1148 965 καί.
1167 938 1221 964 Καὶ
1238 937 1376 973 ἀπεκρίθη
1390 937 1404 964 ὁ
1418 937 1508 973 γέρων
1521 945 1527 952 ·
1545 935 1582 962 Τὸ
1599 936 1779 972 ἐγκαρτερεῖν
1796 936 1855 967 τοῖς

1057 984 1165 1015 δεινοῖς,
1181 983 1227 1010 κα¹ι
1243 983 1273 1010 τὸ
1290 982 1438 1017 ὑπομένειν
1451 981 1560 1017 πονηρά
1570 990 1576 996 ·
1592 981 1640 1008 καὶ
1657 981 1687 1008 τὸ
1707 981 1856 1015 ἀναμένειν

1058 1030 1088 1056 τὸ
1103 1029 1178 1061 τέλος
1189 1029 1235 1055 τοῦ
1250 1028 1416 1063 πειρασμοῦ,
1434 1029 1481 1054 καὶ
1497 1027 1527 1055 τὸ
1539 1028 1576 1062 μὴ
1591 1027 1699 1061 ἐξάγειν
1712 1026 1800 1061 θυμὸν
1817 1026 1858 1058 ὡς

1059 1075 1147 1110 ἔτυχε,
1160 1074 1226 1110 μηδὲ
1237 1075 1315 1108 λόγον
1325 1074 1415 1100 λαλεῖν
1427 1075 1456 1100 ὲν
1475 1072 1624 1109 ἀφροσύνῃ,
1645 1072 1711 1108 μηδὲ
1732 1072 1858 1098 ὑπονοεῖν

1059 1128 1085 1148 τι
1097 1120 1113 1153 ἦ
1129 1120 1231 1146 ἐννοεῖν
1242 1119 1296 1146 τῶν
1312 1120 1349 1155 μὴ
1362 1119 1521 1154 πρεπόντων
1531 1117 1661 1149 θεοσεϐεῖ,
1676 1115 1767 1148 καθὼς
1778 1114 1859 1142 εἶπεν

1059 1166 1075 1201 ἡ
1093 1165 1187 1201 Γραφή
1201 1174 1206 1180 ·
1227 1166 1303 1199 Ἕως
1314 1166 1418 1200 καιροῦ
1434 1166 1589 1198 ἀνθέξεται
1601 1165 1794 1200 μαχρόθυμος
1807 1164 1858 1199 (b),

1060 1211 1109 1240 καὶ
1124 1212 1253 1246 ὕστερον
1265 1211 1415 1239 ἀναδώσει
1428 1211 1508 1244 αὐτῷ
1520 1212 1707 1246 εὐφροσύνη·
1723 1211 1779 1243 ἕως
1792 1220 1859 1238 κια-

1056 1257 1114 1291 ,ροῦ
1132 1258 1241 1291 κρύψει
1253 1257 1324 1290 τοὺς
1336 1258 1448 1292 λόγους
1465 1257 1558 1284 αὐτοῦ
1569 1266 1576 1272 ·
1602 1256 1651 1284 καὶ
1666 1257 1753 1291 χείλη
1782 1258 1862 1282 πολ-

1060 1301 1123 1328 λῶν
1141 1301 1225 1337 [SixL
1247 1301 1367 1334 πιστῶν,
1393 1301 1756 1338 ﬁdelium1éx6mrﬁo‘smt
1779 1301 1861 1328 σύν-

1060 1354 1128 1373 εσιν
1146 1347 1250 1374 αὑτοῦ.

1097 1393 1149 1428 κβ’.
1167 1392 1260 1419 Ταῦτα
1275 1390 1322 1419 οὖν
1332 1393 1391 1419 ἐστι
1402 1393 1436 1419 τὰ
1447 1393 1626 1428 γνωρίσματα
1647 1393 1696 1428 τῆς
1719 1393 1863 1428 μακροθυ-

1063 1439 1126 1474 μίας
1136 1446 1143 1453 ⁶
1162 1439 1192 1465 οὐ
1209 1439 1289 1473 μόνον
1302 1438 1340 1470 δὲ,
1359 1438 1426 1465 ἀλλὰ
1441 1439 1488 1465 καὶ
1505 1438 1667 1472 λογίσασθαι
1678 1438 1773 1464 ἑαυτὸν
1787 1436 1862 1465 εἶναι

1062 1484 1150 1510 αἴτιον
1164 1483 1211 1510 τοῦ
1228 1483 1393 1518 πειρασμοῦ,
1410 1483 1460 1518 τῆς
1478 1482 1670 1518 μακροθυμίας
1687 1482 1761 1509 ἐστὶν
1780 1483 1860 1510 ἴδιον.

1064 1530 1144 1561 Ἴσως
1155 1529 1182 1555 δὲ
1196 1529 1243 1556 καὶ
1255 1529 1340 1560 οὕτως
1352 1528 1410 1564 ἔχει
1419 1536 1426 1544 '
1448 1528 1541 1564 ἐπειδὴ
1562 1528 1597 1555 τὰ
1622 1527 1706 1554 πολλὰ
1721 1527 1776 1554 τῶν
1788 1536 1864 1562 συμ-

1063 1575 1210 1601 ϐαινόντων
1225 1575 1302 1609 ἡμῖν,
1316 1574 1384 1609 πρὸς
1401 1574 1542 1601 παίδευσιν
1561 1573 1639 1609 ἡμῶν
1651 1573 1864 1608 ὲπισυμϐαίνει,

1061 1621 1077 1657 ἢ
1095 1621 1162 1656 πρὸς
1189 1620 1381 1656 παρελθόντων
1402 1619 1546 1655 ἁμαρτιῶν
1571 1619 1723 1655 ἀναίρεσιν,
1741 1619 1758 1654 ἢ
1787 1620 1864 1654 πρὸς

1061 1666 1214 1702 ἐνεστώσης
1239 1666 1371 1702 ἀμελείας
1395 1665 1548 1702 διόρθωσιν,
1572 1665 1675 1701 ῆπρδς
1705 1665 1864 1700 μελλόντων

1063 1713 1270 1748 ἁμαρτημάτων
1288 1712 1343 1748 [aL
1365 1711 1630 1747 πλημμελημάτων]
1651 1712 1805 1745 ἀνακοπὴν.
1831 1711 1862 1738 ’0

1061 1757 1108 1786 οὖν
1119 1758 1304 1794 λογιζόμενος,
1320 1758 1362 1785 ὅτι
1385 1758 1418 1785 δι’
1442 1757 1471 1784 ἓν
1495 1757 1596 1784 τούτων
1609 1756 1708 1790 συνέϐη
1730 1758 1744 1783 ὁ
1760 1765 1864 1791 πειρα-

1062 1806 1140 1840 σμὸς,
1153 1805 1203 1831 οὐκ
1218 1804 1368 1838 ἀγανακτεῖ
1387 1803 1567 1838 τυπτόμενος,
1590 1803 1708 1837 μάλιστα
1730 1803 1777 1829 καὶ
1794 1811 1863 1829 συν-

1062 1849 1141 1882 ειδὼς
1165 1849 1255 1885 ἐαυτῷ
1279 1849 1432 1885 ἁμαρτίας·
1459 1849 1519 1876 οὐδὲ
1538 1849 1659 1875 αἰτιᾶται
1674 1848 1728 1878 τὸν,
1745 1847 1780 1874 δι’
1802 1845 1834 1875 οὗ
1848 1850 1864 1875 ὁ

1063 1895 1230 1932 πειρασμὸς·
1244 1894 1296 1921 κᾶν
1307 1894 1361 1930 γὰρ
1376 1893 1411 1920 δι’
1425 1893 1518 1925 αὑτοῦ,
1535 1894 1586 1921 κᾶν
1596 1893 1629 1920 δι’
1644 1893 1734 1924 ἄλλου,
1749 1893 1865 1925 πάντως

1063 1942 1136 1968 πιεῖν
1158 1938 1215 1976 εἶχε
1231 1940 1284 1966 τῶν
1299 1939 1378 1975 θείων
1391 1939 1533 1975 χριμάτων
1542 1939 1572 1966 τὸ
1581 1939 1725 1974 ποτήριον·
1745 1938 1804 1964 ἀλλ’
1822 1940 1864 1970 εἰς

1062 1987 1108 2014 τὸν
1122 1985 1187 2012 Θεὸν
1200 1984 1359 2017 ἀποϐλέπει,
1374 1985 1420 2011 καὶ
1433 1984 1590 2020 εὐχαριστεῖ
1603 1983 1642 2019 τῷ
1658 1984 1864 2018 συγχωρήσαν-

1062 2041 1098 2064 τι,
1118 2031 1165 2058 καὶ
1192 2030 1289 2057 ἑαυτὸν
1319 2031 1450 2061 αἰτιᾶται,
1467 2031 1515 2057 καὶ
1539 2030 1645 2065 δέχεται
1663 2031 1712 2065 τὴν
1732 2029 1866 2056 παιδείαν

1063 2076 1222 2112 προθύμως,
1239 2075 1334 2112 ὥσπερ
1347 2076 1360 2102 ὁ
1374 2076 1456 2102 Δαόὶδ
1472 2076 1518 2102 ἐπὶ
1529 2075 1574 2103 τοῦ
1590 2074 1684 2110 Σεμεῒ,
1702 2078 1749 2101 καὶ
1763 2075 1864 2110 ὥσπερ

1062 2123 1076 2148 ὁ
1096 2122 1155 2148 Ἰὼϐ
1170 2121 1217 2148 ἐπὶ
1231 2123 1278 2157 τῆς
1290 2121 1431 2156 γυναικόςο
1450 2122 1464 2148 ὁ
1478 2121 1506 2147 δὲ
1521 2122 1626 2157 ἄφρων,
1641 2122 1712 2148 αἰτεῖ
1728 2120 1778 2155 μὲν
1793 2120 1864 2146 πολ-

1062 2167 1141 2200 λάκις
1154 2167 1200 2194 τὸν
1219 2167 1285 2194 Θεὸν
1302 2167 1447 2202 ἐλεηθῆναι
1459 2175 1465 2182 ·
1479 2167 1626 2203 ἐρχόμενον
1643 2167 1671 2193 δὲ
1681 2166 1710 2192 τὸ
1723 2166 1812 2197 ἔλεος,
1830 2167 1865 2192 οὐ

1027 2230 1049 2258 D
1064 2213 1258 2249 παραδέχεται,
1279 2212 1372 2247 ἐπειδὴ
1389 2212 1438 2248 οὐχ
1455 2212 1492 2243 ὡς
1509 2213 1612 2243 ἐκεῖνος
1630 2211 1736 2247 ἢθελεν,
1755 2209 1841 2246 ἦλθεν
1856 2219 1863 2225 ·

1065 2260 1123 2287 ἀλλ’
1137 2260 1174 2292 ὡς
1188 2259 1278 2294 ἰατρὸς
1295 2258 1348 2286 τῶν
1362 2259 1456 2294 ψυχῶν
1472 2259 1622 2294 συμφέρειν
1645 2259 1780 2295 ἡγήσατο.
1805 2260 1865 2286 Καὶ

1066 2306 1110 2333 διὰ
1124 2305 1204 2332 τοῦτο
1222 2305 1349 2341 ὀλιγωρεῖ
1378 2305 1424 2332 καὶ
1443 2305 1614 2341 0ορυ6εῖται’
1640 2305 1688 2332 καὶ
1711 2305 1776 2331 ποτέ
1799 2305 1864 2340 μὲν,

216 2393 240 2410 ⁵⁵
255 2394 344 2422 Eccle.
365 2403 383 2427 I,
399 2395 444 2428 9.9,
460 2394 504 2422 50.
542 2395 565 2411 "
583 2395 604 2422 ll
623 2396 690 2432 Reg.
707 2404 762 2428 1m,
780 2397 822 2424 10.
861 2396 884 2412 ⁸⁸
901 2396 962 2424 Job.
979 2405 1008 2430 ιι,
1024 2395 1066 2424 l0.

255 2473 292 2508 (ὁ)
316 2474 482 2506 Ἀνθέξεται
504 2475 709 2509 μακρόθυμος.
725 2475 803 2503 llunc
820 2475 912 2503 locum
928 2475 1009 2503 nobis

219 2509 356 2544 integrum
372 2510 495 2536 servavit
507 2510 540 2536 V.
555 2510 596 2537 (Il.
613 2511 700 2544 Raph.
716 2511 839 2538 Dutrenii
857 2511 920 2538 cod.
935 2519 1010 2538 nunc

218 2545 331 2581 llcgius,
343 2545 492 2580 habuitque
503 2545 582 2572 Nobil
605 2546 634 2572 lu
649 2546 779 2573 Mazarin.
792 2546 856 2573 cod.
868 2546 1012 2581 sequentia

218 2579 343 2616 breviata
360 2584 449 2610 erant.
469 2589 520 2608 nec
539 2581 606 2607 satis
620 2588 653 2607 ex
668 2581 738 2608 sacri
759 2579 1012 2616 scriptoris-sensu,

220 2615 269 2651 καὶ
284 2614 401 2651 ὕστερον
419 2615 550 2651 ἀναδώσει
562 2617 625 2646 τοὺς
639 2616 734 2649 λόγους
751 2617 808 2651 μετ’
817 2614 1011 2651 εὐφροσύνης·

218 2649 250 2675 τὸ
277 2649 429 2681 ἀνθέξεται,
449 2650 522 2677 idem
540 2658 591 2681 ac.
619 2649 756 2683 ἀνέξεταί
777 2651 845 2678 dicit
864 2649 960 2678 'Nobil.
973 2649 1013 2678 'in

219 2683 382 2721 Sthol.,_sed
396 2685 475 2721 longe
489 2685 561 2712 istud
576 2686 621 2713 hic
635 2687 765 2721 aptiusac
776 2686 936 2721 expressius
951 2695 958 2712 :
971 2691 1013 2713 cst

219 2719 294 2756 enim
310 2719 350 2746 sic
361 2720 505 2756 cohibere,
527 2719 658 2756 iramque
669 2726 763 2748 tunerc
773 2719 970 2756 ac'infringerc
985 2726 1014 2749 et

220 2755 471 2791 sustinereLV'ulg.
506 2756 631 2787 ἀνάδοσις
651 2757 820 2790 εὐφροσύνης
845 2755 921 2791 legit,
939 2757 1012 2790 quod

220 2789 354 2825 reddidit,
372 2790 406 2816 Et
422 2794 511 2825 postea
531 2791 642 2818 redditio
655 2791 829 2825 jumnditatis
843 2799 851 2818 :
864 2789 915 2818 nec
931 2789 1014 2819 aliter

221 2823 268 2850 hic
280 2824 370 2852 Nobil.
387 2823 538 2861 κακοζηλία
560 2832 636 2861 puto,
653 2823 749 2854 Latina
761 2834 810 2853 sua
821 2827 925 2854 Grmeis
939 2834 1013 2853 com-

225 2867 344 2894 ponere;
363 2859 436 2894 quod
462 2859 531 2888 mihi
546 2859 596 2889 nec
616 2862 791 2889 commodum
815 2862 892 2894 satis,
916 2870 966 2889 nec
979 2870 1012 2889 ex

1064 2475 1117 2503 ﬁde
1138 2475 1303 2511 interpretis
1317 2473 1469 2511 estalinde
1483 2474 1596 2502 Sixtinte
1623 2475 1771 2509 interpres,
1803 2477 1860 2504 etsi

1063 2519 1115 2538 nec
1134 2511 1192 2546 ipse
1207 2510 1273 2538 satis
1287 2510 1415 2546 expedite
1427 2531 1433 2542 ,
1455 2510 1490 2537 Et
1512 2514 1600 2544 postea
1629 2511 1754 2537 reddetur
1774 2512 1799 2538 ei
1810 2511 1863 2546 ju-

1064 2547 1196 2573 cundt'tas.
1211 2547 1271 2573 Vox
1285 2545 1428 2575 ἁναδώσει,
1445 2546 1484 2573 sic
1503 2545 1628 2573 absolute
1643 2546 1742 2580 posita.
1758 2545 1861 2574 neutra

1064 2587 1116 2613 est,
1131 2589 1182 2608 nec
1198 2581 1279 2608 aliter
1290 2580 1462 2615 exponenda,
1477 2588 1559 2615 quam
1576 2581 1649 2615 quod
1663 2581 1803 2608 llerodoto
1814 2582 1861 2609 di-

1065 2621 1167 2643 cuntur
1184 2616 1272 2651 πηγαὶ
1291 2615 1444 2651 ἀναδοῦναι,
1462 2623 1609 2651 erumpere,
1627 2620 1743 2647 exstare,
1769 2622 1862 2642 stam-

1065 2652 1135 2684 rire;
1151 2656 1182 2678 ut
1195 2651 1270 2686 quod
1281 2651 1332 2678 lsa.
1348 2659 1421 2681 Lvnt,
1433 2650 1450 2677 8
1463 2659 1468 2676 :
1481 2650 1551 2686 Tum:
1565 2655 1682 2686 erumpet
1694 2652 1862 2678 matutinum

1065 2686 1153 2714 lumen
1178 2685 1268 2719 tuam;
1288 2693 1445 2721 quanquam
1478 2685 1516 2712 ibi
1541 2690 1594 2716 est,
1623 2687 1783 2721 ῥαγήσεται.
1803 2687 1859 2713 Sed

1063 2722 1217 2760 elegantius
1233 2720 1428 2760 iestriSiraph.
1443 2721 1488 2755 qui
1506 2721 1564 2760 ipse
1586 2721 1698 2760 scripsit
1709 2720 1816 2751 Grarec,
1829 2725 1862 2760 et

1064 2757 1090 2784 iu
1107 2755 1162 2791 quo
1183 2757 1287 2784 lumina
1303 2756 1390 2784 Graeci
1410 2757 1556 2787 sermonis,
1573 2755 1627 2783 alia
1639 2755 1718 2790 longe
1727 2764 1811 2790 quam
1829 2755 1860 2784 in

1064 2792 1135 2819 LXX
1151 2792 1315 2819 Senioribus
1333 2800 1339 2818 ε
1358 2791 1386 2818 in
1403 2791 1504 2825 quibus
1518 2791 1602 2818 etiam
1616 2791 1754 2819 laboravit
1769 2792 1860 2819 inter-

1063 2834 1138 2862 pres,
1151 2832 1181 2855 ut
1196 2835 1250 2855 non
1264 2832 1392 2854 accurate
1404 2827 1496 2854 omnia
1515 2825 1654 2853 redderet.
