1948 3077
98 161 153 194 929

738 166 853 196 LIBER
873 167 1091 198 ASCETICUS.

1679 176 1732 207 ΨΜ)

96 219 154 249 τοϊς
187 215 340 251 ἀνθρώποις
364 217 519 253 θυμομαχετ
532 226 539 232 ·
566 218 631 245 ποτὲ
647 218 686 250 δὲ,
713 220 752 251 εἰς
768 220 814 246 τὸν
829 220 884 247 Θεὸν

947 229 980 248 eo
994 222 1066 256 quod
1080 230 1133 250 non
1152 231 1186 251 eo
1202 224 1282 251 modo
1296 232 1327 252 ac
1344 225 1388 252 ille
1407 226 1503 260 voluit,
1516 229 1606 262 venit;
1626 231 1672 258 sed
1686 232 1742 266 quo

96 262 268 297 βλασφημεῖ·
290 262 336 288 καὶ
361 262 411 297 μέν
430 271 471 289 τοι
496 263 542 289 καὶ
556 263 605 298 τὴν
627 264 825 300 ἀγνωμοσύνην
841 265 896 292 δει-

96 309 184 340 κνύει,
199 308 244 335 καὶ
259 309 333 344 παρὰ
355 308 452 343 ῥάϐδον
466 309 501 343 (c)
515 309 545 335 οὺ
561 309 706 344 λαμϐάνει.

949 267 1103 294 animorum
1128 269 1252 296 medicus
1274 270 1301 296 in
1328 278 1385 297 rem
1413 272 1537 300 conferre
1564 274 1740 305 existimavit.

946 312 1131 345 Quamobrem
1163 315 1245 342 etiam
1276 315 1406 351 negligit,
1435 325 1466 344 ac
1499 325 1555 352 prte
1586 321 1741 350 turbatione

95 357 209 386 aestuat;
232 360 264 380 ac
289 353 372 380 modo
394 354 505 388 quidem
531 355 560 382 in
581 355 707 382 homines
748 355 788 384 ira
825 357 1015 389 excandescit,
1055 359 1138 386 modo
1160 365 1251 387 autem
1276 362 1305 388 in
1329 361 1415 389 Deum
1438 362 1521 389 verba
1564 364 1741 399 blasphemiae

94 399 170 434 iacit,
187 404 269 434 atque
285 400 354 427 adeo
378 400 496 436 improbi
518 402 601 429 animi
614 402 706 430 labem
722 404 824 438 prodit,
840 412 892 432 nee
909 410 1008 440 praeter
1020 406 1127 441 virgam
1140 407 1214 434 aliud
1230 409 1338 443 recipit.

130 451 186 480 κγ’.
203 448 257 474 Καὶ
278 449 293 474 6
314 447 442 482 Ἀδελφὸς
463 446 541 475 εἷπε·
560 450 659 483 Καλῶς
682 448 773 483 εἶπας,
789 452 890 488 Πάτερ·

97 493 162 520 ἀλλὰ
183 494 337 529 παρακαλῶ
352 494 440 522 εἰπεῖν
456 504 501 530 μοι
515 495 661 530 καὶτοῦτο,
681 497 739 529 πῶς
757 498 773 533 ἡ
789 499 891 533 ἐγκρά-

96 547 153 565 τεια
168 539 297 574 μαραίνει
307 539 357 574 τὴν
371 540 530 575 ἐπιθυμίαν.
544 542 598 568 Καὶ
612 542 748 578 ἀπεκρίθη
762 544 775 569 6
790 543 891 578 γέρων·

103 586 213 621 Ἐπειδὴ
229 586 380 620 ἀπέχεσθαι
395 588 469 613 ποιεῖ
483 587 602 620 πάντων,
614 587 668 614 τῶν
685 588 722 624 μὴ
739 589 834 624 χρείαν
847 591 892 616 ἐκ-

97 633 286 668 πληρούντων,
302 633 360 659 ἀλλ’
377 633 473 669 ἡδονὴν
497 634 683 669 ἐμποιούντων
695 644 702 650 ·
719 636 766 662 καὶ
784 635 891 668 οὐδενὸς

100 678 222 713 μετέχειν
243 679 325 710 ποιεῖ,
351 678 421 713 πλὴν
439 680 505 713 πρὸς
519 679 549 705 τὸ
564 679 614 714 ζῇν
639 680 798 714 ἀναγκαίων
811 688 817 694 ·
830 680 890 706 οὐδὲ

97 724 129 750 τὰ
146 724 213 759 ἡδέα
230 724 349 757 διώκειν,
369 724 437 751 ἀλλὰ
449 725 482 751 τὰ
498 725 625 760 ὠφέλιμα
637 733 644 740 ·
662 726 708 752 καὶ
721 727 890 761 συμμετρεϊν

97 771 123 796 δὲ
137 771 170 805 τῇ
188 770 269 805 χρείᾳ
284 770 317 797 τὰ
330 769 461 805 βρώματα
473 771 519 797 καὶ
534 770 568 797 τὰ
583 771 706 805 πόματα·
720 771 767 797 καὶ
780 772 830 798 οὐκ
842 772 889 807 ὲᾷν

981 452 1025 479 25.
1046 452 1081 481 Et
1105 453 1174 481 dixit
1199 454 1283 482 frater
1301 464 1307 482 ε
1325 455 1412 488 Bene,
1438 450 1528 489 Pater,
1554 457 1664 490 dixisti;
1691 460 1739 487 sed

945 498 1044 525 amabo
1064 503 1101 532 te,
1115 499 1167 526 hoc
1184 508 1295 535 quoque
1311 501 1409 533 addas,
1426 510 1544 536 quonam
1560 503 1642 531 modo
1656 505 1737 532 absti-

945 544 1039 572 nentia
1051 545 1302 580 concupiscentiam
1317 553 1437 575 maceret
1449 552 1531 582 atque
1544 549 1662 576 edomet.
1683 550 1734 577 Re-

944 590 1057 625 spondit
1079 599 1185 619 senex:
1202 592 1268 625 Quia
1293 592 1325 620 iis
1349 594 1478 634 omnibus
1502 595 1639 622 abstinere
1660 595 1736 628 facit,

944 643 1006 670 qua:
1017 644 1072 663 non
1085 641 1149 664 sunt
1158 637 1307 664 necessarii
1319 646 1395 670 usus,
1409 639 1457 666 sed
1471 639 1584 666 delicias
1595 640 1736 674 praebent:

942 688 995 708 nec
1018 681 1121 716 aliquid
1145 682 1210 709 sinit
1231 690 1352 716 sumere,
1370 691 1451 718 quam
1473 684 1546 719 quod
1565 692 1677 712 necesse
1696 690 1738 713 est

943 726 976 753 ad
994 727 1077 754 vitam
1093 728 1299 755 sustentandam
1317 737 1324 755 ε
1339 737 1390 756 nec
1405 730 1540 764 permittit
1552 738 1583 757 ea
1598 731 1736 766 persequi,

943 779 1004 806 qua:
1029 772 1120 800 dulcia
1145 777 1220 805 sunt,
1236 773 1282 800 sed
1309 781 1370 808 qua:
1396 774 1484 806 utilia,
1500 779 1527 802 et
1548 779 1580 802 ut
1598 776 1691 804 cibum
1710 782 1738 805 et

97 816 133 851 τῷ
145 815 209 851 [Fu
226 816 263 851 μὴ
289 817 335 851 ὲᾷν
351 817 380 843 ὲν
466 815 572 851 σώματι
588 817 719 853 περιττὴν
732 817 884 852 ὑγρότητα·

941 821 1037 851 potum
1063 818 1095 845 ad
1116 819 1197 853 jusue
1220 819 1391 846 necessitatis
1411 821 1508 848 modos
1529 828 1736 856 componamus,

98 862 142 888 καὶ
169 863 256 897 μόνην
281 863 424 898 συντηρεῖν
440 863 491 897 τὴν
518 862 590 898 ζωὴν
615 862 662 888 τοῦ
692 862 827 898 σώματος,
844 863 892 889 καὶ

97 907 274 942 ἁνενόχλητον
302 907 367 934 αὐτὸ
391 907 535 942 φυλάττειν
566 909 606 939 είς
630 907 719 943 ὁρμὴν
736 908 889 939 συνουσίας.

97 952 186 984 Οὕτως
208 951 256 979 οὖν
270 953 287 988 ἡ
304 953 454 988 ἐγκράτεια
470 953 519 988 τὴν
536 953 683 988 ἐπιθυμίαν
702 954 844 988 μαραίνει·
871 955 887 989 ἡ

97 999 122 1025 δὲ
136 999 228 1034 ἡδονὴ,
245 1000 292 1026 καὶ
304 999 446 1035 πλησμονὴ
458 999 512 1026 τῶν
526 999 678 1035 βρωμάτων
689 1001 736 1026 καὶ
747 1000 888 1035 πομάτων,

96 1045 272 1081 ὲκθερμαίνει
285 1046 334 1081 τὴν
351 1045 484 1080 γαστέρα,
500 1046 547 1072 καὶΙ
563 1045 711 1080 ἁναφλὲγει
725 1046 775 1082 τὴν
797 1046 889 1082 ὄρεξιν

96 1092 161 1127 ’πρὸς
174 1092 293 1128 αἰσχρὰν
316 1092 474 1127 ἐπιθυμίαν,
492 1093 540 1119 καὶ
564 1092 624 1119 ὅλον
640 1093 756 1120 συνωθεῖ
772 1093 801 1120 τὺ
819 1093 889 1126 ζῶον

96 1139 161 1174 πρὸς
171 1139 222 1174 τὴν
233 1139 333 1173 ἄνομον
344 1139 452 1175 [ἄλογον
461 1140 524 1174 fort.
542 1138 592 1174 leg.
606 1139 696 1166 Nobil.
709 1140 778 1175 quod
793 1148 888 1167 amen-

96 1189 146 1211 tem
162 1184 264 1221 reddit]
284 1185 366 1221 μίξιν.
382 1185 448 1212 Τότε
471 1186 607 1221 ὀφθαλμοὶ
624 1186 752 1218 ἀναιδεῖς,
769 1186 816 1213 καὶ
827 1186 887 1221 χεὶρ

96 1229 271 1264 ἀχαλίνωτος,
287 1229 397 1264 γλῶσσα
412 1230 530 1257 λαλοῦσα
550 1231 687 1267 θέλγητρα
717 1231 812 1265 ἀκοῆς,
841 1231 887 1256 καὶ

96 1272 138 1305 οὖς
153 1275 240 1309 ἀκοὴν
267 1275 384 1310 ματαίαν
408 1275 642 1310 παραδεχόμενον·
664 1275 736 1307 νοῦς,
757 1276 803 1302 τοῦ
819 1276 886 1303 Θεοῦ

97 1321 287 1356 καταφρονῶν·
306 1321 448 1356 καὶψυχὴ,
472 1322 543 1348 κατὰ
559 1321 679 1348 διάνοιαν
702 1322 825 1357 μοιχείαν
840 1323 886 1357 ἑρ-

95 1366 241 1403 γαζομένη,
270 1366 316 1392 καὶ
346 1366 374 1393 τὸ
402 1367 481 1401 σῶμα
500 1366 568 1402 πρὸς
594 1366 642 1403 τὴν
657 1366 776 1401 ἄθεσμον
788 1366 886 1402 πρᾶξιν

97 1412 207 1438 ἐκκαλου
213 1413 292 1447 μὲνη.

130 1458 177 1486 κδ’.
195 1459 251 1485 Καὶ
266 1459 280 1485 6
300 1458 426 1492 ’Δδελφὺς
443 1458 511 1493 ἔφη·
535 1458 594 1484 Ἐπ’
614 1458 753 1493 ἀληθείας,
783 1459 884 1495 Πάτερ,

941 870 994 890 nec
1007 864 1161 898 superﬂuos
1169 863 1277 899 corpori
1292 864 1422 892 humores
1433 873 1623 901 congeranius,
1635 868 1735 895 solam-

940 916 994 943 que
1021 909 1146 944 corporis
1172 909 1254 937 vitam
1281 917 1392 937 servare
1420 911 1590 945 Studeamus,
1611 917 1694 948 atque
1721 922 1737 942 a

940 954 1068 981 coitionis
1085 955 1207 990 appetitu
1232 955 1351 982 liberum
1368 956 1566 984 custodiamus.
1586 957 1632 985 Sic
1653 958 1736 994 igitur

940 999 1108 1028 abstinentia
1134 1001 1387 1035 concupiscentiam
1412 1007 1534 1029 macerat
1560 1007 1643 1037 atque
1671 1003 1737 1030 cdo—

939 1051 1018 1073 mat:
1037 1046 1164 1082 voluptas
1193 1055 1278 1079 vero,
1301 1046 1412 1081 cibique
1442 1055 1475 1074 ac
1500 1052 1581 1082 polus
1606 1050 1737 1077 saturitas

939 1092 1029 1119 ventri
1051 1093 1170 1120 calorem
1187 1092 1326 1125 conciliat,
1340 1096 1368 1120 et
1387 1093 1421 1120 ad
1439 1094 1527 1128 turpis
1546 1094 1735 1129 3781ibidi-

938 1138 983 1164 nis
996 1138 1148 1172 appetitum
1162 1138 1298 1170 accendit,
1315 1142 1458 1173 totumque
1474 1139 1574 1166 animal
1592 1140 1625 1166 ad
1645 1140 1734 1175 illegi-

939 1184 1013 1211 timre
1035 1185 1141 1220 copulre
1162 1184 1240 1211 devia
1260 1185 1412 1212 contrudit.
1429 1185 1506 1213 Tunc
1529 1186 1624 1213 lascivi
1648 1187 1733 1219 oculi,

937 1228 1050 1256 etl‘renis
1063 1237 1170 1261 manus,
1181 1230 1274 1264 lingua
1285 1230 1402 1264 loquens
1413 1238 1473 1265 quas
1483 1239 1564 1258 aures
1576 1232 1731 1265 mulceant;

937 1275 1013 1302 auris
1025 1275 1147 1302 inanium
1162 1275 1258 1308 avida;
1273 1283 1351 1302 mens
1364 1276 1449 1302 Deum
1462 1283 1611 1311 spernens;
1625 1278 1734 1305 animus

938 1327 1030 1347 secum
1055 1321 1113 1355 ipse
1136 1320 1273 1355 cogitandi
1297 1326 1358 1348 actu
1381 1321 1545 1351 adulterium
1568 1314 1688 1356 patratis,
1705 1327 1733 1350 et

937 1367 970 1393 ad
987 1366 1105 1393 nefanda
1121 1367 1233 1394 sceleris
1249 1367 1308 1401 ipso
1320 1375 1404 1401 opere
1417 1374 1518 1402 corpus
1531 1375 1694 1402 provocans.

971 1466 1016 1493 24.
1039 1466 1083 1494 Ait
1098 1466 1182 1494 frater
1198 1476 1204 1493 :
1219 1467 1289 1494 Vere
1306 1468 1342 1494 ita
1358 1476 1398 1500 se,
1421 1468 1510 1501 Pater,
1529 1477 1573 1495 res
1588 1469 1681 1502 habet,
1702 1475 1732 1497 ut

95 1503 178 1535 οὕτως
198 1503 273 1538 ἔχει·
292 1502 360 1530 ἀλλᾶ
387 1502 540 1538 παρακαλῶ
567 1503 662 1537 μαθεῖν
685 1504 732 1530 καὶ
758 1505 884 1540 περὶτῆς

937 1512 1022 1545 dicis;
1044 1521 1138 1541 verum
1163 1520 1229 1548 rogo
1250 1517 1281 1540 ut
1302 1518 1330 1541 et
1352 1513 1386 1541 de
1407 1514 1531 1541 oratione
1551 1514 1660 1547 doceas,
1677 1523 1730 1550 qua

97 1550 256 1585 προσευχῆς,
271 1549 328 1580 πῶς
342 1549 454 1584 χωρίζει
465 1549 509 1576 τὸν
521 1548 583 1575 νοῦν
596 1550 704 1576 πάντων
717 1551 771 1577 τῶν
784 1552 886 1586 νοημά-

97 1604 155 1623 των.
172 1596 229 1623 Καὶ
244 1596 379 1631 ἀπεκρίθη
393 1597 407 1622 6
419 1595 507 1631 γέρων
518 1604 526 1611 ⁸
540 1596 580 1622 Τὰ
596 1597 732 1631 νοήματα,
749 1597 804 1624 τῶν
815 1606 885 1633 πρα-

97 1641 203 1676 γμάτων
220 1643 274 1669 είσὶ
296 1643 437 1676 νοήματασ
463 1641 518 1668 τῶν
531 1641 559 1668 δὲ
580 1643 762 1677 πραγμάτων,
786 1643 820 1670 τὰ
835 1644 884 1678 μὲν

97 1688 159 1712 εἰσὶν
176 1687 304 1722 αἰσθητά·
321 1687 356 1713 τὰ
380 1687 418 1719 δὲ,
441 1687 533 1722 νοητά.
558 1687 602 1713 Ἐν
627 1687 718 1719 αὑτοῖς
733 1687 779 1715 οὖν
792 1690 806 1716 6
822 1690 883 1721 νοῦς

96 1731 247 1767 διατρίϐων,
259 1732 293 1758 τὰ
309 1733 432 1767 νοήματα
445 1732 535 1759 αὐτῶν
553 1733 697 1768 περιφέρει
708 1743 714 1749 ·
731 1735 747 1768 ή
764 1734 791 1760 δὲ
803 1735 883 1770 χάρις

99 1778 140 1811 τῆς
151 1777 316 1813 προσευχῆς,
346 1777 384 1812 τῷ
402 1777 462 1812 Θεῷ
475 1778 605 1805 συνάπτει
633 1779 679 1804 τὸν
707 1779 785 1806 γοῦν
799 1780 838 1815 τῷ
855 1780 882 1807 δὲ

97 1823 150 1858 θεῷ
168 1824 352 1855 ωνάπτουσα,
370 1823 490 1858 χωρίζει
508 1824 618 1850 πάντων
643 1824 698 1851 τῶν
727 1826 880 1860 νοημάτων.

97 1867 158 1894 Τότε
172 1869 185 1894 6
196 1867 259 1899 νοῦς
273 1868 375 1902 γυμνὸς
394 1868 469 1903 αὐτῷ
485 1868 534 1904 [aL
551 1869 589 1904 τῷ
604 1869 674 1906 Θεῷ]
695 1871 880 1906 προσομιλῶν,

97 1911 209 1949 θεοειδὴς
219 1913 335 1947 γίνεται.
352 1913 475 1945 Τοιοῦτος
489 1914 515 1941 δὲ
527 1915 678 1950 γινόμενος.
693 1916 728 1942 τὰ
742 1917 881 1952 πρέποντα

97 1960 154 1994 Mp‘
168 1959 252 1986 αὐτοῦ
270 1960 351 1991 αἰτεῖ,
366 1959 413 1986 καὶ
425 1960 475 1994 τῆς
487 1960 606 1995 δεήσεως
619 1961 700 1988 αὐτοῦ
717 1962 747 1988 οὐ
761 1962 879 1998 διαμαρ-

96 2004 162 2031 τάνει
174 2005 249 2032 ποτέ.
267 2005 316 2031 Διὰ
330 2005 408 2032 τοῦτο
419 2002 467 2032 οὖν
481 2007 495 2032 6
511 2006 670 2039 Ἀπόστολος
684 2007 881 2041 ἀδιαλείπτως

97 2049 194 2077 κελεύει
213 2050 425 2086 προσεύχεσθαι,
439 2051 482 2077 ἵνα
495 2051 541 2078 τὸν
556 2051 618 2078 νοῦν
637 2052 675 2088 τῷ
687 2053 746 2088 Θεῷ
760 2054 880 2089 συνεχῶς

98 2096 282 2128 συνάπτοντες,
309 2096 379 2122 κατὰ
406 2097 504 2132 μικρὸν
533 2097 735 2133 ἀπορρήξωμεν
762 2100 811 2134 τῆς
824 2099 879 2126 τῶν

97 2140 189 2168 ὑλικῶν
204 2141 406 2177 προσπαθείας.

935 1558 982 1585 illa
1010 1559 1117 1586 ratione
1145 1558 1180 1585 ab
1211 1559 1340 1586 omnibus
1366 1560 1580 1594 cogitationibus
1610 1566 1729 1588 mentem

936 1604 1043 1631 avellat.
1076 1605 1228 1639 Respondit
1259 1613 1342 1632 senex
1369 1615 1374 1632 :
1400 1606 1586 1641 Cogitationes
1617 1615 1648 1634 ac
1685 1615 1729 1634 ra-

935 1649 1039 1679 tiones,
1066 1657 1158 1676 rerttm
1181 1650 1363 1685 cogitationes
1386 1655 1469 1685 atque
1496 1652 1618 1678 rationes
1645 1656 1728 1686 sntit;

935 1701 1028 1721 rerum
1050 1699 1141 1721 autem
1161 1695 1221 1722 alia:
1246 1700 1309 1722 sunt
1329 1704 1389 1730 qua:
1410 1697 1461 1723 sub
1483 1705 1593 1723 sensum
1613 1697 1726 1730 cadunt,

934 1739 994 1766 alia;
1008 1747 1069 1774 qua:
1090 1740 1182 1767 animo
1208 1740 1408 1775 intelliguntur.
1427 1742 1456 1768 ln
1477 1742 1520 1768 his
1542 1742 1625 1777 igitur
1651 1751 1729 1771 mens

934 1793 1038 1812 moram
1063 1785 1184 1818 trahens,
1203 1793 1297 1812 eorum
1315 1786 1496 1821 cogitationes
1516 1787 1674 1815 circumfert
1696 1796 1729 1815 ac

933 1830 1069 1863 rationes;
1085 1831 1218 1858 orationis
1234 1836 1324 1858 autent
1344 1833 1441 1866 gratia,
1457 1837 1576 1859 mentem
1592 1833 1647 1859 Deo
1662 1842 1729 1860 con-

930 1875 1035 1911 jungit;
1052 1883 1138 1910 eaque
1155 1876 1213 1910 ipsa
1233 1876 1339 1902 ratione
1357 1880 1384 1902 cl.
1400 1877 1473 1911 quod
1493 1877 1548 1903 Deo
1568 1878 1726 1912 conjungat,

933 1929 948 1948 a
973 1921 1080 1948 cunctis
1106 1921 1320 1956 cogitationibus
1348 1930 1379 1949 ac
1409 1923 1564 1950 rationibus
1591 1923 1725 1958 abjungit.

933 1965 1010 1992 Tune
1026 1966 1156 1994 nimirqu
1173 1975 1250 1994 tuens
1265 1968 1336 1994 nuda
1356 1975 1417 1994 cum
1433 1968 1488 1995 Deo
1503 1976 1616 1995 versans
1632 1969 1726 2004 illique

932 2017 1104 2042 assuescens,
1122 2011 1264 2038 deiformis
1280 2011 1391 2047 (divinis
1408 2012 1513 2039 scilicet
1537 2021 1651 2040 corusca
1675 2014 1725 2040 do-

932 2054 1024 2090 tibus)
1049 2055 1150 2082 eiadit.
1176 2057 1235 2084 Jam
1262 2065 1326 2084 vero
1350 2065 1410 2092 quae
1436 2058 1497 2085 talis
1520 2059 1647 2090 exsistat,
1665 2067 1725 2094 qua:

931 2101 1046 2128 honesta
1061 2102 1116 2128 sint
1133 2110 1165 2129 ac
1181 2103 1297 2130 deceant
1311 2104 1346 2130 ab
1363 2104 1409 2130 illo
1432 2104 1519 2138 petit,
1536 2112 1587 2131 nec
1601 2104 1723 2138 unquam

930 2145 1080 2174 frustratur
1094 2147 1160 2182 quin
1180 2148 1306 2182 accipiat,
1325 2157 1386 2183 quae
1399 2149 1523 2176 oratione
1540 2149 1638 2177 oravit.
1656 2149 1725 2177 llinc

97 2189 171 2225 igitur
185 2195 229 2218 est
248 2198 298 2217 cur
312 2190 458 2225 Apostolus
480 2191 535 2217 sine
560 2191 753 2219 intermissione
778 2200 857 2221 orare
874 2195 988 2230 jusserit
1006 2195 1039 2228 ⁸⁷,
1055 2199 1086 2222 ut
1108 2203 1206 2230 nempe
1223 2196 1332 2223 assidue
1347 2197 1402 2224 Deo
1417 2201 1536 2224 mentem
1554 2197 1722 2231 copulantes,

96 2245 109 2264 a
125 2244 297 2266 terrenorum
315 2239 444 2273 paulatim
460 2239 575 2266 libidine
591 2239 796 2275 abrumpamus.

127 2285 171 2312 κε’.
188 2285 245 2312 Καὶ
257 2286 271 2312 6
292 2284 418 2319 Ἀδελφδς
435 2283 505 2311 εἷπε·
521 2286 577 2313 Καὶ
590 2287 649 2318 πῶς
663 2287 677 2313 6
687 2287 750 2319 νοῦς
765 2287 876 2315 δύναται

962 2289 1008 2316 25.
1028 2289 1074 2316 Ait
1092 2289 1177 2316 frater
1191 2298 1197 2315 :
1212 2289 1305 2323 Ecqua
1321 2297 1388 2316 vero
1402 2289 1509 2316 ratione
1526 2289 1581 2321 ﬁat,
1599 2293 1629 2316 ut
1646 2298 1723 2317 mens

97 2332 270 2364 ἀδιαλείπτως
284 2331 483 2367 προσεύχεσθαι
494 2341 500 2347 ·
525 2333 574 2359 καὶ
592 2333 647 2369 γὰρ
664 2333 810 2368 ψάλλοντες
835 2335 882 2361 καὶ

97 2378 322 2412 ἀναγινώσκοντες
336 2378 382 2404 καὶ
403 2378 632 2413 συντυγχάνοντες
653 2380 701 2406 καὶ
724 2380 881 2407 διακονοῦν-

95 2431 144 2456 τες,
172 2425 211 2456 εὶς
232 2424 319 2451 πολλὰ
343 2423 424 2450 αὐτὸν
441 2423 620 2459 περισπῶμεν
636 2425 762 2460 νοήματά
785 2434 815 2452 τε
835 2426 882 2452 καὶ

97 2468 266 2505 θεωρήμαςα,
285 2469 340 2496 Καὶ
354 2469 489 2506 ἀπεκρίθη
503 2471 517 2496 6
530 2470 619 2505 γέρων
632 2478 638 2484 ·
657 2471 739 2497 Οὐδὲν
751 2471 805 2497 τῶν
821 2471 883 2498 ἀδυ-

81 2515 174 2542 ’νάτων
187 2517 204 2552 ή
221 2515 283 2542 θεία
312 2515 407 2551 Γραφὴ
425 2515 593 2551 προστάσσει
604 2525 611 2532 ·
629 2517 690 2543 ἐπεὶ
706 2518 753 2544 καὶ
774 2517 854 2549 αὐτὸς
868 2518 883 2544 6

125 2593 144 2608 "
160 2593 170 2620 l
187 2594 287 2622 Thess.
306 2603 333 2624 v.
348 2595 391 2622 l7.

128 2662 159 2696 (ς)
174 2663 226 2690 Kal
241 2663 322 2698 παρὰ
343 2663 466 2697 ῥάϐδον.
489 2662 582 2690 Nobil.
605 2659 708 2698 πατρὶς
729 2663 807 2697 legit,
837 2662 877 2690 sic

98 2703 185 2731 nempe
198 2699 321 2725 hreviata
341 2699 473 2730 dictione,
498 2702 527 2725 et
549 2698 578 2724 in
594 2706 647 2732 qua
665 2698 746 2725 facile
760 2698 812 2724 fuit
827 2705 876 2724 ex-

98 2732 219 2760 seribenti
233 2741 338 2760 errare.
353 2733 388 2761 Et
403 2739 543 2768 paternam
565 2733 667 2767 uirgam
682 2737 831 2760 aversatur.
847 2733 876 2759 ln

99 2773 146 2802 [tuo
171 2768 240 2795 nihil
267 2769 403 2795 acuminis
428 2773 485 2799 est,
510 2772 648 2802 certaeque
675 2768 822 2795 antithesis
843 2775 875 2794 ex

99 2799 298 2842 liuingettio
317 2812 323 2830 :
344 2804 412 2842 bene
432 2809 524 2842 autem
541 2803 568 2829 in
583 2799 712 2842 lectione,
730 2811 813 2842 quani
834 2810 877 2842 se—

100 2843 170 2869 quor.
185 2837 325 2872 Significat
341 2839 413 2865 enim
431 2837 500 2865 nihil
524 2844 615 2872 opera:
635 2837 743 2870 facere,
767 2838 814 2872 qui
837 2837 877 2864 sic

101 2872 202 2900 moleste
211 2873 304 2906 habet,
317 2874 389 2908 quod
400 2873 557 2909 castigatur,
572 2873 619 2907 qui
629 2876 657 2900 et
671 2873 873 2908 improbitatem

930 2335 990 2362 sine
1013 2335 1218 2363 intermissione
1241 2335 1320 2362 oret?
1336 2335 1506 2362 Psalmorum
1533 2335 1606 2361 enim
1637 2343 1723 2370 penso

930 2385 959 2408 et
971 2381 1100 2414 lectione,
1115 2385 1142 2407 et
1157 2387 1311 2408 sermonem
1327 2380 1467 2407 miscendo
1481 2387 1512 2406 ac
1529 2380 1721 2413 ministrando,

931 2425 960 2452 in
985 2425 1087 2452 multos
1115 2433 1174 2453 eam
1206 2426 1342 2460 cogitatus
1371 2432 1503 2459 sensaque
1532 2425 1720 2452 distrahimus.

931 2471 1084 2506 Respondit
1103 2478 1187 2498 senex
1203 2479 1209 2497 :
1228 2470 1302 2500 Nihil
1321 2469 1456 2506 ejusmodi
1475 2469 1567 2496 divina
1581 2468 1722 2503 Scriptura

931 2517 1064 2552 praecipit,
1086 2516 1159 2551 quod
1184 2516 1307 2551 praestari
1333 2524 1388 2543 non
1410 2516 1506 2551 possit.
1531 2516 1598 2542 Nam
1615 2520 1643 2543 et
1662 2515 1721 2549 ipse

929 2662 1038 2697 prodat,
1048 2670 1101 2690 nec
1112 2663 1185 2690 levet
1197 2670 1285 2697 [tuente
1298 2663 1486 2695 acerbitatem,
1497 2663 1545 2690 sed
1558 2663 1645 2698 magis
1657 2671 1720 2697 gra-

930 2701 984 2723 vet.
998 2698 1076 2730 Quod
1094 2699 1156 2725 aliis
1173 2699 1326 2729 subditum,
1350 2698 1533 2733 παράκλησιν,
1549 2699 1637 2732 palam
1651 2701 1719 2732 glos-

928 2739 1002 2759 sema
1015 2738 1066 2760 est.
1083 2733 1172 2760 Nolim
1188 2733 1314 2767 pluribus
1333 2741 1448 2760 onerare
1465 2734 1604 2763 charlnm;
1618 2733 1717 2767 ipsum,

927 2767 1025 2798 lector,
1056 2768 1078 2795 si
1105 2773 1202 2802 parato
1224 2768 1316 2794 animo
1343 2773 1485 2795 auctorem
1510 2768 1621 2797 adieris,
1644 2767 1717 2795 haud

927 2801 1026 2829 leviter
1040 2810 1073 2829 ex
1093 2801 1140 2830 illo
1164 2803 1197 2830 ad
1219 2803 1382 2830 charitatem
1406 2807 1434 2830 ct
1453 2802 1693 2837 compunctionem
1709 2822 1716 2834 ,

926 2845 987 2898 ἓως
1013 2837 1069 2865 duo
1088 2839 1169 2866 nobis
1182 2839 1302 2866 maxima
1322 2837 1348 2865 in
1372 2838 1415 2865 via
1431 2837 1580 2873 spirituali,
1598 2837 1717 2865 aedifica-

946 2879 1011 2898 ens.

946 2879 1011 2900 ens.
