1948 3077
203 155 258 184 955

207 213 285 244 dens,
301 210 390 238 aiebat
412 230 418 236 .
436 208 591 236 Maledictus
612 207 657 242 qui
674 206 735 242 facit
752 214 833 240 opera
850 205 896 232 Dei
913 204 996 239 ucgli-
1014 210 1035 236 Α

206 262 298 294 genter
311 257 344 283 θ’.
362 256 391 283 Si
407 255 481 282 enim
496 261 546 281 nos
561 253 716 281 animorum
732 252 828 279 salutis
842 260 908 279 cura
923 252 996 279 serio

207 306 342 338 tangeret,
362 301 470 329 Domini
491 307 647 328 sermonem
669 303 862 330 tremeremus,
882 298 997 333 ejusque

207 347 345 378 mandata,
369 346 471 380 quibus
493 349 606 381 paratur
627 344 710 376 salus,
734 343 848 377 implere
873 341 998 370 studere-

207 401 279 421 mus.
298 392 457 423 Enimvero,
476 399 539 418 cum
564 390 709 417 Dominum
729 389 882 419 audiamus.
906 388 999 415 dicen-

208 443 261 465 tem
280 438 406 464 :Intrate
432 433 489 472 per'
501 441 642 471 angustant
663 440 777 470 portam,
793 442 851 469 qute
870 433 941 460 ducit
964 433 999 459 ad

207 484 288 510 vitam
309 483 350 515 ⁶⁹;
374 483 455 509 latam
483 486 511 508 et
528 481 690 516 spatiosum,
713 487 773 514 qua:
799 479 832 506 ad
856 478 999 506 interitum

207 530 294 562 ducit,
309 530 334 556 ei
349 529 530 564 pra-tulimus.
548 527 732 560 Quamobrem
749 525 870 552 audituri
886 531 980 551 sumus
991 544 998 555 ,

209 582 271 602 cum
287 583 302 601 c
318 572 710 607 caelisadveneritjudicatum
726 571 802 598 vivos
813 575 841 598 ct
854 573 998 596 mortuos:

208 621 248 648 Itc
261 630 276 648 a
293 629 343 654 me,
361 620 503 651 maledicti,
520 618 547 646 in
565 619 652 653 ignem
673 622 811 649 (utentum,
830 616 874 651 qui
890 619 1000 650 paratus

210 672 247 695 est
262 667 365 694 diabolo
381 670 404 693 et
423 665 523 701 angelis
539 666 595 700 ejus
608 664 639 691 ⁷⁸.

246 803 291 830 50.
313 803 504 836 Futurumque
516 805 559 829 est
572 805 602 827 ut
616 800 673 827 haec
688 799 845 831 audiamus,
859 805 913 825 non
922 797 1002 832 quasi

212 849 282 875 male
295 848 443 883 egerimus,
457 846 504 874 scd
525 846 682 873 eonomine
695 845 768 880 quod
788 845 859 871 bona
881 843 1003 878 neglexi-

212 902 284 926 mus,
300 898 328 920 et
344 893 500 928 proximum
514 900 569 919 non
580 892 738 919 dileximus.
752 891 800 918 Sin
815 894 907 917 autem
921 890 1003 917 etiam

213 941 283 968 mala
298 939 528 975 perpetravimus,
548 938 688 973 quomodo
703 938 750 972 qui
773 937 813 965 sic
834 937 1004 972 negligenter

213 986 303 1014 allecti
319 986 415 1017 simus,
430 985 503 1012 diem
528 984 607 1011 illum
633 983 854 1011 sustinebimus?
870 983 1005 1011 Caaterum

213 1032 317 1058 dictum
328 1035 370 1057 cst
380 1029 502 1064 antiquis
519 1036 568 1063 per
580 1029 701 1064 Moyscm
720 1037 726 1054 :
748 1028 807 1055 Νοιι
824 1027 1004 1060 mmchaberis.

212 1078 272 1104 Non
285 1076 384 1111 furtum
402 1075 492 1110 facies,
509 1075 568 1102 Non
587 1075 686 1101 occides
698 1075 732 1107 τ’.
749 1078 777 1102 et
797 1082 858 1109 quae
883 1082 1006 1109 sequun-

214 1128 274 1155 tur;
300 1122 433 1149 Dominus
445 1118 548 1153 autem,
567 1121 615 1156 qui
640 1121 699 1147 haec
713 1120 772 1147 sola
792 1127 904 1147 servare
927 1119 1007 1147 Chri-

214 1171 314 1201 stiano,
327 1173 357 1196 ut
372 1169 408 1196 sit
423 1168 574 1203 perfectus,
593 1175 648 1194 non
660 1166 786 1194 sulIicere
803 1166 926 1196 noverit.
950 1165 1008 1193 aie-

215 1217 262 1243 bat
276 1225 282 1243 :
301 1215 359 1242 Nisi
373 1215 545 1242 abundaverit
560 1214 669 1248 justitia
683 1218 769 1240 uestra
781 1212 839 1247 plus
847 1220 926 1249 quam
934 1210 1006 1238 Scri-

214 1263 279 1291 baru
291 1271 305 1288 η
319 1267 342 1288 et
356 1261 565 1293 Phariswarum,
581 1269 633 1286 non
645 1259 781 1286 intrabitis
796 1260 822 1286 in
832 1266 941 1293 regnum
956 1265 1006 1284 caa-

215 1307 301 1334 larunt
311 1308 345 1334 τ’.
359 1307 424 1334 Eam
437 1307 471 1334 ob
489 1314 546 1333 rem
560 1314 608 1333 sus
621 1305 711 1340 deque
722 1305 852 1339 omnique
864 1303 1008 1331 occasione

214 1354 299 1380 animi
328 1352 549 1384 sanctimoniam,
570 1359 624 1387 qua
649 1355 677 1379 et
701 1358 802 1385 corpus
830 1350 1008 1377 sanctitatem

215 1399 364 1431 contrahit,
376 1406 526 1433 veramque
552 1398 586 1425 ad
607 1405 688 1425 omne
703 1397 847 1424 hominum
863 1403 949 1431 genus
963 1395 1008 1422 di-

215 1445 374 1476 lectionem,
394 1444 560 1479 prwscribit,
577 1444 678 1478 quibus
703 1447 731 1470 et
746 1442 781 1469 ad
798 1449 862 1469 eum
882 1442 1010 1469 dilectio-

215 1497 281 1516 nem
299 1489 381 1515 liccat
398 1488 521 1515 nancisci
542 1496 549 1514 :
572 1495 657 1522 seque
673 1487 732 1521 ipse
746 1494 778 1514 ac
800 1486 951 1520 discipulos
974 1486 1009 1513 ad

218 1539 336 1560 mortem
352 1541 439 1568 usque
455 1534 612 1568 exemplum
627 1541 659 1560 ac
678 1540 803 1560 normam
821 1532 908 1564 dedit,
933 1532 974 1560 uti
989 1539 1005 1560 a
1023 1550 1045 1580 ο

217 1579 298 1607 nobis
311 1579 409 1614 smpius
421 1579 524 1606 dictum
538 1584 591 1606 est.

253 1639 296 1665 5i.
318 1638 404 1671 Quam
421 1646 485 1673 ergo
498 1638 705 1665 excusationem
731 1638 758 1664 in
774 1637 818 1664 die
831 1633 878 1664 illo
893 1637 1009 1664 habebi-

173 1719 175 1722 ⁴
218 1692 290 1715 mus,
305 1684 351 1718 qui
379 1684 425 1710 tali
447 1684 573 1718 exemplo
590 1683 650 1710 fulti
665 1683 704 1710 sic
730 1683 840 1710 desides
857 1690 1010 1717 segnesque

219 1730 336 1757 sumus?
350 1729 460 1764 Lugcns
478 1737 528 1756 nos
544 1729 687 1760 Jcrcmias,
708 1729 755 1763 qui
770 1733 845 1755 tanta
862 1729 949 1763 gratia
960 1728 1011 1755 do-

219 1776 288 1807 nati,
303 1783 389 1810 usque
403 1774 473 1802 adeo
496 1775 662 1810 negligentia
684 1779 839 1809 torpemus;
858 1782 906 1801 seu
918 1774 1011 1808 potius

219 1821 323 1847 malitia
341 1821 416 1847 omni
430 1820 503 1855 pleni
515 1828 621 1852 smnus,
640 1820 731 1848 aiebat
744 1829 750 1847 :
763 1819 827 1852 Quis
844 1819 917 1846 dabit
931 1820 1013 1854 capiti

221 1875 277 1893 meo
294 1875 402 1901 aquam,
424 1871 448 1893 ct
463 1866 546 1893 oculis
563 1867 626 1893 meis
642 1867 742 1901 fontem
758 1866 941 1901 lacrymarum
954 1886 961 1897 ,
987 1871 1011 1891 et

220 1912 329 1948 plorabo
360 1912 487 1948 populant
513 1913 581 1939 [tunc
603 1913 644 1939 die
660 1921 692 1939 ac
718 1912 851 1938 nocte"?
874 1912 963 1939 Audio
986 1916 1013 1938 ct

222 1957 341 1992 Moysen]
359 1957 393 1984 de
409 1956 490 1984 nobis
514 1956 674 1991 loquentem
691 1965 697 1982 ε
715 1956 749 1983 Et
765 1956 875 1983 comedit
890 1955 971 1983 Jacob
989 1960 1014 1982 ct

220 2006 358 2030 saturatas
380 2008 434 2035 est;
448 2007 473 2029 et
488 1995 670 2029 recalcitraeit
684 2002 805 2029 dilectus.
827 2003 1013 2037 lmpinguatus

221 2053 270 2080 est,
282 2049 446 2076 incrassatus
464 2052 512 2081 est,
528 2048 659 2075 dilatatus
675 2053 724 2080 est,
745 2052 769 2075 et
781 2048 918 2087 dereliquit
930 2048 1014 2074 Deum

222 2094 349 2130 faetorem
361 2103 449 2126 suum,
477 2099 501 2121 et
528 2094 634 2120 recessit
656 2103 671 2120 a
698 2093 752 2120 Deo
768 2093 902 2120 salvatore
917 2101 964 2120 suo
978 2093 1013 2120 ⁷⁸.

221 2139 364 2166 Michaeam
388 2147 500 2174 quoque
523 2140 661 2175 lugentem
681 2144 764 2174 atque
781 2139 919 2166 dicentem
940 2147 946 2166 :
972 2138 1014 2166 Va:

222 2186 287 2212 mihi
306 2186 406 2217 anima,
429 2186 491 2220 quia
506 2187 583 2221 periit
607 2187 665 2221 pius
688 2186 720 2212 do
734 2191 816 2219 terra,
842 2190 866 2212 et
885 2187 929 2221 qui
944 2185 1014 2213 colat

223 2232 346 2258 virtutem
356 2232 382 2258 in
397 2232 543 2259 hominibus
554 2241 605 2259 non
617 2237 665 2259 est.
677 2232 858 2268 Unusquisque
865 2233 1014 2266 proximum

223 2285 301 2305 suum
313 2277 434 2304 elidendo
452 2278 527 2305 elidit
540 2287 548 2305 :
565 2279 591 2305 in
607 2278 708 2306 nmium
729 2287 825 2305 manus
835 2287 897 2305 suas
909 2286 1016 2313 pmpa-

225 2327 286 2350 rant
296 2324 330 2350 ⁷⁵.
346 2323 479 2351 Similiter
488 2324 570 2359 382
580 2333 690 2359 quoque
703 2324 873 2351 Psalmistam
890 2324 924 2351 dc
936 2324 1016 2351 nobis

223 2368 362 2396 dicentem
378 2368 507 2395 :Saluum
519 2377 559 2396 me
579 2369 632 2404 fac,
644 2369 765 2401 Domine,
780 2369 905 2404 quoniam
924 2369 1017 2404 defecit

223 2419 352 2441 sanctus:
368 2416 494 2449 quoniam
509 2415 646 2441 diminqu
665 2419 726 2441 sunt
737 2415 885 2441 ueritatesa
897 2414 960 2448 ﬁliis
967 2415 1016 2443 Ito-

225 2459 371 2492 mt'num",
387 2463 415 2486 ct
431 2467 493 2494 qua:
512 2463 676 2494 sequuntur.

262 2596 307 2623 52.
327 2596 472 2631 Propheta:
488 2604 598 2632 quoque
619 2597 713 2624 verbis
728 2604 779 2624 nos
794 2597 890 2632 lugens
901 2597 1017 2631 Aposto-

227 2641 282 2673 lus,
298 2641 389 2668 aiebat
403 2650 409 2667 :
426 2642 486 2669 Non
502 2643 593 2677 estqui
606 2642 689 2677 faciat
703 2642 810 2675 bonum,
824 2651 877 2669 non
885 2647 922 2669 est
933 2650 1016 2677 usque

228 2687 263 2714 ad
282 2695 375 2714 unum.
398 2686 554 2723 Sepulcrum
572 2693 664 2724 patens
683 2693 720 2716 est
736 2693 827 2724 guttur
839 2697 948 2720 eorum;
965 2687 1018 2715 lin-

227 2734 286 2770 guis
304 2734 360 2761 suis
375 2733 465 2761 dolose
480 2735 603 2770 agebant.
620 2734 753 2762 Venenum
774 2734 897 2770 aspidum
914 2734 959 2761 sub
977 2734 1020 2760 la-

263 2835 286 2851 ”
301 2835 402 2864 Jerem.
419 2841 511 2866 XLVIII,
526 2835 568 2862 10.
607 2835 628 2851 θ’
643 2835 737 2862 Matth.
757 2843 782 2867 ν,
798 2834 843 2862 28.

274 2870 300 2898 1.
339 2871 362 2886 ⁷⁸
378 2871 457 2898 Deut.
474 2878 555 2898 xxx".
571 2870 614 2898 15.
653 2871 675 2886 ⁷⁸
691 2870 772 2898 Mich.
788 2878 834 2898 vu.

228 2880 258 2903 Χ,
274 2880 300 2898 ι.

787 152 816 182 S.
834 151 977 182 MAXIMI
997 150 1252 181 CONFESSORIS

893 2834 915 2849 ⁷⁰
933 2834 1026 2860 Matth.
1046 2842 1108 2866 xxv.
1123 2835 1168 2862 ιι.

339 2871 362 2886 ⁷⁸
378 2871 457 2898 Deut.
474 2878 555 2903 mm,
571 2870 614 2898 15.
653 2871 675 2886 ⁷⁸
691 2870 772 2898 Mich.
788 2878 834 2901 vu,
852 2870 879 2897 2.
919 2869 941 2885 ⁷⁸
960 2869 1029 2896 Psal.
1044 2877 1081 2899 XI.
1097 2870 1123 2896 εὶ.

1782 148 1834 183 936

1053 205 1105 238 ρῶν
1132 203 1277 238 Ἱερεμίας,
1298 203 1406 236 ἔλεγενι
1440 200 1673 235 Ἐπικατάρατος
1697 202 1714 228 ὁ
1741 202 1836 228 ποιῶν

1046 248 1082 275 τὰ
1097 248 1168 283 ἔργα
1192 249 1302 282 Kvp/ou
1318 247 1445 282 ἀμελῶς.
1466 247 1497 273 Ei
1513 247 1567 282 γάρ
1582 246 1691 281 εἴχομεν
1708 247 1837 281 φροντίδα

1048 295 1111 328 περ’.
1127 294 1177 328 τῆς
1190 292 1325 328 σωτηρίας
1341 292 1393 319 τῶν
1407 291 1500 327 ψυχῶν
1519 291 1608 327 ἡμῶν,
1629 291 1782 326 ὲτρέμομεν
1803 292 1837 319 ἂν

1046 339 1093 366 τὸν
1111 339 1189 373 λόγον
1206 339 1253 365 τοῦ
1277 339 1391 374 Κυρίου,
1419 339 1465 365 καὶ
1484 338 1651 373 ἐσπεύδομεν
1664 338 1839 373 κατορθῶσαι

1048 386 1097 417 τὰς
1119 385 1230 416 ἐντολὰς
1257 384 1350 417 αὑτοῦ,
1375 385 1410 411 δι’
1428 380 1464 410 ὧν
1492 384 1539 410 καὶ
1565 382 1734 418 ἑσωζόμεθα.
1766 383 1838 410 Ἀλλ’

1049 432 1130 467 ἡμεῖς
1149 430 1294 462 ἀκούοντες
1322 430 1369 457 τοῦ
1389 430 1502 465 Κυρίου,
1521 430 1660 463 λέγοντος·
1675 429 1841 456 -Εὶσέλθετε

1049 477 1099 504 διὰ
1111 476 1166 511 τῆς
1193 476 1305 510 στενῆς
1322 477 1434 509 πύλης,
1446 475 1502 510 τῆς
1515 475 1698 510 εἰσαγούσης
1722 476 1767 508 εἰς
1782 475 1841 509 τὴν

1050 523 1126 558 ζωήν
1137 532 1143 539 ·
1163 523 1388 559 προετιμήσαμεν
1402 522 1451 557 τὴν
1467 522 1596 548 πλατεῖαν
1611 522 1657 548 καὶ
1671 522 1841 558 εὐρύχωρον,

1050 569 1098 604 τὴν
1112 569 1271 603 ἀπάγουσαν
1287 570 1325 600 εἰς
1340 569 1388 604 τὴν
1404 568 1552 596 ἀπώλειαν.
1576 567 1625 594 Διὰ
1647 567 1726 594 τοῦτο
1744 569 1844 595 ἀκούο-

1053 625 1114 651 μεν,
1137 617 1222 642 Ὅταν
1248 617 1280 642 ὲκ
1304 616 1357 642 τῶν
1382 615 1507 650 οὐρανῶν
1536 615 1724 650 παραγὶνηται
1748 616 1843 650 κρῖναι

1052 661 1157 694 ζῶντας
1175 661 1222 688 καὶ
1244 661 1373 696 νεκρούς·
1396 660 1534 694 Ὑπάγετε
1550 660 1600 687 ἀπ’
1622 659 1706 694 ἐμοῦ,
1726 661 1752 686 οι
1771 668 1845 686 κατ-

1051 708 1205 742 ηραμένοι,
1219 708 1263 740 εἰς
1277 706 1310 734 τὸ
1326 706 1386 740 πῦρ
1399 706 1432 732 τὸ
1447 706 1567 732 αἰώνιον
1579 725 1585 737 ,
1606 706 1638 732 τὸ
1660 705 1845 740 ἡτοιμασμέ-

1052 762 1108 781 νον
1120 753 1158 786 τῷ
1167 753 1296 785 διαϐόλῳ
1309 752 1358 779 καὶ
1374 753 1434 783 τοῖς
1447 752 1586 786 ἀγγέλοις
1599 752 1703 779 αὑτοῦ.

1089 799 1121 826 λ’.
1142 799 1196 826 Καὶ
1217 798 1303 825 ταῦτα
1319 798 1465 833 ἀκούομεν,
1480 798 1529 832 οὐχ
1546 797 1583 829 ὡς
1602 797 1694 829 κακῶς
1720 797 1846 832 πράξαν-

1053 855 1109 877 τες,
1126 845 1183 872 ἀλλ’
1199 845 1237 877 ὡς
1258 845 1313 871 τῶν
1329 844 1418 871 καλῶν
1436 844 1634 879 ἀμελήσαντες,
1649 844 1696 870 καὶ
1715 844 1761 870 τὸν
1775 843 1847 877 πλη-

1056 892 1112 918 σίον
1127 891 1164 926 μὴ
1177 891 1378 926 ἀγαπήσαντες.
1389 891 1420 916 El
1428 890 1456 916 δὲ
1465 891 1512 916 καὶ.
1521 889 1593 916 κακὰ
1606 890 1777 926 ἐπράξαμεν,
1785 889 1847 921 πῶς

1056 938 1204 972 ὑποῐσομεν
1217 937 1267 972 τὴν
1280 937 1386 972 ἡμέραν
1403 937 1523 970 εκείνην,
1545 935 1633 968 οὕτως
1656 936 1765 970 ἀμελῶς
1785 935 1849 962 δια-

1055 984 1186 1018 κείμενοις
1210 983 1283 1018 Πλὴν
1307 983 1355 1015 τὸ,
1378 983 1419 1009 Οὺ
1442 983 1626 1016 μοιχεύσεις,
1657 983 1692 1009 οὐ
1710 981 1849 1016 κλέψεις,

1055 1031 1091 1057 οὐ
1111 1029 1285 1064 φονεύσεις,
1300 1031 1348 1055 καὶ
1375 1028 1408 1055 τὰ
1430 1028 1505 1063 ἑξῆς,
1522 1030 1577 1059 τοῖς
1599 1027 1722 1064 ἀρχαίοις
1744 1027 1850 1063 ἐρρέθη

1056 1076 1100 1104 διὰ
1115 1076 1273 1107 Μωῦσέως·
1288 1075 1302 1101 ὁ
1315 1075 1343 1102 δὲ
1364 1074 1479 1110 Κύριος,
1496 1074 1574 1106 εἰδὼς
1589 1075 1630 1100 ὅτι
1645 1074 1695 1100 οὐκ
1711 1074 1791 1108 ἀρκεῖ
1807 1072 1851 1108 τῷ

1056 1121 1238 1156 Χριστιανῷὴ
1254 1122 1358 1148 τούτων
1373 1121 1453 1156 μόνον
1477 1121 1593 1156 τήρησις
1612 1119 1679 1154 πρὸς
1695 1119 1850 1151 τελείωσιν,

1057 1167 1164 1202 ἔλεγεν·
1186 1166 1276 1201 Ἀμὴν
1294 1166 1372 1200 λέγω
1389 1166 1472 1201 ὑμῖν,
1490 1166 1530 1192 ὅτι
1548 1165 1615 1192 Ὲίιν
1625 1165 1668 1200 μὴ
1686 1165 1851 1198 περισσεύ-

1057 1220 1098 1247 σῃ
1118 1212 1202 1247 ὑμῶν
1219 1214 1238 1247 ἡ
1257 1212 1434 1245 δικαιοσύνη
1449 1211 1545 1239 πλέον
1568 1211 1628 1238 τῶν
1649 1211 1853 1245 Γραιιματέων

1058 1260 1109 1287 καὶ
1127 1259 1309 1293 Φαρισαίων,
1324 1259 1359 1285 οὺ
1379 1258 1423 1293 μὴ
1440 1258 1598 1291 εἰσέλθητε
1618 1259 1662 1290 εις
1684 1257 1742 1291 τὴν
1757 1257 1852 1289 ,βασι-

1057 1306 1144 1334 λείαν
1162 1304 1221 1332 τῶν
1237 1304 1384 1338 οὐρανῶν.
1400 1304 1450 1331 Διὰ
1469 1304 1548 1330 τοῦτο
1568 1304 1623 1330 ἄιω
1643 1304 1689 1330 καὶ
1705 1303 1781 1330 κάτω
1801 1303 1852 1329 τὸν

1057 1353 1107 1388 τῆς
1117 1352 1208 1387 ψυχῆς
1224 1351 1371 1386 ἁγιασμδν,
1384 1351 1418 1377 δι’
1433 1351 1466 1386 ἢν
1486 1350 1534 1377 καὶ
1548 1350 1578 1377 τὸ
1594 1350 1674 1385 σῶμα
1687 1350 1852 1384 ἁγιάζεται,

1059 1399 1107 1426 καὶ
1121 1398 1170 1433 τὴν
1186 1398 1253 1433 πρὸς
1271 1397 1378 1429 πάντας
1400 1396 1560 1432 ἀνθρώπους
1588 1396 1722 1431 εἰλικρινῆ
1738 1396 1853 1430 ἀγάπην

1059 1444 1250 1480 ἐνομοθέτησε,
1261 1444 1295 1470 δι’
1312 1440 1349 1470 ὧν
1372 1443 1417 1470 καὶ
1433 1443 1483 1478 τὴν
1494 1443 1534 1474 εἰς
1551 1442 1632 1468 αὑτὸν
1655 1443 1765 1476 ἀγάπην
1782 1442 1856 1476 κτή-

1060 1489 1160 1516 σασθαι
1173 1489 1312 1524 δυνάμεθα
1322 1497 1328 1504 ·
1350 1489 1398 1515 καὶ
1415 1489 1510 1515 ἑαυτὸν
1523 1488 1607 1514 τύπον
1624 1488 1705 1523 μέχρι
1720 1487 1854 1522 θανάτου,

1063 1535 1110 1562 καὶ
1136 1535 1200 1567 τοὺς
1217 1535 1301 1562 αὑτοῦ
1318 1535 1443 1570 μαθητὰς
1465 1535 1531 1570 ἡμῖν
1557 1534 1709 1569 παρέσχεν,
1729 1533 1767 1565 ὡς
1787 1533 1855 1560 πολ-

1062 1580 1140 1612 λάκις
1157 1581 1277 1616 εἴρηται.

1096 1637 1148 1664 λα’.
1166 1637 1251 1664 Ποίαν
1275 1634 1321 1664 οὖν
1346 1636 1494 1671 ἀπολογίαν
1518 1636 1616 1672 ἕξομεν
1641 1636 1669 1662 ὲν
1698 1637 1730 1671 τῇ
1758 1636 1857 1673 ἡμέρᾳ

1062 1684 1164 1719 ἐκείνῃ,
1183 1683 1302 1710 τοιοῦτον
1320 1683 1473 1718 ὑπόδειγμα
1490 1682 1607 1718 ἔχοντες,
1624 1682 1671 1708 καὶ
1686 1682 1771 1714 οὕτως
1785 1683 1858 1717 ἀμε-

1061 1730 1187 1763 λοῦντες;
1214 1730 1302 1764 Ἦμᾶς
1329 1729 1436 1764 θρηνῶν
1467 1729 1602 1763 Ἱερεμίας
1627 1729 1691 1760 τοὺς
1715 1728 1857 1764 τοσαύτης

1062 1776 1172 1812 χάριτος
1192 1775 1370 1808 ἀξιωθέντας,
1396 1775 1444 1802 καὶ
1471 1775 1557 1806 οὓτως
1585 1774 1694 1809 ἀμελῶς
1713 1774 1856 1809 διακειμέ-

1062 1830 1138 1853 νους,
1172 1821 1271 1856 μᾶλλον
1290 1821 1329 1854 δὲ,
1359 1821 1450 1856 πάσης
1474 1820 1571 1851 κακίας
1597 1819 1857 1854 πεπληρωμένους,

1063 1867 1155 1901 ἐλεγε-
1175 1867 1222 1899 Τίς
1238 1865 1327 1893 δώσει
1343 1865 1380 1899 τῇ
1402 1864 1520 1900 κεφαλῇ
1532 1874 1591 1899 μου
1614 1865 1703 1899 ὕδωρ,
1718 1864 1767 1892 καὶ
1790 1865 1858 1898 τοῖς

1063 1914 1227 1948 ὀφθαλμοῖς
1241 1922 1301 1947 μου
1318 1913 1421 1946 πηγὴν
1435 1911 1583 1945 δακρύων,
1606 1911 1655 1938 καὶ
1680 1911 1857 1946 κλαύσομαι

1062 1959 1116 1986 τὸν·
1130 1959 1207 1986 λαὸν
1223 1959 1331 1986 τοῦτον
1345 1958 1458 1992 ἡμέρας
1475 1958 1525 1984 καὶ
1544 1959 1655 1990 ’νυκτός
1668 1966 1675 1990 ;
1690 1958 1757 1993 Περὶ
1779 1958 1857 1992 ἡμᾶς

1063 2002 1126 2040 lFr.
1141 2003 1206 2038 περὶ
1225 2002 1315 2039 ἡμῶν]
1342 2002 1398 2038 ἐγὼ
1418 2002 1510 2030 ἀκούω
1526 2003 1574 2029 καὶ
1590 2003 1638 2028 τοῦ
1652 2003 1792 2034 Μωῡσέως
1808 2003 1857 2029 λέ-

1063 2057 1159 2083 γοντος
1169 2057 1175 2064 ·
1192 2049 1248 2076 Καὶ
1262 2048 1376 2083 ἔφαγεν
1400 2048 1513 2079 Ἰακὼϐ,
1533 2048 1582 2075 καὶ
1596 2048 1788 2081 ἐνεπλήσθη·
1803 2048 1857 2075 καὶ

1064 2093 1268 2120 ἀπελάκτισεν
1283 2095 1299 2120 ό
1310 2093 1512 2128 ’ὴγαπημένος’
1520 2093 1676 2128 ὲλιπὰνθη,
1685 2093 1855 2128 ἐπαχύνθη,

1064 2138 1235 2172 ἑπλιιτύνθη
1249 2159 1256 2171 ,
1272 2138 1320 2165 καὶ
1334 2139 1511 2173 ἐγκατέλιπε
1528 2139 1602 2166 Θεὸν
1615 2139 1668 2166 τὸν
1683 2139 1858 2173 ποιήσοντα

1065 2184 1227 2216 αὺτὸν,καὶ
1242 2184 1359 2218 ἀπέστη
1369 2185 1429 2212 ἀπὸ
1447 2185 1521 2213 Θεοῦ
1534 2185 1670 2219 σωτῆρος
1680 2185 1784 2212 αὐτοῦ.
1799 2186 1858 2212 Καὶ

1066 2229 1114 2257 τοῦ
1131 2230 1250 2266 Μιχαίου
1266 2229 1427 2266 θρηνοῦντος
1440 2231 1488 2257 καὶ
1501 2231 1637 2264 λέγοντος·
1652 2231 1735 2265 Οἴμοι
1746 2229 1857 2265 ψυχήί

1065 2275 1110 2303 ὅτι
1121 2276 1281 2303 ἀπόλωλεν
1293 2276 1426 2309 εὐλαϐὴς
1439 2276 1499 2303 ἀπὸ
1515 2276 1569 2311 τῆς
1580 2276 1645 2311 γῆς,
1658 2276 1708 2303 καὶ
1720 2277 1735 2303 ὀ
1748 2284 1858 2309 κατορ-

1064 2322 1124 2350 θῶν
1138 2322 1173 2348 ἐν
1191 2321 1360 2356 ἀνθρώποις
1382 2323 1438 2356 οὐχ
1460 2322 1597 2357 ὑπάρχει.
1618 2323 1770 2354 Ἕκαστος
1797 2321 1855 2348 τὸν

1065 2369 1201 2402 πλησίον
1213 2368 1306 2396 αὑτοῦ
1320 2369 1480 2395 θλίϐουσιν
1495 2366 1628 2402 ἐκθλιϐῇ·
1647 2367 1696 2394 ἐπὶ
1711 2367 1744 2394 τὸ
1759 2367 1858 2394 κακὸν

1066 2414 1120 2447 τὰς
1133 2413 1236 2448 χεῖρας
1247 2414 1348 2442 αὐτῶν
1362 2413 1560 2449 ἑτοιμάζουσι.
1576 2414 1630 2441 Καὶ
1641 2413 1687 2440 τοῦ
1701 2413 1858 2448 Ψαλμῳδοῦ

1067 2460 1170 2495 ὁμοίως
1187 2461 1250 2495 περὶ
1263 2460 1341 2495 ἡμῶν
1355 2460 1494 2494 λέγοντος·
1517 2459 1621 2486 Σῶσόν
1629 2467 1678 2494 με,
1697 2459 1797 2492 Κύριε,
1812 2459 1858 2485 ὅτι

1067 2505 1246 2532 ἐκλέλοιπεν
1267 2505 1367 2538 ὅσιος·
1386 2505 1428 2531 ὅτι
1446 2505 1643 2540 ὠλιγώρησαν
1661 2505 1691 2531 al
1717 2503 1858 2539 ἀλήθειαι

1067 2549 1128 2577 ἀπὸ
1143 2550 1202 2576 τῶν
1218 2550 1292 2577 υἱῶν
1304 2550 1364 2577 τῶν
1376 2549 1549 2584 ἀνθρώπων,
1566 2551 1613 2576 καὶ
1627 2550 1661 2576 τὰ
1675 2549 1766 2576 λοιπά.

1103 2595 1153 2630 λβ’.
1179 2596 1358 2631 Προφητικῶς
1373 2596 1420 2623 καὶ
1433 2597 1446 2622 ὁ
1470 2595 1630 2627 Ἀπόστολος
1646 2594 1751 2630 θρηνῶν
1771 2594 1858 2629 ἡμᾶς.

1069 2641 1179 2674 ἑλεγεν’
1195 2643 1256 2668 Οὐκ
1275 2642 1342 2668 ἔστι
1367 2641 1461 2668 ποιῶν
1475 2641 1676 2676 χρηστότητα,
1695 2641 1751 2667 οὐκ
1771 2639 1859 2667 ἐστιν

1068 2687 1124 2720 ἕως
1138 2687 1217 2720 ἑνός.
1243 2687 1339 2722 Τάφος
1360 2686 1548 2721 ἀνεῳγμένος
1563 2687 1579 2713 ὀ
1604 2685 1720 2720 λάρυγξ
1737 2683 1857 2712 αὐτῶνθ

1069 2733 1134 2767 τοῖς
1146 2733 1300 2768 γλώσσαις
1316 2733 1415 2761 αὐτῶν
1432 2733 1624 2760 ἐδολιοῦσαν.
1643 2732 1701 2764 ἰὸς
1717 2729 1858 2758 ἀσπίδων

1220 2836 1241 2851 ⁷¹
1263 2835 1357 2862 Matth.
1374 2843 1400 2867 v,
1415 2834 1460 2862 28.
1506 2834 1528 2849 "
1547 2832 1614 2861 ibid.
1633 2831 1679 2860 20.
1715 2831 1738 2848 "
1754 2831 1858 2860 εἰει-τω.
