1948 3077
195 158 248 191 943

776 156 810 186 S.
826 156 969 186 MAXIMI
991 156 1245 186 CONFESSORIS

1785 157 1839 190 944

192 217 335 245 noramus.
356 215 426 244 Num
454 219 482 243 et
501 222 551 242 nos
571 215 715 251 alligamus
736 217 820 242 onera
841 215 934 250 gravia
959 218 988 242 et

1045 215 1075 242 Ἦ
1090 216 1150 251 οὐχὶ
1165 216 1213 242 καὶ
1237 215 1317 250 ἡμεῖς
1332 214 1486 250 δεσμοῦμεν
1506 215 1602 251 φορτία
1619 216 1706 251 βαρέα
1717 216 1764 243 καὶ
1777 217 1843 242 δυσ-

195 262 389 298 importabilia,
404 265 431 289 et
446 262 614 296 imponimus
633 261 660 288 in
677 261 810 288 humeros
831 261 984 293 hominum,

194 313 222 335 et
237 308 365 334 nolumus
376 307 462 341 digito
477 314 509 334 ea
525 314 635 333 movere
649 306 678 333 '?
694 306 764 333 Num
781 311 809 334 et
827 314 878 334 nos
894 306 986 333 omnia

195 361 278 388 opera
293 357 387 380 nostra
400 352 530 385 facimus,
541 357 570 380 ut
583 353 727 380 videamur
741 352 776 379 ab
789 352 951 380 hominibus
961 352 987 378 "?

194 399 264 426 Num
280 403 309 426 et
325 406 376 426 nos
395 406 518 425 amamus
537 398 641 433 primos
659 398 800 425 reenbitus
819 398 845 425 in
859 399 945 426 carnis
959 402 987 425 et

194 444 298 478 primas
320 443 400 471 sedes
425 443 452 470 in
475 444 618 470 hominum
640 444 769 476 coetibus,
789 451 821 471 ac
841 443 934 471 vocari
952 443 986 471 ab

195 490 355 517 hominibus
379 489 478 522 Rabbi,
502 490 608 517 Ranbi?
623 498 655 517 ac
675 490 723 525 qui
746 491 805 518 ham
824 499 878 518 non
903 491 986 518 etiam

195 540 277 570 atque
290 536 374 563 etiam
390 536 523 568 tribuant,
533 536 567 563 ad
583 541 698 563 mortem
716 544 802 571 usque
815 537 987 572 insequimur

195 589 227 608 ac
244 582 393 609 vexamus?
407 582 477 609 Num
494 586 522 610 et
537 590 587 610 nos
603 582 718 610 tulimus
733 583 837 610 clavem
853 583 985 616 scientiae.

195 631 221 654 et
239 627 394 655 claudimus
414 635 528 663 regnum
546 628 680 655 caelorum
703 635 796 655 coram
815 629 985 662 hominibus,

197 676 228 699 ut
239 680 290 700 nec
302 673 353 707 ipsi
366 673 563 708 ingrediantur,
579 680 630 700 nec
646 673 709 700 illos
722 673 827 708 ingredi
838 674 987 701 faciamus?

196 719 267 746 Num
279 723 307 746 et
323 726 374 746 nos
386 719 538 746 circuimus
552 727 627 746 mare
647 724 674 746 et
689 720 794 747 aridam
811 725 841 748 ut
853 720 985 748 faciamus

198 771 283 791 unum
291 764 470 799 proselytum,
480 764 562 799 386
569 769 596 791 et
605 772 667 791 eum
675 764 762 792 factus
772 765 863 797 fuerit,
873 765 988 793 facimus

198 817 261 837 eum
268 809 400 844 geheunm
407 809 584 844 ﬁliumduplo
591 817 671 844 quam
683 812 744 837 nos?
759 811 829 838 Num
840 816 867 838 et
877 819 926 838 nos
935 811 987 838 du-

198 863 245 883 ces
266 856 331 883 αἰτοῖ
352 856 457 887 su'mus,
474 856 521 890 qui
533 857 791 888 eolcmuseulicem,
807 861 834 883 cl
853 857 987 884 camelum

1040 261 1192 294 ϐάστακτα,
1223 263 1269 287 καὶ
1297 260 1456 296 ὲπιτίθεμεν
1471 261 1518 287 ἐπὶ
1535 262 1597 294 τοὺς
1613 261 1706 297 ὤμους
1723 261 1777 288 τῶν
1789 265 1838 290 ὰν-

1041 304 1172 340 θρώπων,
1187 305 1226 341 τῷ
1247 305 1275 332 δὲ
1301 305 1426 342 δακτύλῳ
1448 307 1528 342 ἡμῶν
1542 307 1574 333 οὑ
1596 307 1711 341 θέλομεν
1725 307 1839 342 κινῆσαι

1040 352 1129 384 αὑτάς
1158 352 1194 378 Ἦ
1224 351 1284 386 οὐχὶ
1313 352 1360 379 καὶ
1386 353 1485 388 ἡμεῖς,
1509 354 1600 380 πάντα
1617 353 1651 380 τὰ
1667 354 1735 389 ἔργα
1758 354 1839 389 ἡμῶν

1041 397 1172 433 ποιοῦμεν
1187 398 1257 433 πρὸς
1273 398 1305 424 το
1320 398 1451 434 θεαθῆναι
1465 399 1522 431 τοῖς
1536 398 1709 435 ὰνθρώποις;
1727 401 1762 426 Ἢ
1777 401 1840 435 οὐχὶ

1039 443 1089 470 καὶ
1102 444 1184 478 ἡμεῖς
1197 443 1330 478 φιλοῦμεν
1338 444 1388 478 τὴν
1398 443 1602 480 πρωτοκλισίαν
1613 445 1642 471 ἐν
1653 446 1709 477 τοῖς
1719 445 1840 477 δείπνοις

1041 489 1154 521 καὶτὰς
1177 489 1420 525 πρωτοκαθεδρίας
1447 490 1476 516 ἐν
1502 491 1562 522 ταῖς
1582 492 1765 525 συναγωγαῖς,
1790 491 1841 518 καὶ

1040 535 1184 563 καλεῖσθαι
1207 535 1260 562 ὑπὸ
1278 535 1331 562 τῶν
1357 535 1510 570 ἀνθρώπων
1541 535 1645 569 Ῥαῦσὶ,
1669 536 1772 563 Ῥαδὸί·
1791 537 1841 564 καὶ

1040 582 1105 613 τοὺς
1117 580 1204 607 ταῦτα
1217 582 1284 616 ἡμῖν
1301 581 1338 616 μὴ
1354 581 1457 617 σφόδρα
1472 581 1672 616 ἀπονέμοντας,
1688 582 1739 614 ἓως
1757 581 1842 608 θανά-

1039 636 1087 655 του
1101 627 1285 662 πολεμοῦμεν;
1303 627 1338 654 Ἦ
1346 627 1407 662 οὐχὶ
1420 627 1468 654 καὶ
1481 628 1562 663 ἡμεῖς
1576 627 1683 663 ήρανμεν
1700 628 1750 664 τὴν
1764 628 1842 655 κλεῖ-

1041 674 1075 701 δα
1088 674 1140 709 τῆς
1159 673 1299 708 γνώσεως,
1320 673 1370 700 καὶ
1388 673 1517 709 κλείομεν
1539 673 1589 710 τὴν
1615 673 1753 709 βασιλείαν
1784 674 1842 701 τῶν

1039 719 1164 755 οὐρανῶν
1181 719 1338 755 ἔμπροσθεν
1354 718 1408 746 τῶν
1421 718 1583 754 ἀνθρώπων,
1602 719 1670 755 μηδὲ
1682 711 1760 746 αὐτοὶ
1783 721 1842 746 εισ-

1042 767 1196 801 ερχόμενοι,
1219 765 1286 801 μηδὲ
1302 765 1401 798 αὐτοὺς
1414 765 1556 797 ποιοῦντες
1566 765 1715 798 είσελθεῖν;
1728 766 1763 792 Ἦ
1778 766 1842 801 οὐχὶ

1041 811 1089 838 καὶ
1105 812 1187 847 ἡμεῖς
1203 811 1372 847 περιάγομεν
1392 811 1444 845 τὴν
1464 811 1602 838 θάλασσαν
1624 811 1672 838 καὶ
1684 810 1733 846 τὴν
1753 810 1841 847 ξηρὰν

1043 856 1158 891 ποιῆσαι
1181 855 1229 883 ἕνα
1258 855 1439 891 προσήλυτον,
1455 857 1503 882 καὶ
1522 856 1586 883 ὅταν
1608 856 1731 892 γένηται,
1748 856 1843 883 ποιοῦ-

198 900 363 935 glutiamus?
376 900 446 927 Num
461 904 489 927 et
501 908 552 927 nos
562 901 727 927 mundamus
739 901 812 935 quod
830 901 934 928 deforis
947 905 990 929 est

1046 909 1097 936 μεν
1114 901 1196 928 αὐτὸν
1215 901 1273 928 υἱὸν
1287 901 1401 936 γεέννης
1424 901 1582 936 διπλότερον
1607 902 1707 937 ήμῶν;
1727 902 1763 928 ’Ἦ
1779 902 1842 937 οὐχὶ

198 945 293 973 salicis
313 950 342 973 et
362 945 535 980 paropsidis;
556 945 630 980 quod
649 951 740 973 autem
761 951 887 974 nostrum
914 947 989 975 intus

200 995 244 1018 est
267 991 379 1026 plenum
402 996 445 1018 est
466 991 561 1026 rapina
584 995 611 1018 ct
629 991 790 1026 iniquitate?
808 993 932 1026 quinimo
948 993 990 1019 in-

198 1036 370 1064 continentia
391 1037 520 1072 turpique
538 1036 669 1063 libidine?
687 1036 756 1063 Num
767 1041 853 1064 etnos
870 1037 990 1064 decima-

198 1090 261 1110 mus
280 1087 369 1110 rutam
380 1088 409 1110 et
424 1087 557 1115 mentum,
577 1090 715 1116 omneque
727 1083 797 1113 olus.
814 1088 840 1109 et
854 1083 989 1117 judicium

197 1136 231 1156 ac
249 1128 427 1156 dilectionem
450 1127 498 1154 Dei
519 1127 774 1162 prmtcrmittimus?
784 1127 860 1154 'Num
887 1131 915 1154 ct
939 1135 990 1155 nos

199 1181 295 1200 sumus
318 1173 391 1199 sicut
415 1172 542 1206 sepulcra
564 1172 693 1203 obscura,
716 1172 764 1206 qui
787 1171 856 1199 foris
877 1172 989 1206 quidem

196 1218 264 1254 justi
277 1217 436 1244 hominibus
453 1224 609 1252 parcamus,
626 1216 702 1243 intus
716 1221 806 1244 autem
820 1217 892 1251 pleni
904 1217 991 1244 simus

199 1263 338 1300 hypocrisi
350 1268 378 1291 et
392 1263 569 1298 improbitate
592 1266 620 1290 et
639 1263 714 1290 omni
734 1263 866 1297 spurcitia
878 1263 887 1278 ³
898 1263 908 1289 ?
919 1263 990 1290 Num

199 1315 228 1337 et
246 1316 297 1337 nos
311 1309 480 1337 aedificamus
498 1308 625 1343 sepulcra
646 1313 799 1344 martyrum
816 1313 844 1335 et
860 1316 991 1335 ornamus

199 1360 377 1382 monumenta
391 1355 590 1390 apostolorum,
605 1358 688 1389 atque
705 1354 760 1381 illis
779 1354 883 1381 similes
897 1362 992 1382 sumus

197 1395 247 1436 qui
265 1409 313 1429 eos
330 1401 509 1429 occiderunt?
524 1400 592 1433 Quis
613 1408 679 1435 ergo
701 1408 756 1427 non
772 1401 872 1436 lugeat,
891 1401 937 1436 qui
952 1401 992 1428 sic

200 1447 291 1475 affecti
314 1447 402 1474 simus
419 1451 448 1474 et
466 1447 643 1474 laboremus?
662 1446 729 1480 Quis
747 1450 850 1474 tantam
869 1451 991 1474 nostram

199 1493 387 1528 captivilatem
405 1492 535 1528 laerymis
553 1500 608 1519 non
626 1492 825 1527 prosequatur?
845 1493 992 1527 Propterea

201 1539 297 1574 inclyti
309 1538 357 1565 filii
373 1539 421 1565 Dei
439 1538 559 1572 reputati
570 1542 635 1565 sunt
650 1538 677 1565 in
693 1546 756 1565 vasa
772 1542 868 1566 testea.
883 1538 991 1566 Idcirco

201 1583 379 1610 obscuratum
400 1586 442 1609 est
464 1589 577 1614 aurum,
602 1581 776 1608 immutatum
796 1586 840 1609 CSI
856 1582 992 1616 optimum

199 1632 345 1663 argentum
359 1628 379 1654 °.
392 1627 498 1655 Idcirco
508 1627 627 1654 Nazarzei
636 1626 702 1653 Sion
716 1627 779 1654 nive
792 1627 994 1662 splendidiores

201 1674 266 1702 facti
281 1681 377 1701 sumus
394 1674 472 1709 quasi
489 1673 649 1708 IEthiopes;
663 1674 711 1707 qui
730 1673 801 1700 lacte
817 1673 994 1700 candidiores

201 1724 291 1750 erant,
314 1726 397 1753 super
420 1722 605 1745 atramentum
629 1718 765 1753 denigrali
790 1722 864 1745 sunt.
888 1718 994 1746 Idcirco

202 1765 382 1792 obtenebrata
396 1768 438 1791 est
449 1772 533 1799 supra
546 1764 688 1798 fuliginem
699 1764 807 1799 species
820 1768 927 1791 nostra.
941 1763 994 1797 Qui

201 1810 394 1838 nutriebamur
412 1810 439 1836 in
463 1809 616 1841 coccineis,
637 1809 784 1844 amplexati
806 1817 901 1837 sumus
922 1814 994 1836 stcr-

202 1865 267 1884 cora
281 1865 288 1884 :
303 1862 331 1884 et
348 1858 435 1892 major
447 1857 518 1884 facta
532 1861 575 1884 est
587 1857 720 1891 iniquitas
735 1860 830 1884 nostra
845 1864 928 1891 super
944 1856 996 1883 ini-

202 1902 337 1937 quitatem
358 1901 552 1929 Sodomorum.
575 1901 681 1929 Idcirco
706 1901 754 1928 ﬁlii
774 1901 830 1928 diei
859 1905 887 1928 et
913 1901 994 1934 lueis,

202 1947 267 1976 facti
281 1956 377 1976 sumus
393 1947 442 1975 ﬁlii
454 1947 544 1975 noctis
558 1952 587 1975 et
602 1947 778 1975 tenebrarum
793 1948 813 1974 ⁷.
830 1947 937 1975 idcirco
946 1946 997 1975 ﬁlii

203 2002 292 2037 regni,
314 2002 341 2029 in
364 2001 434 2028 ﬁlios
449 2001 583 2036 gehenna:
602 2000 752 2027 evasimus.
777 1999 926 2034 Propterea
947 1998 996 2026 ﬁlii

202 2048 322 2079 Excelsi,
344 2048 417 2074 sicut
440 2047 568 2074 homines
587 2047 731 2078 morimur,
749 2050 778 2073 et
790 2046 863 2072 sicut
877 2053 949 2073 unus
963 2053 996 2073 ex

203 2093 378 2129 principibus
392 2091 517 2119 cadimus
538 2092 559 2118 ³.
579 2092 729 2126 Propterea
746 2090 839 2118 traditi
857 2098 953 2118 sumus
969 2090 996 2117 in

204 2146 303 2166 manus
319 2138 442 2166 hostium
458 2138 616 2172 iniquorum
632 2137 776 2173 (saevorum
790 2137 897 2164 scilicet
911 2144 943 2164 ac
958 2136 998 2164 fe-

204 2183 313 2210 rocium
328 2183 494 2218 dmmonum)
510 2183 624 2218 regique
641 2183 744 2218 injusto
755 2188 784 2211 et
798 2182 996 2210 scelestissimo

1041 945 1088 974 καὶ
1103 948 1185 982 ἡμεῖς
1204 948 1290 983 ἐσμεν
1319 948 1412 983 ὁδηγοὶ
1431 947 1537 981 τυφλοὶ,
1553 947 1599 973 τὸν
1625 947 1737 974 κόνωπα
1756 947 1841 974 διυλί-

1040 994 1143 1026 ζοντες,
1158 994 1205 1020 καὶ
1219 994 1269 1029 τὴν
1285 994 1410 1030 κάμηλον
1430 993 1648 1027 καταπίνοντες;
1668 994 1703 1020 Ἦ
1723 994 1783 1029 οὐχ).
1793 995 1842 1021 καὶ

1041 1041 1122 1075 ἡμεῖς
1133 1040 1322 1076 καθαρίςομεν
1336 1040 1366 1067 τὺ
1382 1040 1483 1073 ἔξωθεν
1503 1039 1550 1066 τοῦ
1570 1039 1702 1076 ποτηρίου
1727 1040 1775 1066 καὶ
1791 1040 1841 1076 τῆς

1042 1086 1200 1122 ’παροψίδος⁹
1229 1086 1260 1113 τὸ
1286 1086 1314 1112 δὲ
1338 1085 1439 1113 ἔσωθεν
1454 1085 1532 1122 ήμῶν
1548 1086 1630 1122 γέμει
1648 1086 1778 1122 ἁρπαγῆς
1793 1086 1842 1112 καὶ

1041 1134 1198 1167 πλεονεξίας
1221 1134 1279 1171 [Fr.
1300 1135 1347 1162 καὶ
1366 1134 1562 1170 ἁκαθαρσίας]·
1582 1134 1682 1169 μᾶλλον
1706 1134 1735 1161 δὲ
1753 1135 1843 1170 ἀκρα-

1042 1180 1122 1212 σίαςς
1138 1182 1172 1208 Ἦ
1187 1181 1248 1216 οὐχὶ
1263 1182 1310 1208 καὶ
1323 1182 1406 1217 ἡμεῖς
1422 1181 1648 1217 ἅποδεκατοῡμεν
1669 1181 1700 1208 τὸ
1717 1181 1843 1216 πήγανον

1042 1226 1090 1253 καὶ
1104 1226 1134 1253 τὸ
1148 1227 1293 1262 ἡδύοσμον,
1307 1228 1355 1254 καὶ
1369 1228 1423 1254 πᾶν
1435 1227 1562 1262 λάχανον·
1577 1228 1624 1254 καὶ
1638 1227 1835 1262 παρερχόμεθα

1044 1272 1095 1306 τὴν
1121 1272 1212 1308 κρίσιν
1240 1273 1288 1299 καὶ
1303 1273 1351 1306 τὴν
1369 1273 1480 1308 ἀγάπην
1495 1273 1542 1300 τοῦ
1557 1273 1642 1307 Θεοῦς
1658 1273 1694 1299 Ἢ
1710 1273 1770 1308 οὐχὶ
1792 1273 1843 1300 καὶ

1043 1318 1124 1352 ἡμεῖς
1142 1318 1228 1353 ὲσμεν
1242 1318 1280 1349 ὡς
1296 1318 1331 1344 τὰ
1348 1320 1469 1354 μνημεῖα
1491 1319 1525 1346 τὰ
1544 1319 1638 1354 ἄδηλα,
1667 1318 1766 1351 ἔξωθεν
1789 1319 1841 1354 μὲν

1043 1365 1202 1399 φαινόμενοι
1219 1365 1275 1396 τοῖς
1294 1364 1450 1400 ἀνθρώποις
1472 1365 1583 1397 δίκαιοι,
1602 1365 1704 1391 ἔσωθεν
1721 1365 1749 1391 δὲ
1763 1365 1841 1396 ὄντες

1045 1409 1139 1443 μεστοὶ
1153 1409 1327 1444 ὑποκρίσεως
1342 1408 1391 1436 καὶ
1407 1409 1524 1444 ἀνομίας
1546 1410 1593 1436 καὶ
1610 1411 1699 1444 πάσης
1715 1410 1841 1445 ἀκαθαρ-

1045 1455 1118 1485 σία;;
1139 1455 1174 1481 ’Ἡ
1195 1455 1256 1490 οὐχὶ
1278 1455 1325 1482 καὶ
1349 1455 1431 1490 ἡμεῖς
1452 1455 1648 1490 οἰκοδομοῦμεν
1661 1456 1724 1487 τοὺς
1736 1455 1842 1490 τάφους

1044 1500 1098 1527 τῶν
1119 1501 1285 1536 Μαρτύρων,
1314 1501 1362 1527 καὶ
1389 1500 1547 1536 κοσμοῦμεν
1574 1501 1609 1527 τὰ
1639 1502 1760 1536 μνημεῖα
1786 1501 1843 1527 τῶν

1006 1565 1027 1594 c
1050 1547 1231 1579 ’Λποστόλων,
1255 1545 1302 1573 καὶ
1318 1546 1400 1581 ἐσμὲν
1428 1546 1515 1581 ὅμοιοι
1536 1546 1591 1572 τῶν
1616 1546 1843 1573 ἀποκτεινάντων

1046 1592 1163 1625 αὑτοΰςς
1190 1593 1231 1623 τίς
1260 1590 1307 1619 οὖν
1325 1591 1356 1618 οὐ
1375 1591 1487 1618 κλαύσει
1508 1592 1582 1626 ἡμᾶς
1598 1591 1685 1623 οὕτως
1701 1592 1843 1627 διακειμέ-

1046 1647 1120 1669 νους.
1134 1637 1181 1669 Τίς
1197 1637 1226 1663 οὺ
1246 1637 1377 1673 θρηνήσει
1404 1637 1455 1672 τὴν
1471 1637 1640 1673 τηλικαύτην
1657 1638 1734 1672 ἡμῶν
1760 1638 1844 1673 αίχμ-

1045 1684 1182 1716 αλωσίανς
1203 1684 1253 1710 Διὰ
1267 1683 1345 1710 τοῦτο
1364 1683 1415 1709 υἱοὶ
1430 1683 1497 1710 Θεοῦ
1513 1684 1537 1710 οε
1551 1683 1648 1718 τίμιοι,
1660 1683 1844 1719 ἐλογίσθημεν

1045 1730 1082 1760 ὡς
1102 1730 1200 1763 ἀγγεῖα
1216 1729 1377 1764 ὀστράκινα.
1396 1728 1446 1754 Διὰ
1460 1727 1540 1754 τοῦτο
1557 1727 1711 1763 ἡμαυρώθη
1727 1727 1758 1754 τὸ
1774 1736 1843 1763 χρυ-

1047 1775 1113 1801 σίον·
1131 1774 1263 1810 ἠλλοιώθη
1278 1774 1309 1801 τὸ
1324 1774 1455 1810 ἀργύριον
1477 1774 1507 1800 τὸ
1523 1774 1636 1808 ἀγαθόν.
1655 1773 1705 1800 Διὰ
1722 1773 1802 1800 τοῦτο
1817 1774 1844 1800 οι

1046 1820 1202 1855 Ναζωραῖοι
1222 1820 1304 1853 Σιὼν,
1322 1821 1347 1846 οἱ
1362 1820 1432 1856 ὑπὲρ
1454 1820 1531 1856 χιόνα
1546 1819 1714 1855 λάμψαντες,
1728 1820 1844 1854 γεγόνα-

1048 1876 1099 1902 μεν
1127 1867 1165 1899 ὡς
1182 1867 1320 1899 Αἰθίοπες·
1335 1867 1361 1894 οί
1375 1867 1445 1902 ὑπὲρ
1461 1867 1532 1901 γάλα
1548 1865 1752 1898 λευκανθέντες,
1768 1866 1840 1901 ὑπὲρ

1040 1913 1132 1948 μέλαν
1147 1913 1336 1948 ὲζοφώθησαν.
1350 1913 1400 1940 Διὰ
1414 1912 1495 1939 τοῦτο
1506 1913 1653 1940 ὲσκότασεν
1671 1913 1741 1948 ὑπὲρ
1759 1913 1843 1940 ἀσϐό-

1047 1958 1097 1993 λην
1123 1958 1153 1984 τὸ
1178 1956 1248 1990 εἶδος
1272 1958 1361 1993 ήμῶν.
1387 1959 1419 1985 Οἱ
1442 1958 1631 1994 τιθηνούμενοι
1655 1958 1702 1985 ἐπὶ
1722 1957 1843 1990 κόκκων,

1048 2003 1266 2039 περιεϐαλόμεθα
1281 2003 1409 2040 κοπρίας*
1430 2004 1478 2031 καὶ
1501 2004 1673 2039 ἐμεγαλύνθη
1696 2004 1713 2039 ή
1742 2004 1844 2040 ἀνομία

1048 2049 1137 2084 ἡμῶν,
1154 2049 1363 2085 ὑπὲράνομιῶν
1380 2050 1515 2085 Σοδόμων.
1530 2050 1580 2076 Διὰ
1595 2050 1673 2076 τοῦτο
1686 2051 1711 2077 οί
1728 2050 1783 2077 υῑοὶ
1793 2050 1845 2085 τῆς

1047 2094 1156 2128 ἡμέρας
1177 2094 1222 2120 καὶ
1245 2094 1292 2120 τοῦ
1307 2094 1406 2128 φωτὺς,
1427 2095 1481 2121 uini.
1506 2095 1660 2130 γεγόναμεν
1684 2095 1781 2126 νυκτὸς
1796 2095 1846 2122 καὶ

1048 2141 1178 2171 σκότους.
1193 2140 1243 2166 Διὰ
1255 2140 1334 2167 τοῦτο
1349 2140 1401 2166 υἱοὶ
1416 2140 1465 2175 τής
1489 2140 1637 2176 βασιλείας,
1654 2140 1708 2168 utet
1729 2140 1846 2176 γεέννης

1050 2185 1217 2220 γεγόναμεν.
1234 2186 1284 2212 Διὰ
1293 2185 1373 2212 τοῦτο
1382 2186 1407 2212 oi
1424 2186 1477 2213 υἱοὶ
1500 2185 1638 2221 Ὑψίστου,
1653 2186 1692 2218 ὡς
1706 2186 1845 2220 ἂνθρωποι

207 2237 279 2263 ultra
302 2243 412 2263 omnem
440 2240 541 2263 terram
565 2236 687 2271 (illorum
710 2236 841 2263 nimirum
868 2235 992 2271 principi:

1053 2232 1272 2267 ἀποθνήσκομεν,
1289 2232 1335 2258 καὶ
1348 2232 1387 2263 ὡς
1412 2229 1453 2263 εἷς
1468 2231 1523 2258 τῶν
1538 2231 1677 2268 ἀρχόντων
1696 2232 1844 2270 πίπτομεν.

205 2283 269 2318 quia
281 2282 457 2318 peccavimus
467 2290 499 2310 ac
512 2283 605 2318 inique
619 2283 737 2318 egimus,
749 2282 878 2309 violando
889 2282 998 2310 Domini

206 2328 256 2356 Dei
280 2329 367 2356 nostri
391 2328 520 2356 mandata
534 2329 555 2361 ³,
572 2333 600 2356 et
619 2328 808 2356 coneulcando
822 2328 922 2355 Filium
938 2328 998 2360 Dei,

207 2383 240 2403 ac
254 2382 429 2403 communem
446 2374 573 2402 ducendo
594 2375 755 2409 sanguinem
781 2373 938 2400 testamenti
966 2373 996 2400 ¹⁰.

208 2422 261 2450 Sed
275 2430 308 2449 ne
320 2421 468 2449 tradideris
478 2429 526 2448 nos
538 2421 565 2447 in
577 2419 658 2446 ﬁnem
673 2423 786 2454 propter
795 2426 895 2446 nomen
909 2423 998 2452 tuum,

208 2468 334 2500 Domine,
361 2475 395 2495 ne
421 2467 539 2501 dissipes
564 2470 760 2492 testamentum
789 2468 884 2496 tuum;
907 2472 999 2499 neque

208 2517 316 2540 avertas
334 2511 552 2540 misericordiam
565 2515 638 2538 tuam
653 2518 667 2538 a
682 2510 772 2542 nobis,
788 2514 899 2545 propter
916 2511 999 2538 mise-

209 2559 332 2585 rationes
346 2562 407 2585 tuas
422 2557 454 2590 ¹¹,
476 2557 556 2585 Pater
577 2561 681 2589 noster,
702 2557 748 2591 qui
762 2564 792 2583 es
814 2557 841 2583 in
863 2556 955 2589 emlis;
974 2559 1002 2583 et

208 2607 322 2638 propter
336 2603 442 2630 viscera
456 2603 588 2638 unigeniti
605 2602 666 2629 Filii
679 2602 737 2636 tuif,
759 2607 929 2636 propterque
948 2601 1001 2628 mi~

210 2648 390 2675 serieordiam
404 2649 524 2684 Spiritus
537 2648 636 2676 sancti.
656 2648 695 2675 Ne
710 2647 861 2675 memineris
875 2647 1003 2682 iniquita-

207 2698 266 2721 tum
284 2699 436 2721 nostrarum
451 2695 642 2727 antiquarum;
662 2694 710 2721 sed
731 2695 781 2721 cito
799 2694 942 2728 anticipant
957 2701 1003 2719 nos

211 2740 395 2767 misericordiae
421 2745 484 2772 tum,
512 2742 574 2775 quia
603 2748 730 2775 pauperes
759 2740 822 2774 [acti
848 2747 940 2765 sumus
965 2739 1004 2764 ni-

1052 2278 1101 2304 Διᾶι
1122 2277 1200 2304 τοῦτο
1227 2277 1417 2313 παρεδόθημεν
1434 2277 1474 2309 είς
1493 2278 1588 2313 χεῖρας
1602 2277 1706 2313 ἐχθρῶν
1722 2277 1845 2312 ἀνόμων,

1052 2322 1107 2348 τῶν
1128 2322 1233 2357 ἀγρίων
1253 2321 1325 2356 λέγω
1345 2322 1490 2357 δαιμόνων,
1505 2322 1553 2348 καὶ
1568 2321 1674 2357 βασιλεῖ
1692 2321 1778 2357 ἀδίκῳ
1798 2323 1847 2349 καὶ

1053 2368 1239 2403 πονηρωτάτῳ
1254 2367 1331 2402 παρὰ
1353 2369 1445 2395 πᾶσαν
1462 2367 1514 2403 τὴν
1533 2368 1596 2402 γῆν,
1612 2367 1713 2403 δηλαδὴ
1727 2368 1768 2402 τῷ
1782 2367 1848 2395 τού-

1051 2423 1105 2441 των
1121 2414 1242 2450 ἄρχοντι,
1256 2414 1297 2441 ὅτι
1310 2410 1470 2448 ήμᾶρτομεν
1488 2414 1535 2440 καὶ
1549 2414 1739 2449 ήνομήσαμεν,
1755 2421 1847 2449 παρα-

1052 2460 1149 2491 ὕάντες
1176 2460 1226 2491 τὰς
1267 2459 1376 2491 ἐντολὰς
1399 2459 1502 2494 Κυρίου
1548 2458 1594 2486 τοῦ
1632 2458 1700 2486 Θεοῦ
1745 2459 1849 2494 ήμῶν,

1054 2506 1100 2533 καὶ
1113 2506 1355 2540 καταπατήσαντες
1366 2505 1411 2531 τὸν
1426 2505 1489 2532 Υῑὺν
1503 2505 1550 2532 τοῦ
1570 2505 1637 2532 Θεοῦ
1653 2505 1701 2532 καὶ
1721 2505 1753 2532 τὸ
1776 2503 1849 2541 αἷμα

1054 2553 1103 2587 τῆς
1117 2552 1249 2587 διαθήκης
1274 2551 1364 2578 κοινὸν
1395 2552 1577 2587 ἡγησάμενοι.
1600 2551 1681 2578 Ἀλλὰ
1703 2551 1741 2587 μὴ
1755 2560 1850 2588 παρα-

1054 2599 1117 2634 δόης
1135 2598 1192 2634 [Ἑν.
1217 2597 1356 2633 παῳδῴς]
1382 2599 1458 2633 ἡμᾶς
1483 2599 1523 2630 εις
1537 2598 1615 2630 τέλος
1643 2597 1687 2624 διὰ
1706 2598 1738 2624 τὸ
1761 2597 1851 2634 ὄνομά

1057 2653 1116 2678 σου,
1135 2644 1232 2680 Κύριε,
1248 2645 1296 2671 καὶ
1314 2644 1352 2679 μὴ
1375 2643 1554 2680 διασκεδάσῃς
1577 2643 1625 2679 τὴν
1639 2643 1771 2679 διαθήκην
1789 2652 1848 2670 σου·

1057 2692 1106 2719 καὶ
1124 2692 1161 2726 μὴ
1188 2692 1348 2727 ἀποοτήσῃς
1367 2690 1398 2717 τὸ
1414 2690 1490 2721 ἔλεός
1506 2699 1552 2717 σου
1566 2689 1613 2725 ἀφ’
1626 2689 1766 2726 mimae.
1785 2690 1850 2722 τοὺς

1059 2737 1217 2773 οἱκτιρμούς
1233 2745 1291 2767 σου,
1309 2736 1400 2771 Πάτερ
1415 2735 1493 2771 ἡμῶν
1507 2736 1522 2762 ὸ
1538 2737 1566 2762 ἐν
1581 2737 1637 2767 τοῖς
1650 2736 1785 2770 οὐρανοῖς·
1799 2736 1848 2762 καὶ

247 2851 258 2866 ⁸
274 2850 341 2877 Luc.
356 2857 392 2879 iu.
412 2850 454 2876 46.
493 2849 503 2864 ⁸
517 2849 612 2876 Matth.
629 2857 664 2879 vr,
727 2849 737 2864 ⁵
755 2848 848 2874 Μειιιῐι.
864 2855 938 2879 nul.
952 2847 968 2874 3
983 2847 992 2874 Ξ

1051 2846 1116 2873 Luc.
1131 2855 1167 2878 ιιι,
1184 2846 1228 2878 59,
1242 2845 1285 2873 52.
1324 2844 1334 2860 ⁸
1346 2844 1448 2873 Thren.
1461 2854 1479 2877 ι,
1496 2845 1527 2879 8;
1544 2845 1616 2879 Iv,i,
1631 2846 1658 2873 2.
1697 2846 1707 2862 '
1726 2845 1736 2873 ι
1753 2845 1848 2873 Thess.

211 2895 239 2919 ν,
255 2885 280 2913 5.
319 2885 328 2900 ⁸
345 2885 403 2912 i’sal
437 2892 514 2916 Lux,
529 2885 554 2910 7.
593 2885 603 2899 ⁹
620 2884 685 2910 Dan.
712 2892 750 2916 ιιι,
766 2884 796 2910 51
813 2891 889 2918 seqq.

930 2883 950 2898 ‘°
969 2882 1051 2910 llebr.
1069 2890 1094 2915 ιι,
1111 2882 1157 2909 28.
1197 2882 1216 2896 “
1233 2882 1301 2908 Dan.
1315 2887 1354 2913 ιιι,
1367 2881 1411 2915 5.5,
1429 2881 1473 2909 55.
