1948 3077
115 147 166 182 961

586 146 753 178 CAPITUM
770 145 818 176 DE
837 145 1054 176 CHARITATE
1074 145 1268 177 CENTURIA
1288 147 1312 177 Ι.

1697 147 1752 180 9θᾶ

115 207 165 233 καὶ
177 205 251 240 ἄλλῳ
266 203 426 240 οἶῳδήποτε.
450 202 531 230 Ἀλλὰ
545 203 591 229 τοῦ
607 203 694 236 λέξεις
709 202 834 238 θηρεύειν
844 201 911 237 πρὸς

976 205 1017 234 εει.
1034 201 1152 230 Omnino
1164 206 1256 230 autem
1270 206 1392 237 emerget
1404 209 1435 229 ac
1450 201 1680 236 manifestabitnr,
1693 204 1752 231 Deo

115 252 149 279 τδ
163 252 278 283 κακίζεν
298 250 344 277 τὸν
364 249 602 285 συγγραψάμενον,
620 250 663 276 ἵνα
683 249 794 276 σεαυτὸν
807 248 910 275 ἐκείνου

117 298 276 332 σοφώτερον
291 296 381 331 δῆθεν,
411 296 449 327 ὡς
466 295 572 330 cincta;
587 296 606 327 ‘,
636 295 808 330 παραστήσῃ,
836 293 912 320 οὐδὲν

116 343 258 378 ὠφέλιμον
285 341 435 376 οὐδαμόθεν
460 340 586 367 οὐδέποτε
605 341 822 374 ἀναφανήσεται.

964 247 1035 275 bene
1058 249 1191 283 propitio,
1209 249 1273 276 dum
1299 249 1361 283 quis
1375 248 1450 275 nulla
1467 249 1567 276 mentis
1583 249 1751 283 curiositate,

964 295 1012 321 sed
1027 302 1088 321 cum
1109 295 1156 322 Dei
1172 295 1270 322 timore
1294 303 1325 322 ac
1340 295 1488 322 dilectione
1507 294 1628 321 animum
1641 295 1753 322 lectioni

965 339 1104 367 adhibeat.
1132 340 1180 367 Sin
1214 346 1305 368 autem
1337 341 1447 375 aliquis,
1473 348 1529 367 non
1559 344 1590 367 ut
1616 341 1753 368 commodi

115 389 223 424 aliquid
251 387 384 422 spiritalis
409 393 612 421 consequatur;
634 393 692 413 suve
723 385 804 415 hanc,
839 384 897 412 sive
927 384 1007 412 aliam
1041 387 1168 420 quamvis
1209 387 1429 414 lucubrationem
1453 387 1558 422 legerit,
1585 386 1633 414 sed
1661 392 1691 414 ut
1712 386 1754 413 di-

116 436 226 463 ctiones
241 439 360 470 aucupet
390 433 512 462 auctoris
534 432 696 467 suggillandi
722 439 814 464 causa,
847 435 878 458 ut
893 438 922 458 sc
951 431 1081 458 nimirum
1109 433 1156 460 illo
1187 433 1381 468 sapientiorem
1414 432 1526 468 (quippe
1551 431 1622 459 fastu
1645 435 1754 458 tumens

116 482 318 519 arrogansque)
342 482 481 515 exhibeat,
500 481 566 509 huic
582 480 652 508 nihil
671 487 790 515 unquam
807 479 862 506 ulla
882 485 915 506 ex
934 485 964 505 re
979 479 1080 514 oppido
1092 480 1159 507 utile
1173 479 1339 507 occurrerit.

316 561 387 588 ΤΟΥ
406 562 522 589 ΑΓΙΟΥ
536 560 717 589 ΜΔΞῙΜΟΥ.

117 607 224 642 Πρώτη
239 607 402 641 ἐκατοντίις
417 607 478 634 τῶν
496 607 562 642 περὶ
583 607 702 642 ἀγάπης
728 607 910 642 κεφαλαίων.

155 677 190 700 α’.
217 673 324 708 ’Λγάπη
343 673 393 708 μέν
402 673 615 706 ὲστιν,διᾲθεσις
625 673 715 709 ψυχῆς
733 674 833 710 ἀγαθὴ.
849 673 911 700 καθ’

115 719 152 754 ῆν
164 718 241 745 οὐδὲν
256 717 311 744 τῶν
324 718 419 752 ὄντων,
433 718 483 752 τῆς
495 717 542 744 τοῦ
553 718 621 744 Θεοῦ
632 718 758 753 γνώσεως
779 719 910 754 προτιμᾷ.

123 764 272 791 Ἀδύνατον
282 764 311 790 δὲ
328 764 368 795 είς
383 764 440 797 ἕξιν
453 764 540 791 ἐλθεῖν
550 765 653 798 ταύτης
667 765 717 798 τῆς
732 765 853 800 ἀγάπης,
868 765 911 791 τὸν

117 810 189 845 πρός
203 818 231 836 τι
246 810 301 835 τῶν
314 809 445 843 ἐπιγείων
456 809 553 844 ἔχοντα
566 809 760 843 προσπὰοειαν.

1222 557 1348 586 SANCTI
1366 542 1507 589 MAXIM,

1098 605 1138 632 De
1152 606 1282 632 cltaritate
1296 608 1405 630 centena
1420 603 1508 638 prima
1525 601 1623 638 cupita.

999 681 1025 708 l.
1041 681 1178 712 Charitas,
1194 681 1266 708 bona
1280 684 1321 708 est
1334 680 1438 707 mentis
1453 679 1573 711 aﬂ‘ectio.
1588 687 1642 714 qua
1655 678 1756 707 divina:

965 727 1116 761 cognitioni
1134 727 1202 753 nihil
1227 726 1380 760 anteponit.
1409 725 1473 760 Ejus
1498 729 1588 752 autem
1613 724 1756 752 charitati:

965 771 1089 799 habitum
1110 779 1192 799 nemo
1210 780 1330 806 unquam
1345 771 1454 805 assequi
1469 771 1566 805 possit,
1578 770 1625 805 qui
1640 770 1756 797 terrenis

964 817 1029 844 ullis
1044 817 1128 844 rebus
1143 817 1236 844 animo
1251 817 1397 844 devinctus
1413 817 1459 843 sit.

156 855 186 890 β’.
215 856 341 890 Ἀγάπην
360 855 410 890 μὲν
424 856 512 882 τίκτει
529 856 666 882 ἀπάθεια·
686 855 822 882 ἀπάθειαν
838 855 878 887 δὲ,
895 855 911 890 ἢ

999 861 1025 888 ‘2.
1043 860 1212 888 Charitatcm
1226 861 1299 896 parit
1315 860 1546 895 imperturbatio;
1569 859 1756 894 imperturba-

117 901 159 932 εἰς
174 900 242 927 Θεὸν
256 900 334 932 ἐλπίς
346 909 352 916 ·
373 901 422 937 τὴν
441 901 470 928 δὲ
482 901 587 934 ἐλπίδα,
605 901 726 937 ὑπομονὴ
744 901 791 928 καὶ
809 909 913 936 μακρο-

117 946 206 982 θυμία
234 946 290 982 (c)-
319 946 422 979 ταύτας
449 947 490 985 δὲι
512 949 528 983 ἡ
559 947 723 983 περιεκτικὴ
744 947 912 983 ἐγκράτεια·

116 993 286 1028 ἐγκράτειαν
301 993 342 1025 δὲ,
365 994 380 1019 6
397 993 444 1020 τοῦ
466 993 535 1020 Θεοῦ
558 993 659 1028 φόϐος·
682 994 728 1020 τὸν
740 993 768 1020 δὲ
785 993 880 1029 φόϐον,
895 994 913 1029 ἡ

117 1041 160 1072 είς
171 1040 218 1067 τὸν
232 1039 338 1075 Κύριον
352 1040 456 1072 πίστις.

154 1133 190 1165 γ’.
216 1131 247 1157 '0
263 1130 399 1158 πιστεύων
413 1130 452 1166 τῷ
469 1131 575 1166 Κυρίῳ,
590 1131 711 1165 φοϐεῖται
725 1130 774 1166 τὴν
790 1131 911 1158 κόλασιν⁸

117 1178 133 1204 ὸ
148 1177 176 1204 δὲ
191 1177 361 1215 φοϐούμενος
376 1178 425 1214 τὴν
445 1178 566 1209 κόλασιν,
581 1177 778 1214 ἐγκρατεύεται
791 1178 845 1205 ἀπὸ
858 1178 913 1205 τῶν

118 1224 216 1251 παθῶν
226 1233 234 1240 ·
248 1225 262 1251 6
277 1224 306 1251 δὲ
318 1224 552 1260 ἐγκρατευόμενος
563 1225 617 1251 ἀπὸ
629 1225 682 1250 τῶν
696 1224 801 1257 παθῶν,
810 1224 914 1259 ὑπομέ-

118 1280 160 1297 νει
171 1271 207 1298 τὰ
223 1270 354 1306 θλιϐερά’
371 1271 385 1296 ὁ
399 1270 428 1297 δὲ
444 1271 589 1306 ὑπομένων
603 1270 636 1297 τὰ
654 1270 777 1307 θλιϐερὰ,
793 1271 849 1303 ἕξει
873 1271 914 1302 εἰς

117 1317 187 1345 Θεὸν
211 1317 309 1344 ἐλπίδα
322 1325 328 1332 ·
347 1317 363 1352 ἡ
384 1317 413 1344 δὲ
435 1318 475 1348 εἰς
492 1317 559 1344 Θεὸν
579 1317 667 1348 ἐλπὶς,
689 1317 801 1353 χωρίζει
822 1317 914 1352 πάσης

119 1365 219 1399 γηῖνης
239 1364 428 1399 προσπαθείας
441 1364 488 1390 τὸν
498 1363 577 1390 νοῦν·
591 1363 691 1399 ταύτης
706 1364 736 1390 δὲ
751 1365 765 1390 6
781 1364 843 1396 νοῦς
859 1373 914 1400 χωρ

119 1409 238 1445 ρισθεὶς,
254 1409 311 1441 ἕξει
324 1409 373 1444 τὴν
385 1409 426 1440 εἰς
437 1408 504 1434 Θεὸν
522 1409 645 1444 ἀγάπην.

156 1497 187 1523 δ’.
213 1495 243 1522 '0
255 1495 370 1529 ἀγαπῶν
380 1494 427 1521 τὸν
437 1494 503 1521 Θεὸν
517 1494 564 1528 (‘2),
577 1503 685 1520 παντων
698 1494 751 1520 τῶν
768 1495 814 1521 ὑπ’
829 1494 912 1521 αὐτοῦ

965 907 1070 935 tionem
1091 907 1234 941 scdatique
1256 905 1341 933 animi
1361 905 1601 940 tranquillitatem,
1617 911 1679 939 spes
1696 911 1757 938 qua:

965 951 993 979 in
1011 953 1097 980 Deum
1112 955 1152 979 est
1167 961 1173 978 :
1188 956 1318 978 caeterum
1338 958 1427 986 spem,
1444 949 1576 985 patientia
1588 953 1615 976 et
1631 948 1757 983 longani-

964 999 1046 1026 mitas
1059 1007 1065 1025 :
1082 998 1131 1025 has
1145 1006 1221 1029 vero,
1235 998 1314 1032 cujus
1326 997 1362 1024 sit
1375 996 1458 1029 tueri,
1471 995 1658 1027 continentia;
1673 1002 1758 1029 porro

963 1045 1172 1076 continentiam,
1188 1043 1236 1071 Dei
1255 1043 1338 1070 timor
1353 1051 1359 1069 :
1376 1043 1513 1073 timorem.
1539 1050 1600 1077 qua:
1613 1041 1642 1069 in
1666 1040 1759 1068 Domi-

963 1099 1030 1118 num
1051 1095 1105 1123 est,
1124 1090 1202 1118 ﬁdes.

997 1137 1024 1164 ὅ.
1041 1137 1094 1170 Qui
1115 1136 1233 1163 Domino
1256 1135 1355 1167 credit,
1374 1143 1483 1171 pmnam
1504 1133 1688 1170 pertimescit;
1710 1132 1758 1168 qui

963 1187 1056 1210 autem
1073 1182 1247 1217 pertimescit
1272 1188 1393 1215 pmnam,
1418 1188 1447 1208 se
1472 1188 1486 1207 a
1503 1179 1578 1206 vitiis
1601 1178 1724 1206 continet
1749 1186 1758 1205 :

963 1229 1011 1264 qui
1031 1236 1098 1256 vero
1115 1236 1144 1256 se
1157 1236 1173 1255 a
1189 1228 1265 1255 vitiis
1279 1227 1413 1259 continet,
1428 1227 1566 1262 patienter
1578 1233 1714 1252 aerumnas
1728 1231 1761 1251 ac

964 1273 1035 1300 mala
1062 1273 1172 1305 suﬁ‘ert;
1205 1273 1228 1300 is
1248 1280 1332 1307 porro
1360 1271 1408 1306 qui
1436 1271 1493 1298 lucc
1519 1271 1656 1305 patienter
1679 1269 1762 1304 396

963 1320 1070 1352 suffert,
1087 1327 1163 1354 spem
1180 1319 1208 1346 in
1222 1319 1307 1345 Deum
1323 1317 1470 1344 habiturus
1484 1321 1525 1343 est
1552 1324 1559 1342 :
1584 1323 1647 1350 spes
1668 1319 1760 1341 autem

963 1365 992 1392 in
1006 1365 1104 1397 Deum,
1118 1372 1133 1391 a
1151 1368 1261 1390 terrena
1280 1362 1356 1389 omni
1381 1362 1493 1388 libidine
1512 1364 1621 1395 separat
1637 1369 1644 1386 :
1662 1360 1696 1387 ab
1717 1360 1762 1387 his

965 1411 1085 1446 denique
1102 1413 1248 1445 separatus
1263 1408 1381 1440 animus,
1397 1407 1557 1434 charitatcm
1573 1406 1762 1434 nanseiscetur

964 1464 1024 1492 quae
1039 1456 1072 1482 ad
1087 1455 1174 1481 Deum
1187 1458 1238 1481 est.

1000 1502 1026 1528 ιι.
1041 1501 1092 1534 Qui
1106 1500 1192 1527 Deum
1205 1498 1304 1533 diligit,
1318 1496 1426 1524 cunctis
1442 1497 1476 1524 ab
1494 1505 1527 1524 eo
1543 1496 1672 1528 conditis,
1687 1495 1763 1523 illius

119 1541 274 1576 γεγονότων
298 1541 421 1576 προτιμᾷ
440 1539 488 1575 τὴν
504 1540 605 1574 γνῶσιν
617 1539 713 1571 αὐτοῦ,
732 1540 778 1566 καὶ
794 1540 914 1567 ἀδιαλεί-

976 1546 1153 1582 :ognitionem
1169 1552 1200 1572 ac
1223 1543 1365 1571 scientiam
1390 1542 1550 1577 anteponit;
1573 1542 1654 1577 eique
1677 1541 1763 1568 animi

119 1596 198 1619 πτως
211 1587 256 1614 διὰ
267 1586 315 1614 τοῦ
333 1586 428 1618 πόθου,
445 1586 531 1621 ταύτῃ
545 1587 757 1621 προσκιρτερεῐ.

157 1633 188 1660 ε’.
209 1634 243 1660 Ei
263 1633 353 1660 πάντα
377 1633 412 1659 τὰ
433 1632 498 1658 ὄντα
521 1632 564 1658 διὰ.
587 1631 634 1658 τοῦ
649 1632 717 1658 Θεοῦ
734 1632 781 1658 καὶ
803 1632 847 1658 διὰ
868 1632 915 1659 τὸν

120 1679 189 1707 Θεὸν
204 1679 311 1715 γέγονε’
319 1680 452 1715 κρείττων
463 1678 509 1704 δὲό
521 1677 586 1710 Θεὸς
601 1678 655 1704 τῶν
669 1678 705 1704 δι’
715 1677 797 1704 αὑτοῦ
804 1677 916 1712 γεγονό-

120 1734 186 1754 των·
194 1728 208 1753 6
215 1724 432 1761 καταλιμπάνων
440 1723 486 1750 τὸν
492 1723 558 1750 Θεὸν
566 1721 611 1750 τὸν
619 1723 791 1758 ἀσυγκρίτως
798 1723 928 1758 κρείττω.

120 1781 168 1803 νει,
187 1773 235 1799 καὶ
247 1772 305 1803 τοῖς
318 1770 439 1806 χείροσιν
452 1769 691 1806 ἑνασχολούμενρς,
705 1768 842 1795 δείκνυσιν
853 1769 916 1794 ἐαυ-

121 1819 169 1845 τὸν
186 1817 363 1853 προτιμῶντα
379 1815 425 1842 τοῦ
442 1815 520 1848 Θεοῦ,
536 1815 572 1842 τὰ
587 1815 621 1841 δι’
637 1814 720 1841 αὑτοῦ
737 1814 880 1848 γεγονότα.

122 1921 126 1925 η
160 1913 199 1943 ς’.
224 1909 255 1936 '0
274 1909 308 1944 τῇ
333 1908 374 1939 είς
394 1906 461 1933 Θεὸν
486 1906 580 1941 ἀγάπῃ
603 1905 648 1932 τὸν
667 1905 729 1932 νοῦν
748 1904 818 1941 ἔχων
833 1912 918 1940 προσ-

126 1954 280 1990 ηλωμένον,
305 1953 415 1979 πάντων
437 1951 491 1977 τῶν
514 1950 673 1986 ὁρωμένων,
693 1949 741 1976 καὶ
767 1949 850 1976 αὑτοῦ
869 1948 917 1976 τοῦ

123 2001 265 2034 σώματος,
281 1999 319 2030 ὠς
329 1997 471 2033 ἀλλοτρίου
487 1997 661 2031 καταφρονεῖ.

161 2047 195 2078 ζ’.
217 2046 250 2072 Εἰ
271 2044 405 2081 κρείττων
426 2043 473 2070 τοῦ
504 2043 630 2078 σώματος
653 2043 670 2078 ἡ
697 2041 770 2077 ψυχή
783 2041 821 2077 (5)
834 2050 841 2057 ·
870 2041 918 2068 καὶ

123 2092 262 2128 κρείττων
285 2090 332 2117 τοῦ
353 2089 458 2125 κόσμου
480 2088 655 2124 ἀσυγκρίτως
683 2088 697 2114 6
720 2088 817 2119 κτίσας
838 2087 918 2114 αὐτὸν

124 2139 192 2170 Θεός
203 2146 209 2152 ·
226 2138 242 2165 6
255 2136 398 2172 προτιμῶν
408 2135 457 2170 τῆς
472 2134 562 2170 ψυχῆς
578 2134 608 2160 τὸ
621 2133 712 2168 σῶμα,
723 2133 770 2160 καὶ
782 2133 830 2160 τοῦ
850 2132 918 2160 Θεοῦ

124 2185 173 2210 τὸν
188 2182 243 2210 ὑπὸ
255 2181 337 2209 αὐτοῦ
352 2180 496 2208 κτισθέντα
510 2179 623 2214 κόσμον,
635 2178 713 2206 οὐδὲν
739 2178 795 2205 τῶν
815 2178 920 2205 εἰδωλο-

125 2229 302 2265 λατρούντων
312 2227 476 2261 διενήνοχεν.

163 2274 200 2309 η’.
226 2273 256 2299 '0
280 2272 326 2298 τὸν
345 2271 407 2298 νοῦν
428 2270 477 2305 τῆς
499 2270 539 2301 είς
561 2269 627 2296 Θεὸν
643 2269 754 2303 ἀγάπης
769 2268 817 2295 καὶ
832 2276 918 2304 προσ-

126 2320 237 2355 εδρείας
257 2318 445 2353 ἁποχωρίσας,
463 2316 510 2343 καί
531 2324 585 2342 τινι
603 2316 657 2342 τῶν
679 2315 818 2350 αἰσθητῶν
833 2323 919 2350 προσ-

126 2365 271 2400 δεδεμένον
288 2364 368 2398 ἔχων,
384 2360 461 2393 οὗτός
475 2362 533 2388 ἔστι
544 2363 557 2387 6
570 2360 711 2395 προτιμῶν
726 2360 775 2394 τῆς
789 2359 879 2394 ψυχῆς
890 2360 921 2386 τὸ

129 2412 223 2447 σῶμα,
244 2410 292 2437 καὶ
314 2408 361 2436 τοῦ
378 2409 522 2439 κτίσαντος
544 2406 622 2436 Θεοῦ.
640 2406 673 2433 τὰ
686 2406 731 2432 ὑπ’
746 2405 828 2432 αὑτοῦ
845 2414 923 2441 γεγο-

128 2459 206 2485 νότα.

166 2506 173 2513 ³
184 2503 259 2531 idem
275 2499 386 2527 videtur
401 2506 435 2526 ac
447 2497 603 2534 οἰηματίας.

166 2548 203 2585 (τ)
233 2544 388 2580 ’Υπομονὴ
409 2543 475 2585 ικαὶ.
487 2542 685 2585 μακρρᾷυμίη.
709 2541 803 2585 3ipngit
826 2545 927 2578 passim

131 2577 283 2612 lta‘ximus,
308 2577 338 2608 ut
354 2577 418 2607 sunt
435 2578 529 2606 attines
549 2579 684 2609 virtutes,
708 2577 835 2612 idemque
858 2587 927 2613 pene

131 2620 221 2647 altilia:
234 2624 316 2643 voces
331 2615 498 2650 signiﬁcant.
508 2613 591 2650 Quod
615 2612 724 2650 passin1_
737 2612 928 2642 reddunt’Ob-

132 2663 193 2688 sup.
208 2658 236 2680 et
249 2652 332 2688 Gesn.
347 2648 402 2682 hic,
416 2653 444 2676 et
458 2657 485 2675 ιι.
501 2648 536 2687 litt
550 2656 555 2673 :
568 2648 598 2673 τὸ
612 2648 929 2688 ὐπρμονῂζρεγδιευεγαῃ-

134 2683 183 2720 (id,
201 2696 255 2714 non
274 2687 340 2713 satis
352 2693 385 2713 ex
398 2683 537 2720 communi
553 2691 602 2720 usu
615 2683 730 2720 est,__ct_si
744 2683 839 2720 Matth.
856 2691 927 2717 xxxv,

134 2717 203 2752 illod
219 2732 225 2749 ε
239 2724 252 2748 ὁ
269 2721 418 2755 ὑπομείνας
436 2720 474 2750 εἰς
487 2718 573 2755 τέζος,
592 2717 649 2752 ipse
666 2717 740 2755 Vulg.
759 2718 865 2751 reddat,
880 2720 930 2752 Qui

134 2752 342 2795 perseveraverit
362 2752 445 2795 usque
466 2754 492 2794 in
513 2752 612 2795 linem;
633 2752 710 2793 reddi
731 2755 928 2795 atquepossit,

135 2787 182 2830 ξιιιὶ
195 2792 361 2820 sustinuerit.
375 2787 531 2830 ρᾴιὶςηιίιιηι
544 2787 666 2818 tenuerit,
679 2793 731 2814 etc.
747 2788 823 2820 Quod
841 2789 931 2830 sequi-

137 2824 192 2860 ίιπ,
209 2830 224 2859 ἠ
246 2835 297 2861 περ
312 2824 407 2860 εκτιξιὴ
434 2824 597 2861 ἐγκρεειτειαι,⁵
617 2830 819 2861 quam_voeen_i
846 2824 929 2861 alter,

138 2857 268 2898 urqitisita
281 2857 442 2889 continentia
454 2857 558 2892 reddit,
574 2857 654 2892 alter,
666 2858 838 2887 universalis:
852 2859 931 2894 longe

969 1591 1108 1619 desiderio
1123 1598 1154 1617 ac
1168 1596 1261 1616 amore
1275 1589 1446 1615 incessanter
1461 1587 1607 1614 incumbit.

1005 1639 1030 1666 5.
1045 1638 1114 1665 Cum
1127 1636 1220 1664 omnia
1235 1643 1296 1670 qua:
1313 1639 1387 1667 sunt,
1402 1634 1458 1661 Deo
1475 1638 1587 1660 auctore
1601 1641 1633 1660 ac
1648 1637 1764 1668 propter

968 1686 1056 1712 Deum
1077 1683 1187 1711 condita
1206 1682 1277 1714 sint;
1303 1681 1393 1715 sitque
1410 1680 1493 1711 Deus,
1507 1679 1541 1706 iis
1566 1687 1627 1713 quae
1644 1678 1702 1713 ipso
1715 1687 1765 1705 au-

969 1735 1045 1758 ctorc
1064 1729 1173 1757 condita
1190 1730 1266 1759 sunt,
1294 1726 1374 1760 longe
1393 1725 1583 1759 prmstantior;
1606 1723 1654 1758 qui
1676 1723 1764 1751 Deum

970 1776 1039 1804 citra
1059 1781 1168 1801 omnem
1185 1770 1419 1806 comparationem
1437 1769 1579 1796 meliorem
1594 1769 1762 1803 relinquens,

970 1820 1157 1849 deterioribus
1183 1820 1336 1853 addicitur;
1367 1820 1483 1847 minoris
1507 1827 1538 1846 sc
1567 1819 1652 1846 Deum
1673 1818 1764 1846 facere

970 1867 1102 1899 ostendit,
1120 1874 1202 1902 quant
1219 1874 1279 1901 qum
1296 1866 1343 1893 illo
1360 1870 1473 1892 auctore
1490 1864 1600 1892 condita
1617 1868 1692 1892 sunt.

1005 1913 1032 1940 6.
1049 1912 1101 1945 Qui
1116 1911 1243 1939 charitati
1263 1911 1291 1938 in
1307 1912 1392 1938 Deum
1406 1918 1455 1937 cor
1473 1909 1582 1936 atlixum
1598 1909 1691 1941 habet,
1702 1916 1764 1943 quae

972 1959 999 1987 in
1023 1965 1162 1993 aspectum
1189 1957 1292 1984 cadunt
1311 1956 1416 1988 omnia,
1447 1955 1593 1991 ipsumque
1614 1954 1683 1982 adeo
1702 1962 1763 1982 cor-

970 2010 1033 2038 pus,
1050 2001 1203 2030 eontcmnit
1220 2005 1348 2035 tanquam
1366 1999 1498 2026 alienum.

1007 2048 1032 2075 7.
1052 2047 1120 2075 Cum
1146 2047 1236 2074 anima
1252 2054 1367 2082 corpore
1387 2045 1486 2072 melior
1500 2044 1553 2077 sit;
1576 2044 1703 2079 Deusque
1725 2043 1765 2071 ci-

971 2099 1015 2122 tra
1032 2101 1142 2122 omnem
1162 2092 1396 2128 comparationem
1413 2091 1585 2126 prmstantior
1600 2090 1634 2117 sit
1648 2089 1762 2122 mundo,

972 2147 1054 2175 quem
1070 2139 1214 2167 condidit:
1231 2140 1278 2173 qui
1298 2145 1398 2173 corpus
1420 2136 1527 2167 animm.
1548 2136 1659 2170 Dcoque
1681 2143 1764 2162 mun-

973 2185 1038 2213 dum
1056 2186 1091 2213 ab
1111 2185 1171 2220 ipso
1194 2184 1345 2215 conditum,
1368 2182 1521 2217 anteponit,
1546 2181 1579 2212 is.
1602 2181 1636 2208 ab
1657 2180 1691 2208 iis
1715 2179 1764 2215 qui

932 2217 956 2245 D
971 2231 1052 2258 idolis
1069 2217 1172 2258 cultrum
1192 2228 1336 2260 adhibent,
1351 2227 1444 2255 dill'ert
1457 2227 1537 2254 nihil.

1009 2278 1036 2305 8.
1052 2276 1103 2310 Qui
1119 2281 1237 2303 mentem
1254 2283 1269 2302 a
1291 2274 1427 2302 charitate
1450 2274 1477 2300 in
1492 2273 1589 2306 Deum,
1603 2272 1716 2308 jugique
1736 2272 1766 2299 in

973 2331 1037 2352 eum
1054 2323 1146 2350 studio
1161 2320 1338 2352 abstraxcrit,
1363 2328 1394 2347 ac
1411 2324 1584 2346 lerrcnorum
1610 2319 1691 2346 alicui
1715 2318 1766 2345 de-

975 2371 1094 2398 vinctam
1113 2368 1253 2399 habuerit,
1268 2367 1310 2393 hic
1324 2374 1425 2401 corpus
1440 2365 1549 2397 animm,
1563 2372 1594 2391 ac
1606 2372 1667 2398 qua:
1678 2372 1694 2391 a
1709 2364 1766 2392 Deo

977 2416 1087 2444 condita
1106 2417 1181 2443 sunt.
1197 2411 1332 2440 conditori
1349 2412 1404 2438 Deo
1420 2410 1572 2445 anteponit.

977 2547 1031 2575 alio
1046 2549 1162 2581 spectat.
1185 2543 1328 2581 Significat
1352 2543 1396 2570 illa
1414 2543 1525 2581 quidem
1543 2542 1609 2581 alias
1624 2540 1769 2581 quamdam

977 2577 1194 2616 compicxioncm
1220 2577 1255 2616 ac
1283 2578 1534 2616 unive_rsalital_em_;
1562 2577 1607 2604 hic
1632 2584 1698 2603 vero
1721 2577 1769 2616 τῆς

977 2611 1139 2651 ἐγκρατείας
1156 2614 1294 2649 propriam
1320 2614 1453 2651 rationem
1465 2613 1601 2651 designat.
1618 2620 1672 2646 qua
1696 2611 1770 2638 velut

978 2647 1315 2685 constringatteneatque,
1330 2656 1362 2685 ac
1375 2649 1516 2685 contineat
1538 2647 1670 2685 animum.
1687 2654 1721 2673 ne
1742 2653 1771 2672 se

979 2682 1137 2722 pasﬂonuin
1154 2692 1244 2722 pugna
1266 2682 1366 2722 abduci
1388 2683 1460 2722 sinat
1473 2691 1505 2710 ac
1522 2682 1592 2710 trahi
1611 2682 1637 2708 in
1655 2690 1676 2707 ct
1688 2688 1771 2720 nien—

982 2714 1042 2749 Isum
1058 2730 1064 2747 :
1080 2721 1132 2747 hoc
1153 2714 1226 2746 enim
1244 2719 1390 2745 continens
1407 2718 1501 2745 dilfcrt
1515 2725 1530 2744 a
1549 2722 1727 2751 temperante,
1744 2714 1772 2751 in

983 2765 1038 2791 quo
1050 2757 1104 2791 jam
1127 2754 1215 2791 sedati
1237 2754 1293 2791 sint
1305 2754 1442 2791 _a_tl’ectus,_
1456 2758 1486 2779 ut
1502 2753 1561 2779 sine
1578 2750 1667 2787 pugna
1684 2750 1774 2791 conti—

984 2785 1059 2823 Iicat:
1071 2795 1099 2817 et
1113 2790 1191 2824 quasi
1211 2797 1244 2816 ex
1267 2788 1362 2815 habitu
1380 2785 1523 2824 perfecto;
1538 2785 1774 2824 mpii/nmqua-

984 2821 1172 2861 que,qum-sit
1184 2824 1262 2859 quasi
1276 2821 1401 2860 περιοχῆ,
1419 2823 1569 2854 υνωδὶίίίιιηι
1582 2826 1605 2848 ct
1619 2821 1740 2848 munitio.
