1948 3077
209 128 262 160 96‘}

212 238 266 266 que
281 231 371 265 pariat
385 238 446 264 qua:
465 228 492 256 in
509 226 596 256 Deum
614 233 656 255 est
669 228 804 263 Charitas;
829 228 959 263 prmelare
976 227 1004 254 id

211 277 326 308 dictum,
343 275 437 303 divina
455 275 588 302 charitate
605 274 674 301 nihil
688 282 748 302 esse
763 275 860 308 majus.

251 323 293 350 10.
306 322 375 349 Cum
389 329 483 348 amore
500 320 643 348 charitatis
658 320 766 346 animus
790 320 823 346 ad
846 320 932 346 Deum
957 327 1004 346 cx-

210 368 334 399 cesserit,
357 372 422 394 tunc
439 374 527 401 neque
552 374 592 398 se,
608 374 697 400 neque
722 365 803 392 ullam
827 373 941 399 prorsus
961 372 1004 392 re-

213 421 274 441 rum
291 413 436 448 persentit.
452 412 550 439 Divina
565 412 638 438 enim
655 419 687 438 ac
703 410 809 437 inﬁnita
824 411 1004 437 collustratus

212 461 284 491 luce,
300 467 394 486 earum
409 467 500 485 rerum
517 462 577 492 qua:
594 459 650 485 Deo
670 462 783 485 auctore
796 457 906 484 condita
927 462 1001 489 sunt,

211 506 287 533 nullo
303 513 385 532 sensu
404 505 540 539 tangitur;
565 504 638 531 haud
649 511 729 530 secus
742 512 774 530 ac
788 512 816 530 se
828 504 925 531 oculus
938 511 1002 530 sen-

210 552 289 579 sibus
302 552 429 587 objectus
440 550 473 578 ad
489 551 582 578 stellas
598 550 691 582 habet,
707 554 803 577 exortu
818 550 893 577 solis.

246 648 288 674 Η.
307 647 376 674 Cum
397 654 492 672 omnes
508 646 626 672 virtutes
640 653 718 679 opem
745 645 836 671 animo
857 645 946 671 ferant
972 648 1003 671 ut

210 693 243 720 ad
265 692 388 720 divinum
405 699 526 718 amorem
541 691 681 722 enitatur;
705 691 826 716 omnium
843 690 959 716 maxime
974 689 1000 716 id

211 742 402 773 przeslatpura
427 737 527 763 oratio.
554 736 607 762 Per
621 743 680 762 eam
703 735 775 761 enim
794 735 868 761 velut
896 735 1000 761 alarum

211 783 326 818 remigio
354 782 381 809 in
411 782 497 808 Deum
522 781 680 812 subvectus,
708 779 816 806 cunctis
845 779 929 806 rebus
951 787 999 805 ex-

212 829 296 856 cedit.

247 875 291 901 12.
312 873 363 901 Ubi
384 881 433 907 per
448 872 609 899 charitalem
635 871 734 898 divina:
747 871 867 898 scientia:
892 869 1003 905 fulgori-

210 920 264 948 bu:
277 924 370 954 raptus
387 918 496 945 animus
510 918 604 950 fuerit,
620 917 758 952 rebusque
774 916 910 943 excedens
930 915 1004 942 divi-

210 972 273 991 nam
295 963 457 990 inliuitatem
477 962 656 997 persenserit,
679 965 744 988 tune
768 961 795 987 in
821 961 905 987 divini
930 960 1004 987 Isaia:

210 1017 316 1037 morem
332 1017 388 1044 pro:
403 1014 517 1043 stupore
531 1008 558 1034 in
576 1016 632 1035 sum
649 1006 812 1034 humilitatis
830 1014 940 1033 sensum
957 1013 1004 1032 ve-

210 1055 300 1086 niens,
328 1055 468 1090 propheta:
485 1054 570 1080 verba
595 1053 694 1080 all‘ectu
720 1053 865 1087 loquitur:
890 1051 911 1078 0
926 1053 1004 1078 miser

209 1110 266 1136 ego,
290 1101 358 1136 quod
375 1106 544 1135 compunctus
561 1099 640 1126 sum!
666 1099 745 1134 397
762 1098 831 1133 quod
849 1099 924 1125 Ιιοιηο
944 1105 1003 1124 cum

209 1148 269 1178 sim,
285 1151 307 1172 et
323 1145 459 1172 immumla
480 1144 550 1170 labia
566 1144 687 1174 habeam,
702 1144 729 1170 in
752 1143 835 1170 medio
850 1142 939 1178 populi
951 1143 1001 1169 im-

210 1192 308 1218 munda
326 1190 396 1217 labia
414 1191 543 1221 habentis,
568 1198 614 1224 ego
637 1190 741 1222 habito;
759 1193 783 1216 et
810 1197 897 1224 regem
913 1187 1003 1215 Domi—

209 1245 274 1263 num
287 1235 402 1264 Sabaoth
416 1236 468 1263 villi
484 1235 565 1262 oculis
586 1236 649 1262 meis
664 1236 682 1262 ‘.

246 1329 288 1355 l3.
307 1328 378 1355 Fieri
404 1335 458 1354 non
484 1331 584 1363 potest,
603 1331 633 1355 ut
658 1327 706 1363 qui
725 1327 810 1354 Deum
831 1326 930 1361 diligit,
945 1333 1001 1353 non

207 1375 293 1403 etiam
309 1374 462 1409 proximum
479 1374 551 1400 sicut
564 1374 686 1408 seipsum
703 1372 814 1408 diligat;
840 1372 948 1399 tametsi
970 1371 1002 1398 il-

210 1423 298 1448 lorum
315 1421 429 1447 allectus
445 1425 473 1447 et
487 1420 566 1452 vitia,
585 1420 631 1455 qui
655 1419 776 1446 nomium
795 1419 902 1453 purgati
925 1422 999 1451 sunt,

208 1474 280 1502 aegre
296 1466 368 1493 lerat
384 1474 390 1492 :
410 1466 515 1493 idcirco
532 1466 615 1493 etiam
633 1465 697 1492 dum
714 1473 761 1492 eos
778 1465 902 1492 converti
924 1468 952 1491 et
965 1464 999 1491 ad

211 1512 351 1539 meliorem
380 1511 484 1547 frugem
514 1511 604 1538 redire
630 1511 715 1544 videt,
741 1511 875 1538 immenso
900 1510 1000 1545 gaudio

209 1558 320 1593 gaudet,
338 1565 369 1584 ac
384 1557 456 1592 quod
477 1565 529 1584 nec
542 1557 633 1584 verbis
649 1557 764 1592 exprimi
778 1556 876 1591 possit.

246 1603 289 1630 14.
319 1603 479 1630 lmmundus
495 1608 537 1630 est
562 1603 671 1629 animus
699 1602 882 1635 libidinosus;
903 1609 1002 1636 nempe

210 1649 316 1676 vitiosis
342 1649 502 1684 cupiditatis
527 1653 609 1684 atque
634 1648 690 1676 odii
713 1647 925 1683 cogitationibus
944 1647 1001 1682 pltr

210 1701 273 1721 nus.

246 1739 288 1766 15.
303 1739 353 1772 Qui
368 1739 435 1771 odii,
451 1744 498 1766 aut
513 1739 660 1766 simultatis
672 1739 817 1774 vestigium
831 1738 942 1774 aliquod
963 1737 999 1766 ob

208 1792 403 1819 quamcunque
420 1785 602 1812 ollensionem
631 1793 695 1820 erga
715 1785 802 1812 ullum
820 1791 934 1820 prorsus
951 1784 1000 1811 ho-

210 1829 316 1856 minum
336 1829 364 1855 in
390 1829 472 1856 corde
486 1836 538 1856 suo
555 1828 655 1860 cernit,
671 1836 686 1855 ο
709 1828 844 1860 charitate
868 1827 895 1854 in
911 1827 999 1854 Deum

209 1874 322 1901 omnino
337 1875 442 1901 alienus
458 1875 577 1907 exsistit;
599 1873 672 1908 quod
687 1881 785 1908 nempe
808 1873 858 1900 Dei
875 1872 997 1905 dilectio,

209 1928 272 1947 eum
291 1920 365 1952 odio,
379 1928 426 1946 seu
446 1920 584 1947 simultate
602 1920 734 1947 adversus
747 1919 887 1946 hominem
902 1925 999 1946 susce-

210 1970 267 2000 pta,
285 1966 423 1993 coluererc
439 1973 494 1992 non
516 1966 611 2000 possit.

246 2012 289 2037 lli.
309 2010 358 2043 Qui
375 2010 460 2046 diligit
474 2019 524 2043 me,
540 2011 607 2038 dicit
630 2011 772 2042 Dominus,
789 2011 918 2038 mandata
938 2018 997 2037 mea

209 2057 321 2084 servabit
331 2058 350 2082 ’.
373 2056 426 2082 Hoc
440 2061 476 2083 est
491 2061 591 2089 autem,
605 2057 704 2092 inquit,
719 2057 875 2084 mandatum
898 2063 995 2088 meum,

208 2106 236 2127 ut
251 2101 365 2135 diligatis
379 2101 518 2127 invicem“.
536 2101 629 2136 Itaque
641 2102 687 2136 qui
712 2111 766 2129 non
791 2101 881 2137 diligit
902 2101 997 2136 proxi-

209 2157 297 2180 mum,
320 2147 478 2173 mandatum
494 2155 548 2174 non
574 2153 675 2175 servat.
698 2148 748 2181 Qui
773 2152 864 2175 autem
885 2147 997 2174 manda—

209 2200 267 2220 tum
294 2201 350 2220 non
377 2197 479 2226 servat,
503 2193 526 2221 is
544 2201 632 2229 neque
651 2199 740 2229 potest
764 2195 878 2230 diligere
902 2193 996 2221 Domi-

209 2247 275 2266 υιιιιι

242 2285 285 2312 17.
304 2285 404 2312 Beatus
417 2285 510 2317 homo,
526 2285 574 2320 qui
587 2293 696 2313 omnem
713 2293 840 2321 permque
853 2286 994 2313 hominem

206 2331 322 2366 diligere
340 2331 412 2366 potis
428 2336 480 2358 est.

241 2376 285 2403 i8.
309 2377 410 2404 Beatus
426 2377 518 2408 homo,
536 2377 584 2411 qui
609 2376 677 2404 nulli
694 2376 733 2404 rei
750 2377 924 2411 corruptibili
947 2381 994 2404 aut

204 2426 390 2457 temporanea:
404 2422 530 2449 addictus
546 2422 639 2449 animo
655 2427 706 2449 est.

241 2468 282 2494 l9.
304 2467 402 2495 Beatus
418 2475 506 2499 mens,
521 2475 582 2502 qua:
599 2467 682 2494 rebus
698 2468 827 2495 onmibus
844 2469 988 2503 superatis,

202 2513 297 2541 divina
310 2514 412 2549 jugiter
434 2513 638 2548 pulchritudine
651 2513 813 2541 delectatur.

238 2560 282 2586 Ξυ,
299 2559 349 2591 Qui
363 2560 453 2586 carnis
474 2567 568 2587 curam
590 2560 618 2586 in
637 2560 782 2588 desideriis
803 2561 931 2594 faciens‘,
954 2562 989 2589 ob

202 2611 247 2631 res
275 2610 465 2639 temporaneas
489 2606 656 2633 simultatem
681 2605 814 2634 adversus
833 2609 989 2642 proximum

801 126 830 155 S.
852 126 996 156 MAXIMI
1016 125 1271 158 CONFESSORIS

246 185 273 212 9.
292 183 360 212 Cum
383 183 466 211 animi
481 182 546 215 vita,
559 183 680 210 scientia:
704 182 852 210 illustratio
865 183 910 213 sit.
927 189 1000 209 eam—
1019 185 1042 213 Α

1093 183 1124 210 θ’.
1147 185 1177 210 Εἰ
1201 186 1216 219 ἡ
1236 184 1294 219 ζωὴ
1311 184 1357 211 τοῦ
1378 185 1423 211 νοῦ
1439 186 1452 211 ὁ
1469 185 1608 220 φωτισμϐς
1628 186 1683 212 ἐστι
1705 186 1756 222 τῆς
1776 189 1848 222 γνῶ.

1057 238 1142 260 σεωςε
1159 230 1254 256 τοῦτον
1273 230 1300 256 δὲ
1320 231 1335 265 ἡ
1362 231 1401 262 είς
1420 230 1486 257 Θεὸν
1505 231 1597 266 ἀγάπη
1623 232 1727 257 τίκτει·
1743 233 1847 267 καλῶς,

1055 275 1139 302 Οὐδὲν
1151 275 1199 310 τῆς
1213 275 1288 307 θείας
1302 276 1422 309 ἀγάπης,
1442 276 1560 311 εἴρηταί,
1579 277 1682 312 μεῖζον.

1092 323 1117 347 ι’,
1139 321 1225 346 Ὅταν
1247 320 1286 355 τῷ
1304 321 1386 356 ἔρωτι
1402 321 1451 355 τῆς
1466 322 1577 356 ἀγάπης
1592 322 1660 357 πρὶς
1677 323 1742 348 Θεὸν
1755 324 1770 348 ὁ
1783 323 1847 356 νοῦς

1056 367 1174 403 ὲκδημῇ.
1186 368 1247 394 τότε
1263 368 1324 394 οὔτε
1341 368 1437 394 ἑαυτοῦ
1456 367 1516 394 οὔτε
1528 368 1598 399 τινὸς
1614 369 1667 394 τῶν
1681 369 1766 395 ὄντων
1778 379 1846 396 παν-

1054 414 1158 441 τάπασι
1169 415 1375 441 ἐπαισθάνεται.
1401 413 1468 440 ’Υπὸ
1480 415 1534 448 γὰρ
1553 414 1600 440 τοῦ
1618 414 1691 440 θείου
1705 415 1751 441 καὶ
1767 415 1848 442 ἀπεί-

1055 468 1101 495 ρου
1121 459 1208 493 φωτὸς
1223 459 1480 494 καταλαμπόμενος,
1498 460 1657 494 ἀναισθητεῖ
1670 461 1739 495 προς
1755 461 1847 487 πάντα

1053 506 1087 531 τὰ
1108 505 1153 530 ὑπ’
1173 505 1256 531 αὑτοῦ
1282 505 1430 539 γεγονότα²
1456 505 1583 539 καθάπερ
1612 505 1660 531 καὶ
1680 507 1694 532 ὁ
1716 506 1847 541 αίσθητὺς

1052 550 1191 585 ὀφθαλμὸς
1209 551 1276 586 πρὸς
1290 551 1354 582 τοὺς
1375 552 1504 586 ἀστέρας,
1516 551 1564 577 τοῦ
1583 551 1660 585 ἡλίου
1683 551 1846 578 ἀνατέλλον-

1052 607 1107 629 τος.

1090 649 1134 672 ια’.
1157 645 1247 671 Πᾶσαι
1268 645 1317 679 μὲν
1336 645 1363 671 αἱ
1379 645 1476 680 ἀρεταὶ
1496 644 1658 679 συνεργοῦσι
1671 643 1709 678 τῷ
1723 644 1761 678 νῷ
1775 643 1848 678 πρὸς

1052 692 1096 717 τὸν
1113 692 1183 717 θεῖον
1198 691 1296 726 ἔρωτα,
1310 691 1391 717 πλέον
1404 691 1433 717 δὲ
1446 691 1554 718 πάντων
1568 691 1704 726 ήκαθαρὶτ
1722 698 1846 725 προσευ-

1052 739 1099 772 χή.
1114 737 1162 764 Διὰ
1174 737 1275 771 ταύτης
1287 738 1341 772 γὰρ
1355 737 1423 772 πρὸς
1437 737 1482 763 τὸν
1499 737 1565 764 Θεὸν
1580 736 1846 772 πτερούμενος,ἐξω

1052 783 1156 817 γίνεται
1172 783 1281 809 πάντων
1294 784 1348 809 τῶν
1367 784 1460 809 ῧντων.

1091 873 1135 909 ιβ’.
1151 874 1233 900 Ὂταν
1248 872 1292 899 διὰ
1302 873 1352 907 τῆς
1367 872 1477 907 ἀγάπης
1489 872 1541 898 ὑπὸ
1557 872 1606 907 τῆς
1626 871 1701 903 θείας
1716 871 1847 906 γνώσεως

1053 922 1066 947 ό
1079 921 1140 951 νοῦς
1160 920 1283 954 ἁρπαγῇ,
1304 918 1351 945 καὶ
1372 917 1424 950 ἕξω
1443 918 1589 953 γενόμενος
1613 917 1667 943 τῶν
1693 917 1778 944 ὄντων
1794 917 1846 951 τῆς

1054 966 1130 998 θείας
1152 965 1349 999 ἐπαισθάνηται
1371 964 1510 1000 ἀπειρίας,
1528 963 1587 989 τότε
1613 963 1684 989 κατὰ
1709 962 1754 988 τὸν
1773 963 1846 990 θεῖον

1058 1012 1174 1038 Ἡσαΐαν
1194 1011 1247 1037 ὑπὸ
1268 1009 1428 1045 ἐκπλήξεως
1442 1009 1481 1040 είς
1499 1007 1674 1043 συναίσθησιν
1691 1008 1775 1034 ἐὶθὼν
1794 1009 1846 1043 τῆς

1053 1057 1149 1084 ἑαυτοῦ
1163 1056 1357 1087 ταπεινώσεως
1370 1076 1377 1088 ,
1396 1055 1466 1090 μετὰ
1483 1055 1628 1086 διαθέσεως
1643 1054 1718 1088 λέγει
1737 1054 1772 1080 τὰ
1796 1053 1846 1080 τοῦ

1052 1103 1194 1139 προ-έήτου
1212 1102 1339 1137 ῥήματα·
1358 1102 1391 1127 Ὣ
1415 1100 1508 1132 τάλας
1519 1096 1586 1134 ὲγὼζ
1601 1099 1645 1126 ὅτι
1662 1098 1844 1133 κατανένυγ-

1050 1159 1102 1185 μαι
1112 1158 1118 1164 ·
1131 1149 1174 1175 ὅτι
1187 1148 1343 1182 ἅνθρωπος
1357 1147 1409 1177 ὢν,
1424 1146 1473 1172 καί
1485 1146 1636 1179 ἀκάθαρτα
1646 1145 1733 1179 χείλη
1752 1145 1844 1178 ἔχων,

1051 1196 1086 1223 ἐν
1099 1195 1184 1230 μέσῳ
1202 1193 1279 1221 λαοῦ
1296 1193 1449 1226 ἀκάθαρτα
1466 1192 1552 1226 χείλη
1567 1191 1691 1225 ἔχοντες
1705 1190 1763 1225 ἐγὼ
1778 1198 1835 1216 κατ

1052 1242 1133 1272 οικῶ,
1146 1240 1195 1268 mal
1213 1240 1266 1266 τὸν
1287 1237 1419 1272 βασιλέα
1431 1238 1539 1272 Κύριον
1553 1237 1674 1264 σαϐαὼο
1688 1234 1770 1263 εἴδω·
1782 1236 1844 1268 τοῖς

1052 1286 1218 1322 ὀφθαλμοῖς
1228 1295 1298 1320 μου.

1089 1337 1133 1367 ιγ’.
1161 1333 1189 1358 '0
1212 1330 1326 1365 ἀγαπῶν
1343 1329 1388 1356 τὸν
1407 1329 1473 1355 Θεὸν
1484 1328 1533 1363 (4),
1552 1327 1583 1354 οὺ
1602 1327 1714 1354 δύναται
1733 1327 1771 1362 μὴ
1796 1327 1846 1354 καὶ

1052 1380 1140 1406 πάντα
1158 1377 1301 1413 ἄνθρωπον
1326 1376 1364 1407 ὡς
1388 1375 1482 1402 ἑαυτὸν
1497 1375 1648 1409 ἀγαπῆσαι,
1665 1375 1689 1400 εί
1708 1375 1756 1400 καὶ
1772 1374 1844 1409 πρὸς

1050 1427 1085 1453 τὰ
1099 1425 1171 1459 πάθη
1186 1422 1358 1459 δυσχεραίνει
1376 1422 1428 1449 τῶν
1453 1422 1536 1457 μήπω
1556 1420 1780 1456 κεκαθαρμένων.
1795 1419 1843 1446 Διὸ

1051 1474 1099 1502 καὶ
1112 1473 1162 1507 τὴν
1178 1469 1346 1504 ἐπιστροφὴν
1362 1467 1435 1504 [edit
1462 1466 1602 1502 περιστρ.]
1621 1466 1711 1493 αὐτῶν
1732 1466 1843 1501 βλέπων

1013 1535 1035 1564 c
1051 1522 1100 1549 καὶ
1116 1519 1164 1554 τὴν
1176 1517 1330 1552 διόρθωσιν,
1347 1515 1494 1550 ἁμετρήτῳ
1502 1514 1548 1540 καὶ
1563 1512 1736 1547 ἀνεκλαλήτῳ
1751 1512 1842 1547 χαίρει

1051 1574 1132 1639 “Si?
1155 1609 1323 1644 Ἀκάθαρτός
1337 1607 1395 1633 ἐστι
1406 1606 1479 1641 ψυχὴ
1491 1606 1616 1640 ἐμπαθὴς
1632 1605 1669 1639 (τί)
1679 1612 1685 1618 ”
1701 1603 1843 1639 λογισμῶν

1050 1656 1200 1692 ἐπιθυμίας
1211 1655 1258 1682 καὶ
1276 1654 1373 1690 μίσους
1389 1652 1604 1688 πεπληρωμένη.

1086 1756 1126 1780 ιε’.
1154 1753 1183 1779 '0
1197 1752 1269 1787 ἴχνος
1285 1750 1382 1786 μίσους
1402 1750 1509 1785 βλέπων
1526 1751 1555 1776 ἐν
1570 1751 1602 1786 τῇ
1617 1749 1715 1776 ἑαυτοῦ
1740 1750 1843 1786 καρδίᾳ

1048 1799 1092 1826 διὰ
1120 1798 1279 1833 οίονδήποτε
1309 1798 1433 1831 πταῖσμα
1456 1796 1525 1831 πρὸς
1539 1795 1585 1823 τὸν
1617 1796 1774 1831 οἰονδήποτε
1793 1797 1842 1824 ἂν-

1049 1846 1169 1880 θρωπον,
1195 1843 1336 1878 ἀλλότριος
1357 1842 1488 1877 τυγχάνει
1509 1842 1626 1877 πάμπαν
1641 1843 1690 1877 τῆς
1707 1843 1747 1873 είς
1771 1842 1842 1869 Θεὸν

1046 1891 1174 1925 ἀγάπης·
1189 1890 1256 1917 διότι
1273 1890 1290 1924 ἡ
1309 1889 1348 1921 είς
1364 1888 1430 1915 Θεὸν
1443 1889 1552 1923 ἀγάπη,
1571 1888 1619 1915 τοῦ
1635 1889 1677 1920 εἰς
1692 1888 1842 1924 ἄνθρωπον

1050 1937 1147 1971 μίσους
1166 1935 1308 1966 παντελῶς
1324 1934 1374 1961 οὐκ
1387 1934 1523 1969 ἀνέχεται.

1086 2027 1133 2057 ις’.
1159 2024 1190 2050 '0
1204 2023 1381 2059 ἀγαπῶνμε,
1398 2025 1480 2058 φησὶν
1493 2026 1507 2050 ὁ
1522 2024 1634 2059 Κύριος,
1645 2024 1699 2056 τὰς
1711 2025 1844 2055 ἐντολάς

1045 2080 1103 2106 μου
1124 2070 1261 2104 τηρήσει·
1281 2070 1357 2104 αὕτη
1368 2069 1402 2097 δέ
1417 2071 1502 2098 ἐστιν
1521 2071 1539 2104 ἠ
1555 2070 1665 2102 ἐντολὴ
1677 2071 1695 2104 ἠ
1707 2070 1776 2104 ἐμὴ,
1789 2071 1841 2097 ἵνα

1047 2116 1186 2151 ἀγαπᾶτε
1209 2115 1376 2148 ἀλλήλους.
1399 2116 1428 2142 '0
1446 2115 1493 2143 οὖν
1521 2116 1557 2151 μὴ
1580 2116 1694 2150 ἀγαπῶν
1710 2116 1756 2142 τὸν
1768 2116 1839 2152 πλη-

1047 2163 1116 2194 σίον,
1134 2163 1184 2197 τὴν
1209 2162 1318 2198 ἐντολὴν
1342 2162 1373 2188 οὐ
1398 2163 1485 2197 τηρεῖ.
1508 2161 1537 2188 '0
1551 2162 1580 2188 δὲ
1599 2162 1647 2197 τὴν
1663 2162 1774 2197 ἐντολὴν
1800 2162 1839 2198 μὴ

1011 2205 1035 2234 ι)
1047 2207 1150 2243 τηρῶν,
1167 2207 1228 2234 οὐδὲ
1241 2207 1286 2233 τὸν
1304 2206 1407 2242 Κύριον
1427 2206 1570 2241 ἀγαπῆσαι
1585 2206 1709 2233 δύναται.

1083 2288 1125 2321 ιζ’.
1147 2290 1290 2323 Μακάριος
1315 2289 1467 2324 ἄνθρωπος,
1493 2288 1507 2315 ὀ
1530 2289 1620 2315 πάντα
1643 2289 1791 2323 ἄνθρωπον
1807 2290 1837 2323 ἐξ

1045 2335 1102 2362 ἴσου
1119 2336 1263 2370 ἀγαπῆσαι
1279 2335 1404 2370 δυνηθείς
1418 2335 1493 2371 [εάὶι.
1509 2335 1646 2371 Manut].

1082 2385 1126 2417 ιη’.
1161 2383 1303 2417 Μακάριος
1333 2382 1496 2417 ἄνθρωπος,
1527 2383 1541 2408 ὁ
1564 2382 1660 2418 μηδενὶ
1688 2383 1836 2419 πράγματι

1044 2427 1187 2463 φθαρτῷῆ
1205 2428 1365 2463 προσκαίρῳ
1384 2428 1592 2463 προσκείμενος.

1081 2473 1122 2500 ιθ¹.
1143 2474 1285 2508 Μακάριος
1298 2474 1311 2499 ὁ
1326 2473 1398 2507 νοῦς,
1417 2476 1431 2500 ὁ
1446 2475 1535 2501 πάντα
1554 2475 1588 2502 τὰ
1612 2475 1676 2501 ὄντα
1697 2476 1834 2511 περάσας,

1044 2520 1090 2546 καὶ
1108 2521 1157 2554 τῆς
1173 2519 1246 2551 θείας
1263 2519 1427 2555 ώραιότητος
1443 2519 1624 2552 ἀδιαλείπτως
1637 2523 1833 2557 κατατρυφῶν.

1079 2567 1114 2591 κ’.
1142 2564 1170 2590 '0
1188 2564 1316 2599 πρόνοιαν
1337 2565 1387 2600 τῆς
1406 2566 1506 2601 σαρκὸς
1531 2567 1571 2597 εἰς
1599 2567 1746 2602 ἐπιθυμίας
1761 2568 1833 2604 [Duo

1043 2609 1117 2646 Regii
1136 2610 1296 2646 ἐπιθυμίαν]
1314 2611 1486 2646 ποιούμενος,
1511 2612 1559 2638 καὶ
1577 2614 1759 2648 μνησικακίαν
1787 2615 1834 2643 διὰ

238 2683 246 2699 ¹
264 2683 316 2710 lsa.
330 2691 366 2716 v1,
383 2684 409 2710 5.
443 2684 453 2699 ¹
471 2684 548 2712 Joan.
560 2692 615 2716 xtv,
632 2685 673 2712 15.
695 2685 705 2700 ³
721 2685 799 2712 Joan.
820 2694 864 2718 xv,
879 2687 922 2714 l2.
960 2687 971 2704 ⁸
989 2689 999 2715 l

1061 2710 1067 2716 .
1084 2697 1141 2723 xm,
1157 2690 1200 2716 M.

236 2755 274 2789 (ιι)
303 2754 390 2789 Ψυχὴ
420 2755 564 2791 furtunae.
598 2755 711 2791 Adjecta
731 2757 776 2783 illa
792 2765 844 2784 vox
860 2765 894 2784 ex
919 2766 985 2786 mss.

200 2788 279 2830 plano
294 2788 699 2830 necessuria..Te_rtlilli:uio'est
718 2792 845 2830 _p_n_ssivus
869 2794 983 2830 animus,

200 2823 228 2851 id
244 2829 295 2857 est,
313 2825 570 2858 perturbationibus
594 2830 677 2861 atque
699 2823 774 2853 vitiis
801 2823 983 2861 mam-ipatus,

1039 2767 1071 2800 ac
1082 2760 1155 2800 quod
1171 2760 1290 2793 reddidi,
1317 2761 1480 2800 libidinosus.
1497 2761 1831 2800 loytcmbipsadcljtet‘is

1038 2796 1104 2821 vitia
1113 2796 1255 2835 dicuntur,
1274 2798 1346 2835 apud
1373 2798 1532 2825 Cassianum
1549 2796 1582 2826 et
1598 2796 1677 2831 alios,
1699 2798 1770 2833 Περὶ
1783 2797 1830 2824 λο-

1039 2831 1154 2864 γισμῶν,
1168 2835 1210 2858 est
1222 2831 1260 2858 De
1271 2832 1351 2859 vitiis.
