1948 3077
139 147 189 179 971

589 141 759 173 CAPITUM
778 140 827 170 DE
845 139 1060 170 CHARITATE
1080 141 1273 170 CENl‘URIA
1295 141 1319 170 Ι.
1710 142 1764 173 9·ῑὲ

138 207 222 239 ἑτέρα
236 204 399 237 δυνήσεται
417 202 493 238 ἡμᾶς
510 205 636 238 χωρίσαι
658 203 717 231 ἀπὸ
739 202 794 237 τῆς
808 202 924 236 ἀγάπης

986 210 1080 234 parare
1095 212 1110 230 a
1122 204 1251 231 clmritate
1267 203 1326 235 Dei,
1343 210 1401 238 qua:
1416 206 1453 229 est
1468 202 1496 229 iu
1514 201 1699 230 Cltristo‘lesu
1717 203 1755 231 Da

138 250 189 278 τοῦ
203 249 288 281 Θεοῦ,
303 249 354 281 τῆς
367 249 402 275 ἐν
414 249 530 282 Χριστῷ
547 249 648 282 Ἰησοῦ
664 248 702 281 τῷ
716 248 813 282 Κυρίῳ
828 247 922 282 ﬁlia)"-

172 295 218 321 οδ’.
237 294 302 329 Περὶ
316 294 343 319 δὲ
363 294 413 329 τῆς
429 294 468 325 εἰς
484 294 529 320 τὸν
557 294 672 330 πλησίον
698 293 818 328 ἀγάπης,
840 293 923 319 ἄκουε

137 340 219 366 πάλιν
229 337 274 366 οἷα
283 339 407 372 λέγουσιν
419 348 426 354 ·
445 339 598 372 Ἀλήθειαν
610 339 688 373 λέγω
697 339 731 365 ἐν
747 337 873 373 Χριστῷ,
888 339 924 365 οὺ

136 386 295 420 ψεύδομαι,
312 385 586 419 συμμαρτυρούσης
611 393 661 419 μοι
680 385 729 411 καὶ
754 384 810 419 τῆς
824 392 925 413 συνει-

135 431 254 465 δήσεώς
276 440 336 465 μου
360 431 395 458 ἐν
414 431 564 465 Πνεύματι
588 431 680 465 ἀγ[ῳ’
703 431 748 457 ὅτι
772 431 855 464 λύπη
872 432 924 465 μοι

135 480 202 506 ἐστι
219 478 332 512 πολλὴ,
355 478 405 504 καὶ
424 477 614 510 ἀδιάλειπτος
637 478 730 510 ὀδύνη
755 477 793 511 τῇ
817 477 924 511 καρδίᾳ

133 533 205 559 μου.
219 524 364 559 Ηὺχόμην
380 524 435 559 γὰρ
449 524 582 558 ἀνάθεμα
597 522 673 551 εἶναι
686 524 778 557 αὐτὸς
791 523 848 559 ἐγὼ
864 523 923 551 ἀπὸ

134 570 190 597 τοῦ
202 570 332 604 Χριστοῦ
351 570 427 604 ὑπὲρ
448 570 508 601 τῶν
524 570 665 605 ἀδελφῶν
687 580 759 605 μου,
773 571 832 598 τῶν
851 579 924 605 συγ-

134 615 232 651 γενῶν
244 625 304 650 μου
323 616 398 643 κατὰ
417 615 526 650 σάρκα,
546 616 656 649 οἵτινές
672 618 751 644 εἰσιν
776 617 923 651 Ἰσραηλῖ-

133 670 193 694 ται,
213 661 261 688 καὶ
281 661 316 688 τὰ
343 661 416 697 ἑξῆς.
438 661 576 692 Ὡσαύτως
589 662 636 688 καὶ
657 663 671 688 ὀ
688 662 818 697 Μωῦσῆς,
835 662 881 688 καὶ
898 663 922 688 οἱ

133 707 225 734 λοιποὶ
240 707 313 741 ἆγιοι
330 706 409 743 [unus
428 706 491 742 Reg.
503 708 550 733 καὶ
566 708 667 740 πάντες
682 709 706 734 οἱ
720 707 814 744 ἇγιοι].

169 756 218 782 οε’.
235 753 269 779 ’0
288 753 326 788 μὴ
349 753 528 788 καταφρονῶν
545 752 623 788 δόξης
639 754 685 780 καὶ
704 754 799 789 ἡδονῆς
811 754 860 790 (9),
876 754 923 780 καὶ

133 797 185 832 τῆς
200 796 306 823 τούτων
323 797 484 832 αὐξητικῆς,
501 798 547 824 καὶ
560 798 593 824 δι’
615 798 699 829 αὐτὰς
715 799 920 834 συνισταμένης,

134 843 329 878 φιλαργυρίας,
346 844 395 874 τὰς
415 842 461 869 τοῦ
485 843 571 878 θυμοῦ
598 844 750 879 προφάσεις
775 845 920 871 ἐκκόπτειν

134 889 166 914 οὐ
180 888 303 915 δύναται.
323 889 352 915 '0
373 888 400 914 δὲ
420 888 521 920 ταύτας
538 889 576 925 μὴ
587 889 722 921 ὲκόπτων,
746 889 795 924 τῆς
816 889 921 921 τελείας

134 933 249 968 ἀγάπης
261 935 352 969 τυχεῖν
369 935 399 961 οὐ
415 933 537 972 δύναται.

170 981 225 1010 ος¹.
244 978 417 1010 Ταπείνωσις
429 979 476 1004 καὶ
492 978 673 1012 κακοπάθεια,
687 980 774 1015 πάσης
786 981 923 1016 ἁμαρτίας

136 1023 310 1059 ἐλευθεροῦσι
325 1024 370 1050 τὸν
385 1024 528 1060 ἄνθρωπον
540 1032 546 1039 ·
566 1026 584 1060 ή
605 1025 664 1060 μὲν,
677 1025 711 1051 τὰ
724 1026 772 1061 τῆς
785 1027 888 1061 ψυχῆς·
905 1028 923 1063 ἡ

134 1069 175 1101 δὲ,
190 1069 225 1096 τὰ
238 1069 285 1096 τοῦ
300 1069 424 1105 σώματος
442 1070 648 1106 περικόπτουςα
662 1071 747 1106 πάθη.
770 1071 854 1098 Τοῦτο
869 1072 923 1109 γὰρ

137 1113 224 1141 ποιῶν
239 1115 286 1141 καὶ
297 1116 310 1141 ὁ
327 1115 461 1151 μακάριος
475 1115 600 1149 φαίνεται
614 1116 705 1149 Δαΰὶδ,
716 1118 745 1144 ὲν
757 1115 797 1149 οἷς
814 1117 922 1153 εὔχεται

136 1159 207 1194 πρὸς
220 1160 265 1185 τὸν
280 1159 357 1192 Θεὸν,
384 1160 486 1194 λέγων·
511 1160 563 1191 ’1ὃέ
583 1161 639 1195 τὴν
662 1163 846 1189 ταπείνωσίν
864 1172 924 1197 μου

136 1204 187 1230 xui
204 1204 260 1231 τὸν
281 1206 378 1233 κόπον
389 1215 460 1241 μου,
480 1207 529 1233 καὶ
554 1207 628 1242 ἄφες
644 1207 746 1241 πάσας
764 1208 817 1242 τὰς
833 1209 925 1244 ἀμαρ-

135 1249 203 1282 ritu;
210 1258 281 1284 μου.

172 1295 221 1328 ος.
237 1296 288 1322 Διὰ
305 1297 353 1331 μὲν
369 1298 423 1324 τῶν
439 1298 554 1328 ἐντολῶν
569 1301 583 1327 ὁ
602 1300 714 1336 Κύριος,
730 1300 844 1334 ἀπαθεῖς
863 1302 926 1334 τοὺς

136 1341 341 1377 ἐργαζομένους
367 1343 454 1375 αὑτὰς
473 1345 617 1372 ἀποτελεῖ·
648 1346 692 1373 διὰ
715 1346 744 1373 δὲ
768 1346 822 1373 τῶν
846 1347 926 1374 θείων

135 1388 290 1424 δογμάτων,
307 1391 352 1418 τὸν
369 1391 509 1427 φωτισμὸν
534 1391 583 1427 τῆς
595 1392 722 1427 γνώσεως
737 1393 828 1426 αὐτοῖς
846 1393 926 1430 χαρι-

137 1434 227 1467 (aut.

173 1485 223 1517 οη’.
240 1482 333 1509 Πάντα
344 1483 378 1510 τὰ
390 1483 524 1519 δόγματα,
539 1484 557 1519 ἢ
577 1485 641 1520 περὶ
655 1485 723 1513 Θεοῦ
738 1486 816 1519 εἰσιν,
831 1487 848 1522 ἢ
862 1487 927 1520 περὶ

980 248 1052 275 mino
1068 255 1156 277 nostra
1172 251 1204 276 “.

1016 292 1058 320 74.
1080 293 1117 320 De
1137 293 1272 320 charitate
1298 297 1390 320 autem
1415 299 1480 328 erga
1502 291 1679 330 proximum,
1703 294 1767 322 audi

978 346 1075 367 rursus
1087 339 1178 374 qualia
1193 339 1340 367 enuntiant
1360 346 1367 365 :
1387 338 1530 366 Veritatem
1541 338 1599 365 dico
1610 339 1636 365 in
1653 338 1767 371 Christo,

977 393 1030 412 non
1047 386 1168 417 mentior,
1194 385 1370 412 testimonium
1390 384 1454 424 mihi
1468 384 1618 419 perhibente
1627 385 1686 419 ipsa
1702 393 1767 412 con-

975 431 1084 457 scientia
1093 438 1151 458 mea
1165 431 1192 458 in
1203 430 1304 466 Spiritu
1319 433 1410 457 sancto
1422 438 1430 457 :
1442 430 1569 465 quoniam
1584 430 1692 457 tristitia
1704 431 1766 458 mihi

977 485 1074 512 magna
1090 480 1141 509 est,
1158 481 1182 502 et
1206 477 1344 505 continuus
1366 475 1442 504 dolor
1461 475 1534 502 cordi
1549 483 1615 502 meo.
1635 475 1766 512 Optabam

975 522 1046 548 enim
1059 529 1106 555 ego
1126 521 1181 556 ipse
1193 521 1334 549 anathema
1351 525 1405 547 esse
1425 528 1441 546 a
1459 519 1562 557 Christo
1577 529 1624 556 pro
1638 521 1766 555 fratribus

977 567 1053 597 meis,
1069 567 1113 601 qui
1127 571 1190 593 sunt
1216 566 1322 601 cognati
1345 566 1396 592 mei
1416 565 1559 593 secundum
1587 574 1703 598 carnem,
1723 567 1767 601 qui

975 615 1037 639 sunt
1048 609 1180 638 Israelita
1191 611 1225 642 ",
1245 614 1274 637 et
1289 618 1351 644 quae
1366 614 1532 645 sequuntur.
1551 609 1686 638 Similiter
1696 618 1766 645 quo-

975 665 1029 692 que
1045 658 1151 694 Moyses
1161 656 1195 690 ",
1211 664 1242 684 ac
1257 657 1345 684 sancti
1358 657 1468 693 reliqui.

1010 747 1055 773 75.
1073 745 1125 779 Qui
1141 745 1254 781 gloriam
1263 750 1291 772 et
1305 746 1485 780 voluptatem,
1503 753 1536 772 ac
1561 753 1625 780 quae
1643 745 1697 773 illis
1717 754 1766 773 au-

974 796 1098 819 mentum
1116 791 1236 826 praebet,
1253 798 1405 826 carumque
1431 791 1517 825 gratia
1539 791 1678 824 consistit,
1695 788 1768 828 lava-

973 837 1063 864 ritiam
1078 844 1131 863 non
1149 837 1312 868 contemnit,
1327 836 1350 864 is
1366 836 1414 864 im
1432 837 1593 864 occasiones
1605 837 1768 865 exscindere

939 878 960 909 Β
976 887 1030 907 non
1063 880 1196 914 potuerit.
1218 879 1269 912 Qui
1282 884 1377 907 autem
1402 879 1452 907 has
1475 887 1531 906 non
1555 884 1691 915 amputat,
1716 887 1768 908 nec

974 926 1122 961 perfectam
1142 926 1306 953 charitatem
1319 925 1451 961 consequi
1464 926 1561 961 possit.

1010 970 1055 997 76.
1075 969 1223 997 llumilitas
1237 970 1383 1004 carnisque
1399 969 1548 1001 aﬂ'liclatio,
1561 969 1595 997 ab
1613 969 1688 1007 omni
1705 977 1768 1004 pec-

974 1021 1035 1043 cato
1051 1017 1191 1043 hominem
1209 1017 1331 1044 liberant
1348 1026 1354 1043 :
1373 1024 1490 1051 quarum
1514 1017 1571 1050 illa,
1587 1017 1671 1043 animi
1685 1025 1692 1049 ;
1708 1017 1767 1044 haec

973 1071 1051 1095 Vero,
1071 1063 1197 1098 corporis
1217 1067 1340 1098 amputat
1353 1063 1429 1089 vitia.
1451 1063 1508 1090 lloc
1530 1063 1604 1090 enim
1617 1067 1644 1089 ct
1668 1063 1767 1090 beatus

974 1107 1059 1134 David
1076 1112 1205 1142 praestare
1223 1111 1404 1139 monstratur,
1423 1115 1484 1135 cum
1501 1108 1528 1134 in
1550 1108 1609 1135 hinc
1624 1107 1709 1135 verba
1732 1107 1767 1135 ad

974 1153 1060 1180 Deum
1078 1158 1221 1188 precatur:
1237 1153 1299 1180 Vide
1314 1153 1491 1181 Immilitatem
1508 1162 1594 1181 meam
1610 1158 1634 1181 et
1652 1154 1767 1182 laborem

976 1205 1071 1229 meum,
1081 1201 1105 1224 et
1119 1197 1220 1224 dimitte
1232 1197 1319 1223 omnia
1329 1202 1437 1232 peccata
1451 1206 1508 1224 mea
1521 1199 1554 1225 ".

1012 1292 1055 1318 77.
1077 1291 1210 1318 Dominus
1229 1299 1279 1326 per
1297 1290 1437 1323 mandata,
1461 1298 1510 1318 eos
1531 1291 1578 1326 qui
1601 1297 1712 1319 servant
1735 1298 1768 1321 ac

976 1343 1137 1373 operantur,
1154 1338 1189 1365 ab
1203 1337 1349 1364 aiiectibns
1361 1345 1394 1364 ac
1407 1337 1487 1373 405
1502 1337 1618 1365 libidine
1631 1338 1767 1367 immunes

976 1384 1068 1412 reddit
1086 1393 1093 1411 :
1110 1391 1159 1419 per
1169 1383 1263 1411 divina
1276 1387 1367 1410 autem
1381 1383 1519 1419 dogmata,
1536 1384 1659 1414 scientia:
1674 1384 1715 1412 eis
1736 1384 1769 1412 il-

977 1430 1169 1468 lustrationem
1179 1429 1288 1457 tribuit.

1013 1477 1057 1505 78.
1078 1477 1209 1512 Dogmata
1220 1476 1311 1503 omnia
1322 1484 1354 1503 ac
1369 1476 1492 1509 decreta,
1508 1481 1555 1503 aut
1569 1477 1604 1504 de
1618 1476 1674 1505 Deo
1693 1482 1768 1511 sunt,

137 1526 246 1574 ὁρατῶν
255 1528 303 1555 καὶ
317 1528 450 1564 ἀοράτων,
468 1529 561 1567 ἥπερ),
579 1531 629 1566 τῆς
645 1532 674 1558 ἐν
692 1531 784 1564 αὺτοῖς
800 1534 926 1568 προνοίας

986 1529 1027 1550 iut
1037 1523 1072 1551 de
1087 1523 1170 1550 rebus
1181 1522 1208 1550 in
1219 1527 1361 1558 aspectum
1370 1522 1542 1556 cadentibus,
1554 1528 1601 1551 aut
1613 1531 1674 1559 quae
1683 1523 1770 1552 aciem

139 1573 187 1599 καὶ
199 1573 330 1607 κρίσεως.

174 1662 225 1689 οθ’.
246 1662 278 1690 Ἦ
297 1662 346 1698 μὲν
377 1664 545 1700 ἐλεημοσύνη
559 1665 627 1701 (l0),
648 1667 680 1693 τὺ
701 1667 816 1702 θυμικὸν
844 1668 926 1704 μέρος

138 1709 187 1743 τῆς
204 1708 293 1744 ψυχῆς
308 1709 469 1744 θεραπεύει’
492 1713 508 1747 ὴ
530 1711 558 1739 δὲ
576 1713 699 1748 νηστεία,
715 1713 764 1749 τὴν
789 1715 839 1749 μὲν
865 1716 926 1742 ἐπι-

139 1754 240 1789 θυμεαν
258 1755 402 1790 μαραίνει·
415 1757 431 1792 ὴ
450 1757 479 1784 δὲ
492 1759 641 1794 προσευχὴ,
654 1759 699 1785 τὸν
712 1759 774 1786 νοῦν
789 1760 926 1795 καθαίρει,

140 1801 188 1826 καὶ
209 1800 278 1835 πρὸς
301 1801 350 1836 τὴν
376 1801 428 1828 τῶν
456 1802 540 1830 ὄντων
569 1804 687 1839 θεωρίαν
708 1806 926 1840 παρασκευάζει.

140 1845 213 1880 Πρὸς
232 1845 286 1880 γὰρ
301 1847 351 1877 τὰς
365 1846 496 1882 δυνάμεις
513 1848 563 1883 τῆς
578 1848 678 1884 ψυχῆς,
695 1850 741 1876 καὶ
754 1850 804 1881 τὰς
818 1850 928 1883 ἐντολὰς
947 1867 950 1870 «

139 1892 154 1916 ὁ
170 1891 273 1926 Κύριος
284 1893 353 1927 ἡμῖν
363 1893 521 1928 ἐχαρίσατο.

176 1941 214 1965 π’.
231 1938 346 1966 Μάθετε
359 1940 410 1966 ἀπ’
424 1940 508 1974 ἐμοῦ,
524 1941 616 1976 φησὶν,
629 1941 673 1968 ὅτι
687 1941 783 1976 πρᾶός
802 1943 860 1977 εΙμι
880 1943 928 1970 καὶ

140 1985 282 2018 ταπεινὸς
293 1984 330 2019 τῇ
342 1986 458 2020 καρδίᾳ,
474 1987 521 2013 καὶ
538 1987 571 2014 τὰ
586 1988 661 2023 ἑξῆς.
683 1989 714 2014 'H
730 1989 779 2023 μὲν
795 1990 927 2025 πραότης,

141 2029 280 2065 ἀτάραχον
301 2030 347 2056 τὸν
368 2031 453 2066 θυμὸν
464 2032 640 2066 διαφυλάττει
653 2042 660 2049 ·
676 2035 693 2069 ἡ
709 2035 737 2060 δὲ
750 2035 928 2068 ταπείνωσις,

140 2074 228 2109 τύφου
240 2075 288 2102 καὶ
303 2075 456 2109 κενοδοξίας
471 2078 517 2104 τὸν
533 2079 595 2105 νοῦν
606 2079 755 2116 ἐλευθεροῖ.

176 2168 234 2192 παπ
248 2166 342 2198 Διττός
363 2167 436 2193 ἐστιν
449 2167 520 2194 ὁτοῦ
533 2167 600 2194 Θεοῦ
616 2169 698 2202 φόϐος
708 2178 714 2184 ·
732 2170 746 2196 ὁ
761 2171 810 2204 μὲν
828 2171 860 2197 ἐκ
876 2171 930 2197 τῶν

979 1570 1122 1597 oculorum
1143 1568 1260 1605 fugiunt,
1276 1573 1324 1597 aut
1339 1569 1373 1596 de
1385 1569 1566 1606 providentiae
1581 1577 1613 1597 ac
1631 1569 1727 1606 judicii
1741 1569 1767 1597 in

979 1616 1020 1643 eis
1033 1616 1196 1643 rationibus.
1390 1646 1394 1651 _

1015 1664 1058 1691 79.
1079 1664 1244 1701 Elcemoyna
1272 1663 1436 1693 irascentem
1457 1663 1540 1691 animi
1556 1667 1661 1698 partem
1675 1671 1768 1698 curat;

978 1711 1114 1747 jejunium
1142 1712 1321 1747 cupiditatem
1351 1715 1473 1739 macerat
1497 1713 1504 1738 Ξ
1526 1711 1615 1738 oratio
1649 1714 1769 1738 mentem

981 1763 1089 1794 purgat,
1102 1762 1130 1785 et
1141 1758 1173 1785 ad
1186 1766 1277 1786 rerum
1291 1756 1555 1792 contemplationem
1562 1756 1768 1792 prteparat.Pro

981 1803 1141 1831 facultatum
1153 1804 1227 1830 enim
1243 1804 1327 1831 animi
1345 1803 1464 1838 ratione,
1477 1803 1560 1830 etiam
1575 1802 1703 1831 mandata
1717 1801 1769 1830 Do-

983 1851 1075 1877 minus
1094 1850 1217 1877 tradidit.

1017 1943 1060 1972 80.
1081 1943 1179 1970 Disrite
1196 1952 1211 1969 a
1226 1951 1275 1975 me,
1295 1943 1394 1977 inquit,
1416 1943 1479 1978 quia
1492 1943 1562 1969 mitis
1571 1949 1630 1968 sum
1646 1946 1670 1968 et
1686 1940 1771 1967 humi-

983 1987 1014 2013 lis
1030 1986 1107 2013 corde
1118 1986 1152 2018 ³⁸,
1172 1990 1272 2020 etquae
1286 1990 1449 2020 sequuntur.
1471 1985 1545 2012 Mitis
1559 1983 1644 2011 animi
1662 1982 1772 2010 alfectio

982 2040 1030 2060 seu
1054 2032 1162 2064 lenitas,
1188 2031 1236 2059 ira:
1260 2031 1417 2059 facultatem
1441 2030 1610 2058 inturhatam
1632 2028 1771 2062 custodit;

983 2079 1123 2106 humilitas
1147 2085 1213 2104 vero
1232 2085 1247 2104 τι
1270 2077 1407 2112 superbiae
1439 2076 1510 2104 fastu
1530 2083 1562 2104 ac
1590 2075 1666 2103 inani
1687 2074 1772 2111 gloria

984 2129 1103 2152 mentem
1116 2124 1230 2151 liberam
1245 2123 1345 2164 reddit.

1020 2171 1063 2198 8|.
1078 2170 1182 2204 Duplex
1195 2172 1237 2196 est
1255 2169 1303 2196 Dei
1316 2168 1398 2195 timor
1415 2178 1422 2196 :
1442 2169 1522 2201 alter,
1534 2175 1617 2204 quem
1635 2167 1770 2196 minarum

141 2211 274 2237 ἁπειλῶνσ
284 2211 334 2246 τῆς
352 2212 489 2244 κολάσεως
504 2213 570 2248 ἡμῖν
594 2214 793 2250 ὲντικτόμενος,
815 2216 849 2243 δι’
866 2217 894 2243 ὃν
911 2219 926 2252 ή

986 2218 1024 2245 vis
1040 2217 1220 2250 iucussusque
1238 2215 1365 2250 supplicii
1380 2219 1471 2242 terror
1488 2215 1515 2242 in
1528 2215 1609 2242 nobis
1624 2214 1709 2250 parit;
1721 2222 1770 2249 per

141 2258 293 2292 ἐγκράτεια
308 2258 357 2284 καὶ
369 2259 385 2293 ἡ
398 2260 530 2296 ὑπομονὴ,
544 2261 591 2287 καὶ
606 2262 623 2296 ἡ
641 2261 681 2292 εἰς
693 2261 760 2288 Θεὸν
779 2263 867 2294 ἐλπὶς,
884 2264 931 2289 καὶ

141 2304 159 2337 ή
173 2302 304 2336 ἀπάθεια,
320 2301 424 2340 ὲξῆςὴ
450 2306 557 2341 ἀγάπη,
576 2307 649 2333 κατὰ
670 2307 746 2340 τάξιν
772 2309 838 2343 ἡμῖν
856 2309 931 2343 ἐγγί-

140 2356 250 2374 νονται-
267 2350 281 2374 ὁ
295 2348 334 2382 δὲ,
345 2350 413 2385 αὐτῇ
429 2352 462 2386 τῇ
475 2351 570 2387 ἀγάπῃ
586 2352 771 2384 συνέζευκται,
788 2353 932 2381 εὐλάϐειαν

140 2394 176 2428 τῇ
192 2392 264 2428 ψυχῇ
285 2394 330 2420 ἀεὶ
347 2394 478 2429 ἐμποιῶν,
497 2396 540 2422 ἵνα
558 2397 594 2432 μὴ
609 2397 652 2424 διὰ
676 2397 726 2433 τὴν
751 2398 800 2432 τῆς
821 2400 932 2436 ἀγάπης

141 2440 312 2474 πιῤῥησὶαν,
325 2441 365 2472 εἰς
380 2442 582 2478 καταφρόνησιν
597 2443 664 2470 Θεοῦ
680 2444 754 2480 ἔλθῃ.

178 2485 234 2520 πβ’.
251 2485 304 2512 Τὸν
332 2486 381 2522 μὲν
399 2487 505 2522 πρῶτον
521 2488 603 2522 φόῧον
622 2488 675 2521 ἔξω
693 2489 783 2524 βάλλει
800 2491 816 2526 ὴ
842 2491 933 2518 τελεία

141 2531 237 2566 ὰίάπη
263 2532 312 2567 τῆς
338 2532 428 2567 ψυχῆς
445 2533 495 2568 τῆς
521 2535 694 2570 κεκτημένης
713 2536 810 2571 αὐτὴν,
834 2539 934 2574 μηκέτι

141 2578 194 2611 τὴν
217 2577 328 2605 κόλασιν
352 2579 536 2614 ᾳοὸουμένης·
566 2581 612 2606 τὺν
634 2581 662 2607 δὲ
684 2581 822 2618 δεύτερον,
850 2585 932 2620 ἑαυτῇ

141 2624 201 2658 ἔχει
225 2624 280 2656 ἀεὶ,
297 2624 336 2657 ὡς
361 2625 468 2660 εἴρηται
489 2627 715 2662 συνεζευγμένον.
743 2629 797 2656 Καὶ
822 2630 860 2665 τῷ
883 2631 933 2665 μὲν

141 2669 246 2704 πρώτῳ
262 2670 348 2706 φόϐῳ.
364 2671 477 2706 ἁρμόζει
491 2672 530 2704 τὸ,
550 2671 593 2705 Τῷ
605 2674 686 2707 φόϐῳ
706 2675 815 2708 Κυρίου
831 2676 932 2704 ἐκκλί-

143 2725 187 2744 νει
212 2716 272 2750 πᾶς
289 2717 349 2744 ἀπὸ
369 2718 472 2746 κακοῦ.
499 2719 563 2752 Καὶ,
591 2719 681 2754 Ἀρχὴ
707 2721 818 2755 σοφίας
841 2722 932 2757 φόϐος

177 2809 202 2825 ’⁸⁸
216 2807 300 2844 Rom.
318 2817 373 2837 vin.
389 2810 431 2838 55.
484 2811 504 2826 ’⁷
519 2810 598 2838 Rom.
626 2819 662 2842 ix,
680 2811 704 2844 l,
725 2812 751 2839 5.

141 2846 164 2862 ’⁵
181 2843 286 2873 lJoan.
307 2853 343 2877 iv,
360 2845 402 2873 i8.
441 2846 462 2861 ³¹
477 2845 555 2873 Prov.
571 2855 614 2879 xv,
631 2847 674 2874 Ἦ.

805 2814 827 2830 "'
842 2815 927 2842 Exod.
945 2823 1026 2849 χχχιι,
1040 2815 1069 2842 Si

982 2271 1064 2299 quem
1077 2262 1259 2292 continentia,
1273 2261 1415 2296 patientia,
1428 2268 1491 2296 spes
1513 2261 1540 2288 in
1552 2261 1649 2293 Deum,
1670 2260 1770 2296 imper-

982 2310 1104 2337 turbatio
1123 2308 1167 2345 (ex
1181 2316 1234 2343 qua
1254 2307 1384 2342 Charitas)
1410 2306 1530 2342 quadam
1546 2306 1575 2333 in
1596 2306 1677 2334 nobis
1697 2306 1770 2333 serie

982 2356 1194 2392 progignuntur;
1208 2354 1287 2387 alter,
1300 2353 1351 2389 ipsi
1369 2353 1534 2388 conjunctus
1548 2352 1686 2384 charitati,
1699 2359 1770 2380 sem-
1795 2374 1799 2377 ,

983 2410 1031 2437 per
1043 2402 1164 2429 animum
1184 2400 1285 2436 pietate
1306 2406 1475 2434 componens
1499 2406 1531 2426 ac
1555 2398 1722 2430 reverentia,
1735 2405 1771 2426 ne

982 2456 1032 2484 per
1042 2447 1186 2474 charitatis
1200 2446 1325 2474 ﬁduciam
1339 2446 1366 2472 in
1383 2449 1572 2480 contemptum
1585 2444 1634 2471 Dei
1646 2445 1751 2472 veniat.

1017 2494 1061 2521 82.
1082 2493 1202 2521 Primum
1215 2493 1340 2519 timorem
1367 2491 1440 2519 foras
1457 2490 1542 2518 mittit
1566 2489 1687 2525 perfecta
1704 2490 1771 2517 cha-

984 2541 1051 2568 ritas
1067 2540 1101 2573 ³³,
1114 2540 1228 2575 ejusque
1240 2539 1333 2566 animo
1355 2538 1442 2574 ejicit,
1452 2537 1500 2573 qui
1516 2537 1561 2564 illa
1578 2536 1712 2572 praeditus
1722 2535 1770 2567 sit,

983 2594 1020 2614 ne
1033 2587 1087 2622 iam
1110 2587 1205 2613 timeat
1229 2592 1338 2620 pcenam
1357 2580 1499 2611 :'alterum
1512 2591 1588 2616 vero,
1604 2582 1644 2610 uti
1667 2582 1770 2610 dictum

985 2637 1037 2666 est,
1060 2640 1170 2668 semper
1188 2631 1479 2666 habebconjunctum.
1500 2629 1537 2657 Ac
1555 2629 1642 2664 priori
1659 2627 1771 2664 quidem

987 2679 1078 2706 timori
1089 2678 1217 2714 quadrat,
1229 2677 1300 2712 quod
1316 2676 1353 2705 ita
1361 2676 1462 2704 dicitur
1476 2685 1482 2702 :
1496 2676 1598 2704 Timore
1606 2675 1712 2702 Domini
1725 2674 1769 2700 de-

986 2724 1067 2751 clinat
1085 2724 1168 2750 omnis
1181 2732 1197 2750 a
1210 2721 1281 2749 malo
1296 2722 1330 2748 ³².
1345 2721 1379 2748 Ει
1395 2729 1401 2748 :
1422 2720 1532 2748 Initium
1545 2719 1681 2754 sapientiai
1696 2720 1773 2746 timor

1142 2814 1164 2830 "
1180 2814 1251 2842 Psal.
1274 2823 1363 2846 cxvnl,
1390 2813 1447 2840 liii}.
1514 2815 1535 2830 ³ο
1558 2811 1651 2840 Matth.
1674 2820 1710 2845 x1,
1731 2812 1774 2840 29.
