1948 3077
81 146 131 179 931

530 150 699 182 CAPITUM
717 151 768 182 DE
787 151 1006 199 (ξΗΛΒΙΤΛΤΕ
1026 152 1220 183 CENTURIA
1241 153 1254 183 Ι

1670 153 1725 185 982

117 206 176 238 mf.
196 203 282 230 ὀταν
294 203 338 231 ἀεὶ
352 204 382 231 ὲν
397 205 437 240 τῷ
451 205 542 242 καιρῷ
556 207 606 242 τῆς
622 208 778 243 προσευχῆς
792 207 876 244 μηδὲν

965 207 1009 235 88.
1027 207 1096 236 Cum
1123 208 1196 236 inter
1209 207 1355 241 orandum,
1377 207 1453 235 nulla
1478 215 1599 243 unquam
1630 216 1724 236 rerum

81 250 137 277 τῶν
151 249 201 277 τοῦ
223 251 328 286 κόσμου
352 253 497 288 νοημάτων
516 253 677 290 διενοχλήσῃ
692 253 731 289 τῷ
750 253 798 289 νῷ,
813 254 876 281 τότε

83 296 202 329 γίνωσκε
219 297 318 324 σαυτὸν
334 297 372 333 μὴ
394 297 448 330 ἐξω
473 296 544 326 εἶναι
566 299 621 327 τῶν
636 300 708 336 ὅρων
732 300 783 335 τῆς
805 300 877 327 άπα-

83 343 172 375 θείας.

119 388 176 415 πθ¹.
195 388 280 416 Ὅταν
295 391 313 425 ἡ
327 389 401 425 ψυχὴ
416 390 536 426 ἄρχηται
548 391 598 428 τῆς
614 391 682 424 ιδίας
693 391 787 426 ὑγείας
799 393 878 419 ἐπαι-

84 434 244 468 σθάνεσθαι,
260 436 322 463 τότε
339 437 387 464 καὶ
403 437 453 469 τὰς
477 438 507 464 ὲν
522 439 580 470 τοῖς
601 437 696 470 ὕπνοις
713 438 877 473 φαντασίας,

83 481 166 515 ψιλὰς
183 482 232 508 καὶ
244 483 401 518 ἀταράχους
416 483 529 520 ἄρχεται
545 483 666 520 βλέπειν.

117 526 158 560 (τ’.
176 527 282 563 Ὠσπερ
298 529 344 555 τὸν
357 529 488 565 αἰσθητδν
499 529 668 567 ὀφθαλμδνὴ
692 530 810 567 καλλονή
824 531 879 558 τῶν

84 573 210 608 ὁρατῶν·
225 573 298 601 οὕτω
317 575 422 602 καὶτὸν
434 575 554 612 καθαρὸν
573 576 645 610 νοῦν,
667 578 684 613 ἡ
703 577 803 612 γνῶσις
824 578 880 605 τῶν

85 620 212 655 ἀοράτων
227 621 296 656 πρὸς
311 621 412 659 ἑαυτὴν
428 623 591 651 ἐπισπᾶται.
611 623 730 660 ’Δόρατα
744 624 773 650 δὲ
794 624 877 662 λέγω,

84 665 119 692 τά
132 665 279 701 ἀσώματα.

120 758 177 789 ια’.
197 757 278 791 Μέγα
296 757 345 792 μὲν
357 758 389 785 τὸ
402 758 472 794 πρός
487 759 521 787 τὰ
538 760 690 796 πράγματα
702 761 739 797 μὴ
752 762 879 798 πάσχεινο

928 254 1020 282 steculi
1031 255 1151 289 cogitata
1172 255 1288 282 molesta
1303 254 1470 290 ingruerint,
1489 258 1556 282 tunc
1569 260 1647 282 extra
1670 255 1724 283 im-

927 298 1157 334 perturbationis,
1175 298 1315 333 animique
1337 298 1548 333 tranquillitatis
1565 298 1668 327 sedatis
1680 299 1722 326 al-

928 343 1048 372 fectibus
1059 344 1138 377 ﬁnes,
1154 344 1228 372 haud
1241 348 1266 372 te
1280 344 1460 372 constitutum
1473 351 1533 371 esse
1545 344 1667 372 noveris.

964 390 1008 419 89.
1029 391 1082 420 Ubi
1100 391 1209 419 animus
1225 399 1281 419 suo:
1305 390 1432 419 sanitatis
1448 398 1559 418 sensum
1575 391 1720 426 percipere

929 438 1055 473 ceperit,
1078 442 1145 466 tunc
1170 444 1198 466 et
1212 446 1274 474 qua:
1299 439 1328 466 in
1349 439 1455 466 somnis
1471 438 1531 467 visa
1547 439 1627 473 ﬁunt,
1650 439 1724 467 nuda

930 484 1056 520 citraque
1068 485 1308 520 perturbationem
1322 485 1419 513 videre
1435 485 1544 521 incipit.

965 530 1009 558 90.
1029 530 1269 564 Quemadmodum
1295 539 1388 559 rerum
1403 532 1553 560 visibilium
1571 533 1726 568 pulchritu-

930 575 977 609 do,
992 577 1104 604 oculum
1120 577 1249 605 sensibus
1263 577 1403 613 obiectum
1416 586 1424 612 ;
1440 577 1480 606 sic
1492 584 1628 614 etpuram
1644 587 1725 607 meu-

931 627 986 651 tem
1010 622 1044 650 ad
1067 631 1096 650 se
1123 623 1210 651 allicit
1246 624 1367 659 cognitio
1401 632 1497 652 rerum
1530 624 1724 655 invisibilium.

930 667 1011 704 5.07
1024 668 1177 697 invisibilia
1203 674 1296 698 autem
1317 677 1397 703 voco.
1421 669 1543 706 Spiritus
1560 671 1669 699 scilicet
1693 679 1726 699 ac

930 715 978 750 qui
995 715 1152 751 incorporei
1165 720 1241 745 sunt.

966 760 1012 788 9|.
1021 761 1149 797 Magnum
1161 761 1272 797 quidem
1282 770 1375 790 rerum
1383 762 1498 791 libidine
1508 762 1619 791 minime
1634 762 1705 792 allici
1717 772 1724 790 :

86 805 180 838 μεῖζον
204 803 233 830 δὲ
262 804 365 840 πολλῷ,
387 806 418 832 τὸ
446 805 515 842 πρὸς
544 807 595 838 τὰς
616 809 768 842 φαντασίας
791 809 880 836 αὐτῶν

944 811 960 834 ιι
976 807 1057 843 longe
1069 808 1169 844 majus,
1181 808 1222 836 sic
1235 816 1429 844 perseverare.
1448 812 1479 836 ut
1492 817 1528 837 ne
1546 817 1644 837 earum
1661 811 1724 845 qui-

84 849 178 885 ἁπαθῆ
197 850 346 885 διαμεῖναι.
368 851 441 878 Διότι
464 853 478 878 ό
501 852 545 879 διὰ
569 853 623 879 τῶν
648 853 787 890 λογισμῶν
812 856 880 890 πρὸς

944 853 994 881 lem
1015 854 1230 889 cogitationibus
1245 854 1381 884 aﬁiciaris.
1399 854 1506 890 Quippe
1519 855 1631 891 gravius
1651 856 1725 891 quod

84 896 161 930 ἡμᾶς
176 896 232 922 τῶν
249 896 385 931 δαιμόνων
403 897 520 933 πόλεμος
532 918 539 930 ,
555 899 602 926 τοῦ
618 899 662 926 διὰ
679 900 733 927 τῶν
750 901 881 936 πραγμά-

944 908 982 928 ter
1005 908 1052 928 eas
1074 900 1225 934 daemones,
1243 909 1327 936 quam
1337 901 1411 937 quod
1422 910 1472 937 per
1485 909 1531 930 res
1543 902 1628 938 ipsas,
1639 902 1666 930 in
1675 910 1726 930 nos

83 950 138 968 των
154 942 277 977 πολέμου
291 943 350 970 ἐστὶ
363 943 566 980 χαλεπώτερος.

944 946 1035 973 »οιιιιιη
1047 945 1199 974 instruunt.
1361 969 1365 972 .

119 988 174 1022 ιβ’.
204 988 236 1016 '0
256 988 307 1021 τὰς
331 989 433 1026 ἀρετὰς
460 991 649 1027 κατορθώσας,
665 992 714 1020 καὶ
735 994 768 1029 τῇ
781 993 881 1028 γνώσει

968 991 1012 1019 92.
1028 992 1079 1025 Qui
1094 993 1150 1028 jam
1161 992 1280 1020 virtutes
1302 992 1430 1028 adeptus,
1445 1000 1477 1020 ac
1489 993 1604 1021 scientia
1623 993 1729 1028 potitus

83 1035 252 1070 πλουτήσας,
264 1036 302 1067 ὼς
316 1037 440 1071 φυσικῶς
452 1037 546 1065 λοιπὸν
558 1039 593 1066 τά
608 1039 760 1075 πράγματα
772 1040 880 1076 διορῶν,

944 1042 986 1070 εει,
999 1040 1030 1064 ut
1049 1037 1096 1072 qui
1118 1037 1250 1073 deinceps
1269 1045 1314 1065 res
1331 1037 1460 1073 dispiciat
1476 1039 1519 1066 uti
1542 1042 1641 1066 natura
1651 1046 1728 1067 com-

83 1081 175 1108 πάντα
192 1081 265 1108 κατά
280 1082 325 1109 τὸν
342 1082 422 1119 ὀρθὸν
437 1083 518 1118 λόγον
536 1084 584 1111 καὶ
598 1085 715 1120 πράττει
731 1086 777 1113 καὶ
794 1087 881 1114 διαλέ-

944 1086 1062 1110 iaratum
1074 1087 1128 1116 est,
1152 1087 1254 1111 cuncta
1271 1087 1348 1111 recta
1368 1083 1477 1111 ratione
1505 1087 1564 1111 tum
1579 1083 1649 1119 agit,
1669 1088 1726 1111 tum

83 1136 175 1161 γεται,
191 1128 222 1154 τὸ
239 1128 349 1156 σύνολον
367 1129 404 1165 μὴ
421 1130 676 1166 παρατρεπόμενος.
699 1132 746 1159 Ἐκ
765 1132 820 1168 γάρ
834 1132 881 1160 τοῦ

944 1128 1069 1163 oquitur,
1086 1128 1164 1156 nullo
1178 1136 1294 1164 prorsus
1311 1128 1340 1156 in”
1353 1129 1449 1164 aliquo
1463 1136 1562 1157 errore
1581 1129 1726 1157 abductus.

83 1176 205 1209 εὐλόγως
224 1177 241 1212 ἢ
264 1176 429 1212 παραλόγως
445 1178 502 1210 τοῖς
518 1178 664 1214 πράγμασι
682 1179 848 1215 χρήσασθαι,
864 1180 880 1216 ἢ

944 1174 974 1200 Ex
991 1181 1025 1201 eo
1044 1174 1119 1202 enim
1135 1173 1210 1209 quod
1230 1170 1305 1202 recte
1330 1182 1363 1202 ex
1390 1175 1497 1202 ratione
1519 1182 1554 1202 ac
1572 1175 1731 1203 inconsulto

84 1223 242 1259 ἐνάρετοιῆ
264 1224 362 1257 φαῦλοι
383 1224 527 1260 γινόμεθα.

120 1271 175 1303 Lf.
190 1270 309 1305 Σημεῖον
319 1270 407 1306 ἄκρας
420 1270 568 1305 ἀπαθείας,
582 1271 612 1298 τὸ
628 1271 694 1306 ψιλά
706 1272 739 1298 τὰ
756 1272 882 1308 νοήματα

83 1315 139 1341 τῶν
153 1315 327 1351 πραγμάτων
342 1316 386 1342 ἀεὶ
401 1316 559 1343 ἀναϐαίνειν
574 1317 620 1344 ἐπὶ
630 1317 680 1352 τὴν
695 1317 821 1353 καρδίαν,
835 1318 884 1346 καὶ

85 1361 272 1397 ὲγρηγορότος
286 1360 333 1387 τοῦ
349 1360 486 1397 σώματος,
501 1363 549 1389 καὶ
564 1363 636 1390 κατὰ
653 1364 717 1395 τοὺς
735 1362 846 1396 ὕπνους.

119 1450 172 1484 Lﬁ'.
195 1450 245 1477 Διά
268 1450 319 1485 μὲν
338 1450 388 1485 τῆς
401 1451 533 1486 ἐργασίας
547 1451 602 1478 τῶν
616 1451 741 1485 ἐντολῶν,
755 1451 789 1478 τὰ
807 1452 882 1488 πάθη

84 1496 98 1522 6
113 1495 177 1528 νοῦς
193 1495 352 1522 άποδύεταν
368 1496 412 1523 διὰ
425 1497 453 1523 δὲ
467 1499 517 1532 τῆς
539 1498 593 1538 τῶν
611 1497 718 1533 ὁρατῶν
731 1506 879 1534 πνευματι-

934 1219 1018 1247 rebus
1033 1224 1157 1252 utamur,
1172 1224 1220 1247 aut
1234 1220 1353 1248 studiosi
1369 1220 1491 1248 autmali
1509 1220 1655 1249 eﬁicimur.

969 1265 1013 1293 95.
1024 1265 1144 1293 Summae
1158 1265 1417 1300 imperturbationis
1431 1267 1574 1302 animique
1584 1266 1731 1294 aﬁ‘ectibus

933 1311 1019 1339 vacui
1030 1312 1163 1339 indicium
1178 1312 1314 1346 estfquod
1324 1312 1405 1340 nudre
1420 1320 1529 1348 semper
1544 1321 1575 1340 ac
1588 1313 1729 1348 simplices

935 1363 1029 1383 rerum
1056 1356 1185 1383 notiones
1209 1364 1346 1392 sensuque
1364 1356 1394 1384 in
1418 1365 1467 1385 cor
1492 1358 1653 1391 ascendant,
1671 1359 1728 1388 sive

934 1401 999 1429 dum
1015 1409 1117 1437 corpus
1131 1402 1236 1437 vigilat,
1249 1402 1307 1430 sive
1321 1402 1386 1430 dum
1400 1411 1483 1438 sopor
1499 1408 1584 1431 tenet.

970 1448 1013 1475 94.
1031 1448 1192 1476 Pnnestando
1204 1448 1343 1479 mandata,
1357 1449 1467 1478 animus
1477 1449 1608 1477 libidines
1621 1457 1653 1477 ac
1663 1449 1731 1478 vitia

934 1496 1011 1523 exuit
1025 1505 1031 1523 :
1053 1504 1145 1523 rerum
1172 1504 1239 1524 vero
1256 1497 1284 1523 in
1295 1502 1438 1532 aspectum
1455 1497 1614 1525 cadentium
1632 1505 1732 1533 specu.

85 1542 139 1577 κῆς
153 1542 283 1577 θεωρίας,
302 1542 337 1569 τὰ
358 1542 471 1578 ἐμπαθῆ
487 1543 542 1570 τῶν
562 1543 734 1578 πραγμάτων
745 1545 880 1579 νοήματα.

944 1542 1050 1575 ationc,
1061 1542 1226 1570 libidinosas
1245 1547 1329 1578 atque
1343 1543 1411 1571 vitio
1426 1544 1563 1572 haerentes
1575 1552 1669 1572 rerum
1681 1551 1726 1571 co-

84 1587 136 1614 Διά
160 1588 191 1614 δὲ
219 1588 271 1623 τῆς
293 1588 348 1615 τῶν
369 1589 493 1624 ἀοράτων
508 1589 633 1623 γνώσεως
659 1589 726 1625 (l5),
756 1590 805 1626 τὴν
828 1590 882 1617 τῶν

84 1632 193 1668 ὁρατῶν
211 1631 339 1668 Θεωρίαν·
362 1632 464 1669 ταύτην
480 1633 519 1666 δὲ,
549 1633 592 1661 διὰ
614 1635 665 1670 τῆς
691 1633 819 1669 γνώσεως
833 1634 883 1670 τῆς

85 1677 168 1712 ἁγίας
185 1678 314 1714 Τριάδος.

120 1727 174 1759 ιε’.
192 1725 299 1758 ’Ὠσπερ
317 1726 331 1752 ό
356 1725 431 1760 ἥλιος
456 1725 611 1753 ἀνατέλλων
638 1726 683 1752 καὶ
708 1726 754 1753 τδν
781 1725 883 1761 κόσμον

86 1770 225 1804 φωτίζων,
241 1770 363 1798 δείκνυσί
379 1780 407 1798 τε
426 1772 521 1799 ἑαυτὸν
534 1772 581 1798 καὶ
595 1772 630 1799 τὰ
646 1772 782 1799 ὑπἀὐτοῦ
800 1781 884 1807 φωτι-

86 1817 189 1852 ζόμενα
205 1816 448 1852 πράγματα-οὔτω
460 1817 528 1844 καὶὸ
537 1818 586 1852 τῆς
601 1818 775 1854 δικαιοσύνης
789 1819 884 1851 Ἤλιος

85 1863 125 1899 τῷ
140 1863 256 1899 καθαρῷ
277 1862 315 1898 νῷ
335 1863 499 1894 ἀνατέλλων,
512 1864 560 1890 καὶ
580 1863 674 1890 ἑαυτὸν
691 1863 821 1897 δείκνυσι,
836 1865 884 1891 καὶ

87 1909 198 1936 πάντων
213 1909 268 1936 τῶν
285 1909 330 1935 ὑπ’
353 1908 436 1936 αὑτοῦ
451 1909 602 1943 γεγονότων
624 1909 672 1936 καὶ
693 1909 884 1945 γενησομένων

86 1957 151 1987 τοὺς
160 1955 269 1990 λόγους.

120 2005 181 2036 ις’.
199 2002 258 2029 Οὐκ
276 2003 309 2029 ὲκ
324 2001 375 2037 τῆς
387 2002 481 2034 οὐσίας
500 2001 584 2029 αὑτοῦ
603 2002 650 2029 τὸν
671 2002 738 2029 Θεδν
752 2002 885 2037 γινώσκο-

88 2058 150 2084 μεν,
167 2048 227 2075 ἀλλ’
242 2050 275 2075 ὲκ
294 2048 343 2083 τῆς
360 2048 563 2084 μεγαλουργίας
577 2048 661 2075 αὐτοῦ
688 2048 738 2075 καὶ
754 2048 885 2084 προνοίας

87 2095 142 2121 τῶν
156 2095 252 2122 όντων.
282 2094 332 2121 Διά
355 2094 457 2121 τούτων
480 2095 535 2130 γὰρ
553 2094 591 2126 ὡς
606 2095 641 2121 δι’
655 2094 808 2130 ἐσόπτρων,
831 2095 882 2130 τὴν

87 2140 203 2175 ἄπειρον
227 2138 383 2175 ἀγαϐότητα
407 2140 455 2166 καὶ
477 2139 574 2175 σοφίαν
592 2140 639 2166 καὶ
666 2139 780 2175 δύναμιν
798 2148 884 2167 κατα-

88 2193 215 2221 νοουμεν.

935 1589 1096 1624 gitationes;
1111 1596 1203 1616 rerum
1221 1593 1312 1616 autem
1332 1589 1513 1617 invisibilium
1528 1590 1654 1623 scientia,
1667 1590 1724 1617 visi-

935 1635 1032 1662 bilium
1047 1634 1266 1670 speculationem
1280 1644 1287 1662 :
1303 1635 1375 1663 hanc
1385 1635 1506 1671 denique
1530 1640 1631 1663 sanctae
1640 1635 1731 1663 Trini-

934 1681 1000 1709 tatis
1014 1681 1131 1708 scientia
1149 1681 1255 1716 abjicit.

970 1728 1014 1755 95.
1035 1727 1274 1761 Quemadmodum
1290 1727 1330 1755 sol
1346 1727 1440 1755 oriens
1454 1736 1486 1755 ac
1511 1727 1646 1755 mundum
1666 1728 1730 1755 illu-

935 1774 1056 1805 minans,
1085 1778 1143 1801 tum
1165 1773 1226 1808 ipse
1257 1780 1296 1806 se,
1324 1778 1382 1800 tum
1397 1781 1459 1807 quae
1477 1773 1551 1800 illius
1577 1772 1732 1808 fulgoribus

935 1819 1146 1850 collustrantur,
1168 1817 1261 1852 prodit
1280 1825 1287 1844 :
1308 1816 1349 1844 sic
1375 1820 1403 1844 et
1419 1816 1535 1852 justitiac
1557 1815 1603 1844 Sol
1622 1815 1731 1844 munda:

937 1864 1023 1892 menti
1045 1864 1186 1895 exoriens,
1206 1867 1263 1890 tum
1282 1862 1422 1897 seipsum,
1447 1867 1504 1889 tum
1528 1862 1588 1898 ipso
1616 1867 1731 1892 auctore

936 1909 1112 1938 conditorum
1129 1908 1253 1936 omnium
1266 1915 1298 1935 ac
1312 1907 1519 1935 condendorum
1541 1907 1664 1935 rationes
1684 1915 1730 1936 os-

938 1955 1038 1983 tendit.

971 2000 1018 2028 9G.
1037 2000 1098 2028 Non
1117 2007 1152 2027 ex
1173 1999 1331 2027 substantia
1348 2007 1397 2026 sua
1413 1998 1500 2026 Deum
1526 1999 1729 2035 cognoscimus,

937 2046 985 2074 sed
1003 2053 1037 2073 ex
1059 2045 1210 2073 creationis
1231 2044 1436 2081 magniﬁcentia
1462 2053 1612 2080 rerumque
1639 2046 1732 2081 provi-

938 2093 1044 2120 dentia.
1057 2092 1111 2120 Per
1128 2092 1186 2120 haec
1201 2092 1275 2119 enim
1303 2096 1334 2119 ut
1357 2099 1406 2127 per
1433 2091 1545 2126 specula
1559 2112 1566 2124 ,
1595 2091 1730 2122 inﬁnitam

941 2138 1125 2174 intelligimus
1146 2137 1300 2166 bonitatem
1327 2142 1355 2166 et
1381 2137 1547 2174 sapientiam
1574 2142 1603 2166 et
1631 2143 1731 2173 poten-

939 2185 1017 2212 tiam.

122 2214 177 2266 πιέν.
198 2232 230 2258 '0
244 2231 366 2268 καθαρὸς
380 2231 454 2264 νοῦς,
476 2231 493 2268 ἢ
519 2232 549 2259 ἐν
571 2233 627 2264 τοῖς
650 2232 739 2268 ψιλοῖς
767 2232 881 2268 νοήμασι

973 2231 1018 2258 97.
1039 2230 1140 2259 Munda
1161 2237 1250 2263 mens,
1276 2234 1324 2257 aut
1339 2230 1366 2258 in
1393 2230 1476 2257 nudis
1488 2214 1674 2259 humanarum
1686 2238 1731 2258 re-

87 2278 142 2305 τῶν
157 2278 339 2314 ἀνθρωπίνων
355 2279 526 2314 πραγμάτων
554 2279 723 2315 εὑρίσκεται,
749 2279 766 2313 ἢ
794 2281 824 2307 ὲν
847 2281 880 2316 τῇ

86 2323 264 2360 τῶνόρατῶν
280 2326 385 2360 φυσικῇ
403 2325 516 2361 θεωρίᾳ,
537 2325 554 2361 ἢ
572 2327 601 2352 ὲν
623 2327 656 2361 τῇ
673 2325 728 2353 τῶν
747 2325 882 2361 ἀοράτων·

87 2370 104 2403 ἢ
119 2371 149 2398 ὲν
161 2370 201 2406 τῷ
215 2370 286 2405 φωτὶ
309 2370 359 2406 τῆς
379 2371 460 2405 άγίας
475 2371 600 2407 Τριάδος.

121 2459 233 2495 ιιη¹.Ἑν
245 2460 279 2495 τῇ
291 2458 346 2486 τῶν
359 2458 466 2494 ὁρατῶν
482 2458 585 2494 θεωρίᾳ
597 2458 769 2494 γενόμενος-ό
784 2457 857 2491 νοῦς,
868 2459 885 2495 η

86 2506 151 2538 τοὺς
162 2505 297 2540 φυσικοὺς
320 2504 410 2532 αὐτῶν
434 2504 530 2539 λόγους
547 2505 656 2540 ἐρευνᾷ,
670 2505 686 2540 ἢ
704 2505 766 2537 τοὺς
785 2503 820 2531 δι’
837 2505 887 2532 αὒ-

87 2551 143 2579 τῶν
157 2551 387 2587 σημαινομένους,
402 2551 419 2586 ἢ
438 2552 524 2587 αὐτὴν
537 2551 586 2587 τὴν
605 2551 697 2579 αἰτίαν
710 2551 796 2587 ζητεῖ.

122 2646 177 2680 μοι.
205 2646 250 2673 Ἐν
274 2646 303 2673 δὲ
323 2647 356 2682 τῇ
373 2646 428 2673 τῶν
452 2646 578 2682 ἀοράτων
596 2645 755 2682 διατρίϐων,
776 2645 838 2678 τούς
854 2654 884 2673 τε

88 2693 224 2728 φυσικοὺς
249 2692 342 2719 αὐτῶν
364 2692 460 2727 λόγους
482 2693 570 2727 ζητεῖ,
597 2693 644 2719 καὶ
659 2692 708 2729 τὴν
731 2693 822 2720 αἰτίαν
835 2692 885 2727 τῆς

87 2741 224 2775 γενέσεως
246 2739 350 2772 αὐτῶν,
375 2739 422 2766 καὶ
443 2739 478 2766 τά
493 2739 600 2771 τούτοις
615 2739 759 2766 ἀκόλουθα.
776 2739 831 2766 Καὶ
844 2739 887 2772 τίς

88 2787 104 2819 ἡ
125 2785 193 2821 περὶ
214 2784 315 2817 αὐτοὺς
331 2784 445 2820 πρόνοια
465 2784 512 2811 καὶ
534 2785 636 2820 κρίσις.

123 2875 159 2908 ρ’.
182 2872 228 2899 Ἐν
252 2872 280 2899 δὲ
296 2871 357 2907 Θεῷ
369 2873 514 2908 γενλῖμενος
527 2894 534 2906 ,
559 2874 621 2905 τοὺς
639 2873 703 2909 περὶ
723 2874 772 2910 τῆς
793 2874 886 2908 οὐσίας

939 2286 1001 2306 rum
1019 2277 1237 2314 cogitationibus
1259 2284 1293 2304 ac
1321 2276 1514 2311 conceptibus,
1532 2281 1580 2303 aut
1598 2277 1627 2303 in
1648 2281 1732 2304 natu-

939 2324 991 2352 rali
1005 2331 1099 2351 rerum
1114 2322 1268 2351 visibilium
1284 2325 1332 2349 aut
1353 2321 1534 2350 invisibilium
1559 2321 1731 2356 contempla-

939 2370 1033 2403 tione;
1052 2369 1235 2404 autdenique
1247 2368 1276 2395 in
1293 2370 1395 2395 sanctae
1421 2366 1566 2394 Trinitatis
1585 2366 1646 2394 luce
1668 2374 1732 2393 ver-

939 2421 1028 2444 satur.

975 2462 1020 2491 98.
1035 2462 1065 2489 ln
1081 2469 1176 2489 rerum
1204 2459 1294 2489 oculis
1324 2460 1513 2495 subjectarum
1541 2458 1730 2494 speculatione

938 2516 1055 2536 versans
1082 2507 1214 2539 animus,
1243 2511 1291 2534 aut
1313 2505 1453 2534 naturales
1482 2512 1579 2533 earum
1609 2503 1732 2530 rationes

938 2557 1090 2585 scrutatur,
1105 2556 1152 2580 aut
1163 2560 1225 2588 quae
1242 2560 1291 2587 per
1305 2559 1353 2579 eas
1364 2550 1566 2586 significantur,
1580 2555 1628 2577 aut
1641 2550 1730 2584 ipsum

937 2608 1032 2628 earum
1047 2603 1190 2627 auctorem
1212 2599 1340 2626 rimatur.

975 2646 1019 2675 99.
1039 2646 1142 2673 Earum
1167 2652 1234 2672 vero
1257 2652 1318 2679 qua:
1344 2644 1488 2671 oculorum
1516 2642 1604 2670 aciem
1625 2641 1733 2677 fugiunt

940 2691 1174 2726 contemplatione
1192 2689 1309 2722 deﬁxus,
1326 2688 1598 2723 naturalesipsarum
1613 2686 1734 2721 exquirit

937 2740 1069 2770 rationes,
1100 2744 1209 2764 necnon
1240 2735 1444 2771 procreationis
1469 2740 1591 2765 causam,
1622 2736 1651 2759 et
1670 2739 1732 2766 qua:

937 2786 1020 2822 ωε
1034 2785 1078 2812 bis
1092 2786 1274 2811 consectanea
1289 2785 1365 2809 sunt.
1380 2781 1511 2814 Quzenam
1531 2778 1652 2813 denique
1666 2785 1731 2812 erga

939 2832 1052 2868 spiritus
1063 2829 1237 2865 providentia
1251 2836 1284 2856 ac
1298 2828 1433 2863 judicium
1446 2827 1493 2854 sit.

978 2875 1036 2902 IUO.
1053 2875 1085 2901 At
1105 2874 1149 2901 ubi
1162 2873 1195 2900 ad
1216 2874 1301 2901 Deum
1322 2873 1451 2904 evaserit,
1474 2871 1595 2906 primum
1618 2868 1729 2904 quidem
