1948 3077
129 147 185 179 985

571 144 736 177 CAPITUM
754 147 804 176 DE
823 147 1038 176 CIIARITATE
1057 148 1248 178 CENTURIA
1274 147 1313 177 II.

1700 148 1753 179 ξ)δῦ

126 204 227 232 τούτου
249 202 404 238 συμϐαίνει,
421 202 452 229 τὸ
471 202 684 238 ἀπερισπάστως
709 202 919 239 προσεύχεσθαι.

970 204 1132 238 expediant;
1155 204 1228 231 unde
1253 203 1292 231 illi
1316 201 1463 242 contingit,
1482 206 1514 229 ut
1534 201 1604 229 nihil
1623 209 1690 237 vaga
1709 208 1754 229 aut

165 296 197 319 ε’.
216 292 274 319 οὐκ
298 292 379 326 ἀρκεῖ
401 291 540 326 πρακτικὴ
566 290 676 326 μέθοδος
693 290 732 326 (η)
749 291 817 326 πρὸς
834 291 864 317 τὸ
878 299 920 317 τε-

126 339 212 370 λείως
229 338 275 366 τὸν
301 337 363 364 νοῦν
388 337 483 364 παθῶν
510 337 726 372 ἐλευθερωοῆναι
749 337 817 372 (15).
847 337 918 364 ὥστε

126 386 281 420 δυνηθῆναι.
295 384 376 411 αὑτὸν
385 384 598 420 ἀπερισπάστως
614 383 823 418 προσεύχεσθαι,
838 384 863 410 εἰ
881 383 919 418 μὴ

127 432 179 458 καὶ
195 431 321 467 διάφοροι
333 431 417 457 αὐτὸν
424 430 589 463 διαδέξονται
600 430 780 465 πνευματικαὶ
795 429 917 464 θεωρίαι.

132 477 169 502 Ἡ
189 476 238 511 μὲν
263 477 329 512 γὰρ,
350 476 488 511 ἀκρασίας
511 476 558 503 καὶ
586 476 682 510 μίσους
704 476 782 510 μόνον
795 475 842 502 τὸν
857 475 919 502 νοῦν

125 522 279 556 ἑλευθεροέ
295 523 323 549 αἱ
338 522 376 553 δὲ,
394 522 440 549 καὶ
451 521 536 557 λήθης
551 521 598 548 καὶ
613 521 724 555 ἀγνοίας
735 521 816 548 αὐτὴν
830 521 918 547 ἀπαλν

125 568 268 595 ).ἁττουσι’
285 568 332 594 καὶ
345 567 416 594 οὕτω
438 567 580 603 δυνήσεται
599 568 636 599 ὡς
652 567 692 593 δεῖ
707 566 919 602 προσεύξασθαι.

163 660 204 689 ς’.
222 656 279 692 Τῆς
302 657 426 693 καθαρᾶς
443 656 598 692 προσευχῆς
613 656 659 684 δύο
681 656 750 683 εἰσὶν
771 656 919 691 ἀκράτοιται

125 702 322 734 καταστάσεις·
338 704 355 737 ἡ
378 702 436 738 μὲν,
468 703 524 733 τοὶς
552 703 714 738 πρακτικοῖς
728 711 735 718 ·
761 703 777 737 ἡ
805 702 844 733 δὲ,
862 703 919 734 τοῖς

125 749 307 783 Θεωρητικοίς
329 748 572 783 ὲπιο-υμδαίνουσα.
596 748 651 775 Καὶ
667 749 684 783 ἡ
706 748 766 783 μὲν,
783 748 816 775 ὲκ
833 748 916 782 φόϐου

100 805 102 807 ·
126 793 198 820 Θεοῦ
214 794 261 820 καὶ
281 793 389 825 ἐλπίδος
409 793 516 828 ἀγαθῆς
540 795 573 829 τῇ
595 793 667 829 ψυχῇ
682 793 830 828 ἐγγίνεται·
844 795 861 829 ή
879 794 918 827 δὲ,

126 839 185 865 ἀπὸ
195 839 269 866 θείου
284 839 385 875 ἔρωτος
409 839 458 866 καὶ
485 840 640 875 ἀκροτάτης
660 839 830 875 καθάρσεως.
845 840 918 866 Γνω-

129 886 256 921 ρίσματα
269 886 298 912 δὲ
312 885 359 913 τοῦ
374 886 423 921 μὲν
441 885 550 921 πρώτου
576 886 687 922 μέτρου,
701 887 734 913 τὸ
747 887 775 912 ὲν
796 886 835 922 τῷ
855 895 917 913 συν-
933 876 955 904 Β

127 934 251 966 αγαγεῖνι
263 933 309 960 τὸν
337 932 399 959 νοῦν
423 933 456 959 ἐκ
478 932 587 959 πάντων
601 933 656 960 τῶν
673 932 721 959 τοῦ
737 933 843 968 κόσμου
858 941 919 968 νοη-

129 978 236 1012 μάτων,
253 977 300 1004 καὶ
314 977 353 1009 ὡς
369 977 444 1013 αὐτῷ
460 977 543 1004 αὑτοῦ
562 979 762 1013 περιτταμένου
775 979 822 1005 τοῦ
839 978 916 1012 Θεοῦ,

126 1023 225 1058 ὥσπερ
244 1023 290 1049 καὶ
303 1023 439 1058 παρέστη,
459 1023 596 1050 ποιεῖσθαι
608 1024 658 1055 τὰς
675 1024 831 1060 προσευχὰς
849 1024 918 1050 ἅπερ

106 1097 111 1100 ,
129 1070 289 1104 ρισπάστως
304 1070 351 1097 καὶ
366 1069 561 1105 ἀνενοχλὴτως”
577 1069 624 1096 τοῦ
642 1070 671 1096 δὲ
692 1070 830 1105 δευτέρου,
845 1071 876 1097 τὸ
890 1071 918 1097 ὲν

126 1117 199 1152 αὐτῇ
216 1118 249 1151 τῇ
270 1117 342 1152 ὁρμῇ
367 1116 416 1151 τῆς
432 1117 585 1152 προσευχῆς
611 1116 768 1152 ἀρπαγῆναι
787 1118 832 1143 τὸν
856 1117 918 1144 νοῦν

128 1161 184 1187 ὑπὸ
197 1161 244 1187 τοῦ
262 1160 335 1187 θείου
354 1161 401 1186 καὶ
415 1161 530 1196 ἀπείρου
552 1161 651 1194 φωτὸς,
668 1161 716 1187 καὶ
736 1161 805 1196 μήτε
821 1161 917 1188 ἑαυτοῦ

129 1207 200 1242 μήτε
222 1206 295 1238 τινος
313 1206 394 1233 ἄλλου
407 1206 462 1233 τῶν
483 1206 566 1232 ὄντων
585 1207 615 1232 τὸ
630 1206 738 1233 σύνολον
755 1207 917 1235 ἐπαισθάνε-

129 1251 205 1281 σθαι.
221 1252 247 1277 εἰ
271 1252 310 1286 μὴ
332 1251 415 1286 μόνου
428 1250 475 1277 τοῦ
496 1250 540 1277 διὰ
554 1251 602 1286 τῆς
615 1251 724 1286 ἀγάπης
738 1251 766 1277 ὲν
781 1252 854 1287 αὐτῷ
869 1252 917 1288 τὴν

127 1297 262 1331 τοιαύτην
278 1296 408 1331 ἓλλαμψιν
437 1296 622 1332 ἐνεργοῦντος.
651 1297 716 1323 Τότε
737 1297 766 1323 δὲ
784 1297 830 1323 καὶ
854 1297 918 1331 περὶ

127 1342 194 1372 τοὺς
217 1341 282 1376 περὶ
301 1340 370 1367 Θεοῦ
397 1340 492 1374 λόγους
517 1340 696 1375 κινούμενος,
721 1341 842 1377 καθαρὰς
870 1342 918 1368 καὶ

128 1386 232 1422 τρανὰς
244 1387 294 1418 τὰς
309 1387 373 1422 περὶ
388 1386 471 1413 αὐτοῦ
485 1386 616 1422 λαμϐάνει
637 1387 781 1422 ἐμφάσεις.

163 1431 197 1464 ζ’.
215 1433 248 1460 ’⁵0
260 1441 302 1464 τις
319 1433 424 1468 ἀγαπᾷ,
451 1432 546 1460 τούτου
570 1433 617 1459 καὶ
640 1433 784 1467 ἀντέχεται
798 1433 916 1465 πάντως·

129 1479 178 1506 καὶ
199 1479 310 1506 πάντων
330 1479 384 1505 τῶν
407 1478 475 1514 πρὸς
501 1478 579 1506 τοῦτο
605 1478 804 1513 ἐμποδιζόντων
831 1477 915 1513 αὐτῷ,

968 249 1182 285 cogitationibus
1192 250 1323 277 distracta
1333 248 1450 276 orationi
1462 247 1615 275 incumbat.

1003 295 1084 330 409
1099 295 1126 322 5.
1156 295 1215 322 Non
1235 294 1335 322 suﬂicit
1366 292 1487 321 colenda:
1509 293 1628 319 actionis
1658 294 1702 320 via
1725 300 1756 320 ac

969 341 1049 371 ratio,
1062 340 1095 367 ad
1107 340 1229 367 animum
1237 339 1271 366 ab
1283 339 1427 366 all‘ectibus
1436 337 1557 372 perfecte
1567 338 1753 370 liberandum,

969 390 1000 413 ut
1015 385 1176 412 indistracte
1189 392 1220 412 ac
1233 389 1325 411 mente
1353 392 1409 410 non
1436 391 1503 418 vaga
1522 390 1619 410 vacare
1636 383 1754 410 orationi

969 431 1071 466 possit;
1085 431 1135 457 nisi
1144 430 1227 457 etiam
1238 427 1607 463 diversmeontempiationes
1620 427 1756 462 spiritales

969 477 1145 504 accesserint.
1164 476 1232 503 Nam
1251 475 1323 503 actio
1352 475 1463 509 quidem
1496 474 1530 501 ab
1554 474 1753 501 ineontinenlia

969 527 1050 557 atque
1063 523 1126 549 odio
1143 526 1264 549 mentem
1278 521 1392 554 liberat;
1410 520 1656 554 contemplationes
1677 526 1754 550 vero,

969 567 1003 594 ab
1019 567 1158 594 oblivione
1172 570 1201 593 et
1217 565 1372 600 ignorantia
1386 573 1393 591 ι
1417 573 1432 592 a
1444 565 1547 600 quibus
1561 564 1706 599 expeditus
1722 572 1756 591 ac

968 612 1048 641 liber,
1060 620 1110 646 pro
1120 619 1153 638 eo
1163 619 1195 638 ac
1207 611 1286 638 decet
1302 610 1404 645 poterit
1419 617 1508 637 orare.

1004 657 1032 685 6.
1048 657 1156 684 Mundae
1182 657 1317 684 orationis
1331 656 1387 683 duo
1410 660 1474 682 sunt
1493 654 1614 690 supremi
1643 658 1731 682 status
1747 663 1752 678 :

967 710 1087 738 quorum
1101 702 1172 730 alter
1179 701 1337 729 colentibus
1352 700 1487 727 actionem
1510 699 1656 730 convenit;
1673 697 1754 727 alter,

969 749 1012 776 his
1025 748 1071 783 qui
1087 747 1311 783 contemplationi
1328 745 1450 774 student.
1476 745 1515 773 Ac
1538 745 1614 780 prior
1630 744 1753 779 quidem.

968 803 1001 822 ex
1015 794 1062 822 Dei
1077 794 1174 821 timore
1190 793 1295 821 acbona
1307 800 1365 828 spe,
1378 791 1471 819 animo
1487 791 1611 823 accedit;
1638 790 1754 817 alterum

968 848 1045 873 vero,
1057 840 1105 867 Dei
1117 847 1198 867 amor
1209 846 1370 873 summaque
1382 837 1532 865 mundities
1544 836 1626 872 parit.
1652 835 1757 863 Prioris

970 886 1044 914 modi
1060 886 1163 913 indicia
1175 889 1252 917 sunt,
1270 885 1387 912 collecta
1401 887 1492 911 mente
1507 891 1522 910 a
1534 881 1682 909 mundanis
1695 889 1755 908 om-

970 931 1053 959 nibus
1065 930 1290 966 cogitationibus,
1319 930 1448 964 velutque
1470 929 1527 956 Deo
1556 928 1596 955 illi
1621 931 1754 963 praesente

970 980 1020 1015 (uti
1040 984 1068 1007 et
1087 987 1152 1007 vere
1168 986 1288 1014 praesens
1311 977 1363 1013 est)
1384 977 1543 1005 indistracte
1567 976 1696 1010 omnique
1712 982 1755 1002 se-

968 1029 1042 1052 mota
1062 1025 1258 1059 cogitationum
1277 1022 1513 1058 interpellantium
1538 1021 1629 1052 turba,
1653 1028 1752 1047 orare:

968 1071 1129 1106 posterioris
1146 1078 1222 1100 vero.
1250 1070 1301 1097 sub
1332 1070 1393 1104 ipso
1409 1068 1548 1103 {orationis
1566 1067 1670 1102 impetu
1695 1067 1755 1102 rapi

968 1118 1089 1144 animum
1102 1117 1195 1144 divina
1208 1120 1237 1144 et
1251 1115 1357 1146 inﬁnita
1368 1115 1442 1146 luce,
1452 1121 1484 1141 ac
1498 1120 1587 1148 neque
1598 1113 1653 1146 sui,
1665 1119 1756 1147 neque

968 1163 1042 1190 illius
1061 1170 1175 1197 prorsus
1199 1161 1317 1188 aliarum
1346 1167 1439 1187 rerum
1466 1167 1577 1187 sensum
1599 1158 1754 1193 percipere,

969 1213 1151 1244 przeterquam
1176 1209 1235 1243 ejus
1261 1207 1404 1240 duntaxat,
1431 1206 1478 1241 qui
1509 1214 1559 1241 per
1580 1205 1753 1237 charitatem,

969 1256 1051 1283 talem
1068 1255 1096 1282 in
1123 1263 1156 1282 eo
1183 1254 1395 1281 iilustrationem
1414 1252 1506 1279 afﬂatu
1531 1259 1582 1279 suo
1611 1255 1753 1286 operatur.

969 1301 1099 1334 Tuncque
1126 1299 1196 1327 adeo
1220 1299 1303 1326 etiam
1326 1298 1399 1325 circa
1415 1298 1535 1325 rationes
1559 1304 1620 1331 quae
1645 1296 1679 1323 de
1698 1296 1755 1323 Deo

968 1349 1042 1376 sunt,
1061 1347 1163 1375 motus,
1175 1344 1266 1371 claras
1279 1343 1313 1371 de
1340 1343 1387 1371 illo
1410 1350 1443 1370 ac
1467 1342 1630 1377 conspicuas
1655 1341 1755 1375 accipit

968 1389 1233 1425 reprmsentationes.

1004 1435 1030 1462 7.
1050 1435 1128 1468 Quod
1141 1434 1205 1469 quis
1216 1434 1318 1469 diligit,
1335 1433 1450 1460 omnino
1476 1433 1560 1460 etiam
1580 1431 1754 1466 amplectitur

968 1485 998 1509 et
1007 1481 1072 1508 colit
1083 1490 1090 1514 ;
1100 1488 1131 1507 ac
1141 1480 1163 1507 si
1179 1480 1246 1515 quid
1259 1479 1298 1506 illi
1314 1479 1512 1514 impedimento
1529 1478 1576 1510 sit,
1587 1477 1752 1507 contemnit,

128 1525 307 1560 καταφρονεῖ,
328 1525 371 1551 ἵνα
396 1524 433 1559 μὴ
448 1524 530 1551 αὑτοῦ
552 1524 687 1560 στερηθῇ,
711 1525 757 1551 καὶ
781 1525 826 1552 τὸν
850 1525 916 1551 Θεὸν

970 1533 1005 1553 ne
1019 1526 1068 1553 illo
1075 1526 1181 1561 privari
1191 1526 1279 1560 ipsum
1296 1524 1455 1559 contigerit;
1471 1523 1519 1558 qui
1529 1530 1596 1558 ergo
1611 1523 1696 1550 Deum
1713 1521 1755 1548 di-

128 1571 257 1604 ἀγαπῶν,
273 1570 444 1605 ἐπιμελεῖται
472 1569 596 1606 καθαρᾶς
620 1571 785 1605 προσευχῆς
799 1571 846 1597 καὶ
861 1571 915 1597 πᾶν

970 1571 1038 1606 ligit,
1055 1579 1130 1606 pum
1143 1570 1261 1597 orationi
1276 1569 1447 1605 diligentiam
1471 1568 1565 1601 habet,
1588 1575 1754 1602 omnemque

129 1614 216 1646 πάθος
233 1615 301 1650 πρὸς
320 1614 399 1644 τοῦτο
423 1613 570 1648 ἐμποδίζον
595 1613 686 1649 αὐτῷ,
713 1614 859 1641 ἀποϐάλλει
886 1614 915 1648 ἐξ

970 1617 1097 1644 allectum
1111 1624 1144 1644 ac
1155 1616 1299 1644 libidinem
1317 1619 1344 1644 et
1357 1614 1620 1646 ineommodantem,
1634 1621 1650 1641 ιι
1664 1621 1693 1642 se
1708 1621 1753 1641 re-

127 1659 227 1687 ἑαυτοῦ

163 1709 199 1741 η’.
223 1705 253 1732 '0
276 1705 327 1741 τὴν
354 1705 460 1741 μητέρα
480 1705 533 1732 τῶν
555 1705 648 1732 παθῶν
665 1704 810 1732 ἀποϐαλὼν
823 1705 917 1739 φιλαυ-

127 1752 200 1784 τίαν,
229 1750 327 1778 καὶτὰ
351 1750 432 1777 λοιπά
458 1751 579 1786 εὐχερῶς
603 1751 650 1777 σὺν
672 1750 731 1785 Θεῷ
747 1750 914 1777 ἀποτίθεται·

127 1794 182 1824 οἷον
199 1797 294 1832 ὀργὴν,
313 1796 412 1831 λύπην,
439 1795 630 1832 μνησικακίαν,
655 1795 700 1822 καὶ
716 1794 751 1821 τὰ
771 1795 844 1830 ἑξῆς·
861 1796 874 1821 ό
888 1795 916 1821 δὲ

127 1843 181 1869 ὑπὸ
197 1844 243 1869 τοῦ
271 1841 380 1877 πρώτου
411 1841 610 1877 κρατούμενος.
634 1841 687 1868 ὑπὸ
706 1841 752 1867 τοῦ
777 1840 913 1876 δευτέρου,

128 1888 179 1915 κᾶν
208 1888 245 1924 μὴ
274 1887 356 1922 θέλῃ,
382 1886 574 1921 τιτρώσκεται.
593 1886 724 1913 Φιλαυτία
747 1886 778 1912 δέ
795 1887 868 1917 ἐστι,
886 1885 916 1911 τὸ

128 1934 196 1970 πρὸς
210 1934 240 1960 τὸ
263 1933 342 1968 σῶμα
357 1932 454 1964 πάθος.

163 2022 195 2047 θ’.
213 2020 262 2046 Διὰ
276 2020 326 2052 τὰς
340 2020 420 2046 πέντε
437 2019 536 2051 ταύτας
552 2019 642 2051 αἰτίας
653 2020 677 2045 οἱ
693 2018 830 2055 ἄνθρωποι
845 2019 915 2052 ἀγα-

129 2067 215 2093 πῶσιν
227 2066 371 2101 ἀλλήλους,
389 2065 444 2092 εἴτε
461 2065 624 2096 ὲπαινετῶς,
636 2065 691 2091 εἴτε
703 2064 821 2099 ψεκτῶς.
840 2062 913 2096 Οἷον,

127 2112 144 2148 ἢ
160 2112 205 2138 διὰ
224 2112 268 2138 τὸν
287 2111 363 2143 Θεὸν,
382 2111 419 2142 ὡς
442 2111 456 2137 ὸ
481 2110 608 2145 ἐνάρετος
630 2110 752 2142 πάντας,
777 2110 824 2136 καὶ
848 2109 885 2141 ὡς
901 2111 915 2136 ό

126 2157 171 2184 τὸν
186 2157 312 2192 ἐνάρετον
327 2156 377 2183 κᾶν
397 2157 480 2191 μήπω
504 2156 642 2191 ἐνάρετος
662 2155 678 2191 ἢ
704 2155 748 2182 διὰ
768 2155 859 2190 φύσιν,
877 2155 914 2187 ὡς

963 1662 1033 1698 jicit.

1001 1708 1027 1735 8.
1042 1707 1094 1741 Qui
1107 1708 1255 1736 ati‘cctnum
1271 1707 1394 1735 omnium
1409 1714 1441 1734 ac
1456 1706 1587 1734 vitiorum
1597 1708 1752 1739 parentem.

967 1761 1067 1782 emeruit
1082 1756 1173 1781 carnis
1187 1761 1306 1780 amorem
1328 1752 1496 1788 (φιλαυτίαν)
1510 1751 1653 1786 abiecerit,
1674 1750 1752 1778 facile

967 1800 1050 1827 etiam
1066 1807 1125 1834 quae
1140 1803 1206 1826 sunt
1216 1799 1321 1833 reliqua
1338 1798 1416 1830 vitia,
1433 1797 1480 1825 Dei
1496 1804 1558 1831 ope,
1576 1796 1751 1825 eliminabit;

967 1845 1035 1872 iram
1048 1845 1166 1876 scilicet,
1178 1844 1328 1875 tristitiam,
1342 1843 1509 1878 iniuriarum
1536 1841 1709 1872 memoriam.
1724 1845 1753 1868 et

967 1898 1027 1925 qua:
1043 1893 1206 1924 sequuntur.
1228 1889 1278 1922 Qui
1297 1892 1386 1915 autem
1402 1895 1417 1914 a
1436 1887 1528 1922 priore
1544 1887 1590 1914 illo
1619 1886 1751 1919 vincitur,

966 1943 981 1962 ιι
997 1934 1118 1962 secundo
1131 1934 1198 1961 velit
1210 1934 1280 1961 nolit
1293 1933 1464 1960 vulneratur.
1477 1933 1528 1961 Est
1537 1937 1629 1960 autem
1654 1931 1752 1967 φιλαυ-

966 1980 1019 2009 τία.
1035 1979 1214 2015 qualibidine
1230 1987 1330 2014 corpus
1342 1979 1547 2014 prosequimur.

1000 2026 1026 2053 9.
1038 2025 1165 2060 Quinque
1177 2025 1219 2053 hac
1229 2033 1318 2052 causae
1340 2029 1404 2052 sunt
1419 2032 1451 2051 ac
1471 2024 1604 2055 rationes,
1627 2024 1662 2051 ob
1682 2031 1753 2058 quas

965 2070 1094 2098 homines
1108 2069 1156 2097 alii
1172 2069 1242 2097 alios
1257 2069 1385 2104 diligunt.
1400 2068 1457 2096 sive
1470 2076 1502 2095 ea
1520 2067 1667 2095 dilectione
1690 2075 1751 2103 qua:

965 2115 1073 2142 laudem
1087 2114 1198 2147 habeat,
1212 2113 1269 2141 Sive
1284 2122 1344 2149 quae
1356 2114 1416 2141 vitii
1430 2121 1538 2145 noxam,
1551 2121 1583 2140 ac
1598 2113 1679 2148 digna
1707 2112 1751 2139 vi-

966 2159 1074 2194 tuperio
1086 2158 1130 2187 sit.
1143 2158 1198 2186 Aut
1212 2158 1285 2185 enim
1297 2162 1411 2193 propter
1425 2158 1522 2189 Deum,
1536 2161 1566 2184 ut
1578 2157 1625 2191 qui
1646 2157 1750 2183 virtute

126 2203 150 2229 οἱ
169 2204 256 2236 γονεῖς
267 2202 301 2229 τὰ
317 2201 398 2228 τέκνα
409 2221 417 2233 ,
435 2201 481 2228 καὶ
500 2200 628 2236 ἔμπαλιν·
646 2200 660 2235 ἢ
681 2200 725 2227 διὰ
748 2200 910 2234 κενοδοξίαν,

970 2204 1094 2240 πτοάἰιιιε
1108 2207 1160 2237 est,
1182 2211 1279 2231 omnes
1296 2203 1404 2238 diligit;
1422 2211 1453 2230 ac
1468 2202 1540 2231 sicut
1552 2202 1654 2230 virtute
1680 2209 1749 2236 prae—

126 2249 163 2280 ὡς
178 2250 192 2275 ὁ
211 2248 388 2283 δοξαζόμενος
400 2247 445 2274 τον
466 2247 619 2280 δοξάζοντα·
633 2247 648 2282 ἦ
665 2246 708 2273 διὰ
722 2246 913 2282 φιλαργυρίαν,

125 2293 161 2323 ὡς
176 2294 190 2318 ό
209 2293 255 2318 τὸν
270 2292 397 2318 πλούσιον
411 2292 455 2318 διὰ
469 2291 561 2326 λῆψιν·
575 2291 591 2326 ἢ
613 2291 656 2317 διὰ
670 2291 834 2326 φιληδονίαν,
849 2291 886 2322 ὡς
900 2292 914 2317 ὁ

126 2338 172 2373 τὴν
188 2338 313 2371 γαστέρα
335 2338 552 2373 θεραπευόμενος
577 2337 624 2364 καὶ
640 2337 674 2364 τὰ
700 2336 751 2363 ὑπὸ
778 2338 909 2373 γαστέρα.

964 2249 1064 2281 ditum,
1075 2248 1121 2284 qui
1138 2249 1255 2276 necdum
1270 2249 1328 2283 ipse
1341 2248 1462 2276 animum
1481 2247 1578 2275 virtuti
1593 2247 1748 2275 addixerit:

964 2295 1005 2322 vel
1021 2298 1136 2330 propter
1152 2298 1291 2325 naturam,
1311 2294 1350 2320 uti
1373 2297 1503 2328 parentes
1526 2294 1629 2320 liberos
1642 2313 1649 2325 ,
1668 2292 1742 2319 vicis

963 2339 1070 2373 simque
1082 2338 1166 2374 410
1182 2347 1188 2364 :
1205 2343 1253 2366 aut
1269 2338 1359 2366 inanis
1375 2338 1469 2373 glorize
1489 2335 1589 2370 causa,
1607 2341 1637 2364 ut
1664 2337 1687 2364 is
1701 2335 1748 2370 qui

126 2384 178 2410 Καὶ
193 2384 210 2418 ἡ
228 2384 277 2419 μὲν
293 2384 398 2419 πρώτη.
415 2383 556 2418 ἐπαινετή·
571 2385 587 2419 ή
602 2383 630 2409 δὲ
647 2383 772 2419 δευτέρα,
785 2384 865 2419 μέση·
881 2384 910 2410 αἱ

972 2385 1101 2417 addatur,
1122 2393 1186 2412 eum
1200 2384 1298 2419 diligit,
1312 2384 1359 2419 qui
1372 2383 1484 2410 laudat:
1503 2387 1551 2410 aut
1561 2385 1673 2417 propter
1684 2389 1747 2408 ava-

124 2427 151 2454 δὲ
169 2428 271 2461 λοιπαὶ,
286 2429 298 2453 ὲ
303 2428 430 2462 μπαοεῖς.

961 2429 1064 2460 ritiam,
1076 2433 1106 2456 ut
1119 2429 1166 2464 qui
1179 2429 1292 2456 divitem
1303 2429 1393 2464 diligit
1412 2432 1525 2463 propter
1538 2434 1653 2457 munera
1666 2434 1673 2452 :
1701 2432 1746 2455 aut

124 2473 244 2508 denique
256 2474 452 2502 oblibidinem
472 2483 504 2502 ac
521 2475 700 2510 voluptatem,
724 2479 754 2502 ut
777 2476 823 2511 qui
844 2481 968 2504 ventrem
985 2484 1017 2504 ac
1048 2485 1166 2505 venerea
1195 2477 1269 2505 coiit.
1288 2477 1327 2504 Ac
1354 2476 1465 2512 quidem
1495 2475 1571 2510 prior
1590 2481 1684 2506 causa,
1704 2473 1745 2500 in-

124 2524 165 2547 ter
174 2527 222 2547 eas
235 2519 361 2547 habenda
376 2525 428 2553 est,
446 2529 506 2556 qua;
532 2521 636 2549 habent
651 2521 778 2554 laudem;
795 2523 894 2553 altera,
915 2524 987 2550 inter
1006 2523 1126 2556 medias;
1149 2524 1273 2558 reliquae,
1294 2523 1360 2551 vitio
1376 2523 1490 2550 luerent.

157 2569 183 2593 ι’.
208 2566 270 2592 Ἐὰν
290 2567 366 2598 τινὰς
389 2568 438 2602 μὲν
464 2569 555 2603 μισῇς,
580 2568 655 2600 τινὰς
682 2568 710 2595 δὲ
724 2566 908 2605 οὐδὲ”ἁγαπᾷς

122 2612 180 2638 οὐδὲ
197 2613 289 2647 μισῇς·
314 2612 424 2647 ἐτέρους
451 2613 480 2640 δὲ
504 2614 630 2649 ἀγαπᾷς,
645 2614 713 2640 ἀλλὰ
729 2615 905 2650 συμμέτρως·

121 2656 216 2689 ἄλλους
241 2657 271 2684 δὲ
299 2658 401 2693 σφόδρα
417 2659 537 2694 ἀγαπᾷς·
555 2661 588 2687 ὲκ
603 2660 706 2696 ταύτης
720 2661 770 2695 τῆς
782 2661 907 2697 ἀνισότη-

154 2733 194 2775 (ῃ)
214 2734 372 2775 ,Πρακηκὴ
390 2734 525 2775 μέθοδος,
545 2736 625 2764 Ratio
648 2737 756 2775 scilicet
778 2737 900 2765 colenda:

121 2770 237 2810 actionis
253 2776 286 2810 ac
300 2770 415 2810 virtutis
429 2771 557 2810 moralis;
578 2779 639 2806 qua:
651 2772 779 2799 videlicet
803 2777 898 2800 contra

120 2804 288 2844 θεωρητικὴν
305 2804 433 2832 distincta
449 2806 501 2844 sit_:_
512 2804 595 2844 quani
611 2811 754 2844 utramque
768 2815 898 2844 necessa-

121 2837 187 2869 iam
213 2837 346 2867 Maximus
373 2837 572 2869 eontendit'ad
598 2837 730 2869 orationis
753 2842 896 2877 quietem,

995 2570 1038 2597 1θ.
1056 2570 1083 2597 Si
1105 2571 1172 2598 alios
1187 2571 1286 2603 odisti;
1313 2570 1382 2598 alios
1406 2577 1458 2597 nec
1480 2569 1582 2605 diligis,
1599 2575 1650 2595 nec
1681 2574 1745 2594 vero

960 2616 1062 2649 odisti;
1080 2616 1149 2643 alios
1171 2621 1262 2644 autem
1286 2616 1377 2651 diligis
1402 2615 1524 2650 quidem,
1543 2614 1591 2642 sed
1613 2614 1743 2642 modice:

960 2662 1031 2689 alios
1045 2662 1165 2696 denique
1182 2661 1373 2689 vehementius
1388 2661 1488 2696 diligis,
1505 2668 1539 2687 ex
1554 2660 1606 2687 hac
1621 2660 1748 2694 intequa-.

955 2738 1080 2773 nihilque
1091 2746 1184 2773 vagam
1199 2739 1225 2766 in
1239 2747 1270 2766 ea
1288 2739 1482 2767 continentiam
1495 2743 1626 2766 mentem.
1639 2737 1747 2772 Obsop,

951 2778 980 2800 et
996 2774 1079 2810 Gesn.
1100 2773 1199 2810 Eﬂicaa;
1215 2775 1286 2801 ratio
1300 2780 1323 2801 ει
1338 2774 1489 2810 disciplina.
1517 2773 1589 2810 Nihil
1615 2776 1677 2807 apte
1690 2778 1746 2810 ε-ιιιι

952 2813 980 2845 et
1006 2809 1035 2835 τὸ
1052 2807 1270 2845 ἀπερισπάστως
1286 2807 1493 2845 προσεύχεσθαι,
1508 2809 1638 2844 indefessa
1660 2812 1683 2834 et
1702 2807 1745 2839 ἰηχ

951 2844 1071 2871 desinens
1082 2844 1178 2870 orandi
1197 2844 1333 2871 sedulitas.
