1948 3077
187 124 216 151 μί

207 124 239 154 £7
791 116 820 145 S.
841 114 983 145 MAXIMI
1002 113 1256 144 CONFESSORIS

1771 111 1824 143 988

188 180 276 210 l'tnte,
297 177 394 213 procul
411 179 436 203 te
453 183 468 202 ο
483 174 604 210 perfecta
631 173 776 205 charitate,
803 181 864 208 qua:
883 179 979 199 omnes

1047 179 1086 203 0;,
1104 171 1188 204 γνῶῡι
1205 171 1246 197 ὅτι
1267 167 1376 205 μακρὰν
1391 165 1416 194 εἷ
1429 167 1479 202 τῆς
1498 165 1603 202 τελείας
1621 164 1743 200 ἀγάπης,
1764 164 1823 213 in;

189 225 315 251 homines
327 231 360 250 ex
373 229 452 257 :equo
465 221 546 247 docet
560 219 686 254 diligere,
709 226 770 246 esse
784 218 906 246 noveris.

224 314 267 340 ll.
289 311 423 338 Declinaa
442 310 524 342 malo,
542 314 566 337 at
586 311 628 345 fac
645 309 741 336 bonum
751 310 783 336 ³⁷.
799 310 839 336 Ac
852 309 873 336 si
893 308 976 336 dicat:

186 359 280 393 Pugna
293 358 426 385 adversus
439 357 542 388 hostes,
560 361 589 384 ut
607 356 736 384 libidines
751 361 832 391 atque
846 356 910 382 vitia
929 355 980 382 ini-

187 411 273 429 uuas:
290 407 346 430 tum
359 409 423 429 vero
435 401 545 429 sobrius
560 405 620 428 esto
635 409 667 428 ac
682 401 774 436 vigila,
795 408 829 427 ne
843 401 888 427 illa
917 407 980 427 suc-

182 453 312 476 crescant
323 453 351 475 et
367 452 529 482 augeantur.
546 448 584 474 Ac
595 455 691 474 rursus
706 456 712 473 :
728 448 832 482 Pugna,
847 451 876 474 ut
888 447 979 473 virtu-

184 499 228 521 tes
247 502 340 528 pares;
352 502 384 521 ac
398 493 499 521 deinde
509 494 590 528 vigila
604 498 718 529 estoquc
735 494 854 524 sobrius,
872 497 991 520 utcon-.

187 547 291 567 Set-ves.
305 539 391 574 quue
409 540 479 566 adeo
493 540 584 566 facere
597 539 690 572 fuerit,
710 545 739 567 et
753 548 860 568 cavere.

225 586 268 612 12.
283 585 334 618 Qui
349 585 395 612 Dei
414 586 552 620 permissu
563 593 613 613 nos
628 590 746 617 tentant,
760 591 809 613 aut
820 586 875 613 vim
894 585 980 613 animi

188 629 433 663 concupiscentem
459 629 648 662 inﬂammant,
680 635 728 657 aut
753 631 799 658 ira:
823 631 981 658 facultatem

189 675 368 706 conturbant,
399 679 447 702 aut
471 676 609 703 rationem
636 677 830 711 obtenebrant,
857 682 905 704 aut
922 686 983 705 cor-

190 729 242 756 pus
265 721 408 750 doloribus
441 722 615 758 obcingunt,
650 728 697 751 aut
727 724 872 752 facultates
912 725 982 752 diri-

188 766 278 800 piunt.

227 811 270 838 l5.
290 812 442 845 Dreinones,
458 813 568 848 autipsi
586 822 636 848 per
655 814 759 848 seipsos
786 822 837 841 nos
864 818 980 847 tentant,

191 863 240 885 aut
253 865 311 891 eos,
330 860 378 894 qui
395 867 450 887 non
467 860 582 887 timeant
600 861 746 887 Dominum
768 860 914 894 adversum
931 869 982 888 nos

191 909 308 932 armant.
320 906 358 933 Ac
372 906 485 940 quidem
505 914 554 941 per
569 907 685 941 seipsos,
710 914 772 934 cum
792 907 908 934 seorsim
929 906 982 941 ipsi

190 952 225 978 ab
241 952 384 979 hominum
397 952 514 987 sejuncti
529 953 656 980 convictu
671 953 787 988 agimus,
803 953 878 981 velut
892 953 984 981 Domi—

192 1004 257 1025 num
277 999 304 1025 in
317 999 447 1026 deserto:
466 1007 515 1034 per
536 999 664 1027 homines
690 1007 773 1031 vero,
794 1007 856 1026 cum
886 1007 983 1026 eorum

189 1045 394 1072 consuetudine
413 1046 527 1078 utimur,
540 1046 578 1072 uti
596 1045 742 1072 Dominum
757 1054 806 1080 per
819 1046 982 1073 Pharismos.

192 1090 247 1117 Nos
276 1091 429 1122 enimvero,
452 1091 499 1126 qui
517 1096 642 1118 nostrum
671 1093 811 1126 exemplar
837 1092 872 1119 ob
889 1092 985 1120 oculos

193 1137 354 1170 habeamus,
369 1139 498 1173 utrinque
512 1145 561 1164 eos
579 1138 753 1172 repellamus.

230 1183 273 1210 Η.
289 1183 357 1210 Cum
372 1192 448 1211 mens
464 1186 491 1210 In
507 1184 554 1211 Dei
565 1184 699 1211 charitate
711 1183 845 1218 proﬁcere
858 1184 984 1219 coeperit,

195 1233 261 1257 tunc
273 1234 300 1257 ct
312 1230 490 1264 blasphemia:
506 1231 612 1257 daemon
630 1234 736 1258 tentare
758 1231 878 1265 occipit;
906 1231 987 1258 tales-

194 1284 248 1311 que
266 1277 388 1312 suggerit
398 1277 593 1312 eogitationes,
609 1277 707 1312 quales
722 1278 816 1304 nullus
831 1277 984 1309 hominum,

195 1323 271 1350 solus
282 1331 350 1350 vero
369 1331 466 1351 earum
491 1331 592 1358 parens
619 1331 651 1351 ac
671 1324 836 1356 fabricator,
859 1324 987 1351 diabolus

196 1369 311 1396 invenit.
325 1369 382 1396 Hoc
396 1374 488 1396 autem
508 1362 584 1401 facit,
597 1378 652 1404 quo
672 1370 698 1396 in
713 1370 853 1397 hominem
870 1371 918 1397 Dei
929 1371 988 1398 cul-

195 1419 283 1442 torem
297 1415 383 1442 livore
398 1415 557 1448 intabescit,
576 1420 607 1442 ut
638 1415 666 1442 in
695 1415 915 1450 desperationem
940 1417 988 1443 ad-

196 1464 286 1491 actus,
308 1465 436 1495 tanquam
454 1461 506 1487 sibi
525 1461 585 1495 ipse
600 1461 708 1488 illarum
726 1461 922 1496 cogitationum
939 1470 989 1489 au-

197 1511 267 1538 ctor,
293 1514 348 1533 non
365 1507 483 1540 amplius
509 1510 641 1533 consueta
667 1506 764 1534 orandi
795 1507 925 1535 instantia
953 1508 986 1535 ad

196 1552 284 1579 Deum
297 1552 397 1579 audeat
411 1553 488 1579 eniti.
500 1553 573 1580 Nihil
588 1556 678 1580 tamen
695 1553 759 1580 inde
774 1553 987 1582 scelestissimus

197 1598 318 1634 proﬁcit,
333 1602 364 1625 ut
379 1598 453 1633 quod
473 1599 587 1630 molitur
607 1607 639 1626 ac
655 1599 748 1631 struit,
770 1599 824 1627 hoc
841 1600 987 1634 conﬁciat;

198 1643 267 1678 quin
279 1648 308 1671 et
324 1643 405 1678 longe
424 1652 475 1671 nos
488 1643 625 1671 ﬁrmiores
637 1644 700 1672 inde
712 1644 804 1672 edicit.
826 1645 896 1672 Dum
915 1646 989 1673 enim

199 1697 290 1725 pugna
300 1689 432 1721 lacessiti,
446 1697 564 1725 pugnam
582 1689 633 1725 ipsi
648 1690 812 1718 instruimus
822 1698 855 1718 ac
867 1691 991 1719 oblucta-

199 1743 273 1767 mur,
285 1735 459 1770 probatiores
483 1736 511 1762 in
524 1736 572 1763 Dei
584 1736 719 1764 charitate
731 1737 879 1769 enitemus,
899 1745 930 1765 ac
943 1738 990 1772 qui

200 1781 354 1809 sinceriore
368 1781 468 1809 aﬁ‘ectu
483 1782 640 1817 diligamus.
651 1782 787 1810 Caeterum
802 1792 808 1809 :
827 1783 906 1819 411
925 1784 990 1812 σια-

201 1827 260 1854 dius
275 1828 332 1860 eius
341 1828 421 1854 intret
434 1827 462 1855 in
485 1836 529 1855 car
544 1829 611 1864 ejus,
627 1833 651 1855 et
672 1837 750 1856 arcus
772 1829 846 1856 illius
873 1830 992 1865 confrin-

199 1880 301 1910 gantur
315 1874 349 1902 ³⁸.

239 1920 284 1947 15.
296 1919 373 1947 Mens
388 1920 423 1947 iis
439 1927 468 1947 se
479 1920 564 1947 rebus
583 1920 724 1955 applicans
735 1929 797 1956 quae
810 1922 885 1949 cerni
905 1922 995 1950 oculis

203 1970 333 2001 possunt,
352 1974 402 2001 pro
416 1973 455 1998 eo,
467 1973 499 1993 ac
514 1970 614 1994 natura
633 1971 821 2002 comparatum
845 1971 887 1994 est
911 1975 995 1996 sensu

203 2013 297 2041 medio
310 2020 355 2040 res
368 2012 506 2048 intelligit.
524 2012 563 2040 Ac
586 2020 676 2048 neque
702 2020 780 2040 mens
807 2013 865 2048 ipsa
892 2014 995 2042 malum

204 2063 358 2094 est,neque
372 2059 409 2086 ita
423 2063 452 2086 ut
465 2063 562 2086 natura
571 2064 759 2093 comparatum
768 2063 810 2086 est
825 2059 993 2096 intelligere;

204 2113 295 2139 neque
313 2112 380 2132 vero
392 2112 448 2135 res,
463 2111 554 2138 neque
570 2111 677 2132 sensus,
695 2104 765 2132 Sunt
777 2105 851 2132 enim
873 2105 930 2133 hagc
947 2106 996 2134 Dei

205 2157 299 2184 opera.
317 2148 388 2181 Quid
402 2155 468 2183 ergo
487 2148 703 2176 malum?Plane
724 2149 810 2177 libido
829 2155 913 2185 atque
929 2159 997 2185 pas-

206 2193 248 2221 sio
270 2193 406 2220 naturalis
434 2198 594 2229 conceptus,
614 2202 697 2229 quam
721 2196 790 2223 nihil
822 2200 906 2229 vetat,
932 2197 998 2224 dum

206 2246 285 2266 mens
322 2239 477 2275 vigilaverit
498 2260 505 2273 ,
534 2247 550 2267 a
589 2241 690 2268 mentis
721 2247 905 2278 conccptuum
946 2252 998 2272 usu

206 2285 315 2313 abesse.

244 2332 288 2360 16.
301 2332 401 2360 Libido
412 2341 460 2360 seu
473 2333 575 2369 passio,
586 2337 629 2361 est
639 2333 724 2360 animi
737 2337 829 2362 motus
837 2339 932 2363 contra
947 2343 998 2364 na-

241 2402 264 2418 ³⁷
280 2402 351 2430 Psal.
367 2409 441 2433 χιιι,
455 2401 500 2428 27.
540 2401 562 2416 ³⁸
575 2401 646 2428 Psal.
666 2409 758 2434 xxxvr,
778 2401 821 2429 15.

242 2456 279 2492 (ο)
293 2457 361 2484 Ἵνα
380 2456 513 2490 μειώσῃς
524 2456 560 2492 τὰ
574 2455 663 2490 πάθη.
681 2456 750 2483 Male
768 2456 872 2492 Obsop.
888 2457 923 2484 ad
943 2466 980 2485 nu

207 2499 315 2519 merum
338 2492 433 2522 trahit,
457 2496 485 2518 ut
512 2491 653 2526 affectuum
679 2500 818 2519 numerum
837 2491 998 2526 imminutis;

209 2528 335 2562 beneque
368 2527 452 2555 Gesn.
486 2526 662 2559 emendavit,
698 2528 804 2562 affectus
842 2529 997 2556 imminuas.

209 2562 312 2598 Nempe
339 2570 502 2598 pugnamus,
538 2567 655 2598 nonut
680 2563 733 2588 τῶν
764 2563 857 2589 παθῶν
873 2563 999 2598 (ιιιωιίοιιι

209 2597 377 2628 auferamus.
393 2597 451 2627 sed,
470 2601 498 2623 ut
512 2597 546 2624 ad
560 2597 675 2624 rationis
696 2597 918 2625 mediocritatem
937 2607 999 2626 om-

210 2632 255 2659 nia
283 2633 466 2660 reducamus:
499 2633 573 2667 quod
602 2637 630 2660 et
656 2633 844 2667 praestandum
868 2634 999 2661 admonet

211 2667 355 2699 Maximus,
383 2674 411 2695 et
439 2675 502 2695 cum
534 2668 755 2702 praestiterimus,
783 2669 937 2696 cavendum
964 2677 999 2696 ne

211 2703 377 2738 negligentia
397 2707 491 2731 nostra
508 2703 609 2731 iterum
630 2709 772 2737 crescant;
804 2704 846 2731 vel
863 2708 892 2730 ut
914 2709 999 2738 partae

210 2739 295 2765 semel
312 2738 430 2765 virtutes
446 2738 526 2766 nobis
541 2738 682 2772 diﬁluant;
706 2739 780 2773 quod
810 2739 848 2766 ait
867 2739 958 2766 facere
972 2743 1001 2766 et

212 2780 326 2807 cavere;
343 2774 509 2809 ἐργάζεσθαι
525 2774 572 2800 καὶ
584 2773 742 2808 φυλάσσειν·
756 2782 805 2802 seu
825 2775 909 2801 etiam
921 2782 1000 2809 para-

214 2813 295 2848 re,_ct
306 2815 386 2843 parta
401 2816 584 2841 conservare;
609 2809 683 2844 quod
713 2813 863 2845 utrumque
887 2817 920 2837 ea
947 2816 999 2836 νοκ

213 2848 318 2878 patitur
333 2848 363 2872 ut
379 2851 556 2879 exponamus.

1031 217 1187 255 ὑποτίθεται
1214 216 1302 244 πάντα
1323 214 1468 250 ἄνθρωπον
1487 213 1516 247 ἐξ
1531 214 1590 239 ῐσου
1605 212 1747 247 ἀγαπῆσαι
1764 210 1822 248 [ἲν.

1030 263 1162 299 ἀγαπᾷνι.

1068 310 1111 337 ια’.
1132 311 1296 337 "Exul/ron
1313 309 1373 337 ἀπὸ
1389 308 1496 340 κακοῦ,
1518 306 1567 334 καὶ
1602 306 1734 340 ποίησον
1752 304 1826 339 dra-

1030 357 1093 384 θόν.
1109 356 1248 388 Τουτέστι,
1264 355 1421 390 Πολέμησον
1431 354 1495 386 τοὺς
1505 352 1629 388 ἐχθροὺς,
1645 352 1689 378 ἵνα
1703 350 1825 386 μειώσῃς

1029 402 1064 429 τὰ
1078 402 1152 437 πάθη
1169 402 1217 437 (o)'
1230 401 1326 428 ἔπειτα.
1343 401 1372 428 δὲ
1387 401 1467 435 νῆφε,
1483 399 1527 426 ἵνα
1544 399 1582 434 μὴ
1597 397 1747 433 αὑξήσωσι.
1768 396 1826 423 Καὶ⁵

1030 448 1121 475 πάλιν·
1139 447 1308 483 Πολέμησον,
1324 447 1368 473 ἴνα
1381 447 1471 482 κτήσῃ
1486 445 1536 473 τὰς
1553 444 1664 480 ἀρετάς·
1694 443 1741 469 καὶ
1758 451 1826 478 μετ-

1031 494 1126 521 έπειτα
1140 494 1208 530 νῆφε
1220 514 1227 525 ,
1256 494 1299 520 ἵνα
1329 492 1416 524 αὑτὰς
1441 490 1617 527 διαφυλάξῃς.
1633 489 1689 516 Καὶ
1702 488 1783 515 τοῦτο
1794 487 1827 515 ἂν

1031 540 1084 574 εἴη,
1101 539 1131 566 τδ
1148 538 1322 574 ἐργάζεσθαι,
1339 538 1386 564 καὶ
1400 537 1556 571 φυλάσσειν.

1069 585 1111 620 ιβ’.
1127 586 1158 612 Οἱ
1183 585 1254 612 κατὰ
1271 583 1445 620 συγχώρησιν
1462 582 1530 610 Θεοῦ
1546 581 1722 616 πειράζοντες
1738 580 1827 615 ἡμᾶς,

1032 631 1048 666 ἢ
1068 631 1099 658 τὸ
1115 631 1314 666 ἐπιθυμητικὸν
1338 631 1386 665 τῆς
1406 630 1495 665 ψυχῆς
1510 628 1747 664 ὲκθερμαίνουσιν,
1761 627 1779 662 ἢ
1796 627 1829 653 τὸ

1033 677 1149 712 θυμικὸν
1173 675 1434 712 ἐκταράσσουσιν,ἢ
1455 676 1485 702 τὸ
1504 674 1612 709 λογικὸν
1636 673 1829 709 ὲπισκοτιζου-

1034 733 1086 757 σιν,
1102 723 1118 759 ἢ
1136 723 1166 750 τὸ
1190 724 1270 758 σῶμα
1286 723 1393 755 ὀδύναις
1412 721 1633 757 περιῦάλλοοσιν,
1648 720 1666 755 ἢ
1685 720 1716 746 τὰ
1731 727 1829 754 σωμα-

1033 769 1095 796 τικὰ
1109 767 1314 804 διαρπάζουσιν.

1070 819 1114 851 ιγ’.
1132 815 1168 841 "ll
1184 814 1217 842 δι’
1233 814 1337 841 ἑαυτῶν
1358 814 1432 849 ἡμᾶς
1458 813 1483 839 οἱ
1501 811 1629 846 δαίμονες
1646 808 1831 844 ἐκπειράζω-

1035 871 1087 894 σιν.
1103 862 1120 898 ἢ
1142 862 1206 894 τοὺς
1230 861 1267 897 μὴ
1285 860 1469 896 φοϐουμένους
1490 859 1537 885 τὸν
1552 857 1653 892 Κύριον
1671 855 1733 882 καθ’
1747 855 1830 890 ἡμῶν

1034 909 1236 944 ὲφοπλίζουσιν.
1256 908 1310 935 Καὶ
1328 908 1361 934 δι’
1380 906 1485 933 ἑαυτῶν
1500 905 1559 941 μὲν,
1575 905 1640 931 ὅταν
1658 904 1690 930 ὲκ
1705 902 1758 928 τῶν
1778 901 1829 927 ἁν-

1035 955 1152 991 θρώπων
1171 955 1328 988 ἰδιάσωμεν,
1340 953 1434 988 ὥσπερ
1449 953 1495 979 τὸν
1508 951 1610 986 Κύριον
1626 951 1655 976 ὲν
1668 951 1701 985 τῇ
1719 949 1827 983 ἐρήμῳ·

1034 1002 1078 1029 διὰ
1098 1002 1153 1029 τῶν
1173 1000 1324 1036 ἀνθρώπων
1345 1000 1388 1032 δὲ,
1409 1000 1474 1026 ὅταν
1502 998 1573 1034 μετὰ
1600 997 1656 1024 τῶν
1676 995 1831 1029 ἀνθρώπων

1035 1048 1278 1084 συνδιατρίιέωμεν,
1295 1047 1389 1082 ὥσπερ
1403 1047 1450 1072 καὶ
1464 1045 1511 1072 τὸν
1531 1044 1634 1080 Κύριον
1648 1043 1692 1070 διὰ
1707 1043 1760 1069 τῶν
1772 1042 1831 1068 Φα-

1036 1095 1158 1132 ρισαίων.
1182 1094 1252 1120 Ἀλλ’
1274 1094 1355 1129 ἡμεῖς
1375 1093 1414 1123 εἰς
1438 1092 1485 1118 τὸν
1510 1091 1595 1118 τύπον
1609 1090 1688 1126 ἡμῶν
1710 1088 1830 1116 ἀποϐλε-

1037 1142 1160 1176 πόμενοι,
1176 1138 1370 1176 ἀμφοτέρωθεν
1389 1139 1488 1170 αὐτοὺς
1509 1135 1754 1172 ἀποκρουσώμεθα.

1074 1187 1113 1214 ιδ’.
1133 1188 1218 1213 Ὅταν
1242 1186 1359 1222 ἄρχηται
1382 1186 1396 1212 ὁ
1419 1184 1480 1216 νοῦς
1507 1184 1547 1215 εἰς
1580 1183 1628 1218 τὴν
1648 1182 1757 1216 ἀγάπην
1782 1180 1832 1207 τοῦ

1036 1235 1104 1262 Θεοῦ
1125 1235 1302 1270 προκόπτειν,
1324 1233 1384 1260 τότε
1413 1233 1461 1258 καὶ
1486 1233 1499 1258 ὁ
1518 1230 1622 1266 δαίμων
1642 1231 1692 1264 τῆς
1707 1229 1833 1264 βλασφη-

1039 1281 1102 1317 μίας
1118 1281 1232 1317 ἄρχεται
1248 1278 1424 1313 ἐκπειράζειν
1440 1277 1531 1304 αὐτόν·
1546 1277 1592 1304 καὶ
1608 1275 1745 1306 τοιούτους
1756 1274 1834 1310 αὑτῷ

1037 1328 1186 1363 λογισμοὺς
1203 1326 1360 1358 ὑποϐάλλει,
1386 1325 1459 1356 οἴους
1477 1323 1630 1359 ἀνθρώπων
1655 1322 1705 1358 μὲν
1729 1322 1832 1352 οὐδεὶς.

1040 1375 1120 1411 μόνος
1134 1374 1163 1401 δὲ
1177 1375 1191 1400 ὑ
1200 1373 1302 1400 τούτων
1328 1370 1419 1406 πατὴρ
1432 1370 1553 1401 διάϐολος
1565 1369 1732 1404 ὲφευρίσκει.
1745 1367 1836 1394 Τοῦτο

1037 1421 1065 1448 δὲ
1091 1421 1172 1452 ποιεῖ,
1191 1418 1297 1454 φοονῶν
1322 1417 1361 1452 τῷ
1385 1417 1522 1451 θεοφιλεῖ·
1550 1416 1594 1442 ἵνα
1615 1415 1655 1447 εἰς
1676 1414 1835 1448 ἀπόγνωσιν

1038 1467 1123 1494 ἐλθὼν
1149 1466 1186 1497 ὡς
1211 1464 1323 1492 τοιαῦτα
1342 1463 1503 1499 διανοηθεὶς,
1523 1461 1622 1498 μηχὲτι
1646 1461 1770 1497 τολμήσῃ
1789 1461 1836 1488 διὰ

1003 1515 1089 1550 ρτῆς
1116 1512 1249 1548 συνήθους
1279 1511 1434 1545 προσευχῆς
1465 1508 1534 1544 πρὸς
1557 1508 1639 1534 αὑτὸν
1665 1508 1835 1542 ἀναπτῆναι.

1039 1558 1121 1587 Οὐδὲν
1135 1559 1164 1585 δὲ
1193 1557 1317 1584 ἐντεῦθεν
1336 1555 1481 1591 ὠφελεῖται
1503 1556 1516 1582 6
1538 1554 1664 1590 ἀλάστωρ
1694 1554 1763 1589 πρὸς
1788 1554 1837 1581 τδν

1041 1607 1105 1634 [διον
1120 1605 1230 1632 σκοπόν·
1255 1603 1324 1631 ἀλλὰ
1350 1603 1397 1629 καὶ
1425 1601 1525 1637 μᾶλλον
1547 1600 1737 1636 βεϐαιοτέρους
1760 1601 1837 1636 ἡμᾶς

1041 1651 1240 1688 ἀπεργάζεται.
1262 1648 1465 1684 Πο).εμοὺμενοι
1486 1646 1541 1682 γὰρ
1555 1647 1603 1673 καὶ
1619 1645 1836 1682 ἀντιπολεμοῦν-

1041 1707 1097 1730 τες,
1113 1696 1292 1732 δοκιμώτεροι
1319 1695 1366 1722 καὶ
1382 1694 1563 1728 γνησιώτεροι
1590 1692 1632 1723 εις
1656 1691 1705 1725 τὴν
1723 1689 1837 1724 ἀγάπην

1041 1745 1089 1772 τοῦ
1107 1744 1175 1771 Θεοῦ
1193 1741 1389 1778 εὑρισκόμεθα.
1415 1740 1446 1768 Ἠ
1460 1739 1494 1766 δὲ
1505 1738 1640 1774 ῥομφαία
1658 1737 1752 1764 αὑτοῦ
1771 1737 1838 1763 εἰσ-

1043 1792 1125 1819 ἐλθοι
1140 1791 1184 1823 εὶς
1198 1789 1326 1824 καρδίαν
1336 1787 1442 1820 αὑτοῦ,
1455 1786 1503 1814 καὶ
1518 1785 1556 1813 τὰ
1567 1784 1640 1817 τόξα
1654 1782 1748 1811 αὐτοῦ
1762 1790 1839 1810 συν-

1044 1837 1168 1871 τριϐειη.

1082 1929 1122 1953 ιε’.
1139 1925 1169 1951 '0
1194 1922 1257 1955 νοῦς
1276 1920 1429 1949 ἐπιϐάλλων
1454 1919 1511 1950 τοῖς
1529 1917 1647 1953 ὁρατοῖς,
1667 1914 1738 1942 κατὰ
1756 1913 1841 1949 φύσιν

1047 1973 1101 2000 νοεῖ
1110 1971 1145 1999 τὰ
1158 1970 1310 2005 πράγματα
1325 1967 1369 1994 διὰ
1384 1966 1469 2002 μέσης
1477 1964 1527 1999 τῆς
1539 1962 1703 1998 αῑσθήσεως⁶
1715 1959 1763 1988 καὶ
1775 1959 1840 1986 οὔτε

1046 2020 1060 2047 ὁ
1080 2018 1140 2050 νοῦς
1164 2016 1260 2049 κακὸν,
1273 2014 1335 2042 οὔτε
1356 2014 1386 2040 τδ
1400 2013 1470 2040 κατὰ
1485 2010 1564 2046 φύσιν
1581 2010 1661 2036 νοεῖν·
1679 2006 1740 2034 οὕτε
1757 2007 1786 2033 δὲ
1805 2006 1840 2033 τὰ

1048 2064 1212 2099 πράγματα,
1228 2060 1290 2087 οὔτε
1313 2060 1329 2096 ή
1357 2058 1492 2094 αἴσθησις·
1517 2055 1585 2083 Θεοῦ
1608 2055 1661 2090 γάρ
1683 2055 1736 2080 εισι
1752 2052 1841 2099 ταύτα

1048 2097 1082 2137 τά
1103 2097 1181 2144 ἔργα.
1197 2107 1230 2134 Τί
1242 2105 1289 2132 οὖν
1310 2105 1368 2131 ἐστι
1384 2103 1414 2130 τὺ
1427 2102 1511 2129 κακόν
1524 2110 1531 2134 ;
1545 2101 1628 2137 Δῆλον
1649 2100 1689 2126 ὅτι
1706 2097 1840 2144 tondeo;

1049 2154 1096 2182 τοῦ
1112 2142 1183 2182 atati:
1206 2151 1287 2188 φύσιν
1300 2151 1445 2186 νοήματος,
1461 2149 1530 2183 ὅπερ
1544 2147 1654 2174 δύναται
1672 2145 1710 2180 μὴ
1725 2142 1795 2171 εἶναι
1812 2145 1841 2170 ἐν

1015 2186 1036 2214 D
1051 2203 1085 2237 τῇ
1096 2200 1151 2228 τῶν
1166 2186 1310 2234 νοημάτων
1332 2195 1442 2232 χρήσει,
1455 2194 1502 2222 ἐὰν
1523 2193 1538 2220 ό
1553 2191 1616 2224 νοῦς
1632 2191 1768 2228 γρηγορῇ.

1088 2337 1136 2367 ις’.
1154 2331 1245 2363 Πάθος
1258 2329 1318 2357 ἐστὶ
1337 2328 1375 2366 (ρ)
1395 2325 1600 2364 κίνησιςψυχῆς
1620 2322 1696 2358 παρὰ
1715 2322 1808 2358 φύσιν,
1825 2321 1842 2357 ἢ

1083 2457 1121 2493 (ρ)
1136 2455 1324 2493 Πάθρςνὲστί.
1339 2453 1386 2482 Sic
1396 2453 1511 2493 Cent.__r,
1525 2459 1550 2493 ο.
1566 2452 1611 2484 55,
1635 2458 1709 2493 unus
1724 2454 1759 2493 _et
1772 2450 1844 2479 alter

1047 2486 1126 2528 Be‘éi'i
1139 2486 1351 2528 codd-habent,
1372 2495 1432 2528 non
1450 2488 1558 2523 adjecta
1569 2494 1638 2514 voce
1648 2486 1763 2528 ψεκτὸν,
1779 2494 1843 2528 qua:

1047 2524 1103 2556 nec
1114 2526 1262 2555 admodum
1275 2524 1443 2555 necessaria,
1461 2531 1524 2551 cum
1542 2524 1696 2557 praesertim
1708 2526 1845 2556 sequatur

1048 2555 1138 2590 altero
1151 2562 1242 2590 statim
1260 2568 1322 2590 can.
1341 2559 1474 2586 Ἀπάοειά
1494 2555 1562 2584 ἐστὶ.
1586 2555 1621 2585 οι
1639 2557 1712 2584 enim
1735 2555 1794 2583 haec
1814 2557 1844 2583 in

1049 2599 1192 2629 virtutem,
1208 2597 1249 2623 sic
1276 2591 1343 2623 illud
1364 2595 1392 2621 in
1412 2594 1510 2621 vitium
1532 2595 1629 2629 sonat,_
1651 2592 1692 2619 sic
1707 2591 1844 2629 absolute

1070 2627 1207 2665 relatum;
1224 2635 1295 2659 utet
1310 2630 1390 2658 nobis
1408 2629 1498 2665 libido,
1506 2635 1538 2655 ac
1547 2627 1630 2665 (quod
1640 2627 1845 2665 pas_s_im_reddit

1064 2662 1322 2709 lieronym'useam
1346 2663 1454 2709 vocem)
1479 2663 1653 2709 perturbatio:
1689 2662 1768 2702 Unde
1793 2669 1846 2688 nec

1051 2703 1137 2731 Stoici
1155 2698 1183 2730 in
1196 2701 1321 2736 sapiente
1333 2699 1366 2727 τὰ
1381 2700 1454 2734 πάθη
1467 2698 1669 2739 admittebant;
1683 2698 1723 2739 sic
1741 2704 1843 2739 nempe

1051 2739 1149 2766 stricte
1174 2732 1288 2771 accepta
1308 2744 1342 2772 ea
1370 2732 1463 2772 voge';
1490 2741 1554 2761 cum
1575 2732 1845 2772 pietastlhristiana

1051 2782 1107 2800 non
1124 2767 1254 2807 respuat‘;
1271 2771 1319 2799 sed
1336 2770 1496 2807 μειωθέντα.
1511 2773 1540 2796 et
1563 2768 1598 2807 ad
1621 2767 1844 2807 mediocritatem

1052 2801 1454 2843 rationis-redacta,quomodo
1478 2804 1535 2843 jam
1552 2803 1630 2843 litant
1647 2803 1776 2843 virtutes:
1795 2801 1846 2829 ilic

1053 2843 1185 2871 Maximus
1202 2843 1279 2877 quasi
1296 2839 1381 2868 unum
1397 2839 1483 2867 habet
1499 2839 1538 2872 το,
1552 2839 1641 2870 ﬂgitio;
1657 2842 1682 2865 et
1701 2839 1806 2864 Kaxia.
