1948 3077
275 141 322 173 991

855 141 885 170 S.
906 138 1048 170 ΜΑΧΙΜΙ
1067 137 1320 167 CONFESSORIS

1845 127 1907 158 9’32

277 195 352 230 scopi
367 195 495 229 denique,
505 195 553 230 qui
565 202 642 222 sacro
658 198 797 229 unguento
807 194 928 222 Scientia:
943 193 1055 220 adoran-

1113 191 1234 225 δώνυμον
1249 191 1349 224 γνῶσιν
1375 189 1544 224 ἐξαφανίζων
1555 195 1562 203 ·
1593 185 1746 213 ὲπισκοπιῦ
1768 184 1810 215 δὲ,
1827 184 1840 210 ὸ
1856 184 1904 216 τῷ

277 240 319 268 da:
332 245 485 275 sancta‘que
504 240 646 267 Trinitatis
663 240 776 275 perﬁcit.

312 326 354 352 22.
369 326 543 354 lnﬁrmantur
553 327 700 358 dzemones,
713 326 778 354 dum
789 326 837 361 qui
849 326 875 353 in
892 325 972 353 nobis
994 325 1059 353 aﬁ'e-

277 374 338 398 ctus
353 376 456 399 suntac
466 372 605 405 libidines,
617 373 743 400 mandata
760 372 914 407 prastando
929 372 1060 398 minuun-

279 419 338 442 tur:
353 421 471 450 pereunt
485 425 559 449 vero,
585 425 646 444 cum
664 422 742 452 parta
771 417 855 444 animi
875 417 1060 452 imperturba-

276 459 360 492 tione,
393 462 439 488 illo
469 462 657 498 proﬂigantur,
677 471 731 490 non
749 463 865 497 amplius
889 463 1061 490 invenientes

274 506 376 540 quibus
390 507 416 534 in
431 515 464 534 eo
481 508 648 540 residebant,
663 517 695 536 ac
710 509 782 536 bello
798 508 978 535 lacessebant.
1003 507 1060 535 Sit-

274 559 326 585 que
337 551 364 578 id
381 553 453 586 quod
470 553 506 580 ita
524 554 627 581 dictum
641 559 698 582 est:
711 554 931 590 Inﬁrmabuntur,
948 558 972 580 et
986 554 1058 589 peri-

274 596 337 623 bunt
356 607 371 624 α
389 598 456 632 facie
470 603 515 626 tua
530 599 562 626 υ.

308 641 353 668 25.
370 643 421 670 Alii
434 644 575 671 hominum
593 644 713 672 humano
731 645 830 672 timore
849 653 878 672 se
890 653 905 671 a
916 645 992 672 vitiis
1008 645 1058 672 ab—

272 686 393 720 stinent;
409 688 466 720 alii,
483 688 573 716 inanis
590 689 692 724 glori:e;
704 690 762 722 alii,
773 689 950 718 continentiae
964 698 1057 723 causa;

273 731 319 758 alii
340 731 458 768 denique
474 734 509 761 iis
533 734 696 768 liberantur,
716 735 872 762 divinorum
888 735 1069 775 judiciorum‘

274 782 378 805 terrore
393 780 528 807 exterriti.

306 823 350 851 24.
367 823 464 852 Cuncti
476 826 583 854 Domini
602 834 754 859 sermones,
769 832 890 862 quatuor
907 827 966 855 haec
982 835 1057 855 com-

273 869 447 904 plectuntur;
462 871 567 900 scilicet
592 873 731 906 mandata,
744 861 854 901 decreta
862 881 910 901 seu
919 873 1056 909 dogmata,
1074 861 1094 888 Β

272 916 370 949 minas,
388 919 521 952 promissa
539 927 546 945 ι
564 927 729 954 omnemque
744 919 865 949 durioris
883 920 945 947 vitaz
973 919 1058 947 disci-

271 962 375 996 plinam
404 963 573 991 sustinemus
591 965 700 994 illorum
728 972 827 998 causa;
852 969 917 1000 puta
942 966 1055 1001 ieiunia,

270 1008 387 1043 vigilias,
408 1009 601 1042 ltumisteruia,
630 1011 740 1038 labores
760 1015 788 1039 et
819 1011 959 1038 molestias
985 1012 1057 1040 inter

273 1053 497 1087 ministrandum,
516 1055 680 1090 injuriarum
696 1056 902 1090 procacitatem,
920 1056 1056 1088 infamias,

268 1102 418 1130 tormenta,
438 1103 551 1131 mortes,
580 1103 662 1134 atque
686 1100 730 1127 his
743 1100 852 1127 similia.
865 1100 911 1127 Ait
925 1101 1030 1128 etenim
1049 1109 1055 1128 :

271 1143 383 1178 Propter
395 1145 473 1171 verba
499 1144 631 1172 lubiorum
651 1150 758 1173 tuorum
784 1154 830 1182 ego
855 1147 981 1174 custodivi
1001 1149 1057 1174 vias

269 1189 351 1217 duras
367 1189 400 1217 δ’.

304 1236 349 1263 25.
363 1235 546 1264 Continentiae
561 1244 679 1270 merces,
693 1238 832 1273 tranquilli
848 1239 933 1266 animi
946 1239 1058 1267 habitus

269 1289 301 1309 ac
321 1282 532 1316 imperturbatio
556 1289 620 1311 est:
649 1283 714 1310 ﬁdei
735 1288 837 1316 autem,
865 1284 990 1312 scientia.
1018 1285 1057 1312 Ae

269 1327 380 1362 quidem
398 1329 617 1363 imperturbatio,
626 1329 819 1358 discretionem
830 1339 837 1363 ;
848 1331 964 1358 scientia
979 1339 1054 1364 vero,

268 1373 431 1403 charitatem
452 1375 481 1402 in
497 1376 583 1403 Deum
602 1377 686 1411 parit.

301 1419 346 1446 96.
366 1419 441 1446 Mens
459 1420 511 1448 rite
531 1421 639 1448 actione
654 1421 815 1456 defungens.
832 1421 866 1449 ad
881 1423 1056 1456 prudentiam

268 1464 397 1498 proﬁcit;
417 1465 534 1500 fungens
552 1474 616 1493 vero
649 1467 894 1501 contemplatione,
909 1469 944 1497 ad
965 1470 1057 1498 scien-

268 1511 345 1537 tiam.
363 1510 401 1538 Ac
417 1510 518 1545 prioris
529 1511 641 1545 quidem
669 1511 756 1538 munii
769 1516 824 1544 est,
840 1518 871 1541 ut
893 1514 926 1542 ad
943 1515 1055 1543 virtutis

267 1560 349 1590 atque
360 1556 419 1583 vitii
435 1556 640 1590 discretionem,
654 1561 804 1585 certantem
819 1559 956 1594 adducat;
986 1562 1055 1589 alte-

268 1602 326 1628 rius
344 1609 420 1634 vero,
435 1606 465 1628 ut
484 1609 546 1629 eutn
566 1603 611 1637 qui
633 1602 708 1630 illius
719 1603 857 1639 particeps
868 1606 912 1638 sit,
924 1606 958 1633 ad
972 1607 1055 1642 spiri-

267 1655 345 1676 tuum
358 1657 561 1684 corporumque
575 1648 656 1685 413
669 1649 790 1677 rationes
804 1652 948 1685 provehat.
962 1652 1056 1681 Gratia

267 1699 361 1723 autem
388 1695 545 1730 theologica
559 1699 626 1722 tunc
642 1695 753 1722 demum
772 1695 912 1731 dignatur,
931 1706 993 1726 cum
1011 1699 1056 1727 his

266 1749 327 1776 quae
351 1741 425 1768 dicta
443 1745 518 1773 sunt,
548 1741 678 1768 omnibus
710 1743 856 1776 superatis,
874 1749 1008 1780 naetaque
1025 1750 1055 1773 ut

266 1788 303 1815 sit
317 1787 344 1814 in
361 1787 429 1817 Deo.
442 1795 504 1822 quae
523 1788 597 1816 circa
613 1789 700 1817 Deum
716 1795 767 1822 est,
784 1791 930 1823 rationem,
955 1799 1004 1826 pro
1020 1799 1054 1819 eo

265 1842 298 1861 ac
314 1834 442 1860 humanae
459 1834 544 1860 menti
556 1841 719 1862 concessum
727 1839 779 1867 est,
792 1843 841 1870 per
854 1836 980 1870 spiritum
993 1845 1055 1864 con-

265 1880 407 1908 siderahit.

299 1926 344 1954 27.
357 1927 459 1955 Divinze
477 1927 614 1960 scientiae,
628 1927 738 1962 Deoque
755 1935 868 1962 operam
884 1933 1052 1962 navaturus,

265 1980 300 2000 ne
320 1972 393 2007 ipsas
412 1973 473 2008 ejus
492 1971 616 2000 rationes
634 1973 764 2006 exquiras
787 1972 888 2009 (neque
906 1973 980 2000 enim
999 1974 1053 2002 ulla

266 2026 386 2053 unquam
412 2018 533 2046 humana
556 2023 649 2046 mente
673 2023 738 2046 sunt
760 2019 1000 2054 pervestigabiles;
1026 2023 1054 2046 at

265 2074 355 2100 neque
375 2065 459 2093 ullius
481 2065 605 2097 alterius,
621 2073 728 2098 eorum,
743 2073 803 2100 qua:
821 2074 837 2093 a
859 2066 914 2094 Deo
932 2066 1051 2094 secunda

261 2111 340 2146 sunt)
358 2111 406 2138 sed
422 2118 519 2138 eorum
536 2119 596 2149 quae
612 2110 687 2138 circa
702 2114 781 2143 sunt,
795 2111 884 2145 quoad
902 2119 952 2146 per
966 2111 1052 2139 facul-

264 2161 351 2184 tatem
365 2156 489 2188 licuerit,
503 2156 623 2190 dispice;
639 2160 705 2191 puta
719 2156 895 2189 aeternitatis,
910 2157 1052 2185 inﬁnitatis

1112 236 1182 272 ἁγίῳ
1202 237 1280 272 μύρῳ
1295 230 1406 262 τελειῶν
1428 236 1479 270 τῆς
1493 233 1620 269 γνώσεως
1640 231 1690 267 τῆς
1705 227 1903 265 προσκυνητῆς

1111 281 1158 308 καὶ
1180 282 1261 315 ἁγίοις
1275 281 1400 316 Τριάδος.

1146 325 1197 361 κβθ.
1222 324 1378 352 Ἀσθενοῦσι
1408 324 1456 360 μὲν
1484 323 1510 350 οί
1538 321 1674 357 δαίμονες,
1698 320 1762 346 ὅταν
1779 318 1823 344 διὰ
1843 317 1902 343 τῶν

1110 370 1225 397 ἐντολῶν
1242 370 1372 406 μειῶνται
1387 369 1421 395 τὰ
1438 369 1512 403 πάθη
1531 367 1565 394 τὰ
1581 367 1610 392 ὲν
1631 367 1707 401 ἡμῖν’
1732 363 1904 391 ἀπόλλυπαι

1110 417 1149 448 δὲ,
1163 417 1226 443 ὅταν
1241 418 1280 449 εἰς
1294 416 1369 448 τέλος
1387 415 1431 442 διὰ
1450 415 1500 449 τῆς
1514 413 1647 443 ἀπαθείας
1669 412 1717 446 τῆς
1735 409 1827 444 ψυχῆς
1852 408 1902 440 ἔξ-

1110 463 1306 496 αφανίζωνται,
1325 462 1425 497 μηκέτι
1440 461 1611 495 εὑρίσκοντες
1634 458 1668 484 τὰ
1683 457 1717 484 δι’
1727 453 1764 482 ὦν
1784 457 1814 482 ὲν
1827 455 1902 488 αὐτῇ

1110 508 1266 543 εὑρίσκοντα
1291 509 1337 534 καὶ
1361 507 1508 542 ἐπολέμουν
1527 505 1628 540 αὑτήν·
1644 503 1691 531 καὶ
1705 502 1785 528 τοῦτο
1801 502 1834 528 ἂν
1855 500 1901 534 εἴη

1109 551 1149 583 τὸ,
1173 551 1394 585 Ἁσθενήσουσι,
1409 552 1455 582 καὶ
1469 550 1652 578 ἀπολοῦνται
1666 547 1725 575 ἀπὸ
1735 546 1903 581 προσώπου

1109 605 1177 624 σου.

1146 645 1198 676 κγ’.
1217 643 1248 669 Οἱ
1273 643 1321 677 μὲν
1339 643 1393 670 τῶν
1407 642 1559 678 ἀνθρώπων
1573 641 1618 668 διὰ·
1629 640 1711 675 φόὸον
1727 637 1905 672 ἀνθρώπινον

1108 687 1162 714 τῶν
1182 688 1275 714 παθῶν
1297 688 1453 723 ἀπέχονται·
1472 689 1497 714 οἱ
1518 688 1556 719 δὲ,
1573 687 1618 713 διὰ
1643 684 1795 718 κενοδοξίαν
1824 683 1906 709 ἄλλοι

1109 733 1147 764 δὲ,
1157 733 1191 760 δι’
1202 734 1376 768 ἐγκράτειαν·
1391 734 1480 769 ἕτεροι
1491 734 1529 766 δὲ,
1542 733 1586 760 διὰ
1600 732 1680 759 θείων
1691 730 1835 766 κριμάτων
1845 728 1906 754 τῶν

1110 779 1204 806 ’παθῶν
1214 780 1431 815 ἐλευθεροῦνται.

1147 826 1195 852 κδ’.
1208 827 1312 859 Πάντες
1324 827 1349 854 οἱ
1365 826 1439 861 λόγοι
1451 827 1498 853 τοῦ
1514 826 1628 861 Κυρίου,
1644 825 1679 851 τὰ
1695 823 1816 857 τέτταρα
1831 820 1903 847 ταῦ-

1108 881 1141 898 τα
1162 873 1328 908 περιέχουσι·
1347 873 1395 904 τὰς
1415 872 1536 905 ἐντολὰς,
1553 873 1587 898 τὰ
1603 871 1736 905 δόγματα,
1753 869 1802 899 τὰς
1818 868 1904 893 ἀπει-

1107 917 1167 948 λὰς.
1182 918 1229 949 τὰς
1249 918 1424 952 ἐπαγγελίας·
1443 917 1490 944 καὶ
1514 917 1603 944 πᾶσαν
1627 914 1841 951 σκληραγωγίαν
1855 912 1904 938 διὰ

1107 961 1194 988 ταῦτα
1206 963 1387 998 ὑπομένομεν·
1403 960 1469 994 οἷον,
1487 962 1625 997 νηστείας,
1642 960 1804 997 ἀγρυπνίας.
1821 967 1903 993 χαμ-

1109 1008 1210 1041 ευνίας,
1244 1009 1345 1041 κόπους
1368 1010 1414 1035 καὶ
1431 1008 1547 1043 μόχθους
1566 1009 1593 1034 ἐν
1607 1007 1767 1038 διακονίαις,
1787 1004 1901 1039 ὕϐρεις,

1108 1054 1230 1088 ἀτιμίας,
1249 1054 1440 1091 στρεϐλὼςεις,
1457 1055 1602 1086 θανάτους.
1619 1054 1666 1080 καὶ
1681 1052 1716 1078 τὰ
1735 1052 1826 1086 ὃμοια.
1847 1051 1902 1076 Διὰ

1108 1100 1162 1135 γὰρ
1181 1099 1251 1133 τοὺς
1277 1101 1388 1135 λόγους
1413 1100 1471 1127 τῶν
1486 1100 1595 1135 χειλῶν
1619 1107 1695 1132 σου,
1718 1098 1801 1133 φησὶν
1815 1117 1822 1129 ,
1840 1096 1902 1130 ἐγὼ

1107 1146 1244 1180 ἐφύλαξα
1264 1146 1354 1179 ὀδοὺς
1377 1145 1526 1180 σκληράς.

1143 1239 1194 1264 κε’·
1211 1236 1316 1268 Μισθὸς
1341 1238 1391 1271 τῆς
1404 1236 1567 1271 ἐγκρατείας
1580 1257 1587 1267 ,
1613 1237 1629 1270 ἡ
1657 1235 1788 1262 ἀπάθεια·
1805 1234 1855 1268 τῆς
1869 1233 1902 1259 δὲ

1108 1280 1235 1312 πίστεως,
1251 1281 1267 1315 ἠ
1290 1280 1400 1315 γνῶσις·
1416 1282 1462 1308 καὶ
1479 1282 1495 1316 ἡ
1516 1281 1565 1316 μὲν
1586 1280 1716 1311 ἀπάθεια,
1740 1279 1828 1305 τίκτει
1847 1279 1903 1313 τὴν

1106 1325 1252 1360 διάκρισιν⁵
1268 1327 1284 1361 ἡ
1301 1326 1328 1352 δὲ
1348 1325 1458 1360 γνῶσις,
1482 1327 1531 1362 τὴν
1555 1327 1595 1358 εἰς
1610 1325 1676 1353 Θεὸν
1701 1325 1812 1359 ἀγάπην
1838 1323 1899 1359 [Fn

1106 1369 1155 1404 τὴν
1171 1369 1245 1396 θείαν
1257 1370 1392 1407 ἀγάπην].

1142 1415 1198 1448 κς’.
1214 1415 1373 1452 Πρακτικὴν
1401 1417 1450 1451 μὲν
1473 1418 1487 1444 ὀ
1508 1417 1572 1448 νοῦς
1588 1415 1740 1452 κατορθῶν,
1767 1416 1808 1446 είς
1826 1414 1900 1448 φρό-

1106 1470 1184 1496 νησιν
1199 1462 1366 1497 προκόπτει·
1384 1461 1556 1498 θεωρητικὴν
1580 1462 1620 1492 δὲ,
1649 1462 1688 1492 είς
1711 1461 1824 1495 γνῶσιν,
1840 1459 1902 1494 Τῆς

1109 1507 1158 1542 μὲν
1170 1508 1224 1543 γάρ
1245 1509 1330 1540 ἐστιν,
1355 1508 1395 1540 είς
1409 1508 1545 1544 διάκρισιν
1558 1507 1658 1543 ἀρετῆς
1673 1507 1720 1534 καὶ
1731 1507 1834 1538 κακίας
1850 1507 1903 1540 φέ-

1109 1561 1166 1590 ρειν
1178 1554 1223 1579 τὺν
1236 1553 1452 1588 ἀγωνιζόμενον·
1477 1555 1527 1589 τῆς
1541 1554 1580 1586 δὲ,
1605 1554 1645 1585 είς
1658 1553 1722 1584 τοὺς
1741 1551 1807 1586 περὶ
1821 1553 1903 1578 ἀσω-

1109 1599 1202 1635 μάτων
1216 1600 1262 1626 καὶ
1278 1600 1413 1635 σωμάτων
1429 1600 1524 1635 λόγους
1541 1600 1619 1634 ἄγειν
1632 1599 1680 1626 τὸν
1695 1599 1820 1634 μέτοχον.
1840 1598 1901 1632 Τῆς

1106 1646 1134 1672 δὲ
1156 1645 1316 1681 θεολογικῆς
1339 1646 1461 1682 χάριτος,
1488 1645 1670 1681 τοτηνίκαῦτα
1696 1644 1877 1677 καταξιοῦται
1891 1664 1901 1676 ,

1106 1691 1223 1726 ὁπηνίκα
1239 1691 1273 1718 τά
1286 1692 1475 1727 προειρημένα
1488 1692 1577 1718 πάντα
1590 1691 1634 1718 διὰ
1648 1691 1702 1717 τῶν
1717 1691 1769 1725 τῆς
1783 1690 1902 1725 ἀγάπης

1107 1737 1215 1772 πτερῶν
1228 1737 1406 1772 διαπεράσας,
1422 1737 1469 1764 καὶ
1485 1738 1513 1763 ὲν
1524 1736 1585 1772 Θεῷ
1598 1736 1752 1772 γενόμενος,
1767 1736 1815 1762 τὸν
1831 1736 1902 1771 περὶ

1106 1782 1189 1809 αὑτοῦ
1208 1783 1287 1816 λόγον
1303 1782 1348 1809 διὰ
1364 1782 1411 1809 τοῦ
1431 1782 1598 1817 πνεύματος,
1618 1782 1656 1814 ὡς
1671 1782 1836 1818 ἀνθρωπίνῳ
1858 1781 1901 1817 νῷ

1105 1828 1227 1860 δυνατὸν,
1243 1829 1432 1863 διασκοπήσει.

1142 1919 1192 1951 κζ’.
1208 1922 1216 1931 ¹
1233 1919 1376 1955 Θεολογεϊν
1392 1919 1508 1955 μέλλων,
1532 1921 1569 1955 μὴ
1589 1920 1651 1951 τοὺς
1667 1919 1727 1945 κατ’
1749 1919 1832 1945 αὑτὸν
1849 1919 1901 1954 ζη-

1105 1967 1190 2002 τήσῃς
1208 1966 1305 2000 λόγους
1337 1967 1388 2002 (οὗ.
1402 1967 1439 2001 μὴ
1464 1966 1518 2001 γὰρ
1536 1965 1602 2001 εὕρῃ
1620 1965 1791 2000 ἀνθρώπινος
1809 1965 1872 1996 νοῦς
1889 1973 1898 1980 ·

1105 2013 1163 2040 ἀλλ’
1184 2013 1243 2040 οὐδὲ
1269 2013 1348 2040 ἄλλου
1373 2015 1445 2045 τινὸς
1469 2013 1523 2040 τῶν
1546 2012 1618 2048 μετὰ
1635 2011 1723 2048 Θεὸν),
1748 2011 1817 2038 ἀλλὰ
1832 2012 1899 2044 τοὺς

1105 2060 1168 2095 περὶ
1184 2060 1264 2087 αὐτὸν
1274 2081 1281 2093 ,
1300 2060 1338 2091 ὡς
1354 2057 1410 2087 οἶόν
1421 2069 1452 2086 τε
1465 2082 1471 2093 ,
1487 2059 1640 2086 διασκόπει.
1655 2055 1716 2085 Οἴον
1738 2059 1801 2090 τοὺς
1831 2058 1898 2092 περὶ

1104 2106 1253 2140 ἀϊδιότητος
1264 2127 1271 2137 ,
1288 2106 1417 2141 ἀπειρίας
1433 2114 1463 2132 τε
1481 2106 1527 2132 καὶ
1545 2105 1686 2140 ἀοριστίας
1697 2125 1705 2137 ,
1723 2102 1897 2139 ἀγαθότητός

1104 2161 1134 2178 τε
1149 2152 1196 2178 καὶ
1211 2152 1308 2186 σοφίας
1331 2152 1378 2178 καὶ
1395 2152 1553 2186 δυνάμεως,
1570 2150 1771 2186 δημιουργικῆς
1791 2159 1822 2175 τε
1847 2151 1897 2176 καὶ

264 2209 296 2230 ac
327 2201 540 2234 immensitatis,
574 2201 759 2237 bonitatisque
791 2207 819 2230 et
852 2202 993 2237 sapientia:
1023 2207 1052 2230 et

1113 2197 1295 2232 τρονοητικῆς,
1314 2196 1360 2222 καὶ
1374 2195 1501 2231 κριτικῆς
1513 2195 1568 2221 τῶν
1585 2195 1680 2221 ὄντων.
1696 2191 1779 2226 Οὗτος
1796 2194 1852 2229 γὰρ
1865 2195 1897 2219 ὲν

264 2247 405 2282 potentiue,
419 2247 521 2282 quibus
536 2255 580 2274 res
594 2248 728 2281 condidit,
745 2249 852 2283 illisque
869 2249 1005 2283 providet,
1021 2257 1053 2276 ac

261 2292 366 2327 judicio
393 2292 472 2327 regit.
500 2292 550 2319 llic
579 2293 653 2320 enim
684 2293 757 2320 inter
782 2293 912 2323 mortales
938 2301 1053 2328 magnus

264 2338 407 2374 theologus
423 2338 533 2373 est,qui
552 2339 650 2366 horum
668 2338 789 2365 rationes
806 2338 939 2373 tantisper
954 2339 1050 2366 saltem

262 2384 413 2412 adinvenit.

296 2430 340 2457 28.
354 2430 400 2458 Ille
413 2430 456 2457 vir
468 2433 566 2465 potens
581 2434 633 2463 est,
649 2430 695 2464 qui
713 2429 858 2457 scientiam
872 2430 1049 2458 actionicon-

260 2476 360 2511 iunxit.
379 2475 447 2502 Nam
470 2476 556 2503 altera
579 2475 706 2510 quidem,
730 2475 908 2511 cupiditatem
932 2481 1051 2505 macerat

260 2521 385 2556 iramque
399 2522 490 2555 sedat;
505 2523 590 2549 altera
601 2529 678 2555 vero,
690 2527 782 2550 mente
794 2522 920 2550 sublimis
929 2523 1012 2555 volat,
1024 2527 1052 2551 et

261 2568 288 2595 in
303 2567 388 2594 Deum
404 2568 523 2596 excedit.

295 2614 341 2641 29.
364 2614 432 2641 Cum
456 2614 523 2642 dicit
546 2615 679 2643 Dominus
704 2624 710 2641 :
739 2615 793 2651 Ego
818 2620 842 2643 et
866 2615 948 2643 Pater
968 2624 1050 2643 unum

259 2669 350 2690 sumus
363 2660 396 2693 ",
413 2661 537 2688 eamdem
561 2669 621 2689 esse
646 2662 792 2689 essentiam
818 2661 963 2697 signiﬁcat.
980 2662 1049 2689 Cum

260 2714 326 2735 vero
341 2707 441 2734 iterum
458 2707 513 2734 ait:
531 2707 586 2743 Ego
603 2709 630 2735 in
645 2707 736 2741 Patre,
749 2713 774 2735 et
788 2708 870 2735 Pater
883 2708 910 2735 in
919 2717 959 2735 me
967 2713 1004 2735 est
1015 2708 1048 2741 “,

1103 2242 1258 2278 ἀνθρώποις
1275 2242 1362 2277 μέγας
1381 2241 1523 2276 θεολόγος,
1550 2242 1564 2268 ὁ
1580 2241 1683 2271 τούτων
1706 2240 1770 2272 τοὺς
1796 2239 1897 2271 λόγους

1104 2289 1154 2316 κᾶν
1169 2289 1260 2321 ποσῶς
1277 2288 1453 2325 ἐξευρίσκων.

1137 2436 1190 2467 κη’.
1207 2431 1325 2463 Δυνατὸς
1339 2431 1419 2466 ἀνὴρ,
1432 2431 1446 2456 ὁ
1461 2431 1493 2466 τῇ
1510 2429 1607 2466 πράξει
1624 2428 1674 2463 τὴν
1684 2427 1783 2462 γνῶσιν
1797 2427 1895 2460 συζεύ-

1102 2478 1158 2511 ξας.
1177 2479 1216 2514 Τῇ
1237 2477 1286 2513 μὲν
1301 2477 1355 2512 γὰρ
1368 2496 1375 2510 ,
1399 2475 1447 2512 τὴν
1464 2474 1612 2510 ἐπιθυμίαν
1631 2473 1758 2510 μαραίνει
1778 2473 1826 2499 καὶ
1849 2474 1896 2500 τὸν

1101 2525 1187 2560 θυμὸν
1209 2525 1310 2560 ἡμεροῖ
1320 2532 1327 2538 ·
1357 2524 1391 2558 τῇ
1418 2523 1464 2554 δὲ,
1491 2523 1536 2548 τὸν
1551 2522 1614 2550 νοῦν
1628 2522 1724 2556 πτεροί
1738 2539 1746 2551 ,
1761 2519 1808 2546 καὶ
1824 2521 1895 2554 πρὸς

1101 2570 1167 2597 Θεὸν
1180 2569 1304 2604 ἐκδημεί.

1137 2618 1188 2643 κον.
1208 2616 1292 2643 Ὀταν
1303 2615 1371 2650 λέγῃ
1394 2613 1510 2649 Κύριος·
1529 2614 1609 2648 Ἐγὼ,
1636 2613 1684 2640 καὶ
1700 2615 1716 2640 d
1730 2613 1844 2647 Πατὴρ,
1860 2616 1895 2643 ἓν

1105 2663 1200 2695 ἐσμεν
1214 2681 1221 2692 .
1248 2661 1279 2688 τὺ
1299 2660 1398 2686 ταυτὸν
1420 2660 1470 2695 τῆς
1493 2659 1588 2688 οὐσίας
1609 2659 1747 2694 σημαίνει.
1763 2658 1849 2684 Ὅταν
1865 2657 1893 2683 δὲ

1103 2706 1184 2734 πάλιν
1199 2705 1265 2741 λέγῃ
1277 2714 1284 2721 ·
1306 2705 1379 2740 Ἐγὼ
1393 2705 1428 2731 ἐν
1443 2703 1482 2737 τῷ
1505 2704 1607 2738 "arpi,
1623 2702 1673 2730 καί
1698 2704 1715 2730 ό
1737 2702 1840 2736 Πατὴρ
1857 2702 1893 2728 ἐν

276 2776 296 2796 δ’
313 2777 382 2804 Psal.
404 2785 441 2810 rx,
457 2779 483 2806 λι.
524 2777 546 2793 δ’
568 2778 638 2806 Psal.
659 2786 712 2807 ενι.
727 2779 769 2806 Η.
809 2778 830 2795 ⁸³
845 2778 922 2807 Joan.
943 2787 968 2810 κ,
984 2778 1027 2806 50.

1113 2777 1177 2805 ibid.
1195 2776 1239 2804 58.

298 2848 305 2858 '
322 2845 433 2876 Eadem.
453 2846 508 2873 fere
525 2851 596 2873 cent.
613 2855 631 2878 ι,
650 2856 673 2873 ι’.
691 2847 739 2874 ult.
