1948 3077
259 172 312 204 995

841 169 874 198 S.
894 168 1037 198 MAXIM]
1059 168 1312 199 CONFESSORIS

1838 170 1889 201 990

259 227 376 259 semina,
389 230 430 258 ut,
446 233 508 253 cum
526 224 552 252 id
571 225 644 260 quod
661 225 788 252 volumus
805 229 836 251 ut
852 224 953 251 faciam
970 224 1046 251 nobis

1102 223 1114 250 ὃ
1129 224 1241 259 θέλομεν
1263 226 1304 251 ἵνα
1323 225 1437 252 ποιῶσιν
1452 225 1518 260 ἡμῖν
1535 225 1560 252 οἱ
1578 225 1729 260 ἄνθρωποι,
1746 226 1794 252 καὶ
1809 228 1888 262 ἡμεῖς

259 274 401 302 homines.
422 280 473 299 nos
492 279 602 306 quoque
626 271 681 298 illis
703 271 830 298 similiter
851 270 1000 297 fecerimus
1010 270 1048 303 ‘7;

259 321 317 352 vel,
339 324 368 346 ut
389 327 452 346 cum
473 319 595 353 aliquem
617 319 643 344 in
668 318 794 352 angustia
816 321 863 344 aut
886 317 1050 344 necessitate

258 367 400 397 videntes,
423 366 513 397 illius,
535 364 653 391 naturali
682 364 766 390 ductu
792 368 875 398 atque
901 363 1048 394 instinctu,

245 413 364 447 .miserti
386 412 532 439 fuerimus.
550 411 656 438 Sanctae
676 414 768 437 autem
791 410 918 440 virtutes,
936 414 966 437 nt
987 417 1050 437 cum

258 459 404 486 honestum
422 457 525 492 aliquid
535 465 566 483 ac
582 456 663 483 olﬁeii
680 456 923 491 aggressiJionum
942 455 1050 490 adjuto~

259 505 330 531 rium
350 504 549 535 invenerimus,
566 511 665 537 resque
681 502 762 529 nobis
778 509 909 536 prospere
924 501 1047 528 cesserit.

258 551 331 577 Bona
354 550 473 584 denique
499 549 644 579 voluntas,
669 552 698 575 ut
721 555 783 574 cum
810 547 913 574 bonum
939 555 954 574 a
978 548 1050 574 malo

258 595 457 624 discernentes,
471 593 497 620 id
511 593 583 628 quod
597 597 641 620 est
654 593 755 619 bonum
769 592 946 627 elegerimus.

293 639 337 665 55.
353 639 417 665 Tria
437 646 534 665 rursus
550 642 616 664 sunt
630 645 690 672 (μιν
707 645 758 664 nos
774 641 886 664 movent
901 637 935 664 ad
953 636 1023 664 mala
1041 645 1048 663 :

257 695 356 721 nempe
379 687 494 713 aﬁ‘cctus
519 694 567 713 seu
603 685 841 720 perturbationes,
862 685 1000 712 dmmones
1022 689 1051 712 et

259 733 329 760 mala
342 733 479 759 voluntas.
492 733 529 759 Ac
543 732 654 766 quidem
670 731 785 758 affectus
800 739 848 758 seu
865 731 1050 766 perturbatio-

259 787 324 810 nes,
342 783 373 805 ut
389 786 450 806 cum
469 778 553 805 invita
570 777 692 809 ratione,
709 777 748 804 rei
766 769 888 812 alicujus
900 777 1049 812 cupiditate

258 825 401 856 ducimur;
420 828 485 859 puta
502 823 568 855 eihi,
582 827 682 857 prater
697 830 778 858 quam
797 822 871 858 quod
885 823 928 850 vel
947 830 1050 857 oppor-

259 875 355 898 tunum
380 874 502 904 tempus,
519 869 561 896 vel
582 869 656 904 justa
678 868 830 895 necessitas
852 868 984 900 suaserit;
1006 868 1048 894 vel

259 913 353 940 uxoris
369 912 423 939 alio
442 912 493 939 llue
509 919 591 946 quam
609 912 778 946 suscipiendi
796 912 914 943 liberos,
930 916 977 938 aut
993 919 1047 939 non
1066 905 1086 932 Β

257 959 338 995 ἧ,ιὸ
360 959 488 994 legitimae
507 959 648 994 conjugis,
667 966 699 986 ac
719 966 824 989 rursus.
851 966 913 985 cum
935 963 983 985 aut
1000 958 1048 985 ine

257 1011 305 1033 aut
319 1007 437 1033 tristitia:
453 1005 650 1033 indulserimus
666 1013 745 1032 secus
759 1013 791 1032 ac
803 1006 896 1038 decet;
911 1009 988 1040 puta,
1001 1005 1049 1032 ad-

258 1059 355 1079 versus
368 1059 430 1078 eum
445 1051 491 1086 qui
509 1051 611 1086 probro
627 1051 728 1082 aﬁ‘ecit,
741 1056 790 1078 aut
801 1050 931 1077 damnum
945 1051 1048 1077 intulit.

258 1098 400 1125 Daemones
411 1105 486 1129 vero,
499 1101 529 1124 ut
540 1105 602 1124 cum
615 1097 696 1124 nobis
707 1097 892 1132 negligentius
904 1098 1050 1132 agentibus

258 1143 430 1170 occasionem
445 1147 595 1177 captantes,
608 1143 758 1177 derepente
770 1151 867 1178 magna
877 1143 1051 1171 vehementia

258 1195 290 1215 ac
306 1189 410 1223 impetu
429 1189 455 1215 in
472 1196 523 1215 nos
539 1188 706 1221 invaserint,
723 1188 872 1220 movendo,
887 1197 957 1223 quos
974 1189 1047 1222 dixi,

1099 270 1199 305 ὁμοίως
1217 272 1338 306 ποιῶμεν
1352 272 1443 303 αὑτοῖς
1456 278 1463 285 ⁸
1490 272 1506 306 ἦ
1526 272 1564 304 ὡς
1590 272 1654 298 ὃταν
1671 271 1772 307 ἴδωμέν
1783 282 1845 299 τινα
1861 275 1888 299 ἐν

1101 316 1228 342 att-mdical.
1244 317 1259 352 ἢ
1290 318 1319 343 ἐν
1342 318 1449 352 ἀνάγκη
1463 337 1471 348 ,
1499 318 1546 343 καὶ
1563 317 1687 351 φυσικῶς
1706 317 1836 352 ἐλεῶμεν.
1856 319 1888 345 Al

1099 362 1127 388 δὲ
1147 364 1222 397 ἅγιαι
1241 364 1392 398 Δυνάμεις,
1411 362 1466 391 οἷον
1490 365 1554 390 ὅταν
1570 364 1726 398 κινούμενοι
1751 365 1798 391 ἐπὶ
1812 365 1888 400 καλῷ

1099 409 1254 443 πράγματι,
1271 409 1396 444 εὕρωμεν
1412 410 1556 445 συνεργίαν
1571 410 1688 446 ἀγαθὴν,
1711 411 1759 437 καὶ
1788 420 1888 438 κατευ-

1099 455 1233 489 οδώμεθα.
1256 456 1288 482 Ἡ
1311 456 1339 482 δὲ
1354 456 1443 491 ἀγαῢὴ
1466 456 1639 491 προαίρεσις,
1655 456 1693 488 ὡς
1705 457 1769 483 ὅταν
1784 457 1889 493 διακρίη

1099 509 1190 532 νοντες
1218 502 1272 528 ἀπὸ
1299 501 1346 528 τοῦ
1371 502 1457 529 κακοῦ
1486 502 1516 528 τὸ
1551 502 1653 536 καλὸν,
1681 502 1826 538 αἱρώμεθα
1859 505 1888 530 τὸ

1099 546 1212 581 ἀγαθόν.

1133 636 1185 670 λγ¹.
1208 637 1277 672 Τρία
1291 637 1319 663 δὲ
1332 638 1412 664 πάλιν
1435 638 1488 665 εἰσὶ
1504 638 1538 665 τὰ
1557 638 1684 666 κινοῦντα
1701 640 1776 675 ἡμᾶς
1795 641 1842 667 ἐπὶ
1856 640 1890 666 τὰ

1099 683 1173 710 κακά
1188 691 1195 698 ·
1211 684 1246 710 τὰ
1264 685 1348 718 πάθη,
1367 685 1392 711 οί
1415 684 1553 719 δαίμονες,
1573 686 1620 712 καὶ
1635 687 1651 720 ἡ
1669 687 1740 721 κακὴ
1757 683 1890 722 προαίρε-

1100 737 1153 760 σις.
1171 729 1225 755 Καὶ
1239 729 1275 756 τὰ
1292 730 1342 764 μὲν
1358 730 1429 766 πάοη
1442 751 1448 761 ,
1469 731 1508 762 ὼς
1531 731 1596 758 ὅταν
1612 731 1791 767 ὲπιῢυμῶμεν
1816 734 1889 767 πρά-

1098 784 1204 811 γματος
1225 776 1302 812 παρὰ
1324 777 1404 810 λόγον
1420 785 1426 791 “
1453 775 1508 804 οἷον
1532 777 1549 812 ἢ
1569 777 1726 813 βρώματος,
1747 778 1824 814 παρὰ
1845 778 1890 804 τὴν

1099 822 1195 858 καιρὸν
1208 842 1216 854 ,
1233 823 1250 858 ἢ
1266 823 1342 858 παρὰ
1368 824 1418 858 τὴν
1439 823 1535 858 χρείαν
1546 844 1553 856 ,
1577 824 1593 860 ἦ
1610 825 1739 858 γυναικὺς
1755 825 1831 859 παρὰ
1844 825 1890 850 τὶν

1101 868 1202 895 σκοπὸν
1215 868 1265 903 τῆς
1280 869 1463 900 παιδοποιίας,
1481 870 1527 896 καὶ
1542 869 1591 903 τῆς
1618 870 1656 905 μὴ
1681 869 1809 904 νομίμου.
1834 870 1890 895 Καὶ

1102 913 1204 946 πάλιν,
1225 915 1291 941 ὅταν
1316 914 1508 950 ὁργιζώμεθα,
1534 915 1550 950 ἢ
1580 915 1732 950 λυπώμεϐα
1758 915 1834 950 παρὰ
1860 915 1890 941 τι

1101 960 1174 990 εἰκός
1185 967 1193 974 '
1213 956 1278 992 οἶον,
1297 961 1368 986 κατὰ
1382 961 1428 987 τοῦ
1448 961 1670 996 ἀτιμάσαντος,ῆ
1688 961 1887 996 ζημιώσαντος.

1101 1005 1132 1031 Οἱ
1145 1005 1172 1032 δὲ
1188 1005 1325 1040 δαίμονες,
1341 1002 1397 1033 οἷον
1410 1007 1474 1032 ὅταν
1492 1007 1521 1032 ὲν
1534 1008 1566 1042 τῇ
1590 1007 1706 1042 ἀμελείᾳ.
1719 1007 1809 1041 ἡμῶν,
1828 1016 1890 1034 και-

1101 1051 1300 1086 ροσκοποῦντες
1321 1051 1496 1078 ὲπιτίθωνται
1517 1053 1582 1088 ἡμῖν
1606 1053 1684 1086 ἄφνω
1703 1053 1772 1088 μετὰ
1789 1053 1889 1088 πολλῆς

1101 1097 1284 1133 σφοδρότητος
1308 1098 1449 1130 κινοῦντες
1475 1099 1510 1126 τὰ
1535 1099 1724 1134 προειρημένα
1740 1099 1826 1135 πάθη,
1842 1101 1890 1126 καὶ

1101 1143 1135 1170 τὰ
1147 1144 1237 1178 ὅμοια.
1255 1144 1286 1170 'H
1301 1144 1328 1171 δὲ
1340 1144 1412 1180 κακὴ
1425 1145 1595 1180 προαίρεσις,
1609 1142 1675 1178 οἷον,
1689 1145 1734 1171 ὅτε
1750 1146 1778 1171 ἐν
1789 1145 1888 1180 γνώσει

1100 1189 1147 1216 τοῦ
1164 1189 1259 1222 καλοῦ,
1277 1190 1370 1217 κακῶν
1389 1190 1594 1226 ἀνθαιρώμεθα.

257 1237 383 1270 aﬁ‘eetus,
400 1242 482 1272 atque
498 1237 542 1264 his
558 1236 673 1264 similes.
690 1237 759 1264 Mala
772 1237 892 1272 denique
907 1238 1044 1269 voluntas,
1066 1241 1094 1265 ut
1107 1245 1168 1266 cum
1182 1238 1292 1274 cognito
1302 1238 1375 1273 quod
1387 1239 1533 1266 honestum
1545 1239 1624 1266 sitac
1640 1239 1732 1271 ofﬁcii,
1758 1247 1814 1274 pra:
1843 1238 1888 1266 illo

257 1287 348 1311 tamen
361 1283 461 1309 malum
474 1282 611 1317 eligimus.

294 1328 338 1355 54.
357 1327 512 1359 Lahorum,
533 1334 602 1360 quos
623 1326 734 1353 virtutis
758 1333 840 1353 causa
863 1326 1045 1361 suscipimus,

257 1373 380 1408 przemia,
394 1372 586 1407 imperturbati
602 1372 686 1398 animi
705 1372 891 1406 tranquillitas
908 1380 940 1399 ac
955 1372 1046 1399 scien-

259 1420 305 1446 tia.
320 1419 366 1446 lite
388 1419 462 1445 enim
486 1422 560 1449 sunt,
575 1425 636 1452 quae
660 1417 741 1444 nobis
763 1417 911 1444 conciliant
932 1425 1046 1452 regnum

258 1465 406 1495 caelorum;
428 1462 659 1496 quemadmodum
679 1461 761 1488 etiam
781 1462 896 1489 aﬁ'ectus
914 1470 963 1489 seu
983 1471 1046 1497 per-

258 1509 440 1539 turbationes,
458 1515 492 1535 ac
518 1508 688 1542 ignorantia,
709 1507 876 1542 supplicium
900 1513 1045 1535 aeternum.

258 1554 310 1587 Qui
326 1554 409 1589 igitur
421 1554 547 1580 humana:
562 1553 657 1587 gloria:
670 1560 762 1585 causa,
775 1553 818 1579 vel
834 1554 898 1585 alio,
910 1561 990 1588 quam
1008 1554 1048 1580 rei

258 1601 346 1635 ipsius
362 1599 529 1630 honestatis,
545 1599 614 1629 ﬁne,
628 1598 686 1626 haec
702 1599 801 1633 quaerit
815 1607 847 1626 ac
863 1603 1046 1631 consectatur,

259 1647 309 1673 abs
321 1646 463 1680 Scriptura
475 1645 552 1672 audit
564 1653 570 1671 :
582 1644 686 1677 Petilia,
698 1649 721 1671 ει
734 1653 786 1671 non
800 1645 927 1680 accipitis,
938 1653 967 1671 eo
979 1646 1048 1680 quod

259 1691 330 1718 male
343 1691 439 1726 petatis
451 1691 483 1717 ⁷⁸⁵⁸.

293 1737 338 1764 55.
354 1736 437 1763 Multa
457 1739 532 1766 sunt,
548 1742 655 1767 eorum,
671 1743 731 1769 quae
750 1735 869 1762 humano
888 1736 980 1763 studio
999 1743 1047 1770 ge-

259 1787 368 1815 runtur,
384 1786 481 1809 natura
497 1789 546 1808 sua
562 1781 632 1808 bona
647 1785 729 1815 atque
744 1781 869 1814 honesta,
885 1782 942 1817 ipsa
957 1787 1047 1810 tamen

259 1837 356 1857 rursus
369 1828 461 1863 aliqua
475 1835 509 1855 ex
523 1835 605 1854 causa
620 1834 676 1854 non
690 1827 762 1854 bona
776 1835 808 1855 ac
834 1828 965 1861 honesta;
982 1833 1046 1864 puta

257 1875 391 1910 jejunium
403 1879 431 1901 et
441 1873 551 1909 vigilite,
563 1873 651 1900 oratio
662 1877 691 1900 et
701 1873 863 1908 psalmodia,
874 1874 1046 1910 elcemosyna

258 1924 286 1948 et
298 1921 481 1956 hospitalitas,
492 1927 576 1954 opera
592 1923 658 1946 sunt
670 1925 768 1947 natura
783 1920 852 1947 bona
868 1926 949 1955 atque
962 1921 1046 1948 honc-

259 1971 315 1999 sta;
330 1966 388 2000 ipsa
405 1969 495 1992 tamen
513 1972 568 1992 non
584 1965 701 1999 amplius
714 1964 786 1992 bona
798 1973 830 1992 ac
844 1965 969 1998 honesta,
984 1973 1046 1993 cum

259 2011 349 2038 inanis
362 2011 454 2046 gloriae
469 2010 560 2038 studio
575 2010 649 2037 ﬁant.

293 2056 337 2084 56.
355 2055 493 2087 Omnium,
510 2062 570 2089 quae
592 2062 607 2081 a
626 2055 707 2082 nobis
725 2059 854 2090 aguntur,
871 2054 945 2082 Deus
964 2054 1045 2082 ﬁnem

257 2102 365 2137 quaerit,
379 2101 437 2128 sive
454 2105 568 2136 propter
589 2100 690 2135 ipsum,
704 2101 762 2128 sive
782 2102 817 2128 ob
835 2101 915 2128 aliam
935 2109 1044 2128 causam

257 2147 375 2182 agimus.

292 2193 336 2220 37.
349 2192 417 2219 Cum
432 2192 555 2220 audieris
569 2200 603 2219 ex
616 2191 758 2226 Scriptura
775 2200 782 2218 ι
798 2191 929 2224 Quoniam
946 2197 973 2219 tu
987 2193 1045 2219 red~

257 2238 302 2264 des
317 2238 457 2273 unicuique
472 2237 616 2264 secundum
630 2245 710 2272 opera
725 2245 773 2267 sua
785 2237 824 2269 ⁸⁹;
839 2244 905 2263 cave
922 2236 958 2263 ita
973 2237 1046 2264 acci-

257 2284 328 2319 pias,
342 2288 372 2310 ut
386 2283 538 2311 secundum
554 2291 596 2315 ea,
612 2291 674 2318 qua:
688 2289 744 2310 non
759 2287 835 2309 recto
848 2286 966 2317 aguntur
981 2283 1045 2316 ﬁne,

257 2329 342 2357 etiam
357 2328 379 2356 si
392 2329 462 2356 bona
477 2328 624 2355 videantur
638 2334 670 2354 ac
687 2327 812 2358 honesta,
826 2326 899 2353 Deus
914 2319 986 2354 bona
1001 2335 1045 2354 re-

257 2374 376 2405 tribuat;
397 2372 445 2399 sed
465 2371 616 2399 secundum
637 2379 668 2398 ea
690 2371 793 2405 utique,
807 2379 867 2405 qua:
883 2371 951 2398 ﬁunt
967 2376 1041 2398 recto

257 2418 320 2446 ﬁne.
343 2418 390 2445 Dei
415 2418 488 2445 enim
506 2417 640 2453 judicium
663 2425 718 2444 non
745 2416 802 2451 ipsa
827 2416 958 2449 attendit,
980 2425 1040 2451 qum

257 2465 335 2496 ﬁunt,
348 2464 395 2491 sed
411 2471 505 2490 eorum
518 2463 598 2490 ﬁnem
613 2471 644 2490 ac
657 2463 838 2498 propositum.

291 2510 335 2536 38.
355 2509 496 2544 Superbia
519 2509 640 2541 dzemon,
660 2508 762 2543 duplici
784 2508 914 2543 praeditus
936 2508 1039 2535 malitia

255 2560 298 2581 est
313 2564 319 2582 :
333 2559 381 2582 aut
393 2555 464 2582 enim
480 2555 615 2582 monacho
632 2558 728 2581 auctor
740 2558 791 2586 est,
807 2558 837 2580 ut
850 2554 902 2580 sibi
916 2554 974 2588 ipse
987 2554 1043 2580 vir-

258 2601 324 2627 tutis
337 2609 419 2635 opera
434 2601 564 2632 ascribat,
596 2608 650 2626 non
668 2603 757 2626 autem
771 2600 837 2631 Deo,
853 2599 899 2633 qui
915 2604 943 2626 et
955 2599 1042 2626 bono-

255 2654 316 2672 rnm
338 2646 451 2680 largitor
469 2651 525 2678 est,
543 2651 569 2673 et
587 2645 620 2672 ad
641 2645 794 2680 praestanda
814 2645 923 2672 virtutis
941 2652 1038 2679 opera,

254 2690 377 2726 adjutor;
402 2696 463 2722 aut,
481 2691 534 2718 nisi
557 2691 692 2725 paruerit,
710 2690 927 2725 imperfectiores
949 2690 1039 2718 adhuc

255 2736 369 2764 fratrum
390 2737 607 2764 contemnendos
627 2736 757 2771 suggerit.
785 2736 892 2770 Ignorat
909 2744 974 2762 vero
991 2737 1038 2771 qui

289 2814 311 2830 "’
329 2814 424 2841 Matth.
444 2823 491 2847 vn,
511 2814 553 2841 l2.
593 2814 614 2830 ⁸⁸
628 2814 685 2841 Jac.
701 2822 737 2846 tv,
750 2814 776 2840 '5.
817 2814 839 2829 "
854 2814 932 2840 Rom.
948 2821 975 2845 ιι,
992 2813 1008 2840 6

1136 1326 1182 1354 λδν.
1211 1327 1310 1354 Μισθοὶ
1340 1327 1393 1354 τῶν
1429 1328 1517 1355 πόνων
1546 1328 1597 1363 τῆς
1625 1329 1744 1364 ἀρετῆς,
1772 1329 1842 1356 εἰσὶν
1872 1330 1888 1366 ἡ

1099 1371 1217 1398 ἀπάθεια
1232 1372 1278 1398 καὶ
1292 1373 1308 1408 ἠ
1323 1373 1432 1407 γνῶσις.
1452 1371 1536 1400 Αὗται
1553 1375 1607 1409 γὰρ
1627 1375 1752 1409 πρόξενοι
1766 1376 1888 1408 γίνονται

1101 1418 1239 1452 βασιλείας
1255 1419 1377 1454 οὐρανῶν
1390 1428 1396 1434 ·
1413 1419 1451 1451 ὡς
1463 1419 1554 1446 καὶτὰ
1570 1420 1642 1455 πάθη
1658 1420 1703 1447 καὶ
1718 1421 1734 1456 ἡ
1754 1421 1888 1455 ἀγνωσία,

1102 1464 1238 1495 κολάσεως
1251 1465 1370 1491 αἰωνίου.
1395 1465 1424 1491 ’0
1441 1463 1488 1492 οὖν
1507 1465 1620 1498 τούτους
1635 1465 1673 1502 [in
1690 1475 1741 1493 uno
1755 1466 1819 1503 Reg.
1836 1476 1887 1495 em.

1101 1509 1214 1546 ταύτας]
1240 1510 1284 1537 διὰ
1310 1511 1388 1542 δόξαν
1411 1510 1564 1546 ἀνθρώπων
1589 1512 1698 1547 ζητῶν,
1721 1514 1768 1540 καὶ
1790 1514 1829 1549 μὴ
1856 1515 1889 1541 δι’

1099 1557 1164 1582 αὐτὸ
1178 1556 1208 1582 τὸ
1222 1556 1319 1589 καλὸν,
1343 1557 1437 1584 ἀκούει
1457 1557 1595 1594 παρὰτῆς
1610 1558 1723 1594 Γραφῆς
1736 1567 1743 1574 ·
1760 1560 1889 1592 Αἰτεῖτε,

1099 1602 1148 1629 καὶ
1163 1603 1198 1629 σὺ
1212 1602 1379 1636 λαμϐάνετε
1389 1624 1396 1636 ,
1414 1603 1489 1631 διότι
1507 1604 1605 1637 κακῶς
1618 1604 1758 1632 αἰτεῖσθε.

1132 1735 1180 1763 λε’.
1199 1735 1260 1762 Εἰσὶ
1284 1735 1368 1763 πολλά
1383 1745 1445 1763 τινα
1462 1736 1542 1770 φύσει
1560 1738 1630 1764 καλὰ
1643 1737 1695 1764 ὑπὸ
1714 1738 1768 1765 τῶν
1781 1739 1889 1775 ἀνθρώ-

1099 1789 1157 1808 πων
1171 1781 1312 1816 γινόμενα,
1336 1781 1394 1808 ἀλλ’
1410 1782 1440 1808 οὐ
1458 1783 1529 1810 καλὰ
1543 1783 1625 1810 πάλιν
1639 1783 1684 1810 διά
1702 1792 1763 1811 τινα
1775 1785 1869 1812 αίτίαν
1880 1794 1887 1799 ·

1097 1824 1162 1858 οἷον,
1186 1827 1297 1862 νηστεία
1321 1828 1368 1854 καὶ
1397 1828 1545 1863 ἀγρυπνία,
1567 1830 1704 1865 προσευχὴ
1727 1830 1774 1857 καὶ
1795 1831 1892 1867 ψαλμι

1097 1872 1181 1908 ῳδία,
1196 1873 1363 1909 ἐλεημοσύνη
1380 1874 1426 1901 καὶ
1444 1874 1589 1910 ξενοδοχία,
1616 1876 1695 1910 φύσει
1720 1875 1789 1902 καλὰ
1817 1877 1888 1912 ἔργα

1097 1919 1183 1946 εἰσίν·
1212 1920 1270 1947 ἀλλ’
1296 1921 1360 1949 ὅταν
1386 1921 1430 1948 διὰ
1446 1920 1599 1954 κενοδοξίαν
1613 1921 1742 1956 γίνωνται
1754 1941 1761 1953 ,
1778 1922 1831 1948 οὐκ
1846 1923 1888 1949 ἔτι

1097 1966 1178 1992 καλά.
1689 1972 1691 1974 ’

1131 2054 1186 2086 λς’.
1210 2054 1322 2081 Πάντων
1345 2053 1400 2080 τῶν
1426 2054 1620 2090 πραττομένων
1649 2054 1693 2087 ὑφ’
1724 2055 1805 2090 ἡμῶν
1839 2057 1886 2082 τὸν

1097 2100 1199 2126 σκοπὸν
1214 2100 1292 2134 ζητεῖ
1305 2101 1319 2125 ὸ
1332 2100 1397 2131 Θεός
1408 2109 1414 2115 ·
1429 2101 1484 2126 εἴτε
1497 2100 1530 2126 δι’
1547 2100 1628 2127 αὑτὸν
1643 2100 1811 2136 πράττομεν,
1829 2102 1885 2128 εἴτε

1062 2154 1083 2181 D
1095 2145 1128 2172 δι’
1148 2145 1231 2180 ἄλλην
1251 2146 1348 2172 αἰτίαν.

1131 2191 1179 2223 λζ’.
1198 2191 1254 2225 (17)
1271 2191 1356 2218 Ὅταν
1383 2186 1505 2228 ἀκούσῃς
1523 2192 1572 2227 τῆς
1595 2193 1706 2228 Γραφῆς
1732 2193 1885 2229 λεγούπης·

1096 2237 1160 2263 Ὀτι
1171 2236 1212 2263 σὺ
1227 2236 1394 2270 ἀποδώσεις
1405 2238 1522 2271 ἑκάστῳ
1536 2237 1610 2265 κατὰ
1629 2240 1666 2265 τὰ
1679 2239 1751 2273 ἔργα
1769 2239 1867 2266 αὑτοῦ
1876 2248 1884 2255 ·

1093 2283 1123 2308 οὗ
1146 2282 1179 2309 τὰ.
1200 2283 1276 2317 παρὰ
1292 2283 1337 2309 τὸν
1354 2283 1435 2318 ὀρθὸν
1451 2284 1553 2310 σκοπὸν
1570 2284 1743 2319 πραττόμενα
1756 2305 1764 2317 ,
1789 2286 1814 2311 εί
1837 2288 1885 2312 καὶ

1093 2328 1168 2355 δοκεῖ
1190 2328 1261 2355 καλὰ
1277 2327 1357 2362 εἶναι,
1370 2331 1386 2356 ὁ
1399 2330 1464 2362 Θεὸς
1480 2331 1549 2358 καλὰ
1565 2331 1744 2358 ἀποδίδωσιν
1764 2331 1834 2358 ἀλλὰ
1848 2332 1884 2359 τὰ

1096 2374 1166 2400 κατὰ
1181 2374 1224 2401 τὸν
1247 2375 1327 2410 ὀρθὸν
1348 2376 1479 2411 δηλονότι.
1504 2377 1541 2404 Οὐ
1561 2377 1614 2412 γὰρ
1629 2378 1669 2408 εἰς
1685 2377 1718 2404 τὰ
1739 2377 1881 2412 γινόμενα,

1093 2420 1152 2446 ἀλλ’
1165 2422 1205 2452 εἰς
1224 2422 1270 2448 τὴν
1285 2422 1385 2449 σκοπὸν
1397 2422 1451 2449 τῶν
1466 2423 1626 2458 γινομένων,
1642 2424 1658 2458 ή
1673 2422 1720 2450 τοῦ
1738 2423 1807 2450 Θεοῦ
1821 2424 1882 2459 κρί-

1094 2472 1136 2496 σις
1155 2466 1250 2500 ἐφορᾷ.

1128 2510 1178 2545 λη’.
1201 2511 1230 2537 ’0
1242 2511 1291 2546 τῆς
1305 2511 1494 2546 ὑπερηφανίας
1508 2511 1622 2546 δαίμων,
1637 2512 1733 2546 διπλῆν
1754 2512 1813 2548 ἔχει
1830 2513 1881 2549 τὴν

1095 2557 1227 2591 πονηρίαν
1239 2565 1245 2571 ·
1261 2557 1277 2592 ἢ
1296 2557 1350 2592 γὰρ
1364 2557 1453 2592 ἐαυτῷ
1468 2557 1608 2584 ἀναπείθει
1624 2558 1668 2584 τὸν
1686 2559 1802 2593 μοναχὸν
1821 2559 1882 2586 ἐπι-

1095 2601 1212 2635 γράφειν
1225 2600 1258 2628 τὰ
1279 2600 1487 2636 κατορθώματα,
1502 2601 1548 2627 καὶ
1561 2601 1622 2636 οὐχὶ
1636 2601 1675 2636 τῷ
1693 2601 1762 2636 Θεῷ,
1777 2601 1818 2636 τῷ
1833 2602 1882 2628 καὶ

1093 2646 1204 2681 χορηγῷ
1230 2646 1283 2673 τῶν
1306 2646 1397 2672 καλῶν
1410 2667 1416 2677 ,
1431 2647 1482 2674 καὶ
1502 2646 1592 2682 βοηθῷ
1607 2646 1674 2682 πρὸς
1689 2646 1860 2682 κατόρθωσιν
1871 2654 1878 2660 ·

1092 2692 1108 2727 ἢ
1125 2691 1211 2726 τούτῳ
1225 2691 1262 2727 μὴ
1281 2692 1441 2727 πειθόμενον
1453 2712 1460 2723 ,
1475 2693 1538 2724 τοὺς
1553 2692 1593 2718 ἔτι
1616 2692 1809 2727 ἁτε>.εστὲρους
1823 2691 1880 2718 τῶν

1091 2737 1213 2772 ἀδελφῶν
1233 2737 1290 2773 (τι)
1307 2737 1453 2764 ὑποϐάλλει
1475 2737 1636 2770 ὲξουθενεῖν.
1664 2738 1768 2771 Ἀγνοεῖ
1787 2737 1817 2764 δὲ
1832 2739 1880 2765 καὶ

291 2881 330 2917 (ιι)
347 2882 407 2909 Τῶν
430 2881 578 2916 ἀδελφῶν.
608 2881 766 2916 Simplicior
798 2881 863 2907 mihi
891 2881 949 2907 Visa
975 2880 1032 2906 hzt‘c
1052 2880 1134 2907 lectio
1151 2887 1189 2907 iac
1202 2880 1309 2913 verior,
1338 2888 1398 2916 quae
1419 2880 1478 2915 ipsa
1507 2881 1590 2909 unius
1611 2880 1672 2908 cod.
1700 2879 1778 2915 Regii
1814 2884 1874 2912 est;
