1948 3077
94 187 148 220 1001

543 188 711 220 CAPITUM
732 191 779 220 DE
799 191 1015 220 CIIARITATE
1034 191 1228 222 GENTURIA
1248 191 1290 222 ΙΙ.

1650 195 1718 228 1οεῑὲ

91 246 169 272 κακὸν
183 245 245 272 ἀντὶ
263 244 346 272 κακοῦ
364 244 401 281 μὴ
422 245 568 272 ἀποδοῦναι
579 267 586 278 ,
603 247 648 273 διὰ
672 248 721 282 τὴν
742 248 852 283 ἐντολήν
866 255 872 262 ·

933 248 998 274 :nim
1011 268 1018 279 ,
1034 248 1086 275 etsi
1107 248 1229 275 nondum
1251 249 1360 284 diligat,
1374 250 1476 277 malum
1497 258 1548 285 pro
1569 253 1642 281 malo
1661 263 1716 282 non

90 294 116 320 εὖ
137 293 249 324 πάντως
271 293 299 320 δὲ
322 293 361 319 ἔτι
382 293 430 319 καὶ
451 293 534 320 καλὸν
557 295 753 322 ἀνταποδοῦναι
776 295 874 329 κακοῦ,

90 338 232 369 ἀϐιάστως.
252 338 289 364 Τὸ
310 338 364 373 γὰρ
382 339 413 364 ὲκ
436 338 583 370 διαθέσεως
608 339 698 371 καλῶς
720 341 806 366 ποιεῖν
820 342 876 372 τοῖς

92 384 193 419 μισοῦσι
207 404 213 415 ,

90 432 204 466 ἀγάπης.

119 478 151 504 ν’.
171 479 226 513 Οὐχ
242 479 255 504 ὁ
271 478 307 513 μὴ
324 478 439 512 ἀγαπῶν
455 487 527 511 τινα,
551 479 600 514 ἤδη
616 480 724 512 πάντως
739 480 786 506 καὶ
803 481 877 516 μισεί

89 526 164 552 αὐτόν
177 534 183 540 ·
208 527 269 552 οὐδὲ
285 526 366 552 πάλιν
378 547 386 559 ,
402 528 416 553 ὁ
431 526 469 562 μὴ
495 526 598 561 μισῶν,
625 527 676 562 ἤδη
697 528 805 559 πάντως
828 529 876 555 καὶ

89 572 187 607 ἀγαπᾷ.
216 572 296 598 ’Λλλὰ
312 572 423 599 δύναται
446 572 484 603 ὡς
503 573 584 607 μέσος
601 570 671 600 εἶναι
689 573 756 609 πρὸς
773 574 853 600 αὐτόν
866 582 874 589 ⁶

88 618 216 650 τουτέστι,
235 618 304 653 μήτε
320 618 442 653 ἀγαπᾷν,
459 618 528 654 μήτε
547 620 648 653 μισεῖν.
664 619 719 654 Τὴν
736 619 790 655 γὰρ
806 620 874 654 ἀγα-

91 663 202 698 πητικὴν
220 663 341 690 διάθεσιν
353 685 360 696 ,
383 665 458 700 μόνοι
474 666 498 691 οἱ
513 665 542 690 ἐν
562 664 601 700 τῷ
626 665 713 700 ἐνάτῳ
735 666 876 702 κεφαλαίῳ

91 709 183 744 ταύτης
210 711 258 745 τῆς
281 711 457 742 ἑκατοντάδος
483 711 624 746 εἰρημένοι
657 712 735 738 πέντε
760 712 875 748 τρόποι,

87 755 206 790 ἐμποιεῖν
226 756 398 790 πεφύκασιν,
422 757 436 784 ὃ
460 766 490 784 τε
516 757 660 790 ἐπαινετὸς
677 759 722 784 καὶ
743 759 757 784 ὁ
783 759 875 793 μέσος,

89 804 131 829 καὶ
144 805 168 830 οἱ
188 804 294 838 ψεκτοί.

252 384 336 419 μόνης
374 384 435 410 ἐστὶ
472 385 522 420 τῆς
557 385 745 421 πνευματικῆς
769 385 876 418 τελείας

119 897 168 920 va’.
187 894 272 920 Ὅταν
290 890 347 929 ῐδῂς
371 894 417 921 τδν
442 895 505 922 νοῦν
522 904 568 922 σου
594 898 649 929 τοῖς
674 896 778 928 ὑλικοῖς
793 895 876 932 ἡδέως

87 939 311 975 ὲνασχολοὺμενον
321 960 329 972 ,
350 941 398 967 καὶ
414 942 471 973 τοῖς
495 941 599 969 τούτων
614 943 747 977 νοήμασιν
761 942 876 977 ἐμφιλο-

86 986 246 1021 χωροῦντα,
271 986 390 1021 γίνωσκε
419 988 533 1014 σεαυτὸν
559 988 646 1015 ταῦτα
672 988 773 1023 μᾶλλον
798 989 815 1024 ἢ
831 988 876 1016 τὸν

85 1031 146 1058 Θεὸν
160 1033 322 1066 ἀγαπῶντα.
340 1033 436 1060 Ὅπου
450 1033 505 1068 γάρ
514 1034 599 1060 ἐστιν
612 1035 627 1061 ὁ
642 1035 795 1069 θησαυρός
806 1043 875 1068 σου,

86 1078 165 1114 φησὶν
182 1079 196 1105 ὁ
211 1079 322 1114 Κύριος,
342 1079 409 1106 ἐκεῖ
425 1080 475 1106 καὶ
498 1080 518 1113 ἡ
536 1080 643 1114 καρδία
658 1080 754 1108 ἔσται.

118 1124 167 1159 νβ’.
188 1124 260 1157 Νοῦς
275 1125 334 1160 Θεῷ
352 1126 555 1160 συναπτόμενος
566 1146 574 1158 ,
592 1126 638 1153 καὶ
654 1126 729 1161 αὑτῷ
749 1126 876 1162 ἐγχρονι-

85 1168 136 1201 ζων
148 1170 194 1196 διὰ
211 1170 366 1205 προσευχῆς
387 1171 434 1197 καὶ
461 1171 589 1205 ἀγάπης,
607 1170 689 1205 σοφὸς
707 1171 812 1204 γίνεται
829 1171 876 1198 καὶ

85 1215 187 1248 ἀγαθὸς
207 1217 254 1243 καὶ
272 1216 385 1249 δυνατὸς
404 1217 452 1243 καὶ
474 1217 666 1253 φιλάνθρωπος
681 1218 728 1244 καὶ
751 1217 875 1253 ἐλεήμων

84 1263 128 1288 7.1".
144 1263 324 1298 μακρόθυμος
337 1272 344 1278 '
370 1265 418 1290 καὶ
444 1264 538 1296 ἁπλῶς
555 1265 660 1296 εἰπεῖν,
678 1264 767 1290 πάντα
784 1264 876 1299 σχεδὸν

85 1309 116 1335 τὶι
143 1309 205 1336 θεῖα
222 1309 358 1344 ἰδιώματα
382 1311 411 1336 ὲν
439 1310 529 1344 ἑαυτῷ
553 1310 709 1346 περιφέρει.
729 1310 832 1337 Τούτου
848 1310 877 1336 δὲ

84 1354 234 1390 ἀναχωρῶν
263 1354 325 1391 [Fr.
342 1355 506 1391 ἀποχωρῶν]
517 1375 524 1388 ,
543 1356 588 1382 καὶ
601 1356 654 1382 τῶν
673 1356 774 1382 ὑλικῶν
791 1363 877 1392 προσ-

83 1399 178 1434 χωρῶν
199 1419 206 1431 ,
241 1400 257 1435 ἢ
277 1401 417 1436 mnu-367};
440 1401 545 1434 γίνεται
566 1400 706 1436 φιλήδονος
733 1401 854 1435 γεγονώς
867 1408 874 1415 ⁸

84 1445 98 1480 ἢ
126 1445 284 1481 θηριώδης,
316 1446 359 1473 διὰ
386 1446 473 1473 ταῦτα
508 1447 564 1479 τοῖς
604 1446 762 1482 ἀνθρώποις
791 1447 874 1483 μαχόη

83 1500 170 1526 μενος.

115 1541 167 1571 νγ’.
185 1537 297 1571 Κόσμον
312 1537 387 1572 λέγει
417 1539 433 1574 ἡ
453 1539 550 1575 Γραφὴ
568 1539 602 1566 τὰ
616 1539 697 1566 ὑλικὰ
712 1539 876 1575 πράγματα’

927 293 1061 326 reddere,
1087 293 1159 328 quod
1186 294 1224 320 ita
1251 299 1420 329 praeceptum
1446 296 1498 328 sit;
1523 305 1579 324 non
1603 300 1717 327 omnino

927 343 1018 365 autem
1033 339 1124 366 adhuc
1139 339 1220 366 etiam
1242 339 1344 366 bonum
1364 348 1414 374 pro
1432 342 1503 368 malo
1524 343 1597 370 ultro
1617 352 1716 380 repen-

927 384 1002 411 dere.
1016 384 1089 411 Bene
1109 385 1183 411 enim
1203 393 1236 412 ex
1256 385 1348 413 animo
1368 386 1458 414 facere
1475 387 1516 414 his
1527 389 1573 423 qui
1587 390 1715 425 oderunt,

928 430 1055 464 perfecta:
1068 430 1200 458 duntaxat
1211 431 1341 465 spiritalis
1353 433 1495 460 charitatis
1506 437 1558 462 est.

963 475 1007 502 50.
1031 476 1082 508 Qui
1106 484 1161 503 non
1185 476 1274 511 diligit
1295 477 1432 511 aliquem,
1453 487 1507 506 non
1526 480 1583 515 jam
1605 482 1717 510 omnino

928 519 1010 546 etiam
1024 520 1097 553 odit;
1114 528 1165 548 nec
1179 529 1194 548 e
1207 525 1312 553 contra,
1327 522 1373 556 qui
1388 530 1442 550 non
1457 523 1525 555 odit,
1536 524 1591 559 jam
1603 527 1718 554 omnino

928 565 1010 592 etiam
1025 565 1132 601 diligit:
1150 566 1197 593 sed
1212 570 1242 593 ut
1253 567 1361 595 medius
1373 575 1436 603 erga
1451 569 1528 596 illum
1542 578 1602 597 esse
1614 575 1714 606 potest,

929 610 955 637 id
970 615 1026 643 est,
1038 611 1079 638 sic
1091 611 1180 639 animo
1196 618 1383 646 comparatus,
1397 618 1428 640 ut
1441 621 1531 649 neque
1543 615 1651 651 diligat,
1666 625 1715 645 ne—

927 664 982 691 que
1002 656 1101 684 oderit.
1115 657 1274 684 Dilectionis
1288 658 1360 685 enim
1375 659 1518 692 affectum,
1531 660 1570 688 illi
1585 662 1718 691 duntaxat

928 702 1052 737 quinque
1068 702 1142 729 modi
1158 703 1186 730 in
1201 703 1281 730 nobis
1296 703 1398 731 habent
1412 705 1538 740 gignere,
1554 714 1624 742 quos
1643 716 1716 736 nono

927 748 1016 782 capite
1037 748 1120 784 418
1137 756 1169 776 ex
1189 749 1234 776 bis
1252 754 1363 776 centum
1383 751 1480 784 retuli;
1498 755 1556 779 tum
1571 761 1668 788 nempe
1694 755 1717 782 is

927 795 974 829 qui
988 795 1095 821 laudem
1108 795 1201 828 habet,
1214 800 1270 822 tum
1283 796 1331 830 qui
1344 796 1450 824 medius
1459 802 1511 830 est,
1522 803 1579 826 tum
1594 800 1640 834 qui
1653 806 1718 828 sunt

929 839 1065 873 viluperio
1076 839 1149 874 digni

964 885 1008 911 51.
1023 884 1091 912 Cum
1112 885 1229 912 terrenis
1244 885 1326 913 rebus
1340 894 1490 922 earumque
1506 888 1716 924 cogitationibus

930 935 1048 957 mentem
1074 934 1146 958 tuam
1170 931 1288 958 libenter
1311 931 1450 959 immorari
1471 933 1587 967 videris;
1611 935 1669 963 haec
1691 941 1717 964 te

928 976 1024 1011 magis,
1036 984 1118 1011 quam
1138 976 1223 1003 Deum
1244 977 1368 1012 diligere,
1381 979 1492 1006 noveris
1508 988 1514 1006 :
1532 980 1580 1008 Ubi
1594 983 1665 1009 enim
1677 987 1717 1009 est

929 1023 1067 1049 thesaurus
1082 1026 1154 1055 tuus,
1167 1023 1206 1050 ait
1219 1023 1362 1057 Dominus,
1373 1025 1409 1052 ibi
1423 1029 1446 1052 et
1460 1034 1505 1052 cor
1518 1027 1567 1054 erit
1577 1027 1611 1054 ".

962 1117 1004 1144 52.
1024 1112 1080 1146 Deo
1098 1119 1263 1154 conjunctus
1282 1120 1404 1153 animus,
1420 1121 1501 1164 eique
1521 1123 1654 1152 orationis
1674 1124 1717 1152 in-

927 1164 1027 1192 stantia
1048 1169 1076 1192 et
1093 1165 1228 1193 charitate
1249 1166 1390 1199 assiduus,
1408 1168 1516 1202 sapiens
1537 1173 1564 1196 et
1582 1170 1672 1199 bonus
1689 1176 1718 1199 et

926 1215 1025 1245 potens
1051 1214 1080 1238 et
1106 1211 1242 1247 benignus
1265 1216 1294 1240 et
1317 1213 1475 1241 misericors
1502 1219 1529 1242 et
1552 1216 1717 1251 longanimis

927 1255 1044 1283 efficitur
1065 1264 1071 1282 :
1094 1260 1186 1291 atque,
1199 1261 1230 1284 ut
1248 1257 1333 1284 verbo
1353 1258 1458 1291 dicam,
1477 1265 1589 1288 cunctas
1609 1261 1666 1289 fere
1688 1263 1717 1290 in

927 1301 1018 1336 seipso
1032 1302 1139 1329 divinas
1155 1302 1313 1329 circumfert
1327 1303 1414 1331 dotes.
1431 1304 1500 1331 Dum
1515 1310 1592 1337 vero.
1602 1313 1636 1333 eo
1651 1307 1716 1334 reli-

927 1351 982 1378 cto.
991 1348 1109 1375 terrenis
1123 1355 1151 1375 se
1168 1348 1251 1375 rebus
1267 1349 1400 1384 adiungit,
1413 1354 1461 1377 aut
1474 1352 1609 1385 pecuinus
1624 1353 1717 1380 evadit

928 1392 1072 1427 (voluptati
1092 1394 1198 1421 scilicet
1218 1401 1250 1421 ac
1269 1394 1376 1422 libidini
1397 1395 1517 1431 deditus)
1536 1401 1583 1424 aut
1601 1397 1715 1430 ferinus,

927 1443 1021 1462 earum
1039 1444 1122 1464 causa
1142 1437 1281 1466 hostiliter
1296 1445 1415 1474 pugnam
1434 1439 1560 1476 rixasque
1576 1442 1717 1472 instruens

928 1488 990 1508 cum
1005 1482 1174 1510 hominibus.

962 1534 1005 1560 55.
1022 1534 1152 1562 Mundum
1177 1535 1321 1571 Scriptura
1354 1543 1398 1565 res
1424 1543 1548 1566 terrenas
1567 1545 1661 1574 vocat;
1685 1549 1718 1570 ac

80 1583 126 1609 καὶ
142 1584 276 1618 κοσμικοί
297 1585 368 1617 εἰσι,
391 1585 414 1611 oi
436 1586 542 1617 τούτοις
561 1585 606 1612 τὸν
617 1585 685 1612 -νοῦν
701 1583 877 1621 ἒνασχολοῦν-

933 1580 1058 1607 mundani
1077 1584 1152 1613 sunt,
1164 1581 1211 1616 qui
1230 1582 1273 1609 his
1289 1587 1386 1610 vacant
1403 1588 1484 1619 atque
1501 1585 1594 1613 animo
1612 1586 1717 1622 impen-

81 1638 139 1662 τες,
171 1630 242 1666 προς
266 1630 312 1662 οὓς
341 1632 389 1657 καὶ
423 1631 496 1666 λέγει
528 1631 796 1667 ὲντρεπτικάγτερον·
826 1631 875 1666 Μὴ

80 1675 218 1710 ἀγαπᾶτε
241 1676 295 1703 τὸν
318 1677 454 1711 κόσμον,
478 1677 557 1712 μηδὲ
584 1676 621 1704 τὰ
641 1678 676 1704 ἐν
697 1676 737 1710 τῷ
761 1679 874 1712 κόσμῳ.

85 1721 113 1747 Ἡ
122 1722 270 1756 ἐπιθυμία
284 1721 338 1756 τῆς
348 1723 472 1757 σαρκὸς,
485 1724 535 1750 καὶ
546 1723 687 1757 ἐπιθυμία
698 1722 757 1750 τῶν
765 1724 877 1757 ὀφθαλ-

77 1766 159 1800 μῶν,
184 1768 238 1794 καὶ
260 1768 279 1802 ἡ
303 1768 463 1798 ἀλαζονεία
492 1769 545 1796 τοῦ
578 1770 667 1803 βίου,
699 1770 755 1796 οὐκ
791 1769 877 1796 ἐστιν

77 1812 110 1839 ἐκ
129 1814 184 1840 τοῦ
205 1813 281 1840 Θεοῦ
294 1822 300 1829 ·
330 1814 398 1841 ἀλλ’
421 1815 456 1841 ἐκ
471 1815 523 1842 τοῦ
539 1815 655 1850 κόσμου
676 1815 754 1847 ἐστι,
774 1814 822 1842 καὶ
843 1813 877 1841 τὰ

79 1859 120 1873 ηδ

78 1868 152 1894 ιτης.

116 1906 159 1933 ιδ’.
181 1907 309 1942 Μοναχός
325 1908 397 1934 ἐστιν
407 1926 414 1940 ,
430 1908 443 1933 ό
456 1908 510 1934 τῶν
525 1907 626 1934 ὑλικῶν
643 1907 815 1944 πραγμάτων
831 1907 877 1934 τὸν

76 1950 138 1978 νοῦν
160 1953 360 1987 ἀποχωρίτας’
387 1953 434 1978 καὶ
460 1953 494 1979 δι’
510 1953 676 1987 ἐγκρατείας
692 1953 741 1979 καὶ
766 1952 877 1988 ἀγάπης

75 1998 121 2024 καὶ
151 1998 321 2034 ψαλμῳδίας
345 1999 393 2025 καὶ
413 1999 566 2034 προσευχῆς
596 1998 811 2034 προσκαρτερῶν
838 1997 877 2033 τῷ

76 2042 146 2070 Θεῶ.

108 2094 157 2117 γε’.
176 2090 376 2125 Κτηνοτρόφος
398 2090 447 2125 μέν
464 2091 539 2126 ἐστιν
552 2089 658 2125 νοητὸς,
677 2090 691 2116 ὁ
705 2089 856 2125 πρακτικός
867 2096 875 2105 ο

73 2137 184 2172 κτηνῶν
200 2137 260 2171 γὰρ
274 2137 352 2170 λόγον
370 2137 499 2171 ἐπέχουσι
510 2136 546 2163 τὰ
563 2137 649 2171 ἠθικὰ
665 2136 874 2172 κατορθώματα·

71 2183 111 2209 διὸ
137 2185 190 2210 καὶ
223 2184 319 2216 ἔλεγεν
348 2184 362 2210 ὁ
385 2184 483 2210 Ἰακώὸ
499 2192 506 2199 ο
530 2183 650 2217 ’Ἄνδρες
679 2183 877 2218 κτηνοτρόφοι

71 2229 154 2256 εἰσὶν
168 2231 200 2256 οἱ
218 2229 329 2261 παῖδές
342 2237 410 2256 σου.
441 2228 545 2264 Ποιμήν
560 2230 587 2256 δὲ
603 2229 763 2269 προϐάτων,
775 2230 789 2255 ὁ
805 2237 876 2264 γνω-

74 2275 179 2306 στικός.
201 2274 356 2310 Προῆάτων
371 2275 424 2309 γὰρ
443 2273 522 2308 λόγον
537 2275 681 2309 ἐπέχουσιν
698 2275 723 2300 οἱ
736 2274 874 2309 λογισμοὶ,

71 2320 116 2346 ἐπὶ
132 2321 170 2347 τὰ
191 2321 250 2356 ὅρη
267 2319 322 2345 τῶν
335 2319 523 2355 Θεωρημάτων
538 2319 591 2346 ὑπὸ
603 2319 651 2346 τοῦ
669 2320 715 2347 νοῦ
731 2320 874 2355 ποιμαινό-

73 2375 162 2401 μενοι.
189 2367 250 2393 Διὰ
277 2366 356 2393 τοῦτο
380 2367 427 2393 καὶ
442 2366 601 2401 Βδέλυγμα
624 2366 686 2399 τοῖς
703 2366 876 2401 Αἰγυπτίοις

70 2413 129 2446 -τᾶς
148 2412 278 2448 ποιμὴν
293 2411 463 2446 προϐάτων,
490 2412 574 2446 ἠγουν
589 2413 649 2444 ταῖς
671 2413 805 2444 ἐναντίαις
831 2412 876 2439 δυ-

70 2467 185 2494 ναμεσι.

104 2550 164 2580 νςδ.
185 2546 220 2573 '0
238 2545 295 2581 μὲν
309 2545 410 2579 φαῦλος
425 2546 497 2578 νοῦς,
521 2546 682 2582 κινουμένου
693 2546 739 2573 τοῦ
754 2546 881 2582 σώματος

70 2592 114 2619 διὰ
138 2593 201 2619 τῶν
236 2591 397 2626 αἰσθήσεων
423 2592 470 2618 ἐπὶ
499 2592 548 2623 τὰς
568 2592 638 2624 ιδίας
661 2593 810 2627 ἐπιθυμίας
833 2593 882 2619 καὶ

69 2636 389 2673 ἠδοιιάς,ὲξακολουθεῖ,
408 2637 455 2663 καὶ
471 2637 696 2671 συγκατατίθεται
713 2639 772 2669 ταῖς
785 2637 880 2664 τούτου

70 2684 250 2718 φαντασίαις
273 2683 321 2709 καὶ
342 2684 440 2717 ὁρμαῖς
454 2692 460 2698 ·
475 2685 489 2709 ὁ
508 2683 537 2710 δὲ
560 2684 697 2719 ἐνάρετος,
714 2683 879 2720 ἐγκρατεύε-

70 2739 124 2761 ται,
144 2731 198 2756 καὶ
223 2728 343 2763 κατέχει
369 2729 464 2755 ἑαυτὴν
483 2729 536 2756 ἀπὸ
557 2728 609 2756 τῶν
633 2729 765 2764 ἑμπαθῶν
778 2738 880 2763 φαντα-

71 2776 136 2802 σιῶν
165 2776 220 2802 καὶ
245 2774 366 2808 ὁρμῶν,
392 2774 437 2801 καὶ
464 2775 565 2810 μᾶλλον
596 2775 737 2810 φιλοσοφεῖ
760 2775 881 2810 βελτίους

71 2824 188 2857 ποιῆσαι
205 2821 266 2852 τὰς
286 2820 415 2851 τοιαύτας
430 2819 513 2847 αὑτοῦ
530 2821 661 2858 κινήσεις.

68 2900 86 2915 "
104 2899 208 2927 Matth.
228 2904 274 2928 vr,
293 2895 338 2922 21.
375 2897 397 2912 ⁸³
411 2896 421 2922 l
433 2896 512 2923 Joan.
531 2904 559 2930 ιι,
577 2897 620 2924 15.

201 2946 353 2976 Ριτιιοι.
371 2943 428 2973 Ca.
448 2943 508 2973 XC.

927 1626 1045 1659 duntur,
1063 1627 1164 1661 quibus
1187 1628 1270 1655 etiam
1293 1630 1430 1657 austerius
1452 1631 1622 1666 objurganda
1646 1633 1685 1660 ait
1707 1643 1715 1661 :

926 1671 1014 1698 Nolite
1035 1672 1145 1708 diligere
1168 1674 1312 1706 mundum,
1330 1683 1413 1710 neque
1435 1683 1465 1702 ea
1488 1684 1547 1711 (νοω
1567 1677 1595 1704 in
1618 1679 1715 1705 mundo

925 1722 996 1745 sunt.
1012 1718 1228 1755 Coneupiscentia
1247 1722 1349 1752 carnis,
1363 1725 1388 1747 et
1404 1723 1611 1757 concupiscentia
1628 1725 1717 1752 oculo-

927 1771 996 1795 rum,
1007 1767 1032 1790 et
1043 1765 1165 1799 superbia
1179 1766 1249 1798 υἱιω,
1261 1773 1312 1792 non
1327 1770 1387 1793 sunt
1399 1775 1430 1794 ex
1439 1767 1505 1801 Deo,
1518 1769 1563 1795 sed
1575 1777 1607 1796 ea:
1619 1771 1716 1797 mundo

925 1814 987 1837 sunt
1000 1809 1033 1843 ³³,
1046 1815 1074 1837 et
1087 1818 1147 1845 quae
1161 1815 1325 1846 sequuntur.

962 1896 1006 1923 54.
1023 1896 1174 1923 Monachus
1191 1899 1250 1929 est,
1265 1896 1312 1932 qui
1333 1902 1452 1925 mentem
1469 1906 1547 1926 suam
1564 1907 1580 1926 a
1598 1901 1716 1928 terrenis

927 1942 1009 1970 rebus
1022 1942 1169 1975 abstraxit;
1183 1950 1214 1970 ac
1226 1943 1272 1978 qui
1285 1951 1335 1978 per
1344 1944 1540 1972 continentiam
1554 1949 1581 1972 et
1592 1946 1716 1974 dilectio-

927 1997 989 2016 nem
1006 1994 1034 2016 et
1049 1989 1228 2024 psalmodiam
1247 1989 1400 2025 orandique
1417 1990 1539 2018 studium
1550 2011 1557 2024 ,
1574 1992 1630 2020 Deo
1645 1995 1715 2021 assi-

927 2035 999 2063 duus
1011 2036 1129 2063 exsistit.

962 2081 1006 2109 55.
1023 2081 1161 2116 Spiritalis
1181 2089 1309 2116 pecorum
1332 2086 1426 2117 pastor
1444 2087 1501 2116 est,
1516 2083 1564 2118 qui
1580 2085 1715 2112 actionem
1742 2119 1747 2125 _

927 2129 994 2157 colit
1015 2138 1022 2156 :
1043 2137 1173 2164 pecorum
1191 2130 1265 2157 cnim
1285 2130 1420 2158 rationem
1441 2130 1554 2165 habent,
1570 2132 1714 2160 moralium

928 2182 1011 2210 Opera
1026 2176 1169 2203 virtutum.
1185 2175 1291 2203 Idcirco
1305 2176 1387 2203 etiam
1401 2176 1492 2204 aiebat
1503 2177 1587 2205 Jacob
1602 2187 1608 2204 :
1621 2178 1716 2206 Pasto-

928 2231 970 2250 ηε
989 2231 1111 2258 pecorum
1130 2227 1192 2250 sunt
1210 2223 1278 2250 serui
1298 2223 1378 2250 tui“.
1393 2222 1490 2250 Ovium
1512 2228 1603 2252 autem
1624 2230 1717 2259 pastor

927 2275 984 2303 est,
1000 2271 1046 2306 qui
1067 2271 1159 2298 studet
1176 2271 1299 2298 scientiae
1317 2279 1350 2298 ac
1368 2271 1602 2305 contemplationi
1618 2272 1715 2300 Ovium

927 2318 1002 2345 enim
1016 2317 1150 2345 rationem
1164 2318 1266 2345 habent
1280 2318 1458 2352 cogitationes
1472 2318 1611 2352 animique
1625 2326 1713 2351 sensa,

929 2372 990 2399 quae
1008 2364 1035 2391 in
1056 2364 1195 2391 montibus
1213 2363 1378 2398 spiritalium
1400 2364 1662 2398 contemplationum
1683 2373 1717 2392 ac

930 2410 1073 2437 notionum
1096 2417 1111 2437 a
1135 2413 1226 2436 mente
1250 2412 1410 2443 pascuntur.
1432 2409 1579 2443 Propterea
1601 2410 1683 2436 etiam
1709 2419 1714 2436 :

930 2456 1097 2484 Abominatio
1115 2459 1153 2481 est
1171 2452 1303 2490 [Egyptiia
1321 2455 1405 2481 omnis
1423 2458 1515 2489 pastor
1533 2455 1619 2481 ovium
1630 2455 1667 2488 ",
1689 2455 1716 2482 id

930 2507 982 2534 est,
996 2500 1162 2528 adversariis
1174 2499 1365 2535 potestatibus.

1027 2546 1112 2573 Prava
1128 2553 1215 2578 mens,
1231 2545 1344 2572 incitato
1360 2552 1474 2579 corpOre
1489 2543 1618 2572 sensuum
1635 2553 1718 2581 opera

932 2592 960 2619 in
975 2600 1038 2620 suas
1054 2591 1220 2626 cupiditates
1235 2599 1267 2618 ac
1283 2590 1431 2624 libidines,
1445 2591 1566 2626 proclive
1581 2592 1718 2627 sequitur,

931 2638 1101 2673 assentitque
1119 2638 1193 2665 illius
1210 2637 1424 2673 cogitationibus
1440 2642 1467 2665 et
1482 2639 1695 2673 appetitionibus
1710 2649 1716 2667 :

932 2687 960 2710 at
973 2683 1018 2718 qui
1033 2683 1143 2710 virtutis
1156 2683 1245 2710 cultor
1256 2687 1308 2716 est,
1318 2683 1375 2718 ipsc
1390 2691 1418 2710 se
1431 2684 1563 2717 continet,
1575 2688 1718 2719 temperat—

932 2737 985 2764 que
1002 2737 1017 2756 a
1033 2729 1140 2756 vitiosis
1155 2729 1368 2765 cogitationibus
1383 2734 1411 2758 et
1425 2731 1650 2765 appetitionibus,
1664 2738 1721 2757 ma-

931 2775 1027 2810 gisque
1044 2775 1265 2809 philosophatur,
1278 2783 1310 2804 ac
1326 2776 1419 2804 studet
1434 2781 1465 2804 ut
1479 2777 1612 2812 ejusmodi
1630 2781 1721 2805 motus

931 2821 1038 2848 meliori
1054 2820 1133 2855 fruge
1148 2825 1302 2856 componat.

659 2897 682 2913 "
697 2896 766 2924 Gen.
783 2905 865 2931 XLVII,
875 2897 901 2924 5.
941 2898 962 2913 ⁸³
976 2897 1045 2925 Gen.
1062 2905 1134 2929 xtvr,
1153 2898 1196 2925 54.

1528 2946 1568 2976 3‘3
