1948 3077
84 156 144 189 1005

514 154 681 184 CAPITUM
703 154 751 183 DE
771 153 989 183 CllARlTATE
1010 153 1205 183 CENTURIA
1227 153 1266 182 lI.

1643 150 1711 186 1606

83 215 121 242 τὸν
131 213 248 241 τοιοῦτον
263 213 331 249 θάνῃ
345 211 470 244 θάνατον,
489 211 558 248 μετὰ
569 211 637 238 Θεοῦ
651 211 798 247 εὑρεθῆναι
813 210 861 236 καὶ

928 218 970 236 ur.
990 210 1047 237 Nisi
1061 210 1137 238 enim
1157 211 1217 246 ejus
1241 208 1352 245 generis
1380 211 1498 236 mortem
1521 208 1632 242 obierit,
1651 217 1714 237 cum

83 261 156 296 ζῆσαι
167 260 196 286 οὐ
212 259 334 286 δύναται.

114 305 159 340 ξηί.
177 306 281 340 Μηδεὶς
292 314 322 332 σε
336 305 478 341 ἀπατήσῃ,
495 304 608 340 μοναχὲ,
626 305 670 331 ὅτι
689 305 730 333 Evt
750 312 781 331 σε
810 312 864 330 σω-

84 352 154 387 θῆναι
171 352 250 388 ἡδονῇ
267 353 313 378 καὶ
325 351 464 387 κενοδοξία
472 349 643 378 δουλεύοντα.

113 440 156 473 ξδ’.
167 439 310 475 Ὠσπερτὸ
324 439 403 474 σῶμα
417 439 462 466 διὰ
478 439 532 466 τῶν
547 438 722 474 πραγμάτων
739 437 865 473 ἁμαρτά-

83 487 186 518 νει,καὶ
216 487 273 521 ἔχει
295 486 364 520 πρὸς
395 484 587 518 παιδαγωγίαν
618 483 668 514 τὰς
703 482 866 518 σωματικὰς

84 533 185 568 ἀρετὰς,
200 533 243 558 ἵνα
256 533 393 566 σωφρονῇθ
410 531 482 557 οὕτω
497 531 545 557 καὶ
558 529 643 562 ὁνοῦς
655 529 699 556 διὰ
710 529 764 556 τῶν
775 529 867 564 ὲμπα-

84 578 131 604 θὼν
157 577 311 613 νοημάτων,
334 577 380 603 καὶ
399 576 456 611 ἔχει
477 576 610 607 ὡσαύτως
631 575 701 611 πρὸς
726 574 866 608 παιδαγω-

84 625 138 658 γίαν
152 624 199 656 τὰς
208 623 327 658 ψυχικὰς
343 622 454 658 ἀρετὰς,
470 622 515 649 ἵνα
533 621 662 658 καθαρῶς
687 621 734 648 καὶ
754 620 867 652 ἀπαθῶς

84 669 145 704 ὁρῶν
157 669 190 695 τὰ
205 668 367 703 πράγματα,
390 668 528 703 σωφρονῇ.

113 755 156 789 ξε’.
171 757 276 792 Ὠσπερ
291 755 340 787 τὰς
357 755 463 791 ἡμέρας
475 754 644 790 διαδέχονται
656 754 685 780 αἱ
700 753 809 784 νύκτες,
821 752 868 779 καὶ

83 803 112 830 τὰ
123 802 186 837 θέρη
207 803 232 828 οἱ
263 800 397 836 χειμῶνες
413 808 420 814 ·
435 799 508 826 οὕτω
524 797 678 830 κενοδοξίαν
701 797 748 824 καὶ
759 795 866 832 ἡδονὴν,

83 848 158 874 λύπαι
185 847 234 874 καὶ
260 846 363 878 ὀδύναι,
379 845 434 872 εἴτε
453 846 482 872 ὲν
505 844 546 880 τῷ
560 844 685 880 παρόντι,
701 843 756 869 εἴτε
778 843 807 869 ὲν
828 842 868 876 τῷ

86 894 208 930 μέλλοντι.

113 939 163 973 ξςῖ
181 940 239 966 Οὐκ
254 939 329 966 ἔστιν
354 939 552 975 ἁμαρτήσαντα
570 939 702 973 ἐκφυγεῖν
726 939 775 975 τὴν
804 938 867 974 μέλ-

86 987 176 1014 λουσαν
207 986 309 1021 κρίσιν,
332 986 396 1013 ἄνευ
426 986 559 1012 ἑκουσίων
584 984 701 1011 ἐνταῦθα
729 984 865 1021 πόνων,ἢ

83 1032 208 1059 ἀκουσίων
225 1031 373 1067 ἐπιφορῶν.

113 1078 158 1111 ξς.
170 1078 219 1104 Διὰ
243 1078 324 1104 πέντε
353 1077 443 1108 αἰτίας
470 1077 537 1112 φασὶ
553 1077 778 1113 παραχωρεῖσθαι
793 1078 868 1113 ἡμᾶς

83 1125 129 1151 ὑπὸ
150 1123 216 1151 Θεοῦ
237 1123 415 1158 πολεμεῖσθαι
434 1123 487 1150 ὑπὸ
515 1123 662 1158 δαιμόνων.
677 1123 733 1150 Καὶ
756 1123 868 1159 πρώτην

84 1171 127 1205 μὲν
137 1170 204 1197 εἷναί
215 1178 308 1204 φασιν,
326 1169 370 1196 ἵνα
384 1169 582 1205 πολεμωύμενοι
592 1170 640 1196 καὶ
654 1170 868 1205 ἀντιπολεμοῦν-

82 1225 131 1249 τες,
144 1217 181 1248 εἰς
197 1217 335 1251 διάκρισιν
352 1217 400 1250 τῆς
413 1216 514 1250 ἀρετῆς
531 1216 579 1242 καὶ
595 1217 645 1251 τῆς
666 1215 767 1247 κακίας
783 1216 868 1243 ἔλθω-

85 1264 136 1296 μεν.
151 1263 285 1298 Δευτέρειν
303 1261 342 1293 δὲ,
359 1262 402 1287 ἵνα
419 1261 531 1297 πολέμῳ
548 1261 596 1287 καὶ
617 1262 691 1295 πόνῳ
705 1261 754 1295 τὴν
768 1261 868 1296 ἀρετὴν

84 1308 219 1342 κτώμενοι,
235 1307 348 1342 βεϐαίαν
372 1306 458 1342 αὐτὴν
473 1306 520 1332 καὶ
536 1305 736 1340 ἀμετάπτωτον
751 1305 867 1341 ἓξωμεν.

84 1354 175 1388 Τρίτην
198 1354 239 1384 δὲ,
256 1354 299 1380 ἵνα
323 1354 526 1388 προκόπτοντες
550 1352 590 1383 εἰς
617 1351 667 1387 τὴν
693 1352 805 1387 ἀρετὴν,
832 1352 869 1387 μὴ

85 1400 329 1436 ὑψηλοφρονῶμεν,
360 1399 430 1426 ἀλλὰ
461 1399 594 1434 μάθωμεν
633 1400 868 1434 ταπεινοφρονεῖν.

84 1447 214 1483 Τετάρτην
248 1446 341 1478 ὃὲ,ῖνα
364 1445 544 1481 πειραθέντες
568 1445 618 1480 τῆς
647 1445 745 1476 κακίας
758 1445 808 1480 (a),
824 1445 869 1471 τέ-

83 1492 151 1520 λειον
169 1495 249 1528 μῖσος
263 1492 349 1527 αὐτὴν
364 1493 537 1528 μισήσωμεν.
556 1492 691 1527 Πέμπτην
707 1492 736 1518 δὲ
755 1491 803 1518 ἐπὶ
815 1492 870 1518 πά-

85 1548 148 1572 σαις,
162 1541 205 1567 ἵνα
231 1539 349 1571 ἀπαθεῖς
371 1539 524 1574 γενόμενοι,
544 1539 582 1575 μὴ
607 1538 804 1574 ἐπιλαθώμεθα
817 1538 868 1574 τῆς

84 1587 177 1618 οἰκείας
196 1585 352 1618 ἀσθενείας,
381 1585 450 1621 μήτε
479 1585 529 1621 τῆς
553 1584 600 1611 τοῦ
625 1584 812 1620 βοηθήσαντος
826 1584 869 1610 δυ-

85 1631 194 1667 νάμεως.

115 1676 162 1712 ξη’.
178 1678 288 1713 Ὠσπερ
312 1677 359 1704 τοῦ
381 1676 529 1709 πεινῶντος
547 1677 562 1704 ὁ
576 1676 639 1709 νοῦς
660 1676 743 1713 ἄρσον
767 1674 870 1712 φαντά-

85 1722 163 1757 ζεται,
182 1724 229 1750 καὶ
244 1724 291 1751 τοῦ
305 1723 435 1758 διψῶντος
450 1722 532 1758 ὕδωρ,
547 1722 618 1750 οὕτω
634 1722 681 1750 καὶ
693 1722 741 1749 τοῦ
753 1730 869 1758 γαστρι-

87 1770 183 1805 μάργου
203 1770 345 1802 ποικιλίας
375 1771 533 1805 ἐδεσμάτων
547 1776 555 1785 ³
568 1770 617 1796 καὶ
641 1769 690 1797 τοῦ
714 1769 868 1804 φιληδόνου,

86 1816 185 1850 μορφὰς
202 1815 344 1850 γυναικῶν
356 1824 363 1831 ⁸
385 1816 431 1842 καὶ
444 1817 458 1842 ό
474 1815 522 1843 τοῦ
533 1815 673 1848 κενοδόξου
684 1836 691 1848 ,
704 1815 754 1846 τὰς
774 1814 804 1847 ἐξ
823 1815 870 1840 ἅν·

85 1860 192 1896 θρώπων
204 1861 290 1897 τιμάς
305 1870 311 1876 ·
325 1862 371 1888 καὶ
387 1861 434 1888 τοῦ
450 1860 630 1897 φιλαργύρου,
646 1860 679 1886 τὰ
696 1859 780 1896 κέρδη
797 1868 804 1875 ·
824 1859 871 1886 καὶ

83 1908 124 1935 τοῦ
149 1909 336 1944 μνησικάκου,
352 1908 401 1944 τὴν
421 1908 530 1943 ἄμυναν
548 1907 595 1934 τοῦ
609 1907 782 1942 λυπήσαντος
795 1915 802 1922 ·
822 1905 871 1933 καὶ

83 1954 124 1982 τοῦ
148 1956 295 1992 φθονεροῦ,
312 1957 362 1990 τὴν
378 1955 501 1982 κάκωσιν
524 1954 572 1981 τοῦ
603 1954 800 1990 φθονουμένου,
823 1953 871 1981 καὶ

83 1999 123 2026 ἐπὶ
142 2001 195 2027 τῶν
213 2001 303 2028 ἄλλων
321 1999 416 2027 παθῶν
433 2000 543 2035 ὁμοίως.
563 2000 610 2026 Ἐκ
628 1999 682 2034 γὰρ
700 1998 754 2025 τῶν
777 1998 871 2025 παθῶν

83 2045 240 2081 ὕχλούμενος
254 2047 327 2078 νοῦς.
341 2046 475 2081 λαμϐάνει
491 2047 525 2073 τὰ
535 2045 648 2081 ἐμπαθῆ
665 2046 807 2082 νοήματα,
822 2045 870 2072 καὶ

83 2093 260 2129 ἑγρηγορότος
286 2093 333 2120 τοῦ
363 2093 500 2130 σώματος,
516 2095 562 2120 καὶ
590 2094 661 2120 κατὰ
679 2093 743 2125 τοὺς
757 2092 869 2124 ὕπνους.

114 2138 158 2170 ξθ’.
171 2139 260 2166 ὀταν
273 2138 406 2174 ἐπιθυμία
421 2139 501 2176 αὔξῃ,
515 2139 564 2170 τὰς
578 2139 722 2174 ποιητικὰς
736 2138 791 2165 τῶν
811 2139 871 2174 ἠδο-

83 2183 128 2210 νῶν
159 2185 227 2217 ὔλας
253 2187 283 2212 ἐν
309 2186 365 2216 τοῖς
387 2184 480 2216 ὕπνοις
495 2186 509 2211 ὁ
525 2185 587 2217 νοῦς
612 2184 790 2220 φαντάζεται·
806 2185 871 2212 ὅταν

920 254 977 281 Deo
988 255 1093 282 versari
1108 262 1141 282 ac
1153 255 1246 282 vivere
1257 262 1312 282 non
1324 258 1427 289 potest.

955 301 1000 329 65.
1020 301 1107 329 Nemo
1126 306 1161 334 te,
1179 302 1227 336 qui
1247 301 1414 328 monachum
1436 301 1608 336 proﬁtearis,
1632 301 1714 328 scdu-

920 351 974 380 cat,
990 352 1120 382 tanquam
1132 347 1192 375 ﬁeri
1209 347 1306 382 possit,
1321 351 1351 374 ut
1372 348 1509 382 voluptati
1521 354 1554 374 ac
1568 347 1644 374 inani
1657 349 1715 382 glo-

921 394 969 421 ria:
985 393 1107 426 deditus,
1123 394 1241 421 salutem
1254 393 1446 428 consequaris.

955 440 999 468 64.
1020 439 1258 473 Quemadmodum
1273 447 1373 475 corpus
1397 447 1489 467 rerum
1512 439 1627 468 obtentu
1651 444 1715 475 pee-

920 490 974 519 cat,
993 486 1130 521 habetque
1145 486 1180 514 ad
1205 486 1379 521 disciplinam
1393 493 1440 514 eas
1452 487 1581 519 virtutes,
1603 495 1665 521 qua:
1679 484 1713 513 ad

921 539 1022 568 corpus
1036 537 1172 568 spectant,
1190 537 1222 560 ut
1239 533 1385 561 erudiatur
1401 542 1407 560 :
1426 533 1467 560 sic
1480 536 1508 560 et
1525 541 1603 560 mens
1618 533 1714 560 libidi—

920 587 1051 606 nosarum
1067 579 1179 606 incursu
1196 579 1405 614 cogitationum,
1422 579 1561 614 habetque
1586 579 1714 606 similiter

920 626 955 653 ad
969 626 1144 661 disciplinam
1165 626 1263 653 animze
1281 626 1410 659 virtutes,
1426 626 1529 662 quibus
1552 626 1655 653 munde
1672 626 1714 653 ci‘

922 677 1019 709 traque
1034 673 1178 701 libidinem
1201 681 1246 701 res
1267 678 1414 706 contuens,
1437 673 1529 701 sobria
1554 673 1631 709 fruge
1655 674 1713 708 ipsa

921 724 1114 754 componatur.

956 765 1001 793 65.
1023 765 1261 798 Quemadmodum
1291 765 1346 793 diei
1375 766 1501 794 succedit
1525 774 1601 797 nox.
1629 771 1721 801 atque

920 812 1008 840 aestati
1028 811 1138 840 hiems:
1156 812 1197 840 sic
1219 812 1329 839 inanem
1354 813 1468 847 gloriam
1489 820 1522 840 ac
1544 813 1712 847 voluptatem

921 866 994 894 pone
1013 863 1168 894 sequuntur
1183 858 1297 886 tristitia
1319 863 1347 886 et
1361 858 1451 891 dolor,
1467 859 1524 886 sive
1542 859 1570 885 in
1584 854 1713 893 praesenti

884 895 906 922 Β
919 904 1032 935 smculo,
1048 904 1106 931 sive
1122 904 1151 931 in
1163 903 1269 932 futuro.

955 948 999 976 66.
1022 948 1095 975 Fieri
1112 956 1168 975 non
1183 952 1276 983 potest
1287 952 1317 976 ut
1326 948 1432 983 peccati
1450 956 1514 976 reus
1533 948 1656 975 futurum
1670 949 1714 984 ju‘

918 994 1022 1022 dicium
1044 994 1154 1027 evadat,
1181 995 1285 1030 absque
1309 995 1453 1022 laboribus
1467 995 1523 1022 vita
1546 995 1597 1022 hac
1614 1000 1712 1030 sponte

919 1041 1078 1076 assumptis,
1096 1041 1139 1069 vel
1156 1041 1240 1068 illatis
1257 1041 1347 1071 malis,
1365 1048 1426 1075 qua:
1440 1041 1579 1076 patienter
1595 1041 1676 1068 ferat.
1742 1038 1747 1041 ”

953 1088 998 1115 67.
1016 1087 1144 1121 Quinque
1172 1086 1292 1114 afferunt
1317 1094 1424 1118 causas,
1437 1087 1472 1113 ob
1490 1094 1558 1121 quas
1575 1094 1626 1113 nos
1641 1087 1713 1113 Deus

919 1141 934 1160 a
949 1133 1122 1160 daemonibus
1136 1132 1289 1167 oppugnari
1315 1131 1398 1159 sinat.
1416 1131 1455 1159 Ac
1465 1132 1582 1166 primam
1599 1132 1712 1166 quidem

918 1186 979 1206 esse
997 1179 1085 1210 aiunt,
1104 1183 1135 1205 ut
1157 1177 1222 1204 dum
1256 1185 1347 1213 pugna
1364 1177 1444 1212 petiti
1468 1185 1663 1212 repugnamus,
1682 1186 1714 1205 ac

919 1224 1085 1256 resistimus,
1103 1223 1214 1251 virtutis
1229 1223 1344 1258 Vitiique
1362 1224 1558 1251 discretionem
1573 1229 1712 1258 paremus.

919 1269 1041 1297 Alteram
1057 1273 1159 1301 autem,
1174 1274 1204 1296 ut
1216 1273 1293 1304 parta
1308 1269 1381 1296 bello
1393 1268 1496 1296 virtute
1510 1273 1593 1304 atque
1606 1269 1712 1300 labore,

920 1316 1026 1342 firmam
1051 1315 1123 1342 illam
1142 1315 1339 1350 immotamque
1357 1319 1509 1343 teneamus.
1528 1315 1660 1342 Tertiam.
1684 1318 1714 1342 ut

920 1361 1031 1388 virtutis
1058 1361 1184 1395 profectu
1199 1368 1253 1387 non
1279 1361 1365 1388 altum
1387 1361 1536 1396 sapiamus,
1551 1361 1599 1388 sed
1616 1369 1715 1388 sensus

920 1407 1083 1434 modestiam
1108 1407 1258 1434 discamus.
1282 1406 1425 1439 Quartam,
1443 1411 1473 1434 ut
1490 1407 1551 1434 vitii
1576 1407 1648 1434 facto
1668 1415 1716 1442 pc-

921 1451 1019 1484 riculo,
1038 1451 1161 1486 perfecto
1175 1451 1265 1486 ipsum
1279 1451 1343 1478 odio
1354 1456 1565 1486 prosequamur.
1583 1452 1715 1485 Quintam

921 1497 1041 1532 denique
1056 1505 1088 1525 ac
1103 1505 1274 1533 supremam,
1287 1502 1318 1525 ut
1332 1498 1525 1533 imperturbati
1538 1499 1623 1526 animi
1640 1501 1715 1525 tran-

921 1546 1085 1580 quillitatem
1101 1545 1206 1581 adepti,
1220 1544 1419 1574 imbecillitatis
1436 1547 1555 1582 propria:
1574 1555 1630 1574 non
1645 1537 1717 1574 obii;

921 1588 1070 1619 viscamur.
1080 1597 1132 1616 nec
1149 1589 1227 1625 ejus,
1244 1590 1292 1625 qui
1309 1589 1419 1625 adjutor
1436 1590 1498 1623 fuit,
1515 1591 1645 1626 potentia:
1664 1590 1716 1617 im.

922 1643 1059 1663 memores
1074 1635 1162 1663 simus

956 1681 1000 1710 68.
1021 1681 1259 1715 Quemadmodum
1278 1682 1396 1710 famelici
1414 1682 1535 1716 animus,
1552 1689 1651 1718 panem
1666 1691 1715 1710 c0-

921 1728 1054 1764 gitatione
1068 1728 1208 1762 informat,
1228 1736 1260 1756 ac
1274 1728 1418 1761 sitibundi,
1431 1736 1531 1763 aquam
1544 1737 1551 1762 ;
1574 1728 1614 1756 sic
1625 1732 1653 1756 et
1665 1737 1716 1764 gn-

921 1774 984 1807 losi,
1003 1774 1091 1802 varias
1103 1773 1233 1809 cupedias
1241 1779 1270 1801 et
1283 1774 1389 1808 edulia;
1406 1774 1551 1808 luxuriosi,
1567 1774 1713 1801 mulierum

922 1818 1041 1852 formas;
1055 1819 1145 1846 inanis
1163 1819 1256 1854 gloria:
1271 1819 1377 1854 cupidi,
1395 1819 1532 1847 humanos
1550 1820 1671 1847 honores
1683 1829 1715 1847 ac

922 1865 1036 1898 laudes;
1051 1865 1138 1898 avari,
1150 1866 1245 1898 lucra;
1260 1873 1404 1894 rancorem
1423 1866 1563 1900 habentis,
1579 1867 1640 1902 ejus
1651 1867 1714 1893 vin—

924 1910 1024 1937 dictam
1039 1917 1054 1937 a
1069 1918 1124 1945 quo
1141 1909 1270 1945 injuriam
1282 1911 1408 1945 accepit;
1426 1911 1523 1942 invidi,
1537 1912 1597 1946 ejus
1611 1912 1714 1938 malum

923 1955 951 1983 in
966 1963 1048 1990 quem
1062 1954 1166 1982 exarsit
1181 1954 1300 1988 invidia;
1317 1955 1445 1990 idemque
1457 1955 1485 1982 in
1502 1955 1618 1991 reliquis
1627 1956 1713 1984 vitiis.

923 2001 1039 2028 Animus
1059 2001 1133 2028 enim
1149 2001 1202 2028 illis
1216 2004 1354 2035 gravatus,
1371 2001 1470 2036 hisque
1482 2001 1520 2029 illi
1535 2002 1716 2029 obtundenti-

923 2046 987 2078 bus,
1010 2045 1173 2073 libidinosas
1195 2046 1386 2080 cogitationes,
1416 2047 1474 2074 sive
1497 2054 1614 2083 corpore
1644 2048 1714 2083 vigi~

923 2093 1008 2125 lante,
1028 2093 1085 2120 sive
1098 2093 1127 2119 in
1141 2091 1257 2124 somnis,
1271 2093 1400 2120 assumit.

958 2138 1038 2174 421
1050 2138 1094 2166 69.
1115 2138 1201 2165 Aucta
1214 2138 1298 2165 semel
1317 2137 1552 2174 concupiscentia,
1567 2138 1676 2166 animus
1688 2139 1715 2166 in

924 2186 1028 2214 somnis
1044 2193 1076 2214 ea
1092 2184 1233 2216 informat,
1251 2191 1313 2219 quae
1336 2185 1506 2219 voluptatem
1525 2192 1558 2211 ac
1569 2185 1715 2212 libidinem

82 2231 106 2257 δὲ
118 2232 131 2257 ό
148 2233 246 2268 θυμὸς,
265 2231 302 2258 τὰ
317 2232 407 2266 φόϐων
432 2234 561 2268 ποιητικὰ
583 2232 676 2267 βλέπει
706 2232 870 2267 πράγματα.

927 2235 1030 2259 creant.
1047 2230 1177 2257 Auctiore
1190 2238 1255 2257 vero
1274 2230 1325 2262 ira,
1342 2238 1387 2257 res
1411 2229 1545 2257 terriﬁcas
1557 2230 1642 2258 videt.
1659 2231 1716 2257 Au-

84 2278 192 2312 Αῡξουσι
214 2279 311 2315 μέντοι
336 2279 370 2306 τὰ
396 2279 481 2314 πάθη,
511 2280 534 2305 οἱ
560 2279 710 2314 ἀκάθαρτοι
733 2279 871 2314 δαίμονες,

85 2326 209 2360 συνεργὸν
222 2326 275 2359 τὴν
302 2325 439 2361 ἡμετέραν
462 2325 593 2360 ἀμέλειαν
610 2324 808 2359 λαμῦᾶινοντες,
825 2325 873 2351 καὶ

83 2370 160 2397 ταῦτα
184 2371 368 2407 ἐρεθίζοντες.
391 2371 548 2398 Ἐλαττοῦσι
578 2371 606 2397 δὲ
631 2372 656 2397 οἱ
687 2372 761 2405 ἅγιοι
790 2370 873 2406 ἄγγε-

83 2415 133 2448 λοι,
150 2421 219 2454 πρὸς
251 2418 302 2453 τὴν
331 2418 385 2445 τῶν
402 2418 507 2454 ἀρετῶν
531 2419 604 2454 ἡμᾶς,
627 2418 764 2450 κινοῦντες
789 2419 873 2453 ἐργα-

83 2471 146 2492 σιαν.

112 2509 142 2537 o’.
163 2511 201 2537 Τὸ
215 2511 269 2546 μὲν
284 2511 485 2546 ἐπιθυμητικὸν
511 2511 562 2546 τῆς
585 2511 677 2546 ψυχῆς
703 2510 872 2544 πυκνότερον

82 2555 281 2591 ἐρεθιζόμενον,
301 2556 357 2589 ἕξιν
379 2556 534 2592 φιληδονίας
559 2555 720 2590 δυσκίνητον
743 2556 776 2590 τῇ
798 2555 871 2590 ψυχῇ

83 2601 212 2638 ἐντίθησιν
228 2612 234 2618 ·
253 2604 268 2629 ὁ
285 2602 314 2629 δὲ
331 2602 415 2638 θυμὸς
437 2602 558 2637 συνεχῶς
580 2602 803 2638 ταρασσόμενος,
819 2602 873 2628 δει-

83 2648 122 2674 λὸν
143 2651 190 2676 καὶ
213 2649 350 2684 ἄνανδρον
383 2649 429 2676 τὸν
452 2649 514 2675 νοῦν
532 2647 731 2684 ἀπεργάζεται.
763 2648 872 2675 Ὶῶνται

83 2694 117 2726 δὲ,
126 2696 153 2722 τὸ
163 2696 225 2731 μὲν,
240 2696 360 2731 ἄσκησις
369 2695 551 2731 ἑπιτεταμένη
565 2703 597 2729 νη
603 2694 692 2725 actia;
705 2695 752 2721 καὶ
763 2694 873 2730 ἀγρυπ-

115 2773 151 2809 (a)
168 2775 238 2802 Ἵνα
264 2774 456 2807 πειραθέντες
482 2773 538 2807 τῆς
566 2775 681 2807 κακίας.
715 2774 775 2801 Non
802 2773 874 2801 bene

85 2811 158 2836 ambo
171 2810 336 2845 superiores
352 2809 468 2844 interpr.
490 2808 521 2836 Ut
539 2811 637 2836 tentati
654 2818 662 2836 :
678 2809 744 2841 lmo,
758 2813 800 2845 uti
814 2809 871 2845 vitii

85 2845 146 2878 fama
160 2844 293 2880 periculo,
308 2845 364 2879 ejus
389 2846 499 2879 experti.
528 2845 573 2872 Sic
598 2845 671 2872 enim
699 2845 769 2871 bene
791 2844 872 2871 Suid.

86 2882 164 2917 πειρὼ
177 2886 207 2908 et
221 2879 376 2915 πειρῶμαι,
389 2882 484 2915 γενικῇ
500 2880 654 2915 ἀπόπειραν
665 2880 805 2914 ποιοῦμαι.
827 2887 871 2915 pe-

923 2282 987 2314 gcnt
1003 2284 1087 2312 porro
1104 2276 1218 2303 aﬂectus
1241 2283 1273 2303 ac
1287 2275 1522 2310 perturbationes,
1543 2273 1644 2310 impuri
1659 2276 1716 2303 dre-

923 2331 1029 2355 moncs,
1051 2322 1078 2350 id
1096 2323 1185 2358 ipsum
1202 2322 1276 2357 quod
1291 2322 1375 2349 vitam
1397 2321 1572 2357 negligimus,
1590 2322 1716 2348 subsidio

923 2374 1095 2398 assumentes
1108 2377 1139 2396 ac
1156 2368 1336 2403 proritantes.
1348 2367 1551 2394 Minuuntvero
1565 2367 1651 2393 saneli
1666 2374 1716 2392 an-

923 2416 977 2452 geli
992 2415 1039 2450 qui
1055 2414 1089 2441 ad
1102 2413 1258 2449 pnestanda
1275 2413 1410 2440 virtutum
1423 2419 1506 2447 opera
1528 2411 1644 2438 incitent
1655 2419 1717 2445 pcr-

926 2466 1120 2495 nlovcantque.

962 2508 1005 2535 70.
1023 2507 1114 2533 Animi
1138 2506 1180 2532 vis
1191 2504 1391 2539 concupiscens
1407 2502 1472 2531 (lum
1486 2503 1612 2530 crebrius
1629 2502 1704 2537 prori

925 2559 1008 2586 tatur,
1027 2552 1152 2580 libidinis
1167 2551 1292 2579 habitum
1314 2550 1425 2578 diilicile
1438 2549 1568 2577 mobilem
1583 2550 1611 2576 in
1626 2549 1716 2576 anima

924 2601 1022 2636 ponit:
1041 2600 1081 2626 ira
1093 2606 1159 2626 vero
1174 2598 1277 2634 jugiter
1293 2602 1440 2628 commota.
1465 2596 1657 2624 meticulosum
1675 2601 1718 2622 at~-

925 2654 979 2683 quc
1000 2646 1137 2673 imbellem
1152 2645 1273 2672 animum
1290 2643 1393 2671 reddit.
1408 2643 1513 2671 Sanant
1529 2647 1620 2669 autem
1636 2647 1718 2676 atque

927 2693 1083 2724 medentur,
1113 2691 1153 2718 illi
1182 2690 1311 2726 quidem,
1341 2690 1524 2726 jejuniorum,
1549 2689 1716 2723 vigiliarum,

929 2773 1043 2800 riculum
1066 2772 1144 2806 facio,
1167 2769 1367 2807 ratpcriorJloc
1377 2770 1458 2807 _enim_
1478 2773 1530 2800 est,
1547 2766 1718 2807 _quod_pe_r‘

925 2809 1027 2835 fectum
1044 2804 1111 2834 illud
1127 2804 1220 2833 odium
1238 2806 1319 2840 parit,
1337 2805 1384 2843 ubi
1412 2804 1475 2843 quis
1499 2804 1578 2843 serio
1590 2804 1716 2843 resipuit,

925 2843 1125 2876 amborulnque
1139 2839 1289 2869 discrimen
1308 2840 1379 2875 (vitii
1391 2848 1423 2867 ac
1437 2839 1559 2868 virtutis)
1572 2839 1631 2873 ipso
1640 2839 1718 2872 quasi

925 2883 1017 2914 gustu,
1030 2877 1069 2912 τῷ
1089 2878 1178 2910 πάθει,
1195 2876 1331 2913 cognovit.
1586 2876 1587 2879 “
