1948 3077
221 157 231 188 1
238 155 286 187 007

798 157 829 186 S.
848 157 925 187 ΜΛΧ
932 157 989 186 {ill
1010 156 1262 186 CONFESSORIS

1780 153 1849 184 1003

222 219 336 248 precum
360 216 489 240 contenta
504 213 633 248 jugisquc
649 213 831 246 exercitatio;
848 213 913 240 huic
931 220 1008 245 vero,

1072 213 1121 243 νίας
1135 213 1182 239 καὶ
1199 211 1352 247 προσευχῆς
1365 220 1372 227 ·
1389 211 1434 238 τὸν
1448 211 1476 237 δὲ
1487 231 1493 242 ,
1511 212 1663 246 χρηστότης
1685 210 1733 236 καὶ
1749 210 1847 244 ιριλαν-

222 258 330 290 lenitas,
343 258 507 293 benignitas,
523 258 655 291 charitas,
668 258 866 286 misericordia.

257 303 301 330 7i.
322 303 473 334 Daemones,
501 307 548 330 aut
575 311 666 330 rerum
693 303 805 330 incursu
821 303 923 330 bellum
947 310 1007 330 mo-

221 352 296 379 vent,
318 353 365 375 aut
379 347 589 376 libidinosarum
604 349 631 375 in
652 349 736 376 rebus
748 349 955 384 cogitationum.
971 349 1009 376 Ae

206 389 331 429 'quidem
347 401 439 420 rerum
462 394 586 427 incursu,
598 403 647 422 eos
672 394 718 430 qui
737 395 764 422 in
779 395 862 422 rebus
878 403 910 422 ac
926 402 1010 429 nego-

221 440 268 467 tiis
285 445 447 473 versantur;
466 440 662 476 cogitationum
675 449 754 474 vero,
776 449 835 474 eos,
850 441 897 476 qui
909 449 938 468 se
956 441 1009 469 illis

221 489 318 525 procul
333 489 534 516 subduxerunt.

258 535 301 562 72.
321 534 430 567 Quanto
453 533 605 568 proclivius
633 536 676 560 est
703 540 735 560 ac
761 532 888 564 facilius,
918 536 1010 559 tecum

221 581 314 608 animo
335 589 367 608 ac
383 579 550 616 cogitatione
563 586 688 614 peccare.
716 586 799 613 quam
816 579 875 613 ipso
892 583 955 606 actu
971 582 1012 605 at-

221 635 276 662 que
286 635 386 662 opere;
406 630 481 665 tanto
504 625 615 660 gravius
629 628 670 651 est
688 624 803 656 bellum,
829 623 902 659 quod
915 631 949 651 ex
963 631 1011 650 co-

222 673 413 708 gitationibus,
427 679 509 707 quam
526 671 600 706 quod
613 679 647 698 ex
664 670 747 698 rebus
762 670 934 705 negotiisque
947 677 1012 696 con-

223 719 315 745 ﬂatur.

260 763 304 790 73.
324 763 379 790 Res
396 762 460 798 ipsa:
477 767 555 790 extra
572 765 692 789 mentem
717 765 782 789 sunt
802 769 809 788 :
834 768 928 788 rerum
945 768 1013 788 vero

224 809 414 844 cogitationes,
429 808 500 835 intra
510 807 674 835 consistunt.
689 808 755 842 Ejus
770 807 861 842 itaque
875 807 1014 836 facultatis

224 858 277 884 est.
291 855 361 881 bene
377 854 440 886 illis,
456 861 491 880 an
507 861 599 885 secus,
617 857 720 880 utatur.
734 852 812 886 Quod
826 853 900 880 enim
917 860 1014 881 errore

1060 258 1169 293 Ορωπία
1182 258 1229 284 καὶ
1241 257 1335 292 ἀγάπη
1349 258 1395 283 καὶ
1413 257 1495 288 ἔλεος.

1093 303 1144 330 01'.
1165 304 1198 330 Ἢ
1215 303 1260 330 διὰ
1272 303 1325 329 τῶν
1342 305 1511 337 πραγμάτων
1523 303 1547 329 οἱ
1568 302 1696 337 δαίμονες
1710 301 1848 335 πολεμοῦ-

1061 357 1110 380 σιν,
1129 350 1145 384 ἢ
1165 349 1209 375 διὰ
1229 349 1282 374 τῶν
1303 350 1332 375 ὲν
1349 349 1405 378 τοῖς
1417 348 1577 382 πράγμασιν
1598 346 1731 382 ὲμπαθῶν
1742 346 1848 381 νοημά-

1059 404 1124 423 των.
1150 395 1205 422 Καὶ
1231 395 1275 421 διὰ
1299 395 1348 430 μὲν
1370 394 1424 420 τῶν
1454 394 1638 430 πραγμάτων,
1649 393 1713 431 τοὺς
1739 394 1768 419 ὲν
1791 394 1849 424 τοῖς

1060 441 1219 477 πράγμασιν
1226 440 1305 472 ὄντας
1315 460 1322 472 ,
1337 441 1382 468 διὰ
1409 440 1437 467 δὲ
1465 440 1519 466 τῶν
1544 440 1699 476 νοημάτων,
1715 440 1779 471 τοὺς
1795 439 1850 466 τῶν

1061 488 1232 524 πραγμάτων
1245 487 1479 523 κεχωρισμένους.

1083 532 1144 567 ·οβ’.
1166 531 1247 559 Ὀσον
1279 533 1354 559 ἐστὶν
1378 531 1567 567 εὐκοπώτερον
1589 530 1619 558 τὸ
1639 531 1710 557 κατὰ
1728 531 1851 557 διάνοιαν

1060 579 1230 614 ἁμαρτάνειν
1244 578 1290 604 τοῦ
1306 578 1367 605 κατ’
1383 578 1535 612 ἐνέργειαν,
1549 576 1676 603 τοσοῦτόν
1687 577 1744 602 ἐστι
1762 576 1850 611 βαρύ-

1060 633 1139 659 τερος
1153 625 1167 650 ὀ
1180 624 1224 650 διὰ
1251 623 1306 651 τῶν
1326 623 1470 659 νοημάτων
1493 622 1628 657 πόλεμος,
1653 622 1700 648 τοῦ
1726 622 1770 648 διὰ
1794 622 1852 648 τῶν

1061 670 1245 706 πραγμάτων.

1098 757 1148 792 ογ¹.
1162 758 1202 785 Τά
1226 758 1276 793 μὲν
1301 758 1454 794 πράγματα
1472 757 1571 790 ἔξωθέν
1595 757 1649 783 είσι
1670 756 1718 784 τοῦ
1732 756 1798 784 νοῦε
1817 757 1852 784 τὰ

1062 803 1091 830 δὲ
1103 803 1206 830 τούτων
1222 804 1346 838 νοήματα
1374 803 1428 830 έσω
1444 803 1626 829 συνίστανται.
1649 802 1693 828 Ἐν
1708 801 1784 838 αὐτῷ
1803 801 1854 829 οὖν

1063 850 1134 882 ἐστι,
1149 849 1180 876 τὸ
1200 847 1231 876 εὖ
1257 849 1364 880 τούτοις
1390 848 1555 885 χρήσασθαι,
1572 848 1589 884 ἢ
1611 848 1714 880 κακῶς.
1728 848 1767 884 Τῇ
1796 849 1856 884 γὰρ

225 899 310 927 animi
327 899 417 926 sensis
431 903 552 931 utamur,
569 905 662 926 rerum
674 898 779 925 abusus
793 898 982 933 consequitur.

1072 895 1221 931 ισιραλμένῃ
1235 895 1290 922 τῶν
1307 895 1451 930 νοημάτων
1481 894 1578 930 χρήσει
1593 893 1629 929 (b)
1644 894 1660 929 ή
1677 894 1857 929 παράχρησις

260 993 303 1020 74.
324 991 394 1019 Sunt
407 991 465 1020 hzec
480 992 530 1020 tria
542 1012 549 1024 ,
574 990 647 1019 unde
662 999 740 1019 mens
761 992 925 1021 libidinosas
941 993 1016 1029 cogi-

227 1038 345 1067 tationes
356 1038 487 1071 assumit;
502 1045 604 1073 nempe
611 1045 645 1066 ex
656 1045 750 1072 sensu,
766 1046 800 1066 ex
815 1039 1014 1074 complexione,

227 1092 260 1111 ex
275 1083 419 1111 memoria.
436 1085 474 1111 Ac
491 1083 603 1119 quidem
617 1091 650 1111 ex
662 1091 755 1116 sensu,
771 1092 834 1111 cum
853 1092 898 1112 res
911 1085 951 1112 illi
965 1085 1016 1112 ob-

225 1131 304 1165 jccue
320 1130 421 1164 quibus
440 1128 585 1162 aﬂicimur,
603 1129 636 1156 ad
660 1129 824 1158 libidinosas
836 1137 895 1157 eam
912 1131 1017 1166 cogita-

229 1175 317 1202 tiones
337 1175 490 1210 impellunt.
510 1175 549 1201 Ex
562 1175 752 1210 compleu'one
768 1179 861 1202 autem
884 1183 932 1203 seu
949 1180 1018 1203 tem-

229 1226 402 1256 peramento,
420 1228 483 1248 cum
500 1228 548 1255 per
563 1220 733 1248 luxuriosam
749 1221 839 1249 victus
861 1221 995 1248 rationem
1008 1241 1015 1254 ,

229 1270 276 1293 aut
294 1265 455 1301 operatione
483 1265 651 1298 dzemonum,
682 1268 730 1292 aut
746 1272 796 1300 per
824 1264 1017 1300 aegritudinem

229 1313 348 1348 aliquam
375 1311 498 1340 deterior
514 1311 586 1338 facta
617 1319 649 1338 ac
676 1311 830 1343 immutata,
848 1311 883 1338 ad
904 1311 1018 1338 vitiosas

229 1358 363 1394 ejusmodi
380 1357 562 1394 cogitationes
586 1357 696 1390 excitat,
712 1357 755 1384 vel
784 1356 897 1392 obloqui
922 1357 1017 1384 Provi-

230 1405 331 1432 dentia:
357 1403 441 1438 cogit.
470 1402 510 1429 Ex
526 1401 659 1429 memoria
677 1409 752 1435 vero,
772 1410 834 1430 cum
862 1402 909 1429 illa
926 1410 1017 1429 rentm

231 1449 333 1484 quibus
355 1447 447 1476 ail'ecti
469 1452 517 1475 aut
534 1447 663 1475 delectati
686 1455 794 1480 sumus,
812 1451 963 1482 conceptus
975 1455 1019 1475 re-

231 1495 321 1526 fricat,
349 1493 488 1528 similique
515 1492 620 1519 ratione
637 1492 672 1520 ad
697 1493 812 1521 vitiosas
837 1493 1019 1528 cogitationes

231 1543 332 1566 movet.

267 1585 312 1612 75.
333 1585 435 1612 lterum
452 1586 533 1614 nobis
545 1595 561 1614 a
577 1587 634 1615 Deo
658 1585 686 1612 in
703 1592 782 1612 usum
805 1591 997 1612 concessarum
1009 1604 1017 1617 ,

232 1629 292 1657 alia:
307 1630 335 1656 in
352 1631 443 1657 animo
455 1636 529 1663 sunt,
542 1631 603 1658 alia:
617 1631 644 1658 in
661 1637 787 1664 corpore,
806 1629 867 1657 alia:
876 1629 950 1656 circa
961 1636 1020 1656 cor-

233 1683 294 1710 pus.
314 1675 382 1702 Puta
406 1676 433 1702 in
465 1677 579 1708 animo,
608 1676 670 1712 ejus
699 1675 788 1708 vires;
821 1675 849 1702 in
881 1681 1018 1709 corpore,

231 1721 313 1757 422
329 1729 459 1749 sensuum
478 1731 578 1758 organa
595 1730 628 1750 ac
657 1721 781 1749 membra
798 1721 905 1758 reliqua
920 1729 926 1747 :
944 1720 1018 1748 circa

233 1774 344 1802 corpus,
362 1768 426 1796 cibi.
445 1768 642 1802 possessiones,
664 1775 742 1802 opes,
755 1773 788 1794 ac
809 1765 837 1794 id
853 1773 941 1801 genus
954 1765 1019 1792 alia.

233 1812 310 1845 Quod
323 1813 366 1840 his
380 1813 463 1849 igitur
475 1813 545 1841 bene
555 1818 602 1841 aut
615 1813 685 1840 male
703 1817 824 1844 utamur,
841 1818 891 1839 seu
909 1810 943 1838 iis
959 1818 1021 1846 quae

233 1858 306 1885 circa
323 1859 378 1886 lucc
394 1859 533 1892 accidunt,
545 1859 610 1886 boni
625 1863 673 1886 aut
686 1858 749 1886 mali
766 1857 912 1885 cﬂicimur.

269 1997 312 2024 7G.
333 1997 524 2026 Accidentium
555 1999 583 2025 in
602 1998 694 2030 rebus,
719 1997 772 2025 alia
796 1997 823 2024 in
842 1997 935 2024 animo
945 2001 1019 2030 sunt,

233 2043 287 2069 alia
315 2043 343 2070 in
361 2051 494 2078 corpore;
511 2044 562 2070 alia
581 2043 615 2070 iis
637 2043 664 2070 in
682 2043 777 2075 rebus,
794 2050 855 2077 qua:
871 2047 936 2070 sunt
949 2043 1021 2070 circa

235 2095 344 2123 corpus.
372 2088 411 2116 Ac
433 2089 544 2123 quidem
565 2088 591 2116 in
621 2089 723 2121 animo,
752 2088 839 2115 veluti
864 2087 980 2116 scicntia
994 2092 1023 2115 et

236 2134 400 2168 ignorantia,
419 2133 522 2161 oblivio
536 2138 564 2161 et
581 2133 724 2165 memoria,
742 2132 854 2160 dilectio
871 2136 899 2160 et
915 2132 1020 2164 odium,

240 2179 323 2205 timor
331 2179 357 2206 e't
368 2178 497 2211 audacia,
514 2178 624 2206 tristitia
635 2182 662 2205 et
675 2177 816 2213 gaudium,
829 2181 911 2212 atque
926 2177 969 2205 his
986 2178 1022 2206 si-

1066 942 1120 968 τῶν
1137 941 1309 977 πραγμάτων
1321 940 1473 968 ἀκολουθεῖ.

1101 986 1146 1014 05'.
1159 987 1208 1014 Διὰ
1223 986 1278 1013 τῶν
1292 985 1376 1022 τριῶν
1389 986 1493 1012 τούτων
1503 986 1638 1021 λαμϐάνει
1649 986 1663 1012 ὁ
1677 985 1739 1017 νοῦς
1755 986 1790 1012 τὰ
1806 987 1856 1021 Ey-

1067 1033 1139 1068 παθῆ
1154 1034 1277 1068 νοήματα
1286 1041 1292 1047 “
1304 1033 1348 1059 διὰ
1359 1033 1409 1068 τῆς
1421 1032 1584 1068 αἰσθήσεως,
1598 1032 1643 1058 διὰ
1657 1033 1706 1067 τῆς
1716 1033 1856 1067 κράτων,

1067 1077 1113 1105 διὰ
1127 1077 1177 1112 τῆς
1196 1078 1316 1112 μνήμης,
1335 1078 1388 1104 Καὶ
1406 1077 1450 1103 διὰ
1465 1077 1516 1112 μὲν
1531 1077 1580 1112 τῆς
1602 1076 1773 1111 αἰσθήσεως,
1790 1077 1858 1103 inv

1068 1120 1272 1155 προσϐάλλοντα
1286 1119 1354 1154 αὐτῇ
1371 1119 1405 1145 τὰ
1419 1118 1570 1154 πράγματα
1582 1118 1650 1153 πρὸς
1664 1118 1736 1154 ἅπερ
1750 1118 1786 1145 τὰ
1806 1119 1857 1145 πά-

1068 1166 1102 1201 θη
1127 1165 1303 1201 κεκτήμεθα,
1325 1166 1388 1200 κινῇ
1415 1164 1497 1191 αὐτὸν
1522 1164 1590 1200 πρὸς
1625 1165 1760 1200 ἐμπαθεῖς
1780 1165 1855 1199 λογι-

1068 1212 1163 1247 σμούς.
1177 1211 1260 1239 mat
1273 1212 1323 1247 τῆς
1338 1212 1473 1247 κράσεως,
1490 1211 1555 1238 ὅταν
1571 1210 1601 1243 ἐξ
1615 1211 1766 1238 ἀκολάστου
1786 1211 1857 1237 διαί-

1068 1267 1127 1293 της,
1143 1258 1160 1293 ἢ
1172 1256 1314 1293 ἐνεργείας
1336 1257 1512 1292 δαιμόνων,ῆ
1542 1257 1694 1292 νοσήματος
1719 1265 1792 1288 τινος
1809 1257 1858 1284 ἀλ-

1067 1303 1241 1339 λοιουμένηή
1257 1302 1305 1330 τοῦ
1327 1303 1455 1338 σώματος
1470 1303 1579 1338 κρᾶσις,
1595 1303 1656 1338 κινῇ
1673 1303 1754 1329 αὑτὸν
1774 1302 1858 1329 πάλιν

1069 1350 1136 1385 πρὸς
1149 1349 1282 1385 ἐμπαθεῖς
1293 1349 1451 1385 λογισμοὺς,
1464 1349 1563 1385 ἢκατὰ
1581 1349 1631 1384 τῆς
1649 1349 1790 1384 Προνοίας.
1807 1349 1859 1376 Διὰ

1068 1396 1097 1423 δὲ
1112 1396 1162 1431 τῆς
1180 1396 1300 1431 μνήμης,
1311 1396 1374 1422 ὅταν
1400 1395 1455 1422 τῶν
1484 1395 1656 1430 πραγμάτων
1683 1395 1752 1431 πρὸς
1785 1395 1858 1430 ᾶπερ

1069 1442 1246 1477 πεπόνθαμεν
1260 1441 1294 1469 τά
1310 1442 1434 1478 νοήματα
1453 1442 1469 1477 ή
1491 1442 1586 1477 μνήμη
1599 1441 1734 1478 ἀναφέρῃ,
1751 1442 1799 1469 καὶ
1815 1450 1858 1468 xv:

1069 1489 1102 1524 νῇ
1117 1488 1199 1516 αὐτὸν
1213 1488 1313 1524 ὁμοίως
1331 1488 1399 1524 πρὸς
1413 1487 1546 1524 ἐμπαθεῖς
1559 1487 1715 1523 λογισμούς.

1105 1579 1151 1607 σε’.
1168 1579 1228 1607 Τῶν
1251 1581 1290 1612 είς
1323 1581 1420 1616 χρῆσιν
1442 1579 1519 1615 παρὰ
1546 1578 1614 1606 Θεοῦ
1641 1579 1772 1606 δοθέντων
1792 1580 1860 1615 ἡμῖν

1069 1627 1241 1662 πραγμάτων
1258 1647 1265 1659 ,
1283 1626 1317 1653 τὰ
1342 1626 1402 1662 μὲν,
1421 1626 1450 1652 ὲν
1469 1627 1502 1662 τῇ
1529 1625 1602 1662 ψυχῇ
1616 1646 1623 1658 ,
1644 1626 1678 1652 τὰ
1705 1626 1743 1658 δὲ,
1763 1626 1795 1652 ὲν
1819 1626 1861 1662 τῷ

1071 1671 1202 1706 σώματι,
1229 1671 1264 1698 τὰ
1289 1671 1328 1703 δὲ,
1355 1671 1420 1706 περὶ
1440 1671 1472 1697 τὸ
1493 1670 1572 1706 σῶμα
1599 1671 1766 1706 εὑρίσκεται,
1791 1669 1860 1701 οἷον,

1070 1717 1099 1744 ὲν
1125 1717 1176 1752 μὲν
1202 1719 1234 1753 τῇ
1260 1717 1344 1753 ψυχῇ,
1363 1717 1391 1744 αι
1418 1716 1549 1752 δυνάμεις
1578 1718 1664 1752 αὐτῆς
1683 1726 1690 1733 ·
1706 1719 1735 1744 ὲν
1763 1718 1792 1744 δὲ
1820 1717 1861 1753 τῷ

1071 1764 1187 1797 σώματι,
1207 1763 1242 1790 τὰ
1261 1763 1427 1799 αἰσθητήρια
1445 1764 1492 1790 καὶ
1506 1763 1540 1790 τὰ
1558 1762 1640 1791 λοιπὰ
1655 1764 1723 1798 μέλη
1736 1771 1743 1779 ·
1755 1765 1820 1799 περὶ
1830 1764 1860 1790 δὲ

1070 1809 1100 1836 τδ
1125 1809 1224 1844 σῶμα,
1242 1809 1391 1846 βρώματα,
1413 1810 1554 1845 κτήματα,
1584 1810 1631 1836 καὶ
1652 1810 1686 1836 τὰ
1714 1809 1787 1844 ἑξῆς.
1823 1810 1860 1836 Τὸ

1071 1853 1118 1884 οὖν
1143 1854 1172 1882 εὖ
1201 1856 1306 1888 τούτοις
1332 1856 1518 1892 χρήσασθαιῆ
1547 1856 1684 1892 κακῶς,ἢ
1715 1857 1770 1887 τοῖς
1794 1857 1861 1891 περὶ

1071 1901 1157 1928 ταῦτα
1185 1901 1397 1936 συμὸεὸηκόσιν,
1415 1901 1432 1936 ἢ
1448 1902 1592 1937 ἐναρέτους
1603 1902 1620 1937 ἢ
1635 1902 1754 1937 φαύλους
1784 1903 1861 1937 ἡμᾶς

1071 1947 1227 1982 ἀποφαίνει.

1109 1991 1162 2024 ος’,
1174 1993 1234 2019 Τῶν
1250 1993 1278 2018 ἐν
1289 1994 1344 2025 τοῖς
1364 1993 1510 2028 πράγμασι
1525 1992 1795 2028 συμϐεϐηκότων,τὰ
1811 1994 1862 2028 μέν

1071 2030 1125 2066 sic:
1137 2038 1190 2065 τῶν
1206 2039 1235 2065 ὲν
1253 2041 1286 2074 τῇ
1301 2039 1373 2074 ψυχῇ
1387 2058 1395 2071 ,
1410 2039 1444 2066 τὰ
1455 2039 1498 2071 δὲ,
1512 2039 1566 2066 τῶν
1581 2040 1611 2066 ὲν
1626 2039 1665 2074 τῷ
1682 2039 1788 2074 σώματι
1801 2060 1808 2071 ,
1826 2041 1862 2067 τὰ

1072 2084 1112 2117 δὲ,
1128 2085 1182 2111 τῶν
1198 2086 1263 2120 περὶ
1279 2085 1309 2111 τὸ
1323 2085 1405 2120 σῶμα
1421 2086 1601 2121 πραγμάτων.
1617 2086 1673 2112 Καὶ
1696 2087 1750 2112 τῶν
1766 2086 1817 2121 μὲν
1832 2087 1861 2112 ἐν

1072 2132 1104 2166 τῇ
1118 2131 1202 2167 ψυχῇ,
1220 2129 1286 2164 οἷον,
1309 2131 1410 2166 γνῶσις
1438 2132 1484 2158 καὶ
1510 2131 1617 2166 ἄγνοια,
1646 2132 1715 2167 λήθη
1731 2133 1778 2159 καὶ
1792 2134 1861 2168 μνή-

1074 2186 1111 2213 μη
1123 2198 1130 2209 ,
1147 2177 1241 2213 ἀγάπη
1259 2178 1304 2204 καὶ
1321 2179 1412 2213 μῖσος,
1426 2177 1507 2212 φόϐος
1526 2177 1573 2204 καὶ
1586 2177 1686 2214 θάρσος
1699 2198 1707 2210 ,
1724 2178 1797 2213 λύπη
1814 2179 1861 2205 καὶ

236 2223 319 2250 milia.
338 2223 367 2249 ln
384 2230 500 2258 corpore
523 2228 627 2254 autem,
650 2227 716 2256 puta
748 2222 874 2257 voluptas
887 2226 915 2250 et
931 2223 1017 2256 dolor,

1073 2223 1155 2260 χαρὰ,
1175 2223 1223 2250 καὶ
1249 2224 1284 2250 τὰ
1313 2224 1377 2259 ἑξῆς
1390 2232 1397 2238 ⁶
1413 2224 1467 2250 τῶν
1485 2223 1514 2250 δὲ
1540 2225 1569 2250 ὲν
1591 2224 1632 2260 τῷ
1658 2224 1776 2260 σώματι,
1790 2223 1860 2256 οἷον,

235 2276 332 2296 sensus
354 2273 382 2296 et
398 2268 511 2302 orbitas,
545 2268 673 2296 valetudo
692 2272 720 2296 et
736 2268 887 2303 agritudo,
918 2268 975 2296 vita
992 2275 1021 2297 et

235 2321 319 2347 mors,
345 2319 374 2341 et
390 2314 501 2341 similia.
518 2314 598 2342 Circa
619 2321 721 2348 corpus
738 2321 815 2346 vero,
832 2314 917 2341 veluti
944 2315 1019 2350 larga

236 2360 327 2394 proles
341 2360 456 2396 ejusque
477 2360 610 2392 carentia,
626 2359 729 2387 divitiae
743 2364 770 2387 et
789 2365 949 2395 paupertas,
966 2361 1024 2396 glo-

237 2405 277 2431 ria
301 2409 330 2432 et
357 2404 518 2440 ignominia,
551 2413 583 2432 ae
601 2404 736 2440 ejusmodi
766 2405 882 2440 reliqua.
906 2405 1022 2438 Horum,

235 2450 287 2478 alia
313 2450 394 2483 bona,
413 2450 465 2478 alia
483 2450 554 2478 mala
586 2451 729 2478 hominum
743 2451 846 2486 judicio
874 2451 1021 2484 habentur,

236 2503 298 2524 eum
325 2496 394 2523 nihil
423 2497 451 2523 in
474 2496 514 2524 eis
533 2497 634 2524 malum
664 2497 700 2525 sit
730 2497 841 2532 propria
870 2497 958 2532 ipsius
976 2505 1020 2525 ra-

222 2580 224 2582 -
270 2563 307 2599 (b)
326 2563 365 2597 Τῇ
378 2564 554 2599 ἐσφαλμένῃ
573 2564 633 2592 τῶν
646 2565 803 2600 νοημάτων
822 2565 938 2600 κρήσει.
967 2566 1020 2594 Usu

234 2607 293 2636 ciunt
310 2607 398 2636 errore
406 2600 558 2636 conjuncta.
578 2600 653 2628 Unus
666 2601 768 2634 Regius
795 2600 904 2636 habuit
919 2601 1018 2636 κρίσει.

236 2634 288 2662 Sed
302 2638 365 2661 etc.
382 2634 425 2665 8i,
439 2635 485 2662 ubi
502 2635 598 2662 eadem
623 2635 759 2662 sententia
782 2639 834 2666 est,
862 2634 1020 2669 habentque

234 2669 350 2732 perinde
362 2669 446 2709 edita,
463 2670 570 2709 χρήσει,
585 2670 753 2710 llegiieodd.
772 2674 800 2696 et
832 2670 910 2696 Dufr.
930 2671 1020 2705 κρίσει

255 2705 355 2732 abem:
373 2705 424 2731 fuit
439 2704 518 2732 facile
534 2709 697 2732 antmuarns
715 2705 832 2732 alterum
846 2705 932 2731 altero
958 2713 1016 2732 mu-

255 2705 355 2733 abent:
373 2704 424 2731 fuit
439 2704 518 2732 facile
534 2704 697 2739 antiquariis
715 2705 832 2732 alterum
846 2705 932 2731 altero
951 2704 1016 2733 'mu-

235 2746 303 2771 tare,
313 2747 374 2766 Clll'll
391 2745 619 2767 sensusneutruln
633 2739 759 2766 videatur
773 2746 912 2773 respuere,
929 2744 957 2766 Cl.
969 2748 1019 2766 νο-

234 2783 280 2802 ees
294 2775 334 2802 sic
347 2782 415 2802 sono
426 2774 522 2801 attines
539 2774 595 2801 sint
618 2774 729 2809 ipsaque
753 2774 914 2808 scriptione.
936 2774 1022 2807 Magis

235 2815 324 2836 tamen
336 2814 428 2844 putem
444 2809 587 2843 scripsisse
617 2809 725 2844 χρήσει,
755 2809 827 2843 quod
851 2813 879 2835 et
907 2809 1019 2836 retinui.

236 2845 312 2872 Unde
323 2852 382 2879 cap.
397 2844 431 2871 78
450 2852 456 2870 :
475 2844 520 2879 Μὴ
535 2844 667 2879 παραχρὼ
677 2845 734 2870 τοῖς
760 2845 892 2878 νοήμασιν
922 2845 1021 2875 ultique

1075 2270 1156 2306 ἡδονὴ
1167 2270 1215 2296 καὶ
1236 2270 1328 2302 πόνος,
1361 2270 1486 2306 ατσθησις
1496 2270 1542 2306 καὶ
1556 2271 1682 2306 πήρωσις
1694 2290 1702 2302 ,
1721 2270 1800 2304 ὑγεία
1815 2271 1861 2298 καὶ

1073 2316 1161 2349 νόσος,
1191 2315 1247 2352 ζωὴ
1269 2316 1316 2342 καὶ
1345 2316 1469 2347 θάνατος,
1485 2316 1532 2342 καὶ
1557 2316 1591 2342 τὰ
1612 2317 1734 2344 τοιαῦτα.
1750 2317 1813 2344 Τῶν
1834 2317 1864 2344 δὶ

1073 2363 1138 2398 περὶ
1150 2362 1180 2388 τὸ
1196 2361 1285 2397 σῶμα,
1305 2359 1370 2394 οἷον,
1390 2361 1516 2389 εὐτεκνία
1530 2363 1577 2388 καὶ
1600 2362 1723 2395 ἀτεχνία,
1746 2362 1864 2394 πλοῦτις

1072 2408 1120 2435 καὶ
1153 2407 1245 2439 πενία,
1272 2407 1336 2439 δόξα
1361 2409 1408 2434 καὶ
1430 2407 1542 2440 ἀδοξία,
1559 2409 1607 2436 καὶ
1628 2409 1662 2435 τὰ
1688 2408 1764 2444 ἑξῆς.
1792 2409 1863 2435 Τούο

1071 2461 1125 2479 των
1140 2452 1184 2484 δὲ,
1202 2453 1237 2479 τὰ
1263 2453 1315 2488 μὲν
1332 2452 1412 2485 καλὰ,
1424 2453 1457 2479 τὰ
1484 2453 1512 2479 δὲ
1532 2453 1606 2480 κακὰ
1624 2454 1682 2486 τοῖς
1707 2453 1864 2489 ἀνθρώποις

1071 2498 1222 2533 νομίζεται,
1239 2497 1315 2525 οὐδὲν
1337 2498 1427 2525 αὐτῶν
1458 2499 1543 2526 κακὸν
1564 2498 1594 2526 ὃν
1614 2499 1653 2534 τῷ
1687 2499 1744 2534 ἰδίῳ
1775 2500 1865 2534 λόγον

1069 2575 1241 2602 componens
1258 2574 1336 2595 usum
1355 2567 1429 2600 usui,
1443 2568 1471 2595 in
1485 2568 1568 2596 animi
1588 2568 1744 2596 rationibus
1779 2573 1807 2595 et
1836 2569 1866 2596 in

1072 2602 1174 2638 rebus;
1192 2603 1356 2638 egregieque
1368 2603 1483 2637 exponit
1496 2609 1593 2631 auctor
1608 2603 1702 2630 Schol.
1730 2611 1764 2630 ex
1784 2603 1864 2631 Dufr.

1071 2637 1133 2664 cod.
1163 2637 1190 2664 in
1227 2645 1378 2673 sacrarumr
1399 2638 1560 2673 imaginum,
1593 2638 1647 2664 τῶν
1677 2640 1866 2673 χαρακτήρων

1071 2673 1219 2708 νοήμασιν·
1237 2672 1339 2708 quibus
1356 2672 1561 2700 abutioSteridit
1575 2673 1621 2708 qui
1637 2673 1865 2708 casimpugncnt.

1072 2707 1303 2743 Repraesentanda
1317 2707 1375 2734 hmc
1391 2708 1494 2735 scholia
1507 2712 1568 2742 post
1581 2707 1712 2743 quartum
1736 2707 1868 2735 centena—

1073 2742 1156 2772 rium,
1170 2750 1231 2775 qum
1243 2742 1357 2769 alterius
1374 2743 1466 2777 politis
1483 2743 1624 2775 videntur,
1639 2750 1720 2777 quam
1745 2743 1866 2774 Maximi,

1073 2784 1105 2802 ac
1116 2777 1176 2816 ejus
1189 2777 1235 2812 qui
1248 2782 1309 2812 post
1324 2777 1554 2805 lconoclastarum
1568 2783 1661 2805 natam
1686 2777 1813 2805 hmresim
1827 2779 1868 2805 vi-

1074 2817 1155 2838 XCVII.
