1948 3077
93 140 147 172 imo

515 143 682 174 CAPITUM
702 142 750 172 DE
770 138 984 170 ClIARlTATE
1002 138 1196 168 CENTURIA
1216 137 1256 168 ΙΙ.

1634 136 1703 167 1010

92 197 154 233 παρὰ
167 196 195 223 δὲ
208 197 258 230 τὴν
272 198 380 234 χρῆσιν,
393 198 447 225 εἴτε
468 199 541 227 κακὰ
560 199 673 235 κυρίως,
690 199 745 225 εἴτε
776 196 864 231 ἁγαθᾶ

931 193 1008 226 ioue;
1028 193 1076 220 sed
1098 201 1183 228 penes
1214 200 1292 219 usum
1320 198 1384 219 vere
1401 195 1448 218 aut
1466 191 1545 223 mala,
1566 195 1614 218 aut
1631 190 1702 217 bona

92 243 244 279 εὑρίσκεται.

120 290 161 323 οξ.
177 292 254 328 Καλὴ
278 293 294 327 ή
321 293 422 327 γνῶσις
444 295 479 329 τῇ
510 293 612 328 φύσει·
641 293 743 328 ὁμοίως
769 292 796 318 δὲ
819 293 866 318 καὶ

92 337 159 372 ὑγεία
171 347 176 353 ·
190 338 258 365 ἀλλὰ
275 340 406 367 τάναντία
416 341 480 372 τοὺς
490 340 603 372 πολλοὺς
615 341 686 376 ἤπερ
697 340 783 366 ταῦτα
794 338 867 373 ὢνη-

93 391 138 409 σςν.
157 383 219 415 Τοῖς
246 385 298 420 γὰρ
318 385 429 420 φαύλοις
463 387 513 413 οὐκ
544 387 585 418 εἰς
619 386 701 413 καλὸν
721 386 737 420 ὴ
761 385 867 418 ’γνῶσις

93 429 234 464 συμϐαίνει,
249 431 274 457 εί
291 431 338 458 καὶ
350 433 383 467 τῇ
402 432 492 466 φύσει,
507 432 544 464 ὡς
557 432 683 468 εἴρηται,
700 432 759 458 ἐστὶ
776 431 845 466 καλή
858 439 864 446 ⁸

93 475 178 508 ομοίως
187 475 214 502 δὲ
223 476 283 503 οὐδὲ
293 477 380 511 ὑγεία,
393 478 452 505 οὐδὲ
464 478 589 510 πλοῦτος,
601 478 661 505 οὐδὲ
669 478 749 513 χαρά.
763 477 800 504 Οὐ
813 477 866 512 γὰρ

94 528 168 554 mites
175 521 274 556 ρόντως
284 522 389 554 τούτοις
405 523 563 558 κέχρηνται.
578 524 651 559 "Ap:
670 521 716 550 οὖν
733 523 864 550 τάναντία

94 566 185 597 what;
200 568 345 602 συμφέρει,
364 568 468 595 Οὐκοῦν
485 569 546 596 οὐδὲ
562 570 655 596 ἐκεῖνα
673 569 747 596 κακὰ
758 569 796 604 τῷ
810 569 867 604 ἰδίῳ

93 611 152 646 ὶσεγῳ
166 613 306 647 τυγχάνει,
322 615 347 640 ει
361 614 408 641 καὶ
421 615 495 642 δοκεί
508 615 581 642 κακὰ
596 613 677 642 εἶναι.

122 697 166 733 οη’.
180 699 225 734 Μὴ
239 700 376 736 παραχρῶ
394 701 451 732 τοῖς
467 701 600 736 νοήμασιν
614 699 681 736 (19),
701 701 745 727 ἵνα
771 700 808 736 μὴ
838 700 868 732 ἐξ

94 744 205 780 ἀνάγκης
233 745 352 777 καὶτοῖς
375 746 519 781 πράγμασι
545 747 721 782 παραχρήσῃ.
737 747 799 774 Ἐὰν
814 747 867 782 γὰρ

95 790 126 824 μή
140 799 176 822 τις
211 790 319 826 πρῶτον
349 791 420 818 κατὰ
448 791 567 819 διάνοιαν
595 792 810 827 ἀμαρτάνῃ,οὺκ
834 791 867 818 ἂν

94 835 192 870 ἁμάρτῃ
209 836 275 862 ποτὲ
291 837 350 862 κατ’
364 836 516 872 ἐνέργειαν.

121 881 265 909 οθ¹.Είκὼν
289 882 336 909 τοῦ
357 883 450 918 χοϊκοῦ
482 884 510 910 at
533 883 639 917 γενικαὶ
659 883 753 911 κακίαι
781 883 868 919 ὑπάρ-

92 938 173 963 χουσιν
188 938 196 945 ο
219 928 286 963 οἷον,
311 931 461 966 ἀφροσύνη,
478 930 574 963 δειλία,
603 930 746 963 ἀκολασία,
765 930 867 958 ἀδικία.

95 975 175 1003 El):th
189 976 218 1003 δὲ
229 977 276 1003 τοῦ
289 977 461 1012 ἐπουρανίου,
482 977 509 1004 αἱ
530 977 639 1011 γενικαὶ
659 977 754 1012 ἀρεταὶ
768 996 775 1009 ,
792 974 848 1002 οἷον
859 996 867 1010 ,

93 1022 225 1056 §p6Vﬁ6tQ
258 1023 379 1059 ἀνδρεία,
395 1024 569 1060 σωφροσύνη,
585 1023 755 1058 δικαιοσύνη.
775 1022 868 1050 Ἀλλὰ

92 1068 178 1101 καθὼς
188 1069 375 1104 ἐφορέσιιμεν
384 1069 442 1104 τὴν
453 1070 554 1097 εἰκόνα
568 1069 622 1097 τοῦ
639 1069 743 1104 χοϊκοῦ
757 1089 764 1102 ,
781 1068 867 1104 φορέ-

92 1121 182 1147 σωμεν
193 1114 243 1141 καὶ
264 1114 322 1149 τὴν
334 1116 438 1142 εὶκόνα
453 1115 506 1142 τοῦ
522 1115 716 1149 ἐπουρανίου.

121 1159 154 1186 π’.
174 1161 205 1187 Ei
220 1160 307 1193 θέλεις
322 1162 413 1196 εὑρεῖν
430 1162 480 1197 τὴν
495 1161 554 1188 ὁδὸν
578 1161 626 1197 τὴν
650 1161 809 1195 ἁπάγουσαν
827 1161 871 1192 είς

91 1207 132 1241 τὴν
147 1206 228 1242 ζωὴν,
244 1208 274 1233 ὲν
291 1209 324 1243 τῇ
336 1206 387 1242 ὀδῷ
397 1207 482 1242 αὐτὴν
506 1207 592 1242 ζήτει,
609 1208 690 1235 κάκεῖ
706 1208 792 1243 αὐτὴν
818 1208 866 1234 εὐ-

92 1254 196 1287 ρίσκεις,
212 1256 247 1290 τῇ
260 1254 373 1289 είπούσῃ
388 1262 396 1270 '
419 1253 489 1289 Ἐγώ
501 1255 558 1290 ειμι
571 1255 590 1288 ἠ
611 1254 692 1287 ὁδὸς,
708 1254 756 1281 καί
772 1255 790 1289 ὴ
801 1253 859 1287 {id};

90 1298 161 1332 καὶὴ
178 1299 314 1332 ἀλήθεια.
330 1299 403 1335 Πλὴν
423 1299 527 1335 σφόδρα
552 1300 680 1335 ὲμπὸνως
701 1299 788 1335 ζήτει,
800 1299 867 1326 διότι

91 1344 177 1379 ὀλίγοι
196 1346 279 1372 εἰσὶν
302 1347 328 1372 οι
353 1345 548 1380 εὑρίσκοντες
566 1345 663 1380 αὐτήν
675 1354 681 1362 ι
698 1345 745 1373 καὶ
772 1346 868 1381 μήπως

90 1388 138 1415 τῶν
166 1390 265 1424 ὀλίγων
293 1390 478 1425 ἀπολειφθεὶς,
507 1391 576 1426 μετὰ
606 1391 660 1418 τῶν
695 1391 802 1418 πολλῶν
825 1392 869 1418 εὑ-

94 1434 200 1471 ρεθήσῃ.

120 1484 171 1507 παι.
181 1480 232 1508 Διὰ
245 1482 279 1508 τὰ
286 1482 364 1509 πέντε
375 1482 461 1509 ταῦτα
476 1484 491 1518 ἡ
504 1482 576 1518 ψυχὴ
586 1483 639 1510 ἀπὸ
652 1483 793 1519 ἁμαρτιῶν
804 1484 868 1510 ἀνα-

92 1534 213 1554 martem
232 1535 239 1542 ⁸

91 1572 163 1604 (εὗδον
176 1573 225 1608 τῆς
241 1574 367 1609 κρίσεως,
385 1573 401 1609 ἢ
417 1574 461 1600 διὰ
471 1574 518 1610 τὴν
537 1574 687 1609 μέλλουσαν
703 1574 866 1609 μισθαποδο-

92 1617 153 1651 σίαν,
166 1618 182 1654 ἢ
199 1619 245 1646 διὰ
255 1619 304 1654 τὴν
319 1619 429 1655 ἀγάπην
440 1619 488 1646 τοῦ
504 1620 584 1652 Θεοῦ,
611 1620 628 1656 ἢ
650 1620 804 1648 τελευταῖον
823 1620 867 1648 διὰ

91 1663 236 1698 συνείδησιν
248 1665 412 1691 τέτιπουσαν.

120 1708 170 1744 πβῖ
188 1711 271 1742 Τινές
289 1720 380 1745 φασιν,
396 1712 438 1738 ὅτι
456 1712 505 1738 οὐκ
521 1711 554 1739 ἃν
566 1709 600 1746 ἦν
611 1711 642 1738 τὸ
657 1712 742 1739 κακὸν
762 1713 791 1739 ἐν
812 1714 868 1744 τοῖς

89 1750 166 1786 οἷσιν,
181 1756 204 1781 εί
225 1757 291 1790 μήτι
303 1756 325 1782 δ’
340 1756 372 1783 ἂν
387 1757 469 1792 ἑτέρα
483 1765 526 1788 τις
539 1754 573 1792 ἦν
589 1756 715 1792 δύναμις,
731 1758 748 1793 ὴ
773 1758 869 1785 ἀνθέλ-

90 1808 166 1827 κοντα
180 1801 256 1836 ἡμᾶς
272 1802 315 1827 ἐπ’
330 1802 405 1829 αὐτό.
421 1802 498 1836 Αὕτη
522 1802 551 1830 δέ
569 1803 644 1830 ἐστιν
664 1803 740 1830 οὐδὲν
765 1803 869 1839 ἕτερον,

89 1843 104 1878 ἡ
122 1845 136 1880 ἡ
152 1846 206 1874 τῶν
235 1846 306 1874 κατὰ
334 1848 415 1882 φύσιν
444 1849 492 1876 τοῦ
514 1848 560 1876 νοῦ
577 1849 725 1885 ἐνεργειῶν
742 1849 869 1885 ἀμέλεια.

89 1891 183 1927 Διόπερ
195 1893 220 1918 οἱ
233 1892 337 1920 τούτων
352 1894 402 1929 τὴν
412 1894 573 1930 ἐπιμέλειαν
586 1895 753 1930 ποιούμενοι,
773 1896 808 1923 τὰ
822 1896 873 1932 μὲν

91 1936 166 1969 καλὰ,
200 1938 247 1964 ἀεὶ
273 1939 380 1968 ποιοῦσι
395 1948 402 1955 ·
420 1940 455 1967 τὰ
466 1940 495 1967 δὲ
513 1941 585 1968 κακὰ
602 1941 734 1977 [Ἐν-,Ὅρα
760 1942 787 1969 τί
813 1944 872 1970 ἐστι

89 1982 187 2019 luta],
205 1983 345 2012 οὐδέποτε.
370 1985 404 2012 Εἰ
419 1983 465 2013 οὖν
481 1986 568 2018 θέλεις
583 1987 630 2014 καὶ
644 1987 686 2019 σὺ,
701 1988 812 2016 ἄπωσαι
824 1989 873 2025 τὴν

88 2027 225 2063 ἀμέλειαν,
242 2031 290 2058 καὶ
304 2031 513 2064 συναπελαύνεις
526 2033 576 2069 τὴν
590 2033 689 2060 κακίαν
701 2042 707 2048 ·
724 2034 784 2069 ἥτις
800 2036 873 2062 ἐστιν

87 2075 102 2108 ἡ
116 2075 274 2112 ἑσφαλμένη
292 2078 389 2113 χρῆσις
405 2078 458 2105 τῶν
474 2079 616 2113 νοημάτων
627 2099 634 2111 ,
694 2080 874 2108 ἐπακολουθεῖ

87 2120 100 2154 ὴ
116 2121 293 2158 παράχρησις
304 2122 358 2149 τῶν
372 2124 554 2159 πραγμάτων.

117 2165 170 2200 «cf.
186 2168 267 2194 Κατὰ
282 2167 362 2202 φύσιν
378 2169 436 2195 ἐστὶ
449 2169 494 2196 τοῦ
510 2171 538 2197 ἐν
552 2171 619 2205 ἡμῖν
635 2171 744 2206 λογικοῦ
762 2172 872 2207 μέρους,

86 2211 113 2238 τό
127 2221 156 2239 τε
169 2213 346 2248 ὑποταγῆναι
374 2214 413 2250 τῷ
437 2215 501 2251 θείῳ
530 2216 601 2252 λόγῳ
616 2237 624 2250 ,
654 2217 700 2244 καὶ
724 2217 753 2244 τὸ
780 2217 874 2253 ἄρχειν

63 2276 67 2280 .
87 2257 129 2284 τοῦ
144 2259 174 2284 ὲν
187 2260 259 2295 ἡμῖν
290 2259 387 2294 ἀλόγου
417 2260 528 2297 μέρους.
545 2262 620 2298 Αὕτη
649 2261 696 2289 οὖν
712 2263 728 2298 ἡ
754 2263 831 2296 τάξις
846 2264 874 2290 ὲν

88 2303 149 2329 πᾶσι
179 2304 371 2339 φυλαχθήτω,
401 2306 450 2332 καὶ
485 2305 549 2333 οὔτε
564 2307 595 2333 τὸ
629 2308 715 2335 κακὸν
741 2308 816 2335 ἔσται
847 2309 875 2335 ὲν

87 2349 139 2380 τοῖς
167 2348 258 2382 οὖσιν,
292 2350 355 2377 οὔτε
383 2351 413 2377 τὸ
437 2351 482 2378 ἐπ’
509 2352 575 2379 αὐτὸ
605 2353 734 2381 ἀνθέλκον
758 2353 874 2390 εὑρεθή-

89 2401 170 2421 σεται.

118 2438 169 2466 τπδ’.
187 2440 221 2466 Ol
249 2440 304 2475 μὲν
328 2441 383 2468 τῶν
413 2441 562 2478 λογισμῶν,
589 2443 672 2470 ἁπλοῖ
692 2445 772 2477 εἰσιν,
797 2446 822 2471 ol
849 2446 878 2472 δὲ

88 2485 217 2514 σύνθετοι.
237 2487 296 2514 Καὶ
307 2487 388 2514 ἁπλοί
401 2487 450 2522 μέν
461 2489 539 2520 εἰσιν,
556 2489 581 2515 oi
597 2488 714 2521 ἀπαθεῖς
730 2498 738 2506 ο
755 2490 878 2518 σύνθετοι

86 2529 121 2564 δὲ,
138 2531 162 2557 οί
176 2531 330 2566 ἐμπαθεῖς,
346 2532 384 2564 ὼς
400 2533 432 2559 ἐκ
444 2533 547 2565 πάθους
562 2534 609 2560 καὶ
622 2535 757 2569 νοήματος
770 2536 880 2570 συγκεί-

88 2584 169 2608 μενοι.
187 2577 306 2604 Τούτων
323 2576 410 2609 οὓτως
431 2578 559 2613 ἐχόντων,
579 2578 694 2611 πολλοὺς
716 2580 771 2607 τῶν
784 2582 879 2609 ἁπλῶν

87 2622 155 2649 ἔστιν
184 2624 252 2651 ἰδεῖν
271 2624 421 2658 ἑπομένους
436 2625 491 2656 τοῖς
503 2624 651 2658 συνθέτοις,
664 2626 727 2653 ὅταν
742 2625 878 2661 ἄρξωνται

88 2671 219 2698 κινεῖσθαι
236 2671 309 2706 πρὸς
332 2671 363 2698 τὸ
382 2671 454 2698 κατὰ
472 2671 593 2699 διάνοιαν
607 2673 785 2709 ἁμαρτάνειν.
803 2672 876 2708 Οἴον,

88 2714 122 2746 εἰς
150 2717 198 2743 ἐπὶ
226 2716 279 2743 τοῦ
296 2716 407 2752 χρυσίου
428 2724 435 2732 ·
456 2717 538 2752 άνέση
554 2718 600 2744 ἐπὶ
614 2718 664 2753 τὴν
682 2719 792 2754 μνήμην
806 2720 879 2751 τινος

88 2759 214 2797 λέγισμδς
245 2761 313 2796 περὶ
338 2762 449 2797 χρυσίου
477 2762 624 2798 ἑμπαθής·
640 2764 686 2790 καὶ
715 2763 829 2800 ὥρμησε
844 2759 889 2800 τῇ’

883 865 905 894 Β

918 239 1135 273 contperiantur.

953 284 997 311 77.
1019 284 1093 311 Bona
1123 288 1165 313 est
1189 288 1286 310 natura
1316 282 1451 315 scientia;
1483 282 1612 309 similiter
1638 289 1705 309 vero

917 329 1001 357 etiam
1029 331 1133 357 sanitas
1153 339 1160 356 :
1179 330 1273 357 multis
1304 334 1395 357 tamen
1421 329 1508 364 magis
1541 328 1706 364 profuerunt
1730 335 1733 347 τ

918 375 1018 403 horum
1038 375 1188 403 contraria.
1214 375 1292 403 Malis
1307 375 1381 402 enim
1399 382 1431 402 ac
1446 374 1591 411 improbis,
1605 381 1661 401 non
1677 374 1705 400 in

918 422 1022 449 bonum
1036 421 1110 449 cedit
1127 422 1257 454 scicntia;
1274 421 1384 449 tametsi
1400 421 1457 453 illa,
1481 424 1511 447 ut
1523 419 1626 447 dictum
1651 422 1704 450 est.

918 472 1016 495 natura
1033 468 1069 495 sit
1085 468 1172 501 bona;
1189 468 1302 503 parique
1321 468 1427 495 ratione
1439 473 1492 494 nec
1504 466 1644 502 valetudo,
1655 473 1707 493 nec

919 513 1032 545 divitiae.
1046 521 1138 549 neque
1161 513 1299 549 gaudium.
1318 513 1378 540 Non
1404 512 1478 541 enim
1504 512 1550 540 bis
1580 516 1706 543 utuntur,

920 563 951 586 ut
967 559 1022 587 illis
1037 564 1080 587 est
1096 560 1174 588 utile.
1198 559 1283 594 Igitur
1299 558 1460 587 conducunt
1478 558 1577 586 horum
1595 561 1706 585 contra—

920 605 970 632 ria.
989 605 1062 640 Ergo
1074 613 1125 632 nec
1142 605 1188 632 illa
1205 605 1275 632 mala
1292 609 1356 632 sunt
1387 604 1499 640 propria
1522 605 1645 639 ipsorum
1664 611 1708 630 ra-

921 652 1006 684 tione,
1021 651 1072 679 etsi
1088 651 1217 679 videntur
1233 659 1293 679 esse
1310 651 1390 678 mala.

957 697 999 723 78.
1019 696 1090 724 Cave
1110 697 1232 724 abutaris
1257 696 1473 732 cogitationibus
1489 695 1630 730 animique
1645 702 1708 722 sen-

919 743 960 770 sis
974 763 980 774 .
1012 751 1048 770 ue
1078 747 1106 772 et
1121 743 1203 770 rebus
1232 743 1387 771 necessario
1404 742 1537 770 abutaris.
1558 741 1615 769 Nisi
1633 741 1707 768 enim

919 789 982 824 quis
995 789 1072 824 prius
1089 794 1181 817 mente
1197 794 1301 824 peccet.
1319 797 1460 824 nunquam
1474 789 1534 824 ipso
1549 793 1612 816 actu
1625 792 1707 822 atque

919 841 1002 868 opere
1019 835 1182 869 peccaverit.

954 877 998 907 79.
1020 879 1133 908 Terreui
1153 882 1242 916 imago
1268 886 1333 909 sunt
1350 882 1489 917 generalia
1512 881 1595 909 vitia:
1614 881 1706 908 stulti-

920 925 968 957 tia,
983 925 1100 960 ignavia,
1132 926 1353 962 intemperantia,
1375 927 1519 962 iniustitia.
1546 927 1639 962 imago
1655 935 1703 954 au-

920 975 973 998 tem
995 972 1124 1004 cmlestis,
1153 973 1311 1007 prudentia,
1340 972 1485 1006 fortitudo,
1511 973 1706 1008 temperantia,

918 1017 1024 1052 justitia
1046 1026 1052 1044 :
1074 1018 1170 1045 Verum
1182 1020 1250 1046 ιὶειιι
1266 1020 1428 1054 portavimus
1442 1019 1585 1055 imaginem
1598 1020 1706 1052 terreni,

920 1068 1052 1097 portemus
1067 1069 1092 1090 et
1106 1065 1247 1100 imaginem
1266 1065 1374 1093 celestis
1385 1066 1456 1093 “"9.

951 1163 995 1190 80.
1016 1163 1044 1190 Si
1069 1164 1111 1191 vis
1129 1164 1254 1192 invenire
1280 1164 1364 1196 viam,
1390 1171 1452 1199 quae
1468 1164 1544 1191 ducit
1561 1163 1594 1191 ad
1612 1163 1706 1196 vitam,

919 1216 980 1236 eam
993 1209 1020 1236 in
1038 1209 1082 1236 via
1099 1217 1201 1244 quaere,
1221 1209 1315 1244 ibique
1332 1216 1392 1236 eam
1408 1209 1548 1242 invenies;
1562 1216 1661 1243 nempe
1679 1208 1708 1236 in

919 1254 973 1286 via,
990 1263 1051 1289 qum
1075 1255 1123 1288 ait,
1143 1254 1199 1289 Ego
1223 1263 1282 1282 sum
1308 1255 1362 1287 uia,
1386 1258 1410 1281 et
1427 1255 1481 1281 vita
1508 1258 1533 1280 et
1559 1255 1656 1281 veritas
1673 1254 1707 1280 “.

919 1299 1016 1332 Quaere
1045 1307 1112 1327 vero
1126 1303 1249 1332 strenue,
1275 1299 1469 1333 indefessoquc
1489 1299 1584 1326 labore
1599 1302 1629 1326 et
1651 1298 1708 1326 acri

920 1345 1064 1378 industria,
1093 1353 1128 1373 eo
1155 1345 1228 1380 quod
1248 1345 1325 1380 pauci
1352 1349 1423 1377 sunt,
1450 1345 1495 1380 qui
1523 1344 1708 1372 inveniuntil-

921 1390 976 1417 iam
992 1391 1029 1423 °‘;
1049 1398 1084 1418 ne
1107 1390 1178 1418 forte
1204 1397 1356 1425 paucorum
1375 1390 1485 1417 illorum
1502 1389 1631 1417 exclusus
1651 1396 1707 1416 nu-

921 1444 1007 1468 mero,
1023 1445 1086 1464 cum
1103 1437 1198 1464 multis
1213 1436 1373 1464 inveniaris.

958 1482 1001 1510 8|.
1022 1482 1150 1518 Quinque
1168 1483 1222 1510 ista
1235 1486 1311 1515 sunt,
1326 1483 1362 1511 ob
1378 1490 1439 1517 qua:
1453 1482 1562 1510 animus
1579 1489 1594 1509 a
1610 1488 1708 1516 pecca<

257 1528 274 1563 ἦ
289 1528 334 1554 διὰ
349 1528 394 1555 τὸν
405 1528 486 1562 φόϐον
501 1527 553 1555 τῶν
564 1528 724 1564 ἀνθρώπων,
741 1529 757 1564 ἢ
768 1528 813 1555 διὰ
824 1529 868 1555 τὸν

928 1528 958 1555 .is
976 1528 1162 1562 absterretur;
1180 1533 1227 1557 aut
1258 1536 1359 1563 nempe
1390 1528 1511 1556 humano
1539 1527 1647 1560 timore,
1662 1530 1710 1554 aut

915 1573 1012 1612 judicii
1035 1578 1127 1606 metu,
1154 1579 1202 1602 aut
1215 1582 1263 1610 spe
1287 1574 1388 1602 futura:
1413 1573 1560 1605 mercedis,
1583 1577 1632 1600 aut
1659 1573 1708 1600 Dei

918 1620 1064 1654 charitate,
1075 1625 1123 1648 aut
1137 1624 1276 1655 postremo
1291 1620 1379 1655 ipsius
1394 1620 1571 1648 conscientia:
1583 1619 1708 1647 verbere.

953 1712 1035 1749 523
1053 1713 1098 1741 82.
1118 1713 1189 1741 Sunt
1201 1714 1249 1749 qui
1274 1715 1378 1746 dicant,
1398 1722 1454 1742 non
1479 1713 1539 1741 fore
1563 1714 1664 1741 malum
1681 1713 1709 1740 in

920 1757 1014 1791 rebus,
1030 1758 1084 1786 nisi
1096 1763 1170 1786 esset
1190 1759 1242 1786 alia
1258 1759 1382 1794 quwdam
1406 1760 1449 1787 vis
1469 1759 1610 1787 contrario
1630 1759 1708 1794 quasi

922 1803 1041 1839 impulsu
1057 1804 1086 1832 in
1102 1804 1170 1832 illud
1187 1804 1382 1833 trabenleaac
1398 1812 1465 1833 vero
1482 1805 1551 1832 nihil
1566 1804 1640 1831 aliud
1653 1810 1707 1835 est.

922 1857 1005 1884 quam
1029 1850 1196 1878 naturalium
1221 1850 1307 1878 animi
1328 1851 1430 1878 virium
1458 1850 1709 1885 operationumque

922 1894 1083 1930 neglectus;
1105 1903 1191 1930 quare
1211 1896 1259 1931 qui
1276 1896 1373 1924 harum
1391 1903 1485 1924 curam
1503 1900 1611 1931 gerunt,
1638 1896 1709 1923 bona

923 1948 1032 1976 semper
1046 1946 1141 1976 agunt,
1153 1941 1225 1970 mala
1240 1950 1317 1975 vero,
1329 1950 1479 1977 nunquam.
1495 1942 1580 1977 Igitur
1595 1946 1624 1969 tu
1639 1949 1709 1976 quo—

922 1995 977 2023 que
1002 1988 1026 2015 si
1049 1989 1101 2020 vis,
1123 1989 1195 2023 pelle
1219 1988 1423 2023 negligentiam,
1441 1995 1551 2022 unaque
1566 1987 1662 2015 vitium
1679 1995 1710 2014 ac

923 2033 1056 2060 malitiam
1081 2034 1229 2069 expulisti;
1247 2033 1370 2061 fallacem
1391 2033 1497 2061 scilicet
1514 2031 1598 2059 animi
1625 2032 1710 2058 ratio-

924 2087 990 2106 num
1006 2087 1097 2111 usum,
1120 2079 1165 2106 cui
1186 2079 1279 2107 statim
1301 2086 1393 2106 comes
1411 2082 1453 2105 est
1469 2078 1527 2113 ipse
1549 2077 1652 2105 abusus
1668 2084 1710 2104 re-

926 2132 985 2151 rum
991 2143 998 2152 ο

961 2170 1004 2197 85.
1028 2170 1049 2197 Ε
1064 2174 1161 2197 natura
1189 2175 1240 2203 est,
1258 2171 1318 2205 ejus
1343 2169 1370 2196 in
1385 2169 1465 2197 nobis
1477 2169 1573 2204 partis,
1590 2176 1651 2203 quae
1668 2176 1711 2195 ra-

892 2210 912 2237 D
927 2216 1002 2243 tione
1016 2216 1114 2248 utitur,
1129 2220 1169 2249 ut,
1185 2221 1213 2243 et
1225 2216 1326 2243 divinae
1350 2215 1484 2243 subdatur
1498 2215 1609 2247 rationi,
1633 2219 1660 2242 et
1674 2213 1713 2242 illi

924 2262 996 2297 parti
1012 2262 1139 2297 imperet,
1152 2269 1213 2296 qua;
1225 2261 1252 2288 in
1269 2260 1350 2289 nobis
1361 2260 1477 2288 rationis
1490 2267 1588 2294 expers
1598 2264 1651 2287 est.
1664 2259 1713 2286 [lic

925 2308 1009 2343 igitur
1026 2309 1094 2335 ordo
1122 2308 1148 2335 in
1163 2307 1292 2335 omnibus
1311 2311 1413 2338 teneat,
1433 2313 1465 2333 ac
1490 2313 1580 2340 neque
1609 2306 1715 2332 malum

925 2353 979 2381 erit
993 2353 1021 2380 in
1045 2354 1138 2385 rebus,
1166 2360 1218 2380 nec
1235 2354 1365 2380 occurret
1389 2350 1493 2386 aliquid
1507 2350 1581 2384 quod
1595 2350 1628 2377 ad
1644 2350 1712 2377 illud

927 2399 1074 2427 adversum
1093 2398 1194 2426 trahat.

964 2451 1008 2478 84.
1029 2450 1119 2477 Animi
1141 2440 1261 2477 rationes
1278 2456 1310 2476 ac
1328 2447 1519 2484 cogitationes,
1536 2446 1596 2474 alia:
1608 2446 1713 2481 simpli“-

928 2503 973 2523 ces
988 2499 1061 2527 sunt,
1074 2495 1134 2522 alia!
1143 2494 1311 2529 compositae.
1321 2493 1360 2521 Ae
1369 2493 1509 2528 simplices
1516 2491 1627 2526 quidem
1638 2496 1712 2523 sunt,

928 2539 1102 2568 illibidinosze
1114 2543 1142 2566 et
1153 2539 1212 2566 sine
1228 2538 1353 2573 passione
1366 2546 1373 2564 :
1386 2537 1543 2572 compositae
1556 2544 1633 2568 vero,
1648 2536 1714 2563 libi-

930 2586 1032 2613 dinosa
1045 2593 1076 2613 ac
1095 2584 1216 2620 passioui
1234 2584 1397 2619 conjunctaa,
1414 2587 1544 2618 tanquam
1555 2591 1587 2610 ex
1600 2583 1715 2610 libidine

930 2637 979 2656 seu
991 2629 1127 2664 passione,
1145 2628 1301 2662 mentisque
1315 2630 1450 2660 conceptu
1469 2627 1635 2661 compositae.
1652 2626 1716 2653 Ilaec

931 2683 993 2702 cum
1007 2675 1045 2702 ita
1062 2682 1091 2702 se
1110 2674 1239 2705 habeant,
1262 2672 1356 2700 videre
1372 2677 1415 2699 est
1432 2673 1533 2699 multas
1548 2672 1715 2706 simplicium

930 2720 1127 2755 cogitationum
1142 2719 1218 2754 sequi
1237 2717 1410 2753 compositas,
1432 2726 1494 2745 cum
1510 2717 1611 2744 moveri
1625 2724 1716 2751 coepe-

931 2767 988 2794 rint
1004 2766 1032 2793 in
1047 2769 1201 2801 peccatum,
1216 2764 1289 2800 quod
1304 2764 1379 2791 intus
1396 2764 1487 2791 animo
1503 2763 1618 2798 geritur.
1634 2762 1716 2790 Velut

120 2852 180 2872 ¹⁶-⁶⁹
197 2852 290 2881 lCor.
307 2860 352 2885 xv,
367 2853 411 2888 ﬁt).
450 2853 471 2870 ‘°
491 2853 570 2881 Joan.
586 2861 612 2881 ιν
629 2873 637 2888 ,
655 2854 681 2881 6.
721 2854 741 2870 ⁶¹
759 2852 855 2881 Matth.
872 2861 919 2887 v-u,
939 2854 981 2881 14.
