1948 3077
175 88 244 123 1015

175 148 292 182 ύινίιίε,
305 147 404 183 gloria,
419 152 447 175 et
460 146 560 174 similia
576 156 582 173 :
599 146 642 173 vel
654 145 728 180 quod
744 146 830 174 tristia
847 145 971 173 inferan-

176 203 232 229 'ttll',
261 199 327 230 puta.
339 194 447 222 orbatio
459 193 624 226 liberorum,
636 200 719 228 opum
730 192 879 227 gloriaeque
890 191 973 218 amis-

174 241 218 268 sio
235 250 241 267 :
259 245 307 268 aut
319 240 439 275 denique
454 247 503 275 per
518 247 551 267 ea
565 247 627 274 quae
641 247 743 274 corpus
755 239 926 270 excruciant.
944 242 974 266 ut

175 290 241 314 sunt
264 286 352 314 morbi
376 291 404 313 et
425 290 573 318 tormenta,
593 289 676 320 atque
694 285 737 313 his
752 285 864 312 similia.
882 284 973 320 Atque

174 331 210 365 ad
221 330 328 369 priores
341 330 465 366 quidem,
477 330 517 357 ait
529 330 662 358 Dominus
674 339 681 357 ε
696 329 796 366 Siquis
808 338 861 357 non
876 338 974 357 remm-

174 377 227 404 tiat
249 377 369 404 omnibus
393 386 452 413 qum
475 377 605 413 possidet,
632 386 685 404 non
711 381 794 412 potest
817 385 890 404 meus
919 385 974 404 esse

175 422 321 457 discipulus
341 424 373 451 δ’.
391 423 432 451 Ad
454 431 504 451 eos
525 428 618 452 autem
638 424 684 458 qui
710 423 825 451 secundi
847 431 879 451 ac
899 423 972 451 tertii

175 467 281 495 ordinis
300 472 387 497 sunt:
405 468 437 497 In
460 469 589 504 patientia
613 474 702 497 ucstra
721 469 850 504 possidete
869 470 973 497 animas

174 517 275 541 vestras
291 513 323 540 ⁸⁸.

211 560 256 587 92,
278 558 404 592 Quatuor
420 559 497 591 hzec,
523 559 649 595 corporis
675 560 893 595 complexionem
924 568 972 588 seu

177 609 427 640 temperamentum
448 606 596 633 immutare
621 606 709 639 aiunt,
731 614 819 641 eaque
842 607 972 634 immuta-

177 651 253 678 tione
273 651 456 686 cogitationes
476 652 580 683 animo,
603 652 646 679 vel
663 652 836 684 libidinosas,
855 653 899 680 vel
918 660 972 680 non

176 697 358 729 libidinosas,
394 698 570 730 ministrare;
597 698 727 726 videlicet
760 699 889 734 angelos,
917 699 973 726 die-

177 749 284 774 mones,
307 742 382 770 aeris
404 743 643 778 temperationem,
667 749 695 771 et
714 744 804 771 victus
823 744 971 772 rationem.

176 787 216 823 Ae
231 788 344 823 quidem
355 789 469 824 angelos
491 789 569 817 aiunt
590 797 718 817 sermone
732 791 895 822 immutare;
916 790 972 817 dae-

177 841 275 861 mones
299 838 408 867 autem,
433 839 537 862 attactu
563 843 611 862 SCll
637 835 872 868 contrectatione;
898 835 973 862 aeris

178 879 419 913 temperationem,
435 888 488 915 qua
509 881 577 909 alias
598 882 721 916 aliasque
744 881 819 909 subit
839 882 972 909 mulatio-

177 930 228 950 nes
244 931 251 949 :
271 924 361 951 victus
379 925 528 958 rationem,
549 934 676 954 escarum
696 934 728 953 ac
750 930 865 961 potuum
882 926 973 961 quali-

178 969 292 1004 tatibus,
306 978 460 1006 eorumque
475 971 644 1002 abundantia
657 980 689 999 ac
703 972 858 1008 parcitate;
875 977 975 1006 praeter

178 1014 240 1042 illas
265 1015 487 1050 immutationes,
513 1025 576 1053 qua
597 1026 631 1045 ex
658 1019 810 1052 memoria,
834 1019 973 1054 rebusque

177 1059 245 1087 visis
271 1064 355 1095 atque
379 1062 483 1091 auditis
508 1063 547 1090 illi
576 1064 705 1091 accidunt
727 1072 733 1091 :
753 1064 793 1091 ita
815 1065 921 1092 scilicet
943 1068 974 1092 ut

177 1105 256 1140 prior
273 1107 383 1135 animus
398 1107 543 1142 afﬁciatur,
559 1117 593 1137 ex
614 1109 659 1142 iis,
674 1118 735 1144 qua:
754 1110 794 1137 illi
816 1110 905 1138 tristia
925 1110 973 1138 lae-

179 1155 241 1177 tave
256 1152 401 1180 eveniunt.
419 1153 509 1189 Atque
527 1162 561 1182 ex
584 1155 628 1183 his
646 1155 758 1190 quidem
781 1155 897 1184 affectus
914 1157 975 1184 ani—

178 1205 250 1230 mus,
264 1200 389 1234 corporis
407 1205 654 1237 temperamentum
668 1203 811 1237 immutat;
826 1204 972 1240 ipsumque

177 1243 299 1271 lationes
310 1244 403 1272 animo
415 1245 556 1273 ministrat
570 1255 602 1274 ac
617 1248 731 1282 prtebct.

214 1288 258 1316 95.
280 1289 353 1317 Mors
368 1290 480 1325 quidem
500 1299 566 1319 vere
584 1300 617 1320 ac
636 1293 760 1328 proprie,
779 1294 917 1328 separatio
933 1297 976 1321 est

178 1341 193 1360 ιι
208 1333 264 1361 Deo
283 1343 289 1360 :
306 1335 404 1362 mortis
423 1340 515 1364 autem
542 1337 684 1371 stimulus,
704 1343 848 1372 peccatum
861 1339 902 1372 ‘9;
921 1347 977 1373 quo

177 1379 303 1408 Adamus
317 1386 457 1416 suscepto,
473 1381 555 1409 simul
570 1391 584 1410 a
600 1383 675 1418 ligno
691 1384 764 1416 vitae,
777 1390 805 1411 et
817 1393 831 1411 a
850 1385 977 1419 paradiso

179 1431 209 1456 et
228 1427 284 1456 Deo
307 1430 427 1457 extorris
451 1430 541 1458 iactus
565 1435 625 1464 est;
656 1433 868 1468 necessarioque
893 1435 976 1461 etiam

179 1479 256 1501 mors
275 1475 400 1509 corporis
416 1480 566 1504 consecuta
585 1481 638 1509 est,
654 1477 724 1505 Vere
746 1483 837 1506 autem
852 1479 908 1506 vita
920 1484 972 1512 est,
988 1495 1009 1525 ε

179 1520 226 1555 qui
245 1520 284 1548 ait
299 1530 306 1547 ε
322 1521 379 1556 Ego
392 1531 451 1549 sum
471 1522 557 1558 436
572 1523 625 1550 vita
639 1524 673 1550 ⁷ο.
694 1523 746 1551 llic
760 1525 892 1558 moriens,
909 1533 972 1553 eum

180 1566 228 1602 qui
242 1572 301 1595 crat
316 1572 443 1597 mortuus
455 1568 490 1596 ad
504 1568 588 1596 vitam
604 1577 701 1597 rursus
716 1571 866 1599 revocavit.

215 1655 259 1684 91..
280 1655 367 1688 Quem
384 1664 542 1684 sermonem
556 1658 769 1691 conscribimus,
790 1659 831 1686 vel
853 1667 887 1687 eo
907 1668 975 1688 eon-

180 1701 330 1730 seribimus
344 1705 374 1729 ut
387 1702 447 1738 ejus
463 1703 681 1738 meminerimus,
699 1705 741 1732 'vel
757 1711 786 1732 ut
799 1706 975 1734 commodum

181 1746 352 1781 referamus;
370 1749 414 1776 vel
438 1749 522 1776 etiam
551 1753 667 1784 utraque
689 1758 722 1778 ex
750 1758 832 1778 causa
855 1760 866 1782 ι,
882 1752 924 1780 vel
947 1757 977 1780 ut

181 1793 311 1821 damnum
336 1794 503 1828 quibusdam
529 1795 692 1828 inferamus,
712 1797 756 1824 vel
782 1799 977 1828 ostentationis

182 1847 275 1872 causa,
292 1840 335 1867 vel
350 1841 415 1875 quia
433 1842 610 1869 conscribere
625 1843 760 1877 cogimur.

216 1883 261 1910 95.
283 1884 373 1912 Locus
390 1893 507 1919 pascua},
523 1885 614 1912 virtus
630 1890 672 1913 est
690 1886 717 1913 in
739 1887 849 1915 actione
868 1888 975 1923 posita;

182 1937 253 1964 aqua
267 1937 333 1957 vero
346 1930 504 1959 refcctionis
518 1931 552 1964 “,
569 1939 659 1958 rerum
673 1933 797 1960 scientia.

218 1975 262 2002 96.
283 1975 385 2003 Umbra
411 1976 509 2004 mortis
536 1982 588 2009 est,
609 1977 728 2005 humana
753 1979 819 2005 vita.
845 1978 977 2013 Quisquis

183 2020 267 2055 igitur
283 2029 348 2051 cum
361 2022 418 2048 Deo
436 2027 575 2056 versatur,
594 2032 626 2051 ac
648 2032 742 2051 secum
764 2025 849 2052 Deum
866 2033 978 2052 versan-

185 2069 240 2093 tem
261 2065 359 2098 habet,
385 2067 431 2094 hic
453 2067 560 2102 liquido
583 2068 677 2096 dicere
702 2073 791 2104 potest
813 2070 905 2097 :Nam
931 2072 978 2098 etsi

184 2111 355 2139 ambulavero
380 2113 409 2139 in
434 2113 518 2139 medio
544 2114 644 2141 umbra:
672 2115 782 2148 mortis,
807 2123 860 2142 non
884 2116 978 2144 timebo

184 2156 269 2188 mala,
283 2158 409 2192 quoniam
423 2162 451 2184 tu
466 2166 566 2185 mecum
582 2166 607 2184 es
617 2159 650 2185 π.

220 2209 264 2236 97.
286 2209 357 2242 Pura
376 2217 465 2241 mens,
479 2214 570 2236 rectas
592 2218 635 2237 res
657 2210 752 2238 \‘idct:
771 2213 976 2249 exercitatoque

185 2254 274 2283 oratio
298 2263 330 2282 ac
352 2255 488 2283 sermonis
508 2255 560 2288 vis,
581 2264 642 2290 quae
659 2262 723 2285 sunt
741 2258 809 2292 visa,
830 2260 882 2287 sub
898 2269 977 2296 aspe-

185 2305 261 2328 ctum
276 2301 355 2336 pouit
371 2308 378 2327 :
393 2301 451 2328 hare
461 2309 538 2334 vero,
556 2302 630 2329 auris
647 2303 720 2330 clara
734 2305 858 2340 suscipit.
871 2307 915 2340 At,
929 2307 976 2342 qui

187 2347 276 2374 tibus
300 2347 360 2375 istis
381 2352 467 2380 caret,
491 2347 629 2376 dicentem
652 2349 790 2385 improbat
816 2359 848 2379 ac
868 2352 907 2380 illi
927 2353 976 2380 de-

187 2394 280 2421 ll'.ihit.

224 2431 267 2459 98.
283 2431 352 2461 Cum
366 2434 422 2461 Deo
436 2438 488 2466 est,
500 2434 552 2468 qui
560 2438 682 2462 sanctam
697 2434 859 2462 Trinitatem
873 2441 977 2469 cogno-

186 2479 252 2511 scit,
275 2480 390 2515 ejusque
413 2480 554 2516 opiﬁcium
579 2485 608 2508 et
631 2481 850 2518 providentiam;
872 2481 976 2516 quique

221 2555 242 2571 ⁸⁷
260 2559 327 2588 an.
341 2569 396 2594 xlv,
415 2561 459 2590 55.
499 2562 520 2578 ⁸⁸
536 2562 603 2590 Luc.
617 2571 673 2595 xxi,
692 2562 734 2590 19.
773 2562 795 2578 ⁸³
810 2561 821 2590 l
834 2561 898 2590 Cor.
913 2571 958 2596 xv,
971 2562 1014 2591 56.

224 2629 263 2665 (9)
284 2629 336 2656 Ἐν
347 2629 386 2662 τῷ
400 2631 517 2663 θανάτῳ
531 2631 706 2666 γενιψενοςί
722 2632 751 2658 In
777 2635 864 2659 morte
887 2640 978 2659 versa-

189 2668 244 2696 tus,
268 2669 357 2701 morte
382 2667 567 2700 perfunctus;
597 2675 629 2693 ac
661 2666 735 2701 quod
765 2666 893 2697 reddidi,
920 2675 980 2693 mo-

191 2707 274 2727 nens.
305 2699 398 2735 Inepta
421 2701 522 2736 Obsop.
551 2699 771 2733 circumlocutio,
816 2701 848 2728 Ιιι
891 2703 982 2729 mortis

190 2735 289 2763 positus
302 2737 441 2771 angustiis,
458 2745 513 2771 quo
536 2745 587 2764 nec
614 2745 676 2763 vero
701 2742 828 2764 mortuus
845 2737 982 2772 signitice—

204 2777 246 2796 ur.

191 2774 266 2840 mli.)
282 2805 303 2833 Τ
305 2805 341 2832 ὸν
350 2806 488 2840 εἰρηκότα
499 2805 607 2836 κακίζει
632 2806 714 2834 Gesn.
730 2806 757 2834 in
770 2806 983 2843 margJ’idcntur

756 88 776 118 S
807 88 951 118 ΜΑΧΙΜΙ
972 87 1229 118 CONFESSORIS

986 148 1007 176 Α
1024 146 1102 177 mla;
1116 147 1164 173 καὶ
1179 145 1329 181 χρημάτων
1349 145 1396 172 καὶ
1413 144 1504 179 δόξης,
1525 143 1572 171 καὶ
1584 143 1639 170 τῶν
1660 144 1777 179 ὁμοίων·
1800 145 1816 180 ἢ

1024 192 1068 219 διὰ
1078 192 1129 226 τῆς
1139 193 1193 218 τῶν
1206 191 1334 228 λυπηρῶν
1346 192 1480 226 ἐπιφορᾶς
1493 190 1548 225 (9.0)
1562 199 1569 206 ·
1585 188 1650 222 οἷον,
1664 191 1819 225 στερήσεως

1024 237 1138 270 τέκνων,
1158 239 1206 265 καὶ
1219 238 1368 273 χρημάτων
1385 237 1430 263 καὶ
1443 236 1523 270 δόξης
1536 244 1543 251 ·
1563 236 1580 271 ἢ
1595 236 1640 263 διὰ
1651 236 1705 262 τῶν
1723 236 1820 268 ὀδύνας

1025 283 1210 318 ἐμποιούντων
1225 282 1263 317 τῷ
1283 282 1405 318 σώματι·
1420 279 1486 309 οἷον.
1501 281 1662 316 νοσημάτων
1677 282 1723 307 καὶ
1735 281 1818 316 βασὰ-

1024 337 1088 361 νων;
1105 329 1152 355 καὶ
1164 328 1217 354 τῶν
1228 328 1303 363 ἑξῆς.
1321 327 1376 354 Καὶ
1391 327 1459 362 πρὸς
1472 327 1520 362 μὲν
1533 327 1595 358 τοὺς
1608 327 1732 361 πρώτους
1744 327 1820 361 λέγει

1024 375 1039 401 6
1055 374 1158 410 Κύριος
1170 383 1176 389 ·
1187 375 1223 401 El
1241 383 1285 407 τις
1296 375 1351 401 οὐκ
1367 373 1572 402 ἀποτάσσεται
1589 372 1665 399 πᾶσι
1685 373 1747 405 τοῖς
1764 375 1821 400 ὐπ-

1024 420 1173 455 ἁρχουσιν
1185 419 1275 452 αὐτῷ,
1289 421 1326 446 οὐ
1347 419 1474 446 δύναταί
1492 427 1552 453 μου
1576 415 1653 446 εἶναι
1670 418 1820 453 μαθητής.

1026 467 1097 503 Πρὸς
1114 467 1141 494 δὲ
1156 467 1220 498 τοὺς
1233 467 1377 502 δευτέρους
1389 466 1436 493 καὶ
1447 465 1556 500 τρίτους
1566 473 1572 480 ·
1596 465 1645 491 Ἐν
1655 463 1691 498 τῇ
1705 465 1819 499 ὑπομο-

1024 512 1063 547 νῇ
1079 512 1164 547 ὑμῶν
1175 512 1330 547 κτήσασθε
1347 512 1399 545 τὰς
1416 511 1519 546 ψυχὰς
1535 509 1628 544 ὑμῶν.

1060 558 1113 592 ιιβι.
1129 558 1169 586 Τὰ
1185 558 1306 593 τέσσαρα
1321 558 1408 585 ταῦτά
1421 566 1503 592 φασιν
1520 557 1665 585 ἀλλοιῶσαι
1682 557 1731 592 τὴν
1747 558 1816 592 κρᾶ

1026 612 1069 632 σιν
1081 604 1128 631 τοῦ
1146 604 1282 639 σώματος,
1295 605 1343 632 καὶ
1356 604 1455 631 διδόναι
1469 604 1508 639 τῷ
1529 604 1568 639 νῷ
1581 604 1741 639 λογισμοὺς,
1762 604 1819 630 εἴτε

1025 650 1158 685 ἐμπαθεῖς
1173 650 1206 677 δι’
1228 651 1323 685 αὐτῆς,
1349 650 1403 677 εἴτε
1421 650 1552 682 ἀπαθεῖς·
1567 647 1633 682 οἷον,
1653 650 1716 681 τοὺς
1735 650 1820 684 ἀγγέ-

1024 698 1098 730 λους,
1113 698 1177 729 τοὺς
1197 697 1339 732 δαίμονας,
1363 697 1427 729 τοὺς
1444 697 1540 732 ἀέρας,
1568 696 1618 731 τὴν
1636 697 1752 723 δίαιταν.
1767 696 1823 722 Καὶ

1024 744 1088 775 τοὺς
1105 743 1155 779 μὲν
1182 743 1314 778 ἀγγέλους
1338 743 1411 778 λόγῳ
1427 743 1510 777 φασὶν
1533 741 1695 769 ἀλλοιῶσαι·
1713 742 1777 773 τοὺς
1793 741 1823 768 δὲ

1025 789 1168 825 δαίμονας,
1188 789 1222 816 δι’
1239 789 1346 824 ἐπαφῆς
1360 797 1367 804 ”
1384 789 1447 820 τοὺς
1473 788 1502 815 δὲ
1519 788 1615 823 ἀέρας,
1631 789 1690 818 ταῖς
1705 787 1823 822 μεταδο-

991 825 1012 854 Β
1026 836 1085 866 λαίς
1095 844 1102 851 ·
1115 835 1164 871 τὴν
1179 835 1208 862 δὲ
1224 835 1340 868 δίαιταν,
1355 836 1415 866 ταῖς
1428 834 1483 861 τῶν
1497 834 1652 870 βρωμάτων
1664 833 1712 860 καὶ
1732 832 1823 868 πομά-

1026 890 1080 908 των
1096 881 1232 915 ποιότησι,
1251 880 1298 907 καὶ
1309 880 1473 916 πλεονασμῷ
1484 881 1532 907 καὶ
1553 879 1700 907 ἐλαττώσει
1711 887 1718 893 ο
1734 878 1823 914 παρὲξ

1026 926 1082 953 τῶν
1096 926 1139 953 διὰ
1155 926 1266 961 μνήμης
1281 926 1327 952 καὶ
1345 926 1430 961 ἀκοῆς
1442 926 1489 952 καὶ
1512 926 1634 960 ὁράσεως
1655 923 1823 959 συμϐαινου-

1030 973 1084 999 σῶν
1100 972 1168 1008 αὐτῇ
1185 971 1366 1002 ἀλλοιώσεων,
1379 970 1613 1006 πρωτοπαοούσης
1623 970 1673 1004 τῆς
1689 969 1777 1004 ψυχῆς
1790 970 1823 995 ἐκ

1027 1017 1080 1045 τῶν
1092 1017 1303 1052 συμπιπτόντων
1321 1018 1389 1052 αὐτῇ
1405 1017 1536 1052 λυπηρῶν
1552 1017 1568 1051 ἦ
1583 1015 1748 1051 χαροποιῶν.
1768 1015 1824 1042 Καὶ

1028 1065 1060 1092 ἐκ
1072 1064 1174 1091 τούτων
1191 1064 1240 1099 μὲν
1255 1064 1397 1099 πάσχουσα
1412 1065 1428 1098 ἡ
1444 1063 1530 1098 ψυχὴ,
1546 1063 1648 1089 ἀλλοιοῖ
1660 1061 1708 1097 τὴν
1723 1061 1823 1095 κρᾶσιν

1028 1110 1075 1137 τοῦ
1093 1109 1232 1145 σώματος·
1260 1111 1292 1136 ἐκ
1319 1109 1348 1136 δὲ
1376 1109 1429 1136 τῶν
1448 1108 1655 1144 προειρημένων
1684 1109 1700 1143 ὴ
1723 1108 1823 1143 κρᾶσις

1028 1157 1221 1192 ἀλλοιουμένη,
1236 1156 1352 1191 παρέχει
1367 1155 1405 1191 τῷ
1419 1156 1457 1191 νῷ
1468 1156 1626 1191 λογισμούς.

990 1212 1025 1232 ex
1039 1205 1104 1238 illis,
1119 1213 1180 1240 quae
1211 1205 1285 1233 dicta
1300 1210 1376 1238 sunt,
1406 1205 1525 1233 subinde
1541 1205 1730 1236 immutatum,
1748 1201 1824 1237 cogi-

1060 1294 1115 1326 ιιγ’.
1130 1292 1251 1324 Θάνατος
1273 1293 1322 1328 μέν
1349 1293 1408 1319 ἐστι
1431 1293 1535 1328 κυρίως
1554 1294 1567 1320 6
1581 1292 1628 1319 τοῦ
1650 1292 1718 1320 Θεοῦ
1736 1301 1823 1329 χωρι-

1027 1338 1110 1373 σμός·
1129 1338 1242 1374 κέντρον
1256 1338 1285 1365 δὲ
1303 1338 1429 1368 θανάτου,
1451 1339 1467 1374 ἡ
1488 1339 1629 1374 ἁμαρτία·
1651 1339 1824 1374 ὃδεξάμιενος
1861 1351 1864 1353 λ

1025 1385 1038 1411 6
1059 1384 1155 1424 Ἀδὰμ,
1170 1384 1238 1419 ὁμοῦ
1257 1384 1303 1410 τοῦ
1317 1385 1367 1420 τῆς
1380 1385 1453 1420 ζωῆς
1466 1385 1556 1418 ξύλου,
1571 1385 1674 1412 καὶτοῦ
1689 1386 1823 1421 παραδεξ-

1027 1438 1073 1456 σου
1086 1429 1133 1456 καὶ
1148 1430 1195 1456 τοῦ
1211 1429 1279 1457 Θεοῦ
1301 1430 1441 1466 ἐξόριστος
1461 1431 1557 1465 γέγονε
1569 1440 1575 1446 ·
1593 1429 1615 1465 ᾧ
1635 1431 1822 1467 ἐπηκολούθη-

1027 1482 1073 1500 σεν
1091 1473 1121 1507 ἐξ
1138 1474 1262 1510 ἀνάγκης
1283 1476 1330 1502 καὶ
1345 1476 1358 1502 6
1377 1475 1425 1502 τοῦ
1451 1475 1578 1511 σώματος
1607 1477 1733 1507 οάνατος.
1759 1477 1822 1512 Ζωὴ

1004 1520 1009 1531 ⁷
1025 1520 1052 1546 δὲ
1066 1521 1167 1556 κυρίως
1198 1521 1272 1547 ἐστὶν
1283 1522 1297 1548 6
1311 1521 1410 1548 εἰπών·
1429 1521 1502 1557 Ἐγώ
1511 1523 1569 1557 ειμι
1580 1522 1598 1556 ἡ
1615 1521 1680 1556 ζωή.
1695 1520 1778 1554 Οὗτος
1793 1524 1822 1550 ἐν

1025 1564 1064 1599 τῷ
1082 1564 1190 1601 θανάτῳ
1203 1566 1350 1601 γενόμενος
1363 1567 1412 1602 (g),
1427 1566 1473 1593 τὸν
1495 1567 1668 1602 νεκρωϐέντα
1684 1567 1764 1594 πάλιν
1780 1567 1822 1599 εἰς

1025 1611 1074 1646 τὴν
1091 1611 1164 1646 ζωὴν
1184 1611 1366 1646 ἐπανήγαγεν.

1062 1656 1112 1690 ιβ’.
1135 1657 1163 1684 '0
1180 1656 1259 1691 λόγος
1280 1657 1518 1693 συγγραφόμενος,
1534 1658 1550 1693 ἢ
1573 1657 1641 1692 πρὸς
1656 1657 1705 1692 τὴν
1723 1656 1821 1684 ἐαυτοῦ

1026 1702 1181 1738 ὑπόμνησιν
1206 1703 1404 1738 ουγγράφεται,
1431 1703 1447 1738 ἢ
1474 1703 1544 1738 πρὸς
1566 1702 1710 1737 ὠφέλειαν,
1739 1703 1823 1738 fixa}.

1027 1748 1120 1783 ἄμφω,
1137 1748 1152 1784 ἢ
1171 1749 1239 1784 πρὸς
1259 1748 1361 1784 ϐλάϐην
1375 1749 1467 1782 τινῶν,
1485 1749 1583 1786 ἢπρδς
1601 1748 1741 1782 ἐπίδειξιν,
1760 1749 1778 1784 ἢ
1791 1748 1823 1783 ἐξ

1027 1794 1163 1829 ἀνάγκης.

1064 1887 1112 1919 [ιε’.
1131 1885 1218 1916 Τόπος
1233 1886 1292 1912 ἐστὶ
1312 1886 1397 1921 χλόης
1430 1887 1446 1921 ἡ
1475 1885 1616 1922 πρακτικὴ
1633 1887 1734 1922 ἀρετή·
1749 1886 1823 1923 ὕδωρ

1027 1930 1220 1962 ἀναπαύσεως,
1240 1931 1255 1965 ἡ
1267 1931 1370 1964 γνῶσις
1384 1931 1438 1957 τῶν
1451 1932 1614 1965 γεγονότων.

1063 1976 1121 2009 ις’.
1138 1976 1206 2004 sua
1217 1976 1333 2003 θανάτου
1348 1977 1422 2003 ἐστὶν
1436 1978 1452 2012 ὴ
1469 1977 1627 2012 ἀνθρωπίνη
1645 1977 1712 2012 ζωή.
1735 1977 1770 2004 Εἴ
1780 1986 1823 2010 τις

1027 2020 1074 2050 οὖν
1088 2023 1145 2050 ἐστι
1164 2023 1234 2058 μετὰ
1247 2022 1293 2050 τοῦ
1305 2023 1383 2056 Θεοῦ,
1399 2024 1446 2050 καὶ
1456 2024 1471 2050 6
1484 2023 1551 2055 Θεὸς
1570 2024 1628 2058 μετ’
1641 2023 1723 2050 αὑτοῦ
1735 2025 1823 2058 ἐστιν,

1028 2066 1106 2101 οὗτος
1121 2069 1232 2096 δύναται
1259 2070 1345 2097 εἰπεῖν
1357 2069 1480 2105 ἐναργῶς
1495 2069 1536 2102 τδ,
1568 2071 1635 2097 Ἐὰν
1647 2071 1702 2105 γὰρ
1714 2077 1824 2104 πορευ-

1028 2115 1069 2144 θῶ
1085 2117 1119 2143 ἐν
1129 2116 1213 2151 μέσῳ
1226 2115 1317 2149 σκιᾶς
1333 2117 1473 2150 θανάτου,
1486 2117 1522 2144 οὐ
1542 2117 1754 2152 φοϐηθήσομαι
1771 2126 1824 2144 κα-

994 2167 1015 2197 ί)
1030 2162 1077 2194 κὰ,
1092 2162 1136 2189 ὅτι
1155 2163 1196 2189 σὺ
1208 2163 1273 2197 μετ’
1289 2163 1363 2197 ἐμοῦ
1378 2161 1414 2190 εἴ.

1063 2208 1115 2242 ιζ’.
1132 2208 1203 2240 Νοῦς
1219 2209 1267 2244 μὲν
1279 2208 1398 2242 καοαρὸς
1412 2209 1481 2245 ὀρθὰ
1506 2209 1599 2244 βλέπει
1611 2209 1646 2236 τὰ
1660 2209 1822 2245 πράγματα·

1027 2254 1107 2288 λόγος
1123 2254 1151 2280 δὲ
1165 2255 1402 2290 γεγυμνασμένος,
1418 2257 1463 2282 ὑπ’
1474 2255 1536 2290 ὄψιν
1554 2255 1615 2290 ἄγει
1629 2255 1663 2281 τὰ
1679 2255 1823 2291 ὁραθέντα·

1027 2301 1096 2336 ἀκοὴ
1112 2302 1140 2328 δὲ
1158 2302 1272 2338 λαμπρὰ
1299 2302 1460 2338 ὑποδέχεται
1478 2302 1558 2330 αὑτά.
1580 2303 1610 2329 ’0
1624 2302 1654 2329 δέ
1668 2302 1723 2330 τῶν
1738 2301 1825 2338 τριῶν

1030 2348 1223 2383 ἐστερημένος,
1239 2348 1285 2375 τὸν
1299 2349 1429 2384 εἰρηκότα
1444 2348 1552 2381 κακίζει
1569 2348 1620 2383 (Ιι).

1066 2439 1119 2471 ἱπηκ
1133 2437 1211 2464 Μετὰ
1226 2437 1273 2464 τοῦ
1299 2437 1367 2464 Θεοῦ
1392 2438 1466 2465 ἐστιν
1482 2438 1496 2464 6
1518 2438 1567 2473 τὴν
1582 2437 1662 2471 ἁγίαν
1681 2436 1826 2470 γινώσκων

1033 2482 1146 2518 Τριάδα,
1164 2482 1210 2508 καὶ
1235 2482 1284 2518 τὴν
1299 2482 1481 2518 δημιουργίαν
1506 2483 1601 2517 αὐτῆς,
1621 2483 1668 2508 καὶ
1682 2481 1731 2516 τὴν
1757 2480 1826 2516 πρό-

1054 2563 1078 2579 ⁷⁰
1089 2563 1171 2591 Joan.
1185 2571 1239 2596 ιιν,
1254 2563 1281 2591 6.
1333 2564 1355 2580 '”
1371 2563 1444 2592 Psal.
1461 2571 1526 2597 nn,
1543 2564 1570 2590 ‘2;
1618 2563 1643 2579 ⁷⁸
1658 2561 1727 2589 ibid.
1741 2561 1768 2589 ιι.

1033 2633 1087 2670 [nec
1104 2632 1236 2670 obscura;
1253 2641 1285 2661 ac
1293 2632 1540 2670 certetibscuravit
1555 2629 1745 2670 0bsop._nia_l_a
1763 2637 1826 2670 νει-τ

1035 2667 1123 2699 sione,
1144 2675 1207 2695 cum
1220 2668 1278 2703 ipsa
1304 2668 1478 2702 intelligenti,
1511 2671 1539 2694 et
1567 2671 1596 2694 ut
1622 2665 1742 2697 reddidi,
1769 2665 1828 2691 sint

1035 2703 1118 2729 clara.
1134 2702 1163 2730 ln
1177 2711 1206 2730 se
1222 2704 1314 2738 itaque
1344 2704 1599 2739 Maximusverum
1625 2705 1756 2739 expertus
1782 2703 1826 2739 est

1036 2745 1115 2766 suum
1132 2739 1249 2770 axioma,
1264 2735 1294 2764 τὸ
1310 2737 1471 2770 κακίζεσθαι
1481 2737 1618 2765 dicentem
1631 2745 1638 2769 ;
1659 2735 1824 2770 reprehendi

1036 2772 1141 2800 scilicet
1155 2773 1190 2800 ab
1203 2773 1247 2806 iis,
1263 2773 1365 2808 quibus
1379 2773 1471 2801 desint
1490 2772 1530 2800 illi
1549 2774 1778 2802 commemorem.
1795 2774 1826 2796 ut

1036 2816 1100 2835 cum
1116 2808 1183 2837 satis
1193 2809 1302 2844 assequi
1315 2809 1432 2844 possint.
