1948 3077
179 151 248 185 Ῑο19

761 145 792 176 S.
809 143 953 175 MAXIMI
972 141 1225 173 CONFESSORIS

1738 137 1808 170 ιθιεο

176 210 268 236 riores
282 211 346 236 sunt
364 205 517 234 habitibus.
539 204 606 231 Erat
621 210 688 238 ergo
705 209 768 230 cum
787 201 816 228 in
833 200 874 227 eis
887 203 967 226 erant
983 223 985 228 ,

1048 207 1067 230 ις
1082 199 1128 225 καὶ
1145 198 1206 230 νοῦς
1223 197 1272 224 καὶ
1299 195 1460 232 περίσκεψις
1475 195 1603 230 εὐλαϐής.
1623 194 1656 221 Εί
1668 193 1697 220 δὲ
1717 194 1806 224 τοῦτο,

178 254 261 285 ratio,
277 253 432 286 mentisque
446 249 626 285 perspicacia,
648 252 676 275 et
693 247 815 282 prudens
833 249 968 278 cautaque

179 296 373 325 consideratio.
397 296 445 323 Sin
467 300 559 322 autem
577 294 615 321 ita
634 301 663 320 se
686 301 730 320 res
748 291 842 322 habet,
863 298 896 317 nc
918 290 969 324 ipsi

179 344 291 378 quidem
307 342 446 369 daemones
464 346 562 368 natura
584 339 649 367 mali
666 343 747 371 sunt;
767 338 815 365 sed
833 345 865 364 e\
886 344 970 372 pravo

180 398 231 416 usu
247 388 415 416 naturalium
429 388 529 415 virium
543 387 608 414 mali
624 387 687 414 facti
704 389 775 414 sunt.

215 436 241 462 6.
262 434 434 466 Atl'ectuum,
460 433 506 460 alii
530 432 691 464 libidinem,
719 431 766 458 alii
791 431 900 462 odium,
925 429 971 457 alii

180 485 331 515 utrumque
359 479 486 515 pariunt:
515 482 574 507 tum
599 478 706 506 scilicet
734 477 892 510 libidinem,
913 481 970 504 tum

181 526 287 554 odium.

219 574 246 600 7.
267 572 394 600 Edacitas
417 571 599 606 ciborumque
621 569 758 605 exquisita
776 569 915 601 lautities,
937 568 973 595 li-

183 618 307 646 bidinem
321 618 489 653 progignunt
502 626 508 644 :
527 617 642 644 avaritia
653 624 719 644 vero
732 619 761 644 et
772 615 861 642 inanis
875 615 972 650 gloria,

185 664 280 691 odium
304 663 333 690 in
354 663 510 699 proximum
532 671 539 689 :
563 668 592 691 at
616 663 715 690 horum
740 669 840 696 parens
857 661 976 688 carnalis

185 717 264 737 amor
278 709 429 745 (φιλαυτία)
446 709 589 743 utriusque
602 713 644 736 est
658 712 763 735 auctor.

221 755 248 782 8.
268 754 397 781 Φιλαυτία
412 754 463 790 (sic
476 754 560 789 dicta)
581 754 745 781 libidinosus
763 757 806 780 est
826 760 857 780 ac
875 752 976 779 rationi

187 801 338 828 adversans
361 808 439 828 amor
457 809 489 828 ac
509 800 596 827 libido
614 800 748 834 corporis.
769 799 839 826 Huic
857 798 977 825 Charitas

187 847 413 882 continentiaque
429 850 619 882 opponuntur.
638 846 723 880 Igitur
743 845 770 872 in
787 852 842 879 quo
855 849 896 871 est
915 851 978 870 cor-

188 893 264 928 poris
281 893 325 920 ille
346 900 435 925 amor,
450 896 557 920 certum
576 896 617 919 cst
633 891 708 918 vitiis
726 890 854 917 omnibus
872 893 978 916 scatere

188 948 221 967 ac
237 939 388 967 affectibus.

223 984 250 1011 9.
267 983 365 1016 Nemo,
389 983 481 1017 inquit
504 982 668 1018 Apostolus,
692 989 797 1008 carnem
821 989 898 1008 suam
919 979 979 1007 odia

189 1030 279 1057 habuit
292 1030 333 1062 ⁷⁵;
348 1029 475 1065 suggillat
488 1033 577 1055 tamen
590 1034 614 1056 et
628 1030 656 1055 in
671 1029 826 1055 seruitutem
840 1027 933 1062 redigit
944 1026 978 1058 ⁷⁸,

189 1077 259 1103 nihil
280 1076 399 1111 amplius
418 1075 444 1102 ei
466 1076 604 1110 praebens,
625 1083 708 1110 quam
732 1074 825 1102 cibum
846 1079 875 1101 et
897 1073 980 1101 indu-

190 1125 295 1155 menta;
308 1121 421 1155 haecque
432 1121 502 1147 adeo
511 1125 644 1155 quantum
653 1120 687 1146 ad
697 1120 783 1147 solam
793 1120 854 1148 vita:
871 1123 981 1145 susten-

192 1167 322 1194 tationem
329 1166 413 1202 428
422 1166 609 1194 necessarium
618 1166 663 1193 sit.
677 1165 723 1193 Sic
732 1165 818 1200 igitur
829 1165 892 1200 quis
900 1164 984 1191 illibi-

191 1213 291 1240 dinose
309 1213 440 1247 nulloque
454 1212 523 1239 vitio
542 1219 602 1239 eam
615 1212 718 1247 diligit;
738 1219 769 1239 ac
789 1211 863 1238 velut
881 1210 983 1238 divinis

192 1260 366 1287 ancillantem
386 1259 437 1286 alit
454 1263 482 1286 et
502 1258 587 1291 fovet,
606 1259 661 1286 illis
680 1258 814 1286 duntaxat
833 1257 982 1291 concessis,

192 1306 295 1341 quibus
306 1306 366 1341 ejus
378 1305 529 1340 indigentia
544 1305 648 1340 expleri
664 1305 760 1340 possit.

229 1351 272 1379 10.
288 1351 373 1384 Quem
386 1352 449 1386 quis
459 1351 558 1385 diligit,
572 1351 685 1378 omnino
696 1351 779 1378 etiam
791 1350 882 1378 colere
897 1349 986 1377 ofﬁcio

193 1397 303 1432 satagit.
321 1396 349 1424 Si
367 1397 430 1432 quis
445 1405 511 1432 ergo
528 1397 613 1424 Deum
637 1396 736 1431 diligit,
758 1404 873 1431 prorsus
890 1395 984 1428 etiam,

196 1450 257 1476 quae
279 1442 318 1469 illi
342 1443 445 1477 placita
465 1447 528 1469 sunt
548 1447 677 1477 praestare
696 1442 789 1469 studet
805 1451 812 1468 :
830 1441 873 1469 sin
895 1446 986 1469 autem

197 1494 327 1520 carnem,
349 1495 410 1523 quae
435 1495 496 1515 eam
518 1487 682 1515 oblectando
704 1487 770 1521 sint,
791 1487 850 1515 haec
870 1487 988 1516 libenter

196 1531 273 1559 facit.

234 1584 278 1612 ll.
297 1585 354 1612 Deo
371 1585 483 1620 quidem
500 1585 611 1621 placent
627 1586 748 1614 charitas
766 1591 794 1614 et
809 1587 990 1621 temperantia

198 1637 248 1658 seu
274 1630 397 1664 castitas,
416 1631 612 1666 contemplatio
637 1632 703 1660 item
729 1637 758 1660 et
783 1633 886 1665 oratio;
913 1633 990 1660 carni

199 1685 276 1710 vero,
292 1678 354 1713 gula
373 1682 400 1705 et
420 1678 632 1713 intemperantia
652 1685 700 1705 seu
720 1678 822 1711 libido;
839 1687 871 1705 ac
890 1679 991 1713 quibus

201 1723 248 1750 illa
267 1727 413 1758 augentur.
431 1723 536 1751 Idcirco
551 1733 558 1750 :
575 1723 626 1756 Qui
643 1725 670 1750 in
685 1731 766 1750 carne
779 1728 851 1756 sunt,
865 1724 919 1751 Deo
933 1724 993 1759 pla-

201 1777 259 1796 cere
275 1778 327 1796 non
342 1774 451 1805 possunt
465 1771 498 1797 ⁷⁷.
517 1769 568 1802 Qui
581 1775 668 1797 autem
683 1775 743 1797 sunt
762 1770 869 1803 Christi,
885 1779 992 1797 carnem

201 1823 278 1842 suam
297 1815 484 1849 cruci/imarum
505 1825 563 1843 cum
590 1817 659 1843 vitiis
680 1820 704 1842 et
729 1817 942 1851 concupiscentiis
957 1817 991 1844 ".

238 1860 281 1887 12.
302 1860 419 1888 Animus
442 1861 469 1888 in
492 1861 577 1888 Deum
598 1869 723 1896 vergens,
740 1866 864 1896 nullique
887 1861 914 1888 in
930 1869 993 1888 eum

203 1906 375 1941 propensior,
395 1914 497 1941 corpus
515 1915 625 1934 servum
639 1907 732 1939 habet,
751 1915 803 1934 nec
818 1911 917 1941 praeter
931 1907 994 1934 vita:

204 1952 359 1979 necessaria
372 1952 522 1987 quidquam
536 1953 574 1980 illi
587 1953 691 1987 praebet
707 1961 713 1979 :
730 1953 772 1980 sin
785 1957 877 1980 autem
891 1953 919 1980 in
934 1961 995 1980 car-

203 2005 266 2024 nem
289 1997 365 2024 vitiis
389 1998 572 2032 mancipatur,
598 1998 672 2025 illius
701 2005 809 2032 semper
846 2005 940 2025 curam
967 1998 996 2025 in

204 2042 351 2070 desideriis
362 2051 446 2078 agens
460 2044 494 2070 τ’.

241 2091 284 2117 l5.
306 2089 334 2117 Si
357 2090 410 2117 hoc
425 2090 521 2117 studes
542 2096 570 2117 ut
588 2089 787 2124 cogitationum
807 2097 921 2124 compos
938 2089 996 2117 elli-

205 2135 299 2167 ciaris,
312 2135 428 2163 affectus
444 2143 512 2162 cura
537 2143 569 2162 ac
588 2134 728 2167 libidines,
746 2134 902 2169 horumque
919 2134 996 2162 facile

205 2181 303 2213 victor,
323 2181 415 2208 animo
440 2180 501 2207 illas
521 2180 625 2215 ejicies.
651 2180 719 2207 Puta
755 2179 783 2206 in
803 2179 995 2213 fornicatione,

203 2227 307 2262 jejuna,
325 2227 418 2261 vigila,
440 2226 546 2258 labora,
570 2225 711 2253 solitarius
733 2233 799 2261 age;
826 2226 854 2253 in
874 2226 913 2253 ira
932 2234 997 2254 vero

206 2281 238 2300 ac
256 2272 379 2303 tristitia,
401 2271 515 2306 gloriam
537 2275 566 2299 et
588 2271 739 2304 infamiam,
755 2279 853 2306 resque
873 2276 997 2300 terrenas

206 2322 363 2345 contemne.
389 2317 419 2345 In
448 2317 610 2352 iniuriarum
637 2317 769 2344 memoria
793 2325 824 2344 ac
847 2317 996 2350 simultate,

191 2402 194 2404 γ
207 2372 254 2392 ora
273 2372 324 2399 pro
339 2371 373 2392 eo
386 2363 433 2399 qui
452 2363 518 2391 fecit
533 2364 672 2399 injuriam,
691 2368 719 2391 et
733 2363 906 2391 liberahcris.

190 2445 192 2449 ’
244 2453 285 2480 14.
304 2453 345 2481 Ne
379 2458 406 2481 te
423 2453 652 2481 imbecillioribus
671 2453 813 2480 hominum
835 2451 996 2479 commetia-

210 2499 258 2530 ris,
276 2499 323 2526 sed
349 2499 435 2533 magis
455 2499 488 2526 ad
511 2499 669 2527 dilectionis
690 2503 856 2534 praeceptum
879 2498 998 2533 teipsum

209 2544 354 2572 contende.
378 2545 459 2572 Prius
481 2545 556 2572 cnim
577 2545 600 2572 si
624 2545 729 2580 egeris,
755 2545 784 2571 in
805 2543 999 2572 ostentationis

210 2589 316 2616 foveam
346 2589 444 2622 cades;
470 2589 514 2618 sin
544 2594 636 2617 autem
665 2589 801 2621 alterum,
822 2587 855 2615 ad
882 2588 1000 2616 modesti

209 2641 307 2661 sensus
321 2633 519 2662 sublimitatem
539 2634 686 2669 provehes.

245 2679 288 2707 l5.
310 2679 339 2708 Si
369 2680 482 2708 omnino
513 2680 668 2708 dilectionis
694 2679 813 2715 proximi
839 2680 999 2708 mandatum

1019 245 1080 271 οὐδὲ
1096 246 1120 271 οἱ
1135 244 1261 280 δαίμονες
1275 243 1356 278 φύσει
1369 243 1466 270 κακοί·
1482 242 1539 270 ἀλλ’
1554 242 1586 268 ὲκ
1606 241 1807 277 παραχρὴσεως

1020 291 1074 317 τῶν
1087 290 1211 326 φυσικῶν
1227 290 1368 325 δυνάμεων
1384 288 1466 317 κακοὶ
1479 288 1618 323 γεγόνασι.

1057 418 1094 448 ς’.
1113 415 1152 441 Τὰ
1166 415 1215 450 μὲν
1234 414 1288 441 τῶν
1299 413 1403 444 παθῶν,
1420 413 1568 445 ἀκολασίας
1578 420 1585 427 ·
1596 412 1630 439 τὰ
1643 411 1683 445 δὲ,
1701 410 1806 446 μίσους·

1022 462 1056 489 τὰ
1071 462 1110 495 δὲ,
1129 462 1175 488 καὶ
1192 460 1340 492 ἀκολασίας
1354 460 1399 487 καὶ
1421 459 1518 495 μίσους
1537 459 1589 486 εἰσὶ
1604 457 1743 494 ποιητικά.

1059 562 1091 594 ζ’.
1109 561 1266 596 Πολυφαγία
1282 560 1328 587 καὶ
1341 559 1476 596 ήδυεραγία
1487 580 1493 590 ,
1514 559 1662 591 ἀκολασίας
1684 559 1753 586 εἰσὶν
1769 559 1812 585 αῖ-

1024 617 1069 635 τια
1083 608 1144 645 [Fr.
1166 607 1262 644 αἴτιαι]
1273 616 1279 622 ·
1298 607 1464 642 φιλαργυρία
1493 607 1521 632 δὲ
1541 606 1588 632 καὶ
1601 605 1750 638 κενοδοξία,
1765 605 1812 640 μί-

1026 663 1089 687 σους
1108 655 1174 690 πρὸς
1187 653 1232 681 τὸν
1247 653 1369 688 πλησίον.
1389 653 1422 679 'H
1438 653 1466 679 δὲ
1478 652 1580 679 τούτων
1604 652 1696 687 μήτηρ
1718 651 1813 686 φιλαυ-

1025 701 1069 727 τία
1089 701 1144 727 τῶν
1162 700 1324 736 ἀμφοτέρων
1337 700 1410 726 ἐστὶν
1425 699 1508 726 αἰτία.

1061 750 1096 782 η’.
1117 747 1247 773 Φιλαυτία
1275 747 1349 773 ἐστὶν
1365 745 1462 780 ἡπρὸς
1476 745 1506 771 τὸ
1524 744 1603 779 σῶμα
1622 743 1747 779 ἐμπαθὴς
1768 743 1817 770 καὶ

1027 793 1123 825 ἄλογος
1145 792 1235 826 φιλία’
1305 792 1455 819 ἀντίκειται
1476 791 1570 825 ἀγάπη
1587 791 1633 816 καὶ
1657 790 1815 823 ἐγκράτεια.

1034 839 1062 866 '0
1078 839 1147 874 ἔχων
1175 839 1222 875 τὴν
1249 838 1405 874 φιλαυτίαν,
1429 838 1508 873 δῆλον
1533 837 1574 863 ὅτι
1600 836 1657 871 ἔχει
1680 837 1767 862 πάντα
1784 836 1818 862 τὰ

1029 886 1114 921 πάθη.

1066 976 1096 1004 θ’.
1114 975 1230 1009 οὐδεὶς,
1246 975 1328 1010 φησιν
1345 974 1515 1006 Ἀπόστολος,
1531 974 1588 1008 τὴν
1600 974 1709 1001 ἑαυτοῦ
1720 974 1820 1008 σάρκα

1029 1023 1177 1057 ἐμίσησεν
1187 1030 1193 1035 ·
1206 1022 1276 1048 ἀλλ’
1289 1019 1443 1049 ὑποπιάζει
1454 1019 1594 1052 δηλονότι
1610 1019 1658 1046 καὶ
1670 1019 1821 1053 δουλαγω-

1031 1067 1086 1103 γεῒ,
1105 1066 1188 1102 μηδὲν
1204 1065 1285 1092 πλέον
1300 1066 1368 1100 αὐτῇ
1395 1064 1536 1100 παρέχων,
1558 1064 1627 1100 πλὴν
1650 1064 1693 1091 διὰ
1718 1064 1821 1100 τροφῆς

1031 1114 1078 1140 καὶ
1093 1112 1297 1147 σκεπασμάτων
1311 1119 1317 1126 ·
1334 1111 1381 1138 καὶ
1396 1110 1498 1137 τούτων
1515 1110 1614 1146 μόνων,
1638 1110 1693 1137 τῶν
1710 1110 1777 1144 πρὸς
1791 1109 1822 1136 τδ

1032 1160 1083 1195 ζῇν
1095 1158 1261 1193 ἀναγκαίων.
1272 1156 1366 1188 Οὕτως
1378 1155 1424 1183 οὖν
1436 1156 1549 1187 ἀπαθῶς
1561 1164 1603 1187 τις
1620 1155 1715 1191 ἀγαπᾷ
1726 1155 1820 1190 αὑτήν·

1032 1205 1080 1231 καὶ
1103 1204 1140 1236 ὡς
1167 1203 1300 1239 ὑπηρέτιν
1323 1202 1376 1228 τῶν
1405 1202 1484 1227 θείων
1512 1201 1640 1236 ἐκτρέφει
1661 1201 1756 1236 αὐτὴν,
1775 1200 1823 1226 καὶ

1034 1251 1133 1278 θάλπει
1151 1251 1205 1281 τοῖς
1222 1249 1270 1284 τὴν
1291 1248 1396 1275 ἔνδειαν
1413 1247 1499 1283 αὐτῆς
1512 1245 1704 1282 ἀποπληροῦσι
1719 1245 1822 1281 μόνοις.

1073 1341 1098 1365 ι’.
1115 1338 1164 1364 ’⁷ον
1179 1345 1221 1368 τις
1237 1336 1341 1370 ἀγαπᾷ,
1357 1335 1450 1362 τοῦτον
1464 1335 1572 1366 πάντως
1589 1334 1636 1361 καὶ
1650 1334 1760 1360 σπεύδει
1777 1333 1824 1360 θε-

1038 1385 1177 1421 ραπεύειν.
1197 1384 1228 1410 El
1243 1381 1289 1410 οὖν
1301 1382 1346 1409 τὸν
1358 1382 1424 1409 Θεόν
1435 1391 1477 1413 τις
1490 1382 1596 1416 ἀγαπᾷ.
1612 1381 1721 1411 πάντως
1731 1380 1778 1407 καὶ
1791 1379 1826 1406 τὰ

1037 1431 1140 1467 ἀρεστὰ
1156 1430 1230 1466 αὑτῷ
1256 1429 1365 1456 σπεύδει
1389 1430 1496 1455 ποιεῖν·
1516 1429 1539 1454 εἰ
1553 1428 1581 1454 δὲ
1595 1427 1646 1463 τὴν
1666 1427 1767 1462 σάρκα,
1791 1426 1825 1452 τὰ

1037 1478 1140 1512 ταύτην
1151 1477 1284 1513 τέρποντα
1300 1476 1345 1502 ὲκτ
1350 1475 1429 1501 ελεῖν.

1076 1570 1121 1594 ια’.
1140 1566 1185 1602 Τῷ
1201 1566 1251 1601 μὲν
1266 1565 1326 1600 Θεῷ
1337 1565 1449 1600 ἀρέσκει
1465 1564 1559 1598 ἀγάπη
1585 1563 1631 1590 καὶ
1653 1562 1826 1597 σωφροσύνη,

1041 1613 1087 1639 καὶ
1107 1611 1207 1646 θεωρία
1219 1611 1266 1638 καὶ
1281 1610 1418 1646 προσευχὴ
1429 1617 1436 1625 ’
1456 1611 1488 1645 τῇ
1501 1609 1528 1635 δὲ
1543 1608 1635 1644 σαρκὶ,
1653 1616 1828 1643 γαστριμαρ-

1041 1659 1089 1693 γία
1113 1658 1159 1685 καὶ
1185 1657 1326 1689 ἀκολασία,
1354 1656 1401 1683 καὶ
1431 1655 1466 1682 τὰ
1491 1655 1594 1681 τούτων
1621 1654 1765 1689 αὑξητικά.
1781 1654 1830 1679 Διά

1041 1705 1130 1736 τοῦτο,
1143 1705 1175 1730 Οἱ
1190 1704 1225 1729 ἑν
1236 1703 1325 1736 σαρκὶ
1339 1701 1498 1735 ὄντες,Θεῷ
1511 1701 1616 1736 ἀρέσαι
1630 1701 1665 1727 οὐ
1674 1699 1829 1726 δύνανται.

1045 1752 1077 1777 Ol
1100 1751 1133 1776 δὲ
1146 1749 1198 1776 τοῦ
1217 1749 1358 1783 Χριστοῦ,
1373 1747 1430 1780 τὴν
1447 1747 1546 1781 σάρκα
1557 1747 1757 1780 ἐσταύρωσαν
1769 1744 1833 1772 σὺν

1042 1797 1105 1829 τοῖς
1119 1797 1275 1831 παθήμασι
1290 1795 1338 1822 καὶ
1352 1794 1416 1827 ταῖς
1430 1794 1608 1828 ἐπιθυμίαις.

1081 1843 1125 1878 ιβ’.
1149 1842 1178 1868 '0
1190 1842 1251 1872 νοῦς
1267 1842 1314 1868 ἐὰν
1333 1841 1382 1876 μὲν
1395 1840 1477 1875 νεύσῃ
1491 1839 1559 1875 πρὸς
1581 1838 1658 1869 Θεὸν,
1674 1837 1729 1873 ἔχει
1741 1836 1834 1864 δοῦλον

1044 1890 1074 1917 τὸ
1085 1890 1174 1924 σῶμα,
1189 1889 1236 1916 καὶ
1249 1888 1329 1915 πλέον
1342 1887 1418 1914 οὐδὲν
1435 1886 1510 1920 αὑτῷ
1524 1884 1640 1921 παρέχει
1656 1885 1710 1911 τῶν
1724 1884 1793 1919 πρὸς
1804 1883 1835 1910 τὺ

1045 1935 1095 1971 ζῇν
1107 1934 1265 1969 ἀναγκαίων
1276 1942 1283 1949 “
1301 1933 1348 1959 ἐὰν
1365 1932 1393 1959 δὲ
1409 1931 1493 1968 νεύσῃ
1507 1931 1574 1967 πρὸς
1590 1930 1639 1966 τὴν
1657 1930 1757 1965 σάρκα,
1773 1929 1835 1956 δου-

1046 1981 1139 2008 λοῦται
1155 1981 1211 2012 τοῖς
1242 1979 1353 2011 πάθεσι,
1370 1978 1498 2014 πρόνοιαν
1524 1976 1610 2012 αὐτῆς
1626 1976 1671 2003 ἀεὶ
1685 1977 1725 2008 είς
1739 1974 1836 2001 ἐπιθυ-

1048 2028 1112 2064 μίας
1128 2027 1298 2061 ποιούμενος.

1084 2076 1128 2107 ιγ’.
1140 2073 1172 2099 Et
1188 2071 1276 2103 θέλεις
1289 2070 1343 2096 τῶν
1367 2068 1508 2103 λογισμῶν
1528 2065 1726 2103 περιγίνεσθαι,
1743 2066 1841 2100 ἐπιμε-

1046 2119 1094 2146 λοῦ
1106 2118 1160 2145 τῶν
1178 2117 1283 2149 παθῶν,
1298 2116 1346 2142 καὶ
1362 2114 1483 2150 εὐχερῶς
1498 2114 1596 2145 αὐτοὺς
1612 2114 1645 2139 ἐκ
1659 2112 1707 2139 τοῦ
1719 2111 1767 2139 νοῦ
1785 2112 1840 2138 ἀπὸ

1047 2165 1150 2192 τούτων
1162 2163 1313 2195 ἐξελαύνεις
1328 2160 1389 2198 [Fr.
1401 2161 1433 2188 ὲκ
1443 2160 1490 2187 τοῦ
1502 2159 1549 2186 νοῦ
1566 2158 1748 2194 ἀπελαύνειςῙ.
1764 2156 1839 2190 Οἷον,

1049 2211 1096 2238 ἐπὶ
1109 2210 1157 2245 μὲν
1169 2209 1219 2242 τῆς
1241 2207 1379 2242 πορνείας,
1394 2207 1518 2241 νήστευε,
1533 2205 1677 2239 ἀγρύπνει.
1695 2204 1840 2235 κοπίασον,

1052 2256 1163 2284 ίδίασον.
1183 2255 1244 2282 Ἐπὶ
1257 2254 1285 2281 δὲ
1301 2254 1351 2288 τῆς
1365 2253 1451 2289 ὀργῆς
1464 2253 1512 2279 καὶ
1527 2252 1576 2285 τῆς
1586 2251 1684 2286 λύπης,
1701 2250 1842 2286 καταφρό-

1050 2311 1090 2329 νει
1104 2301 1184 2337 δόξης
1197 2300 1244 2327 καὶ
1261 2299 1373 2335 ἀτιμίας
1395 2298 1443 2325 καὶ
1457 2298 1511 2324 τῶν
1526 2297 1625 2324 ὑλικῶν
1638 2297 1809 2332 πραγμάτων
1820 2299 1840 2323 '.

1057 2348 1119 2375 Ἐπὶ
1132 2347 1161 2374 δὲ
1177 2347 1226 2382 τῆς
1241 2345 1435 2382 μνησικακίας,
1448 2343 1599 2380 προσεύχου
1612 2342 1683 2378 ὑπὲρ
1696 2342 1743 2369 τοῦ
1753 2342 1842 2378 λυπήο

1051 2403 1158 2427 σαντος,
1174 2393 1221 2420 καὶ
1233 2392 1404 2427 ἀπαλλάττῃ.

1087 2451 1128 2478 ιδ’.
1143 2450 1189 2486 Μὴ
1202 2450 1257 2477 τῶν
1271 2447 1423 2484 ἀνθρώπων
1443 2448 1499 2480 τοῖς
1517 2446 1722 2481 ἀσθενεστέροις
1745 2443 1844 2471 ἑαυτὸν

1051 2496 1235 2533 παραμέτρει,
1263 2494 1331 2522 ἀλλὰ
1356 2495 1389 2530 τῇ
1415 2493 1507 2528 ἐντολῇ
1531 2492 1581 2527 τῆς
1605 2491 1715 2525 ἀγάπης
1741 2490 1844 2525 μᾶλλον

1053 2542 1227 2578 παράτεινον.
1244 2540 1308 2572 Τοῖς
1326 2539 1376 2574 μὲν
1393 2537 1448 2573 γὰρ
1460 2536 1658 2572 παραμετρῶν,
1671 2536 1711 2567 είς
1732 2534 1779 2561 τὸν
1795 2534 1843 2569 βό-

1053 2588 1117 2622 θρον
1135 2587 1184 2623 τῆς
1194 2587 1309 2622 οἰήσεως
1327 2585 1490 2620 ἐμπίπτεις·
1507 2584 1540 2618 τῇ
1557 2582 1585 2609 δὲ
1600 2581 1783 2617 παρατείνων,
1801 2581 1843 2612 εις

1053 2633 1084 2659 τὺ
1096 2632 1163 2667 ὕψος
1179 2632 1228 2666 τῆς
1242 2629 1493 2664 ταπεινοφροσύνης
1507 2627 1682 2664 προκόπτεις.

1090 2681 1130 2705 ιε’.
1147 2678 1177 2704 Εί
1193 2677 1261 2708 ὅλως
1271 2676 1320 2711 τῆς
1331 2675 1398 2711 πρὸς
1415 2676 1462 2702 τὸν
1479 2674 1592 2710 πλησίον
1609 2673 1720 2708 ἀγάπης
1733 2671 1783 2707 τὴν
1799 2672 1845 2698 ἕνα

244 2757 268 2774 "
281 2757 382 2792 Ephes.
398 2765 427 2791 ν,
439 2756 486 2784 29.
524 2757 547 2772 ⁷⁵
561 2756 570 2784 l
585 2756 649 2783 Cor.
665 2765 702 2789 ιι,
717 2757 762 2784 27.
801 2757 824 2772 ⁷⁷
840 2757 920 2784 Rom.
937 2763 983 2783 vm

1073 2754 1095 2771 "
1107 2753 1193 2782 Galat.
1207 2761 1233 2787 ν,
1247 2753 1292 2780 24.
1330 2753 1354 2769 τ’
1369 2753 1448 2780 Rom.
1465 2760 1522 2784 xm,
1538 2751 1580 2778 Η.

245 2827 252 2837 ¹
270 2827 315 2854 Fr.
327 2827 486 2862 Σημείωσον
499 2826 557 2858 πῶς
569 2825 621 2862 χρὴ
636 2825 825 2861 περιγενέσθαι
841 2826 944 2853 παθῶν.
965 2826 985 2852 ’Δ

1050 2825 1111 2852 νωῡι
1127 2825 1156 2851 τδ
1166 2824 1288 2851 εἰκοστόν
1299 2831 1305 2838 ³
1319 2823 1444 2855 Observa,
1458 2821 1587 2858 quomodo
1597 2821 1648 2847 sint
1664 2818 1846 2852 expugnanda

210 2863 284 2890 vitia.
301 2861 368 2897 Legi:
387 2869 409 2888 ι’.
424 2861 467 2888 90.
