1948 3077
140 159 207 191 1021

583 162 752 193 CAPITUM
772 162 821 192 DE
840 161 1057 191 CHARITATE
1077 161 1272 192 CENTURIA
1292 162 1352 193 III.

1715 163 1784 194 1022

139 215 222 250 τολὴν
238 214 393 249 φυλάττεις,
414 214 485 251 ὑπὲρ
501 215 573 247 τίνος
588 216 624 250 (k)
636 216 687 251 τῆς
710 217 778 252 πρὸς
791 216 872 243 αὑτὸν
891 216 939 242 λύν-

998 217 1126 248 :ustodis.
1141 225 1191 245 cur
1206 217 1303 244 oﬂ‘ensi
1320 218 1347 244 in
1359 225 1421 244 cum
1441 217 1524 245 animi
1541 218 1717 245 acerbitatem
1735 226 1780 252 pa-

138 269 195 296 ιιι-ης
217 261 268 296 τὴν
284 261 400 296 πικρίαν
415 261 558 294 ἐντίκτεις,
577 261 593 297 ἢ
609 262 689 297 δῆλον
712 263 754 289 ὅτι
775 262 877 297 ταύτης
903 261 939 288 τὰ

139 306 299 341 πρόσκαιρα
314 305 458 341 προτιμῶν
471 306 520 333 καὶ
535 306 626 333 αὐτῶν
642 306 879 342 ἀντιποιούμενος,
892 306 938 333 τὸν

139 351 256 384 ἀδελφὸν
275 351 409 386 πολεμεῖς
424 360 431 385 ;

178 401 226 430 ις’.
241 397 279 424 Οὺ
296 397 341 424 διὰ
355 397 405 433 τὴν
418 397 515 434 χρείαν
532 397 660 425 τοσοῦτον
675 398 706 425 τὸ
728 397 839 433 χρυσίον
851 398 938 432 ζηλω-

139 444 186 470 τδν
201 444 258 475 τοῖς
272 443 430 478 ἀνθρώποις
451 443 576 478 γέγονεν,
593 444 656 471 ὅσον
676 444 708 471 τὺ
726 443 760 471 δι’
778 443 861 471 αὑτοῦ
876 444 938 475 τοὺς

140 488 256 520 πολλοὺς
274 488 324 520 τάς
343 488 442 524 ἡδονὰς
457 488 630 524 θεραπεύειν.

178 534 223 566 ιζ’.
247 533 317 570 Τρία
346 535 400 560 alat
415 534 449 561 τὰ
469 533 546 561 αἴτια
563 535 614 570 τῆς
633 533 689 561 τῶν
706 534 859 570 χρημάτων
872 534 940 568 ἀγά-

141 588 198 614 πης
213 579 282 613 (21),
305 580 458 616 φιληδονία,
481 580 620 613 κενοδοξία
642 581 691 608 καὶ
710 581 835 609 ἀπιστία.
852 580 940 608 Χαλε-

142 625 254 660 πωτέρα
269 625 297 652 δέ
312 625 366 652 τῶν
381 625 428 652 δύο
444 627 459 661 ή
477 626 593 654 ἀπιστία
603 625 784 664 καθέστηκεν.

180 712 226 748 ιη’.
253 713 282 739 '0
299 713 349 748 μὲν
366 714 509 749 φιλήδονος
532 714 629 751 ἀγαπᾷ
652 714 805 750 ἀργύριον,
833 714 878 741 ῐνα.
904 715 939 742 δι’

142 759 227 785 αὐτοῦ
239 760 366 796 τρυφήσῃ
377 768 383 775 ·
396 761 411 787 ὁ
435 760 463 788 δὲ
478 760 629 794 κενόδοξος,
657 761 703 788 ἵνα
715 761 750 788 δι’
765 760 847 788 αὑτοῦ
863 760 940 794 δοξα-

143 805 195 840 σθῇ
207 814 213 820 ·
230 807 244 832 ὁ
260 806 289 832 δέ
312 807 437 839 ἄπιστος,
455 807 499 833 ῐνα
516 807 609 843 κρύψῃ
636 808 684 835 καὶ
711 807 818 843 φυλάξῃ
831 827 839 838 ,
861 807 941 842 λιμὸν

143 851 324 886 φοϐούμενος,
345 852 361 888 ἦ
390 852 480 888 γῆρας
494 852 511 887 ἢ
538 853 616 880 νόσον
629 853 646 888 ἢ
664 853 796 886 ξενιτείαν
809 861 817 867 ⁸
831 854 879 880 καὶ
896 853 940 880 ἐπ’

990 263 1045 290 ris?
1064 263 1133 290 Num
1151 264 1231 298 plane
1244 263 1318 297 quod
1335 264 1519 298 temporaneis
1535 264 1617 290 rebus
1632 271 1691 290 eam
1707 268 1784 297 post—

988 307 1101 340 habeas,
1119 316 1150 336 ac
1168 309 1241 343 ipsas
1257 309 1341 341 colas,
1360 308 1439 336 fratri
1457 308 1581 335 infensus
1598 307 1727 335 exsistis?

1026 395 1069 423 16.
1089 396 1150 423 Non
1177 400 1232 423 tam
1253 395 1334 430 justre
1357 396 1530 424 necessitatis
1560 403 1659 428 causa,
1685 403 1784 423 aurum

989 441 1149 470 hominibus
1173 442 1358 477 expetendum
1384 442 1474 470 visum
1505 446 1565 475 est,
1595 450 1679 478 quam
1710 442 1783 477 quod

989 488 1089 523 vulgo:
1102 488 1259 522 voluptates
1273 487 1461 515 aelibidineni
1476 487 1524 515 illo
1539 487 1660 515 foveant.

1026 533 1069 560 17.
1090 533 1202 568 Triplex
1226 541 1309 561 causa
1329 537 1372 560 est
1397 541 1429 561 ac
1452 533 1523 561 ratio
1546 532 1680 568 diligendi
1699 540 1785 568 pecu-

989 578 1064 611 nias;
1087 579 1261 613 voluptatum
1280 586 1368 611 atnor,
1392 578 1481 606 inanis
1500 578 1587 613 gloria
1608 581 1637 605 et
1657 577 1784 605 diuiden-

989 623 1040 652 tia.
1068 624 1189 659 Utraque
1218 628 1312 652 autem
1339 625 1418 660 pejor
1440 632 1473 652 ac
1498 624 1618 652 deterior
1645 627 1687 651 est
1715 622 1785 650 dim-

990 669 1096 697 dentia.

1027 715 1072 743 18.
1091 715 1118 743 Is
1132 716 1244 750 quidem
1262 716 1310 750 qui
1324 715 1460 750 voluptati
1481 715 1592 743 deditus
1609 720 1662 748 est,
1681 715 1786 743 idcirco

990 761 1123 796 pecunias
1143 761 1243 797 diligit,
1265 765 1296 788 ut
1319 769 1369 796 per
1387 768 1435 788 eas
1457 760 1565 788 deliciis
1584 760 1690 787 diﬂ'luat
1710 768 1717 787 :
1737 759 1786 795 qui

991 811 1083 835 autem
1102 807 1192 834 inanis
1209 807 1302 842 gloriae
1324 806 1441 841 cupidus
1458 806 1541 842 429
1561 810 1613 839 est,
1628 810 1659 833 ut
1675 814 1725 840 per
1740 813 1787 833 eas

991 853 1079 888 gloria
1091 853 1194 888 fulgeat
1207 862 1214 879 :
1230 857 1267 885 at,
1281 853 1328 887 qui
1346 851 1497 880 ditﬁdentia
1512 852 1619 880 laborat
1633 860 1681 879 seu
1694 852 1786 879 incre-

143 896 220 931 αὑτῷ
233 897 333 932 μᾶλλον
347 897 464 931 ἐλπίζει,
481 899 497 934 ἢ
516 899 562 925 ἐπὶ
577 899 615 935 τῷ
636 899 696 935 Θεῷ
712 899 751 935 τῷ
775 900 868 935 πάσης
881 899 941 926 κτί-

998 898 1075 926 :lulus
1086 903 1138 931 est,
1153 902 1183 925 ut
1197 899 1318 926 occultet
1331 906 1363 925 ac
1375 901 1477 931 servet,
1495 898 1593 925 famem
1607 898 1718 930 timens,
1739 901 1788 924 aut

144 949 217 972 σεως
243 941 414 977 δημιουργῷ,
431 943 477 970 καὶ
495 944 644 979 προνοητῇ,
668 943 722 976 ἕως
744 944 798 972 τῶν
819 944 942 980 ἐσχάτων

144 987 194 1013 καὶ
213 987 387 1023 μικροτάτων
403 987 491 1020 ζώων.

181 1120 227 1148 ιθ’.
247 1121 387 1158 Τέσσαρές
404 1122 474 1148 εἰσιν
488 1123 513 1149 at
543 1122 769 1158 περιποιούμενοι
795 1123 941 1158 χρήματα·

143 1167 169 1194 οἱ
185 1167 383 1202 προειρημένοι
407 1169 493 1203 τρεῖς,
510 1167 559 1194 καὶ
574 1169 588 1194 ὀ
604 1167 786 1203 οἰκονομικός.
811 1168 899 1199 Μόνος
913 1167 942 1194 δέ

143 1210 224 1245 οὗτος
235 1213 357 1248 δηλονότι
372 1213 460 1249 ὀρθῶς
479 1215 674 1249 περιποιεῖται,
698 1214 741 1240 ἵνα
764 1214 872 1250 ἐκᾴστῳ
892 1214 942 1248 τὴν

142 1261 241 1297 χρείαν
253 1261 381 1296 παρέχων
396 1261 434 1297 μὴ
448 1260 574 1298 διαλείπῃ
587 1261 663 1288 ποτέ.

179 1403 217 1427 κ’.
233 1400 338 1432 Πάντες
361 1400 385 1426 οῑ
400 1400 534 1435 ἐμπαθεῖς
553 1400 679 1435 λογισμοὶ
693 1399 710 1436 ἢ
727 1399 758 1427 τὺ
776 1400 943 1436 ἐπιθυμητι-

142 1447 193 1473 κὸν
206 1447 257 1481 τῆς
268 1445 358 1481 ψυχῆς
381 1445 569 1481 ἐρεθίζουσιν,
586 1445 603 1481 ἢ
620 1445 650 1472 τὸ
664 1446 780 1482 Ουμικὺν
803 1447 941 1482 ἐκταράσ-

143 1500 248 1524 σουσιν,
263 1491 279 1526 ἢ
295 1491 326 1517 τὸ
335 1491 491 1525 λογιστικὸν
502 1490 706 1523 ἐπισκοτίζουσι
719 1499 725 1506 ·
739 1492 786 1518 καὶ
801 1492 832 1518 ἐκ
847 1491 942 1518 τούτου

144 1535 292 1571 συμϐαίνει
301 1535 348 1562 τὸν
365 1535 428 1563 νοῦν
442 1535 630 1571 όφθαλμιάσαι
644 1537 712 1572 πρὸς
725 1538 775 1572 τὴν
790 1545 942 1572 πνευματι-

143 1582 196 1618 κὴν
211 1581 339 1618 θεωρίαν,
353 1582 401 1608 καὶ
414 1582 463 1617 τὴν
482 1583 530 1617 τῆς
543 1583 700 1619 προσευχῆς
713 1583 857 1619 ἐκδημίαν.
886 1583 941 1610 Καὶ

142 1627 242 1655 τούτου
258 1628 338 1663 χάριν
352 1628 455 1663 ὀφείλει
467 1629 481 1654 ὀ
498 1629 627 1664 μοναχὸς,
644 1630 691 1656 καὶ
707 1630 827 1665 μάλιστα
843 1630 856 1656 ὁ
878 1630 942 1665 ἡσυ-

143 1673 251 1710 χάζων,
282 1674 404 1709 ἀκριὸὦς
428 1675 484 1706 τοῖς
498 1674 639 1709 λογισμοῖς
657 1675 811 1710 προσέχειν,
833 1676 881 1702 καὶ
893 1676 943 1707 τὰς

143 1719 249 1747 τούτων
264 1720 353 1752 αἰτίας
366 1720 414 1747 καὶ
428 1720 529 1754 γνῶναι
545 1720 593 1747 καὶ
609 1721 767 1748 ἐκκόπτειν.
792 1721 942 1747 Γινώσκειν

143 1766 174 1794 δὲ
188 1766 293 1798 οὕτως·
310 1764 377 1797 οἷον,
392 1766 545 1802 ἐρεθίζουσι
564 1766 595 1792 τὸ
617 1767 816 1802 ἐπιθυμητικὸν
829 1768 878 1801 τῆς
893 1767 944 1802 ψυ-

146 1813 198 1848 χῆς
212 1812 241 1838 αἱ
260 1812 395 1847 ἐμπαθεῖς
410 1812 516 1847 μνῆμαι
541 1811 596 1838 τῶν
612 1812 767 1846 γυναικῶν·
794 1812 897 1839 τούτων
915 1813 942 1839 δὲ

145 1857 234 1889 αἰτία,
251 1858 268 1892 ὴ
281 1857 338 1883 τῶν
353 1856 507 1892 βρωμάτων
522 1858 570 1884 καὶ
589 1858 722 1892 πομάτων
738 1858 870 1893 ἀκρασία,
896 1859 943 1885 καὶ

145 1905 162 1940 ἡ
183 1903 341 1930 αὐτῶντῶν
353 1903 493 1937 γυναικῶν
513 1902 603 1939 πυκνὴ
617 1904 663 1930 καὶ
683 1903 780 1938 ἄλογος
800 1904 941 1939 συντυχία.

146 1948 314 1984 Περικόπτει
330 1948 359 1975 δὲ
385 1948 487 1980 ταύτας
502 1950 585 1976 πεῖνα
597 1949 644 1975 καὶ
660 1949 725 1984 δίψα
739 1949 787 1976 καὶ
804 1949 944 1985 ἀγρυπνία

147 1996 194 2022 καὶ
206 1995 392 2031 ἀναχώρησις.
409 1995 462 2022 Τὸν
473 1995 502 2022 δέ
518 1995 604 2030 θυμὸν
620 1994 703 2022 πάλιν
728 1996 944 2031 ἐκταράσσουσιν

146 2043 175 2069 αἱ
189 2041 326 2077 ἐμπαθεῖς
343 2042 450 2077 μνῆμαι
466 2041 521 2069 τῶν
535 2041 732 2078 λυπησάντων·
746 2042 821 2068 αίτία
834 2042 863 2069 δὲ
882 2042 945 2069 τού-

146 2096 214 2120 των,
231 2086 373 2122 φιληδονία
388 2088 435 2114 καὶ
452 2087 590 2120 κενοδοξία
606 2087 654 2115 καὶ
675 2087 810 2122 φιλοῢλία.
825 2087 875 2114 Διὰ
891 2087 946 2123 γάρ

146 2133 236 2161 ταῦτα
251 2134 266 2160 ὁ
281 2133 411 2168 ἐμπαθὴς
431 2133 569 2164 λυπεῖται,
592 2132 609 2168 ἢ
635 2133 674 2164 ὡς
702 2133 856 2168 στερηθεὶς,
872 2133 889 2167 ἢ
907 2132 946 2165 ὡς

149 2179 189 2215 μὴ
204 2177 352 2214 ἐπιτυχών.
364 2178 529 2214 Περικόπτει
545 2178 573 2204 δὲ
584 2178 684 2210 ταύτας
708 2179 725 2213 ἡ
736 2178 840 2205 τούτων
855 2178 946 2205 αὐτῶν

993 948 1175 977 senectutem,
1196 949 1244 972 aut
1263 944 1406 977 morbum,
1430 948 1478 971 aut
1498 944 1648 972 incolatum
1671 952 1677 969 :
1700 943 1787 979 magis

993 991 1021 1018 in
1039 990 1090 1025 eis,
1108 998 1190 1025 quam
1215 990 1242 1017 in
1267 990 1334 1022 Deo,
1354 997 1447 1017 rerum
1467 989 1591 1016 omnium
1613 993 1736 1021 auctore,
1755 996 1788 1016 ac

993 1037 1041 1071 qui
1058 1035 1166 1063 cunctis
1178 1035 1332 1070 provideat,
1351 1035 1385 1062 ad
1403 1041 1540 1062 extremas
1557 1042 1645 1070 usque
1659 1035 1788 1063 minutis-

993 1083 1132 1117 simasque
1145 1082 1309 1115 animantes,
1322 1089 1399 1116 spem
1413 1089 1530 1116 ponens.

1029 1129 1073 1156 19.
1094 1128 1218 1160 Quatuor
1242 1132 1307 1155 sunt
1330 1127 1474 1154 hominum
1494 1135 1610 1162 genera,
1631 1126 1679 1161 qui
1701 1134 1786 1162 peeur

992 1175 1047 1203 niis
1069 1175 1196 1209 student;
1214 1176 1266 1203 tria
1289 1176 1345 1210 jam
1373 1176 1524 1207 nominata,
1545 1180 1573 1204 et
1595 1177 1674 1211 cujus
1696 1181 1789 1211 partes

993 1221 1172 1256 dispensandi
1199 1221 1270 1253 sint,
1295 1221 1339 1248 vel
1365 1221 1469 1255 publici
1491 1221 1533 1248 vel
1560 1221 1659 1256 privati
1684 1221 1786 1248 aerarii.

993 1267 1075 1295 Solus
1097 1273 1190 1294 autem
1214 1267 1261 1294 hic
1289 1271 1364 1294 recte
1384 1267 1418 1294 iis
1435 1275 1529 1294 curam
1554 1267 1647 1298 habet,
1665 1271 1696 1294 ut
1715 1274 1787 1294 nun-

993 1321 1075 1348 quam
1087 1312 1170 1345 desit,
1183 1320 1239 1348 quo
1250 1313 1331 1348 justas
1346 1313 1480 1349 cujusque
1491 1313 1651 1341 necessitati
1663 1312 1788 1340 sufﬁcere

997 1360 1095 1396 possit.

1028 1405 1073 1432 20.
1095 1405 1206 1433 Vitiosa:
1229 1412 1326 1432 omnes
1351 1413 1383 1433 ac
1409 1405 1566 1433 libidinosae
1589 1405 1787 1441 cogitationes,

994 1455 1042 1479 aut
1067 1451 1312 1486 concupiscentem
1336 1450 1421 1478 animi
1445 1455 1550 1486 partem
1576 1451 1723 1485 proritant,
1741 1455 1790 1477 aut

995 1496 1159 1523 irascentem
1177 1495 1356 1527 conturbant,
1374 1499 1421 1522 aut
1441 1496 1575 1522 rationem
1593 1495 1787 1522 obtenebrant.

995 1541 1119 1575 Hincque
1142 1540 1279 1575 contingit
1301 1540 1431 1568 caecutire
1454 1545 1576 1568 mentem
1596 1539 1669 1574 quod
1691 1539 1791 1566 attinet

993 1587 1028 1613 ad
1044 1586 1194 1620 spiritalem
1214 1586 1490 1621 contemplationem,
1507 1590 1536 1613 et
1557 1590 1588 1612 ut
1609 1588 1741 1620 evagetur
1762 1584 1790 1611 in

992 1632 1128 1659 oratione.
1148 1632 1254 1659 Idcirco
1272 1631 1354 1659 etiam
1370 1639 1461 1666 operte
1477 1631 1595 1666 pretium
1625 1635 1666 1657 est
1685 1634 1714 1656 ut
1730 1636 1790 1656 mo-

992 1678 1109 1710 naclms,
1126 1677 1244 1704 maxime
1258 1685 1325 1704 vero
1341 1676 1387 1712 qui
1401 1677 1542 1704 solitarius
1557 1680 1628 1711 agat,
1643 1675 1791 1709 diligenter

993 1723 1208 1759 cogitationibus
1231 1722 1353 1749 animum
1375 1722 1510 1754 attendat,
1526 1728 1677 1755 earumque
1694 1727 1791 1746 causas

994 1775 1052 1797 tum
1076 1769 1202 1801 noverit,
1228 1772 1286 1795 tum
1312 1768 1463 1795 exscindat.
1489 1767 1602 1794 Noverit
1622 1771 1713 1794 autem
1736 1766 1790 1793 hoc

994 1815 1052 1843 fere
1078 1815 1179 1846 modo,
1206 1814 1283 1841 verbi
1309 1814 1408 1849 gratia,
1434 1813 1675 1848 concupiscentem
1706 1811 1790 1839 animi

994 1865 1100 1896 partem
1115 1860 1254 1895 proritant
1264 1860 1418 1887 libidinosa:
1434 1860 1581 1887 mulierum
1596 1859 1718 1894 repetita:
1734 1866 1792 1885 me-

994 1906 1098 1934 moriae.
1124 1905 1227 1932 Harum
1255 1909 1347 1932 autern
1372 1913 1472 1937 causa,
1499 1905 1625 1932 ciborum
1654 1908 1790 1938 potusque

995 1951 1209 1987 intemperantia
1225 1955 1278 1984 est,
1300 1952 1478 1986 ipsarumque
1500 1950 1647 1977 mulierum
1665 1949 1791 1977 crebrius

995 2002 1128 2032 extraque
1149 1998 1286 2025 rationem
1308 1997 1429 2031 expetita
1454 1995 1600 2031 colloquia.
1618 1994 1792 2022 Exseindunt

996 2051 1062 2071 vero
1083 2043 1152 2075 haec,
1169 2043 1256 2070 fames
1271 2047 1299 2070 et
1315 2043 1374 2069 sitis
1387 2047 1415 2070 et
1430 2042 1540 2077 vigiliaa,
1554 2045 1583 2068 et
1600 2048 1725 2068 secessus
1742 2048 1790 2068 seu

997 2088 1156 2116 solitudinis
1169 2093 1278 2123 captata
1294 2088 1413 2115 silentia.
1431 2089 1481 2115 Irae
1496 2088 1552 2114 vim
1569 2095 1664 2114 rursus
1680 2090 1793 2114 contur—

997 2134 1074 2166 bant,
1094 2142 1156 2161 cum
1173 2134 1273 2161 ad‘ectu
1294 2135 1448 2169 conjunctae
1467 2141 1564 2160 eorum
1586 2132 1793 2159 recordationes

998 2181 1045 2216 qui
1062 2180 1191 2215 injuriam
1209 2179 1311 2207 fecere.
1328 2180 1431 2207 Harmn
1446 2184 1538 2206 autem
1553 2186 1645 2211 causa,
1667 2178 1792 2212 volupta-

147 2224 353 2259 καταφρόνησις
381 2225 428 2251 καὶ
453 2224 647 2257 ἑξουδένωσις,
672 2224 716 2251 διὰ
739 2223 789 2260 τὴν
809 2225 849 2256 είς
877 2224 943 2252 Θεὸν

999 2229 1056 2252 tum
1079 2224 1176 2257 libido,
1195 2224 1339 2259 inanisque
1357 2224 1444 2260 gloria
1463 2232 1494 2251 ac
1512 2228 1686 2250 terrenarum
1705 2230 1792 2249 amor.

147 2269 274 2303 ἀγάπην.

998 2270 1062 2298 Haec
1082 2270 1157 2297 enim
1179 2273 1254 2301 sunt,
1273 2277 1391 2304 quorum
1413 2277 1496 2296 causa
1520 2276 1640 2296 manere
1664 2267 1793 2300 atlicitur,

148 2316 198 2351 qui
214 2315 360 2343 atIectibus
377 2315 494 2349 laborat,
511 2316 554 2343 vel
570 2315 648 2350 quasi
663 2316 797 2348 amiserit,
827 2317 870 2343 vel
903 2317 977 2352 quod
997 2317 1111 2344 minimc
1131 2324 1245 2351 compos
1263 2316 1351 2343 factus
1368 2315 1414 2342 sit.
1436 2315 1499 2342 ch
1514 2322 1579 2342 vero
1594 2316 1727 2348 amputat,
1741 2313 1785 2340 ho-

150 2370 213 2390 rum
232 2361 355 2396 ipsorum
375 2365 551 2396 contemptus
571 2369 603 2389 ac
624 2361 775 2397 despectio,
789 2370 843 2396 qua
860 2363 946 2389 Deum
967 2363 1103 2391 charitate
1121 2362 1270 2398 diligimus.

185 2411 239 2435 za’.
256 2407 390 2434 Γινώσκει
406 2409 421 2435 ὁ
432 2408 497 2440 Θεὸς
511 2409 617 2441 ἑαυτὸν,
637 2410 768 2442 γινώσκει
786 2409 832 2436 καὶ¹
847 2410 880 2436 τὰ
899 2409 946 2435 ὑπ’

149 2453 235 2480 αὖτοῦ
249 2453 392 2487 γεγονότα.
419 2452 588 2480 Γινώσκουσι
613 2453 642 2480 δὲ
656 2453 704 2480 καὶ
717 2454 746 2479 αἱ
763 2453 838 2488 ἅγιαι
863 2454 947 2481 Δυνά-

151 2508 216 2535 μεις
233 2499 279 2526 ἰδν
294 2499 362 2526 Θεόν
373 2506 380 2513 ³
392 2498 558 2533 γινώσκουσι
571 2499 600 2525 δὲ
615 2499 663 2526 καὶ
674 2499 707 2525 τὰ
717 2499 770 2525 ὑπὸ
785 2498 852 2526 Θεοῦ
867 2508 946 2533 γεγο-

150 2547 227 2573 νίιτα.
247 2544 316 2571 Ἀλλ’
334 2545 383 2580 οὐχ
401 2545 440 2577 ὡς
460 2546 474 2572 ὁ
489 2545 555 2576 Θεὸς
573 2544 703 2580 γινώσκει
727 2545 822 2571 ἑαυτὸν
851 2544 898 2571 καὶ
914 2545 948 2572 τὰ

151 2591 200 2618 ὑπ’
213 2590 298 2618 αὑτοῦ
314 2591 458 2625 γεγονότα,
474 2590 546 2618 οὓτω
559 2591 607 2617 καὶ
621 2592 649 2617 αἱ
664 2591 741 2626 ἅγιαι
757 2591 892 2626 Δυνάμεις
903 2591 947 2618 τον

151 2635 222 2663 Θεὸν
234 2637 282 2662 καὶ
300 2636 334 2663 τὰ
353 2636 399 2662 ὑπ’
410 2636 494 2663 αὐτοῦ
509 2636 652 2670 γεγονότα.

191 2695 227 2729 (k)
248 2694 337 2728 ’Υπὲρ
351 2695 443 2726 τίνος.
461 2694 502 2721 Ab
512 2694 575 2725 hac,
592 2702 647 2721 non
662 2693 765 2721 infelici
778 2694 824 2720 illo
837 2693 948 2728 quidem

153 2731 326 2764 conjectura,
340 2730 397 2764 ipsa
411 2734 502 2756 tamen
531 2730 602 2756 haud
628 2729 742 2759 dillicili,
758 2730 799 2755 vel
818 2729 839 2755 si
868 2729 948 2755 codd.

153 2766 300 2795 dC‘TSSCnl,
317 2765 414 2799 incipit
431 2765 538 2797 Billius,
552 2764 734 2799 quorumdam
761 2764 869 2790 Maximi
906 2772 951 2791 ca-

153 2800 245 2834 pitum
260 2799 294 2826 de
310 2800 444 2827 cliaritatc
468 2799 708 2829 emendationan
740 2804 814 2826 tanta
847 2799 951 2826 scilicet

154 2835 243 2870 Augia
260 2840 362 2869 spreta.
379 2841 509 2869 quantam
528 2835 719 2869 superioribus
735 2834 833 2869 partim
858 2838 951 2860 (Μιλη-

155 2870 197 2902 di,
209 2878 242 2898 ac
257 2871 335 2904 quasi
347 2869 444 2905 digito,
459 2870 600 2897 nonnullis
633 2869 666 2896 ad
690 2870 829 2904 specimen
861 2869 950 2896 allatis

1033 2410 1078 2437 21.
1095 2410 1168 2436 Deus
1183 2417 1212 2436 se
1230 2409 1288 2442 ipse
1303 2405 1460 2442 cognoscit;
1479 2403 1619 2439 cognoscit
1636 2402 1718 2429 etiam
1733 2408 1793 2436 qua:

1000 2455 1035 2482 ab
1050 2455 1110 2490 ipso
1127 2453 1237 2481 condita
1252 2457 1326 2480 sunt.
1346 2451 1398 2478 Sed
1414 2455 1442 2477 ct
1458 2454 1559 2477 sancta:
1572 2448 1694 2475 Virtutes
1707 2447 1792 2473 Deum

1001 2502 1182 2535 cognoscunt;
1191 2498 1259 2532 quin
1272 2497 1354 2524 etiam
1365 2498 1546 2530 cognoscunt,
1556 2501 1618 2528 quae
1631 2500 1646 2519 a
1658 2492 1714 2518 Deo
1727 2498 1793 2518 con-

1003 2546 1059 2573 dita
1073 2548 1147 2573 sunt.
1165 2543 1198 2570 At
1212 2551 1268 2570 non
1283 2542 1353 2569 sicut
1369 2542 1441 2568 Deus
1451 2548 1480 2568 se
1491 2541 1581 2574 ipsum
1593 2536 1744 2572 cognoscit,
1761 2543 1794 2563 ac

1001 2597 1062 2625 qua:
1078 2590 1111 2617 ab
1125 2589 1185 2624 ipso
1199 2588 1308 2616 condita
1319 2591 1394 2618 sunt,
1410 2586 1450 2613 sic
1465 2585 1547 2612 etiam
1557 2587 1659 2611 sanctae
1671 2582 1793 2609 Virtutes

1000 2636 1086 2664 Deum
1093 2639 1274 2671 cognoscunt,
1283 2641 1314 2661 ac
1322 2640 1383 2668 qute
1397 2632 1453 2659 Deo
1464 2635 1579 2658 auctore
1593 2628 1704 2656 condita
1718 2630 1791 2654 sunt.

974 2684 976 2687 I
1001 2701 1033 2721 ac
1048 2693 1165 2724 sufﬁxis,
1182 2690 1345 2719 monstravi.
1376 2689 1433 2716 Nec
1459 2685 1691 2724 insequentibus
1713 2684 1794 2718 longe

1000 2719 1207 2762 fererniajorem
1239 2727 1282 2752 vir
1305 2726 1403 2762 doctus
1429 2719 1794 2762 adhibet—diligentiam,nt

1000 2754 1127 2798 ξιὶἱόίιίιιῖ
1144 2763 1171 2789 in
1187 2762 1305 2798 Maximo
1331 2760 1451 2798 positum
1465 2793 1469 2798 _
1481 2764 1582 2798 operae,
1607 2754 1792 2798 hauddmagrli

1000 2793 1045 2830 sit,
1057 2805 1212 2832 quanquam
1227 2802 1255 2825 et
1285 2793 1343 2831 ipse
1370 2793 1588 2822 eruditissimum
1612 2793 1704 2818 virum
1729 2795 1793 2817 cum

1000 2838 1132 2869 aguosctt.
