1948 3077
165 148 233 182 102‘!

742 153 773 182 S.
794 150 937 181 MAXIM!
957 150 1211 179 CONFESSORIS

1719 148 1788 180 102$

197 206 243 232 ‘22.
261 205 334 233 Deus
355 206 413 241 ipse
437 206 569 241 seipsum,
587 214 620 234 ex
641 207 720 234 beata
742 215 792 235 sua
812 206 952 242 cognoscit

1039 207 1091 242 κβ’.
1110 207 1140 234 '0
1154 207 1204 242 μὲν
1225 206 1292 238 Θεὸς
1315 206 1410 234 ἑαυτὸν
1427 207 1567 241 γινώσκει,
1584 206 1618 234 ἐκ
1631 206 1680 241 τῆς
1698 215 1790 242 pana.-

164 252 302 285 essentia;
320 259 381 287 qua:
407 255 499 279 autem
524 252 583 287 ipso
607 253 689 288 ωε)
709 259 821 282 auctore
843 256 953 284 condita

164 301 238 328 sunt,
254 305 287 323 ex
301 305 349 324 sua
371 297 525 332 sapientia;
546 305 596 332 per
608 306 701 333 quam,
718 303 746 327 et
763 300 790 327 in
803 309 856 335 qua
875 309 953 329 crea—

165 341 204 368 \it
226 342 327 370 omnia.
346 342 452 369 Sanctm
475 347 566 370 autem
584 344 717 376 Virtutes,
735 345 821 373 Deum
841 347 953 380 quidem

165 386 375 421 participatione
388 392 569 422 cognoscunt,
582 389 630 423 qui
646 389 733 424 major
747 390 783 417 sit
798 390 871 417 omni
888 398 953 426 par-

165 431 340 466 ticipatione;
359 440 403 460 res
424 437 517 461 autem
537 434 572 461 ab
587 442 620 461 eo
639 435 776 468 conditas,
792 436 907 472 legendo
922 445 954 465 ac

163 476 343 511 percipiendo
357 486 418 513 quze
434 479 461 505 in
475 479 517 506 eis
530 480 650 507 rationes
666 488 698 508 ac
715 489 795 508 sensa
809 487 882 510 sunt.

197 521 242 549 25.
260 522 341 550 Extra
358 527 477 551 mentem
500 529 563 551 sunt
584 533 628 552 res
645 531 760 559 creatzn;
773 535 869 555 earum
887 535 954 555 vero

163 566 237 594 intra
255 575 285 594 se
308 569 425 596 assumit
449 570 719 605 contemplationem.
742 572 819 600 llaud
841 581 906 600 vero
924 581 954 602 se

164 622 208 641 res
230 615 267 642 ita
289 615 371 643 habet
396 616 424 643 in
445 617 513 650 Deo,
529 618 575 652 qui
598 619 794 654 sempiternus,
817 620 952 653 inﬁnitus,

165 659 326 693 immensus,
347 665 405 688 tum
430 662 513 690 rebus
544 663 638 690 tribuit
663 669 694 691 ut
717 669 818 698 essent,
841 670 899 693 tum
924 670 955 694 ut

163 706 233 733 bene
248 706 384 742 beateque
400 715 433 735 ac
448 708 476 734 in
492 714 654 743 perpetuum
670 714 772 737 essent.

197 751 242 779 24.
261 752 379 780 Ratione
399 754 555 789 mentisque
570 755 751 791 intelligentia
765 760 845 784 utens
858 765 952 787 essen-

163 795 201 824 tia
216 804 264 824 seu
278 801 386 830 natura,
401 798 449 826 Dei
462 800 548 827 sancti
561 800 698 835 particeps
711 807 753 828 est
767 801 836 837 (ejus
848 802 955 830 scilicet

163 842 295 870 bonitatis
306 848 334 871 et
345 845 496 880 sapientiae)
509 853 543 872 eo
555 846 627 881 quod
640 851 692 878 est,
704 852 732 874 et
742 847 816 881 quod
830 852 859 874 ut
875 848 954 876 beata

1006 253 1065 289 ρίας
1092 253 1185 285 οὐσίας
1200 252 1300 281 αὑτοῦ·
1325 253 1359 280 τὰ
1383 253 1413 280 δὲ
1436 254 1481 280 ὑπ’
1499 253 1582 281 αὐτοῦ
1596 253 1735 288 γεγονότα,
1757 253 1790 280 ὲκ

1003 300 1054 334 τῆς
1070 300 1165 334 σοφίας
1176 299 1259 327 αὐτοῦ
1270 308 1276 315 ·
1300 299 1334 326 δι’
1346 296 1380 336 ἧς
1396 300 1444 327 καὶ
1461 300 1490 326 ὲν
1540 299 1574 326 τὰ
1590 299 1680 327 πάντα
1695 298 1790 333 ἐποίη-

1004 353 1058 372 σεν.
1069 346 1101 371 Δί
1115 345 1142 371 δὲ
1152 345 1370 381 ἇγιαιΔυνάμεις
1391 346 1437 372 τὸν
1449 346 1498 381 μὲν
1513 346 1580 372 Θεὸν
1594 347 1694 380 μετοχῇ
1708 345 1789 379 γινώ-

1004 397 1125 421 σκουσιν,
1143 389 1212 424 ὑπὲρ
1232 390 1349 425 μετοχὴν
1365 389 1429 417 ὅντα
1440 398 1446 404 ·
1463 391 1496 416 τὰ
1514 390 1542 416 δὲ
1557 390 1603 416 ὑπ’
1614 389 1697 417 αὑτοῦ
1711 398 1791 425 γεγο-

1004 435 1078 469 νότα,
1095 435 1228 471 ἀναλήψει
1244 435 1298 463 τῶν
1317 437 1346 462 ὲν
1361 436 1453 468 αὐτοῖς
1469 435 1665 471 Θεωρημάτων.

1040 523 1093 559 κγ’.
1109 524 1181 557 Ἔξω
1196 524 1245 559 μὲν
1261 523 1308 551 τοῦ
1335 524 1381 551 νοῦ
1396 525 1450 551 εισι
1463 524 1498 552 τὰ
1512 524 1643 558 γεγονότα
1652 532 1661 539 δ
1675 523 1750 550 ἔνδον
1761 523 1790 549 δὲ

1004 569 1053 604 τὴν
1072 570 1162 596 αὐτῶν
1179 570 1297 606 θεωρίαν
1312 570 1507 606 ἀναλαμὸάνει.
1524 570 1582 606 Οὐχ
1604 569 1691 601 οὕτως
1701 570 1730 596 δὲ
1744 570 1791 596 ἐπὶ

1004 616 1072 643 Θεοῦ
1089 616 1136 643 τοῦ
1159 616 1244 643 ἀϊδίου
1265 617 1312 644 καὶ
1335 617 1449 652 ἀπείρου
1473 617 1522 644 καὶ
1545 617 1683 651 ἀορίστου,
1698 616 1745 642 καί
1760 616 1791 641 τὸ

1005 659 1074 688 εῖναι
1090 660 1137 688 καὶ
1151 659 1180 687 εὖ
1194 659 1264 688 εἶναι
1278 661 1325 688 καὶ
1344 661 1387 688 ἀεὶ
1405 659 1475 688 εἶναι
1491 662 1546 693 τοῖς
1561 659 1622 688 οὖσι
1638 660 1790 696 χαρισαμέ-

1003 713 1060 732 νου.

1040 751 1089 780 κδ’.
1103 751 1171 779 Θεοῦ
1187 752 1296 787 μετέχει
1309 751 1447 786 τοῦάγίου
1463 752 1479 787 ὴ
1493 750 1635 786 λογιστικὴ
1647 751 1694 777 καὶ
1710 749 1792 784 νοερὰ

1004 797 1095 830 οὐσία,
1118 798 1193 834 αὑτῷ
1210 807 1240 825 τε
1266 798 1305 833 τῷ
1319 796 1399 829 εἶναι.
1420 797 1475 832 ,καὶ
1493 799 1526 832 τῇ
1551 797 1619 832 πρὸς
1633 796 1664 822 τδ
1678 793 1707 822 εὖ
1722 793 1792 822 εἶναι

1004 843 1204 879 ἐπιτηδειότητι
1214 851 1221 858 ·
1233 843 1400 879 ἀγαθότητός
1413 843 1443 869 τέ
1461 851 1544 878 φημι,
1559 843 1606 869 καὶ
1621 841 1715 876 σοφίας
1725 848 1733 855 ·
1745 841 1792 867 καὶ

164 886 199 912 sit
220 886 317 915 idonea
336 892 395 922 est;
420 897 474 923 qua
497 890 562 917 item
589 891 675 925 gratia
703 891 732 918 in
754 893 952 927 sempiternum

1009 891 1037 925 τῇ
1052 889 1119 925 πρὸς
1134 890 1164 916 τὺ
1173 889 1218 917 ἀεὶ
1227 888 1297 918 εἶναι
1312 890 1416 926 χάριτι.
1432 889 1527 925 Ταύτῃ
1540 888 1586 916 οὖν
1601 889 1647 916 τὸν
1668 889 1735 915 Θεὸν
1754 897 1793 922 γι-

163 942 223 961 csse
246 939 345 970 potest.
369 935 425 964 Hac
447 937 540 972 itaque
563 939 671 966 ratione
691 939 777 966 Deum
801 941 952 975 cognoscit.

165 981 218 1008 lies
233 986 326 1010 autem
349 983 384 1010 ab
407 991 440 1011 co
462 984 597 1017 conditas,
613 992 685 1017 eam,
698 993 758 1019 quin
771 985 799 1012 in
814 985 868 1014 illis
886 987 954 1014 arti-

165 1027 259 1055 ticiose
280 1029 392 1057 elucens
417 1030 620 1062 consideratur,
642 1031 681 1058 uti
704 1031 809 1058 dictum
832 1036 892 1063 est,
917 1032 956 1060 le-

163 1071 252 1105 gendo
274 1080 306 1099 ac
328 1074 505 1108 percipiendo
525 1074 704 1109 sapientiam;
723 1083 784 1110 quae
805 1075 863 1110 ipsa
881 1076 954 1104 nuda

162 1120 204 1142 est
228 1124 260 1144 ac
281 1117 408 1152 simplex,
426 1127 482 1146 non
504 1127 569 1146 vere
590 1124 621 1146 ut
640 1120 753 1148 exsistat
772 1120 954 1149 substantiam

163 1161 277 1196 habens,
292 1163 339 1190 sed
356 1164 384 1191 in
399 1170 491 1192 mente
506 1165 670 1193 consistens.

197 1208 241 1235 ‘25.
259 1209 384 1242 Quattuor
397 1210 504 1238 divinas
518 1211 607 1244 dotes,
622 1212 724 1246 quibus
741 1221 786 1240 res
801 1213 954 1246 contineat,

163 1253 308 1288 foveatque
323 1262 355 1282 ac
369 1256 522 1283 incolumes
538 1262 659 1291 praestet,
672 1265 722 1293 per
735 1266 870 1286 summam
883 1259 956 1287 Deus

164 1298 331 1332 bonitatem,
355 1301 582 1334 communicavit,
607 1302 787 1338 producendo
809 1305 956 1332 essentiam

163 1349 211 1368 seu
226 1347 351 1370 naturam
367 1348 489 1372 utentem
506 1345 613 1373 ratione
627 1350 655 1373 et
668 1346 866 1381 intelligentem
882 1358 888 1374 :
904 1347 957 1375 hoc

164 1392 263 1420 nempe
279 1386 352 1420 quod
365 1392 407 1414 est
420 1396 481 1415 esse
496 1392 524 1416 et
539 1397 650 1424 semper
660 1398 731 1423 esse,
750 1391 956 1427 bonitatemque

161 1434 190 1456 et
206 1431 379 1465 sapientiam.
394 1432 518 1465 Quorum
534 1433 600 1465 duo,
616 1435 743 1462 essentiae
757 1436 868 1469 tribuit;
888 1437 957 1464 duo-

162 1482 216 1509 que
232 1476 347 1510 reliqua,
362 1478 512 1505 voluntatis
528 1479 675 1513 aptitudini
689 1487 721 1507 ac
739 1480 847 1508 arbitrii
867 1481 957 1516 (boni-

163 1523 247 1548 tatem
260 1521 366 1549 scilicet
378 1526 405 1549 et
416 1523 592 1560 sapientiam)
606 1525 720 1561 utquod
733 1526 790 1561 ipse
803 1534 852 1560 per
863 1534 957 1560 essen-

163 1567 229 1593 tiam
257 1572 315 1599 est,
342 1568 369 1594 id
397 1573 523 1596 creatura
551 1570 625 1597 illius
651 1572 818 1599 commercio
843 1573 950 1600 evadat.
969 1561 990 1589 ο

162 1612 282 1647 Eiusque
304 1621 400 1647 causa,
425 1614 496 1642 facta
517 1615 620 1643 dicitur
639 1617 673 1644 ad
691 1618 738 1644 Dei
761 1617 906 1653 imaginem
924 1624 951 1647 et

162 1657 370 1686 similitudinem
383 1659 417 1686 "°.
433 1660 472 1688 Ae
486 1661 596 1695 quidem
618 1661 651 1688 ad
671 1662 828 1697 imaginem,
845 1667 875 1690 ut
892 1671 952 1698 quae

162 1703 208 1734 sit,
223 1703 283 1738 ejus
299 1704 346 1739 qui
366 1708 424 1738 est;
447 1713 479 1733 ac
501 1715 562 1741 qua:
584 1715 693 1742 semper
708 1708 753 1739 sit,
768 1709 827 1742 ejus
845 1708 891 1742 qui
911 1713 953 1736 est

162 1756 284 1783 semper;
305 1758 463 1785 quanquam
488 1759 544 1779 non
565 1752 598 1780 ab
612 1757 715 1781 aeterno
730 1758 758 1780 et
775 1754 834 1780 sine
849 1754 954 1788 princi-

163 1793 218 1827 pio,
235 1794 263 1821 in
281 1800 418 1823 :eternum
442 1801 546 1829 tamen,
560 1802 588 1825 et
612 1803 642 1825 ut
657 1798 684 1826 ei
704 1798 777 1833 quod
799 1804 842 1826 est
862 1799 954 1827 nullus

162 1838 225 1866 linis
250 1841 389 1868 succedat.
412 1841 453 1868 Ad
481 1842 691 1871 similitudinem
718 1836 800 1877 vero,
824 1849 952 1879 tanquam

162 1885 261 1919 bonus,
279 1888 337 1922 ejus
354 1888 400 1922 qui
421 1889 512 1917 bonus
532 1894 584 1922 est,
600 1894 629 1917 et
648 1894 677 1918 ut
692 1891 812 1925 sapiens,
830 1892 890 1926 ejus
906 1891 954 1926 qui

1005 933 1115 963 νώσκει.
1136 935 1176 963 Τὰ
1195 936 1223 963 δὲ
1239 937 1284 963 ὑπ’
1298 936 1382 962 αὑτοῦ
1397 936 1538 970 γεγονότα,
1552 937 1585 971 τῇ
1599 934 1742 970 ἀναλήψει,
1755 935 1793 966 ὡς

1005 980 1123 1017 εἴρηται,
1138 983 1188 1018 τῆς
1202 984 1231 1009 ὲν
1245 984 1302 1014 τοῖς
1319 983 1443 1017 γεγονόσι
1459 982 1650 1018 Θεωρουμένης
1666 981 1793 1017 τεχνικῆς

1007 1028 1102 1062 σοφίας
1116 1028 1190 1063 (2ἳ)·
1211 1029 1272 1064 ἣτις
1298 1028 1357 1055 ἐστὶ
1383 1028 1449 1064 ψιλὴ
1469 1029 1512 1064 (ί)
1537 1029 1586 1055 καὶ
1607 1028 1792 1058 ἀνυπόστατος

1005 1073 1034 1099 ἐν
1045 1073 1083 1108 τῷ
1101 1073 1137 1109 νῷ
1153 1073 1348 1110 συνισταμένη.

1042 1200 1091 1228 κε’.
1117 1202 1247 1238 Τέσσαρα
1277 1202 1331 1229 τῶν
1359 1201 1439 1229 θείων
1467 1202 1629 1237 ἰδιωμάτων,
1645 1203 1794 1229 συνεκτικά

1006 1249 1053 1275 καὶ
1067 1249 1238 1284 φρουρητικὰ
1254 1249 1301 1275 καὶ
1312 1248 1479 1275 διασωστικά
1491 1248 1545 1275 τῶν
1559 1248 1653 1280 ὄντων,
1664 1248 1697 1275 δι’
1707 1249 1794 1283 ἄκραν

1006 1295 1162 1329 ἀγαθότητα
1181 1294 1384 1329 ὲκοινοποίησεν
1401 1296 1415 1321 ὁ
1429 1295 1506 1327 Θεὸς,
1523 1294 1694 1330 παραγαγὼν
1713 1295 1752 1326 εἰς
1764 1295 1794 1320 τὸ

1006 1337 1076 1365 εἶναι
1091 1339 1140 1374 τὴν
1162 1339 1273 1374 λογικὴν
1292 1339 1340 1366 καὶ
1365 1338 1462 1374 νοεράν
1479 1339 1588 1366 οὐσίαν·
1605 1340 1635 1366 τὸ
1654 1340 1694 1370 ὂν,
1709 1340 1738 1366 τὸ
1749 1340 1793 1366 ἀεὶ

1006 1384 1047 1416 ὃν,
1065 1384 1114 1420 τὴν
1129 1384 1287 1419 ἀγαϐότητα
1309 1384 1357 1412 καὶ
1371 1385 1479 1419 σοφίαν.
1501 1384 1610 1412 Τούτων
1625 1385 1658 1411 τὰ
1685 1385 1733 1420 μὲν
1748 1385 1794 1412 δύο

1006 1432 1040 1466 τῇ
1054 1430 1132 1465 οὐσίᾳ
1148 1429 1286 1465 παρέσχε’
1313 1430 1346 1456 τὰ
1361 1430 1388 1456 δὲ
1403 1430 1460 1462 δύο,
1481 1433 1514 1466 τῇ
1543 1432 1669 1466 γνωμικῇ
1697 1432 1794 1465 ἐπιτηυ

1007 1476 1123 1511 δειότητι
1135 1484 1141 1490 ·
1158 1475 1207 1511 τὴν
1220 1475 1376 1511 ἀγαθότητα
1389 1476 1435 1502 καὶ
1456 1476 1505 1510 τὴν
1522 1476 1618 1510 σοφίαν
1632 1485 1638 1490 “
1658 1476 1702 1503 ἴνα
1722 1476 1793 1511 ἅπερ

1007 1521 1080 1548 ἐστὶν
1095 1522 1176 1553 αὑτὴ-ς
1192 1522 1252 1549 κατ’
1264 1521 1368 1553 οὐσίαν,
1380 1522 1489 1557 γίνηται
1504 1523 1520 1556 ἡ
1533 1522 1621 1554 κτίσις
1635 1521 1704 1548 κοιτά
1728 1531 1794 1557 μετ-

1006 1567 1110 1593 ουσίαν.
1122 1567 1171 1593 Διά
1186 1567 1289 1602 ταύτην
1303 1566 1426 1603 [Calecas
1438 1567 1548 1603 ταῦτα],
1562 1567 1608 1593 καὶ
1624 1568 1684 1594 κατ’
1701 1567 1794 1594 εἰκόνα

1007 1612 1054 1638 καὶ
1073 1611 1203 1647 ὁμοίωσιν
1221 1611 1289 1638 Θεοῦ
1315 1612 1424 1646 λέγεται
1450 1612 1626 1647 γεγενῆσθαι.
1654 1612 1710 1639 Καὶ
1734 1614 1792 1639 κατ’

1005 1657 1098 1684 εὶκόνα
1113 1657 1173 1693 μὲν,
1186 1658 1223 1690 ὡς
1239 1657 1279 1691 ὃν,
1295 1658 1370 1689 ὄντος
1382 1666 1389 1673 ’
1409 1659 1456 1685 καὶ⁸
1479 1658 1516 1690 ὡς
1536 1658 1578 1685 ἀεὶ
1591 1658 1631 1691 ὃν,
1652 1659 1695 1685 ἀεὶ
1708 1659 1793 1690 ὄντος·

1005 1705 1031 1730 εἰ
1046 1704 1093 1730 καὶ
1109 1705 1147 1740 μὴ
1163 1705 1298 1741 ἀνάρχως,
1322 1704 1379 1731 ἀλλ’
1399 1704 1584 1740 ἀτελευτήτως
1595 1712 1602 1719 ’
1628 1704 1796 1740 καθ’ὁμοίω-

1009 1759 1050 1777 σιν
1062 1750 1100 1782 δὲ,
1121 1752 1158 1782 ὼς
1186 1751 1300 1784 ἀγαθὸς,
1318 1750 1422 1784 ἀγαθοῦ
1434 1759 1440 1766 ·
1457 1751 1504 1777 καὶ
1529 1751 1566 1782 ὼς
1585 1751 1678 1785 σοφὸς,
1693 1750 1793 1785 σοφοῦ·

1007 1797 1054 1822 τοῦ
1071 1796 1142 1823 κατὰ
1158 1796 1249 1831 φύσιν,
1265 1797 1279 1822 ὁ
1293 1797 1363 1823 κατὰ
1376 1796 1466 1832 χάριν.
1481 1797 1536 1822 Καὶ
1547 1797 1605 1822 κατ’
1617 1796 1710 1823 είκόνα
1732 1796 1793 1831 μὲν,

1008 1844 1082 1870 πᾶσα
1094 1843 1174 1878 φύσις
1190 1843 1285 1878 λογική
1301 1843 1360 1870 ἐστι
1374 1843 1421 1870 τοῦ
1434 1843 1502 1870 Θεοῦ
1513 1851 1519 1858 ·
1539 1843 1599 1870 καθ’
1611 1843 1741 1877 ὁμοίωσιν
1753 1843 1794 1874 δὲ,

1010 1890 1085 1924 μόνοι
1100 1891 1124 1916 ot
1137 1890 1236 1924 ἀγαθοὶ
1249 1890 1296 1917 καὶ
1311 1891 1398 1925 σοφοί.

161 1933 272 1968 sapiens
286 1939 345 1968 est;
363 1937 432 1971 ejus,
447 1936 494 1972 qui
513 1944 561 1971 per
578 1942 716 1969 naturam,
727 1938 750 1965 is
767 1931 814 1972 qui
829 1945 879 1972 per
893 1936 1007 1972 gratiam
1026 1944 1056 1964 ac
1073 1936 1167 1963 divino
1182 1944 1308 1964 munere.
1336 1936 1425 1972 Atque
1449 1936 1485 1964 ad
1516 1935 1563 1963 Dei
1596 1935 1708 1971 quidem
1724 1936 1795 1964 inta~

161 1979 252 2014 ginem
275 1985 317 2008 est
335 1982 425 2010 onmis
445 1987 544 2010 natura
563 1987 644 2010 utens
679 1983 808 2011 ratione:

159 2025 307 2053 exsistunt.

195 2071 240 2099 26.
258 2072 352 2100 Omnis
365 2073 518 2101 substantia
532 2074 637 2102 ratione
650 2079 731 2102 utens
742 2082 774 2102 ae
786 2075 952 2111 intelligens,

162 2117 189 2144 in
216 2117 286 2145 duos
311 2118 399 2146 divisa
425 2119 538 2146 ordines
561 2125 620 2153 est;
645 2120 673 2147 in
699 2125 826 2148 naturam
849 2122 955 2149 scilicet

160 2162 310 2197 angelicam
329 2167 358 2190 et
373 2163 532 2190 humanam.
548 2164 709 2199 Rursusque
724 2166 847 2200 angelica
863 2166 954 2194 omnis

160 2212 269 2239 natura,
288 2208 314 2234 in
336 2208 406 2235 duas
426 2209 596 2238 universales
614 2211 771 2239 voluntates
794 2216 953 2247 turmasque

161 2251 248 2278 divisa
261 2256 313 2284 est,
329 2257 385 2280 tum
401 2254 507 2281 scilicet
524 2259 632 2282 sanctas
642 2255 720 2291 ἀεὶ]
737 2261 794 2282 tum
806 2256 951 2290 scelestas;

161 2296 214 2324 hoc
235 2301 287 2330 est,
306 2298 334 2325 in
357 2306 466 2326 sanctas
490 2299 678 2328 Fortitudines
698 2306 726 2328 et
749 2301 872 2336 impuros
897 2301 952 2328 da:-

161 2351 266 2371 moncs.
281 2344 377 2372 Omnis
392 2345 456 2372 item
474 2346 592 2374 humana
608 2351 717 2379 natura,
728 2347 755 2373 in
769 2347 837 2374 duas
849 2347 948 2374 solumc

161 2389 243 2417 modo
265 2390 352 2418 divisa
371 2396 412 2419 est
430 2392 600 2420 universales
617 2393 773 2421 voluntates
791 2400 824 2420 ac
843 2397 953 2421 sentcn-

162 2435 227 2468 tias;
243 2436 303 2471 pias
317 2437 424 2465 scilicet
439 2443 468 2466 et
481 2438 589 2473 impias.
835 2431 841 2437 ’

197 2516 220 2532 ⁸⁸
238 2516 306 2544 Gcn.
325 2524 345 2548 ι,
360 2516 406 2544 26.

197 2584 228 2617 (Ι)
249 2584 327 2616 Ἡτις
342 2583 501 2618 scrip-1.11).
514 2583 617 2619 Nempe
630 2592 681 2618 pro
691 2583 871 2612 fundamento
885 2589 950 2612 sunt

161 2619 226 2660 ipsa:
249 2622 392 2660 crepitum,
410 2624 439 2646 ut
466 2619 699 2660 divinammipsatn
721 2620 898 2660 sapientiam.
917 2627 949 2646 ac

162 2654 282 2680 rationes
296 2653 322 2680 in
336 2653 392 2680 Deo
408 2659 567 2681 connotant.
583 2653 630 2681 Sic
643 2655 716 2681 enim
730 2653 832 2682 dicitur
841 2654 950 2688 sapien-

161 2689 228 2715 tiam
241 2688 374 2716 effudisse
385 2697 468 2724 super
476 2690 568 2716 omnia
578 2697 661 2724 opera
677 2697 725 2716 sua
735 2698 743 2722 ;
753 2698 805 2724 qua
819 2689 949 2716 nimirum

161 2723 254 2751 divina
267 2732 315 2751 sua
329 2729 387 2751 arte
402 2724 438 2751 ita
462 2723 604 2756 condidit;
625 2730 654 2751 ut
668 2723 768 2751 earum
788 2724 947 2751 considera-

161 2757 236 2786 tione
245 2763 273 2785 et
288 2759 479 2794 intelligentia,
500 2763 605 2787 naturae
623 2759 807 2794 intelligentes
823 2759 887 2793 ipsw
905 2766 948 2785 sa‘

163 2793 293 2827 pientiam
308 2794 335 2821 in
349 2793 441 2821 mente
453 2794 658 2827 consistentem,
683 2794 842 2829 ignorantia:
863 2802 949 2829 oppo-

161 2829 252 2861 sitam,
270 2829 413 2863 acquirant
425 2837 432 2860 ;
445 2829 522 2863 quasi
534 2829 589 2855 Deo
602 2837 650 2864 per
663 2835 804 2856 creaturas
814 2829 930 2856 docente
941 2849 947 2859 .

161 2871 222 2892 cum
246 2864 303 2898 ipse
316 2864 349 2891 ab
362 2864 416 2891 illis
430 2863 497 2891 nihil
511 2863 638 2899 accipiat,
660 2864 707 2891 sed
719 2864 746 2890 in
755 2865 888 2899 sapientia
901 2872 949 2891 sua

844 1983 878 2011 ad
914 1982 1124 2011 similitudinem
1143 1991 1220 2015 vero,
1241 1982 1260 2009 ii
1283 1982 1416 2010 duntaxat
1440 1983 1488 2017 qui
1512 1982 1576 2010 boni
1601 1986 1629 2010 et
1655 1982 1797 2017 sapientes

1045 2077 1099 2106 κζ’.
1112 2074 1193 2100 Πᾶσα
1208 2072 1224 2107 ή
1246 2071 1343 2107 λογικὴ
1359 2071 1406 2098 καὶ
1418 2071 1498 2106 νοερά
1518 2070 1597 2097 οὐσία
1612 2070 1739 2106 διῄρηται
1754 2072 1796 2103 εἰς

1007 2121 1068 2148 δύο·
1087 2119 1237 2151 τουτέστιν,
1255 2119 1295 2150 εἰς
1311 2118 1360 2153 τὴν
1385 2117 1534 2152 ἀγγελικὴν
1555 2117 1604 2143 καὶ
1618 2117 1668 2151 τὴν
1687 2116 1795 2153 ἀνθρω-

1008 2167 1089 2202 πίνην
1104 2165 1194 2201 φύσιν.
1210 2164 1265 2191 Καὶ
1279 2165 1354 2191 πᾶσα
1379 2164 1395 2199 ἡ
1424 2162 1557 2198 ἀγγελικὴ
1574 2163 1655 2197 φύσις
1669 2162 1796 2198 διῄρηται

1007 2213 1088 2241 πάλιν
1100 2214 1139 2245 είς
1153 2212 1199 2239 δύο
1215 2211 1362 2242 καθολικὰς
1376 2211 1488 2246 γνώμας
1502 2219 1532 2237 τε
1551 2211 1599 2238 καὶ
1615 2210 1716 2244 ἀγέλας
1733 2211 1794 2246 (nt),

1007 2261 1086 2294 ἁγίας
1103 2268 1132 2286 τε
1142 2259 1189 2286 καὶ
1204 2259 1312 2291 ὲναγεῐς
1322 2265 1328 2271 ·
1343 2257 1491 2289 τουτέστιν,
1509 2258 1550 2288 είς
1566 2257 1644 2291 ἁγίας
1659 2256 1794 2291 Δυνάμεις

1005 2305 1053 2332 καὶ
1072 2304 1245 2339 ἀκαθάρτους
1263 2303 1403 2337 δαίμονας.
1422 2302 1478 2328 Καὶ
1495 2302 1571 2329 πᾶσα
1592 2302 1608 2337 ἠ
1635 2301 1794 2337 ἀνθρωπίνη

1005 2350 1133 2386 διῄρηται
1147 2350 1186 2381 είς
1200 2348 1313 2384 γνώμας
1330 2348 1410 2384 μόνον
1434 2347 1582 2380 καθολικάς
1599 2347 1656 2380 δύο,
1671 2347 1795 2380 εὑσεὸεἶς

1005 2397 1077 2432 λέγω
1092 2396 1139 2424 καὶ
1153 2395 1271 2427 ἀσεϐεῖς.

1001 2587 1030 2611 et
1048 2588 1125 2615 arte;
1159 2582 1198 2617 (in
1228 2582 1340 2610 decreto
1362 2589 1418 2609 suae
1444 2579 1605 2616 voluntatis)
1627 2589 1699 2609 unus
1722 2582 1793 2617 ipse.

1003 2619 1094 2645 omnia
1108 2626 1168 2652 qua:
1179 2622 1244 2644 sunt
1261 2618 1316 2652 ullo
1330 2617 1420 2649 modo,
1435 2621 1591 2652 cognoscat.

1039 2653 1086 2691 (m_)
1117 2650 1173 2684 Ἐίς
1182 2650 1416 2691 δύο-κάρολικὰς
1430 2650 1548 2691 γνώμας
1565 2650 1659 2691 τρίτα.)
1670 2651 1791 2691 ἀγέλαςζ

1002 2685 1080 2721 Quod
1092 2693 1152 2726 erat
1176 2686 1486 2726 ἀγγελικὰςς,“ιιιρξιάυιιι
1502 2685 1621 2726 .agnovit
1631 2685 1727 2716 Gesn..
1744 2687 1793 2726 sed

1002 2723 1150 2750 emendare
1164 2730 1219 2749 non
1234 2721 1428 2757 potuit.l\'obis
1443 2721 1572 2748 restituto
1586 2725 1662 2757 textu
1672 2729 1737 2747 mss.
1752 2721 1794 2747 ni-

1003 2758 1102 2793 hiljam
1115 2757 1224 2793 dillicilc
1233 2755 1365 2793 occurrit.
1379 2756 1561 2793 Negnccesse
1575 2755 1701 2793 pluribus
1713 2763 1795 2782 vexa-

1002 2790 1132 2830 rc,'qnod
1149 2792 1252 2826 Obsop.
1270 2792 1369 2830 illeque
1382 2791 1580 2830 reddiderunt...
1602 2790 1716 2830 Pnaastet
1739 2798 1793 2830 upa

1003 2824 1114 2863 spongia
1142 2824 1241 2854 cuncta
1262 2824 1366 2860 delere,
1380 2834 1462 2861 qualn
1481 2826 1598 2861 singulis
1613 2824 1794 2861 suggillandis

1004 2867 1112 2898 tempus
1122 2862 1209 2891 otiose
1228 2866 1327 2889 terere.
