1948 3077
143 159 218 194 1025

570 168 738 197 CAI’ITUM
758 167 806 196 DE
827 164 1041 195 CIIARITATE
1059 164 1253 194 CENTURIA
1274 164 1331 195 ΠΙ.

1703 162 1770 198 1025

178 223 229 256 κζ’.
248 223 278 249 ’0
299 222 347 258 μὲν
370 223 436 255 Θεὸς
455 226 493 255 ὥς
507 222 692 258 αὑτοΰπαρξις
723 221 760 248 ὢν
779 222 827 247 καὶ
848 221 950 251 αὐτο-Α

1016 221 1060 248 27.
1077 221 1150 248 Deus
1164 221 1275 255 quidem
1289 220 1335 255 qui
1355 221 1411 255 ipsa
1427 228 1476 255 per
1491 229 1520 248 se
1531 221 1664 249 exsistcns
1679 230 1774 250 essem

143 270 278 304 αταϋότης
292 269 339 295 καὶ
350 269 498 303 αὐτοσοφία
513 277 521 284 ο
538 269 637 304 μᾶλλον
654 268 682 294 δὲ
695 267 876 303 ἀληθέστερον
891 267 926 293 et-

144 315 214 346 πεῖν,
229 315 275 341 καὶ
292 314 362 348 ὑπὲρ
377 314 462 340 ταῦτα
476 315 574 347 πάντα,
594 313 671 340 οὐδὲν
691 313 748 348 ἔχει
764 313 794 340 τὸ
822 312 931 339 σύνολον

143 359 275 386 ἐναντίον.
295 359 336 385 Τὰ
349 359 377 384 δὲ
395 359 543 393 κτίσματα,
565 359 602 390 ὡς
624 359 713 385 πάντα
745 357 794 393 μὲν
823 357 931 391 μεθέξει

144 406 190 432 καὶ
213 406 304 440 χάριτι
330 404 380 440 τὴν
400 404 517 440 ὓπαρξιν
540 399 636 439 ἔχοντα
652 412 659 419 ·
683 403 718 430 τὰ
734 403 761 430 δὲ
774 403 870 437 λογικὰ
885 403 932 429 καὶ¹

143 450 235 485 νοερὰ.
249 451 296 477 καὶ
311 450 360 486 τὴν
370 451 536 485 ἀγαῦότητος
549 451 597 477 καὶ
613 450 707 485 σοφίας
717 449 930 484 ἐπιτηδειότητα,

144 496 200 531 ἔχει
218 497 338 523 ἐναντίον
350 505 357 511 ·
378 498 411 532 τῇ
430 496 478 531 μὲν
492 496 618 531 ὑπάρξει,
634 497 664 522 τὸ
681 496 719 531 μὴ
735 495 867 530 ὑπάρχειν
878 503 884 509 ·
898 495 932 529 τῇ

142 542 170 568 δὲ
186 542 236 576 τῆς
252 542 422 578 ἁγαοότητος
438 543 485 568 καὶ
500 542 595 576 σοφίας
613 541 820 576 ἐπιτηδειότητι,
837 539 933 566 κακίαν

144 589 189 614 καὶ
203 588 350 621 ἀγιωσίαν.
369 588 422 614 Καὶ
439 588 470 613 τὸ
488 588 538 622 μὲν
553 587 689 622 ὑπάρχειν
701 585 772 621 ἀεὶῆ
792 587 829 621 μὴ
846 585 935 620 ὑπάρ-

144 643 201 668 χειν
218 634 304 660 ταῦτα
319 633 376 669 IFr.
392 634 425 660 τὰ
442 634 539 667 λογικὰ
555 633 603 660 καὶ
616 632 719 669 vespa},
735 633 763 658 ὲν
777 634 809 667 τῇ
825 631 934 666 ἐξουσίᾳ

143 680 191 705 τοῦ
209 680 389 713 πεποιηκότος
403 680 461 706 ἐστί
472 687 478 694 '
489 680 518 706 τὺ
528 679 556 705 δὲ
572 679 695 714 μετέχειν
706 679 755 713 τῆς
769 678 935 712 ἁγλοότητος

147 724 230 750 αὑτοῦ
250 725 298 750 καὶ
317 726 363 759 τῆς
378 724 474 764 σοφίαί
577 724 710 760 μετέχειν,
721 725 749 750 ἐν
760 725 792 759 τῇ
810 723 935 758 βουλήσει

144 770 198 796 τῶν
209 769 325 804 λογικῶν
337 770 466 805 ὑπάρχει.

179 913 235 945 κη’.
250 910 282 936 Οἱ
304 910 352 944 μὲν
369 909 497 944 Ἕλληνες
516 909 555 943 (η)
582 908 611 940 ἐξ
628 908 713 934 ἀϊδίου
730 907 853 941 λέγοντες
876 916 936 934 συν-

145 956 280 991 υπὰρχειν
293 955 332 989 τῷ
351 954 410 990 Θεῷ
424 954 474 989 τὴν
486 953 540 980 τῶν
558 953 642 979 ὅντων
656 952 758 983 οὐσίαν,
769 952 818 983 τὰς
826 952 857 978 δὲ
872 951 938 987 περὶ

144 1002 230 1036 αὐτὴν
254 1001 400 1035 ποιότητας
424 1000 503 1034 μόνον
517 999 548 1032 ἐξ
559 999 642 1025 αὐτοῦ
656 999 800 1034 ἐσχηκέναι
816 1006 823 1014 ·
841 1000 874 1034 τῇ
888 998 938 1033 μὲν

144 1048 236 1082 οὐσίᾳ,
254 1047 330 1074 οὐδὲν
346 1047 469 1080 λέγουσιν
482 1045 603 1072 ἐναντίον
616 1052 622 1059 ·
641 1046 670 1071 ἐν
685 1045 713 1071 δὲ
732 1046 792 1076 ταῖς
813 1044 938 1079 ποιότησι

147 1093 253 1128 μέναις,
271 1091 320 1127 τὴν
348 1091 504 1118 ἐναντίωσιν
524 1088 604 1117 εἷναι.
626 1090 722 1124 Ἡμεῖς
743 1089 772 1115 δὲ
793 1089 876 1124 μόνην
896 1089 938 1115 λέ-

145 1146 231 1172 γομεν
245 1138 294 1172 τὴν
310 1137 385 1164 θείαν
397 1137 490 1163 οὐσίαν
520 1135 556 1172 μὴ
582 1136 655 1171 ἔχειν
683 1144 709 1162 τι
738 1134 868 1165 ἑναντΙον,
900 1135 938 1166 ὡς

147 1181 233 1208 ἀΐδιόν
250 1189 280 1207 τε
296 1178 380 1207 οὖσαν
396 1180 442 1207 καὶ
455 1180 581 1215 ἄπειρον,
593 1180 640 1206 καὶ
651 1179 799 1214 mamma;
810 1178 938 1214 ἀλλήλαις

146 1227 312 1263 χαριστικήν
329 1236 336 1242 ·
353 1229 386 1262 τῇ
403 1227 430 1253 δὲ
445 1227 499 1253 τῶν
512 1227 596 1253 ὄντων
611 1226 699 1261 οὐσίᾳ,
711 1223 781 1252 εἶναι
797 1225 845 1260 μὲν
856 1226 886 1252 τὸ
901 1225 938 1261 μὴ

144 1274 175 1300 ὃν
183 1274 315 1300 ἐναντίον·
328 1274 375 1300 καὶ
388 1274 416 1299 ἐν
428 1275 460 1309 τῇ
475 1273 584 1308 ἐξουσίᾳ
595 1272 641 1300 τοῦ
655 1272 757 1308 κυρίως
768 1273 842 1302 ὄντος
853 1271 939 1306 ὑπάρ-

147 1330 215 1356 χειν,
230 1322 262 1347 τὺ
277 1321 320 1347 ἀεὶ
340 1318 410 1347 εἶναι
426 1319 510 1354 αὐτὴν
536 1319 552 1354 ἦ
575 1320 612 1354 μὴ
638 1317 718 1351 εἶναι,
741 1318 937 1353 ἀμεταμέλητα

148 1366 176 1392 δὲ
191 1362 262 1391 εἶναι
281 1365 315 1391 τὰ
343 1364 501 1400 χαρίσματα
518 1363 610 1389 αὑτοῦ.
633 1363 688 1388 Καὶ
713 1362 756 1388 διὰ
782 1361 872 1393 τοῦτο,
893 1361 940 1388 καὶ

148 1411 224 1438 ἔστιν
249 1411 302 1443 ἀεὶ,
323 1411 370 1436 καὶ
396 1409 472 1436 ἔσται
495 1410 528 1444 τῇ
558 1408 796 1443 παντοκρατορικῇ
827 1407 939 1442 δυνάμει

149 1456 380 1492 διακρατουμένη,
408 1457 433 1482 εἰ
461 1455 508 1482 καὶ
530 1454 587 1490 ἔχει
612 1454 641 1481 τὸ
660 1454 697 1489 μὴ
712 1453 741 1480 ὃν
758 1454 887 1484 ἐναντίον,
903 1453 941 1484 ὡς

148 1503 270 1538 εἴρηται,
285 1503 323 1534 ὡς
340 1503 372 1528 ὲκ
388 1502 425 1537 μὴ
448 1501 523 1532 ὄντος
540 1502 580 1532 εἰς
606 1499 637 1526 τὸ
660 1498 730 1526 εἶναι
757 1499 939 1534 παραχοεϊσα,

982 267 1019 294 tia
1030 272 1058 294 et
1070 267 1180 294 bonitas
1195 271 1224 294 et
1241 267 1374 301 sapientia
1392 267 1445 299 sit;
1461 268 1526 301 quin
1541 273 1569 295 ct
1586 268 1629 295 his
1644 269 1774 298 omnibus

983 312 1025 348 (ut
1040 313 1134 339 verius
1148 312 1255 347 loquar)
1277 313 1403 346 superior
1422 313 1549 346 exsistat;
1569 314 1636 341 nihil
1660 323 1774 349 prorsus

982 359 1066 386 habet
1080 359 1263 386 contrarium.
1273 358 1370 386 Creata
1382 366 1458 391 vero,
1475 364 1506 386 ut
1518 360 1590 394 quod
1606 361 1698 389 omnia
1711 370 1775 396 par—
1792 379 1794 381 -

984 405 1142 439 ticipatione
1159 412 1249 440 exque
1271 405 1357 439 gratia
1371 405 1500 437 habeant,
1516 406 1590 440 quod
1611 411 1675 434 sunt
1687 408 1716 434 in
1732 416 1775 435 re-

983 458 1044 477 rum
1066 455 1179 483 natura;
1195 451 1300 477 utentia
1315 458 1423 486 quoque
1439 452 1544 478 ratione
1567 459 1598 479 ac
1617 453 1773 488 intelligen-

985 495 1033 528 tia,
1049 496 1122 530 quod
1139 495 1270 523 bonitatis
1283 504 1314 523 ac
1331 497 1473 531 sapientia:
1487 498 1660 532 capessenda:
1677 499 1775 527 idonea

984 542 1127 573 exsistant,
1146 542 1314 569 contrarium
1334 542 1452 574 habent;
1467 543 1633 571 exsistentia:
1651 545 1773 579 quidem.

984 594 1040 613 non
1062 587 1266 620 exsistcntiam;
1292 587 1466 622 capessendae
1492 596 1558 615 vero
1587 589 1719 617 bonitatis
1743 599 1775 618 ac

986 632 1126 666 sapientia:
1146 632 1304 667 aptitudini,
1328 633 1389 659 vitii
1416 634 1578 667 pravitatem
1596 639 1624 661 et
1648 636 1776 670 ignoran-

987 677 1063 704 tiam.
1080 677 1118 704 Ac
1132 678 1241 712 quidem
1256 683 1287 705 ut
1305 678 1363 705 haec
1379 686 1488 713 semper
1501 679 1634 707 exsistant
1654 686 1701 708 aut
1720 690 1774 709 non

986 723 1129 755 exsistant,
1145 724 1206 759 ejus
1223 724 1270 758 qui
1284 723 1409 751 condidit
1430 725 1537 752 arbitrii
1555 729 1598 752 est
1617 730 1645 752 et
1657 730 1777 760 potesta-

988 767 1023 795 tis
1037 776 1044 794 :
1058 772 1088 795 ut
1104 773 1196 795 autem
1216 768 1289 795 illius
1304 768 1435 795 bonitatis
1446 773 1474 795 et
1485 769 1626 803 sapientiae
1642 778 1776 798 commer-

987 814 1031 842 cio
1046 815 1183 850 gaudeant
1195 815 1237 842 vel
1253 822 1310 841 non
1328 814 1474 849 gaudeant,
1493 815 1521 841 in
1543 815 1601 849 ipsa
1621 816 1776 844 animorum

989 861 1129 888 voluntate
1144 861 1280 888 consistit.

1023 907 1067 934 28.
1082 907 1179 939 Graici,
1203 907 1250 942 qui
1272 915 1365 934 rerum
1387 908 1535 936 essentiam
1549 917 1579 937 ac
1596 910 1777 938 substantiam

988 951 1023 978 ab
1038 956 1143 979 aeterno
1163 952 1244 979 simul
1268 959 1330 978 cum
1346 952 1403 979 Deo
1423 953 1559 981 exstitisse
1578 954 1681 988 dicant,
1693 955 1779 982 solas-

988 1006 1042 1033 que
1071 998 1105 1025 ab
1119 1005 1153 1025 eo
1165 998 1303 1033 accepisse
1321 999 1467 1032 qualitates
1485 1007 1545 1034 qua:
1565 1008 1624 1027 eam
1639 1001 1778 1035 amiciant,

987 1042 1113 1070 essentia:
1128 1043 1239 1076 quidem
1261 1050 1293 1069 ac
1316 1043 1485 1075 substantiae,
1511 1044 1607 1071 dicunt
1628 1046 1695 1072 nihil
1719 1054 1778 1075 esse

988 1088 1172 1121 contrarium;
1184 1096 1348 1124 omnemque
1358 1089 1428 1116 adeo
1439 1091 1662 1118 contrarietatem
1676 1091 1703 1119 in
1713 1092 1777 1119 solis

988 1134 1166 1169 qualitatibus
1185 1142 1257 1162 esse.
1281 1134 1336 1162 Nos
1358 1138 1450 1162 autem
1468 1144 1551 1163 unam
1573 1137 1693 1164 divinam
1715 1138 1781 1165 sub-

987 1181 1127 1212 stantiam,
1146 1180 1266 1208 dicimus
1288 1182 1362 1208 omni
1384 1182 1522 1209 contrario
1545 1190 1654 1216 carere;
1679 1184 1780 1219 quippe

988 1231 1119 1254 azternam
1135 1231 1162 1254 et
1179 1227 1325 1260 inﬁnitam,
1341 1227 1448 1262 hocque
1467 1228 1558 1262 ipsum
1581 1229 1696 1264 reliquis
1711 1238 1780 1264 prae-

989 1276 1118 1304 stantem,
1142 1276 1172 1298 ut
1195 1279 1304 1306 semper
1325 1277 1353 1299 et
1376 1273 1441 1307 ipsa
1463 1280 1641 1307 permaneant
1662 1284 1668 1301 :
1686 1283 1780 1303 rerum

989 1324 1056 1344 vero
1073 1317 1233 1344 substantiae
1256 1317 1283 1344 id
1308 1318 1477 1345 contrarium
1492 1326 1553 1346 esse
1575 1321 1779 1353 contendimus,

990 1361 1064 1396 quod
1085 1367 1128 1388 est
1146 1369 1201 1388 non
1224 1369 1284 1388 esse
1306 1369 1338 1388 ac
1358 1361 1491 1395 nihilum;
1515 1363 1598 1397 inque
1619 1363 1694 1390 illius
1707 1364 1782 1398 quod

990 1416 1054 1435 vere
1069 1415 1102 1434 ac
1118 1408 1229 1442 proprie
1246 1412 1289 1435 est
1305 1408 1423 1442 positum
1439 1413 1585 1443 potestate,
1602 1414 1631 1437 ut
1648 1410 1693 1437 illa
1711 1417 1783 1437 sem-

991 1462 1041 1490 per
1056 1454 1179 1486 exsistat,
1196 1458 1243 1481 aut
1264 1461 1319 1480 non
1335 1454 1459 1481 exsistat.
1475 1454 1595 1482 Tametsi
1616 1456 1676 1490 ejus
1697 1455 1783 1482 dono-

992 1509 1053 1528 rum
1069 1500 1142 1527 haud
1167 1500 1255 1535 ipsum
1272 1500 1404 1534 poeniteat
1419 1501 1453 1527 ει.
1478 1501 1572 1535 anue
1596 1501 1702 1528 ratione
1722 1508 1783 1529 esse

149 1549 197 1574 καὶ
212 1549 242 1574 ὲν
257 1548 290 1583 τῇ
307 1547 432 1583 βουλήσει
450 1545 532 1573 αὑτοῦ
546 1545 646 1580 ἔχουσα
665 1545 695 1571 τὸ
722 1542 793 1571 εἶναι
817 1545 901 1580 αὐτὴν
923 1544 940 1579 ἢ

995 1554 1053 1574 eam
1068 1554 1176 1581 semper
1188 1554 1220 1573 ac
1234 1546 1292 1573 fore
1307 1547 1430 1573 omnium
1445 1547 1647 1574 conservatrice
1662 1547 1784 1582 potentia

151 1594 189 1629 μὴ
199 1592 279 1621 εἶναι.

995 1593 1029 1620 ad
1047 1591 1328 1627 perennitatem‘eam
1344 1592 1514 1624 continente,
1531 1593 1639 1620 tametsi
1656 1600 1711 1620 non
1725 1600 1784 1620 esse

150 1644 234 1675 atque
247 1639 364 1666 nihilum
380 1637 547 1666 contrarium
561 1637 654 1670 habet,
671 1636 711 1664 uti
726 1636 828 1663 dictum
841 1641 893 1669 est,
911 1642 941 1666 ut
959 1647 1020 1674 quae
1035 1646 1068 1666 ex
1088 1638 1175 1665 nihilo
1196 1642 1228 1665 ut
1250 1641 1333 1670 esset,
1368 1637 1513 1672 producta,
1532 1637 1560 1664 in
1593 1646 1646 1665 una
1667 1638 1727 1672 ejus
1739 1645 1785 1664 vo.

150 1686 258 1714 luntate
274 1686 326 1713 hoc
339 1684 412 1720 quod
426 1689 468 1712 est
480 1692 540 1711 eam
556 1692 615 1712 esse
635 1683 679 1710 vel
697 1691 751 1719 non
764 1690 835 1715 esse,
850 1683 944 1711 habet.

187 1733 240 1761 xﬂ'.
261 1733 368 1768 Ὠσπερ
383 1732 412 1758 τὸ
427 1732 510 1758 κακὸν
529 1730 658 1766 στέρησίς
675 1731 749 1757 ἐστιν
763 1730 877 1765 ἀγαθοῦ,
895 1731 943 1757 καὶ

153 1782 171 1816 ἡ
190 1779 314 1814 ἀγνωσία
328 1778 454 1814 στέρησίς
468 1778 527 1804 ἐστι
545 1776 671 1811 γνώσεως
683 1784 690 1791 ·
710 1775 782 1802 οὕτω
797 1776 843 1803 καὶ
862 1776 892 1803 τὸ
905 1777 942 1812 μὴ

151 1828 184 1854 ἰν
205 1826 331 1861 στέρησίς
346 1827 402 1851 ἐστι
415 1823 462 1851 τοῦ
477 1824 552 1854 ὄντος
566 1831 574 1839 θ
591 1822 621 1849 οὺ
638 1822 684 1848 τοῦ
697 1822 799 1858 κυρίως
814 1822 942 1854 δὲ’ὕντος-

153 1873 204 1899 οὐκ
232 1873 288 1907 ἔχει
309 1871 363 1906 γὰρ
379 1871 499 1898 ἐναντίον
516 1878 523 1886 ·
541 1869 609 1896 ἀλλὰ
621 1869 669 1895 τοῦ
686 1868 755 1895 κατὰ
776 1868 884 1904 μέθεξιν
895 1867 943 1895 τοῦ

155 1918 258 1953 κυρίως
275 1917 361 1948 ὄντος.
383 1916 439 1943 Καὶ
461 1917 488 1942 αἱ
505 1916 553 1952 μὲν
566 1915 619 1942 τῶν
644 1915 785 1951 προτέρων
801 1915 945 1949 στερήσεις

153 1966 186 1998 τῇ
201 1963 298 1998 γνώμῃ
312 1962 366 1988 τῶν
376 1961 526 1996 γεγονότων
538 1960 651 1986 ἕπονται
663 1966 670 1975 '
685 1959 701 1994 ἠ
713 1958 741 1985 δὲ
751 1957 797 1985 τοῦ
816 1958 944 1993 δευτέρου

154 2012 184 2036 ὲν
203 2010 236 2044 τῇ
254 2009 380 2044 βουλήσει
396 2007 443 2034 τοῦ
456 2006 638 2042 πεποιηκότος
651 2005 804 2040 ὑπάρχεται
816 2012 824 2020 ·
841 2004 887 2031 τοῦ
902 2004 946 2031 ἀεὶ

154 2056 188 2082 δι’
204 2055 362 2090 ἀγαῦὁτητα
379 2053 541 2090 βουλομένου
567 2051 637 2079 εἶναι
659 2051 694 2078 τὰ
726 2051 801 2084 ὄντα,
825 2051 874 2078 καὶ
901 2050 945 2078 ἀεὶ

155 2102 202 2129 ὑπ’
217 2101 299 2128 αὑτοῦ
318 2099 529 2136 εὐεργετείσθαι.

193 2231 227 2258 λ’.
248 2230 340 2258 Πάντα
355 2229 390 2257 τὰ
401 2229 541 2264 γεγονότα,
568 2227 603 2255 τὰ
628 2227 678 2262 μέν
703 2228 757 2254 εισι
776 2226 875 2261 λογικὰ
899 2226 943 2253 καῖ

159 2277 253 2312 νοερὰ,
273 2276 387 2303 καὶτῶν
399 2275 530 2302 statvi:th
545 2274 656 2301 δεκτικά
673 2282 680 2290 ·
700 2271 766 2304 οἷον,
783 2273 883 2309 ἀρετῆς
901 2273 949 2300 καὶ

159 2323 272 2356 κακίας,
288 2322 335 2349 καὶ
350 2321 476 2356 γνώσεως
500 2321 548 2348 καὶ
567 2319 703 2354 ἀγνωσίας
717 2327 723 2334 ·
742 2319 776 2345 τὰ
790 2319 818 2345 δὲ
836 2318 951 2354 σώματα.

159 2369 288 2404 διάφορα,
303 2368 336 2394 ὲκ
349 2367 404 2394 τῶν
420 2366 549 2393 ἐναντίων
559 2364 724 2392 συνεστῶτα·
741 2365 874 2397 τουτέστι,
887 2366 949 2400 γῆς,

144 2450 149 2451 ν
198 2436 221 2452 ⁸¹
236 2435 317 2463 Rom.
332 2443 370 2466 ιι,
385 2434 430 2462 29.

204 2494 244 2527 in)
266 2495 299 2521 οι
312 2494 370 2528 μὲν
390 2493 546 2525 Ἕλληνες.
567 2490 954 2528 Aristotelem_maxime_sug-

161 2525 243 2567 gillat
261 2534 290 2557 et
303 2525 520 2567 Peripateticos;
549 2530 665 2554 cunctos
691 2526 812 2567 denique
831 2525 953 2565 philoso-

162 2561 245 2603 phos,
263 2564 310 2599 qui
324 2561 467 2603 materiam
476 2563 532 2603 peo
547 2569 665 2603 coaavam
680 2565 839 2603 ponerent)"
853 2561 953 2603 ipsam-

162 2596 218 2637 que
244 2596 401 2637 necessario
425 2598 622 2637 exsistentem;
652 2597 679 2623 in
707 2604 777 2637 quos
810 2596 951 2637 pli'rj'sost.

163 2631 220 2664 rion
233 2642 288 2661 uno
300 2634 360 2661 loco
375 2633 487 2668 egregie
503 2632 636 2668 disputat.
663 2631 818 2668 achreliqui
846 2631 950 2668 Patres.

163 2671 305 2704 Mirorque
318 2665 456 2702 quomodo
466 2667 507 2694 sic
521 2665 612 2704 avide.
629 2667 677 2701 qui
691 2665 846 2704 Christiane
873 2665 952 2691 insti-

164 2706 217 2734 tuti
230 2701 337 2734 stfmus,
350 2710 492 2738 unumque
507 2702 667 2738 noverimus
678 2702 708 2727 τὸ
719 2702 820 2738 κυρίως
833 2701 873 2731 ὃν,
891 2708 954 2738 eum

164 2741 274 2768 scilicet
291 2738 338 2773 qui
353 2735 540 2773 Mosirlocutus
552 2742 605 2769 est,
618 2736 668 2773 Qui
681 2740 718 2773 est
738 2737 808 2773 misit
823 2735 956 2773 1!lt’_._‘Al‘i-

163 2769 325 2804 Stotelicuin
354 2772 429 2800 istud
449 2772 622 2802 hauriamus,
648 2771 807 2798 Substantiw
827 2769 892 2796 nihil
918 2773 955 2795 est

163 2809 344 2840 contrarium,
368 2812 395 2835 et
409 2815 463 2834 non
484 2807 571 2842 magis
598 2813 661 2833 cum
683 2805 800 2842 Maximo
826 2805 954 2842 dicimus,

165 2853 230 2874 esse
241 2844 281 2871 illi
297 2843 468 2870 contrarium
485 2840 541 2869 noti
549 2848 610 2868 esse
625 2848 657 2867 ac
665 2840 793 2871 nihilum,
811 2840 884 2874 quod
900 2846 955 2874 una

165 2879 298 2909 excludat
312 2878 405 2906 divina
418 2877 555 2910 voluntas,
568 2877 657 2911 ipsum
669 2883 763 2902 revera
776 2873 869 2902 comes
880 2873 955 2901 omni

1032 1729 1077 1757 29.
1100 1728 1177 1756 Sicut
1193 1727 1296 1754 malum
1315 1727 1379 1755 boni
1397 1727 1514 1762 privatio
1530 1733 1590 1761 est,
1605 1732 1633 1755 et
1659 1729 1786 1764 ignoran-

998 1774 1034 1801 tia
1059 1773 1177 1808 privatio
1200 1773 1341 1800 scientite:
1363 1773 1402 1801 sic
1423 1782 1532 1809 quoque
1554 1782 1609 1801 non
1631 1783 1680 1803 ens
1704 1781 1786 1812 atque

996 1818 1125 1851 nihilum,
1140 1818 1260 1852 privatio
1272 1818 1345 1845 entis
1359 1822 1410 1849 est,
1427 1826 1474 1845 seu
1489 1819 1549 1853 ejus
1563 1819 1635 1854 quod
1650 1825 1707 1854 est;
1731 1830 1785 1849 non

997 1868 1089 1892 autem
1101 1865 1161 1899 ejus
1171 1864 1245 1898 quod
1257 1868 1298 1892 est
1311 1872 1375 1891 vere
1385 1869 1412 1891 ct
1423 1865 1533 1900 proprie
1544 1865 1581 1901 (id
1593 1866 1667 1893 enim
1680 1868 1785 1895 nullum

998 1910 1167 1937 contrarium
1192 1908 1298 1944 habet),
1310 1909 1358 1937 sed
1383 1910 1457 1944 quod
1480 1910 1554 1938 illius
1578 1911 1786 1946 participatione

997 1959 1049 1987 est,
1061 1955 1136 1989 quod
1156 1962 1221 1982 vere
1241 1962 1273 1982 ac
1289 1955 1398 1990 proprie
1418 1959 1470 1982 est.
1485 1956 1524 1983 Ac
1538 1957 1660 1991 priorum
1676 1958 1785 1992 quidem

997 2001 1177 2037 privationes,
1204 2000 1285 2037 ‘32
1307 2005 1460 2028 creatorum
1481 2002 1649 2030 voluntatem
1665 2011 1787 2039 Sequun-

999 2052 1058 2081 tur;
1073 2047 1236 2082 posterioris
1254 2055 1321 2074 vcro
1333 2047 1462 2082 privatio,
1479 2048 1507 2074 in
1521 2049 1580 2083 ejus
1599 2049 1646 2083 qui
1664 2050 1788 2077 condidit

998 2094 1138 2121 voluntate
1153 2093 1272 2128 positum
1291 2098 1349 2126 est;
1370 2093 1417 2128 qui
1433 2101 1465 2121 ea
1488 2101 1541 2128 qua
1562 2094 1647 2128 pollet
1665 2094 1788 2122 bonitate

997 2147 1042 2167 res
1057 2146 1166 2174 semper
1182 2146 1243 2166 esse
1258 2138 1326 2171 vult,
1345 2143 1373 2166 et
1388 2139 1462 2174 quod
1477 2139 1537 2174 ejus
1551 2143 1592 2166 est
1608 2140 1740 2174 muneris,
1754 2141 1788 2168 ab

998 2193 1032 2213 eo
1045 2192 1153 2219 semper
1167 2185 1317 2219 suscipere.

1035 2231 1079 2258 30.
1095 2230 1258 2258 Creatorum
1273 2229 1435 2262 universim,
1448 2230 1499 2257 alia
1515 2234 1578 2258 sunt
1593 2231 1699 2258 ratione
1710 2235 1790 2259 uten-

999 2272 1037 2300 tia
1049 2277 1077 2300 et
1091 2272 1280 2308 intelligentia,
1295 2273 1553 2308 eontrariorumque
1581 2276 1707 2309 capacia;
1723 2281 1789 2310 puta

999 2319 1112 2346 virtutis
1125 2322 1153 2346 et
1169 2319 1238 2351 vitii,
1254 2319 1431 2354 scientiaeque
1447 2323 1475 2346 et
1490 2319 1665 2354 ignorantiae;
1682 2321 1734 2348 alia
1749 2321 1791 2348 di-

1002 2372 1080 2392 versa
1092 2371 1217 2392 corpora.
1226 2372 1260 2391 ex
1269 2364 1415 2391 contrariis
1425 2365 1583 2398 constituta,
1595 2369 1666 2392 terra
1674 2366 1790 2399 scilicet,

1005 2489 1078 2524 quod
1094 2493 1146 2520 est,
1167 2487 1371 2524 unorduntasat
1398 2487 1445 2524 illo
1466 2491 1590 2524 excepto,
1617 2487 1656 2514 uti
1682 2489 1786 2524 excipit

1004 2522 1147 2555 Maximus,
1164 2523 1235 2557 quod
1251 2527 1293 2549 est
1309 2522 1409 2557 xupt’m;
1430 2523 1457 2549 in
1469 2523 1546 2557 cujus
1563 2524 1718 2550 necessario
1742 2522 1787 2552 es-

994 2560 1092 2593 sentia
1106 2564 1158 2591 cst,
1181 2558 1254 2592 quod
1269 2561 1320 2588 est,
1337 2557 1401 2591 quia
1417 2565 1502 2593 unum
1528 2566 1543 2584 a
1560 2565 1589 2584 se
1605 2565 1710 2592 erisque
1739 2567 1787 2587 ne-

1003 2593 1153 2621 cessarium
1166 2598 1222 2625 est;
1235 2593 1339 2626 reliqua
1355 2592 1428 2626 quod
1444 2597 1517 2624 sunt,
1531 2593 1591 2628 ejus
1611 2593 1711 2620 habent
1727 2602 1789 2628 par-

1005 2629 1173 2664 ticipatione,
1194 2633 1222 2655 et
1239 2628 1316 2664 quasi
1334 2627 1458 2664 precario
1479 2636 1496 2664 ι»
1509 2628 1581 2662 quod
1601 2628 1693 2655 dicere
1709 2627 1791 2655 Maxi-

1004 2662 1079 2691 muin
1096 2671 1150 2691 non
1170 2664 1237 2690 satis
1246 2663 1367 2689 advertit
1380 2662 1463 2689 Gesn.
1482 2662 1546 2689 dum
1568 2663 1727 2689 movendam
1741 2671 1791 2690 vo-

1007 2707 1065 2726 ccm
1089 2699 1190 2733 κυρίως
1209 2699 1257 2729 ait,
1274 2701 1322 2724 aut
1337 2697 1490 2724 addendam
1508 2703 1650 2732 negantem
1671 2698 1792 2732 particu-

1007 2735 1060 2761 lam
1071 2735 1111 2765 οὐ,
1125 2736 1151 2761 in
1165 2733 1218 2760 illis
1227 2734 1287 2768 ejus
1300 2733 1403 2764 verbis,
1418 2733 1486 2759 ἀλλὰ
1498 2733 1545 2758 τοῦ
1577 2733 1647 2768 κατὰ
1681 2733 1792 2766 μέθεξιν

1005 2769 1051 2795 τοῦ
1067 2770 1168 2804 mpii»;
1183 2769 1273 2804 bii-cog,
1301 2767 1374 2804 (Exod
1389 2768 1485 2804 etiam,
1498 2768 1549 2794 rite
1566 2767 1704 2804 sufﬁxerat
1730 2768 1792 2804 Bill.

1005 2802 1110 2838 Obsop.
1132 2803 1198 2839 nihil
1211 2803 1291 2833 bene,
1308 2802 1359 2830 Sed
1370 2803 1425 2837 ejus
1442 2803 1486 2838 qui
1497 2802 1638 2829 secundum
1650 2803 1797 2839 participa-

1006 2840 1102 2866 tionem
1118 2838 1286 2868 peruliarilcr
1304 2841 1352 2865 est.
