1948 3077
171 153 237 186 1027

756 151 786 182 S,
808 149 950 180 ΜΛΧῙΜΙ
971 148 1226 180 CONFESSORIS

1739 150 1809 182 1023

167 220 242 245 aere,
259 211 322 248 igne
341 215 369 239 et
382 218 462 246 aqua.
479 209 568 244 Atque
588 208 640 235 alia
661 208 772 243 quidem
788 207 902 234 omnino
923 206 965 232 in-

1026 208 1109 242 ῑιέρος,
1137 207 1234 242 πυρὸς.
1252 207 1367 238 ὓδατοςο
1386 206 1433 233 καὶ
1450 206 1484 233 τὰ
1514 206 1564 242 μέν
1595 207 1649 233 εἶσι
1675 207 1810 242 ἀσώματα

167 265 299 301 corporea
315 262 380 285 sunt
399 255 574 290 materiasque
588 255 721 289 expertia,
738 254 846 281 tametsi
863 253 962 280 horum

167 299 260 340 aliqua
282 304 338 331 sint
352 302 515 338 corporibus
533 300 696 336 conjuncta;
713 299 766 326 alia
783 299 872 326 solum
895 306 963 325 con-

167 351 265 379 stituta
277 358 312 378 ex
325 349 439 378 materia
451 353 480 376 et
491 350 589 376 forma.

203 397 246 424 51.
261 396 348 424 Omne
365 403 466 430 corpus
484 399 582 422 natura
597 392 739 422 immobile
756 395 799 419 est
813 399 821 419 :
837 395 964 419 movetur

167 447 260 470 autem
275 443 309 469 ab
321 442 424 474 anima,
438 442 539 476 partim
557 443 651 467 utente
664 438 782 471 ratione,
795 438 894 473 partim
908 444 965 464 non

167 493 274 522 utente,
287 488 387 523 partim
399 487 482 514 etiam
496 494 552 514 non
565 485 712 513 sentiente.

202 534 246 561 52.
274 534 446 561 Facultatum
471 532 585 563 animae,
609 531 663 558 alia
684 529 847 557 nutrimenti
873 532 915 556 est
937 531 966 555 et

166 580 318 616 augmenti,
340 580 393 607 alia
414 578 553 614 cogitandi
568 581 596 604 et
613 576 771 612 appetendi,
788 575 842 603 alia
856 574 966 602 utenda:

168 627 284 654 rationis
308 629 337 654 et
360 624 543 659 intelligendi.
562 624 601 652 Ac
618 622 701 658 primi
723 622 836 657 quidem
857 621 967 657 generis

167 674 256 700 solum
274 672 423 708 participes
442 675 507 698 sunt
531 671 633 705 stirpes
659 673 687 696 et
709 669 826 702 plantat;
852 667 967 695 secundi

168 723 311 753 pra-terea,
328 718 416 744 bruta:
437 716 608 748 animantes;
628 715 701 742 tertii
715 722 778 741 cum
796 713 905 740 duobus
921 720 966 740 re-

169 765 262 799 liquis,
280 763 417 790 homines.
433 763 472 790 Ac
484 762 591 797 prieres
604 761 717 795 quidem
729 760 791 787 dum
811 759 966 792 facultates,

169 809 341 844 corruptioni
361 807 487 836 obnoxia:
500 812 574 840 sunt,
589 806 669 834 tertia
683 814 747 834 vero
760 806 796 834 ab
811 814 842 834 ea
865 806 967 833 immu-

169 856 212 882 nis
224 856 357 890 probatur
368 862 400 882 ac
415 853 589 882 immortalis.

1017 254 1104 288 πάντη
1134 254 1181 280 καὶ
1204 253 1282 285 tibia,
1311 255 1335 280 εἰ
1361 254 1407 280 καί
1429 263 1488 281 τινα
1514 254 1615 280 τούτων
1631 253 1812 286 συνέζευκται

1017 299 1126 335 σώμασι
1146 309 1154 317 ·
1169 300 1204 326 τὰ
1217 300 1247 326 δὲ
1264 299 1294 332 ἐξ
1309 299 1375 336 ὕλης
1393 301 1439 327 καὶ
1462 300 1548 333 εἴδους
1569 300 1650 336 μόνον
1675 300 1733 336 ἔχει
1761 301 1812 337 τὴν

1019 347 1160 374 σύστασιν.

1053 393 1103 421 λα’.
1121 394 1214 421 Πάντα
1230 395 1263 421 τὰ
1279 395 1405 429 σώματα,
1421 393 1493 420 κατὰ
1507 393 1588 428 φύσιν
1598 392 1672 420 ἐστὶν
1683 393 1810 428 ἀκίνητα-

1019 442 1135 468 κινεῖται
1152 441 1181 468 δὲ
1195 441 1248 468 ὑπὸ
1263 441 1313 475 τῆς
1327 440 1417 476 ψυχῆς
1430 449 1438 457 ο
1453 441 1486 467 τὰ
1501 440 1560 476 μὲν,
1576 439 1689 475 λογικῆς
1700 447 1709 455 ·
1725 440 1760 466 τὰ
1770 439 1812 473 δὲ,

1019 486 1116 521 ἀλόγου
1127 495 1134 502 ·
1148 487 1181 513 τὰ
1195 487 1234 520 δὲ,
1250 486 1426 522 ἀναισθήτου.

1054 533 1104 568 λβ’.
1118 534 1179 560 Τῶν
1195 533 1319 569 ψυχικῶν
1333 533 1477 568 δυνάμεων
1494 533 1511 567 ἡ
1530 532 1579 568 μέν
1604 533 1663 558 ἐστι
1678 531 1814 568 θρεπτικὴ

1019 579 1068 607 καὶ
1083 579 1217 616 αὐξητικὴ
1231 588 1238 594 ·
1255 581 1272 615 ἡ
1288 579 1317 606 δὲ
1334 578 1503 614 φανταστικὴ
1519 579 1567 605 καὶ
1577 579 1716 614 ὀρμητική
1733 587 1740 595 ·
1752 580 1768 613 ἡ
1784 578 1813 604 δὲ

1019 625 1161 661 λογιστικὴ
1180 625 1229 651 καὶ
1245 626 1368 661 νοητική.
1391 625 1446 651 Καὶ
1458 624 1508 659 τῆς
1526 624 1575 659 μὲν
1592 624 1704 659 πρώτης
1727 623 1813 660 μόνης

1022 671 1165 706 μετέχουσι
1187 671 1222 697 τὰ
1244 671 1316 704 φυτά
1330 678 1337 686 ·
1362 671 1412 705 τῆς
1434 670 1461 697 δὲ
1485 670 1614 706 δευτέρας
1635 670 1703 705 πρὶς
1726 670 1812 706 ταύτῃ

1020 718 1054 745 τὰ
1070 718 1156 753 ἄλογα
1172 718 1229 750 ζῶα
1246 728 1253 734 ·
1271 718 1321 754 τῆς
1332 718 1361 745 δὲ
1384 718 1478 754 τρίτης
1493 719 1562 754 πρὸς
1591 719 1652 750 ταῖς
1673 718 1759 750 δυσὶν,
1787 720 1813 746 cl

1021 762 1170 798 ἄνθρωποι.
1200 763 1255 790 Καὶ
1274 764 1302 790 αἱ
1333 765 1382 799 μὲν
1404 763 1452 790 δύο
1472 763 1613 799 δυνάμεις,
1639 763 1777 799 φθαρταίσ
1796 767 1815 799 η

1021 808 1048 835 δὲ
1065 809 1156 845 τρίτη,
1182 809 1319 844 ἄφθαρτος
1335 811 1381 837 καὶ
1395 809 1528 841 ἀθάνατος
1539 809 1741 837 ἀποδείκνυται.

203 888 248 928 33.
272 901 379 928 Sanctae
394 901 518 929 Virtutes
535 904 591 927 tum
615 900 676 927 alite
693 899 771 931 alias,
788 903 845 926 tum
869 898 965 925 Imma-

1053 888 1104 922 λγ’.
1122 889 1265 925 Ἀλλήλαις
1291 889 1481 925 μεταδιδοῦσαι
1507 889 1649 923 φωτισμοῦ
1679 890 1707 915 αι
1736 889 1815 923 ἀγιαι

169 956 233 975 nam
257 953 382 976 naturam
400 947 598 979 illuminantes,
626 951 674 973 aut
698 954 746 973 sua
770 945 968 980 impartiuntur

169 995 282 1026 virtute,
295 997 342 1020 aut
352 1001 406 1028 qua
422 993 526 1028 pollent
541 992 665 1020 scientia.
679 993 718 1019 Ac
727 991 830 1019 virtute
843 990 966 1025 quidem,

170 1040 245 1067 velut
263 1040 364 1067 divina:
378 1039 460 1066 simili
477 1038 609 1070 bonitate,
625 1045 680 1073 qua
703 1042 761 1064 tum
779 1037 891 1072 seipsas,
909 1040 967 1063 tum

169 1085 230 1112 alia:
245 1085 321 1117 alias,
338 1093 371 1112 ac
389 1084 533 1111 inferiores
546 1084 734 1116 demerentur,
749 1082 894 1111 elliciendo
907 1082 967 1109 dei-

169 1131 272 1158 formes
285 1139 293 1158 :
307 1130 423 1158 scientia
436 1137 512 1163 vero,
525 1134 574 1157 aut
586 1130 620 1157 de
633 1130 690 1157 Deo
701 1129 846 1157 sublimius
863 1128 968 1164 aliquid

169 1177 341 1213 detegendo;
355 1177 392 1204 Tu
404 1177 488 1210 enim,
503 1177 603 1212 inquit,
618 1176 770 1204 Altissimus
784 1177 811 1203 in
825 1180 966 1209 cateruam,

169 1223 281 1251 Domine
295 1224 336 1257 5';
353 1228 401 1250 aut
422 1223 458 1251 de
472 1223 636 1258 corporibus
655 1222 837 1258 profundius,
862 1226 910 1249 aut
933 1221 968 1249 de

170 1270 341 1304 incorporeis
363 1269 517 1304 animisque
541 1270 655 1303 certius,
676 1273 724 1297 aut
740 1269 775 1297 de
794 1268 968 1309 providentia

170 1315 281 1347 clarius,
299 1320 347 1342 aut
365 1315 514 1351 dejudicio
530 1316 664 1350 apertius.

206 1361 251 1388 54.
272 1362 371 1389 Mentis
397 1361 542 1396 impuritas
565 1369 598 1389 ea
622 1365 665 1389 est
688 1361 778 1397 primo
799 1362 871 1394 loco,
894 1362 969 1397 quod

169 1406 266 1434 falsam
283 1407 468 1441 cognitionem
493 1407 593 1434 habeat
607 1416 614 1434 ε
630 1411 687 1434 tum
710 1414 786 1439 vero,
809 1408 883 1442 quod
905 1408 968 1435 uni-

170 1450 318 1477 versalium
339 1450 444 1485 aliquid
459 1450 565 1478 nesciat
586 1450 671 1486 (quod
687 1450 792 1478 scilicet
814 1451 848 1478 ad
871 1452 968 1479 imma-

169 1504 234 1524 nam
255 1500 375 1523 mentem
393 1496 503 1528 attinet,
527 1496 616 1531 angeli
631 1496 705 1523 enim
728 1496 849 1531 partium
862 1502 915 1528 est,
936 1505 969 1525 ac

170 1540 318 1572 facultatis,
338 1544 369 1567 ut
394 1548 429 1567 ne
448 1540 630 1576 singularium
656 1541 768 1576 quidem
787 1543 891 1577 aliquid
917 1551 967 1570 ne-

169 1585 250 1619 sciat)
264 1594 271 1611 :
288 1585 371 1612 tertio
385 1589 488 1617 autem,
506 1585 579 1620 quod
593 1586 660 1613 vitio
676 1586 813 1615 merentes
828 1595 859 1615 ac
873 1588 967 1616 libidi-

169 1630 282 1658 dinosas
304 1630 484 1666 cogitationes
507 1630 607 1658 habeat
621 1639 628 1658 :
642 1636 741 1666 quarto
756 1633 878 1667 demum,
894 1634 968 1669 quod

170 1680 283 1711 peccato
299 1683 464 1703 consensum
483 1676 614 1711 praebeat.

206 1714 250 1748 35.
269 1721 374 1749 Animae
389 1721 535 1756 impuritas
549 1726 601 1756 est,
617 1730 672 1750 non
693 1723 734 1752 sic
748 1725 868 1760 operari.
885 1729 915 1752 ut
929 1726 968 1754 illi

170 1774 204 1794 ex
219 1771 318 1794 natura
331 1773 520 1802 comparatum
534 1772 585 1796 est.
603 1769 668 1796 Inde
682 1770 758 1797 enim
776 1770 804 1798 in
818 1771 911 1799 animo
925 1775 968 1808 gi-

168 1817 292 1848 gnuntur
313 1813 470 1842 libidinosae
489 1815 671 1850 cogitationes
695 1824 727 1844 ac
747 1817 863 1846 vitiosae.
891 1819 969 1846 Tunc

168 1859 243 1887 enim
261 1863 292 1886 ut
306 1864 413 1887 natura:
431 1865 649 1889 consentaneum
674 1867 717 1890 est
731 1868 871 1898 operatur,
887 1865 968 1901 433

168 1914 232 1934 cum
246 1906 374 1941 patibiles
404 1907 465 1942 ejus
486 1907 630 1936 facultates
652 1909 704 1945 (ira
724 1910 831 1938 scilicet
845 1915 872 1938 et
889 1913 967 1948 cupi-

169 1951 251 1987 ditas)
267 1952 380 1979 incursu
400 1959 503 1986 rerum,
519 1953 602 1988 inque
617 1954 672 1982 illis
692 1955 832 1982 rationum
848 1961 877 1984 et
894 1958 969 1993 cogi-

170 1998 315 2030 tationum,
330 1998 484 2026 manserint
494 2006 509 2026 a
520 1999 635 2027 libidine
646 2008 679 2028 ac
692 2001 902 2035 perturbatione
914 2003 967 2030 im-

170 2051 280 2070 munes.

205 2088 250 2116 56.
275 2088 405 2124 Corporis
420 2089 566 2125 impuritas
579 2094 634 2124 est,
653 2095 798 2126 peccatum
814 2093 889 2128 quod
908 2094 968 2130 ipso

167 2139 231 2162 actu
246 2139 328 2170 atque
342 2143 426 2170 opere
442 2140 576 2170 patratur.

204 2181 249 2208 57.
274 2182 400 2214 Quietem
417 2182 507 2217 diligit
530 2191 561 2210 ac
584 2184 779 2221 solitudinem,
801 2187 849 2223 qui
873 2188 966 2215 saeculi

1019 935 1154 970 Δυνάμεις
1170 943 1176 950 ·
1193 935 1241 962 καὶ
1255 937 1288 971 τῇ
1309 935 1468 972 ἀνθρωπίνῃ
1491 937 1580 970 φύσει,
1606 936 1622 970 ἢ
1644 935 1695 970 τῆς
1724 935 1815 961 αὐτῶν

1018 981 1118 1017 ἀρετῆς
1129 982 1332 1018 μεταδιδόασιν,
1349 982 1366 1018 ἢ
1385 983 1437 1017 τῆς
1452 983 1481 1009 ὲν
1495 983 1590 1014 αὐταῖς
1604 981 1742 1016 γνώσεως.
1759 981 1816 1008 Καὶ

1019 1027 1122 1062 ἀρετῆς
1149 1029 1209 1062 μὲν,
1231 1025 1287 1054 οἷον
1311 1028 1480 1064 θεομιμήτου
1501 1028 1681 1062 ἀγαθότητος,
1703 1027 1765 1054 καθ’
1781 1027 1816 1062 ἦν

1018 1074 1067 1102 καὶ
1085 1074 1195 1107 ἑαυτὰς,
1222 1074 1270 1100 καὶ
1296 1073 1425 1109 ἀλλήλας,
1453 1074 1502 1100 καὶ
1529 1073 1580 1105 τὰς
1610 1073 1815 1107 ὑποϐεϐηκυίας

1018 1120 1204 1156 εὐεργετοῦσι,
1220 1120 1346 1152 θεοειδεῖς
1361 1120 1545 1155 ἐργαζόμεναι
1559 1128 1566 1135 ·
1583 1121 1712 1154 γνώσεως
1729 1121 1767 1153 δὲ,
1796 1120 1813 1156 ἢ

1018 1167 1083 1204 περὶ
1097 1167 1165 1194 Θεοῦ
1175 1176 1201 1194 τι
1216 1167 1383 1203 ὑψηλότερον
1397 1175 1404 1182 ·
1425 1167 1467 1194 Σὺ
1478 1169 1544 1203 γὰρ,
1556 1169 1650 1203 φησὶν,
1664 1168 1815 1202 ’Υψιστρς

1018 1215 1062 1246 εἰς
1079 1214 1133 1240 τὸν
1149 1212 1253 1245 αἰῶνα,
1276 1213 1365 1247 Κύριε
1383 1220 1388 1226 ·
1409 1213 1425 1248 ἢ
1445 1213 1510 1248 περὶ
1528 1212 1674 1247 σωμάτων,
1698 1213 1815 1247 βαθύτε-

1020 1267 1066 1295 ρον
1081 1268 1087 1273 ·
1099 1260 1116 1295 ἢ
1134 1260 1200 1295 περὶ
1216 1258 1384 1294 ἀσωμάτων,
1399 1259 1595 1295 ἀκριὸέστερον
1610 1268 1617 1275 ο
1631 1260 1648 1294 ἢ
1665 1259 1731 1295 περὶ
1747 1268 1815 1294 προ-

1019 1305 1103 1337 νοίας,
1122 1305 1284 1341 τρανότερον
1300 1312 1306 1319 '
1319 1305 1337 1340 ἢ
1350 1304 1416 1340 περὶ
1430 1305 1561 1341 κρίσεως,
1581 1305 1759 1340 σαφέστερον.

1053 1357 1100 1385 λδ’.
1116 1357 1185 1389 Νοός
1202 1358 1260 1384 ἐστι
1273 1357 1440 1393 ἀκαθαρσία,
1469 1357 1579 1393 πρῶτον
1595 1358 1655 1393 μὲν,
1670 1358 1701 1385 τὸ
1714 1358 1816 1392 γνῶσιν

1019 1403 1093 1438 ἔχειν
1106 1402 1193 1437 ψευδῆ
1206 1410 1212 1417 ⁸
1225 1401 1353 1438 δεύτερον
1365 1403 1404 1434 δὲ,
1423 1402 1454 1429 τὸ
1466 1404 1575 1436 ἀγνοεῖν
1587 1412 1614 1429 τι
1625 1404 1679 1430 τῶν
1687 1404 1814 1431 καεόλου·

1018 1448 1057 1480 ὼς
1076 1448 1146 1483 πρὸς
1168 1448 1339 1484 ἀνθρώπινον
1354 1448 1416 1474 νοῦν
1433 1448 1505 1483 λέγω
1516 1457 1524 1464 ·
1545 1449 1662 1483 ἀγγέλου
1687 1449 1740 1485 γάρ
1756 1452 1816 1477 ἐστι

1018 1495 1049 1522 τὸ
1077 1494 1159 1529 μηδὲν
1181 1494 1236 1521 τῶν
1263 1495 1311 1521 ἐπὶ
1334 1494 1435 1530 μέρους
1463 1496 1590 1529 ἀγνοεῖν·
1623 1495 1715 1530 τρίτον
1728 1496 1767 1529 δὲ,
1784 1497 1816 1523 τὸ

1019 1540 1154 1575 ἐμπαθεῖς
1182 1541 1255 1576 ἔχειν
1269 1541 1417 1576 λογισμούς
1430 1541 1498 1578 (25)·
1513 1541 1642 1577 τέταρτον
1656 1542 1696 1576 δὲ,
1711 1541 1740 1569 τὺ
1752 1551 1816 1577 συγ-

1020 1586 1214 1614 κατατίθεσθαι
1224 1588 1257 1623 τῇ
1269 1587 1403 1624 ἁμαρτίᾳ.
1452 1622 1454 1625 Ι

1057 1718 1106 1745 λε’.
1122 1706 1220 1754 Ψυχῆς
1238 1719 1313 1746 ἐστιν
1331 1719 1499 1755 ἀκαθαρσία,
1513 1720 1543 1746 τὸ
1557 1719 1593 1756 μὴ
1607 1720 1728 1756 ἐνεργεῖν
1744 1721 1816 1748 κατά

1020 1764 1100 1799 φύσιν
1113 1764 1179 1800 (24).
1197 1765 1245 1792 Ἐκ
1255 1765 1350 1792 τούτου
1367 1766 1420 1802 γὰρ
1434 1767 1572 1793 τίκτονται
1584 1766 1623 1802 τῷ
1634 1767 1673 1802 νῷ
1685 1768 1709 1794 οἱ
1723 1768 1816 1802 ἐμπα-

1020 1811 1075 1843 θεῖς
1091 1811 1226 1847 λογισμοί.
1240 1812 1306 1839 Τότε
1323 1813 1378 1848 γὰρ
1394 1813 1465 1840 κατὰ
1483 1813 1564 1848 φύσιν
1577 1815 1694 1850 ἐνεργεῖ,
1707 1814 1773 1841 ὅταν
1786 1816 1815 1841 αί

1019 1857 1171 1892 παθητικαὶ
1182 1858 1267 1894 αὐτῆς
1279 1859 1409 1894 δυνάμεις
1425 1869 1432 1876 ”
1449 1861 1464 1887 ὁ
1476 1859 1562 1896 θυμὸς
1576 1861 1648 1895 λέγω
1660 1861 1708 1888 καὶ
1723 1862 1739 1896 η
1751 1862 1813 1887 ὲπι-

1019 1903 1119 1938 θυμία,
1137 1905 1166 1930 ἐν
1185 1905 1218 1940 τῇ
1228 1904 1282 1932 τῶν
1307 1907 1479 1941 πραγμάτων
1506 1907 1554 1934 καὶ
1581 1907 1636 1935 τῶν
1665 1908 1694 1934 ὲν
1721 1908 1815 1940 αὐτοῖς

1018 1951 1163 1988 νοημάτων
1182 1951 1314 1988 προϐολῇ,
1333 1953 1449 1986 ἀπαθεῖς
1463 1953 1633 1990 διαμείνωσι.

1055 2091 1110 2124 λς’.
1135 2092 1265 2128 Σώματός
1287 2092 1362 2119 ἐστιν
1385 2091 1550 2129 ἀκαθαρσία,
1568 2092 1585 2120 ἡ
1599 2093 1659 2120 κατ’
1671 2092 1814 2128 ἐνέργειαν

1019 2138 1151 2175 ἁμαρτία.

1054 2185 1103 2217 λζ’.
1125 2185 1233 2220 Ἀγαπᾷ
1256 2184 1371 2220 ἡσυχίαν
1391 2186 1405 2212 ὁ
1429 2185 1466 2222 μὴ
1487 2185 1602 2221 πάσχων
1624 2185 1693 2221 πρὸς
1712 2185 1745 2212 τὰ
1765 2185 1814 2213 ττιῦ

167 2228 253 2255 rebus
265 2235 319 2254 non
338 2228 456 2255 allicitur
470 2237 476 2255 :
494 2236 645 2265 omnesque
664 2231 790 2260 homines
805 2233 904 2269 diligit,
917 2235 965 2269 qui

1026 2231 1123 2266 ιόσμου
1139 2239 1146 2246 ·
1180 2232 1228 2257 καὶ
1253 2232 1348 2267 ἀγαπᾷ
1371 2231 1476 2264 πάντας
1503 2231 1702 2267 ἀνθρώπουξὸ
1728 2232 1815 2267 μηδὲν

169 2274 274 2301 nullam
290 2273 378 2309 diligit
392 2274 575 2303 humanarum
591 2285 683 2304 rerum
699 2287 706 2304 :
722 2279 827 2314 Deique
839 2288 871 2307 ac
891 2280 964 2308 divi-

168 2327 269 2348 norum
283 2320 368 2355 pollet
384 2320 511 2354 scientia,
528 2322 575 2356 qui
598 2323 627 2349 in
649 2323 726 2351 nullo
742 2324 903 2358 offenditur,
921 2325 965 2353 vel

168 2370 281 2402 propter
303 2366 414 2400 delicta,
434 2367 478 2395 vel
502 2372 616 2404 propter
640 2370 821 2405 cogitationes
845 2380 907 2408 qua:
932 2380 967 2401 ex

167 2413 327 2448 suspicione
341 2418 504 2442 nascuntur.

203 2458 248 2486 38.
273 2458 399 2494 Magnum
422 2459 536 2495 quidem
561 2463 613 2494 est,
638 2459 714 2487 nulla
742 2461 826 2489 rebus
850 2462 966 2491 libidine

168 2503 257 2537 allici;
271 2507 299 2531 at
316 2504 396 2540 longe
410 2505 463 2532 hoc
480 2506 578 2540 majus,
595 2512 692 2534 earum
713 2507 797 2534 etiam
819 2509 967 2544 cogitatio-

168 2549 261 2582 nibus,
275 2557 291 2576 a
305 2549 422 2578 libidine
439 2550 589 2579 immunem
605 2551 893 2588 imperturbatumque
909 2562 967 2582 ma-

169 2604 249 2624 nere.

202 2643 248 2672 39.
263 2643 390 2672 Charitas
403 2649 432 2672 et
444 2645 626 2678 continentia,
643 2646 767 2673 animum
782 2646 967 2681 imperturba-

168 2694 226 2717 tum
240 2698 305 2725 erga
323 2698 367 2718 res
384 2699 532 2725 rerumque
547 2691 728 2726 cogitationes
742 2692 914 2720 custodiunt.

202 2779 248 2807 40.
266 2779 331 2807 Pius
351 2780 459 2808 animus
475 2787 507 2808 ac
524 2780 678 2814 religiosus,
698 2788 752 2808 non
771 2781 905 2809 adversus
922 2791 966 2811 res

204 2872 227 2889 "
243 2870 315 2899 Psal.
331 2877 384 2904 XCI,
399 2870 425 2898 9.

1018 2276 1134 2311 ἀγαπῶν
1154 2276 1324 2312 ἀνθρώπινον
1338 2285 1345 2293 ·
1364 2278 1412 2304 καὶ
1429 2278 1530 2311 γνῶσιν
1545 2277 1600 2313 ἔχει
1616 2277 1683 2304 Θεοῦ
1700 2277 1745 2303 καὶ
1759 2278 1815 2305 τῶν

1019 2322 1110 2356 θείων,
1132 2323 1147 2349 ό
1166 2323 1205 2359 μὴ
1224 2323 1469 2359 σκανδαλιζόμενος
1486 2322 1526 2356 εἷς
1537 2333 1609 2357 τινα,
1627 2323 1682 2350 εἴτε
1698 2324 1742 2351 διὰ
1760 2333 1816 2352 πα-

1021 2367 1202 2404 ραπτώματα,
1216 2369 1270 2396 εἴτε
1286 2368 1331 2396 διὰ
1347 2369 1494 2405 λογισμοὺς
1510 2370 1539 2404 ἐξ
1554 2366 1693 2402 ὑπονοίας.
1817 2370 1826 2424 l

1054 2453 1106 2488 λη’.
1120 2453 1200 2488 Μέγα
1217 2453 1266 2488 μὲν
1276 2454 1306 2480 τὸ
1318 2454 1356 2490 μὴ
1371 2454 1486 2489 πάσχειν
1508 2454 1578 2490 πρὸς
1595 2455 1630 2481 τὰ
1651 2455 1814 2491 πράγματα·

1022 2498 1116 2534 μεῖζον
1133 2499 1161 2525 δὲ
1176 2499 1273 2526 τούτου
1284 2499 1387 2535 πολλῷ,
1404 2499 1436 2527 τὸ
1447 2500 1518 2535 πρὸς
1528 2501 1564 2527 τὰ
1577 2500 1681 2528 τούτων
1690 2501 1816 2536 νοήματα

1020 2543 1114 2578 ἀπαθῆ
1125 2542 1271 2579 διαμεῖναι.

1053 2643 1102 2672 λο’.
1124 2641 1232 2679 ’Δγάπη
1244 2644 1292 2670 ml.
1301 2643 1450 2679 ἐγκράτεια
1476 2644 1570 2680 ἀπαθῆ
1583 2644 1630 2671 τὸν
1643 2644 1705 2672 νοῦν
1721 2645 1818 2681 διατη-

1017 2690 1094 2726 ροῦσι
1104 2690 1173 2725 πρός
1184 2699 1214 2716 τε
1227 2690 1261 2717 τὰ
1271 2690 1432 2726 πράγματα,
1447 2691 1494 2718 καὶ
1507 2691 1575 2727 πρὸς
1589 2691 1623 2717 τὰ
1637 2690 1740 2717 τούτων
1754 2692 1818 2727 νοή-

1039 2745 1101 2763 ατα.

1039 2745 1101 2763 ατα.

1017 2745 1036 2771 μ
1053 2782 1090 2818 μ’.
1107 2782 1143 2809 Οὐ
1162 2782 1229 2817 πρὸς
1243 2782 1276 2808 τὰ
1295 2782 1447 2818 πράγματα
1461 2783 1476 2809 ὁ
1492 2782 1553 2814 νοῦς
1568 2782 1683 2818 πολεμεί
1699 2783 1746 2810 τοῦ
1762 2782 1819 2811 οεο-
