1948 3077
132 162 143 195 l
148 163 199 195 029

562 155 729 187 CAPITUM
747 153 795 183 DE
816 149 1032 182 CUARITATE
1050 149 1242 179 CENTURIA
1263 149 1321 180 Ιῐῐ.

1697 149 1765 184 1030

130 218 237 254 φιλοῡς,
254 217 315 243 οὐδὲ
330 216 399 252 πρὸς
411 215 445 242 τὰ
456 215 558 242 τούτων
574 213 697 248 νοήματα
711 220 716 226 ·
733 209 801 237 ἀλλὰ
813 208 880 244 πρὸς
893 207 927 234 τὰ

984 210 1088 241 )ugnat,
1107 210 1154 233 aut
1171 213 1263 233 rerum
1279 206 1460 241 cogitationes
1479 215 1485 232 :
1509 206 1555 234 sed
1573 207 1706 236 adversus
1723 210 1765 236 af-

131 265 205 298 πάϐη
230 263 265 289 τὰ
288 263 344 294 τοῖς
364 263 481 297 νοήμασι
503 258 713 293 συνεζευγμένα.
726 254 798 287 υἷον,
810 255 841 281 οὺ
857 253 924 289 πρὸς

129 311 180 345 τὴν
195 311 314 344 γυναῖκα
344 308 468 343 πολεμεῖ,
497 306 556 333 οὐδὲ
587 304 655 340 πρὸς
682 304 728 329 τὸν
753 302 923 337 λυπήσαντα,

130 356 192 383 οὐδὲ
208 355 275 390 πρὸς
289 354 339 385 τὰς
349 353 452 380 τούτων
463 351 611 387 φαντασίας
624 359 630 365 ·
647 349 715 376 ἀλλὰ
725 347 793 384 πρὸς
803 347 837 374 τὰ
850 346 924 381 πάθη

130 401 165 427 τὰ
181 401 242 432 ταῖς
257 398 420 434 φαντασίαις
435 396 646 432 συνεζευγμένα.

169 493 225 525 μα’.
254 489 346 519 Ἀπας
367 487 382 514 ὀ
410 486 527 520 πόλεμος
553 483 600 511 τοῦ
627 481 745 518 μοναχοῦ
768 480 836 516 πρὸς
862 479 926 525 coit;

131 524 263 570 δαίμονας
276 554 284 566 ,
307 535 352 560 ἵνα
370 533 405 559 τὰ
419 532 492 566 πάθη
504 531 558 557 τῶν
575 529 720 564 νοημάτων
731 527 846 563 χωρίσῃ.
862 524 926 552 Ἀλ-

131 582 185 612 ὶως
208 580 263 616 γὰρ
287 578 401 610 ἀπαθῶς
417 578 451 605 τὰ
466 577 618 612 πράγματα
634 574 744 611 βλέπειν
754 573 785 600 οὐ
802 572 924 599 δύναται.

170 668 226 703 μβ¹.
237 668 318 694 Ἀλλο
333 666 393 694 ἐστὶ
403 666 531 701 πρᾶγμα,
547 663 595 691 καὶ
609 663 672 692 ἄλλο
685 663 784 698 νόημα,
804 661 851 689 καὶ
862 661 926 689 ἄλλο

134 714 232 746 πάθος.
264 714 319 740 Καὶ
343 713 460 748 πρᾶγμα
482 711 531 746 μὲν
553 711 627 737 ἐστιν
641 730 649 742 ,
667 708 734 742 οἷον,
750 708 829 744 ἀνὴρ,
845 708 924 742 γυνὴ,

133 761 245 797 χρυσὸς,
259 760 306 786 καὶ
322 759 357 786 τὰ
373 759 445 794 ἑξῆς.
462 758 561 793 Νόημα
579 757 607 784 δὲ
621 778 629 789 ,
653 755 719 788 οἷον,
741 756 835 790 μνήμη
861 754 926 790 ψιλή

133 815 204 837 τινος
217 805 271 832 τῶν
282 804 500 840 προειρημένων.
513 803 602 835 Πάθος
609 803 647 836 δὲ,
660 800 725 834 οἷον,
734 801 810 836 φιλία
817 800 926 834 ἄλογος,

135 851 150 886 ἧ
172 852 252 886 μῖσος
276 850 387 885 ἄκριτόν
408 858 480 881 τινος
491 849 545 876 τῶν
561 848 779 884 προειρημένων.
795 846 865 883 Πρὸς
880 843 926 873 οὖν

134 897 165 923 τὸ
181 895 267 928 πάθος
281 897 341 923 ἐστὶ
353 895 400 923 τοῦ
415 894 534 931 μονοιχοῦ
552 896 569 930 ἡ
587 894 672 930 μάχη.

172 1035 228 1071 μγ’.
254 1033 354 1070 Νόημά
366 1034 424 1060 ἐστι
438 1032 572 1068 ἐμπαθὲς,
583 1032 714 1067 λογισμὺς
729 1030 855 1062 σύνθετος
871 1029 924 1056 ἀπὸ

135 1081 240 1112 πάθους
257 1080 306 1107 καὶ
323 1080 468 1115 νοήματος.
487 1078 657 1113 Χωρίσωμεν
669 1077 700 1104 τὸ
715 1076 799 1107 πάθος
812 1075 865 1102 ἀπὸ
878 1074 924 1101 τοῦ

135 1129 282 1164 νοήματος.
296 1127 343 1153 καὶ
366 1125 499 1160 ἀπομένει
522 1125 536 1150 ό
549 1123 679 1158 λογισμὸς
702 1122 789 1157 ψιλός.
803 1120 925 1156 Χωρίζο-

137 1183 187 1209 μεν
201 1173 229 1200 δὲ
245 1173 279 1199 δι’
293 1172 405 1207 ἀγάπης
420 1169 608 1206 πνευματικῆς
625 1168 671 1194 καὶ
687 1167 862 1203 ἐγκρατείας,
878 1166 925 1192 ἐὰν

136 1220 269 1255 θέλωμεν.

173 1305 225 1340 μᾶ.
253 1305 287 1331 ΔΞ
314 1303 364 1339 μὲν
391 1302 496 1338 ἀρεταὶ,
517 1301 573 1328 τῶν
591 1300 684 1327 παθῶν
702 1299 747 1325 τὸν
766 1298 828 1325 νοῦν
845 1297 927 1333 χωρί-

136 1352 228 1384 ζουσιν
243 1359 249 1366 ·
269 1351 295 1376 αῑ
314 1349 342 1375 δὲ
360 1347 545 1383 πνευματικαὶ
559 1345 679 1381 θεωρίαι,
695 1344 749 1371 τῶν
764 1344 849 1379 ψιλῶν
864 1352 928 1378 νοη-

138 1398 230 1432 μάτων
246 1404 253 1410 ·
270 1396 287 1430 ἡ
307 1395 335 1421 δὲ
359 1393 467 1429 καθαρὰ
492 1391 630 1428 προσευχὴ
657 1390 731 1426 αὐτῷ
752 1389 833 1416 αὑτὸν
856 1397 928 1424 παρ-

138 1441 244 1474 ίστησιν
260 1438 300 1474 τῷ
314 1438 383 1473 Θεῷ.

174 1490 226 1521 με’.
240 1486 274 1513 Ai
287 1485 335 1520 μὲν
347 1483 454 1520 ἀρεταὶ,
467 1483 510 1510 διὰ
521 1482 569 1518 τὴν
584 1481 684 1517 γνῶσιν
699 1481 753 1508 τῶν
767 1480 928 1515 γεγονότων·

974 252 1062 279 lectus
1075 259 1107 279 ac
1125 252 1266 284 libidines,
1282 260 1343 287 qua:
1358 252 1413 279 illis
1427 253 1579 288 conjunctre
1597 258 1670 281 sunt.
1686 255 1765 288 Puta,

975 306 1030 325 non
1044 307 1105 326 cum
1122 299 1236 326 muliere
1253 302 1366 333 pugnat,
1382 298 1424 325 vel
1441 305 1503 325 cum
1519 306 1553 326 eo
1565 300 1613 334 qui
1633 299 1699 327 fecit
1722 301 1766 328 in-

971 342 1083 377 juriam,
1099 350 1150 370 nec
1170 350 1233 370 cum
1249 350 1346 370 eorum
1363 343 1573 370 obversantibus
1587 345 1678 372 animo
1691 346 1767 381 cogi-

976 388 1087 419 tatibus,
1111 388 1160 416 sed
1182 395 1245 416 eum
1269 388 1424 421 atl‘ectibus,
1447 397 1518 424 quos
1540 389 1580 416 illi
1605 391 1768 426 coniunctos

975 433 1079 461 habent

1010 479 1054 507 41.
1072 479 1139 507 Belli
1161 483 1218 507 tota
1233 479 1275 507 vis
1295 480 1430 507 adversus
1455 480 1593 509 daemones
1617 481 1644 508 in
1661 489 1696 509 eo
1715 482 1767 510 sita

975 529 1017 553 est
1031 525 1176 557 monaehc,
1191 529 1222 553 ut
1242 526 1357 554 aﬂ'ectus
1370 534 1401 553 ac
1415 526 1545 554 libidines
1561 534 1576 554 a
1588 528 1688 555 mentis
1702 535 1769 555 con-

975 571 1102 606 ceptibus
1114 575 1231 606 separet.
1245 571 1320 598 Alias
1335 571 1409 599 enim
1425 579 1470 598 res
1486 572 1589 607 absque
1606 572 1722 601 libidine
1735 580 1769 602 ac

974 615 1184 651 perturbatione
1200 615 1295 643 videre
1312 623 1367 643 non
1386 620 1488 651 potest.

1010 661 1055 688 42.
1076 661 1158 689 Aliud
1181 665 1224 688 est
1247 669 1302 693 res,
1319 661 1394 688 aliud
1417 662 1502 689 animi
1519 665 1678 698 conceptus,
1693 662 1768 690 aliud

976 707 1091 735 allectus
1111 715 1159 735 seu
1180 707 1275 735 libido.
1291 708 1330 735 Ac
1344 708 1456 743 quidem
1477 716 1521 736 res
1541 713 1593 741 est,
1608 709 1693 736 veluti
1713 710 1768 743 vir,

975 753 1087 785 femina,
1107 762 1216 786 aurum,
1229 762 1261 782 ac
1276 754 1391 789 reliqua.
1408 754 1501 782 Animi
1515 759 1675 789 conceptus,
1690 759 1767 790 puta,

976 799 1129 835 cujuspiam
1147 807 1242 827 eorum
1257 807 1318 835 qua:
1336 800 1408 828 dicta
1422 804 1496 832 sunt,
1512 801 1586 828 nuda
1597 801 1769 837 simplexque

976 846 1119 873 memoria.
1144 846 1267 873 Allectus
1292 850 1383 873 autem
1407 854 1455 874 seu
1479 847 1578 880 libido,
1594 848 1671 875 velut
1691 856 1770 876 amor

976 891 1083 918 alienus
1097 899 1112 918 a
1130 891 1245 923 ratione,
1259 891 1303 919 vel
1317 891 1412 919 odium
1424 891 1529 927 judicio
1542 892 1657 920 rationis
1671 900 1770 920 carens

974 937 1090 972 alicujus
1113 936 1260 964 dictorum.
1285 938 1419 965 Monacho
1444 937 1529 973 igitur
1545 938 1677 966 adversus
1700 938 1768 966 aﬂ‘e-

975 987 1049 1010 ctum
1062 990 1093 1010 ac
1107 982 1249 1010 libidinem
1265 983 1399 1011 incumbit
1412 984 1599 1019 pugnandum.

1008 1028 1053 1055 45.
1073 1027 1175 1055 Vitiosa
1199 1027 1401 1063 libidinosaque
1419 1029 1520 1056 mentis
1542 1030 1698 1065 conceptio,
1720 1037 1768 1058 co-

975 1072 1070 1108 gitatio
1081 1077 1124 1100 est
1139 1073 1291 1108 composita
1303 1081 1337 1101 ex
1350 1074 1463 1101 libidine
1485 1082 1534 1102 seu
1555 1075 1667 1108 aﬂ'eetu,
1689 1083 1768 1104 men-

977 1119 1066 1153 lisque
1080 1119 1124 1146 illa
1136 1119 1326 1153 conceptione.
1343 1119 1508 1155 Separemus
1524 1128 1588 1156 ergo
1604 1121 1638 1148 ab
1657 1129 1689 1149 ea
1703 1122 1768 1150 libi-

976 1164 1068 1192 dinem
1083 1172 1131 1191 seu
1144 1164 1283 1197 allectum,
1298 1166 1406 1200 eritque
1424 1166 1497 1193 nuda
1515 1174 1548 1193 ac
1564 1167 1680 1201 simplex
1693 1166 1768 1203 cogi—

976 1210 1053 1237 tatio.
1080 1209 1273 1244 Separabimus
1294 1216 1403 1243 autem,
1427 1211 1492 1238 dum
1513 1213 1702 1245 voluerimus,
1720 1221 1771 1249 per

977 1255 1152 1282 dilectionem
1165 1256 1316 1290 spiritalem
1329 1261 1356 1285 et
1368 1257 1578 1285 continentiam.

1012 1300 1056 1326 1ιὼ.
1074 1301 1206 1333 Virtutes,
1222 1301 1257 1327 ab
1280 1301 1425 1329 ail'ectibus
1448 1307 1529 1337 atque
1552 1303 1627 1331 vitiis
1649 1308 1768 1332 mentem

978 1351 1106 1380 separant
1121 1355 1127 1373 :
1139 1347 1278 1382 spiritales
1289 1352 1380 1375 autem
1390 1349 1646 1384 contemplationes,
1660 1359 1674 1378 a
1688 1351 1770 1379 nudis

979 1391 1046 1426 ipsis
1067 1393 1245 1427 eoneeptibus
1264 1401 1296 1421 ac
1315 1394 1527 1428 cogitationibus
1541 1404 1547 1422 ε
1561 1403 1631 1430 pura
1650 1396 1770 1432 denique

979 1437 1079 1469 oratio,
1094 1437 1146 1472 ipsi
1161 1438 1216 1465 Deo
1230 1446 1289 1466 eam
1304 1439 1425 1467 adhibet.

1016 1482 1098 1518 434
1125 1483 1169 1510 45.
1188 1483 1327 1516 Virtutes,
1357 1488 1471 1519 propter
1496 1493 1588 1512 rerum
1615 1489 1770 1514 creatarum

137 1534 155 1568 ἠ
180 1533 208 1558 δὲ
231 1531 344 1566 γνῶσις,
366 1530 410 1558 διὰ
430 1529 476 1556 τὸν
497 1529 666 1564 γινώσκοντα
681 1536 687 1543 '
704 1529 718 1554 ὁ
734 1527 761 1554 δὲ
773 1526 926 1561 γινώσκων,

984 1528 1123 1555 scientiam
1144 1532 1221 1561 sunt;
1247 1529 1372 1560 scientia,
1393 1533 1506 1564 propter
1520 1538 1583 1557 eum
1600 1531 1647 1565 qui
1667 1532 1719 1558 scit
1738 1540 1771 1559 ac

137 1579 182 1605 ὗιὰ
197 1578 243 1604 τὸν
264 1576 411 1612 ἀγνώστως
429 1575 641 1611 γινωσκόμενον,
665 1574 712 1602 καὶ
735 1574 805 1608 ὑπὲρ
828 1572 928 1608 γνῶσιν

138 1623 318 1659 γινώσκοντα.

177 1758 236 1791 pg’.
265 1754 323 1789 Οὐχ
349 1753 388 1785 ὡς
406 1751 606 1789 προσδεόμενός
621 1758 693 1782 τινος
714 1749 727 1776 ὁ
751 1747 930 1783 ὑπερπλήρης

139 1801 216 1833 Θεὺς,
234 1801 397 1835 παρήγαγεν
416 1799 456 1830 εἰς
471 1797 502 1824 τὸ
518 1795 634 1825 εἶναιτὰ
645 1795 777 1831 γεγονότα
794 1803 800 1810 ·
818 1793 930 1821 ἀλλ’ἵνα

140 1847 211 1874 αὐτὰ
230 1846 280 1880 μὲν
298 1844 380 1872 αὑτοῦ
393 1844 531 1878 ἀναλόγως
554 1843 702 1878 μετέχοντα
717 1840 854 1876 ἀπολαύῃ,
872 1839 929 1876 [ΕΓ.

140 1891 298 1927 ἀπολαύσῃ]
324 1890 405 1922 αὐτὸς
420 1890 450 1917 δὲ
464 1888 603 1924 εὐφρανθῇ
619 1888 666 1914 ἐπὶ
677 1888 733 1918 τοῖς
744 1886 835 1922 ἔργοις
846 1884 929 1911 αὐτοῦ

139 1939 213 1974 ὁρῶν
232 1938 302 1966 αὐτὰ
320 1937 530 1972 εὐφραινόμενοι,
548 1936 595 1962 καὶ
615 1935 660 1962 τὸν
674 1933 821 1970 ἀκόρεστον
834 1931 933 1966 ἀκορέ-

141 1993 215 2017 στως
231 1983 268 2020 (ο)
286 1983 330 2010 ἀεὶ
348 1982 543 2018 κορεννύμενα.

179 2031 233 2066 ιιι-ζ’.
247 2029 364 2060 Πολλοὺς
380 2028 436 2063 ἔχει
449 2028 464 2054 ὁ
480 2027 581 2062 κόσμος
595 2027 718 2061 πτωχοὺς
732 2026 770 2062 τῷ
786 2029 931 2061 πνεύματι,

141 2077 212 2104 ἀλλὰ.
240 2075 315 2111 παρὰ
331 2075 363 2102 τὺ
380 2074 529 2110 προσῆκον.
549 2073 604 2100 Καὶ
621 2073 736 2105 πολλοὺς
753 2073 931 2107 πενθοῦντας,

142 2122 213 2150 ἀλλὰ
236 2122 280 2148 διὰ
306 2121 408 2156 ζημίας
432 2119 593 2155 χρημάτων,
614 2118 630 2154 ἢ
656 2119 793 2150 ἀποϐολὰς
817 2119 931 2146 τέκνων.

142 2168 201 2194 Καὶ
214 2166 328 2197 πολλοὺς
345 2167 453 2201 πραεῖς,
467 2164 536 2191 ἀλλὰ
554 2165 623 2198 πρὸς
636 2163 670 2190 τὰ
685 2164 830 2199 ἀκάθαρτα
843 2165 928 2201 πάθη.

981 1574 1122 1609 cognoscit
1142 1583 1148 1600 :
1170 1582 1339 1609 cognoscens
1362 1580 1453 1602 autent
1475 1583 1508 1604 ac
1530 1576 1636 1609 sciens,
1659 1583 1772 1612 propter

979 1627 1041 1647 eum
1055 1620 1102 1655 qui
1113 1620 1203 1655 ignota
1218 1621 1323 1647 ratione
1334 1621 1420 1648 scitur
1430 1629 1463 1648 ac
1471 1624 1656 1656 cognoscitur,
1667 1623 1772 1658 scitque

979 1674 1012 1693 ac
1028 1666 1167 1701 cognoscit
1183 1674 1265 1701 supra
1277 1674 1386 1694 omnem
1409 1667 1531 1695 scientiae
1553 1675 1584 1695 ac
1607 1669 1774 1703 cognitionis

980 1711 1105 1738 modum.

1016 1757 1060 1784 46.
1077 1757 1136 1784 Νοη
1151 1757 1229 1784 velut
1252 1756 1344 1792 aliquo
1363 1757 1500 1792 indigens,
1515 1758 1561 1792 qui
1584 1766 1667 1793 supra
1690 1767 1772 1794 quam

980 1802 1078 1837 plenus
1095 1807 1146 1835 est,
1167 1803 1247 1833 Deus,
1264 1810 1311 1830 res
1335 1803 1464 1837 produxit
1487 1808 1518 1830 ut
1540 1808 1649 1838 essent;
1673 1805 1719 1832 sed
1744 1810 1774 1832 ut

980 1847 1047 1883 ipsa:
1063 1855 1113 1882 pro
1136 1856 1184 1874 sua
1206 1855 1322 1882 qumque
1346 1849 1463 1881 ratione,
1479 1849 1681 1884 participando,
1699 1849 1775 1878 illius

980 1893 1139 1920 fruerentur
1156 1893 1292 1926 bonitate;
1310 1893 1502 1929 lzetarcturque
1523 1894 1581 1928 ipse
1599 1894 1626 1921 in
1642 1895 1775 1929 operibus

980 1938 1039 1966 suis
1063 1938 1159 1965 videns
1180 1945 1212 1965 ea
1234 1937 1332 1971 latari,
1357 1943 1385 1965 et
1409 1938 1558 1965 insatiabili
1580 1938 1774 1966 insatiabiliter

982 1992 1091 2019 semper
1111 1984 1214 2011 satiari.

1017 2031 1061 2057 47.
1083 2030 1181 2057 Multos
1205 2029 1324 2056 mundus
1345 2036 1480 2064 pauperes
1495 2029 1593 2064 spiritu
1610 2029 1702 2062 habet,
1726 2029 1775 2057 sed

981 2079 1078 2103 contra
1096 2083 1177 2110 quam
1189 2075 1276 2102 decet.
1292 2074 1390 2102 Multos
1404 2083 1514 2110 quoque
1527 2075 1662 2110 lugentes,
1676 2074 1723 2102 sed
1739 2074 1774 2101 ob

983 2121 1163 2157 pecuniarum
1183 2122 1329 2156 jacturam,
1351 2121 1393 2148 vel
1411 2120 1588 2148 amissionem
1612 2120 1773 2148 liberorum.

983 2167 1082 2195 Multos
1095 2167 1160 2194 item
1175 2166 1266 2199 mites,
1278 2166 1325 2193 sed
1343 2166 1476 2193 adversus
1491 2165 1646 2193 immundos
1659 2165 1776 2193 allectus

143 2213 200 2240 Καὶ
214 2213 326 2244 πολλοὺς
342 2211 491 2241 πεινῶντας
506 2210 554 2237 καὶ
573 2209 716 2245 διψῶντας,
736 2210 803 2237 ἀλλὰ
825 2210 855 2236 τὸ
881 2211 930 2246 ἁρ-

985 2220 1017 2240 ae
1039 2211 1177 2239 libidines.
1192 2211 1281 2238 Etiam
1296 2211 1397 2238 multos
1418 2211 1574 2239 esurientes
1595 2215 1624 2238 et
1638 2211 1774 2244 sitientes,

143 2258 242 2290 τεάζειν
252 2257 287 2284 τὰ
302 2256 439 2290 ἀλλότρια,
455 2254 502 2282 καὶ
518 2254 671 2289 κερδαίνειν
683 2254 713 2286 ἐξ
738 2255 854 2286 ἀδικίας,
875 2256 932 2282 Καὶ

143 2304 261 2335 πολλοὺς
285 2303 446 2338 ἐλεήμονας,
472 2300 540 2327 ἀλλὰ
559 2300 626 2335 πρὸς
639 2300 669 2326 τὸ
684 2300 764 2335 σῶμα
775 2301 820 2328 καὶ
836 2302 869 2328 τὰ
882 2301 929 2328 τοῦ

143 2350 280 2385 σώματος.
298 2347 352 2375 Καὶ
370 2347 507 2382 καθαροὺς
527 2347 561 2382 τῇ
583 2345 690 2381 καρδίᾳ,
707 2345 775 2372 ἀλλὰ
794 2346 838 2374 διὰ
852 2355 931 2373 κενο-

141 2395 244 2428 δοξίαν.
263 2394 320 2422 Καὶ
333 2392 532 2429 εἰρηνοποιοὺς,
549 2391 617 2418 ἀλλὰ
633 2391 682 2425 τὴν
697 2391 787 2427 ψυχὴν
798 2393 831 2428 τῇ
847 2393 930 2428 σαρκὶ

142 2441 361 2471 ὗποτάσσοντας.
376 2438 430 2465 Καὶ
443 2438 558 2468 πολλοὺς
582 2437 789 2472 δεδιωγμένους,
811 2438 868 2464 ἀλλ’
894 2438 931 2470 ὡς

141 2485 289 2517 ἀτάκτους.
306 2485 363 2512 Καὶ
380 2484 493 2515 πολλοὺς
510 2483 734 2518 ὀνειδιζομένους,
749 2483 806 2510 ἀλλ’
828 2485 873 2511 ἐπ’
891 2485 934 2512 al—

143 2532 238 2568 σχροῖς
251 2531 444 2568 ἁμαρτήμασιν
460 2529 517 2556 ἀλλ’
530 2530 629 2556 ἐκεῖνοι
639 2529 714 2564 μόνοι
725 2530 854 2566 μακάριοι
863 2531 932 2567 (25),

181 2611 218 2648 (ο)
231 2610 285 2638 Καὶ
296 2610 350 2637 τὸν
361 2609 528 2648 ἀκόρεστον
539 2608 719 2648 ἀκορέοςζῳς.
730 2608 775 2648 Sic
786 2609 936 2648 emendare

141 2643 240 2676 docuit
252 2653 325 2673 unus
341 2644 402 2672 cod.
414 2644 483 2678 Reg.
508 2651 540 2670 ac
555 2643 602 2678 qui
617 2644 684 2670 mihi
702 2644 852 2671 multorum
877 2645 937 2671 vice

142 2689 197 2714 est,
208 2681 286 2709 Dul'r.
306 2679 432 2714 codapro
449 2679 501 2705 τῶν
527 2678 692 2714 ᾲκορέστων,
706 2678 779 2714 quod
795 2683 855 2705 erat
879 2679 938 2706 edi-

144 2713 195 2746 tis.
206 2717 274 2744 Male
286 2722 353 2741 vero
366 2713 469 2748 Obsop.
485 2718 512 2740 et
523 2713 707 2740 Gcsn.'active
726 2713 854 2745 reddunt,
868 2715 938 2740 alter

142 2754 228 2781 etiam
245 2749 415 2779 soloecismo,
434 2756 523 2775 rerum
543 2748 747 2778 iusaliabilium,
767 2748 836 2775 alter
854 2749 936 2783 paulo

145 2786 282 2817 Latinius,
300 2785 376 2811 rebus
389 2783 582 2810 insatiabilibus
604 2792 613 2810 .'
632 2791 686 2810 non
709 2783 782 2810 enim
797 2784 874 2818 quasi
902 2784 936 2811 de

145 2823 231 2850 rebus
240 2819 407 2848 satiantihus
418 2826 450 2846 ea
467 2826 520 2845 vox
543 2818 654 2850 dicitur,
677 2818 723 2846 sed
745 2818 779 2845 de
799 2819 934 2853 personis,

145 2865 209 2893 quae
225 2855 320 2885 satiari
333 2862 389 2882 non
405 2857 530 2889 possunt.
552 2853 670 2881 Phavor.
687 2854 846 2888 Ἀκόρεστος
856 2854 935 2888 λέγε-

985 2266 1082 2286 verum
1098 2263 1128 2285 ut
1145 2257 1235 2285 aliena
1252 2257 1370 2292 rapiant,
1385 2265 1418 2284 ac
1432 2258 1531 2292 injusta
1550 2258 1626 2284 lucra
1641 2261 1776 2292 quterant.

986 2304 1040 2333 Sed
1057 2308 1085 2332 et.
1106 2304 1208 2331 multos
1228 2303 1431 2336 misericordes,
1446 2311 1541 2330 verum
1557 2311 1621 2338 erga
1634 2310 1735 2338 corpus
1749 2306 1778 2329 et

985 2359 1017 2379 ea
1032 2358 1092 2386 qua:
1113 2350 1147 2377 ad
1169 2357 1270 2384 corpus
1286 2353 1418 2384 spectant.
1437 2348 1535 2376 Multos
1558 2348 1660 2375 mundo
1682 2348 1775 2381 corde,

984 2404 1082 2424 verum
1105 2396 1195 2423 inanis
1216 2395 1309 2430 gloria;
1325 2402 1416 2422 causa.
1442 2394 1540 2421 Multos
1561 2394 1705 2429 paciﬁcos,
1727 2394 1776 2421 sed

985 2442 1032 2478 qui
1046 2441 1122 2469 carni
1144 2441 1266 2468 animum
1288 2440 1445 2476 subjiciam.
1468 2439 1567 2467 Multos
1584 2441 1631 2475 qui
1645 2447 1776 2474 persecu-

985 2488 1088 2516 tionem
1103 2487 1252 2522 patiantur,
1268 2486 1316 2514 sed
1335 2491 1462 2521 tanquam
1478 2485 1646 2521 immorigeri
1660 2489 1688 2513 et
1700 2485 1775 2512 inor-

987 2531 1083 2560 dinati.
1106 2531 1205 2559 Multos
1224 2531 1271 2566 qui
1291 2531 1391 2566 probra
1415 2531 1569 2559 sustineant
1591 2539 1624 2558 ac
1643 2529 1774 2563 convitia,

985 2619 1031 2636 ται
1045 2611 1060 2636 ὁ
1078 2609 1115 2644 μὴ
1130 2609 1210 2644 κόρον
1221 2608 1367 2644 λαμϐάνων
1376 2609 1462 2639 τινός·
1473 2606 1537 2637 οἷον,
1550 2609 1700 2642 ἀκόρεστος
1713 2618 1779 2643 χρη-

988 2645 1092 2680 μάτων,
1110 2644 1257 2680 ἀκόρεστος
1272 2679 1275 2680 ν
1289 2644 1466 2680 ἡδονῆςηκαὶ
1494 2645 1652 2680 ἀκόρεστος.
1670 2645 1694 2680 ,ό
1715 2645 1779 2679 περὶ

986 2679 1089 2714 τροφὴν
1102 2679 1249 2714 ἄπληστος.
1264 2679 1309 2706 Ait
1320 2687 1385 2713 ergo
1403 2679 1545 2709 Maximus.
1562 2679 1658 2706 satiari
1666 2679 1779 2706 insatia-

986 2715 1074 2741 biliter
1106 2714 1263 2745 insatiabili,
1284 2714 1311 2740 id
1340 2718 1392 2743 est.
1409 2714 1469 2748 ipso
1485 2715 1558 2741 Deo:
1580 2715 1697 2748 inquom
1713 2722 1777 2740 vere

985 2750 1061 2776 nulla
1082 2750 1195 2777 satietas
1207 2749 1281 2776 cadit
1307 2749 1348 2776 sui
1367 2750 1508 2781 fruitione,
1542 2750 1582 2776 uti
1604 2757 1654 2775 nec
1686 2749 1713 2775 in
1729 2756 1779 2776 eos

986 2785 1032 2819 qui
1058 2785 1117 2819 ejus
1142 2785 1251 2812 fruendi
1280 2784 1431 2819 participes
1465 2789 1539 2815 sunt,
1562 2784 1628 2818 quin
1649 2791 1777 2819 semper,

984 2827 1017 2846 ac
1035 2825 1138 2854 quanta
1158 2820 1300 2847 :eternitas
1323 2824 1376 2852 est,
1396 2819 1477 2847 beato
1501 2820 1554 2847 ﬁne
1582 2820 1628 2846 illo
1653 2819 1707 2846 frui
1730 2826 1778 2847 ve-

983 2855 1045 2881 lint.
