1948 3077
182 183 247 214 1031

758 181 788 211 S.
810 180 837 209 Μ
842 179 904 208 AXI
909 177 953 208 MI
974 175 1228 207 CONFESSORIS

1741 168 1812 201 1032

179 239 228 266 sed
248 238 284 266 ob
305 237 405 273 turpia,
423 245 484 272 qum
507 239 625 272 pati-ant.
641 235 742 263 Verum
762 235 780 261 ii
799 233 972 262 solummodo

1035 233 1048 258 r't
1067 231 1112 259 διὰ
1126 231 1244 268 Χριστὸν
1259 229 1306 257 καὶ
1318 228 1389 257 κατὰ
1401 227 1519 264 Χριστὸν
1532 226 1619 253 ταῦτα
1638 225 1684 252 καὶ
1699 225 1811 252 ποιοῦν-

180 285 264 316 beati,
282 284 329 319 qui
351 287 462 318 propter
482 282 622 309 Christum
639 288 670 308 ac
691 280 846 308 Christiana
868 279 970 314 pietate

180 331 239 358 haec
261 334 288 357 et
309 330 412 357 iaciunt
434 331 462 356 et
478 328 631 363 patiuntur.
648 326 783 359 Quorsum
799 325 883 353 vero?
901 323 971 357 Quo—

181 378 254 404 niam
275 377 392 411 ipsorum
417 379 456 401 est
473 382 582 410 regnum
605 373 740 406 caelorum,
765 376 803 403 et,
829 371 898 404 Quia
920 371 971 406 ipsi

181 423 262 450 Deum
278 422 400 449 videbunt
416 420 450 453 ⁸³,
467 425 520 448 etc.
534 420 637 454 Itaque,
651 427 705 446 non
719 418 782 454 quia
795 418 853 445 haec
868 417 972 444 faciunt

181 475 213 494 ac
229 467 380 501 patiuntur,
403 469 466 492 sunt
482 465 554 492 beati
574 465 646 500 (cum
661 467 689 491 et
707 463 726 490 ii
746 471 816 498 quos
834 462 970 494 dicebam,

183 513 301 547 idipsum
325 511 453 546 faciant),
472 510 520 538 sed
545 509 617 544 quod
641 512 753 543 propter
774 508 914 535 Christum
941 514 973 533 ac

183 557 337 585 Christiana
350 556 462 591 pietate,
479 555 536 582 hzec
548 559 576 582 et
590 554 693 581 faciunt
706 557 734 581 et
746 553 898 588 patiuntur.

219 603 264 630 48.
288 603 316 630 1η
332 602 461 629 omnibus
482 609 542 636 qua:
556 608 571 627 a
588 600 668 627 nobis
689 604 817 635 aguntur,
834 598 897 626 ﬁnis
917 599 974 626 Deo

185 647 357 683 exquiritur,
386 650 416 673 ut
440 648 538 680 sacpius
566 645 670 672 dictum
694 649 752 678 est;
777 645 834 672 sive
861 650 975 679 propter

185 694 285 728 ipsum,
302 693 359 720 sive
378 691 490 719 alterius
506 691 667 727 cujusquam
685 691 771 726 gratia
793 697 914 725 agamus.
936 689 975 716 Ne

186 740 270 775 igitur
284 747 346 766 cum
368 738 434 766 boni
451 737 555 772 aliquid
571 745 651 773 agere
670 738 698 764 in
721 737 842 764 animum
859 735 975 762 induxe-

186 786 283 819 rimus,
298 785 447 811 humanum
468 783 589 810 favorem
603 790 634 810 ac
650 791 746 810 auram
758 787 910 817 captemus,
928 781 977 809 sed

185 832 273 858 Deum
293 831 373 858 nobis
393 831 473 857 finem
489 836 690 864 proponamus;
706 833 737 856 ut
751 829 777 856 in
793 837 855 856 eum
870 836 977 863 semper

187 876 361 911 aspicientes,
383 880 495 910 propter
519 874 609 909 ipsum
633 875 727 901 omnia
750 881 873 909 agamus.
898 881 932 900 ne
951 877 979 900 et

188 922 309 949 laborem
323 922 517 953 sustineamus,
531 925 559 948 et
569 920 725 948 mercedem
739 920 905 947 amittamus.

224 968 267 995 49.
281 967 375 995 Nudas
389 968 462 1002 ipsas
478 967 658 994 humanarum
683 974 775 994 rerum
800 973 831 993 ac
852 966 977 1001 negotio-

188 1022 250 1040 rum
274 1013 464 1049 cogitationes,
487 1020 637 1048 rerumque
658 1012 783 1040 omnium
805 1012 978 1039 conditarum

188 1058 430 1091 considerationes,
447 1059 534 1094 abjice
549 1059 641 1086 animo
655 1065 718 1086 eum
732 1059 861 1093 precibus
874 1058 927 1086 erit
939 1058 980 1085 in-

189 1105 390 1139 cumbendum;
405 1113 440 1133 ne
453 1105 524 1132 forte
537 1105 660 1140 cogitans
675 1113 735 1140 quae
749 1105 885 1132 deteriora
904 1108 978 1137 sunt,

188 1152 246 1186 ejus
260 1152 307 1186 qui
329 1151 411 1179 rebus
425 1151 553 1178 omnibus
574 1151 643 1178 citra
666 1157 776 1177 omnem
798 1150 981 1185 comparatio—

189 1205 251 1225 nem
272 1201 391 1233 prwstat,
403 1198 538 1233 jacturam
551 1197 660 1224 feceris.

223 1242 304 1278 435
329 1243 372 1271 50.
390 1243 418 1271 Si
434 1251 500 1271 vere
515 1251 548 1270 ex
562 1243 655 1270 animo
675 1242 761 1270 Deum
784 1241 978 1273 dilexerimus,

191 1289 333 1324 ipsiusmet
345 1289 490 1316 charitatis
501 1289 528 1316 vi
550 1288 680 1316 libidines
699 1291 780 1323 atque
801 1287 916 1315 allectus
933 1287 982 1315 de-

189 1335 332 1370 pellamus.
348 1335 395 1362 Dei
412 1339 504 1362 autem
522 1334 642 1361 charitas
657 1334 686 1361 in
708 1342 741 1361 eo
762 1339 814 1365 est,
839 1338 868 1360 ut
890 1333 980 1368 ipsum

190 1382 303 1411 mundo.
321 1385 349 1408 et
372 1388 492 1408 animam
512 1385 588 1407 carm
605 1379 798 1414 pmferamus;
822 1387 853 1406 ea
877 1379 982 1406 scilicet

190 1427 296 1453 ratione
311 1426 384 1460 quod
400 1426 499 1460 spretis
514 1424 690 1452 saecularibus
702 1424 828 1459 negotiis,
841 1424 865 1451 ei
878 1424 981 1459 jugiter

191 1479 240 1506 per
256 1471 453 1498 continentiam
478 1475 506 1498 et
530 1471 691 1497 eharitatem
718 1473 746 1496 et
768 1469 932 1503 orationem,
954 1473 982 1497 et

190 1516 311 1552 psalmos
321 1515 504 1546 concincndo,
517 1523 548 1542 ac
560 1514 676 1550 reliqua,
693 1521 831 1541 vacemus.

227 1561 271 1588 5t.
295 1561 348 1589 Ubi
374 1560 421 1587 diu
448 1561 619 1595 multumque
645 1560 702 1587 Deo
725 1565 870 1592 vacantes,
896 1560 982 1595 partis

191 1607 289 1634 animas
314 1606 459 1634 aﬂ’ectibus
482 1605 608 1633 obnoxia:
631 1613 726 1632 curam
748 1605 901 1640 egerimus,
926 1613 981 1632 non
995 1591 1017 1621 (ἶ

192 1653 308 1688 amplius
335 1652 369 1679 ad
392 1651 589 1687 cogitationum
621 1650 741 1678 insultus
767 1651 950 1686 impingemus
973 1659 980 1678 :

191 1699 258 1733 quin
275 1702 303 1726 et
317 1695 446 1726 solertius
464 1705 560 1724 earum
576 1696 705 1732 dispectis
720 1704 752 1724 ac
767 1697 867 1724 excisis
880 1696 981 1730 causis,

192 1744 407 1778 perspicaciores
419 1742 584 1776 evademus,
599 1746 629 1770 ut
641 1743 697 1778 jam
713 1742 742 1769 in
755 1742 835 1769 nobis
850 1742 917 1769 illud
933 1743 984 1770 im-

193 1790 300 1824 pleatur
321 1798 328 1816 :
350 1789 384 1816 Et
401 1790 518 1825 despexit
539 1788 629 1816 oculus
644 1797 718 1815 meus
734 1789 762 1816 in
783 1788 895 1815 inimicis
908 1789 982 1822 meis,

193 1840 218 1862 et
231 1836 258 1862 in
270 1835 463 1870 insurgentibus
479 1836 507 1862 in
522 1842 563 1862 me
579 1834 788 1870 malignantibus
806 1835 895 1862 audiet
911 1835 984 1862 auris

194 1889 251 1908 mea
264 1882 297 1908 3".

229 1981 272 2008 52.
288 1979 357 2008 Cum
378 1984 498 2008 mentem
515 1984 589 2007 tuam
604 1979 649 2014 pie
665 1987 697 2007 ac
720 1981 790 2016 iuste
806 1981 922 2015 versari,
938 1989 986 2010 co-

193 2027 305 2062 gitando
318 2034 350 2054 ea
370 2034 431 2062 quae
453 2029 518 2054 sunt
534 2025 640 2059 mundi,
655 2026 768 2059 videris,
781 2027 865 2054 etiam
883 2034 984 2063 corpus

194 2078 271 2100 tuum
286 2080 385 2107 purum
410 2076 437 2099 et
453 2079 468 2099 a
484 2075 596 2107 peccato
620 2071 743 2099 immune
767 2072 836 2100 scito
853 2080 984 2108 perseve-

193 2122 317 2146 raturum
342 2126 348 2144 :
373 2125 435 2144 cum
458 2121 550 2143 autem
574 2116 721 2151 cogitando
743 2117 865 2151 peccatis
886 2125 985 2146 vacare

194 2163 305 2196 videris,
318 2170 370 2190 nec
388 2162 551 2193 inhibueris,
566 2161 636 2188 scito
649 2161 708 2189 fore
724 2165 753 2188 ut
768 2166 797 2189 et
811 2169 912 2198 corpus
927 2171 984 2192 non

193 2209 241 2236 diu
257 2212 364 2235 maneat
378 2207 444 2242 quin
460 2207 489 2234 in
503 2214 535 2234 ea
551 2206 669 2233 labatur.

229 2298 272 2327 53.
289 2297 524 2332 Quemadmodum
541 2304 650 2331 corpus,
671 2297 803 2324 mundum
821 2305 865 2324 res
881 2297 981 2331 habet;

194 2347 230 2374 ita
245 2351 273 2373 et
289 2345 407 2376 animus,
425 2342 557 2370 mundum
573 2342 657 2369 habet
680 2342 858 2378 cogitationes
882 2350 913 2370 ac
937 2350 981 2370 re—

193 2400 253 2419 rum
266 2399 345 2418 sensa
358 2399 364 2416 :
381 2397 412 2416 ac
426 2389 497 2416 sicut
513 2395 613 2422 corpus
629 2391 765 2414 scortatur
781 2395 843 2414 cum
859 2387 984 2414 mulieris

193 2445 317 2473 corpore,
330 2436 370 2464 sic
383 2439 410 2463 et
425 2435 533 2462 animus
544 2441 605 2461 cum
618 2433 741 2460 mulieris
753 2433 869 2468 cogitata
884 2433 982 2467 forma,

193 2489 243 2517 per
271 2480 314 2508 sui
345 2479 469 2514 corporis
500 2478 646 2513 cogitatam
674 2476 789 2504 fortnam
821 2477 982 2504 fornicatur.

193 2527 281 2554 Mente
298 2525 372 2553 enim
397 2529 425 2551 et
442 2523 602 2559 cogitando,
631 2522 756 2557 corporis
783 2522 824 2549 sui
847 2522 979 2556 formam,

193 2579 255 2599 cum
279 2571 403 2598 mulieris
429 2570 515 2597 forma
540 2569 615 2596 videt
640 2568 824 2596 commisceri.
850 2567 982 2596 Similiter

193 2626 274 2653 etiam
289 2623 393 2651 inimici
408 2623 523 2650 formam
537 2621 636 2648 mentis
647 2620 811 2656 cogitatione
823 2620 980 2653 ulciscitur;

193 2680 225 2700 ac
237 2671 352 2708 perinde
369 2670 394 2697 in
415 2669 530 2704 reliquis
551 2667 680 2703 peccatis.
705 2667 769 2700 Quae
791 2667 864 2694 enim
883 2673 983 2701 corpus

194 2719 222 2746 in
238 2722 311 2750 actu,
326 2717 439 2752 ipsoque
456 2721 538 2749 opere
555 2713 582 2740 in
601 2720 693 2739 rerum
709 2713 812 2740 mundo
834 2712 908 2744 facil,
925 2712 984 2739 hazc

194 2768 222 2792 et
247 2763 355 2790 animus
381 2762 408 2788 in
434 2768 484 2788 suo
506 2759 642 2786 rationum
660 2757 762 2784 mundo
788 2765 820 2784 ac
843 2757 985 2792 cogitatio-

195 2815 271 2836 num.

230 2901 254 2918 ⁸⁸
267 2901 361 2929 Matth.
376 2908 403 2933 ν,
419 2899 436 2926 5
447 2906 524 2932 seqq.
563 2896 586 2911 ’ν’
603 2894 674 2922 Psal.
693 2901 744 2926 xei,
764 2894 804 2921 12.

1020 287 1066 311 τες
1091 278 1138 305 καὶ
1163 279 1324 313 πάσχοντες.
1353 276 1449 305 Διατίς
1475 276 1537 301 Ὅτι
1557 273 1657 300 αὐτῶν
1676 273 1762 299 ἐστιν
1792 273 1812 306 ἠ

1019 322 1165 356 ,βασιλεία
1186 322 1246 349 τῶν
1277 321 1425 355 οὐρανῶν-τ
1460 319 1518 351 καὶ,
1543 316 1632 345 Αὐτοὶ
1657 316 1709 344 τὸν
1738 317 1814 343 Θρόν-

1023 368 1161 403 ὄψονται,
1178 368 1227 396 καὶ
1241 367 1275 394 τὰ
1289 366 1363 402 ἑξῆς.
1381 366 1473 397 Ὥστε,
1488 364 1537 399 οὐχ
1548 364 1589 390 ὅτι
1606 362 1714 389 ποιοῦσι
1727 362 1815 389 ταῦτα

1023 414 1070 442 καὶ
1087 414 1235 449 πάσχουσι,
1255 412 1309 439 εἰσὶ
1327 411 1478 447 μακάριοι·
1498 409 1545 436 καὶ¹
1565 409 1619 443 γὰρ
1636 408 1660 434 οἱ
1680 415 1815 442 προειρη-

1026 461 1101 496 μένοι
1123 460 1153 487 τὸ
1174 459 1241 487 αὐτὸ
1259 459 1382 485 ποιοῦσιν
1395 466 1402 473 ·
1427 456 1484 484 ἀλλ’
1499 456 1540 483 ὄτι
1555 455 1600 483 διὰ
1626 453 1747 489 Χριστὸν
1767 453 1816 479 καὶ

1024 506 1095 534 κατὰ
1110 506 1229 542 Χριστὸν
1239 505 1327 533 ταῦτα
1349 505 1395 532 καὶ
1413 502 1521 530 ποιοῦσι
1536 501 1583 529 καὶ
1595 501 1742 536 πάσχουσι.

1063 590 1118 622 μη’.
1146 586 1190 612 Ἐν
1210 585 1278 611 πᾶσι
1299 585 1355 615 τοῖς
1383 582 1427 616 ὑφ’
1453 581 1533 617 ἡμῶν
1564 578 1774 614 πραττομένοις,
1802 578 1816 603 ὁ

1027 632 1127 663 σκοπὸς
1141 630 1261 666 ζητεῖται
1275 628 1350 664 παρὰ
1357 627 1415 662 Θεῷ
1426 627 1492 661 (9.6),
1504 626 1541 657 ὡς
1556 624 1685 654 πολλάκις
1697 623 1816 658 εἴρηται·

1027 679 1082 705 εἴτε
1114 678 1147 705 δι’
1173 677 1267 708 αὑτὸν,
1296 676 1350 702 εἴτε
1369 674 1403 701 δι’
1427 673 1490 701 ἄλλο
1502 681 1529 698 τι
1545 671 1712 706 πράττομεν.
1732 669 1818 695 Ὅταν

1027 722 1074 752 οὖν
1096 733 1124 750 τι
1148 723 1270 757 θέλωμεν
1296 719 1400 756 πρᾶξαι
1417 718 1532 752 ἀγαθὸν,
1550 716 1588 752 μὴ
1609 715 1659 750 τὴν
1690 714 1819 748 ἀνθρωπ-

1028 770 1172 805 αρέσκειαν
1184 788 1191 800 ,
1205 767 1275 800 ἀλλὰ
1292 767 1337 793 τὸν
1353 764 1418 791 Θεὸν
1444 763 1554 798 σχῶμεν
1565 761 1666 787 σκοπόν
1680 768 1687 775 ·
1708 759 1752 785 ῐνα
1778 760 1819 789 εἰς

1029 817 1110 844 αὐτὸν
1123 815 1167 843 ἀεὶ
1182 812 1409 846 ἀποϐλεπόμενοι,
1421 810 1454 836 δι’
1465 809 1548 835 αὑτὸν
1558 807 1647 834 πάντα
1656 805 1818 841 πράξωμεν-

1029 863 1074 890 ϊνα
1089 861 1126 897 μὴ
1141 861 1186 888 καὶ
1202 860 1247 886 τὸν
1260 859 1343 885 τόπον
1357 856 1548 892 ὑπομένωμεν,
1577 853 1625 880 καὶ⁸
1650 852 1696 879 τδν
1724 851 1820 886 μισθὸν

994 913 1014 941 Β
1029 908 1216 943 ἀπολέσωμεν.

1067 955 1121 991 μθν.
1139 942 1194 981 Καὶ
1210 953 1244 980 τὰ
1268 951 1333 987 ψιλὰ
1362 949 1418 976 τῶν
1447 946 1625 983 ἀνθρωπίνων
1648 942 1821 980 πραγμάτων

1030 1002 1165 1037 νοήματα,
1177 999 1225 1026 καὶ
1239 998 1274 1024 τὰ
1284 998 1392 1023 πάντων
1406 995 1461 1021 τῶν
1476 992 1629 1028 γεγονότων
1641 990 1820 1025 θεωρήματα,

1030 1035 1151 1074 ἀπόϐαλε
1171 1044 1218 1072 τοῦ
1242 1044 1302 1076 νοὸς
1317 1043 1346 1070 ὲν
1360 1042 1398 1077 τῷ
1418 1040 1508 1077 καιρῷ
1519 1041 1569 1075 τῆς
1583 1036 1739 1074 προσευχῆς
1751 1042 1759 1051 ·
1776 1035 1823 1062 ἶνα

1032 1093 1070 1127 μὴ
1080 1092 1114 1119 τὰ
1135 1092 1235 1127 ἥττονα
1255 1088 1468 1123 φανταζόμενος,
1484 1085 1531 1113 τοῦ
1548 1085 1658 1112 πάντων
1667 1083 1723 1109 τῶν
1736 1082 1822 1109 ὄντων

1031 1137 1204 1173 ἀσυγκρίτως
1221 1135 1375 1172 κρείττονος
1393 1133 1525 1167 ὲκπέσῃς.

1066 1235 1097 1259 ν’.
1120 1230 1183 1258 Ἐὰν
1195 1229 1240 1256 τὸν
1252 1227 1319 1254 Θεὸν
1335 1223 1454 1260 γνησίως
1469 1221 1669 1258 ἀγαπήσωμεν,
1683 1219 1716 1246 δι’
1735 1219 1822 1254 αὐτῆς

1030 1278 1080 1313 τῆς
1091 1276 1202 1310 ἀγάπης
1215 1273 1248 1300 τὰ
1263 1272 1337 1306 πάθη
1354 1268 1554 1302 ἀποϐάλλομεν.
1580 1267 1612 1293 Ἦ
1633 1266 1661 1292 δὲ
1678 1266 1718 1297 εἰς
1741 1264 1823 1292 αὐτὸν

1032 1311 1125 1358 ἀγάπη
1141 1321 1211 1352 ἐστὶ,
1225 1319 1257 1346 τὸ
1271 1317 1407 1353 προτιμᾷν
1423 1315 1504 1342 αὐτὸν
1516 1313 1563 1340 τοῦ
1578 1313 1692 1347 κόσμου,
1710 1312 1758 1338 καὶ
1772 1311 1822 1346 τὴν

1030 1357 1120 1404 ψυχὴν
1133 1366 1184 1402 τῆς
1201 1363 1319 1400 σαρκός·
1344 1363 1373 1389 ἐν
1391 1360 1430 1405 τῷ
1446 1359 1500 1387 τῶν
1516 1357 1656 1393 κοσμικῶν
1674 1357 1723 1391 μὲν
1735 1364 1821 1405 κατα-

1033 1401 1141 1451 ιρρονεῑν
1157 1401 1339 1448 πραγμάτων,
1357 1401 1431 1443 αὑτῷ
1450 1406 1477 1433 δὲ
1493 1404 1635 1441 σχολάζειν
1653 1402 1697 1430 διὰ
1710 1401 1823 1433 παντδς,

1032 1447 1076 1488 διά
1099 1469 1130 1486 τε
1147 1447 1311 1494 ἐγκρατείας
1335 1454 1383 1481 καί
1405 1452 1516 1488 ἀγάπης
1532 1451 1579 1478 καὶ
1601 1449 1756 1485 προσευχῆς
1774 1447 1823 1474 καὶ

1031 1505 1200 1542 ψαλμῳδίας,
1216 1503 1265 1530 καὶ
1276 1501 1330 1528 τῶν
1346 1499 1420 1535 ἑξῆς.
1517 1539 1520 1541 Δ
1590 1526 1597 1535 _

1068 1539 1123 1580 νᾴοζ
1141 1551 1203 1578 Ἐὰν
1220 1549 1395 1585 σχολάζοντες
1409 1545 1449 1585 τῷ
1466 1539 1526 1580 Θεῷ
1543 1542 1632 1580 χρόνῳ
1657 1540 1757 1577 πολλῷ,
1775 1539 1823 1567 τοῦ

1034 1598 1185 1635 παθητικοῦ
1200 1597 1300 1633 μέρους
1316 1595 1367 1630 τῆς
1385 1592 1476 1628 ψυχῆς
1493 1588 1698 1626 ἐπιμελώμεθα,
1714 1588 1764 1614 οὐκ
1782 1587 1823 1613 ἔτι

1033 1647 1102 1684 πρὸς
1130 1647 1179 1678 τὰς
1198 1645 1253 1672 τῶν
1281 1642 1419 1677 λογισμῶν
1448 1638 1601 1675 προσϐολὰς
1631 1635 1824 1684 ὲξοκείλομε-ν·

1033 1679 1100 1722 ἀλλά
1114 1693 1162 1720 καὶ
1174 1689 1373 1727 άκριὸέστερον
1387 1687 1435 1718 τὰς
1445 1685 1549 1712 τούτων
1565 1682 1653 1714 αἰτίας
1662 1679 1825 1708 κατανοοῦν-

1032 1749 1078 1772 τες
1092 1739 1140 1767 καὶ
1154 1726 1343 1768 ἐκκόπτοντες,
1352 1731 1577 1770 διορατικώτεροι
1587 1728 1718 1764 γινόμεθα
1728 1734 1736 1741 ·
1752 1726 1823 1753 ὥστε

1033 1783 1213 1820 πληρωθῆναι
1225 1782 1265 1813 εἰς
1280 1781 1353 1816 ἡμᾶς
1367 1779 1398 1805 τὺ
1408 1797 1416 1812 ,
1433 1777 1488 1805 Καὶ
1511 1775 1630 1803 ἐπεῖδεν
1645 1772 1825 1808 ὁόφθαιμός

1030 1840 1090 1867 μου
1100 1830 1135 1857 ἐν
1149 1828 1211 1861 τοῖς
1220 1827 1338 1863 ἐχθροῖς
1352 1834 1412 1861 μου
1424 1831 1432 1839 ⁸
1461 1823 1512 1850 καὶ
1525 1822 1560 1849 ἐν
1578 1821 1641 1854 τοῖς
1662 1820 1818 1867 erras-tom:

1031 1863 1135 1912 μένοις
1157 1874 1205 1902 ἐπ’
1229 1874 1279 1908 ἐμὲ
1307 1869 1570 1906 πονηρευομένοις,
1601 1866 1764 1895 ἀκούσεται
1790 1863 1824 1890 τὸ

1033 1921 1089 1956 οὖς
1107 1931 1178 1958 μου.
1638 1914 1644 1920 ”

1068 1955 1118 2005 is".
1151 1968 1234 1994 Ὀταν
1260 1965 1364 2000 βλέπῃς
1394 1961 1441 1990 τδν
1463 1961 1525 1988 νοῦν
1554 1967 1601 1987 σου
1637 1956 1757 1988 εὐσεϐῶς
1777 1955 1826 1981 καὶ

1033 2003 1145 2045 δικαίως
1160 2010 1398 2047 ἀναστρεφόμενον
1407 2009 1436 2035 ὲν
1448 2009 1505 2039 τοῖς
1518 2005 1565 2033 τοῦ
1581 2005 1684 2039 κόσμου
1694 2003 1824 2038 νοήμασι,

1033 2061 1150 2097 γίνωσκε
1167 2059 1214 2086 καὶ
1227 2058 1259 2084 τὸ
1273 2056 1353 2092 σῶμά
1374 2064 1421 2082 σου
1435 2052 1554 2089 καθαρὸν
1567 2051 1614 2078 καὶ
1630 2048 1825 2084 ἀναμάρτητον

1033 2095 1191 2142 διαμένειν
1213 2105 1277 2131 ὅταν
1295 2103 1323 2129 δὲ
1339 2102 1384 2129 τὸν
1398 2101 1460 2127 νοῦν
1482 2099 1583 2135 βλέπῃς
1609 2096 1681 2123 κατὰ
1704 2095 1826 2121 διάνοιαν

1033 2154 1182 2191 ἁμαρτίαις
1198 2151 1372 2190 σχολάζοντα,
1394 2149 1441 2176 καὶ
1469 2148 1505 2183 μὴ
1525 2146 1691 2191 ἀνακόπτῃς,
1706 2143 1824 2191 γίνωσκε

1035 2203 1083 2228 καὶ
1100 2201 1131 2228 τὺ
1146 2199 1226 2234 σῶμά
1239 2206 1286 2224 σου
1367 2193 1572 2230 πολυχρονίζειν
1591 2190 1639 2218 τοῦ
1657 2191 1712 2220 τοῖς
1731 2188 1825 2218 αὐτοῖς

1035 2247 1203 2283 περιπεσεῖν.
1231 2260 1238 2268 ι

1070 2280 1122 2328 vf.
1140 2293 1246 2325 ’Ὥσπερ
1265 2289 1296 2316 τὸ
1316 2288 1396 2323 σῶμα
1409 2286 1464 2322 ἔχει
1479 2284 1581 2319 κόσμον
1603 2281 1639 2308 τὰ
1661 2280 1824 2328 πράγματα,

1033 2326 1104 2368 οὕτω
1118 2339 1165 2366 καὶ
1179 2338 1193 2364 ὁ
1206 2335 1267 2368 νοῦς
1277 2335 1334 2371 ἔχει
1349 2334 1451 2368 κόσμον
1467 2331 1502 2358 τὰ
1514 2331 1638 2365 νοήματα
1647 2336 1655 2343 ·
1673 2328 1718 2354 καὶ
1729 2326 1827 2360 ὥσπερ

1033 2387 1064 2414 τὸ
1081 2386 1161 2420 σῶμα
1177 2382 1340 2418 πορνεύεται
1359 2379 1428 2416 μετὰ
1441 2377 1488 2404 τοῦ
1509 2372 1633 2410 σώματος
1654 2374 1704 2408 τῆς
1726 2380 1825 2406 γυναι-

1035 2433 1093 2464 κὸς,
1109 2418 1181 2458 ουτω
1194 2428 1241 2456 καὶ¹
1256 2427 1270 2453 ὁ
1294 2426 1356 2458 νοῦς
1381 2423 1508 2459 πορνεύει
1530 2420 1599 2456 μετὰ
1620 2418 1667 2446 τοῦ
1688 2418 1826 2452 νοήματος

1035 2463 1084 2514 τῆς
1101 2475 1240 2512 γυναικὸς,
1255 2473 1300 2500 διὰ
1315 2473 1362 2506 τῆς
1377 2468 1527 2505 φαντασίας
1540 2466 1587 2493 τοῦ
1604 2465 1669 2492 ἰδίου
1686 2463 1825 2498 σώματος.

1036 2511 1091 2560 Τήν
1102 2523 1155 2559 γὰρ
1177 2519 1283 2557 μορφὴν
1302 2517 1350 2544 τοῦ
1378 2516 1444 2543 ἰδίου
1463 2513 1589 2549 σώματος
1609 2511 1706 2560 βλέπει
1726 2516 1826 2560 μιγνυ-

1037 2555 1120 2606 μένην
1137 2555 1204 2604 μετὰ
1214 2555 1263 2602 τῆς
1281 2564 1387 2600 μορφῆς
1399 2563 1452 2598 τῆς
1462 2559 1591 2606 γυναικός
1603 2556 1674 2584 κατὰ
1693 2555 1825 2606 διάνοιαν.

1041 2599 1178 2646 incudem;
1195 2599 1247 2640 καί
1256 2599 1305 2647 τήν
1319 2609 1425 2646 μορφὴν
1444 2606 1492 2633 τοῦ
1506 2605 1678 2639 λυπήσαντος
1690 2599 1826 2647 ἀμύνεται

1037 2661 1107 2691 κατὰ
1119 2660 1249 2691 διάνοιαν,
1263 2646 1307 2684 διὰ
1326 2655 1375 2691 τῆς
1401 2652 1510 2689 μορφῆς
1533 2649 1580 2677 τοῦ
1606 2648 1671 2674 ἰδίου
1688 2646 1825 2691 σώματος.

1033 2689 1088 2734 lica
1101 2706 1146 2733 ἐπὶ
1153 2705 1208 2731 τῶν
1227 2689 1313 2730 ἀλλων
1329 2689 1535 2735 ἁμαρτημάτων
1550 2695 1660 2731 ὁμοίως.
1671 2693 1761 2725 ’Δπερ
1771 2689 1827 2723 γὰρ

1035 2751 1150 2787 πράττει
1172 2749 1203 2776 τὸ
1228 2748 1308 2783 σῶμα
1337 2746 1397 2774 κατ’
1419 2744 1559 2778 ἐνέργειαν
1583 2741 1622 2771 εὶς
1649 2736 1828 2787 τὺνοκόσμον

1035 2797 1216 2834 πραγμάτων.
1233 2794 1318 2821 ταῦτα
1334 2793 1448 2828 πράττει
1461 2791 1508 2817 καὶ
1520 2790 1534 2815 ὁ
1546 2786 1607 2818 νοῦς
1621 2787 1660 2817 εἰς
1669 2784 1714 2811 τὸν
1724 2782 1831 2817 κόσμον

1035 2845 1090 2871 τῶν
1107 2843 1251 2878 νοημάτων
1261 2862 1268 2867 .
