1948 3077
104 113 174 148 1033

533 116 698 147 ΟΑΡΠἮΜ
719 115 766 144 DE
785 112 1001 144 CHARITATE
1019 112 1213 143 CENTURIA
1232 111 1289 142 ΙΙΙ.

1664 108 1731 142 103i

139 171 186 199 νδ’.
201 171 259 198 Οὐκ
272 171 331 198 ἔστι
345 170 438 207 φρίξαι
457 172 503 198 καὶ
513 172 684 207 ἐκπλαγῆναι
700 173 747 198 καὶ
761 172 889 206 ἐκστῆναι
903 191 909 201 ε

976 171 1020 198 54.
1034 171 1094 198 Non
1109 169 1288 200 horrendum,
1305 176 1337 195 ac
1354 167 1426 203 quod
1443 171 1611 203 stupeamus,
1627 173 1732 196 mente-

101 217 137 250 τῇ
151 215 266 251 διανοίᾳ,
287 216 354 243 ὃτιὸ
371 216 419 251 μὲν
430 216 495 247 Θεὸς
511 217 558 243 καὶ
576 217 670 251 Πατὴρ
683 216 770 251 κρίνει
783 215 888 247 οὐδένα,

102 262 196 288 πᾶσαν
213 261 241 288 δὲ
253 261 303 296 τὴν
322 261 412 296 κρίσιν
426 261 523 288 δέδωκε
538 262 577 296 τῷ
591 262 646 297 Υἱῷ
657 270 664 278 ·
675 263 689 289 ὁ
699 262 728 288 δὲ
745 262 809 293 Υἱὸς
823 261 891 296 κρά-

102 305 162 338 ζει·
176 305 226 340 Μὴ
241 307 365 340 κρίνετε,
383 307 433 334 ἵνα
451 307 494 342 μὴ
510 307 646 342 κριθῆτε·
664 307 712 341 Μὴ
734 305 890 334 καταδικά-

102 351 176 384 ζετε,
205 351 255 379 ἵνα
272 351 315 386 μὴ
341 352 592 386 καταδικασθῆτε.
625 353 653 379 '0
667 352 695 379 δὲ
732 351 891 383 Ἀπόστολος

102 398 206 431 ὁμοίως
218 406 224 412 ·
240 397 289 431 Μὴ
305 398 361 432 πρὸ
373 398 479 432 καιροῦ
500 407 528 425 τι
544 398 670 433 κρίνετε,
687 397 744 430 ἕως
768 397 805 424 ἂν
817 397 891 431 ἔλθῃ

102 444 120 470 ό
139 443 247 476 Κύριος
260 452 267 458 ·
280 444 340 476 καὶ,
368 444 416 470 Ἐν
429 441 453 477 ᾧ
464 444 582 478 κρίματι
594 444 706 478 κρίνεις
715 443 769 470 τὸν
777 443 890 476 ἕτερον.

102 488 238 514 σεαυτὸν
250 489 455 523 κατακρίνεις·
476 489 499 515 οι
522 489 551 515 δὲ
566 489 703 524 ἄνθρωποι
726 488 841 522 ἀφέντες
861 488 892 515 τὸ

104 533 210 559 κλαίειν
220 533 269 564 τὰς
285 533 388 560 ἑαυτῶν
409 534 555 569 ἁμαρτίας.
571 532 642 570 ἦραν
658 533 707 570 τὴν
728 534 818 569 κρίσιν
839 533 892 560 ἀπὸ

104 577 153 604 τοῦ
170 577 246 609 rio-3,
269 578 315 604 καὶ
337 579 412 605 αὐτοὶ
433 579 470 610 ὡς
493 579 691 614 ἀναμάρτητοι,
707 578 829 612 κρίνουσι
846 577 892 604 καὶ

106 623 336 655 καταδικάζουσιν
359 623 488 657 ἀλλήλους
508 625 563 652 Καὶ
577 626 590 651 ό
606 626 655 660 μὲν
666 625 780 660 οὐρανὸς
794 624 890 658 ἐξέστη

105 669 154 695 ἐπὶ
173 669 261 704 τούτῳ
272 677 279 684 ⁸
291 671 308 705 ἡ
324 670 352 696 δὲ
364 671 410 705 γῆ,
424 670 532 706 ἔφριξεν
541 680 547 686 ·
561 671 637 698 αὐτοὶ
650 670 678 697 δὲ
693 671 742 698 οὐκ
753 669 893 706 αἰσχύνον-

105 722 150 741 ται
162 714 398 750 ἀναισθητοῦντες.

141 803 190 826 νε¹.
212 799 242 826 Ὀ
256 799 305 832 τὰς
315 800 369 827 τῶν
385 800 472 827 ἄλλων
483 801 619 836 ἁμαρτίας
633 801 892 837 περιεργαζόμενος,

105 845 122 880 ἢ
143 845 192 872 καὶ
206 844 236 877 ἐξ
255 845 383 877 ὑπονοίας
396 845 442 872 τὸν
456 846 571 880 ἀδελφὺν
585 847 696 882 κρίνων,
707 847 783 874 οὔπω
797 848 892 874 ἔϐαλεν

105 891 194 926 ἀρχὴν
210 891 364 924 μετανοίας,
383 891 445 918 οὐδὲ
465 893 580 928 ἐρευνᾷν
593 893 640 919 τοῦ
657 893 757 927 γνῶναι
768 893 829 930 [Fr.
847 894 894 921 καὶ

105 937 207 971 γνῶναι
219 936 229 973 ]
240 937 289 969 τὰς
302 937 399 964 ἑαυτοῦ
415 938 562 973 ἁμαρτίας,
573 940 602 966 ἐν
616 938 729 975 ἀληθείᾳ
741 939 894 976 βαρυτέρας

107 982 191 1014 οὔσας
204 983 329 1018 μολίϐδου
343 984 542 1012 πολυταλάντου
553 993 560 1000 '
574 985 635 1012 οὐδὲ
649 985 720 1020 ἔγνω
733 986 814 1013 πόθεν
825 987 894 1021 γίνε-

106 1037 153 1055 ται
168 1029 312 1065 ἄνθρωπος
323 1029 504 1066 βαρυκάρδιος
527 1030 643 1065 ἀγαπῶν
665 1022 833 1067 ματαιότητα
847 1032 895 1059 καὶ

107 1074 200 1108 ζητῶν
213 1075 320 1109 ψεῦδος.
341 1077 390 1103 Διὰ
405 1076 485 1103 τοῦτο
506 1076 544 1108 ὡς
570 1076 666 1112 ἄφρων
691 1077 739 1104 καὶ
755 1078 784 1105 ἐν
806 1077 896 1104 σκότει

107 1120 346 1156 διαπορευόμενος,
375 1122 454 1156 ἀφεὶς
481 1122 531 1154 τὰς
552 1122 649 1150 ἑαυτοῦ
673 1123 821 1159 ἁμαρτίας,
847 1123 897 1155 τὰς

107 1165 164 1192 τῶν
180 1165 269 1193 ἄλλων
285 1167 461 1202 φαντάζεται,
482 1168 498 1204 ἦ
517 1167 612 1202 οὔσας,
630 1169 647 1206 ἢ
668 1169 848 1205 νομιζομένας
866 1169 896 1202 ἐξ

108 1211 250 1243 ὑπονοίας.
684 1242 686 1245 π

145 1258 201 1287 νίζ’.
227 1256 261 1282 Ἦ
273 1256 414 1289 φιλαυτία,
429 1257 468 1289 ὠς
487 1258 618 1291 πολλάκις
639 1259 759 1295 εἴρηται,
786 1259 897 1287 πάντων

109 1300 165 1327 τῶν
185 1301 317 1336 ὲμπαθῶν
329 1302 468 1339 λογισμῶν
491 1304 566 1332 αἰτία
586 1304 760 1334 καθίσταται.
782 1306 830 1332 Ἐκ
843 1305 899 1341 γὰρ

111 1346 217 1383 ταύτης
229 1348 377 1382 γεννῶνται
403 1350 427 1376 οι
451 1352 526 1386 τρεῖς
546 1349 725 1385 γενικώτατοι
739 1351 788 1387 τῆς
803 1351 900 1378 ἐπιθυ-

114 1393 180 1428 μίας
194 1393 332 1429 λογισμοί·
348 1396 363 1422 ὁ
377 1395 426 1431 τῆς
438 1396 670 1432 γαστριμαργίας,
684 1397 787 1433 καὶτῆς
801 1397 900 1433 φιλαρ-

113 1439 213 1474 γυρίας
229 1440 277 1466 καὶ
293 1441 342 1474 τῆς
354 1442 517 1475 κενοδοξίας.
538 1442 586 1470 ‘Ex
602 1442 630 1470 δὲ
654 1443 704 1477 τῆς
728 1451 900 1479 γαστριμαρ-

114 1483 179 1518 γίας
193 1485 321 1519 γεννᾶται
342 1486 356 1511 ὁ
375 1487 424 1521 τῆς
442 1486 586 1522 πορνείας”
603 1487 635 1514 ὲκ
652 1487 681 1514 δὲ
696 1487 745 1521 τῆς
771 1487 901 1523 φιλαργυ-

116 1530 190 1566 ρίας,
209 1531 223 1557 ὸ
237 1531 286 1566 τῆς
301 1531 456 1564 πλεονεξίας
474 1532 528 1568 (p)'
545 1533 576 1560 ὲκ
591 1533 619 1560 δὲ
638 1533 688 1568 τῆς
703 1533 866 1567 κενοδοξίας,
888 1535 903 1560 ὁ

116 1575 166 1610 τῆς
182 1574 393 1611 ὕπερηφανείας.
413 1577 444 1603 Οἱ
454 1578 481 1603 δὲ
496 1577 584 1604 λοιποὶ
599 1578 709 1610 πάντες,
732 1578 839 1614 ἑκάστῳ
851 1577 904 1604 τῶν

117 1620 204 1657 τριῶν
221 1621 430 1649 ἀκολουθοῦσιν·
461 1623 475 1650 ὃ
504 1632 533 1650 τε
554 1623 605 1659 τῆς
623 1624 719 1660 ὀργῆς,
745 1625 792 1651 καὶ
818 1625 833 1650 ὁ
855 1624 905 1659 τῆς

117 1666 209 1701 λύπης
221 1667 268 1693 καὶ
284 1668 297 1694 ὁ
311 1668 360 1703 τῆς
372 1669 553 1703 μνησικακίας
565 1670 612 1696 καὶ
630 1671 643 1696 ὁ
658 1669 708 1704 τῆς
721 1669 835 1705 ἀκηδίας
858 1669 906 1696 καὶ

119 1712 218 1747 φθόνου
234 1713 281 1740 καὶ
296 1714 472 1748 καταλαλιᾱς,
484 1715 531 1742 καὶ
547 1715 571 1741 οἱ
587 1714 685 1743 λοιποί.
703 1715 795 1742 Ταῦτα
813 1714 860 1743 οὖν
871 1715 906 1742 τὰ

119 1757 207 1794 πάθη,
236 1758 416 1794 συνδεσμοῦσι
440 1759 485 1786 τὸν
515 1759 577 1787 νοῦν
606 1761 663 1792 τοῖς
690 1761 792 1793 ὑλικοῖς
817 1761 906 1796 πράγ-

121 1811 188 1837 μασι
201 1803 269 1837 (27),
284 1804 332 1830 καὶ
346 1804 509 1840 κατέχουσιν
521 1805 602 1832 αὐτὸν
618 1807 659 1839 εις
678 1806 727 1842 τὴν
749 1808 811 1842 γῆν,
831 1806 906 1834 λίθου

119 1848 199 1882 δίκην
216 1849 368 1884 βαρυτάτην
379 1851 452 1886 αὑτῴ
465 1851 628 1888 ἐπικείμενα
639 1860 646 1869 ’
660 1852 740 1888 φύσει
752 1853 816 1880 ὄντα
826 1853 907 1880 αὑτὸν

119 1894 208 1928 πυρὸς
222 1895 387 1931 κουφότερον
410 1897 458 1924 καὶ
476 1896 613 1934 ὀξύτερον.

155 1938 204 1970 vf.
231 1938 315 1975 ’Δρχὴ
336 1942 385 1974 μὲν
408 1941 516 1968 πάντων
532 1942 585 1968 τῶν
600 1942 706 1975 παθῶν,
725 1944 742 1978 ὴ
759 1943 886 1978 φιλαυτία
898 1952 905 1960 ·

119 1983 197 2015 τέλος
211 1983 250 2016 δὲ,
265 1985 282 2020 ὴ
296 1985 481 2020 ὑπερηφανία.
498 1987 627 2014 Φιλαυτία
648 1987 677 2015 δέ
699 1989 782 2023 ἐστιν,
803 1990 820 2024 ἡ
839 1989 908 2025 πρὸς

120 2029 150 2055 τὺ
173 2029 255 2064 σῶμα
278 2029 374 2064 ἄλογος
405 2030 491 2065 φιλία.
517 2031 547 2058 '0
563 2032 666 2068 ταύτην
688 2033 818 2068 ἐκκόψας,
844 2043 907 2062 συν-

120 2075 203 2111 έκοψε
217 2076 306 2104 πάντα
322 2077 356 2103 τὰ
368 2076 442 2112 πάθη
457 2077 492 2104 τὰ
502 2077 532 2110 ἐξ
548 2079 642 2114 αὐτῆς.

941 225 995 252 que
1011 216 1121 244 attoniti
1134 216 1216 243 etiam
1229 219 1311 250 atque
1322 215 1404 242 etiam
1418 214 1562 246 miremur,
1575 214 1648 249 quod
1661 215 1733 243 Deus

942 267 970 290 et
986 263 1065 290 Pater
1082 261 1220 290 neminem
1238 260 1353 296 judicel,
1368 259 1415 287 sed
1439 267 1521 286 omne
1536 259 1670 294 judicium
1687 260 1732 288 dc-

942 308 1015 335 derit
1037 307 1106 335 Filio
1128 307 1168 339 5‘;
1193 307 1334 341 Filiusque
1352 305 1452 333 clamet
1468 305 1575 332 :Nolile
1596 306 1730 341 judicare,

942 358 965 380 et
981 361 1033 380 non
1050 352 1236 388 judicabimini
1255 351 1278 367 ⁸⁸
1300 360 1306 377 :
1326 350 1413 378 Nolite
1435 350 1619 383 condemnare,
1639 354 1664 377 et
1681 359 1731 378 non

942 398 1180 425 condemnabimini
1205 397 1238 423 ⁸⁷.
1263 396 1396 424 Similiter
1415 403 1525 430 quoque
1550 395 1697 430 Apostolus
1723 404 1730 423 :

942 443 1028 470 Nolite
1045 447 1106 470 ante
1122 448 1222 478 tempus
1238 442 1338 477 aliquid
1352 441 1484 476 judicare,
1506 441 1676 476 quoadusque
1690 449 1733 469 ve-

943 490 999 516 niat
1016 489 1141 516 Dominus
1156 489 1189 515 ⁸³⁸.
1203 488 1237 515 Ει
1250 497 1256 514 :
1273 488 1303 514 In
1317 495 1368 522 quo
1377 487 1478 522 judicio
1492 486 1605 514 alterum
1614 487 1732 522 judicns,

944 536 1055 570 tcipsum
1065 536 1223 561 condemnas
1238 534 1276 567 l";
1293 533 1418 560 homines
1432 537 1534 564 autem,
1551 532 1651 560 omissa
1667 540 1733 559 cura

942 581 1053 615 lugendi
1068 584 1179 615 peccata
1196 586 1256 611 sua,
1271 578 1405 614 judicium
1420 578 1489 604 Filio
1505 577 1687 609 abstulerint;
1701 584 1734 604 ac

942 626 1019 653 velut
1035 626 1085 660 ipsi
1102 625 1237 652 immunes
1254 632 1269 651 a
1285 626 1407 658 peccato,
1423 623 1468 649 alii
1483 623 1550 650 alios
1561 622 1685 657 judicent
1702 629 1734 650 ac

943 671 1143 699 condemnem?
1158 671 1197 698 Ac
1217 670 1299 706 436
1320 670 1419 697 omium
1442 669 1552 704 quidem
1576 676 1658 703 super
1681 668 1735 695 hoc

944 717 1096 752 obstupuit,
1110 721 1236 751 terraque
1250 715 1389 743 inhorruit
1401 715 1441 748 9°;
1456 722 1507 742 nec
1519 714 1559 741 illi
1573 718 1663 741 tamen
1679 721 1735 749 pra:

944 767 1058 797 stupore
1072 761 1178 797 pudore
1193 761 1249 788 ullo
1266 761 1416 788 ducuntur.

979 808 1022 835 55.
1035 807 1087 840 Qui
1105 807 1132 834 in
1154 807 1271 834 aliorum
1285 805 1422 834 curiosius
1437 805 1537 833 delicta
1554 804 1679 839 inquirit,
1693 805 1733 831 vel

944 853 1027 881 etiam
1041 861 1075 880 ex
1090 853 1142 881 levi
1159 853 1318 888 conjectura
1337 855 1385 879 aut
1398 850 1555 886 suspicione
1569 850 1681 877 fratrem
1694 849 1738 885 ju-

944 898 1028 931 dicat,
1043 897 1165 926 nondum
1182 897 1351 932 paenitentiae
1372 896 1582 924 fundamentum
1595 895 1672 930 jccit,
1686 901 1738 922 nec

945 949 975 972 ut
989 947 1128 972 scrutetur
1143 946 1175 970 ac
1190 943 1334 978 intelligat,
1352 946 1464 977 peccata
1487 949 1536 968 sua
1557 941 1637 976 longe
1652 939 1738 967 multa

945 989 1050 1025 plumbi
1065 989 1176 1021 talenta,
1192 988 1266 1024 gravi
1282 987 1404 1023 pondere
1423 993 1553 1022 superare
1564 986 1586 1002 θ’
1601 995 1607 1012 :
1625 993 1677 1013 nec
1691 992 1738 1012 co-

945 1034 1050 1070 gnovit,
1062 1033 1136 1061 unde
1150 1033 1197 1061 fiat
1213 1033 1295 1060 homo
1313 1033 1389 1068 gravi
1406 1031 1498 1065 corde,
1519 1031 1567 1066 qui
1581 1030 1677 1066 diligat
1691 1037 1740 1058 va-

946 1079 1062 1108 nitatem
1080 1084 1108 1106 et
1128 1078 1302 1106 mendacium
1320 1081 1425 1113 quaerat
1438 1077 1471 1104 ".
1486 1076 1592 1104 Idcirco
1605 1076 1680 1103 velut
1697 1075 1738 1102 in-

947 1124 1049 1159 sipiens
1060 1128 1088 1151 et
1106 1123 1153 1158 qui
1172 1123 1199 1150 in
1213 1122 1336 1150 tenebris
1351 1121 1484 1154 ambulet,
1497 1120 1607 1148 omissis
1619 1119 1740 1155 peccatis

947 1169 1014 1202 suis,
1031 1169 1148 1197 aliorum
1162 1172 1273 1203 peccata
1290 1167 1401 1203 cogitat,
1422 1171 1469 1194 aut
1483 1174 1544 1202 quae
1560 1166 1651 1200 reipsa
1672 1165 1739 1197 sint,

948 1219 996 1242 aut
1007 1222 1068 1249 qua:
1083 1213 1153 1241 male
1164 1213 1333 1248 suspiciosus
1346 1212 1398 1239 sibi
1414 1212 1472 1246 ipse
1486 1210 1633 1245 confingat.

985 1260 1028 1288 56.
1046 1258 1174 1286 Φιλαυτια
1192 1258 1246 1295 (sui
1267 1258 1312 1285 ille
1330 1265 1362 1285 ac
1374 1257 1464 1285 carnis
1477 1264 1565 1284 uncus
1581 1255 1683 1290 amor),
1700 1255 1740 1282 uti

949 1306 1049 1342 saepius
1068 1305 1173 1333 dictum
1194 1307 1247 1337 est,
1261 1303 1471 1331 libidinosarum
1490 1302 1614 1330 omnium
1639 1301 1741 1336 cogita-

949 1353 1054 1380 tionum
1070 1358 1152 1379 causa
1173 1351 1290 1378 exsistit.
1306 1351 1347 1378 Ex
1368 1357 1401 1377 ea
1425 1349 1499 1376 enim
1520 1351 1672 1376 nascuntur
1688 1347 1742 1374 tria

949 1396 1154 1432 generalissima
1168 1395 1327 1430 cupiditatis
1342 1395 1425 1427 vitia;
1439 1394 1508 1429 gulze
1522 1393 1638 1425 scilicet,
1653 1392 1743 1420 avari-

951 1442 995 1470 tiae
1011 1446 1039 1470 ct
1053 1442 1142 1470 inanis
1157 1441 1260 1477 gloriae.
1277 1441 1317 1468 Ex
1330 1440 1392 1476 gula
1408 1444 1510 1472 autem,
1525 1438 1649 1466 nascitur
1665 1444 1742 1465 scor-

953 1487 1064 1515 tationis
1078 1487 1192 1520 vitium;
1208 1494 1242 1514 ex
1262 1486 1377 1514 avaritia
1396 1492 1473 1517 vero,
1493 1484 1594 1520 injusta
1609 1483 1745 1518 rapacitas

953 1533 1070 1568 plusque
1093 1531 1213 1559 habendi
1237 1530 1340 1563 libido;
1366 1538 1400 1558 ex
1423 1529 1499 1557 inani
1519 1533 1612 1556 autem
1638 1527 1742 1563 gloria,

954 1577 1052 1605 vitium
1066 1577 1212 1612 superbiae.
1224 1576 1320 1604 Omnis
1331 1583 1414 1610 porro
1429 1575 1598 1610 reliquorum
1613 1573 1745 1601 vitiorum

956 1623 1052 1655 turba,
1076 1623 1175 1657 cuique
1198 1622 1297 1649 horum
1322 1622 1405 1648 trium
1431 1628 1525 1648 comes
1550 1619 1672 1652 accedit;
1698 1619 1747 1647 ira:

956 1668 1072 1701 scilicet,
1084 1667 1214 1700 tristitiat,
1232 1666 1394 1702 injuriarum
1413 1665 1563 1698 memoriae,
1578 1665 1690 1697 acedize,
1703 1665 1746 1692 in-

956 1713 1047 1746 vidiae,
1065 1712 1254 1744 detractionis,
1278 1719 1310 1739 ac
1332 1711 1447 1746 reliqua.
1476 1711 1538 1739 llaec
1561 1710 1645 1746 igitur
1668 1711 1746 1743 vilia,

957 1757 1074 1785 terrenis
1097 1757 1182 1784 rebus
1205 1756 1328 1784 animum
1345 1755 1454 1783 fortiter
1477 1755 1595 1790 illigant,
1617 1755 1748 1791 gravissi-

957 1803 1050 1838 mique
1071 1802 1128 1829 saxi
1151 1801 1239 1829 instar
1256 1800 1294 1828 illi
1311 1800 1511 1833 incumbentia,
1526 1800 1554 1827 in
1577 1805 1653 1828 terra
1675 1800 1748 1828 deti—

958 1853 1034 1882 nent,
1049 1856 1110 1876 cum
1125 1848 1184 1883 ipse
1199 1852 1297 1876 natura
1310 1847 1366 1884 igni
1380 1847 1468 1875 levior
1481 1855 1514 1875 ac
1526 1847 1655 1875 subtilior
1666 1848 1712 1876 sit.

993 1944 1037 1972 57.
1060 1942 1193 1970 Φιλαυτία
1219 1943 1272 1979 (sui
1296 1943 1342 1970 ille
1364 1950 1396 1970 ac
1420 1942 1511 1970 carnis
1535 1950 1636 1977 pravus
1659 1944 1747 1978 amor)

958 1990 1088 2017 vitiorum
1105 1989 1228 2017 omnium
1244 1988 1354 2016 initium
1374 1992 1417 2016 est
1432 1992 1461 2015 et
1477 1988 1556 2023 origo
1571 1997 1577 2015 ε
1593 1987 1655 2015 linis
1669 1995 1747 2020 vero,

960 2035 1100 2070 superbia.
1116 2035 1166 2063 Est
1179 2040 1272 2062 autem
1285 2034 1424 2067 Φιλαυτια,
1441 2034 1595 2062 abhorrens
1610 2042 1625 2062 a
1642 2034 1750 2062 ratione

960 2081 1086 2116 corporis
1110 2088 1196 2108 amor.
1224 2079 1301 2108 Hanc
1324 2080 1371 2115 qui
1395 2080 1507 2112 excidit,
1527 2087 1580 2107 una
1604 2087 1667 2107 cum
1692 2080 1750 2111 illa.

960 2134 1023 2161 quae
1037 2134 1072 2154 ex
1087 2126 1146 2162 ipsa
1165 2130 1239 2159 sunt,
1254 2126 1320 2153 vitia
1338 2126 1430 2154 omnia
1444 2125 1556 2154 excidit.

161 2163 207 2197 ιη’.
225 2161 331 2198 Ὠσπερ
342 2163 368 2189 οί
380 2164 467 2196 γονεῖς
481 2163 534 2190 τῶν
543 2164 687 2198 σωμάτων,
703 2167 908 2203 προσπάσχουσι

995 2171 1040 2200 58.
1068 2161 1304 2206 Quemadmodum
1327 2171 1375 2207 qui
1404 2172 1553 2199 liberorum
1578 2171 1751 2206 susceptione

121 2207 177 2238 τοῖς
199 2206 229 2239 ἐξ
249 2207 337 2234 αὐτῶν
357 2209 536 2243 γεννωμένοις
560 2209 616 2245 (q)'
641 2210 712 2237 οὕτω
734 2212 781 2238 καὶ
800 2213 815 2239 ὀ
835 2214 908 2246 νοῦς,

124 2252 248 2286 φυσικῶς
265 2254 320 2285 τοῖς
334 2253 432 2280 ἑαυτοῦ
449 2254 610 2289 πρόσκειται
625 2255 726 2290 λόγοις.
743 2258 798 2285 Καὶ
814 2258 909 2296 ὥσπερ

157 2344 182 2381 ‘_'
197 2343 276 2381 Joan.
290 2352 318 2376 ν,
335 2343 380 2381 22.
409 2343 549 2381 ξθγΜοιιιι.
562 2353 609 2375 vn.
628 2346 653 2373 1.
689 2347 712 2363 ⁸⁷
729 2347 796 2375 Luc.
815 2356 851 2381 vr,
869 2349 913 2376 57.

122 2379 143 2394 ’³
162 2379 278 2406 Zachar.
296 2387 323 2411 ν,
340 2379 368 2404 Ἰ.
407 2379 429 2394 ’³
445 2380 516 2407 Psal.
532 2389 569 2413 ιν,
588 2381 614 2408 5.

160 2457 202 2495 (ρ)
236 2458 296 2495 Ἕκ.
313 2457 349 2485 δὲ
363 2459 560 2495 φιλαργυρίας
573 2480 580 2491 ,
596 2461 612 2486 ὁ
640 2459 695 2492 τῆς
720 2461 910 2495 πλεονεξίας.

122 2492 276 2529 Membrum
290 2493 352 2529 hoc,
367 2494 399 2520 ad
415 2494 523 2521 Maximi
547 2499 639 2521 textus
654 2492 844 2529 integritatem
864 2492 913 2525 né—

122 2528 286 2558 cessarium,
302 2528 439 2555 dederunt
454 2537 520 2556 mss.
535 2529 597 2556 cod.
609 2528 753 2562 ῐιλεονεξία
778 2531 850 2560 haud
866 2540 912 2559 ra-

121 2563 385 2602 ro‘ipsauavaritia
405 2563 638 2602 redditu_r,»quo_d
661 2569 703 2592 est
727 2565 910 2602 φιλαργυρία·

121 2596 171 2624 sed
180 2596 378 2636 bic_li{aximus
391 2599 477 2636 probe
493 2596 650 2636 distinguit,
664 2604 694 2627 ut
712 2596 822 2635 prolem
834 2596 854 2628 a'
866 2610 914 2636 pa-

120 2637 212 2672 rente.
229 2632 278 2659 Est
289 2641 356 2672 ergo
370 2632 484 2661 avaritia
497 2634 525 2669 (ὴ
541 2632 729 2672 φιλαργυρία]
739 2632 913 2664 inordinatus

121 2667 170 2705 ille
195 2667 389 2705 pecuniarumj
415 2667 559 2705 amorfu't
584 2667 614 2697 et
633 2667 688 2697 vox
710 2667 780 2705 'ipsa
816 2675 914 2705 sonat;

121 2703 266 2740 πλεονεξία
280 2711 347 2740 vero
364 2703 406 2731 vis
421 2704 480 2739 ipsa
497 2704 598 2740 injusta
614 2713 645 2732 ac
661 2706 724 2740 plus
734 2703 855 2734 habendi
874 2703 917 2734 ra;

120 2744 173 2775 pax
189 2737 282 2775 glibido
288 2737 533 2775 circumveniendo'
541 2740 615 2775 proxi
620 2737 692 2768 mu'm
698 2761 704 2768 .

159 2773 199 2809 (q)
217 2773 461 2811 Epogﬂdqxovm
479 2773 558 2811 τοῖς
582 2775 617 2808 ἐξ
641 2775 740 2804 αὐτῶν
773 2777 919 2811 γεννωμέ-

122 2808 198 2842 νοιςζ
217 2808 431 2837 δὶωἱιὶιυάοεςι
443 2810 609 2844 spiritalium
623 2808 843 2846 parentum—cum
858 2808 919 2840 ear-

284 2855 420 2886 PATROL.
442 2855 502 2887 Gn.
520 2856 582 2888 XC.

962 2225 1108 2252 corporum
1121 2222 1250 2253 parentes
1264 2222 1338 2251 sunt,
1355 2217 1455 2245 atfeetn
1473 2217 1614 2245 ducuntur
1625 2224 1688 2252 erga
1702 2224 1752 2244 eos

963 2270 1032 2296 quos
1055 2268 1236 2298 susceperunt
1258 2271 1265 2289 :
1289 2262 1329 2290 sic
1354 2270 1432 2290 mens
1457 2267 1556 2289 natura
1580 2261 1754 2289 sermonibus

970 2350 1014 2377 “‘l
1031 2350 1095 2378 Cor.
1109 2359 1146 2382 Iv,
1161 2351 1187 2377 ὅ.
1246 2351 1269 2366 ⁸⁹
1285 2351 1364 2378 Rom.
1382 2358 1410 2381 ιι,
1430 2350 1453 2376 ί.
1510 2349 1532 2364 '°
1547 2349 1647 2376 Jcrem.
1664 2357 1691 2380 ιι,
1706 2349 1752 2392 ιεῗ

964 2462 1085 2493 nalibus.
1111 2471 1167 2496 quo
1185 2463 1227 2491 sic
1250 2463 1363 2498 utrique
1383 2463 1441 2490 suis
1458 2462 1602 2498 indulgent
1615 2462 1752 2498 prolihus.

964 2499 1045 2532 Λόγοι
1059 2498 1154 2532 ita'que
1167 2503 1195 2525 et
1210 2506 1351 2526 sermones
1368 2498 1424 2529 hic,
1440 2497 1649 2532 prmcipuclibri
1668 2502 1733 2524 sunt
1747 2507 1752 2524 :

964 2533 1039 2560 unde
1052 2537 1150 2560 auctor
1167 2533 1261 2561 Schol.
1276 2533 1402 2560 Dufrenii
1419 2532 1481 2559 cod.
1496 2532 1594 2559 εΦοσεί
1609 2540 1642 2567 με
1656 2532 1753 2562 ταῦτα,

964 2568 1012 2594 καὶ
1041 2567 1158 2602 γράφειν
1174 2568 1336 2602 ἀποτρέπει·
1359 2567 1466 2594 Terreat
1485 2576 1526 2594 me
1544 2567 1607 2599 lim,
1625 2567 1664 2594 sic
1680 2567 1754 2594 dicta

965 2603 1093 2634 Maximo,
1113 2607 1138 2630 et
1155 2612 1171 2629 α
1186 2603 1322 2630 scribendo
1353 2603 1496 2630 deterrent.
1514 2603 1572 2630 Hoc
1587 2610 1670 2630 sensu
1694 2610 1758 2630 san-

965 2642 1026 2666 ctus
1039 2637 1201 2666 Ambrosius
1211 2639 1298 2666 libros
1307 2646 1371 2665 suos
1380 2638 1440 2666 aliis
1451 2637 1613 2673 relcgendos
1624 2642 1651 2665 et
1662 2645 1757 2665 emen—

968 2673 1074 2700 dandos
1087 2674 1214 2702 tradebat
1228 2695 1235 2706 ,
1245 2674 1297 2701 etsi
1313 2674 1355 2700 vir
1365 2677 1457 2700 tantus
1471 2677 1547 2700 erat:
1562 2673 1634 2707 quod
1648 2673 1687 2700 sic
1699 2672 1756 2700 fere

969 2708 1131 2744 auctoribus
1141 2710 1199 2736 suis
1209 2710 1334 2744 placeant
1344 2716 1393 2736 sua
1406 2708 1560 2744 scripta,rac
1568 2711 1756 2744 monumenta.

968 2743 1089 2770 naturali
1098 2744 1151 2779 illa
1167 2744 1200 2771 ad
1210 2742 1275 2779 ipsa
1288 2742 1470 2778 προσπαθείᾳζ
1484 2743 1559 2770 velut
1570 2746 1714 2777 parentum
1728 2742 1756 2779 in

969 2782 1060 2806 natos.
1091 2778 1170 2812 Quod
1188 2777 1277 2807 reddit
1289 2777 1390 2808 Obson.
1403 2777 1609 2814 compatiuntur,
1623 2785 1677 2806 non
1689 2777 1757 2806 satis

969 2817 1075 2848 aptum.

1559 2859 1598 2889 33
