1948 3077
218 107 286 139 Ῑο35

795 107 825 137 S.
847 108 991 137 MAXIMI
1012 104 1266 137 CONFESSORIS

1780 105 1851 138 1036

201 165 274 202 ,ταῖς
288 163 424 192 addictior
440 167 491 191 cst.
507 163 544 190 Ac
562 164 634 191 sicut
654 165 826 199 parentibus,
839 173 895 200 quo
909 165 1010 192 aﬂ‘ectu

1077 164 1116 194 οῖς
1131 163 1242 189 ἐκείνων
1253 161 1480 197 ἐμπαθεστέροις,
1489 162 1540 190 κᾶν
1556 162 1663 195 πάντως
1677 163 1749 190 κατὰ
1763 164 1853 191 πάντα

218 211 246 238 in
258 211 363 238 liberos
376 210 521 238 etl‘usiorcs
533 211 680 244 exsistunt,
690 219 847 246 quanquam
864 211 882 238 ii
895 211 1012 238 omnino

218 257 308 284 modis
322 257 451 284 omnibus
466 265 600 292 perquam
612 257 722 284 ridiculi
738 258 805 289 sint,
818 257 941 285 omnium
954 265 1014 284 mo-

219 303 368 330 destissimi
387 302 515 329 videntur
539 310 571 329 ac
597 302 787 330 formosissimi
810 312 816 329 :
840 303 879 330 sic
902 310 1012 337 quoque

218 347 358 382 insipienti
375 347 476 379 animo,
489 356 558 382 quos
573 355 715 375 sermones
730 348 871 383 librosque
881 348 1011 381 ediderit,

217 393 270 420 etsi
298 393 420 420 omnium
445 394 611 429 incptissimi
636 394 701 427 sint,
729 395 852 422 omnium
879 399 1012 430 apparent

217 438 424 473 prudentissimi
439 444 467 466 ct
482 439 627 474 aptissimi.
640 440 675 468 At
690 441 810 475 sapiens,
823 448 878 467 non
894 440 935 468 sic
947 448 1013 468 sen-

219 485 253 511 tit
269 484 302 511 de
317 485 374 512 suis
391 485 565 513 sermonibus
581 494 588 512 :
603 493 682 514 secus
694 495 770 519 vero,
790 495 852 514 cum
866 488 921 522 jam
936 491 1013 514 certo

218 535 347 558 constare
374 531 518 564 videatur,
549 539 630 559 veros
660 539 722 559 esse
750 540 782 560 ae
813 533 918 564 bonos,
947 537 1014 559 tunc

218 576 337 603 maxime
363 584 413 604 suo
439 577 497 612 ipse
514 577 619 612 judicio
643 578 774 610 detrahit,
795 579 918 613 aliosque
938 579 1013 606 viros

218 620 353 655 sapientia
372 625 494 652 ornatos,
511 629 668 649 sermonum
689 630 802 650 suorum
822 623 1013 657 librarumque

1061 206 1127 236 ὦσιν
1143 210 1166 235 οἰ
1179 209 1274 240 παῖδες
1285 209 1558 242 καταγελαστότατοι,
1580 211 1690 237 πάντων
1709 211 1853 245 φαίνονται

1061 256 1261 282 ἐπιεικέστατοι
1276 255 1322 281 καὶ
1335 255 1546 291 εὐμορφότατον
1562 256 1633 282 οὕτω
1646 257 1691 282 καὶ
1707 256 1746 291 τῷ
1756 257 1853 292 ἄφρονι

1061 301 1109 337 νῷ,
1126 302 1150 327 οι
1169 300 1252 328 αὑτοῦ
1267 301 1352 335 λόγοι,
1375 301 1426 328 κᾶν
1439 302 1549 328 πάντων
1567 299 1618 329 ὦσι
1639 302 1851 338 μοχθηρότεροι,

1061 348 1170 374 πάντων
1190 347 1330 382 φαίνονται
1354 347 1562 383 φρονιμώτεροι.
1581 347 1627 383 Τῷ
1652 348 1680 374 δὲ
1700 348 1785 384 σοφῷ,
1803 349 1853 384 οὐχ

1064 393 1151 424 οὕτως
1176 393 1201 420 οἱ
1231 393 1329 420 ἑαυτοῦ
1352 393 1443 428 λόγοι·
1469 393 1527 420 ἀλλ’
1542 395 1606 420 ὅταν
1625 394 1688 430 δόξῃ
1713 394 1853 430 πληροφο-

1065 439 1172 474 ρεῖσθαι
1186 439 1227 466 ὅτι
1241 439 1354 474 ἀληθεῖς
1370 441 1424 466 είσι
1443 440 1490 466 καὶ
1506 440 1593 472 καλοὶ,
1611 440 1671 467 τότε
1687 440 1807 475 μάλιστα
1822 441 1853 466 οὐ

1063 485 1187 510 πιστεύει
1200 485 1233 519 τῇ
1245 485 1343 511 ἑαυτοῦ
1357 485 1447 521 κρίσει
1461 486 1486 501 ὀ
1501 485 1558 511 ἀλλ’
1576 485 1671 518 ἄλλους
1685 487 1784 521 σοφοὺς
1800 487 1854 513 τῶν

1063 529 1162 556 ἑαυτοῦ
1186 529 1273 564 λόγων
1293 530 1341 557 καὶ
1363 530 1502 565 λογισμῶν
1523 531 1620 566 κριτὰς
1634 531 1791 566 καθίστησι,
1817 533 1855 567 μὴ

1063 577 1103 607 εἰς
1117 576 1195 602 κενὸν
1207 575 1291 612 τρέχῃ
1303 576 1319 611 ἢ
1333 576 1450 612 ἔδραμε·
1465 577 1512 603 καὶ
1523 577 1555 603 δι’
1568 576 1667 610 αὐτῶν,
1676 577 1725 612 τὴν
1739 577 1856 612 βεϐαίως

1064 631 1107 650 σιν
1124 623 1268 658 λαμϐάνει.

218 665 300 701 437
313 670 341 693 et
355 666 492 694 rationum
506 668 614 703 judiccs
631 669 786 700 constituit.
805 677 839 696 ne
854 669 925 696 forte
945 670 971 696 in
987 676 1104 696 vacuum
1122 673 1217 697 currat
1232 674 1281 697 aut
1315 670 1470 697 cucurrerit
1484 670 1526 703 ”;
1557 670 1723 706 illorumque
1735 671 1855 710 judicio,

219 724 300 744 suum
316 716 373 752 ipse
388 725 498 744 sensum
513 718 656 746 conﬁrmat
671 725 703 746 ac
722 718 834 747 statuit.

249 764 294 791 59.
319 763 370 791 Ubi
400 763 605 798 probrosiorum
631 765 759 791 vitiorum
798 772 847 791 seu
863 763 1013 791 atl‘ectuum

221 809 330 844 aliquod
344 809 457 841 viceris;
470 814 534 844 puta
551 810 736 845 gulosxtatcm,
746 814 794 838 aut
805 810 1012 841 scortationem,

222 858 271 881 aut
283 854 362 886 iram,
377 859 426 881 aut
439 855 501 889 plus
512 856 631 884 habendi
649 865 776 891 rapacem
788 855 943 887 libidinem,
959 860 1015 883 sta-
1031 845 1050 872 Β

223 899 272 926 tim
289 900 316 927 in
333 904 358 927 te
374 901 477 928 involat
498 901 588 929 inanis
597 902 689 937 gloriae
708 902 817 929 vitium.
833 901 911 935 Quod
926 901 949 929 si
961 901 1014 928 hoc

220 953 330 981 quoque
345 947 538 981 superaveris,
554 948 593 975 illi
612 948 750 983 superbia:
763 948 860 975 vitium
878 948 1012 975 succedit.

256 991 300 1018 60.
318 992 454 1020 Probrosa
483 994 576 1020 omnia
603 994 670 1021 vitia
688 999 771 1029 atque
796 994 923 1024 allectus.
948 994 1015 1021 dum

219 1036 344 1064 animum
358 1038 501 1065 subactum
518 1042 624 1071 tenent,
644 1039 734 1066 inanis
751 1039 845 1074 gloria:
860 1039 957 1066 vitium
980 1040 1015 1067 ab

221 1089 256 1109 eo
271 1083 367 1117 procul
391 1083 544 1117 expellunt.
565 1085 616 1112 Ubi
633 1090 726 1112 autem
744 1091 872 1120 superata
898 1086 1013 1119 fuerint,

221 1135 284 1162 qua:
301 1127 374 1156 dicta
395 1134 460 1156 sunt
475 1130 541 1157 vitia
569 1131 671 1163 omnia,
690 1131 757 1158 illud
770 1131 842 1158 idem
872 1132 899 1158 in
926 1132 1015 1167 ipsum

223 1172 337 1200 solvunt
346 1177 428 1208 atque
453 1174 616 1203 immittunt.

262 1219 306 1246 61.
333 1219 425 1247 Inanis
450 1221 547 1255 gloria,
562 1222 728 1257 quandoque
751 1224 864 1258 quidem
895 1224 1014 1257 sublata,

223 1264 391 1300 quandoque
412 1270 504 1293 autent
533 1275 658 1300 manens,
686 1269 842 1302 superbiam
869 1270 951 1304 parit.
979 1271 1017 1298 Ac

225 1308 337 1343 quidem
352 1309 471 1342 sublata,
497 1311 644 1339 elationem
664 1313 747 1340 animi
771 1314 824 1341 sibi
850 1314 1018 1343 blandientis

220 1354 328 1389 gignit;
345 1362 458 1382 manens
470 1363 545 1388 vero,
559 1358 742 1392 arrogantiam
759 1359 888 1387 sensibus
904 1360 1016 1395 ingerit.

261 1399 426 1426 62.1nanem
435 1400 550 1435 gloriam
561 1402 642 1434 tollit,
652 1403 778 1430 occultus
790 1405 883 1438 operis
897 1405 975 1433 labor
986 1414 1019 1433 ac

226 1444 311 1471 nullis
321 1445 434 1472 arbitris
448 1454 454 1472 :
471 1447 629 1480 superbiam
643 1455 720 1478 vero,
737 1449 811 1483 quod
829 1450 884 1477 Deo
897 1451 1018 1478 ascribas

219 1496 287 1523 quae
303 1489 414 1517 virtutis
424 1490 550 1524 palarstra
564 1491 636 1518 bona
649 1493 732 1527 geris.

262 1535 306 1562 65.
314 1535 366 1568 Qui
376 1535 422 1562 Dei
430 1536 543 1564 scientia
555 1537 683 1572 dignatus
693 1544 745 1570 cst,
757 1547 788 1566 ac
797 1548 857 1574 quae
865 1548 897 1567 cx
907 1541 952 1568 illa
964 1547 1016 1574 cst,

225 1581 375 1615 \oluptatis
392 1588 476 1608 sensu
494 1590 558 1610 vere
577 1583 700 1611 imbutus
724 1590 767 1612 est
778 1605 784 1617 ,
800 1594 869 1620 quas
884 1587 955 1621 parit
968 1595 1018 1614 vo-

219 1627 346 1660 .luptalcs
359 1626 495 1660 cupiditas
509 1628 646 1661 aclibido,
661 1636 776 1657 cunctas
795 1631 884 1658 libens
899 1633 1016 1666 spernit.

259 1717 305 1744 64.
323 1716 375 1750 Qui
396 1723 568 1746 terrenorum
583 1720 733 1755 cupiditate
748 1721 869 1754 ducitur,
881 1727 929 1749 aut
941 1723 1018 1750 cibo-

226 1762 411 1790 rumdudtur
431 1764 591 1799 cupiditate,
609 1771 657 1793 aut.
678 1774 874 1800 venereorum,
900 1773 948 1795 aut
968 1769 1020 1795 lut-

227 1816 315 1836 mana:
330 1809 433 1844 εισι-ὼ,
452 1815 500 1837 aut
517 1812 709 1845 pecuniarum,
736 1817 785 1840 aut
798 1814 950 1849 cujuspiam
973 1822 1020 1842 en-

229 1862 302 1886 rmn,
315 1863 376 1890 qua:
395 1855 440 1883 illa
461 1861 617 1891 sequuntur
634 1866 640 1884 :
658 1866 689 1885 ac.
705 1858 757 1885 nisi
776 1859 820 1886 bis
844 1862 1019 1894 pmstanlius

228 1899 331 1934 aliquid
347 1899 440 1927 animo
465 1905 602 1934 occurrat,
618 1910 673 1936 quo
688 1902 734 1929 ille
749 1903 916 1931 desiderium
933 1909 1020 1933 trans-

229 1944 309 1976 ferat.
327 1946 403 1972 nulla
425 1954 454 1973 re
481 1948 643 1980 suadentur,
662 1953 693 1975 ut
713 1948 771 1976 lucc
795 1956 910 1983 prorsus
924 1955 1019 1977 conte-

228 1993 316 2016 mnat.
341 1989 389 2017 llis
403 1998 488 2026 porro
503 1991 550 2018 Dei
570 1999 601 2018 ac
626 1992 782 2019 divinorum
805 1993 935 2025 scientia,
951 1993 1019 2020 citra

229 2044 337 2064 onmem
357 2037 601 2072 comparationem.
612 2039 786 2073 praestantior
800 2045 853 2066 cst.

264 2081 307 2108 63.
323 2081 375 2114 Qui
398 2083 550 2117 voluptates
563 2088 752 2115 contemnunt,
772 2088 820 2110 aut
841 2084 939 2111 timore
955 2091 1020 2111 con-

231 2130 367 2159 temnunt,
381 2133 428 2154 aut
443 2135 501 2161 spe,
520 2132 569 2155 aut
584 2128 710 2160 scicntia,
724 2133 771 2156 aut
789 2130 871 2156 ctiam
884 2130 1018 2158 cliaritate

232 2172 260 2199 in
277 2173 374 2200 Deum.

204 2215 205 2218 “
267 2218 311 2245 66.
324 2218 390 2251 Quae
406 2219 464 2246 sine
482 2220 581 2247 affectu
595 2228 626 2247 ac
646 2221 780 2254 passionis
797 2229 896 2256 expers
913 2222 1023 2249 divino-

233 2271 294 2290 rum
308 2265 422 2292 scientia
438 2269 490 2298 est,
502 2266 574 2293 haud
590 2267 657 2294 satis
668 2267 702 2294 ad
716 2271 885 2294 terrenorum
900 2271 1023 2295 conteru-

232 2313 310 2341 ptum
338 2309 460 2338 animum
488 2311 619 2344 inducit;
652 2312 701 2340 scd
735 2312 816 2339 nuda:
847 2313 1022 2349 simplicique

271 2392 294 2407 ’³
311 2391 399 2418 Galat.
421 2400 437 2418 ll
465 2391 492 2418 9.).

271 2458 278 2466 ‘
291 2457 374 2492 Marg.
387 2457 430 2484 Fr.
441 2457 520 2483 Φοῆεἶ
532 2466 565 2492 με
577 2457 673 2491 ταῦτα,
685 2459 732 2484 καὶ
741 2457 857 2492 γράφειν
869 2457 1028 2492 ἀποτρέπει·

272 2525 307 2562 (ι’)
330 2525 392 2550 Ἐπ’
409 2524 713 2562 αὑτὸν-χρη]ὐρυσίικ
737 2524 826 2562 Edita,
847 2523 1020 2562 ᾁπολιὶουσιν,

236 2559 309 2594 quod
324 2567 405 2586 sensu
425 2567 478 2586 non
492 2559 593 2586 diﬂ‘cn.
609 2559 732 2586 Sumitur
756 2559 828 2586 enim
845 2559 974 2594 ἀναλύειν
994 2563 1023 2586 ct

237 2594 378 2625 ἀνάλυσις,
394 2602 443 2629 pro
456 2594 572 2629 simplici
590 2594 663 2620 λύειν
681 2599 708 2620 ct
724 2594 809 2624 λύσις.
822 2593 939 2629 δοιγιιιιι
969 2593 1020 2629 ita-

236 2636 300 2663 que.
317 2627 466 2663 sinuatque
483 2627 611 2656 invadere
623 2630 740 2656 animam
755 2628 843 2655 inanis
861 2627 954 2661 gloriae
982 2628 1022 2654 vi-

236 2665 316 2696 tium,
329 2672 408 2698 quam
420 2664 479 2698 ejus
493 2665 638 2698 patientes.
654 2664 778 2698 probrosi
797 2663 834 2690 illi
853 2663 978 2698 allectus,
991 2671 1023 2690 ea

236 2672 316 2696 uuln,
348 2672 408 2691 nam
420 2672 479 2698 011155
503 2672 638 2693 )nllClllCS.
654 2672 778 2698 prODI‘OSI
797 2672 834 2690 llll
853 2672 978 2695 ﬂltCClllS,
991 2672 1023 2690 CII

236 2672 436 2734 proponebant.
468 2673 568 2733 Oiisop.
602 2700 717 2726 barbare
753 2705 884 2734 prorsus_
894 2697 1023 2732 nulloque

236 2731 317 2761 sensu
334 2734 433 2761 reddit.
453 2731 644 2769 Gcsnfincpta
670 2731 842 2767 conjectura,
861 2731 938 2758 Forte
972 2731 1023 2759 ἀπε

235 2769 353 2797 sta-5m.
368 2777 449 2804 quam
464 2775 488 2795 cl
504 2769 661 2803 Billiusjam
680 2769 790 2795 sullixit.

271 2806 303 2839 (δ)
318 2805 389 2832 Editi
411 2805 461 2831 hoc
476 2804 623 2838 capitulum
636 2804 770 2838 superiori
792 2808 920 2838 nectunt;
951 2803 1023 2830 unde

1030 1513 1052 1541 (Ξ

1103 763 1152 789 νϐ’.
1167 763 1252 790 Ὅταν
1269 764 1330 791 τινὰ
1344 763 1459 799 νικήσῃς
1474 763 1528 790 τῶν
1552 763 1723 799 ἀτιμοτέρων
1739 764 1836 791 παθῶν
1847 772 1854 779 ·

1066 805 1132 841 οἷον,
1164 809 1181 844 ἢ
1212 809 1445 845 γαστριμαργίαν,
1471 809 1487 844 ἢ
1515 810 1653 844 πορνείαν,
1677 810 1693 845 ἦ
1717 811 1813 845 ὀργὴν,
1837 811 1856 845 ἢ

1065 854 1233 888 πλεονεξίαν,
1246 855 1328 887 εὐθὺς
1342 855 1490 889 ἐφίπταται
1504 856 1550 881 ἐπὶ
1566 856 1595 882 σὲ
1610 857 1623 882 ὁ
1636 856 1685 891 τῆς
1703 856 1857 888 κενοδοξίας

1064 900 1194 936 λογισμός
1207 909 1214 916 ·
1230 900 1279 927 ἐὰν
1290 900 1318 927 δὲ
1330 900 1425 927 τοῦτον
1439 902 1565 936 νικήσῃς,
1579 902 1593 928 ό
1606 902 1654 937 τῆς
1666 901 1856 937 ὑπερηφανίας

1063 946 1226 981 διαδέχεται.

1100 991 1132 1024 ξ’.
1152 991 1244 1019 Πάντα
1263 993 1297 1019 τὰ
1315 993 1402 1027 ἄτιμα
1425 991 1498 1028 πάοη
1516 992 1668 1027 κρατοῦντα
1691 993 1741 1028 τῆς
1755 993 1855 1029 ψυχῆς,

1065 1037 1111 1063 τὸν
1126 1037 1176 1072 τῆς
1191 1037 1346 1071 κενοδοξίας
1361 1038 1390 1071 ἐξ
1409 1039 1493 1074 αὐτῆς
1504 1039 1686 1065 ἀπελαύνουσι
1706 1039 1837 1074 λογισμόν
1847 1049 1854 1055 -

1066 1083 1113 1109 καὶ
1127 1083 1235 1110 πάντων
1248 1084 1304 1110 τῶν
1322 1085 1531 1120 προειρημένων
1546 1085 1714 1120 ἡττωμένων
1727 1085 1795 1121 (28),
1811 1087 1856 1112 ἐπ’

1066 1127 1148 1155 αὐτὸν
1165 1128 1326 1156 ὰναλύουσιν
1347 1130 1393 1164 (r).

1104 1216 1154 1249 ξα’.
1176 1217 1207 1243 Ἠ
1221 1217 1370 1250 κενοδοξία,
1384 1217 1449 1244 ποτὲ
1467 1219 1516 1253 μὲν
1532 1219 1730 1254 ἀναιρουμένη,
1749 1220 1814 1246 ποτὲ
1827 1219 1857 1247 δὲ

1068 1263 1198 1298 μένουσα,
1209 1263 1296 1289 τίκτει
1311 1263 1359 1298 τὴν
1375 1263 1566 1299 ὑπερηφανίαν
1576 1273 1583 1281 ·
1606 1265 1654 1291 καὶ
1670 1266 1856 1301 ἀναιρουμένη

1069 1308 1129 1343 μὲν,
1144 1309 1234 1343 οἴησιν
1251 1309 1378 1343 ἐμποιεῖ·
1394 1309 1514 1345 μένουσα
1527 1310 1566 1343 δὲ,
1582 1310 1753 1343 ἀλαζονείαν.

1105 1398 1155 1434 ξβ’.
1173 1399 1207 1434 (ε)
1235 1399 1398 1432 Κενοδοξῖαν
1412 1400 1528 1436 ἀναιρεῖ,
1556 1401 1572 1435 ἡ
1596 1401 1706 1437 κρυπτὴ
1720 1401 1837 1436 ἐργασία
1848 1410 1855 1417 ’

1069 1445 1259 1480 ὑπερηφανίαν
1272 1445 1312 1477 δὲ,
1330 1447 1361 1471 τὸ
1377 1445 1416 1480 τῷ
1431 1445 1490 1481 Θεῴ
1513 1446 1679 1481 ἐπιγράφειν
1700 1447 1735 1473 τὰ
1755 1455 1857 1483 κατορ-

1069 1490 1192 1526 θώματα.

1107 1537 1158 1570 ξγ¹.
1184 1537 1213 1563 '0
1233 1537 1360 1571 γνώσεως
1382 1537 1449 1564 Θεοῦ
1474 1537 1664 1571 καταξιωοεὶς,
1685 1538 1732 1565 καὶ
1754 1539 1803 1573 τῆς
1824 1539 1857 1565 ἐκ

1068 1582 1169 1615 ταύτης
1185 1582 1281 1618 ἡδονῆς
1292 1582 1448 1614 ἀπολαύσας
1461 1583 1590 1618 γνησίως,
1601 1581 1678 1615 οὗτος
1689 1585 1858 1619 καταφρονεῖ

1068 1628 1122 1655 τῶν
1159 1629 1191 1655 ἐκ
1227 1630 1274 1655 τοῦ
1314 1630 1514 1665 ἐπιθυμητικοῦ
1550 1630 1719 1666 τικτομένων
1759 1631 1858 1658 πασῶν

1069 1674 1181 1709 ἡδονῶν.

1105 1720 1153 1754 ξδ’.
1185 1721 1215 1747 '0
1244 1720 1386 1756 ἐπιθυμῶν
1406 1720 1460 1747 τῶν
1489 1720 1629 1754 ἐπιγείων,
1658 1720 1673 1756 ἣ
1705 1720 1858 1755 βρωμάτων

1069 1766 1209 1802 ἐπιθυμεῖ,
1231 1766 1247 1802 ἦ
1270 1766 1325 1793 τῶν
1339 1767 1374 1794 τὰ
1399 1767 1571 1801 ὑπογάστρια
1599 1767 1816 1802 οεραπευόντων,
1839 1767 1856 1802 ἢ

1068 1811 1146 1846 δόξης
1159 1811 1343 1846 ἀνθρωπίνης,
1359 1811 1375 1847 ἢ
1389 1812 1549 1847 χρημάτων,
1569 1812 1585 1847 ἧ
1612 1820 1684 1843 τινος
1706 1811 1787 1838 ἄλλον
1802 1811 1858 1837 τῶν

1069 1857 1173 1888 τούτοις
1196 1857 1357 1892 ἑπομένων·
1386 1857 1434 1884 καὶ
1461 1859 1485 1884 ει
1504 1858 1541 1893 μή
1565 1866 1592 1883 τι
1614 1857 1718 1883 τούτων
1732 1858 1858 1892 κρεῖττον

1069 1902 1144 1938 εὕροι
1160 1904 1174 1929 ὁ
1188 1902 1261 1934 νοῦς,
1280 1903 1323 1937 ἐφ’
1343 1899 1365 1937 ᾧ
1387 1903 1437 1938 τὴν
1458 1903 1605 1938 ἐπιθυμίαν
1624 1903 1786 1938 μετενέγκῃ,
1807 1902 1859 1929 οὐκ

1071 1948 1104 1975 ἃν
1121 1948 1224 1975 τούτων
1243 1950 1422 1985 καταφρονεῖν
1441 1949 1481 1980 εἷς
1496 1948 1572 1980 τέλος
1589 1949 1698 1984 πεισθῇ.
1715 1948 1858 1983 Κρείττων

1070 1993 1098 2019 δὲ
1113 1993 1216 2020 τούτων
1231 1993 1415 2029 ἁσυγκρίτως,
1430 1995 1447 2029 ὴ
1463 1993 1510 2020 τοῦ
1529 1993 1596 2019 Θεοῦ
1614 1992 1715 2027 γνῶσις
1737 1992 1783 2018 καὶ
1803 1991 1858 2018 τῶν

1071 2037 1152 2064 θείων
1170 2038 1239 2065 ἔστί.
1674 2034 1680 2039 ἢ

1106 2083 1153 2117 ξε’.
1169 2084 1200 2110 Οἱ
1215 2083 1269 2110 τῶν
1282 2083 1384 2119 ἡδονῶν
1395 2083 1640 2118 καταφρονοῦντες,
1652 2083 1669 2118 ἦ
1685 2082 1760 2118 φόϐῳ
1772 2090 1858 2108 κατα-

1071 2129 1214 2164 φρονοῦσιν
1235 2129 1300 2164 (29),
1327 2129 1343 2164 ἢ
1365 2129 1460 2160 ἐλπίδι,
1484 2129 1500 2163 ἢ
1526 2128 1636 2162 γνώσει,
1657 2129 1674 2163 ἢ
1702 2128 1749 2154 καὶ
1766 2128 1800 2162 τῇ
1818 2128 1860 2158 είς

1036 2190 1058 2217 D
1071 2175 1136 2201 Θεὸν
1151 2175 1255 2210 ἀγάπῃ.

1110 2220 1160 2253 Eg’.
1185 2221 1217 2247 Ἠ
1242 2220 1306 2247 ἄνευ
1323 2220 1425 2252 πάθους
1452 2220 1506 2246 τῶν
1531 2219 1611 2246 θείων
1633 2218 1732 2253 γνῶσις
1749 2218 1792 2253 (ι),
1825 2217 1857 2243 οὐ

1073 2267 1161 2293 πείθει
1196 2266 1241 2293 τὸν
1259 2266 1321 2293 νοῦν
1341 2266 1381 2298 είς
1401 2265 1477 2297 τέλος
1501 2265 1682 2300 καταφρονεῖν
1702 2263 1757 2290 τῶν
1776 2272 1862 2298 προσ-

1074 2313 1152 2339 ύ).ων·
1168 2312 1226 2339 ἀλλ’
1241 2312 1312 2339 ἔοικε
1323 2312 1446 2347 λογισμῴ
1458 2311 1526 2346 ψιλῷ
1542 2311 1702 2346 πράγματος
1715 2309 1859 2344 αἰσθητοῦ.

1052 2457 1160 2484 Tcrrml
1177 2465 1216 2484 me
1231 2458 1292 2490 ista,
1309 2462 1333 2483 rt
1352 2467 1367 2484 (ι
1383 2457 1517 2484 scribendo
1534 2461 1664 2483 avertunt.

1075 2531 1125 2550 nec
1143 2523 1294 2550 centuriam
1308 2531 1368 2558 cap.
1380 2523 1534 2550 absolvunt.

1109 2560 1140 2593 (ι)
1163 2558 1276 2593 Ἠνᾶνευ
1294 2556 1409 2590 πάθους
1422 2558 1481 2584 τῶν
1505 2559 1592 2585 θείων
1620 2556 1740 2591 γνῶσις.
1757 2556 1863 2593 Opsnp.

1074 2593 1156 2633 Qesn.
1182 2592 1308 2633 Cogitatio.
1329 2593 1362 2620 ab
1389 2593 1629 2633 {zf‘fertfbnsnnlicna
1645 2601 1654 2619 :
1674 2593 1751 2633 quasi
1777 2592 1865 2633 mea;

1072 2628 1168 2655 vitium
1187 2636 1219 2654 ac
1234 2628 1375 2655 libidinem
1391 2628 1435 2655 hic
1450 2628 1596 2662 signiticet.
1611 2635 1664 2654 non
1682 2628 1770 2662 ipsum
1794 2628 1866 2655 cha-

1071 2662 1161 2690 ritatis
1173 2663 1312 2691 aﬂ'cctum.
1326 2671 1387 2690 cum
1402 2663 1520 2697 quodam
1537 2663 1692 2690 divinorum
1718 2666 1799 2697 gustu
1832 2670 1867 2690 ac

1071 2705 1164 2730 sensu.
1180 2697 1226 2732 qui
1246 2698 1381 2732 pnecipue
1396 2698 1536 2732 sapientia:
1549 2702 1591 2725 est
1605 2706 1611 2724 :
1631 2702 1766 2732 vocatque
1788 2697 1865 2723 idem

1072 2733 1204 2771 Maximus
1221 2733 1345 2771 sequenti
1358 2741 1418 2768 cap.
1445 2732 1588 2771 Μακᾴριον
1613 2733 1698 2762 πάθος
1717 2732 1766 2771 τῆς
1782 2732 1867 2771 ᾁγίας

1072 2769 1193 2801 ἀγάπης,
1210 2776 1264 2801 quo
1280 2768 1317 2795 ait
1343 2767 1462 2795 mentem
1495 2767 1596 2794 divinis
1620 2767 1867 2801 contemplatioui~

1074 2803 1125 2830 bus
1140 2803 1264 2837 astringi.
