1948 3077
112 134 177 166 103⁵1

549 130 715 160 CAPITUM
734 130 782 159 DE
802 130 1016 160 CIIARITATE
1033 130 1226 160 CENTURIA
1248 130 1305 160 Ill.

1669 136 1735 166 1028

105 189 153 217 Διὸ
167 188 284 220 πολλοὶς
316 187 390 214 ἔστιν
420 187 511 222 εὑρεῖν
538 186 592 214 τῶν
613 187 765 222 ἀνθρώπων
792 187 894 221 γνῶσιν

949 195 1040 214 rerum
1062 188 1206 216 scnsilium
1237 188 1398 223 cogitationi
1421 188 1520 216 similis
1550 190 1670 218 exsistit.
1695 192 1737 219 ld—

106 236 219 270 ἔχοντας
247 233 358 268 πολλὴν,
387 233 434 260 καὶ
458 234 486 259 ὲν
512 235 567 265 τοῖς
597 233 648 268 τῆς
675 234 777 268 σαρκὸς
799 233 897 260 πάθεσι

105 281 187 315 δίκην
214 280 315 315 χοίρων
341 280 370 306 ὲν
401 279 525 314 βορϐόρῳ
554 279 790 314 κυλινδουμένους.
824 279 896 314 Πρδς

104 326 200 359 ὀλίγον
226 326 282 361 γὰρ
308 325 337 358 ἐξ
361 324 521 360 ἐπιμελείας
547 324 741 359 καθαρθέντες,
769 323 817 352 xui.
846 326 897 360 τῆς

104 371 235 405 γνώσεως
249 371 434 406 ἐπιτυχόντες,
448 371 562 406 ὕστερον
574 371 769 406 ἀμελήσαντες,
787 370 895 406 ὡμοιώ-

105 417 196 452 θησαν
218 416 257 451 τῷ
279 416 385 443 Σαούλ·
412 416 441 448 ὃς
470 416 608 451 βασιλείας
635 416 826 450 καταξιωθεὶς,
849 416 897 443 xui.

105 461 227 493 ἀναξίως
258 462 499 497 πολιτευσάμενος,
527 461 586 497 μετ’
615 461 699 497 ὀργῆς
723 461 843 497 φοϐερᾶς
867 462 896 495 ἐξ

107 510 195 545 αὐτῆς
211 509 366 544 ἀπεϐλήθη.

141 599 192 633 ξζν.
211 600 316 634 Ὥσπερ
328 599 343 625 ὀ
357 599 434 634 ψιλὸς
451 599 505 626 τῶν
525 599 705 635 ἀνθρωπίνων
726 594 896 636 πραγμάτων

105 645 239 680 λογισμὸς
254 645 322 678 (50),
336 645 386 672 οὐκ
398 644 551 679 ἀναγκάζει
565 644 612 672 τὸν
636 645 698 672 νοῦν
715 647 897 680 καταφρονεῖν

106 692 162 718 τῶν
173 691 264 717 estw
282 690 368 722 οὓτως
379 690 440 717 οὐδὲ
451 691 515 726 ψιλὴ
527 691 627 725 γνῶσις
639 691 694 717 τῶν
704 691 793 722 θείων,
808 691 896 718 πείθει

106 738 148 768 εἰς
173 737 250 768 τέλος
276 737 456 771 καταφρονεῖν
478 736 532 762 τῶν
556 736 751 771 ἀνθρωπίνων·
777 737 844 764 διότι
868 738 896 764 ὲν

107 783 200 813 σκιαῖς
216 782 263 809 νῦν
282 782 399 817 ὑπάρχει
423 782 470 808 καὶ
487 783 630 817 εἰκασμοῖς
650 783 666 818 ἡ
692 783 815 818 ἀλήθεια.
841 783 897 810 Καὶ

106 828 154 855 διὰ
168 828 247 856 τοῦτο
267 829 352 856 δεῖται
378 828 425 855 τοῦ
450 829 585 863 μακαρίου
614 829 715 861 πάθους
739 829 789 864 τῆς
816 830 896 864 ἁγίας

106 874 234 908 ἀγάπης.
246 875 295 909 τῆς
314 873 517 909 συνδεσμούσης
529 874 575 900 τὸν
592 873 654 900 νοῦν
669 875 726 906 τοῖς
743 882 895 909 πνευματι-

106 922 166 951 κοῖς
200 919 371 955 θεωρήμασι,
407 920 455 946 καὶ
487 919 635 955 πειθούσης
671 921 808 956 προτιμᾷν
840 919 895 947 τῶν

105 967 220 999 ὑλικῶν,
234 966 268 993 τὰ
279 967 348 993 ἇῡλα
359 975 366 982 ·
384 967 430 993 καὶ
446 967 500 993 τῶν
520 966 658 996 αἰσθητῶν
693 967 728 994 τὰ
747 968 831 1002 νοητὰ
850 967 896 994 xui.

106 1016 178 1042 θεῖα.

141 1061 194 1096 ξη¹.
216 1061 253 1089 Οὐ
272 1062 382 1093 πάντως
404 1063 418 1089 ὁ
437 1063 471 1089 τὰ
490 1062 562 1097 πάθη
578 1061 708 1096 ἐκκόψας,
733 1062 779 1088 καὶ
801 1061 895 1096 ψιλοὺς

104 1108 172 1139 τοὺς
181 1107 330 1141 λογισμοὺς
354 1107 552 1142 ἐργασάμενος.
570 1106 621 1142 ἥδη
646 1107 716 1133 αὐτᾶ
737 1107 784 1132 καὶ
799 1107 844 1133 ἐπὶ
859 1106 895 1133 τὰ

105 1153 168 1180 θεῖα
188 1154 300 1188 ἔτρεψεν
315 1160 322 1167 ’
347 1153 413 1180 ἀλλὰ
432 1153 554 1185 δύναται,
571 1153 639 1188 μήτε
656 1152 725 1188 πρὸς
739 1153 771 1179 τὰ
787 1152 894 1188 ἀνθρώ-

105 1208 173 1226 πινα
190 1200 314 1234 πάσχειν,
344 1199 412 1234 μήτε
435 1198 504 1234 πρὸς
528 1199 562 1225 τὰ
587 1197 662 1225 θεῖα·
690 1198 758 1232 ὅπερ
776 1198 894 1232 ἐπισυμ-

104 1244 194 1271 6αίνει
207 1245 252 1271 ἐπὶ
266 1245 320 1271 τῶν
335 1244 493 1279 πρακτικῶν
511 1244 601 1279 μόνον,
612 1244 659 1271 xui
669 1243 894 1279 μήπωξγνὼσεως

105 1290 330 1323 καταξιωθέντων
346 1290 420 1325 (31)’
450 1290 475 1316 οἳ
496 1289 570 1324 φόϐῳ
595 1289 743 1324 κολάσεως,
763 1289 779 1324 ἦ
807 1289 895 1316 ἐλπίδι

105 1335 248 1370 βασιλείας
260 1335 315 1361 τῶν
332 1334 426 1362 παθῶν
439 1335 598 1369 ἀπέχονται.

142 1421 172 1454 ξθ
184 1442 191 1448 .
207 1421 258 1448 Διὰ
272 1422 401 1456 πίστεως
420 1421 653 1456 περιπατοῦμεν,
668 1422 704 1448 οὐ
718 1420 766 1448 διὰ
777 1421 877 1452 εἴδους
886 1428 892 1436 ·

105 1467 154 1494 καὶ
165 1469 193 1493 ἐν
206 1467 348 1502 ἐσόπτροις
355 1467 404 1502 τὴν
413 1467 513 1501 γνῶσιν
523 1466 621 1502 ἔχομεν
631 1465 669 1502 (ιι)
680 1466 727 1492 καὶ
739 1466 892 1500 αἰνίγμασι.

949 232 1024 259 circo
1042 240 1097 259 non
1129 240 1232 267 paucos
1256 233 1400 264 invenias,
1427 233 1474 267 qui
1491 233 1594 268 ingenti
1622 236 1737 264 scientia

949 279 1068 313 przediti,
1101 286 1182 306 suum
1198 287 1275 306 more
1288 280 1318 306 in
1330 287 1420 312 emno,
1446 280 1475 306 in
1489 281 1579 308 carnis
1593 281 1738 311 affectibus

949 331 981 351 ac
1008 325 1172 352 libidinibus
1192 325 1393 352 volutentur“.
1423 326 1568 361 Tantisper
1586 328 1671 361 enim,
1693 337 1736 362 ea,

948 377 1031 404 quam
1064 370 1270 403 adhibuerunt,
1300 370 1442 405 diligentia
1471 372 1578 406 purgati
1607 374 1737 407 nacti-ine

949 415 1103 447 scientiam,
1118 416 1293 450 postmodum
1312 416 1525 451 negligentiores
1539 417 1641 450 effecti,
1662 417 1737 446 Sauli

951 460 1055 487 similes
1070 460 1248 488 exstiterunt.
1261 461 1287 488 ls
1307 469 1426 496 namque
1443 470 1528 497 regno
1544 462 1659 496 potitus,
1684 471 1737 492 nec

949 506 997 533 illo
1010 511 1040 533 ut
1052 507 1166 542 dignum
1184 507 1267 542 438
1281 511 1341 535 erat
1356 515 1388 535 ac
1402 516 1445 535 res
1465 509 1595 543 poscebat
1616 510 1735 538 admini-

949 554 1046 581 strato,
1065 551 1234 578 formidabili
1249 552 1297 579 irae
1307 552 1442 587 exemplo,
1456 560 1489 580 eo
1506 553 1630 589 deiectus
1647 560 1700 583 est.

983 596 1027 624 67.
1045 597 1281 630 Quemadmodum
1303 598 1419 633 simplex
1436 599 1563 634 nudaque
1578 608 1669 627 rerum
1685 601 1737 628 hu-

948 649 1091 668 manarum
1114 642 1255 677 cogitatio,
1270 650 1325 669 non
1343 643 1416 677 cogit
1432 643 1553 670 animum
1571 652 1616 671 res
1630 645 1737 672 divinas

929 699 931 702 ι
948 688 1116 722 contemptui
1135 688 1248 720 habere,
1265 689 1306 716 sic
1317 697 1368 716 nec
1385 690 1502 725 simplex
1517 691 1676 719 divinarum
1690 702 1736 720 eo-

914 857 932 884 Β

106 1515 164 1540 Καὶ
175 1513 220 1540 διὰ
234 1513 320 1545 τοῦτο,
339 1513 439 1549 πολλῆς
459 1512 577 1548 δεόμεθα
591 1512 641 1547 τῆς
655 1513 684 1538 ὲν
705 1511 798 1542 αὐτοῖς
811 1511 894 1546 ἀσχο-
908 1524 929 1553 c

107 1559 178 1590 λίας,
201 1560 246 1586 ἴνα
263 1561 295 1594 τῇ
310 1559 407 1594 χρονίᾳ
425 1559 528 1585 τούτων
547 1558 647 1594 μελέτῃ
671 1557 719 1584 xui.
739 1557 894 1592 ἀδολεσχίᾳ,

106 1606 162 1638 ιξιν
179 1606 404 1633 δυσαπόσπαστον
419 1606 474 1632 τῶν
487 1605 674 1641 θεωρημάτων
689 1604 859 1640 ποιήσωμεν.

139 1693 173 1722 o’.
197 1693 261 1721 Ἐὰν
274 1693 342 1729 πρὸς
357 1693 445 1727 ὀλίγον
456 1692 511 1719 τῶν
524 1691 619 1718 παθῶν
633 1691 682 1722 τὰς
703 1690 791 1722 αἰτίας
809 1689 894 1716 -ὲκκό-

105 1741 208 1775 ψαντες
220 1738 276 1771 τως
286 1740 480 1773 πνευματικοῖς
487 1737 712 1772 ἑνασχοληθῶμεν
723 1735 892 1771 θεωρήμασι,

108 1786 145 1821 μὴ
162 1786 192 1812 ἐν
204 1780 295 1816 αὐτοῖς
305 1785 333 1810 δὲ
349 1785 391 1812 ἀεὶ
399 1784 594 1819 διατρίψωμεν,
612 1782 679 1809 αὐτὸ
692 1781 772 1808 τοῦτο
788 1781 894 1816 ἔχοντες

107 1833 199 1868 ἔργον,
218 1832 337 1868 εὐχερῶς
351 1832 431 1859 πάλιν
443 1832 488 1858 ἐπὶ
503 1830 538 1857 τὰ
551 1830 602 1865 τῆς
617 1829 717 1864 σαρκὸς
729 1828 803 1862 πάθη
815 1836 893 1863 περι-

105 1877 266 1912 τρεπόμεθα
282 1877 337 1912 (32)
347 1885 354 1892 “
374 1876 458 1912 μηδὲν
472 1876 536 1902 ἄλλο
551 1874 656 1902 ἐκεῖθεν
668 1874 892 1909 καρπωσάμενοι,

106 1923 123 1958 ἦ
143 1922 226 1958 ψιλὴν
253 1922 353 1956 γνῶσιν
374 1922 442 1958 μετὰ
463 1923 597 1957 οἰήσεως·
625 1918 659 1957 ἧς
679 1921 710 1947 τὸ
723 1920 809 1951 τέλος,
831 1920 892 1954 ἦτε

107 1968 194 2003 αὐτῆς
210 1968 280 1995 κατὰ
296 1968 393 2004 μικρὸν
417 1968 466 2003 τῆς
492 1966 617 2002 γνώσεως
641 1965 784 1998 σκότωσις,
811 1965 859 1992 καὶ
877 1966 894 2000 ἡ

108 2014 242 2048 παντελὴς
258 2014 304 2040 τοῦ
320 2014 366 2040 νοῦ
381 2014 428 2040 ἐπὶ
444 2013 478 2041 τὰ
492 2013 572 2040 ὺλικὰ
584 2012 717 2047 ἐκτροπή.

947 732 1033 767 gnitio
1047 733 1079 759 ad
1093 732 1274 760 humanarum
1291 743 1403 769 prorsus
1416 740 1602 770 contemptum
1625 739 1709 773 adigit
1728 747 1735 765 :

947 778 1020 812 quod
1041 786 1139 813 nempe
1156 779 1269 811 veritas,
1286 780 1420 808 hactenus
1437 782 1518 809 nobis
1536 783 1564 810 in
1583 785 1688 811 umbris
1705 793 1737 812 ac

948 823 1103 851 simulacris
1126 826 1266 851 consistat.
1293 825 1417 860 llincque
1435 827 1504 854 adeo
1523 833 1583 860 est,
1602 835 1631 855 ut
1656 830 1737 856 beato

948 869 1093 896 cbaritatis
1108 870 1206 897 all‘ectu
1227 878 1259 897 ac
1272 871 1399 905 passione
1421 873 1593 907 spiritalibus
1612 880 1738 903 contexu-

947 914 1117 949 plationibus
1135 922 1166 941 ac
1183 916 1273 942 sensis
1288 921 1407 944 mentem
1424 918 1578 950 addicente.
1599 920 1735 956 indigeat;

946 968 1060 994 qumque
1081 962 1215 994 terrenis,
1236 969 1267 989 ea
1279 970 1340 996 quae
1360 969 1457 991 vacant
1474 967 1606 997 materia,
1629 968 1736 994 sensili-

947 1005 1066 1040 husque,
1083 1006 1219 1041 spiritalia
1239 1014 1271 1034 ac
1283 1007 1378 1034 divina
1392 1009 1529 1036 anteferre
1545 1010 1669 1038 suadeat.

981 1051 1025 1079 68.
1042 1052 1101 1079 Non
1120 1052 1232 1079 omnino
1244 1053 1290 1087 qui
1311 1053 1428 1082 affectus
1444 1063 1476 1082 ac
1489 1055 1619 1084 libidines
1639 1064 1736 1092 ampu-

947 1098 1024 1130 tavit,
1047 1098 1188 1133 animique
1213 1099 1335 1126 rationes
1365 1100 1505 1135 simplices
1526 1102 1656 1136 reddidit,
1678 1104 1734 1139 jam

947 1152 1056 1179 quoque
1066 1144 1182 1172 allectus
1194 1144 1227 1172 ad
1243 1145 1336 1172 divina
1351 1147 1504 1174 convertit:
1524 1148 1572 1175 sed
1595 1149 1653 1176 fieri
1683 1158 1735 1184 po-

947 1193 1009 1222 test,
1023 1193 1053 1216 ut
1073 1197 1162 1224 neque
1180 1190 1374 1223 humanarum,
1389 1199 1440 1219 nec
1455 1192 1612 1220 divinarum
1640 1202 1734 1222 rerum

945 1241 1028 1261 sensu
1042 1233 1192 1267 adiciatur;
1212 1235 1251 1262 uti
1266 1235 1294 1262 in
1308 1236 1363 1263 illis
1378 1237 1501 1272 proclive
1516 1242 1568 1270 est,
1583 1239 1628 1274 qui
1643 1241 1731 1267 actio-

944 1287 1008 1306 nem
1031 1279 1135 1313 colunt,
1158 1287 1190 1307 ac
1216 1279 1334 1307 necdum
1365 1281 1478 1309 scientia
1498 1283 1594 1310 donari
1620 1292 1732 1312 merrte-

946 1328 1021 1358 runt,
1034 1325 1081 1360 qui
1094 1332 1192 1359 nempe
1207 1326 1333 1360 supplicii
1351 1329 1426 1354 metu
1439 1332 1486 1355 aut
1502 1329 1578 1363 regni
1593 1335 1734 1365 exspecta-

945 1370 1031 1403 tione,
1052 1370 1086 1397 ab
1099 1370 1244 1398 affectibus
1261 1377 1343 1406 atque
1356 1371 1430 1400 vitiis
1445 1380 1504 1401 sese
1518 1374 1667 1402 abstinent.

980 1415 1024 1443 69.
1053 1415 1106 1442 Per
1123 1415 1202 1449 ﬁdem
1221 1416 1400 1450 ambulamus,
1423 1427 1476 1445 non
1499 1427 1546 1454 per
1569 1421 1682 1455 speciem
1692 1422 1731 1454 ";

945 1461 1132 1496 habemusque
1145 1462 1288 1490 scientiam
1306 1463 1333 1490 in
1346 1465 1467 1499 speculis
1483 1472 1514 1492 ac
1528 1465 1732 1501 aenigmatibus.

945 1507 1050 1535 Idcirco
1061 1508 1144 1535 etiam
1162 1507 1276 1535 multam
1290 1509 1332 1537 eis
1345 1517 1458 1544 operam
1474 1518 1608 1539 navemus
1619 1520 1734 1540 necesse

947 1556 999 1585 est,
1013 1557 1044 1579 ut.
1058 1553 1139 1588 longa
1159 1559 1255 1580 eorum
1269 1554 1449 1582 meditatione
1467 1559 1496 1583 et
1515 1560 1620 1584 attenta
1640 1559 1733 1586 consi—

947 1598 1101 1631 deratione,
1121 1598 1230 1626 ﬁrmum
1242 1600 1363 1635 satisque
1384 1606 1508 1629 tenacem
1527 1603 1734 1638 contemplatio-

948 1651 1014 1671 num
1027 1644 1152 1671 habitum
1162 1645 1364 1673 nanciseamur.

985 1689 1027 1716 70.
1041 1689 1069 1716 Si
1084 1690 1118 1717 ad
1134 1690 1272 1717 modicum
1287 1691 1402 1719 excissis
1414 1692 1734 1722 aﬂ‘ectuumlibidinum—

948 1742 1002 1770 que
1015 1734 1115 1767 causis,
1131 1736 1304 1770 spiritalibus
1322 1741 1443 1764 mentem
1456 1739 1735 1773 contemplationibus

947 1780 1150 1813 addixerimus,
1165 1788 1218 1808 nec
1235 1780 1262 1807 in
1284 1781 1326 1808 eis
1350 1789 1460 1816 semper
1473 1784 1572 1811 morati
1589 1784 1733 1817 fuerimus,

947 1826 976 1853 in
992 1826 1045 1853 hoc
1055 1826 1144 1860 ipsum
1159 1826 1361 1860 incumbentes,
1376 1827 1471 1863 reique
1490 1828 1517 1856 id
1538 1834 1620 1864 caput
1630 1830 1734 1858 haben-

948 1875 1000 1904 tes,
1013 1871 1093 1898 facile
1110 1871 1210 1899 iterum
1225 1872 1259 1899 ad
1281 1873 1406 1900 carnales
1424 1873 1539 1902 affectus
1550 1875 1734 1911 libidinesque

946 1921 1157 1951 convertemur;
1172 1918 1278 1945 nullum
1290 1918 1355 1946 inde
1366 1920 1541 1947 commodum
1550 1925 1734 1956 reportantes,

947 1964 1001 1992 nisi
1030 1963 1203 1991 solummodo
1226 1964 1328 1991 nudam
1344 1972 1377 1992 ac
1400 1965 1552 2000 simplicem
1579 1967 1733 1999 scientiam,

948 2019 1011 2039 cum
1026 2013 1111 2040 animi
1125 2012 1230 2040 scilicet
1245 2013 1298 2040 sibi
1321 2013 1456 2048 placentis
1478 2014 1596 2042 elatione
1617 2016 1735 2051 conjun-

107 2061 288 2095 ctani;.cujus
301 2059 324 2087 is
339 2059 412 2092 finis,
425 2063 529 2087 uteum
553 2058 612 2094 ipsa
633 2057 765 2093 paulatim
782 2056 896 2085 scientia
913 2057 1092 2091 obnubescat,
1119 2062 1177 2086 tum
1204 2066 1282 2086 mens
1316 2059 1350 2086 ad
1383 2064 1494 2087 terrena
1516 2061 1627 2095 penitus
1642 2062 1733 2089 desci-

114 2110 175 2132 seat.

107 2113 193 2178 Μοὲι.
213 2151 302 2182 Πάθος
317 2151 428 2187 ἀγάπης
439 2151 550 2186 ψεκτὸν,
567 2152 623 2183 τοῖς
635 2138 736 2183 ὑλικοϊς
749 2150 894 2186 πράγμασι

107 2197 153 2223 τὸν
172 2197 235 2223 νοῦν
252 2196 408 2232 ἐνασχολεῖ·
436 2196 522 2228 πάθος
543 2197 654 2232 ἀγάπης
674 2197 826 2227 ἐπαινετὸν,
846 2195 893 2222 καὶ

984 2149 1027 2176 7|.
1048 2148 1209 2176 Dilectionis
1223 2149 1393 2184 vituperium
1408 2150 1555 2185 labemque
1573 2151 1676 2179 habens
1691 2152 1733 2179 af-

948 2193 1046 2227 fectus,
1057 2194 1174 2222 terrenis
1184 2194 1268 2222 rebus
1278 2195 1399 2222 animum
1410 2195 1513 2223 addicit
1527 2205 1532 2223 :
1551 2197 1658 2224 laudem
1667 2205 1733 2225 vero

107 2243 164 2274 τοῖς
183 2242 267 2274 θείοις
282 2243 363 2269 αὺτὸν
379 2242 532 2276 συνδεσμεῖ.
560 2241 645 2268 Εῖωθε
665 2242 719 2278 γὰρ
743 2243 757 2269 ό
779 2241 840 2273 νοῦς
864 2242 892 2267 ὲν

949 2241 1061 2274 habens,
1075 2241 1158 2269 etiam
1172 2241 1273 2268 divinis
1286 2241 1416 2269 devincit.
1430 2242 1476 2270 Sic
1490 2243 1563 2270 enim
1586 2244 1670 2271 menti
1691 2244 1732 2271 in-

107 2285 147 2319 οἶς
160 2288 280 2324 χρονίζει
302 2289 454 2324 πράγμασι,
474 2288 503 2314 ὲν
518 2288 609 2320 αὐτοῖς
623 2289 671 2315 xui
694 2287 892 2315 πλατύνεσθαι”

108 2334 136 2359 ὲν
151 2330 192 2364 οἷς
204 2333 233 2360 δὲ
251 2333 426 2364 πλατύνεται,
451 2333 480 2359 ἐν
503 2333 594 2364 αὐτοῖς
610 2333 658 2359 καὶ
680 2333 729 2368 τὴν
747 2331 896 2366 ἐπιθυμίαν

107 2378 155 2405 καὶ
179 2379 229 2414 τὴν
257 2379 367 2414 ἀγάπην
391 2379 498 2415 τρέψαι,
528 2378 582 2405 εἴτε
617 2379 646 2404 ἐν
665 2381 720 2410 τοῖς
743 2378 825 2409 θείοις
850 2377 897 2403 καὶ

107 2424 221 2456 οἰκείοις
251 2425 298 2451 καὶ
329 2426 443 2458 νοητοῖς,
479 2426 533 2451 εἴτε
566 2425 595 2450 ὲν
623 2425 680 2455 τοῖς
709 2423 758 2459 τῆς
797 2424 897 2459 σαρκὸς

107 2469 255 2505 πράγμασί
268 2479 298 2496 τε
316 2471 362 2496 καὶ
379 2469 487 2496 πάθεσι.

145 2551 168 2568 ³⁸
181 2551 204 2579 ll
219 2551 292 2579 Petr.
308 2558 337 2583 ιι,
353 2550 398 2577 22.
436 2551 458 2566 “
474 2551 495 2577 ll
506 2550 568 2578 Cor.
583 2559 610 2583 v,
623 2551 638 2577 7

144 2630 187 2669 (υ).
201 2630 253 2657 ‘Er
267 2629 425 2669 ἐσόπτροις
451 2628 519 2669 τὴν.
537 2627 664 2669 γνῶσιν.
679 2628 799 2669 ἔχομεν.
816 2629 893 2669 hErAat

104 2661 249 2696 mendose,
264 2664 312 2698 τὴν
325 2663 521 2700 ᾀρετήν..(]υοι1
538 2661 626 2700 ipsum
657 2661 789 2691 habuerat
814 2662 891 2691 Dufr.

104 2701 180 2732 θοὰ..
195 2699 244 2728 sed
256 2703 315 2726 erat
330 2698 397 2725 ineo
413 2698 598 2725 emendatum.
615 2699 785 2726 Deeoxerunt
802 2704 891 2726 tamen

103 2738 209 2770 Obsop.
239 2733 365 2770 elicesn.
398 2733 504 2770 Locns_
515 2733 591 2770 Pauli
607 2738 658 2770 est,
691 2742 745 2770 quo
761 2769 764 2770 ν
779 2733 892 2770 respicit

103 2768 250 2807 Maximus,
268 2769 277 2795 l
307 2768 370 2807 (Eon.
385 2776 429 2794 xm
451 2777 458 2794 :
477 2768 615 2803 Βλέπομεν
629 2769 741 2807 ᾷρτι-δϋ
757 2768 891 2807 ἐσόπτρου

108 2805 299 2839 ἐναὶνίγματι.
316 2803 415 2839 Videre
427 2807 528 2833 autem,
545 2811 598 2839 non
613 2803 730 2835 virtutiS,
804 2803 892 2839 scien-

94 2844 149 2872 ttia:
165 2844 208 2869 est
225 2837 308 2874 atque
333 2837 405 2870 ﬁdei,
438 2845 495 2874 seu
514 2838 678 2873 cognitionis
704 2847 710 2864 :
739 2838 889 2873 ἀδολεσχίᾳ,

945 2287 1054 2319 olitum,
1071 2291 1100 2317 ut
1111 2287 1213 2322 quibus
1224 2288 1251 2314 in
1267 2287 1351 2316 rebus
1364 2292 1498 2320 moratur,
1514 2289 1541 2316 in
1558 2289 1648 2317 illiset
1664 2290 1733 2318 dila-

947 2336 1036 2365 tetur;
1061 2332 1087 2358 in
1104 2332 1205 2367 quibus
1217 2337 1310 2359 autem
1327 2332 1469 2363 dilatatur.
1491 2334 1524 2360 ad
1538 2334 1596 2361 inec
1611 2339 1638 2362 et
1652 2336 1731 2370 cupi-

946 2377 1059 2405 ditatem
1073 2377 1304 2412 dilectionemque
1320 2382 1469 2411 convertat,
1487 2378 1544 2406 sive
1561 2379 1654 2407 divina
1668 2388 1732 2415 pro—

946 2425 1060 2458 priaque
1072 2427 1100 2450 et
1112 2423 1257 2458 spiritalia,
1284 2424 1341 2450 sive
1357 2423 1476 2450 carnalia
1493 2432 1591 2460 resque
1612 2430 1639 2452 ct
1661 2426 1729 2454 aﬂ'c-

946 2473 1007 2496 ctus
1024 2475 1073 2495 seu
1087 2468 1163 2495 vitia.

942 2629 1014 2668 quod
1044 2630 1373 2668 syastexsiumutandum
1400 2631 1606 2668 conjicitEGesn.
1631 2633 1737 2668 merito,

941 2664 1021 2691 Billio
1037 2664 1172 2702 displicet.
1194 2664 1311 2702 Acsane
1324 2673 1377 2692 vox
1395 2671 1436 2693 est
1453 2667 1489 2702 in”
1507 2666 1657 2702 Seripturis
1672 2667 1728 2695 fre-

941 2706 1040 2735 quens,
1057 2707 1107 2734 pro
1122 2699 1246 2734 diligenti
1263 2708 1350 2735 exque
1361 2701 1453 2727 animo
1465 2699 1618 2728 divinarum
1636 2710 1728 2730 rerum

940 2734 1161 2761 consideratione
1188 2742 1221 2762 ac
1249 2735 1428 2763 meditatione
1440 2737 1496 2767 :sie
1511 2737 1583 2764 Isaac
1596 2741 1654 2764 erat
1668 2737 1731 2764 ἁδο-

939 2769 1044 2803 λεσχῶν
1056 2769 1083 2796 in
1103 2777 1168 2803 agro
1183 2777 1244 2796 cum
1263 2770 1386 2798 Rebecca
1405 2772 1429 2798 ei
1445 2772 1551 2798 obviam
1566 2772 1636 2799 facta
1654 2776 1697 2798 cst
1720 2781 1727 2799 τ

939 2803 978 2830 sic
1003 2804 1075 2838 apud
1102 2804 1230 2842 Davidem
1241 2806 1353 2839 passim,
1367 2807 1519 2842 ἐνδελέχεια
1532 2815 1592 2839 vox,
1604 2807 1678 2833 nulla
1692 2815 1728 2835 eo

939 2846 1020 2866 sensu
1033 2843 1121 2866 exstat
1133 2839 1159 2866 in
1168 2839 1319 2875 Scriptura.
