1948 3077
214 130 281 163 1039

825 129 855 158 S.
877 129 905 158 Μ
908 128 1021 159 AXIMI
1041 127 1295 158 CONFESSORIS

1770 123 1840 155 1040

246 184 330 221 439
353 184 396 211 72.
409 184 482 211 Deus
500 183 637 211 visibilem
656 182 730 210 hunc
742 183 876 210 mundum
890 188 918 210 et
933 183 999 210 invi-

1089 182 1138 217 οβ’.
1161 182 1189 208 '0
1208 182 1274 213 02).;
1298 181 1388 207 ἔκτισε
1412 180 1458 208 τὸν
1479 180 1594 216 ἀόρατον
1609 180 1711 215 κόσμον
1733 181 1780 207 καὶ
1793 181 1841 207 τὸν

212 230 322 257 sibilent
334 229 472 261 condidit;
489 229 663 263 animamque
679 233 706 256 et
723 236 823 263 corpus
836 229 931 263 utique
943 230 1001 264 ipse

213 275 288 302 fecit.
315 276 354 301 Ac
368 272 505 308 siquidem
529 273 650 300 mundus
671 273 721 301 iste
743 273 860 301 visibilis
877 274 939 300 talis
958 278 1001 301 est

213 323 309 356 sicque
333 321 459 356 pulcher,
481 321 571 355 qualis
600 328 667 356 rogo
687 321 735 356 qui
762 325 805 349 cst
835 321 1002 348 invisibilis?

212 368 336 402 Cumque
351 367 394 394 hic
410 367 457 394 illo
471 367 646 401 praestantior
661 367 708 400 sit,
723 371 856 402 quantum
867 367 1001 394 ambobus

213 413 345 448 praecellit
357 414 439 445 Deus,
453 413 500 448 qui
518 413 660 441 condidit?
671 413 739 441 Cum
752 414 835 449 igitur
851 414 933 446 Dens,
944 414 1001 448 ipse

212 459 336 486 omnium
366 466 427 494 qua:
455 459 526 486 bona
547 466 643 494 quzeve
674 459 791 494 pulchra
819 463 883 486 sunt
911 459 1002 494 opifex

213 509 385 539 auctorque,
404 504 506 531 creatis
527 504 655 531 omnibus
677 504 852 539 przestantior
865 504 910 536 sit,
936 511 1000 539 qua,

215 558 317 584 qumso,
339 550 446 577 ratione
477 557 574 582 mens,
594 550 710 576 dimisso
734 558 768 576 eo
794 550 867 584 quod
895 550 1002 577 cunctis

213 596 387 630 pnestaatius
418 601 460 623 est
477 616 483 627 ,
509 596 631 622 omnium
668 596 825 623 deterrimis
847 596 933 622 otium
961 599 1003 622 at-

214 648 268 675 quc
292 648 404 675 operam
433 640 529 674 punit?
553 640 710 667 carnalibus
740 640 846 667 scilicet
869 640 946 667 vitiis
971 647 1003 666 ac

215 685 370 712 affectibus.
388 685 459 712 Nunt
479 685 566 720 palam
582 685 696 716 idcirco,
712 684 785 720 quod
803 684 837 711 ab
848 689 911 711 ortu
932 684 1004 711 nati-

214 732 309 759 vitatis
325 739 387 759 cum
406 740 489 759 carne
506 737 614 759 versata
632 732 714 766 eique
732 739 927 764 consuescens,
945 731 1003 766 ejus

215 778 289 812 quod
304 778 432 805 omnibus
455 778 630 813 prtesmntins
647 781 687 804 est
706 785 738 804 ac
757 777 866 804 cunctis
888 776 1001 807 eminet.

215 823 338 850 nondum
352 823 473 860 perfecte
487 823 640 858 periculum
657 831 689 850 ac
699 829 810 858 gustum
825 822 892 850 fecit
903 822 1003 850 ?Modo

1054 227 1202 263 ὁρώμενον·
1222 227 1270 253 καὶ
1286 227 1336 261 τὴν
1352 226 1440 262 ψυχὴν
1455 227 1502 253 καὶ
1517 226 1548 252 τὸ
1563 226 1643 261 σῶμα
1655 226 1778 261 δηλονότι
1791 226 1842 252 αὗ-

1053 273 1099 304 τὺς
1113 272 1236 307 ἐποίησε.
1264 272 1320 299 Καὶ
1342 273 1367 298 εί
1394 273 1408 298 ὁ
1431 271 1568 307 ὁρώμενος
1593 271 1695 305 κόσμος
1718 271 1842 302 τοιοῦτός

1054 318 1112 345 ἔστι
1128 318 1184 354 [ἲν.
1208 317 1295 350 οὕτως
1322 317 1391 354 ἐστὶ]
1420 318 1512 350 καλὸς.
1542 319 1619 349 ποῖος
1652 318 1706 352 ἄρα
1727 318 1802 343 ἐστὶν
1826 317 1842 343 ὸ

1054 365 1180 400 ἀόρατος;
1197 365 1228 390 Et
1241 364 1269 391 δὲ
1283 364 1414 400 κρείττων
1426 364 1520 390 τούτου
1542 365 1655 394 ἐκεῖνος,
1673 363 1755 389 πόσον
1769 362 1842 398 ὑπὲρ

1054 411 1118 442 τοὺς
1140 410 1198 442 δύο,
1214 411 1228 437 ό
1254 411 1350 441 κτίσας
1369 409 1480 441 τούτους
1495 409 1571 442 Θεός;
1597 409 1628 435 Εἰ
1646 407 1693 435 οὖν
1708 409 1842 444 κρείττων

1055 456 1164 483 πάντων
1186 456 1241 483 τῶν
1264 455 1415 490 γεγονότων
1435 456 1449 482 ὁ
1467 455 1576 482 πάντων
1597 454 1765 490 δημιουργὸς
1787 454 1842 480 τῶν

1055 502 1156 535 καλῶν,
1168 502 1221 528 τίνι
1237 501 1275 536 τῷ
1292 501 1365 536 λόγῳ
1382 501 1461 536 ἀφεὶς
1477 502 1491 527 ὁ
1503 500 1564 532 νοῦς
1579 501 1609 527 τὸ
1626 500 1734 527 πάντων
1751 501 1842 534 apd:-

1055 557 1110 579 τον,
1136 550 1191 580 τοῖς
1219 549 1327 574 πάντων
1342 538 1461 583 χείροσιν
1485 547 1688 581 ὲνασχολεῖται;
1713 546 1785 580 λέγω
1809 545 1843 580 δὴ

1054 595 1111 625 τοῖς
1125 594 1176 628 τῆς
1191 594 1292 628 σαρκὸς
1316 593 1441 619 πάθεσιν.
1458 593 1492 618 Ἤ
1517 592 1606 626 δῆλον,
1631 592 1672 618 ὅτι
1689 590 1775 625 ταύτῃ
1792 590 1843 625 μὲν

1055 641 1088 667 ἐκ
1102 640 1216 674 γενετῆς
1235 639 1470 674 συναναστραφεὶς
1490 638 1538 665 καὶ
1564 637 1725 668 συνεθίσας’
1750 637 1798 663 τοῦ
1814 637 1844 663 δὲ

1056 687 1166 713 πάντων
1180 686 1346 721 κρείττονος.
1363 686 1410 712 καὶ
1437 685 1508 720 ὑπὲρ
1524 685 1559 711 τὰ
1578 684 1677 714 πάντα,
1702 683 1779 709 οὔπω
1796 691 1843 709 τε-

1055 732 1130 758 λείαν
1141 732 1237 766 εἴληφε
1255 733 1372 767 πεῖρανς
1393 731 1456 757 Ἐὰν
1472 728 1518 757 οὖν
1540 729 1637 765 χρονίᾳ
1661 730 1776 764 ἀσκήςει
1792 728 1844 762 τῆς

1055 777 1110 804 τῶν
1123 777 1225 813 ἡδονῶν
1240 777 1412 812 ἐγκρατείας,
1429 777 1475 803 καὶ
1489 777 1537 812 τῆς
1554 775 1609 802 τῶν
1630 775 1710 801 θείων
1726 774 1844 808 μελέτης

1056 824 1128 851 κατὰ
1146 825 1244 860 μικρὸν
1260 824 1343 850 αὑτὸν
1367 825 1418 858 τῆς
1431 822 1562 857 τοιαύτης
1583 821 1702 857 σχέσεως
1717 820 1844 855 ἀττορρή-

217 869 300 903 igitur
326 869 406 904 longa
431 869 596 903 assiduaque
622 869 799 897 continentia
820 868 1004 904 voluptatum,

1060 870 1156 905 Ξωμεν,
1183 869 1348 897 πλατύνεταί
1372 877 1402 895 τε
1432 870 1533 900 ἐντοῖς
1557 868 1640 899 θείοις
1666 867 1726 893 κατ’
1752 865 1845 898 ὀλίγον

216 914 427 949 divinorumque
453 915 643 942 meditationis
673 915 887 946 exercitatione.
910 914 944 942 ab
967 922 1001 942 ea

215 961 318 988 sensim
333 960 480 988 affectione
494 968 526 988 ac
541 961 668 991 libidine,
686 968 746 987 eam
767 965 880 987 strenue
904 959 1002 994 abjun-

1054 916 1227 951 προκόπτων,
1247 916 1293 942 καὶ
1314 915 1345 942 τὸ
1367 916 1468 942 οἰκεῖον
1497 915 1628 950 γνωρίζει
1649 914 1774 949 ἀξίωμα·
1795 911 1845 938 καὶ

1055 961 1141 993 τέλος,
1154 961 1213 987 ὅλον
1226 961 1272 988 τὸν
1289 961 1370 988 πόθον
1384 961 1429 988 ὲπὶ
1440 960 1471 987 τὸ
1483 961 1560 987 Θεῖον
1575 959 1735 995 μεταφέρει.

214 1007 348 1038 λοτίωιιε,
363 1006 421 1041 ipsa
436 1006 568 1041 paulatim
588 1006 614 1033 in
629 1005 732 1033 divinis
743 1004 892 1040 proﬁciens
907 1005 1076 1039 dilatabitur,
1095 1015 1228 1042 suamque
1251 1011 1381 1042 agnoscet
1407 1006 1585 1042 dignitatem;
1617 1013 1649 1033 ac
1681 1009 1765 1032 totam
1796 1011 1847 1039 po-

215 1059 318 1082 stremo
331 1052 433 1080 amoris
446 1053 501 1079 vim
516 1052 664 1080 transferet
678 1054 706 1080 in
723 1053 820 1079 Deum.

251 1098 295 1125 75.
312 1098 363 1130 Qui
381 1097 456 1124 nulla
471 1097 530 1124 vitii
551 1097 612 1124 labe
627 1102 675 1124 aut
690 1097 824 1132 pravitate
836 1097 931 1125 fratris
943 1105 1006 1132 pec-

215 1148 307 1171 catum
327 1143 412 1176 dicit,
438 1143 541 1178 duplici
561 1151 595 1170 ex
619 1151 703 1170 causa
724 1143 802 1177 dicit,
825 1143 868 1171 vel
890 1148 920 1171 ut
942 1151 1006 1171 eum

215 1191 307 1225 ipsum
325 1189 473 1223 emendet,
493 1190 536 1217 vel
553 1193 583 1216 ut
604 1189 652 1216 alii
668 1189 814 1217 utilitatem
828 1193 940 1225 praestet
958 1190 1007 1218 ad-

215 1235 365 1268 monendo,
382 1235 426 1263 cui
449 1235 606 1263 consultant
628 1235 706 1263 velit.
720 1236 804 1263 Extra
826 1236 876 1264 has
897 1243 1005 1269 causas,

215 1281 326 1316 aliaque
343 1281 469 1313 ratione,
496 1281 555 1308 sive
571 1281 634 1316 quis
661 1281 713 1316 ipsi
737 1281 925 1316 delinquenti,
947 1281 1006 1308 sive

216 1326 332 1353 cuilibet
352 1325 399 1352 alii
424 1325 536 1358 dixerit,
562 1325 756 1361 exprobrando
775 1326 842 1354 dicit
859 1330 906 1353 aut
932 1326 1010 1353 oblo-

216 1371 338 1406 quendo,
354 1378 406 1398 nec
418 1370 485 1405 quin
501 1377 515 1398 a
529 1370 585 1398 Deo
596 1371 749 1403 deseratur,
764 1371 894 1406 effugiet;
907 1371 955 1399 sed
967 1371 1009 1399 vel

216 1417 245 1444 In
260 1417 344 1450 idem,
363 1417 407 1444 vel
422 1417 450 1444 in
470 1416 546 1444 aliud
571 1417 684 1444 omnino
701 1417 833 1444 delictum
853 1417 1008 1452 prolapsus,

216 1463 278 1491 aliis
291 1462 470 1497 arguentibus
485 1469 518 1489 ac
533 1462 775 1497 exprobrantibus,
789 1463 947 1490 erubescet.

1094 1101 1144 1132 ογ’.
1166 1098 1196 1125 '0
1211 1098 1324 1130 ἀπαθῶς
1336 1098 1424 1132 λέγων
1441 1096 1593 1132 ἁμάρτημα
1615 1095 1744 1130 ἀδελφοῦ,
1773 1096 1846 1122 κατὰ

1058 1143 1104 1170 δύο
1118 1144 1208 1176 αἰτίας
1227 1144 1317 1178 λέγει·
1343 1144 1359 1179 ἢ
1385 1144 1430 1170 ἴνα
1449 1143 1531 1170 αὑτὸν
1555 1141 1749 1178 διορθώπηται,
1766 1142 1782 1177 ἥ
1802 1143 1846 1168 ἵνα

1058 1190 1138 1217 ἄλλον
1153 1190 1293 1226 ὠφελήσῃ.
1314 1191 1344 1217 Εἰ
1359 1190 1387 1216 δὲ
1402 1189 1479 1219 ἐκτὸς
1491 1188 1594 1215 τούτων
1605 1187 1689 1222 λέγει,
1702 1188 1757 1214 εἴτε
1769 1187 1845 1222 αὐτῷ

1058 1239 1114 1266 εἴτε
1128 1237 1210 1272 ἄλλῳ,
1225 1237 1363 1270 ὀνειδίζων
1376 1237 1392 1272 ἢ
1404 1235 1541 1272 διασύρων
1557 1235 1639 1262 αὑτὸν
1654 1233 1740 1268 λέγει,
1755 1234 1802 1260 καὶ
1814 1234 1846 1260 οὗ

1060 1283 1097 1320 μὴ
1112 1283 1219 1320 ἐκφύγῃ
1236 1283 1286 1319 τὴν
1304 1283 1380 1310 θείαν
1408 1281 1601 1316 ἐγκατάλειψιν
1615 1281 1652 1316 (υ)
1663 1289 1670 1296 ι
1696 1279 1754 1306 ἀλλ’
1767 1280 1784 1313 ἢ
1806 1279 1847 1314 τῷ

1057 1330 1144 1366 αὐτῷ,
1161 1330 1178 1365 ἢ
1197 1328 1270 1363 ἄλλῳ
1286 1327 1438 1363 πταίσματι
1456 1327 1566 1357 πάντως
1583 1325 1784 1360 περιπεσεῖται,
1798 1326 1847 1351 καὶ

1058 1376 1112 1404 ὑπὸ
1127 1375 1228 1411 ἑτέρων
1243 1373 1383 1410 ἐλεγχθεὶς
1405 1373 1452 1399 καὶ
1471 1371 1629 1403 ὀνειδισθεὶς
1644 1370 1846 1406 καταισχυνθή-

1059 1430 1146 1449 σεται.

251 1509 296 1536 74.
313 1508 373 1536 Non
386 1516 442 1535 una
453 1507 605 1542 eademque
617 1507 688 1535 ratio
699 1512 741 1535 est
753 1507 826 1535 idem
846 1515 930 1543 opere
945 1515 1004 1543 pec.

1093 1507 1139 1536 08'.
1157 1508 1212 1544 Οὐχ
1226 1505 1265 1539 εἷς
1284 1507 1362 1542 λόγος
1378 1506 1431 1534 τῶν
1454 1507 1503 1542 τὴν
1525 1506 1611 1541 αὐτὴν
1634 1505 1772 1541 ἁμαρτίαν
1786 1505 1847 1532 κατ’

216 1559 308 1582 catum
322 1553 552 1581 committentium
563 1573 571 1586 ,
588 1554 636 1581 sed
658 1553 786 1581 diversxe.
808 1554 892 1582 Verbi
907 1555 1005 1590 gratia,

217 1599 293 1628 aliud
306 1603 349 1626 est
364 1607 397 1626 ex
412 1599 518 1631 habitu,
533 1599 664 1634 aliudque
679 1607 712 1627 ex
724 1600 842 1635 quadam
853 1601 930 1628 velut
942 1601 1007 1628 sub-

218 1645 344 1680 I'eptione
359 1649 491 1679 motuque
504 1645 615 1672 incauto
627 1653 741 1680 peccare
756 1654 762 1672 :
783 1653 846 1673 cum
863 1646 940 1680 quis,
958 1653 1008 1674 nec

218 1697 281 1719 ante
291 1696 432 1726 peccatum
447 1691 539 1719 animo
552 1691 699 1727 cogitabat,
717 1699 768 1719 nec
784 1695 846 1726 post
863 1697 1006 1727 peceatum

218 1737 351 1771 afficitur;
379 1737 445 1772 quin
473 1737 583 1773 potius,
607 1738 666 1773 ejus
690 1745 773 1765 causa
798 1737 872 1773 quod
894 1738 1006 1770 accidit,

217 1784 336 1820 graviter
350 1783 435 1811 dolet.
447 1783 500 1817 Qui
520 1791 588 1811 vero
600 1791 634 1810 ex
647 1783 753 1816 habitu,
778 1791 859 1812 secus
877 1784 1005 1817 omnino;

219 1835 276 1857 tum
291 1837 410 1864 namque
425 1829 544 1864 primum
557 1837 613 1856 non
633 1829 760 1857 cessabat
775 1833 868 1857 mente
878 1837 1006 1865 peccare,

219 1881 277 1903 tum
288 1879 351 1910 post
365 1875 503 1902 actionem
527 1882 612 1903 reoue
626 1879 749 1910 peracta,
766 1875 896 1903 eumdem
914 1875 1007 1903 animo

219 1922 347 1949 affectum
363 1921 475 1949 retinet.

254 1968 298 1995 75.
313 1967 365 2001 Qui
383 1968 472 1995 inanis
483 1967 576 2002 gloria:
587 1974 670 1995 causa
677 1967 795 1995 virtutes
805 1967 881 2001 colit,
895 1967 1006 2003 planum

217 2018 261 2041 est
277 2013 398 2049 ejusdem
414 2013 497 2040 etiam
516 2013 603 2048 gratia
616 2012 760 2040 scientiam
776 2013 878 2040 colere.
894 2012 946 2046 Qui
959 2020 1006 2040 au-

219 2063 275 2087 tem
292 2058 331 2086 sic
361 2058 453 2085 animo
475 2061 650 2093 comparatus
663 2062 716 2089 est,
737 2057 762 2084 is
780 2057 851 2084 nihil
879 2057 935 2092 agit
960 2061 1007 2085 aut

219 2103 342 2138 loquitur
355 2123 362 2134 ,
379 2110 434 2137 quo
451 2101 579 2133 mdilicet,
596 2100 643 2128 scd
659 2101 735 2128 velut
748 2101 796 2135 qui
818 2100 846 2127 in
860 2099 1006 2131 omnibus,

219 2148 254 2176 ab
267 2148 301 2175 iis
315 2148 362 2183 qui
377 2147 473 2174 vident
485 2150 532 2173 aut
543 2145 670 2179 audiunt,
684 2146 798 2182 gloriam
811 2145 893 2182 ΜΟ
904 2149 1004 2180 captet.

219 2193 349 2222 Proditur
372 2197 463 2220 autem
477 2192 590 2219 affectus
612 2195 694 2227 atque
708 2192 804 2223 libido,
813 2199 877 2219 cum
892 2191 1008 2226 quibus-

219 2238 282 2265 dam
300 2245 408 2270 eorum,
425 2245 495 2272 quos
510 2237 648 2269 dicebam,
673 2237 748 2264 illius
768 2237 840 2265 facta
861 2241 910 2264 aut
921 2236 1006 2264 verba

219 2283 453 2319 vituperantibus,
463 2283 527 2310 inde
538 2283 658 2319 graviter
671 2283 762 2317 dolet;
778 2291 834 2311 non
845 2291 877 2310 ea
889 2283 1006 2316 ratione,

220 2329 295 2365 quod
314 2329 376 2357 illos
388 2337 443 2356 non
454 2329 632 2356 aedificaverit
645 2329 707 2363 (nec
720 2329 796 2356 enim
817 2329 841 2356 is
856 2328 895 2356 illi
907 2336 1007 2364 scopus

221 2376 301 2409 erat),
321 2375 369 2403 sed
386 2375 458 2410 quod
470 2375 527 2410 ipse
543 2379 719 2410 contemptus
734 2375 780 2402 sit.

255 2422 299 2450 76.
316 2421 444 2449 Avaritiae
459 2421 556 2448 vitium
578 2428 610 2448 ac
628 2420 716 2448 labem
731 2420 795 2448 inde
807 2419 1008 2455 deprehendas,

222 2467 296 2503 quod
316 2467 380 2502 quis
401 2467 480 2495 iactus
498 2466 635 2502 accipiat,
663 2474 695 2493 ac
711 2466 800 2493 tristis
822 2466 937 2494 tribuat.
956 2466 1009 2499 Qui

222 2513 358 2547 ejusmodi
368 2516 421 2545 est,
442 2512 515 2540 haud
533 2511 651 2539 idoneus
666 2519 757 2539 rerum
773 2512 1009 2547 pecuniarumque

223 2558 399 2593 dispensator
414 2559 536 2586 exsistat.

261 2626 297 2662 (υ)
322 2626 364 2653 οὐ
384 2626 427 2660 μὴ
456 2626 571 2660 ἐκφύγῃ
595 2625 758 2662 τὴν-θείαν
781 2625 1007 2662 ἐγκᾳτρλεινψιν.

224 2660 288 2690 llaec
305 2668 402 2696 nempe
415 2661 462 2688 Dei
472 2665 604 2696 consueta
620 2660 700 2691 ultio,
714 2660 854 2696 cumrquis
866 2660 944 2696 fratri
959 2660 1008 2687 de-

224 2697 320 2729 trahit,
345 2695 388 2723 vel
411 2701 516 2723 temere
533 2695 650 2730 judicat.
674 2703 730 2730 qua
753 2695 862 2722 laborat
883 2695 942 2729 ipse
963 2699 1009 2722 aut

223 2732 300 2760 inani
314 2731 400 2766 gloria
413 2735 460 2758 aut
474 2731 614 2766 superbia,
628 2735 658 2757 ut
675 2731 808 2758 nimirum
821 2730 1007 2766 castigandus.

225 2769 254 2794 in
273 2765 370 2794 eadem
386 2767 445 2801 ipsa
464 2774 525 2800 qua:
541 2765 645 2799 judicat
663 2771 711 2793 aut
732 2766 820 2800 carpit
837 2765 947 2801 sinatur
963 2773 1010 2792 ca-

223 2802 302 2833 dere.
331 2800 462 2836 qute’cst
497 2801 590 2828 divina
621 2800 774 2836 derelictio.
806 2800 1014 2836 substractione

1059 1555 1200 1590 ἐνέργειαν
1214 1553 1425 1590 ἁμαρτανόντων
1441 1553 1524 1582 ἐστὶν.
1539 1552 1606 1579 ἀλλὰ
1621 1552 1754 1586 διάᾳιοροι.
1772 1550 1846 1583 Οἴου,

1062 1601 1126 1628 ἄλλο
1142 1601 1203 1627 ἐστὶ
1219 1601 1250 1627 τὸ
1269 1600 1324 1627 ἀπὸ
1351 1599 1434 1632 ἕξεως
1461 1598 1639 1633 ἁμαρτάνειν,
1669 1598 1716 1624 καὶ
1734 1596 1799 1624 ἄλλο
1816 1597 1847 1623 τὸ

1059 1646 1130 1674 κατὰ
1151 1647 1328 1682 συναρπαγήν
1339 1654 1345 1660 ·
1363 1646 1403 1676 ὃς,
1419 1644 1480 1671 οὒτε
1498 1645 1553 1679 προ
1565 1644 1614 1679 τῆς
1631 1644 1769 1678 ἁμαρτίας
1788 1640 1846 1678 εἶχε

1058 1692 1107 1727 τὴν
1123 1692 1282 1727 ἐνθύμησιν,
1299 1691 1360 1718 οὔτε
1383 1691 1451 1726 μετὰ
1466 1691 1515 1725 τὴν
1529 1689 1686 1725 ἁμαρτίαν·
1706 1688 1775 1715 ἀλλὰ
1799 1690 1847 1716 καὶ

1059 1737 1161 1772 σφόδρα
1174 1737 1222 1763 ἐπὶ
1234 1736 1272 1771 τῷ
1292 1736 1414 1771 γεγονότι
1431 1735 1571 1762 ὀδυνᾶται.
1590 1736 1619 1761 '0
1638 1735 1665 1761 δὲ
1681 1735 1735 1761 ἀπο
1749 1734 1846 1766 ἕξεως,

1059 1783 1092 1810 ὲκ
1108 1783 1156 1809 τοῦ
1181 1783 1323 1809 ἐναντίου·
1345 1781 1393 1809 καὶ
1410 1781 1520 1817 πρῶτον
1544 1781 1599 1817 γὰρ
1626 1782 1698 1808 κατὰ
1722 1780 1846 1807 διάνοιαν

1057 1829 1108 1856 οὐκ
1130 1828 1248 1855 ἐπαύετο
1263 1828 1438 1864 ἁμαρτάνων,
1457 1827 1504 1855 καὶ
1533 1827 1602 1864 μετὰ
1619 1828 1649 1854 τὸ
1662 1826 1778 1862 πρᾶξαι,
1794 1826 1846 1861 τῆς

1057 1875 1144 1910 αὐτῆς
1160 1875 1218 1902 ἐπι
1231 1874 1386 1906 διαθέσεως.

1093 1964 1140 1992 oe".
1163 1965 1193 1991 '0
1210 1964 1255 1991 διὰ
1281 1962 1435 1995 κενοδοξίαν
1451 1962 1500 1995 τὰς
1515 1962 1615 1999 ἀρετὰς
1633 1962 1844 1998 μετερχόμενος,

1058 2012 1137 2046 δῆλον
1156 2011 1198 2038 ὅτι
1214 2011 1261 2037 καὶ
1275 2010 1326 2044 τὴν
1341 2009 1443 2044 γνῶσιν
1468 2008 1511 2035 διὰ
1534 2007 1691 2041 κενοδοξίαν
1712 2008 1844 2043 μετέρχε-

1057 2065 1112 2084 ται.
1131 2056 1162 2082 ’0
1181 2056 1210 2083 δὶ
1235 2055 1366 2087 τοιοῦτος,
1391 2055 1452 2082 οὐδὲ
1474 2054 1543 2090 πρὸς
1561 2053 1709 2088 οἱκοδομὴν
1722 2053 1845 2088 δηλονότι

1059 2101 1174 2138 πράττει
1189 2109 1226 2134 τι,
1245 2101 1261 2136 ἢ
1276 2100 1429 2135 διαλέγεται
1441 2109 1448 2116 ’
1478 2100 1537 2127 ἀλλ’
1553 2101 1582 2126 ὲν
1599 2101 1666 2126 πᾶσι
1691 2099 1741 2135 τὴν
1767 2099 1845 2133 παρὰ

1057 2147 1112 2174 τῶν
1142 2147 1294 2182 βλεπόντων
1322 2147 1339 2182 ἦ
1377 2146 1530 2173 ἀκουόντων
1565 2145 1643 2179 δόξαν
1674 2146 1844 2182 θηρώμενος.

1023 2183 1045 2211 Ῑ)
1064 2193 1222 2229 Ἐλέγχεται
1236 2193 1265 2220 δὲ
1279 2193 1310 2220 τὸ
1325 2192 1411 2223 πάθος
1432 2192 1499 2228 (53),
1517 2193 1581 2219 ὅταν
1594 2192 1668 2224 τινὲς
1681 2193 1734 2218 τῶν
1751 2200 1847 2227 προει-

1062 2240 1189 2276 ρημένων
1202 2241 1257 2270 τοῖς
1270 2239 1362 2274 ἔργοις
1378 2239 1393 2274 ἤ
1409 2241 1465 2272 τοῖς
1491 2239 1580 2273 λόγοις
1593 2238 1676 2265 αὐτοῦ
1690 2238 1773 2273 ψόγον
1787 2238 1848 2264 ἑπι-

1061 2286 1177 2321 φέρωσι,
1194 2286 1242 2312 καὶ
1255 2286 1301 2312 ἐπὶ
1319 2285 1405 2320 τούτῳ
1429 2286 1531 2320 σφόδρα
1547 2284 1683 2320 λυπῆται·
1709 2283 1739 2310 οὐ
1755 2283 1800 2310 διὰ
1815 2283 1847 2310 τὸ

1062 2330 1099 2366 μὴ
1113 2330 1234 2362 ἐκείνους
1245 2330 1444 2366 οἰκοδομεῖσθαι
1466 2331 1537 2365 (οὐδὲ
1550 2331 1604 2366 γὰρ
1618 2329 1696 2356 τοῦτο
1714 2327 1769 2364 εἶχε
1785 2337 1848 2356 σκο-

1061 2375 1134 2411 πὸν),
1145 2376 1213 2402 ἀλλὰ
1229 2375 1274 2403 διὰ
1284 2376 1315 2403 τὸ
1328 2376 1409 2403 αὐτὸν
1421 2376 1641 2410 ὲξουδενωθῆναι.

1092 2421 1147 2454 ος’.
1160 2422 1197 2448 Τὸ
1204 2422 1254 2457 τῆς
1267 2421 1449 2457 φιλαργυρίας
1462 2421 1548 2453 πάθος
1559 2421 1684 2448 ἐντεῦθεν
1694 2420 1847 2455 ἐλέγχεταιι

1059 2468 1088 2495 ὲν
1104 2468 1143 2503 τῷ
1159 2469 1290 2504 χαίροντα
1314 2468 1481 2503 λαμϐάνειν
1507 2469 1554 2495 καὶ
1571 2467 1744 2502 λυπούμενον
1761 2474 1848 2502 μετα-

1058 2513 1167 2541 διδόναι.
1203 2515 1241 2540 Οὐ
1270 2514 1383 2541 δύναται
1404 2514 1433 2540 δὲ
1469 2514 1483 2541 ό
1514 2513 1633 2545 τοιοῦτος
1673 2511 1848 2547 οἰκονομικὺς

1060 2557 1129 2585 εῖναι
1143 2559 1193 2593 (π).

1055 2624 1158 2662 frustra
1171 2626 1223 2653 sibi
1240 2626 1383 2654 blanditur
1397 2634 1429 2654 ac
1446 2627 1598 2662 praesumit,
1611 2625 1736 2662 quisquis
1755 2625 1784 2652 in
1802 2625 1848 2662 via

1058 2661 1125 2695 agit.
1139 2668 1171 2688 ac
1184 2662 1228 2688 cui
1243 2662 1271 2688 in
1286 2661 1361 2688 omni
1375 2667 1437 2689 actu
1447 2660 1514 2694 'suo,
1531 2660 1634 2696 quoad
1646 2660 1737 2696 Deum
1750 2660 1853 2691 tendit,

1059 2696 1195 2731 auxilium
1217 2697 1338 2731 speciale
1351 2695 1548 2724 necessarium’
1558 2697 1604 2723 sit.
1624 2696 1693 2723 Male
1707 2695 1811 2729 Obsop.
1825 2700 1856 2723 et

1060 2729 1144 2758 Gesn.
1157 2729 1332 2766 Nequaquam
1347 2732 1464 2766 divinam
1478 2732 1675 2758 retributionem
1691 2731 1806 2766 eﬂitgies.

1100 2766 1139 2799 (π)
1158 2764 1355 2801 οὶὴονὸμωιὸς
1375 2764 1460 2793 εἶναι.
1486 2766 1545 2794 Jam
1565 2773 1649 2801 supra
1670 2764 1761 2795 οδω.
1780 2765 1856 2792 inter

1064 2807 1114 2836 eos
1130 2801 1233 2836 quibus
1251 2809 1324 2828 curre
1342 2805 1409 2829 sunt
1424 2802 1558 2836 pecunia},
1576 2801 1635 2828 sive
1657 2804 1687 2828 ut
1707 2804 1856 2836 parentur,

211 2834 377 2872 praesentis
403 2837 461 2871 ejus
491 2836 585 2863 auxilii
611 2841 638 2863 et
663 2835 791 2868 efﬁcacis,
819 2839 874 2870 quo
904 2835 1018 2865 absente
1067 2835 1126 2864 sive
1140 2834 1179 2863 'ut
1204 2841 1361 2870 serventur,
1379 2834 1502 2872 ponitur,
1517 2837 1563 2863 καὶ
1578 2834 1789 2871 οοξκινομικός,
1807 2837 1854 2870 φη
