1948 3077
140 180 206 214 nou

564 179 731 210 CAPITUM
751 177 800 208 DE
817 176 1033 207 CHARITATE
1053 175 1248 206 CENTURIA
1269 174 1323 204 [Π.

1698 170 1766 203 1042

173 235 223 268 οξ.
239 235 290 262 Διὰ
303 233 390 262 ταῦτᾶ
414 243 456 266 τις
480 234 594 269 πάσχων
616 234 766 268 ὑπομένει·
785 233 801 268 ἢ
817 233 862 260 διὰ
875 232 924 267 τὴν

1003 230 1049 258 ’Π-
1065 231 1114 259 llis
1126 238 1160 258 ex
1169 230 1271 263 causis,
1283 237 1344 265 quae
1357 228 1486 257 accidunt
1504 229 1585 262 mala,
1603 229 1704 262 aliquis
1718 237 1765 257 su-

138 280 250 314 ἀγάπην
267 279 314 306 τοῦ
328 279 408 311 Θεοῦ,
423 279 439 315 ἣ
454 279 497 306 διὰ
521 279 570 312 τὴν
586 278 682 305 ἐλπίδα
697 278 746 313 τῆς
761 277 926 312 μισθαποδο-

139 328 212 359 σιας,
231 326 248 361 ἢ
259 325 303 352 διὰ
314 326 360 352 τὸν
374 325 455 360 φόϐον
469 325 518 360 τῆς
536 323 683 355 κολάσεως,
699 323 715 358 ἢ
731 322 775 349 διὰ
788 323 833 348 τδν
846 322 927 356 φόϐον

138 371 195 398 τῶν
210 369 375 406 ἀνθρώπων,
391 369 408 404 ἢ
422 369 467 395 διὰ
482 369 531 403 τὴν
552 368 645 402 φύσιν,
659 367 676 401 ἢ
697 366 742 393 διὰ
755 367 805 402 τὴν
818 366 925 401 ἡδονὴν,

139 418 156 452 ἢ
171 417 216 444 διὰ
232 416 336 452 κέρδος,
349 416 365 451 ἢ
383 415 428 442 διὰ
439 414 602 448 κενοδοξίαν,
613 413 631 449 ἢ
644 412 688 440 διὰ
705 412 838 447 ἀνάγκην.

174 510 227 541 οην.
244 506 326 532 ΙἈλλο
349 505 409 533 ἐστὶ
432 505 570 540 λογισμῶν
587 504 788 540 ἀπαλλαγῆναι,
802 503 850 530 καὶ
862 503 928 531 ἄλλο

139 551 238 578 παθῶν
259 551 488 587 ἰλευθερωθῆναι,
513 551 570 577 Καὶ
585 550 716 581 πολλάκις
730 558 772 581 τις
788 549 927 584 λογισμῶν

139 597 346 625 ἀπαλλάττεται
357 597 395 632 μὴ
406 596 548 632 παρόντων
560 596 615 623 τῶν
626 596 797 632 πραγμάτων
804 595 926 627 ἐκείνων,

139 643 210 678 πρὸς
224 643 296 678 ἅπερ
310 643 345 668 τὰ
357 642 431 677 πάθη
445 642 593 677 κέκτηται·
612 642 798 677 κρύπτεταιδὲ
807 641 842 668 τὰ
855 641 928 676 πάθη

139 688 169 713 ὲν
185 688 218 722 τῇ
234 686 318 722 ψυχῇ,
334 687 381 713 καὶ
392 687 594 720 ἀναφαινόντων
605 686 658 712 τῶν
667 687 837 722 πραγμάτοιν
851 686 928 720 ἐλέγ-

139 740 244 767 χονται.
264 732 325 767 Χρὴ
336 729 386 759 οὖν
406 733 501 767 τηρεῖν
525 732 570 759 τὸν
584 731 646 758 νοῦν
667 732 713 758 ἐπὶ
729 732 783 758 τῶν
800 731 930 767 πραγμάη

140 787 205 812 των,
220 779 267 806 καὶ
283 778 385 813 γνῶναι
404 778 473 814 πρὸς
486 779 562 805 ποῖον
576 777 633 813 ἔχει
645 778 676 804 τὺ
690 777 786 809 πάθος.

977 277 1065 304 stinet
1082 285 1089 303 :
1108 281 1157 304 aut
1173 280 1286 311 propter
1308 275 1361 303 Dei
1380 275 1540 303 charitatem
1553 295 1560 308 ,
1579 278 1626 302 aut
1653 280 1766 310 propter

977 328 1054 356 spem
1067 320 1268 352 retributionis,
1281 323 1329 347 aut
1340 318 1470 354 supplicii
1491 323 1565 345 metu
1576 338 1584 350 ,
1603 323 1650 345 aut
1668 319 1765 346 timore.

978 365 1112 398 humano,
1123 370 1171 393 aut
1184 369 1298 401 propter
1317 369 1443 392 naturam
1457 372 1489 392 ac
1498 364 1628 396 indolem,
1643 369 1691 391 aut
1702 372 1766 398 pro-

978 417 1040 447 pter
1054 412 1235 447 voluptatem,
1247 415 1294 440 aut
1308 411 1391 444 lucri,
1402 414 1450 438 aut
1461 410 1552 437 inanis
1562 409 1654 437 crloria:
1671 417 1764 442 causa,

977 463 1025 486 aut
1043 459 1107 494 quia
1121 459 1275 487 necessitas
1294 463 1384 494 cogat.

1012 504 1057 532 78.
1074 504 1156 532 Aliud
1173 508 1217 532 cst
1242 512 1257 532 a
1275 503 1488 541 cogitationibus
1501 502 1624 534 liberari,
1642 501 1717 529 aliud
1729 502 1764 529 ab

978 549 1123 578 affectibus
1138 558 1171 578 ac
1187 550 1264 577 vitiis
1288 549 1440 577 immunem
1461 548 1586 584 praestari
1603 556 1611 576 :
1630 555 1683 575 nec
1702 555 1765 575 raro

978 595 1114 631 contingit
1140 599 1170 623 ut
1190 595 1253 630 quis
1268 603 1284 622 a
1305 595 1522 630 cogitationibus
1543 594 1693 626 liberetur,
1715 601 1765 628 per

978 648 1075 668 earum
1092 648 1185 668 rerum
1199 639 1352 668 absentiam
1368 640 1402 667 ad
1413 647 1483 676 quas
1499 639 1646 666 libidinose
1663 638 1765 666 allicie-

978 685 1070 718 batur,
1083 693 1145 713 eum
1160 690 1250 713 tamen
1260 685 1375 713 alIectus
1387 693 1420 713 ac
1432 685 1562 713 libidines
1570 685 1597 712 in
1610 685 1701 712 animo
1715 684 1765 712 de-

978 731 1116 765 litescant,
1135 731 1274 766 rebusque
1288 731 1493 767 emergentibus
1503 739 1535 759 ac
1546 738 1638 758 coram
1649 730 1766 766 objectis

979 784 1009 804 se
1036 777 1166 812 prodant.
1181 775 1377 804 Observandus
1389 784 1456 812 ergo
1476 776 1586 804 animus
1613 776 1642 803 in
1671 783 1764 803 rerum

979 821 1135 856 praesentia,
1146 829 1179 848 ac
1189 821 1339 848 videndum
1349 822 1378 848 in
1389 829 1471 857 quam
1486 821 1596 849 tandem
1616 820 1716 848 allectu
1732 828 1766 848 ac

980 867 1095 894 libidine
1106 867 1222 894 feratur.

176 910 225 938 09’.
247 910 324 942 Φίλος
334 911 436 942 ἐκεῖνός
452 912 510 937 ἐστι
524 910 644 946 γνήσιος,
657 911 671 938 ὁ
684 910 733 942 τὰς
748 910 780 937 ἐκ
796 910 927 946 περιστά-

1014 912 1058 939 79.
1089 912 1177 940 Verus
1200 913 1245 940 ille
1262 912 1369 940 amicus
1394 916 1446 944 est,
1462 911 1511 946 qui
1536 911 1652 939 adverso
1673 918 1765 938 rerum

142 965 213 987 σεως
231 955 334 990 θλίψεις
349 957 396 983 καὶ
411 956 533 990 ἀνάγκας
557 957 604 982 καὶ⁴
625 956 769 992 συμφορὰς
791 957 821 982 ὲν
836 955 927 991 καιρῷ

140 1000 298 1036 πειρασμοῦ
313 1001 507 1036 συνυποφέοων
519 1001 558 1037 τῷ
568 1000 682 1037 πλησίον
690 1002 727 1034 ὡς
741 1002 820 1035 ιδίας,
830 1002 928 1038 ἀθορύ-

140 1045 198 1077 ϐως
213 1047 260 1072 καὶ
274 1046 428 1082 ἀταράχως.

129 1166 133 1169 Δ
176 1133 214 1162 π’.
230 1134 276 1169 Μὴ
289 1134 428 1171 ἀτιμάσῃς
443 1135 493 1171 τὴν
518 1136 681 1172 συνείδησιν,
697 1137 797 1172 ἄριστά
816 1146 857 1165 σοι
883 1139 928 1165 ἀεὶ

140 1179 393 1214 συμϐουλεύουσαν.
409 1180 526 1216 Γνώμην
540 1180 595 1216 γὰρ
617 1182 692 1208 Θείαν
715 1183 763 1208 καὶ
776 1183 927 1219 ἀγγελικὴν

140 1233 183 1251 σοι
202 1225 376 1251 ὑποτίθεται·
395 1226 442 1253 καὶ
456 1226 511 1252 τῶν
525 1227 655 1262 κρυπτῶν
671 1228 722 1263 τῆς
739 1229 853 1264 καρδίας
878 1237 927 1264 μο-

137 1269 287 1304 λυσμάτων
301 1270 449 1306 ἐλευθεροῖ,
466 1271 514 1298 καὶ
536 1272 693 1308 παρρησίαν
711 1273 779 1309 πρὸς
793 1274 839 1300 τὸν
860 1274 927 1301 Θεὸν

139 1315 169 1341 ἐν
183 1317 216 1350 τῇ
233 1315 315 1351 ἐξόδῳ
328 1310 368 1342 σοι
384 1317 538 1352 χαρίζεται.

177 1364 233 1388 παπ
253 1361 284 1387 Ei
301 1361 389 1394 θέλεις
402 1363 528 1396 γενέσθαι
547 1364 712 1399 ἐπιγνώμων
739 1366 776 1401 (y)
804 1367 852 1393 καὶ
880 1367 928 1402 μέ-

139 1414 216 1440 τριος
232 1406 298 1441 (54),
316 1407 363 1433 καὶ
385 1407 423 1439 τῷ
438 1407 519 1434 πάθει
534 1409 582 1443 τῆς
596 1410 710 1444 οἰήσεως
728 1410 765 1446 μὴ
780 1411 926 1446 δουλεύειν,

140 1451 186 1477 ἀεὶ
216 1451 293 1486 ζήτει
321 1453 350 1478 ἐν
375 1454 431 1484 τοῖς
448 1450 519 1486 οὖσι,
537 1454 563 1480 τί
588 1455 646 1481 ἐστι
672 1456 861 1492 κρυπτόμενον
878 1458 927 1493 τὴν

141 1497 191 1523 σὺν
207 1497 310 1530 γνῶσιν
327 1496 382 1532 [Ἐν.
402 1499 436 1533 τῇ
454 1499 486 1534 σῇ
505 1498 627 1535 γνὼσει].
638 1500 693 1527 Καὶ
706 1501 841 1535 εὑρίσκων
853 1503 928 1538 πάμ-

141 1541 229 1568 πολλα
248 1542 295 1568 καὶ
309 1542 426 1577 διάφορα
449 1543 598 1578 πράγματα
620 1544 787 1572 λανθάνοντά
806 1555 846 1580 σε,
863 1548 927 1574 θαυ-
941 1564 962 1594 c

142 1587 241 1622 μάσεις
255 1596 284 1613 τε
300 1587 346 1614 ἐπὶ
362 1590 394 1623 τῇ
408 1590 440 1623 σῇ
456 1589 588 1625 ἀγνωσία,
601 1590 648 1617 καλ⁸
663 1592 801 1624 συστελεῖς
819 1593 848 1619 τὸ
862 1594 927 1629 φρό-

138 1640 233 1666 νημα·
263 1633 310 1659 καὶ
337 1634 451 1660 σεαυτὸν
468 1635 608 1669 ἐπιγνοὺς,
627 1638 754 1671 συνήσεις
780 1638 866 1665 πολλὰ
881 1639 928 1665 καὶ

141 1677 250 1711 μεγάλα
261 1678 308 1704 καὶ
324 1678 469 1714 θαυμαστὰ
485 1681 648 1716 πράγματα.
671 1682 747 1710 Ἐπεὶ
763 1683 792 1710 τδ
808 1684 928 1720 νομίζειν

139 1723 253 1756 εἰδέναι,
269 1724 318 1750 οὐκ
335 1725 367 1760 ἐᾷ
383 1726 550 1760 προκόπτειν
567 1728 608 1759 εἰς
622 1728 652 1753 τὸ
671 1728 783 1756 εἰδέναι.

176 1768 234 1802 ττβῆ
251 1764 336 1801 Οὗτος
351 1771 474 1805 ἀκριϐῶς
493 1771 564 1798 θέλει
579 1773 710 1808 σωθῆναι,
727 1775 742 1800 ὀ
762 1776 819 1807 τοῖς
839 1776 927 1813 ἰατρι-

139 1815 198 1845 κοῖς
217 1816 375 1849 φαρμάκοις
404 1817 440 1852 μὴ
456 1817 665 1854 ἀνθιστάμενος.
690 1817 774 1847 Abeat
801 1821 829 1848 δέ
855 1823 925 1850 εἰσιν

139 1860 233 1887 ὀδύναι
260 1862 308 1888 καὶ
327 1862 411 1889 λύπαι
436 1862 481 1889 διὰ
505 1864 636 1892 ποικίλων
653 1866 793 1903 ἐπιφορῶν
822 1869 925 1904 ἐπαγό-

140 1915 232 1941 μεναι.
241 1907 270 1933 '0
281 1907 308 1934 δὲ
323 1909 530 1944 ἀνθιστάμενος,
540 1911 590 1937 οὐκ
602 1909 656 1937 οἶδε
668 1911 694 1938 τί
704 1912 820 1940 ἐνταῦθα
835 1922 927 1950 πραγ-

141 1951 300 1986 ματεύεται,
326 1953 386 1979 οὐδὲ
407 1954 433 1980 τι
465 1955 589 1982 ἐντεῦθεν
614 1956 786 1992 ὠνησόμενος
809 1959 927 1986 ἀπελεύ-

140 2005 230 2024 σεται.

174 2043 233 2076 πγ’.
255 2045 399 2078 Κενοδοξία
415 2047 462 2072 καὶ
480 2047 648 2084 φιλαργυρία
663 2049 786 2085 ἀλλήλων
797 2051 852 2078 εἰσὶ
866 2060 927 2087 γεν-

140 2090 262 2124 νητικαί.
290 2091 320 2116 Ol
347 2091 397 2125 μὲν
425 2091 479 2127 γὰρ
503 2093 717 2128 κενοδοεοῦντες,
744 2096 925 2124 πλουτοῦσιν·

139 2135 163 2160 οἱ
177 2135 207 2161 δὲ
221 2135 413 2169 πλουτοῦντες,
435 2138 638 2171 κενοδοξοῦσιν·
656 2140 714 2167 ἀλλ’
728 2141 765 2173 ὡς
781 2143 924 2178 κοσμικοί·

139 2181 202 2207 ἐπεὶ
228 2182 242 2207 ὁ
271 2182 388 2217 μοναχὸς
412 2184 546 2219 ἀκτήμων
577 2185 625 2218 ὢν,
654 2187 754 2222 μᾶλλον
781 2189 925 2223 κενοδοξεῖ.

979 965 1042 985 casu
1059 957 1171 984 obortas
1181 965 1318 984 terumnas
1331 958 1585 985 etnecessitatcsct
1598 956 1767 984 calamitates

978 1010 1012 1030 ac
1026 1002 1129 1035 clades,
1148 1006 1271 1037 tempore
1289 1002 1461 1035 tentationis,
1472 1002 1550 1037 quasi
1562 1001 1698 1037 proprias,
1710 1008 1765 1028 una

979 1055 1042 1076 cum
1066 1048 1192 1083 proximo
1219 1048 1417 1083 imperturbate
1439 1047 1589 1083 sedatoque
1611 1048 1702 1076 animo
1720 1055 1767 1075 su-

979 1093 1064 1121 stinet
1072 1111 1080 1121 .
1554 1121 1559 1125 .

1014 1138 1058 1166 80.
1074 1139 1115 1167 Ne
1126 1139 1324 1167 conscientiam
1334 1158 1342 1172 ,
1360 1139 1465 1175 optima
1476 1138 1523 1166 tibi
1540 1146 1648 1174 semper
1663 1146 1765 1166 consu-

979 1184 1080 1212 lentem
1095 1185 1242 1220 spreveris.
1260 1185 1387 1213 Divinum
1404 1186 1478 1212 enim
1497 1188 1525 1212 et
1547 1184 1702 1220 angelicum
1715 1184 1766 1211 tibi

978 1229 1123 1256 consilium
1148 1236 1181 1257 ac
1204 1229 1374 1256 voluntatem
1402 1228 1534 1264 suggerit,
1551 1227 1707 1262 liberatque
1729 1229 1764 1255 ab

978 1275 1096 1302 occultis
1115 1275 1199 1302 animi
1214 1275 1354 1308 sordibus,
1367 1282 1399 1302 ac
1422 1275 1449 1303 in
1469 1274 1544 1302 exitu
1568 1274 1698 1302 ﬁduciam
1715 1274 1766 1302 tibi

978 1319 1012 1348 ad
1026 1321 1112 1348 Deum
1125 1320 1277 1355 praestabit.

1012 1366 1056 1393 8|.
1073 1366 1101 1393 Si
1122 1366 1245 1401 prudens
1258 1366 1384 1401 cognitor
1400 1374 1432 1394 ac
1453 1365 1595 1393 modestus
1617 1363 1687 1392 efﬁci
1712 1364 1765 1397 vis,

977 1411 1178 1447 necjactantiaz
1194 1412 1340 1446 inanisque
1356 1411 1442 1439 fastus
1460 1411 1529 1438 vitio
1545 1411 1660 1443 servire,
1674 1418 1765 1446 quare

978 1463 1087 1491 semper
1105 1456 1132 1483 in
1146 1456 1230 1483 rebus
1243 1455 1309 1491 quid
1325 1456 1470 1484 scientiam
1483 1459 1557 1483 tuam
1574 1456 1668 1483 lateat.
1684 1455 1767 1484 Cum-

978 1509 1031 1535 que
1049 1501 1168 1536 plurima
1191 1506 1273 1536 atque
1298 1501 1408 1528 diversa
1425 1505 1451 1528 te
1476 1501 1562 1528 latere
1587 1500 1765 1536 compereris.

979 1547 1124 1574 miraberis
1136 1554 1187 1582 pro
1196 1554 1229 1574 ea
1241 1554 1296 1582 qua
1306 1547 1415 1574 laboras
1426 1547 1592 1582 ignorantia,
1603 1555 1768 1583 sensumque

980 1596 1008 1619 et
1036 1592 1142 1620 animos
1170 1593 1354 1627 comprimes;
1372 1596 1454 1628 teque
1482 1593 1571 1628 ipsum
1597 1601 1766 1629 agnoscens,

980 1638 1066 1665 multa
1081 1646 1234 1673 magnaque
1244 1646 1277 1665 ac
1291 1638 1451 1666 admiranda
1464 1638 1611 1674 intelliges.
1621 1639 1698 1672 Quod
1706 1639 1769 1674 quis

978 1684 1052 1711 enim
1065 1691 1094 1711 se
1109 1684 1179 1711 scire
1190 1684 1340 1717 existimat,
1355 1684 1433 1711 deest
1448 1684 1488 1711 illi
1505 1691 1560 1719 quo
1574 1684 1609 1712 ad
1623 1685 1767 1713 scientiam

978 1729 1114 1764 prolicere
1130 1729 1222 1756 liceat.

1014 1775 1058 1802 82.
1072 1775 1120 1802 ille
1133 1775 1206 1802 serio
1229 1775 1345 1802 salutem
1361 1775 1493 1810 consequi
1508 1775 1595 1810 copit,
1608 1776 1656 1811 qui
1680 1776 1769 1804 medi-

978 1819 1116 1847 cinalibus
1143 1819 1276 1847 remediis
1302 1827 1357 1846 non
1381 1819 1496 1847 resistit.
1522 1819 1593 1848 Sunt
1614 1828 1681 1848 vero
1698 1821 1766 1854 haec,

978 1865 1098 1895 dolores.
1112 1872 1242 1892 aerumna:
1252 1873 1284 1892 ac
1295 1865 1376 1898 mala,
1394 1865 1480 1892 variis
1493 1865 1604 1893 casibus
1616 1873 1766 1902 rerumque

979 1909 1138 1937 turbinibus
1150 1909 1229 1946 44],
1248 1910 1381 1937 immissa.
1398 1909 1450 1943 Qui
1470 1914 1563 1938 autem
1585 1911 1706 1945 resistit,
1721 1920 1770 1939 nc-

978 1956 1030 1984 scit
1043 1956 1175 1991 quidnam
1191 1956 1236 1983 bic
1247 1956 1349 1991 negotii
1367 1961 1474 1992 agatur,
1493 1957 1594 1992 quidve
1613 1957 1683 1985 lucri
1700 1965 1768 1986 con-

977 2005 1089 2028 secutus
1100 1995 1228 2028 humanis
1245 2001 1414 2036 migraturus
1427 2001 1473 2028 sit.

1012 2045 1055 2072 85.
1069 2044 1161 2072 Inanis
1172 2045 1259 2080 gloria
1271 2049 1299 2072 et
1316 2045 1441 2078 avaritia,
1455 2046 1542 2074 altera
1560 2046 1638 2073 alteri
1655 2054 1766 2081 parens.

977 2090 1029 2124 Qui
1041 2090 1114 2118 enim
1130 2090 1207 2118 inani
1222 2090 1309 2126 gloria
1328 2090 1465 2124 laborant,
1484 2091 1622 2119 ditescere
1636 2092 1765 2126 student,

976 2135 1159 2170 laborantque
1185 2135 1260 2162 inani
1285 2135 1382 2170 gloria,
1409 2136 1457 2171 qui
1481 2137 1594 2164 student
1613 2137 1767 2170 ditescere,

977 2181 1050 2216 quod
1067 2188 1166 2216 nempe
1177 2181 1210 2208 ad
1224 2181 1368 2209 saeculares
1378 2182 1477 2210 attinet
1493 2191 1498 2208 :
1516 2183 1667 2211 monachus
1681 2182 1767 2215 enim,

145 2226 292 2262 Ἀργύριον
309 2228 338 2254 δὲ
355 2228 434 2263 ἔχων,
450 2230 567 2265 κρύπτει
582 2232 659 2263 αὐτὸ.
676 2234 871 2270 αἰσχυνόμενος
886 2236 924 2268 ὡς

983 2233 1040 2253 tum
1053 2225 1124 2252 nihil
1138 2226 1166 2253 in
1181 2233 1265 2253 censu
1279 2225 1362 2253 habet
1374 2233 1406 2254 ac
1421 2234 1525 2261 pauper
1538 2231 1590 2260 est,
1611 2231 1667 2254 tum
1683 2228 1769 2263 magis

139 2272 276 2300 ἀνοίκειον
291 2275 407 2310 πρᾶγμα
423 2276 470 2303 τοῦ
486 2277 628 2313 σχήματος
648 2278 730 2314 ἔχων.

175 2395 229 2423 πᾶ.
249 2396 307 2431 Τῆς
331 2397 379 2424 τοῦ
403 2399 521 2434 μοναχοῦ
546 2400 702 2434 κενοδοξίας
728 2402 804 2435 ἴδιον,
830 2403 861 2430 τὺ
883 2404 927 2431 ἐπ’

136 2440 225 2476 ἀρετῇ
242 2442 402 2477 κενοδοξεῖν,
415 2444 462 2471 καὶ
478 2446 535 2477 τοῖς
551 2446 639 2482 ταύτῃ
664 2447 860 2476 ἀκολουθοῦσι·
876 2449 927 2484 τῆς

136 2485 167 2512 δὲ
182 2485 372 2522 ὑπερηφανίας
397 2489 479 2516 αὐτοῦ
506 2491 581 2524 ἴδιον,
597 2491 628 2518 τὸ
642 2492 689 2518 ἐπὶ
716 2494 926 2530 κατορθώμασι-ι

137 2562 223 2595 unus.
233 2563 272 2582 all.
287 2555 430 2595 Maximus,
445 2558 532 2595 ὀρθῶς
544 2561 739 2595 περιποιεῖται,
756 2569 848 2589 earum
860 2568 929 2590 recte

137 2591 272 2634 rationem
290 2591 375 2634 habet,
394 2596 422 2634 ιιι
446 2591 498 2634 τιρῃ
513 2591 588 2634 desit
606 2591 749 2634 alit/uendo
769 2605 820 2632 quo
834 2599 928 2634 quique

137 2625 289 2664 necessaria
301 2627 433 2664 tribuat:
450 2629 496 2655 ubi
511 2628 612 2664 Obsop.
626 2625 655 2656 et
674 2630 757 2658 Gesn.
775 2625 832 2659 'non
844 2625 925 2664 bene,

136 2660 480 2699 curamfamiliepbieyu;
490 2664 563 2698 quod
573 2660 646 2692 esset
659 2666 825 2699 privatarum
837 2667 876 2694 sol
881 2660 925 2695 uni

137 2696 319 2755 pecuniarum
348 2696 525 2738 distributor,
557 2707 613 2726 non
642 2696 831 2734 publicarum;
862 2710 924 2730 cum

149 2736 223 2755 HllllS
236 2737 353 2755 maxime
368 2737 492 2755 Intersit.
511 2737 540 2755 nl
558 2735 683 2755 npmmim
697 2740 844 2755 ennnnI-mt
870 2745 924 2755 mm

149 2733 223 2771 unus
233 2733 353 2771 maxime
368 2733 493 2771 intersit,
511 2737 545 2771 ut
558 2733 683 2771 pecunia:
697 2740 856 2770 suppetant,
870 2745 925 2771 quo

135 2767 167 2790 et
179 2763 305 2806 divinius
316 2766 418 2806 bonum
436 2763 490 2806 illis
504 2763 702 2806 vcl_'scrvandis
718 2763 925 2806 v'elrerogan'dis

137 2801 312 2840 propositum
335 2801 416 2828 habet
431 2811 439 2828 ε
459 2803 513 2835 hic,
532 2803 599 2830 nihil
621 2805 662 2840 eis
677 2805 800 2840 exposita
818 2801 880 2839 v‘ox,
897 2812 926 2835 at

137 2839 215 2877 ferite
234 2842 289 2861 non
305 2839 382 2876 ostra
399 2839 654 2877 mentem_auct9ris
670 2839 862 2877 detorta,_Non
876 2850 924 2877 po-

138 2871 187 2894 test
204 2871 390 2898 trconomicum
410 2880 498 2906 aqarc.
517 2873 646 2902 Arcarius
668 2875 759 2902 dictus
778 2871 926 2911 ejusmodi,

978 2270 1053 2297 inani
1067 2270 1153 2305 gloria
1172 2274 1268 2298 tumet.
1284 2270 1331 2298 Sin
1343 2275 1434 2298 autem
1450 2272 1534 2300 habet
1556 2273 1698 2307 pecunias,
1722 2281 1769 2301 eas

977 2315 1129 2349 abscondit,
1142 2316 1319 2347 erubescens,
1337 2320 1367 2343 ut
1378 2324 1459 2351 quem
1474 2317 1576 2351 pudeat
1588 2317 1701 2351 habere,
1717 2327 1768 2346 ccu

977 2367 1035 2387 rem
1053 2368 1113 2395 quae
1133 2361 1290 2388 institutum
1307 2361 1381 2389 illius
1394 2361 1536 2389 dedeceat.

1012 2406 1054 2432 8-5.
1071 2405 1161 2433 inanis
1174 2406 1268 2441 gloriae
1291 2407 1418 2438 monachi
1436 2407 1577 2442 proprium
1596 2412 1648 2441 est,
1671 2412 1702 2435 ut
1715 2409 1770 2436 vir-

976 2451 1043 2479 tutis
1055 2452 1166 2479 nomine
1180 2459 1210 2479 se
1222 2452 1269 2479 illa
1284 2452 1392 2484 efferat,
1413 2460 1565 2488 carumque
1581 2461 1642 2489 qua:
1656 2462 1691 2481 ex
1710 2455 1767 2482 vir-

975 2497 1041 2525 tutis
1067 2498 1172 2525 ratione
1199 2502 1285 2526 sunt:
1302 2499 1362 2536 ejus
1383 2507 1449 2528 vero
1467 2501 1614 2536 proprium
1632 2502 1768 2537 superbia:

982 2565 1060 2600 quasi
1073 2566 1223 2604 :erariivel
1241 2567 1341 2602 privati
1358 2568 1411 2604 vel
1422 2567 1526 2602 publici
1549 2573 1682 2604 quzestor:
1705 2571 1760 2598 ine-

981 2604 1056 2640 ptus
1068 2606 1143 2640 certe
1169 2601 1376 2640 huicimuneri,
1391 2603 1413 2630 si
1423 2601 1699 2640 rlibcuter‘aecipiat,
1713 2613 1764 2633 nec

980 2637 1034 2662 nisi
1049 2637 1153 2663 invitus
1173 2645 1204 2664 ac
1225 2637 1314 2665 tristis
1328 2637 1441 2665 tribuat.

1016 2669 1053 2705 (ῃ)
1071 2672 1105 2697 Et
1120 2671 1219 2710 θέτὶεις
1227 2671 1562 2710 γενέσθαιέπιγνώμων.
1577 2674 1712 2710 Cognilor,
1727 2676 1768 2702 in-

979 2709 1092 2746 spector,
1112 2706 1162 2746 _qui
1187 2707 1221 2746 ad
1242 2706 1494 2746 iudicandum'seu'
1509 2706 1700 2746 arbiﬁtraiidum
1718 2710 1768 2737 ali-

979 2740 1045 2775 quid
1062 2741 1166 2769 accitus
1185 2742 1230 2773 sit,
1243 2740 1324 2769 ittait
1337 2743 1405 2770 Bud.
1427 2744 1547 2772 adducto
1566 2745 1680 2772 Luciaui
1693 2745 1765 2771 loco.

978 2775 1067 2814 Etiam
1080 2776 1388 2814 ﬂcsyt:h.fm‘yw§pmv,
1410 2779 1539 2814 ἐπόπτης.
1559 2780 1691 2806 Praeclara
1709 2780 1767 2807 hmo

978 2810 1094 2850 maximi
1120 2810 1225 2850 sciendi
1237 2810 1344 2850 regula,
1365 2813 1438 2850 quod
1458 2810 1576 2850 teipsum
1592 2814 1764 2843 nescientem

978 2845 1059 2873 scias.
1073 2846 1132 2874 Mn
1149 2847 1220 2874 male
1233 2846 1315 2875 ϐοέῃ.
1333 2845 1450 2884 sapiens.
