1948 3077
201 175 268 208 1013

818 176 846 206 S.
868 177 1011 207 MAXIMI
1032 177 1286 209 CONFESSORIS

1766 182 1834 215 1044

199 236 252 265 est,
270 236 301 260 ut
323 232 359 260 ob
380 238 463 266 opera
478 235 608 266 gestaque
633 230 805 263 extollatur,
819 239 850 258 ac
869 231 988 267 reliquos

1045 234 1217 270 ἐπαίρεσθαι.
1243 236 1291 262 καὶ
1320 235 1470 269 ὲξουῦενεῐν
1489 237 1551 268 τοὺς
1578 238 1690 270 ἄλλους·
1725 240 1773 267 καὶ
1802 241 1834 266 τὸ

200 283 327 314 spernat,
341 283 369 306 et
385 282 415 304 ιιι
429 277 482 305 sibi
499 277 567 310 hmo,
589 285 644 305 non
658 278 714 305 Deo
728 277 857 306 ascribat.
872 278 992 305 Saecula-

199 325 238 352 ris
249 329 342 352 autem
359 324 447 352 inanis
461 324 554 359 glorire
570 331 602 351 ac
627 323 764 359 superbiae
785 324 939 359 proprium,
959 328 990 351 ut

198 375 227 396 et
247 367 462 404 pulchritudinis
475 374 504 395 et
518 368 677 396 divitiarum
691 372 719 395 et
733 369 863 403 potentiae
875 373 903 396 et
922 376 989 403 pru-

199 415 301 442 dentiaa
326 416 438 442 nomine
467 415 587 442 inaniter
601 415 735 451 glorietur
759 423 791 442 ac
817 415 889 442 fastu
916 415 991 442 intu-

199 464 312 487 mescat.

233 505 277 533 85.
292 505 470 534 Stecularium
499 507 616 535 virtutes
642 515 675 534 ac
701 512 872 540 ornamenta,
896 515 990 535 mona-

201 551 317 578 chorum
338 552 404 579 vitia
419 557 481 580 sunt
492 560 524 580 ac
537 546 719 586 detrimenta;
738 553 918 588 vicissimque
929 560 989 580 mo-

199 597 352 624 nachorum
365 598 482 625 virtutes
498 602 525 625 et
540 603 711 630 ornamenta,
728 599 901 626 szeeularium
925 603 990 626 sunt

198 642 265 670 vitia
280 646 309 669 et
328 642 505 670 detrimenta.
530 644 610 676 Puta,
633 644 804 672 saecularium
828 647 989 671 ornamenta

199 692 275 720 sunt,
291 689 403 720 divitia),
420 689 517 724 gloria,
535 691 659 724 potentia
672 710 679 721 ,
692 690 809 722 deliciaz,
835 689 907 716 bona
925 697 988 716 cor-

200 734 274 768 poris
288 734 431 766 habitudo,
450 735 564 762 honesta
577 735 686 763 soboles
707 740 735 762 et
749 736 870 770 copiosa,
884 739 912 762 et
927 742 989 769 qum

200 785 265 808 sunt
279 781 414 817 ejusmodi
428 791 434 809 :
447 781 479 809 ad
498 790 559 816 qua:
576 782 598 809 si
613 782 704 809 veniat
716 781 877 812 monachus.
895 785 988 808 actum

202 828 250 855 illo
280 832 331 856 est.
348 828 472 856 Monachi
486 834 578 856 autem
595 833 754 856 ornamenta
768 833 850 863 atque
859 828 987 860 virtutes,

201 878 365 908 paupertas,
398 874 544 909 ignominia
556 894 563 904 .
585 874 773 905 imbecillitas,
806 872 986 903 continentia,

201 919 327 953 corporis
339 918 417 945 labor
437 920 551 954 ejusque
568 919 726 950 alllictatio,
746 924 773 946 et
790 923 889 946 caetera
905 918 986 950 talia;
1005 902 1025 929 Β

200 962 234 990 ad
255 970 315 998 quae
332 963 472 991 saecularis
494 963 596 990 invitus
621 963 752 995 veniens,
775 963 912 998 ingentem
930 963 987 990 rui-

199 1017 262 1036 nam
273 1016 304 1035 ac
315 1008 510 1036 detrimentum
526 1008 615 1041 ducit;
633 1016 684 1035 nec
695 1016 758 1035 raro
770 1008 924 1043 periculum
935 1012 987 1041 est,

199 1061 235 1081 ne
251 1058 279 1081 et
293 1054 343 1081 sibi
360 1055 457 1089 laqueo
473 1059 568 1089 guttur
582 1054 722 1089 frangant;
741 1061 793 1081 nec
805 1054 904 1081 desunt
918 1061 989 1088 quos

198 1100 314 1136 fregisse
328 1105 356 1128 et
368 1105 486 1128 constat.

235 1146 278 1174 86.
292 1146 364 1179 Cibi,
380 1147 481 1182 duplici
502 1155 535 1174 ex
546 1138 627 1174 causa
644 1147 746 1174 conditi
762 1151 826 1174 sunt
840 1155 846 1173 :
864 1147 987 1174 alimenti

199 1193 312 1226 scilicet,
329 1198 357 1220 et
372 1193 531 1220 curationis.
547 1193 598 1226 Qui
614 1193 697 1228 igitur
714 1197 814 1228 pla-nter
827 1193 876 1220 has
890 1200 988 1220 causas

199 1244 313 1267 sumunt
348 1244 377 1266 ut
404 1240 451 1274 qui
475 1239 557 1266 rebus
580 1247 594 1266 a
618 1240 675 1266 Deo
701 1239 728 1266 in
744 1247 824 1267 usum
850 1239 988 1266 concessis

199 1285 359 1318 abutantur,
373 1290 502 1320 tanquam
517 1284 663 1320 voluptarii
679 1284 880 1312 condemnandi
901 1289 965 1312 sunt
980 1293 986 1310 :

198 1331 246 1359 sed
257 1335 284 1359 et
298 1330 326 1358 in
341 1331 470 1358 omnibus
481 1331 574 1362 rebus,
589 1334 732 1366 peccatum
744 1330 847 1360 abusus
866 1330 986 1358 exsistit.

235 1419 278 1445 87.
303 1418 418 1445 Modesti
444 1417 528 1444 animi
551 1425 648 1445 sensus
664 1417 723 1452 (seu
741 1417 893 1452 humilitas)
915 1417 989 1452 jugis

198 1465 287 1492 oratio
309 1469 360 1496 est,
379 1465 524 1499 conjuncta
545 1464 674 1499 lacrymis
699 1468 726 1490 et
752 1463 903 1490 laboribus.
926 1463 988 1491 llaec

198 1511 271 1538 enim
293 1511 379 1537 Deum
393 1517 502 1544 semper
528 1510 555 1536 in
571 1509 702 1536 auxilium
719 1509 860 1540 invocans.
877 1509 904 1535 in
923 1517 988 1543 pro—

198 1556 258 1591 pria
272 1555 374 1582 virtute
389 1559 417 1582 et
433 1555 566 1589 sapientia
589 1555 751 1589 insipienter
765 1554 906 1581 confidere
929 1563 985 1582 non
1001 1568 1024 1598 ρ

199 1601 274 1632 sinit,
293 1609 343 1628 nec
360 1600 453 1628 cfl‘crri
471 1599 604 1627 adversus
625 1600 710 1632 alios;
731 1607 792 1634 qum
809 1599 869 1625 vitii
889 1607 987 1634 supcr-

198 1647 251 1674 bize
264 1654 361 1681 graves
375 1646 553 1681 :cgritudincs
566 1651 630 1673 sunt
641 1654 672 1673 ac
689 1654 776 1673 noxae.

236 1692 316 1728 442
337 1692 380 1719 88.
401 1691 482 1719 Aliud
499 1696 541 1719 est
565 1691 699 1719 adversus
713 1691 867 1726 simplicem
885 1691 989 1725 cogita-

199 1739 301 1766 tionem
313 1746 446 1774 pugnare,
461 1745 497 1765 ne
508 1737 636 1767 allectum
658 1745 690 1764 ac
703 1737 847 1765 libidinem
861 1741 986 1769 moveat;

199 1783 274 1810 aliud
290 1791 411 1818 pugnare
426 1783 559 1810 adversus
578 1790 638 1810 eam
657 1791 719 1818 quae
737 1784 773 1810 sit
792 1783 939 1810 libidinosa
961 1787 989 1810 et

199 1836 259 1856 eum
275 1827 387 1860 affectu,
397 1836 432 1855 ne
445 1828 472 1855 in
485 1835 650 1856 consensum
667 1828 765 1855 trahat.
779 1829 882 1856 Neuter
894 1832 988 1856 autem

198 1875 297 1902 modus
310 1875 490 1910 cogitationes
508 1874 536 1901 in
549 1874 641 1901 animo
658 1875 760 1901 morari
772 1874 847 1901 sinit.

233 1919 277 1946 89.
291 1919 388 1946 Vultus
398 1918 525 1946 maestitia
537 1939 544 1950 ,
559 1918 722 1953 injuriarum
738 1918 877 1946 memoria:
896 1926 988 1946 comes

199 1970 251 1993 est.
265 1965 333 1992 Cum
348 1965 432 2000 igitur
445 1965 554 1992 animus
573 1965 679 1991 vultum
695 1964 786 1991 fratris
796 1964 874 1999 quasi
888 1965 915 1991 in
927 1972 989 1999 spc-

199 2012 261 2039 culo
273 2015 385 2040 mmstus
402 2010 586 2046 conspexerit,
602 2011 689 2045 palam
699 2014 741 2037 est
761 2010 867 2044 injuriae
883 2017 989 2036 memor-

200 2066 269 2090 rem.
284 2058 374 2092 ipsum
398 2058 462 2085 odio
484 2056 612 2092 prosequi
630 2065 636 2083 :
657 2056 709 2083 Via:
723 2060 809 2083 autem
833 2063 924 2082 eorum
944 2055 989 2090 qui

200 2105 363 2140 injuriuram
381 2111 507 2130 memores
522 2107 600 2133 sunt,
618 2103 644 2129 in
661 2106 788 2133 mortem;
801 2101 902 2136 quippe
913 2108 987 2133 eum,

200 2151 285 2177 omnis
300 2150 462 2184 injuriarum
479 2147 702 2181 memor,iniqtms
721 2148 755 2173 sit
777 2146 811 2172 ".

236 2196 279 2222 90.
298 2195 346 2222 Sin
367 2199 458 2221 autem
472 2197 501 2220 tu
520 2201 584 2228 erga
605 2193 724 2227 aliquem
747 2192 910 2227 injuriarum
928 2199 987 2219 mc-

200 2247 261 2266 mor
271 2245 412 2265 rancorcm
430 2237 570 2270 habueris,
587 2244 635 2264 ora
649 2244 698 2271 pro
713 2244 755 2268 eo,
773 2237 866 2271 sicque
884 2235 987 2271 passio—
1004 2234 1026 2262 D

201 2286 244 2313 nis
271 2289 353 2320 atque
382 2284 497 2312 allectus
515 2288 619 2311 motum
637 2283 781 2310 cohibebis
799 2291 807 2310 :
828 2291 861 2310 ea
891 2290 991 2318 nempe

200 2331 317 2363 ratione,
335 2334 365 2356 ut
379 2330 494 2362 orando,
516 2337 550 2356 ex
566 2329 641 2360 mali,
657 2336 712 2363 quo
729 2328 752 2356 is
763 2328 866 2360 affecit,
883 2336 990 2355 memo-

200 2377 252 2410 ria,
277 2376 416 2404 tristiliam
431 2383 544 2410 separes
559 2383 591 2402 ac
605 2375 738 2402 dolorem.
751 2375 802 2403 Ubi
819 2379 911 2402 autem
924 2375 990 2402 cha-

202 2424 284 2451 ritate
307 2423 424 2450 diﬂusus
440 2425 523 2456 atque
545 2420 716 2448 humanitate
738 2427 842 2455 pronus
858 2419 990 2450 evaseris.

201 2469 314 2497 omnino
333 2477 365 2496 ex
393 2468 484 2495 animo
508 2466 664 2502 passionem
692 2465 875 2500 attectumque
893 2464 988 2500 proﬂi—

201 2516 292 2551 gabis.
308 2515 356 2542 Sin
371 2519 463 2556 autem
475 2520 508 2540 ex
524 2516 635 2548 accepta
652 2512 752 2547 injuria
769 2511 840 2538 alius
854 2511 881 2537 in
899 2516 926 2538 te
947 2511 989 2538 in-

1041 280 1130 316 ἑαυτῷ
1155 281 1252 313 ταῦτα,
1268 282 1315 308 καὶ
1341 281 1377 316 μὴ
1395 281 1434 317 τῷ
1454 282 1513 318 θεῷ
1534 283 1708 319 ἐπιγράφειν.
1723 285 1780 318 Τῆς
1802 284 1832 310 δὲ

1040 325 1088 352 τοῦ
1104 325 1239 362 κοσμικοΰ
1253 326 1406 359 κενοδοξίας
1421 328 1470 354 καὶ
1490 328 1680 364 ὑπερηφανίας
1706 330 1782 362 ἴδιον,
1799 331 1832 357 τὸ

1041 372 1089 399 ἐπὶ
1106 372 1201 399 κάλλει
1218 373 1266 400 καὶ
1281 373 1391 408 πλούτῳ
1409 374 1456 400 καὶ
1470 374 1616 410 δυναστείᾳ
1633 376 1681 401 καὶ
1698 376 1832 411 φρονήσει

1040 418 1190 451 κενοδοξεῖν
1206 419 1254 446 καὶ
1270 419 1446 455 ἐπαίρεσθαι.

1075 507 1128 533 πε’.
1144 507 1185 533 Τὰ
1195 506 1249 534 τῶν
1261 507 1403 543 κοσμικῶν
1414 507 1616 544 κατορθώματα
1633 507 1679 543 (z),
1693 508 1830 544 πτώματᾱ

1040 551 1094 578 εισι
1106 550 1162 578 τῶν
1179 552 1304 587 μοναχῶν
1315 561 1322 568 ·
1343 553 1391 579 καὶ
1407 553 1460 580 τῶν
1476 554 1603 589 μοναχῶν
1616 554 1828 589 κατορθώ;;ατα,

1040 597 1177 632 πτώματὰ
1191 599 1244 625 εἰσι
1261 598 1316 625 τῶν
1332 599 1484 634 κοσμικῶν.
1509 597 1584 632 υἷον,
1599 599 1633 626 τὰ
1657 599 1712 626 τῶν
1728 608 1829 634 κοσμι-

1039 643 1095 670 κῶν
1113 643 1327 679 κατορθώματα,
1345 645 1461 676 πλοῦτός
1476 646 1534 672 ἐστι
1551 645 1674 678 autS/151
1692 646 1737 672 καὶ
1748 646 1829 673 δυνα-

1040 689 1116 716 στεία
1131 689 1178 715 καὶ
1192 688 1284 725 τρυφή
1301 690 1348 716 καὶ
1363 690 1497 725 εὐσαρκία
1514 691 1561 717 καὶ
1578 691 1714 723 εὐτεκνία,
1731 692 1780 719 καὶ
1794 692 1830 720 τὰ

1038 734 1141 761 τούτων
1152 734 1286 761 ἀκόλουθα
1298 744 1305 751 -
1326 736 1366 767 είς
1387 735 1458 770 ἅπερ
1470 736 1556 762 ἐλθὼν
1572 737 1585 763 ό
1600 737 1726 772 μοναχὸς,
1744 737 1829 764 ἀπόλ-

1038 780 1126 807 λυται.
1148 780 1189 807 Τὰ
1211 781 1240 807 δὲ
1255 780 1303 807 τοῦ
1331 781 1450 816 μοναχοῦ
1467 781 1681 818 κατορθώματα,
1702 783 1830 818 ἀκτημο-

1040 826 1117 863 σύνη,
1129 827 1232 860 ἀδοξία,
1253 827 1401 862 ἀδυναμία,
1414 828 1573 863 ἐγκράτεια,
1589 828 1770 860 κακοπάθεια,
1782 834 1827 860 καὶ

1038 873 1072 899 τὰ
1088 873 1188 899 τούτων
1204 873 1354 899 ἀκόλουοα”
1373 874 1413 904 είς
1435 873 1507 908 ἅπερ
1532 873 1617 899 ἐλθὼν
1633 874 1647 900 ὁ
1662 873 1829 909 φιλόκοσμος

1040 919 1114 954 παρὰ
1126 918 1265 955 πρόθεσιν,
1275 919 1376 955 πτῶμα
1388 920 1498 953 ἡγεῖται
1512 919 1598 954 μέγα·
1617 920 1664 946 καὶ
1677 918 1828 950 κινδυνεύει

1039 965 1170 997 πολλάκις
1184 965 1231 992 καὶ
1244 965 1345 1001 ἀγχόνῃ
1359 965 1515 1001 χρήσασθαι
1527 973 1534 981 '
1550 965 1622 998 τινες
1636 965 1664 992 δὲ
1681 965 1728 992 καὶ
1743 966 1827 1002 ὲχρή‹

1040 1020 1133 1039 σαντο.

1076 1146 1136 1178 πς¹.
1153 1146 1192 1173 Τὰ
1207 1145 1341 1182 βρώματα
1353 1146 1398 1173 διὰ
1414 1147 1461 1173 δυο
1476 1147 1564 1178 αἰτίας
1575 1147 1688 1183 ὲκτίσϐη
1701 1155 1709 1163 ·
1724 1150 1828 1185 τροφῆς

1039 1191 1132 1225 ἕνεκα,
1152 1192 1199 1219 καὶ
1217 1191 1378 1227 Θεραπείας.
1402 1193 1433 1219 Οξ
1449 1191 1496 1220 οὖν
1518 1192 1606 1228 πάρεξ
1619 1193 1722 1220 τούτων
1741 1203 1827 1229 μετα-

1039 1237 1239 1274 λαμϐάνοντες,
1266 1238 1305 1269 ὡς
1335 1237 1551 1273 παραχρώμενοι
1573 1239 1629 1271 τοῖς
1659 1240 1698 1271 εἰς
1727 1240 1827 1275 χρῆσιν

1040 1284 1117 1319 παρᾶ
1133 1283 1202 1310 Θεοῦ
1226 1283 1353 1314 δοθεῖσιν,
1382 1283 1420 1314 ὡς
1437 1285 1577 1319 τρυφηταὶ
1602 1285 1825 1321 κατακρίνονται,

1039 1329 1094 1356 Καὶ
1109 1329 1156 1355 ἐπὶ
1173 1328 1282 1355 πάντων
1303 1328 1332 1355 δὲ
1356 1329 1411 1356 τῶν
1432 1329 1612 1365 πραγμάτων,
1634 1331 1651 1366 ἡ
1681 1331 1828 1367 παράχρη-

1040 1375 1081 1406 σις
1098 1375 1171 1401 ἐστιν
1185 1375 1201 1409 ἠ
1221 1375 1354 1410 ἁμαρτία.

1074 1420 1129 1452 πζ’.
1155 1420 1398 1456 Ταπεινοφροσύνη
1428 1421 1512 1458 ἐστὶι
1535 1421 1678 1457 προσευχὴ
1711 1421 1828 1457 συνεχὴς

1041 1465 1110 1502 μετὰ
1125 1466 1252 1502 δακρύων
1265 1467 1314 1495 καὶ
1337 1467 1436 1494 πόνων.
1454 1467 1528 1502 Αὕτη
1553 1467 1607 1503 γὰρ
1628 1468 1670 1494 ἀεὶ
1694 1468 1740 1494 τὸν
1758 1468 1827 1494 Θεὸν

1040 1511 1079 1542 et;
1097 1510 1224 1546 βοήθειαν
1243 1511 1457 1545 ἐπικαλουμένη,
1485 1512 1525 1543 εἰς
1549 1511 1598 1546 τὴν
1619 1511 1688 1537 ἰδίαν
1710 1511 1827 1546 δύναμιν

1040 1557 1086 1583 καὶ
1099 1555 1194 1590 σοφίαν
1205 1555 1329 1591 ἀφρόνως
1340 1556 1452 1591 θαρρεῖν
1467 1555 1518 1582 οὐκ
1531 1555 1572 1590 ἑᾷ,
1587 1555 1646 1582 οὐίὲ
1660 1555 1746 1582 ἄλλων
1761 1563 1828 1581 κατ-

1040 1602 1214 1637 επαίρεετοαι,
1239 1602 1318 1628 ἅτινά
1346 1603 1398 1628 εἰσι
1421 1601 1528 1636 χαλεπὰ
1549 1602 1689 1636 νορήματα
1704 1601 1751 1627 τοῦ
1776 1601 1828 1636 τῆς

1040 1648 1230 1683 ὑπερηφανίας
1249 1648 1362 1678 πάθους,

1075 1697 1130 1728 πη¹.
1151 1693 1232 1720 ’Ἄλλο
1252 1694 1310 1720 ἐστὶ
1329 1693 1462 1728 μάχεσθαι
1484 1693 1523 1724 τῷ
1538 1692 1607 1727 ψιλῷ
1621 1692 1743 1726 λογισμῷ
1759 1691 1827 1727 (55),

1040 1740 1083 1767 ἵνα
1097 1740 1135 1775 μὴ
1152 1740 1249 1775 κινήσῃ
1262 1740 1292 1766 τὸ
1308 1740 1408 1770 πάθος·
1425 1739 1472 1765 καὶ
1489 1739 1552 1765 ἄλλο
1569 1738 1638 1770 ἐστὶ,
1652 1739 1692 1769 τὸ,
1708 1737 1830 1772 ἐμπαοεῐ

1041 1786 1186 1821 μάχεσθαι,
1200 1786 1244 1812 ἵνα
1266 1786 1303 1821 μὴ
1320 1786 1435 1820 γένηται
1448 1784 1659 1818 συγκατάθεσις.
1685 1783 1717 1810 Oi
1735 1784 1828 1818 ἀμφό-

1038 1840 1113 1867 τεροι
1128 1832 1156 1858 δὲ
1175 1832 1283 1868 τρόποι,
1299 1831 1349 1858 ούκ
1365 1831 1430 1858 ἐῶσι
1447 1832 1571 1867 χρονίσαι
1587 1831 1650 1862 τοὺς
1667 1828 1826 1864 λογισμούς.

1074 1922 1129 1948 τείν.
1151 1921 1183 1948 Ἦ
1203 1921 1276 1956 λύπη
1293 1922 1325 1956 τῇ
1350 1920 1520 1956 μνησικακία
1541 1919 1727 1952 συνέζευκται.
1741 1919 1828 1946 ’ῡταν

1039 1966 1188 1999 οὖνόνοῦς
1210 1967 1241 1993 τὸ
1267 1967 1413 2003 πρόσωπον
1429 1966 1476 1993 τοῦ
1501 1966 1617 2000 ἀδελφοῦ
1646 1966 1715 2001 μετὰ
1737 1965 1828 2000 λύπης

1039 2014 1247 2049 ὲσοπτρίζηται,
1260 2013 1340 2048 δῆλον
1360 2013 1402 2040 ὅτι
1418 2013 1602 2049 μνησικακίαν
1621 2013 1677 2048 ἔχει
1693 2011 1762 2047 πρὸς
1778 2011 1828 2038 αὑ-

1039 2061 1099 2087 τόν·
1109 2060 1187 2086 ὀὃοὶ
1203 2059 1237 2086 δὲ
1250 2059 1448 2094 μνησικάκων
1462 2061 1506 2093 εις
1523 2060 1661 2092 θάνατον,
1675 2058 1754 2091 διότι,
1767 2057 1828 2091 πᾶς

1037 2105 1238 2140 μνησίκακος,
1255 2105 1437 2140 παράνομος.

1074 2196 1111 2228 Lf.
1143 2193 1198 2220 Εὰν
1211 2193 1259 2228 μὲν
1272 2193 1303 2219 σὺ
1319 2194 1494 2228 μνησικακῇς
1508 2201 1572 2226 τινι,
1588 2192 1740 2227 προσεύχου
1758 2192 1829 2226 ὑπὲρ

1040 2240 1135 2272 αὑτοῦ,
1152 2240 1199 2266 καὶ
1219 2240 1295 2275 ίστᾷς
1309 2239 1340 2266 τὺ
1359 2239 1445 2271 πάθος
1468 2239 1519 2274 τῆς
1538 2239 1682 2274 κινήσεως,
1702 2238 1829 2273 χωρίζων

1038 2286 1089 2320 τὴν
1102 2285 1203 2319 λύπην,
1219 2285 1263 2312 διὰ
1279 2285 1330 2319 τῆς
1346 2285 1512 2320 προσευχῆς,
1534 2286 1566 2311 ὲκ
1581 2284 1632 2319 τῆς
1651 2284 1762 2320 μνήμης
1778 2283 1827 2310 τοῦ

1039 2332 1139 2362 κακοῦ.
1153 2329 1238 2366 οὗπέρ
1255 2339 1298 2357 σοι
1316 2331 1444 2366 ἐποίησεν
1455 2340 1462 2346 ·
1486 2323 1697 2366 ἁγαπητικὸςνδὲ
1714 2329 1831 2364 γενόμε-

1039 2384 1084 2406 νος
1100 2377 1148 2402 καὶ
1167 2374 1372 2411 φιλάνθρωπος,
1401 2374 1542 2407 παντελῶς
1556 2376 1589 2401 ὲκ
1613 2374 1663 2408 τῆς
1685 2373 1775 2408 ψυχῆς
1799 2375 1830 2399 τῇ

1040 2421 1126 2452 πάθος
1149 2421 1333 2456 ὲξαφανίζεις.
1354 2422 1418 2448 Ἐὰν
1436 2421 1464 2447 δὲ
1488 2421 1567 2452 ἄλλος
1589 2429 1632 2447 σοι
1657 2420 1828 2455 μνησικακῇ.

1041 2468 1201 2502 χαριστικὺς
1217 2466 1296 2501 γενοῦ
1313 2467 1381 2503 πρὸς
1400 2467 1482 2494 αὐτὸν
1495 2468 1543 2494 καὶ
1562 2466 1699 2498 ταπεινὸς,
1712 2465 1761 2492 καὶ
1778 2473 1830 2492 χα-

1043 2512 1096 2544 λῶς
1112 2511 1285 2545 συναυλίζου,
1300 2514 1347 2540 καὶ
1359 2513 1540 2545 ἀπαλλάττεις
1556 2511 1638 2539 αὐτὸν
1649 2511 1697 2537 τοῦ
1713 2510 1828 2542 πάουυς.

203 2563 281 2590 t‘enso
292 2563 385 2589 animo
394 2566 446 2594 est,
459 2565 519 2589 esto
532 2561 565 2588 ad
583 2568 645 2588 eum
668 2560 805 2596 gratiosus
815 2563 844 2586 et
865 2559 990 2591 humilis,
1011 2561 1184 2596 comiterque
1195 2567 1221 2589 et
1252 2565 1378 2589 amanter
1392 2561 1440 2589 illo
1451 2565 1539 2594 utere,
1572 2561 1716 2596 ipsumuue
1733 2558 1832 2586 morbo

203 2610 346 2638 liberabis.

241 2658 284 2686 9i.
303 2657 335 2684 Ut
347 2657 407 2691 ejus
420 2657 467 2691 qui
485 2655 590 2684 invidet
603 2655 726 2684 dolorem
748 2655 837 2688 sedes,
853 2655 906 2682 hoc
920 2659 992 2690 opus

203 2704 250 2732 hic
265 2704 343 2732 labor
361 2706 413 2730 est.
433 2703 533 2730 Malum
544 2702 619 2729 enim
633 2707 662 2729 et
681 2709 780 2729 noxam
795 2700 847 2728 sibi
861 2700 948 2732 ducit,
964 2700 991 2727 id

240 2765 263 2781 "
276 2765 357 2792 Prov.
372 2772 417 2796 xu,
433 2763 484 2797 28;
502 2771 556 2795 ut,
569 2763 613 2790 9.4.

243 2822 280 2858 (ι)
305 2822 343 2849 Τὰ
362 2821 421 2848 τῶν
440 2821 594 2855 κοσμικῶν
613 2820 833 2858 κςτορθῴέςατα.
849 2819 988 2848 Prmclarzc

207 2855 352 2892 utriusque
369 2861 457 2884 status
470 2861 550 2892 noue.
566 2863 619 2889 quo
638 2856 694 2882 Deo
709 2855 868 2892 militamus,
887 2859 914 2882 et
933 2862 988 2892 quo

207 2889 448 2921 militant'saculo
487 2890 546 2926 ipsa
573 2895 665 2926 aperta
693 2898 724 2918 ac
748 2891 828 2925 plana
851 2889 987 2922 doctrina,

1081 2652 1192 2687 ιια⁷.Τοῦ
1206 2652 1365 2687 φθονοῦντος
1374 2653 1422 2689 τὴν
1432 2653 1532 2688 λύπην,
1541 2654 1618 2688 κόπῳ
1628 2651 1746 2687 στήσεις·
1762 2661 1832 2686 συμ-

1045 2700 1131 2735 φορὰν
1144 2699 1199 2734 γὰρ
1215 2699 1334 2734 ἡγεῖται,
1355 2698 1387 2725 τὸ
1408 2700 1437 2726 ὲν
1458 2699 1500 2726 σοὶ
1515 2698 1716 2734 φθονούμενον·
1735 2697 1785 2724 καὶ
1800 2697 1832 2725 οὗ

1042 2818 1171 2853 serieque
1184 2818 1233 2851 illi,
1247 2817 1402 2853 quirstatus
1411 2815 1538 2853 monachi
1556 2813 1753 2853 perfectionem
1768 2819 1838 2853 nan-

1042 2825 1171 2853 serieque
1184 2825 1233 2851 llll,
1267 2825 1293 2845 nl
1309 2825 1397 2844 status
1411 2825 1538 2843 monachi
1556 2825 1753 2852 periculum-Iri
1769 2825 1832 2839 ιιειιι-

1042 2853 1205 2916 ﬁisciiavelit,
1228 2825 1263 2880 aii
1285 2851 1427 2888 Evangelii
1444 2858 1581 2883 normam,
1598 2857 1654 2885 pra:
1669 2848 1759 2876 οειιιιι
1782 2847 1832 2875 ha-

1062 2897 1096 2916 cn
1135 2908 1142 2916 .

1062 2896 1142 2916 enea.

1847 2757 1855 2772 \
