1948 3077
100 169 168 203 10-15

538 167 704 198 CAPITUM
723 166 772 196 DE
790 163 1005 195 CHARITATE
1024 153 1219 194 CENTURIA
1237 163 1294 192 III.

1662 160 1726 192 1046

97 227 212 256 δυνατὸν
226 226 314 258 ἄλλως
327 226 436 261 στῆσαι,
453 226 478 252 εἰ
498 226 535 261 μή
556 235 583 252 τι
597 225 712 260 κρύψεις
733 224 826 251 αὐτόν.
852 223 883 249 ΕΖ
899 223 914 250 Α

961 234 962 248 ι
976 226 1001 249 te
1016 222 1092 255 boni,
1119 223 1197 258 cujus
1214 222 1262 249 tibi
1279 228 1360 249 causa
1377 221 1498 254 invidet;
1521 229 1571 249 nec
1586 221 1663 249 aliter
1682 222 1728 249 fiat

97 275 125 301 δὲ
142 273 259 305 πολλοὺς
279 272 328 308 μὲν
342 271 452 306 ὠφελεῖ,
472 272 577 299 ἐκεῖνον
589 272 618 298 δὲ
631 271 723 304 λυπεῖ,
740 271 817 297 ποίου
835 269 885 305 μὲ-

99 328 164 355 ρους
177 318 390 354 περιφρονήσεις
401 327 408 350 ;
418 318 579 351 Ἀναγκαῖον
592 314 639 344 οὖν
652 317 702 351 τῆς
712 316 765 342 τῶν
781 315 886 342 πολλῶν

99 363 229 398 γενέσθαι
245 362 394 397 ὠφελείας,
419 362 547 389 κάκείνου
567 361 595 388 δὲ
620 361 691 388 κατὰ
708 360 822 395 δύναμιν
849 360 887 394 μὴ

101 409 213 445 ἀμελεῖν
225 417 231 424 ·
268 409 338 444 μηδὲ
352 411 387 444 τῇ
403 408 451 435 τοῦ
465 408 567 439 πάθους
582 407 699 443 πονηρίᾳ
712 406 885 441 συναπαχοῆ-

101 465 147 482 ναι
157 464 163 471 ·
179 456 219 486 ὡς
233 455 294 490 οὐχὶ
307 454 346 490 τῷ
363 454 455 487 πάθει,
471 454 540 481 ἀλλά
552 453 591 489 τῷ
603 453 734 489 πάσχοντι
745 453 887 488 ἀμυνόμε-

102 511 147 529 νον
161 510 167 516 ·
189 501 258 528 ἀλλὰ
272 502 306 536 τῇ
325 500 559 537 ταπεινοφροσύνῃ
572 499 698 535 ἡγεῖσθαι
714 499 795 526 αὑτὸν
808 499 891 534 ὑπερ-

104 548 204 583 έχοντα
217 547 342 579 σεαυτοῦ,
361 547 406 573 καὶ
433 547 462 573 ὲν
484 547 565 573 παντὶ
579 545 667 582 καιρῷ
683 545 730 572 καὶ
749 545 823 580 τόπῳ
843 545 891 571 καὶ

105 594 260 629 πράγματι,
277 594 414 629 προτιμᾷν
429 593 521 620 αὐτόν.
537 592 588 619 Τὸν
600 592 629 619 δὲ
642 592 687 618 σὺν
701 591 797 626 φθόνον
812 590 892 617 δύνα-

106 648 151 665 σαι
168 640 276 673 στῆσαι,
291 639 337 665 ὲὰν
351 641 379 665 ἐν
392 636 432 669 οἷς
445 638 536 673 χαίρει
548 638 561 664 ὸ
574 637 626 664 ὑπὸ
641 637 687 664 σοῦ
697 636 890 672 φθονούμενος,

107 684 276 719 συγχαιρης·
300 685 346 710 καὶ
361 684 389 710 ἐν
407 680 447 715 οἷς
463 683 598 714 λυπεῖται,
615 683 663 709 καὶ
678 682 762 714 αὐτὸς
778 683 810 708 σὺ
826 681 891 708 συλ-

105 728 194 763 λυπῇο
228 728 338 764 πληρῶν
365 728 395 754 τὸ
421 728 469 754 τοῦ
503 728 679 760 Ἀποστόλου,
705 727 747 759 τὸ,
774 728 894 761 Χαίρειν

104 774 180 808 μετὰ
197 774 373 808 χαιρόντων,
390 773 438 800 καὶ
453 773 570 800 κλαίειν
581 773 657 807 μετὰ
672 774 838 800 κλαιόντων
853 791 861 800 .

939 272 970 295 ιιι
984 269 1044 302 ejus
1060 268 1142 295 sistas
1157 268 1284 299 livorem,
1299 267 1365 302 quin
1381 267 1484 301 aliquid
1505 274 1568 294 cum
1581 268 1726 295 celaveris.

940 312 988 340 Sin
999 317 1091 340 autem
1110 313 1176 340 illud
1195 312 1331 348 ejusmodi
1347 312 1392 343 sit.
1407 311 1481 347 quod
1498 312 1599 339 multos
1615 312 1727 347 quidem

937 359 1024 393 juvet,
1041 359 1081 386 illi
1101 363 1192 386 autem
1206 358 1310 385 doloris
1331 362 1450 393 segetem
1473 357 1620 390 ministret,
1636 361 1727 384 utram

940 410 1046 440 partem
1059 404 1240 432 contemnes?
1254 404 1340 439 Igitur
1350 411 1461 431 necesse
1472 407 1525 436 est,
1539 408 1569 430 ut
1582 412 1596 430 ει
1606 403 1727 438 plurium

940 450 1070 486 vulgique
1083 450 1201 477 utilitate
1215 453 1281 481 stes,
1297 456 1348 476 nec
1361 453 1463 480 tamen,
1478 452 1579 483 quanta
1602 447 1727 478 facultas.

942 496 1019 524 illum
1034 495 1167 530 negligas,
1184 503 1269 523 neeve
1284 499 1310 522 te
1322 494 1381 521 vitii
1392 495 1527 530 pravitate
1540 494 1643 529 pariter
1656 494 1728 521 trahi

941 542 1026 574 sinas,
1046 541 1134 576 utqui
1147 549 1203 568 non
1218 540 1324 573 morbo,
1337 540 1388 568 Sed
1401 548 1434 567 eo
1445 540 1579 567 laboranti
1593 547 1673 574 opem
1689 540 1730 566 fe-

942 595 1006 615 ras:
1024 587 1073 614 sed
1097 594 1195 614 sensus
1216 586 1359 618 modestia,
1377 594 1441 613 eum
1464 593 1572 620 semper
1587 585 1636 612 tibi
1648 593 1730 620 supe-

942 633 1044 660 riorem
1054 631 1206 663 existimes,
1221 630 1351 665 omnique
1369 635 1492 665 tempore
1509 635 1536 658 et
1552 631 1613 658 loco
1635 638 1667 658 ac
1680 638 1730 657 ne-

943 678 1017 714 gotio
1037 677 1141 713 primas
1159 676 1198 704 illi
1217 676 1309 704 cedas.
1327 676 1413 703 Tuam
1435 684 1502 704 vero
1518 676 1576 711 ipse
1598 677 1730 704 invidiam

944 723 1039 751 sedare
1054 727 1142 757 potes,
1170 722 1192 749 si
1207 722 1308 757 quibus
1332 721 1444 757 gaudet,
1472 722 1499 749 in
1521 730 1603 757 quem
1628 722 1732 750 invidia

944 768 1103 800 concitaris,
1122 768 1226 803 pariter
1248 768 1377 803 gaudeas,
1394 775 1425 795 ac
1438 768 1540 803 quibus
1561 768 1646 801 dolet,
1674 769 1732 804 ipse

945 814 1027 842 etiam
1038 813 1141 848 pariter
1155 813 1260 845 doleas,
1278 813 1395 848 implens
1414 813 1481 841 illud
1494 814 1617 848 Apostoli
1632 824 1638 841 :
1660 814 1732 842 Cau-

947 860 1007 886 dere
1022 868 1080 886 cum
1101 859 1285 894 gaudentibus,
1305 863 1329 885 et
1347 860 1410 894 ﬂere
1425 867 1483 886 cum
1499 859 1620 894 ﬂentibus
1631 860 1664 886 ³⁷.

144 905 199 940 ιιβῖ
219 906 249 932 '0
263 905 324 937 νοῦς
339 905 419 940 ἡμῶν
435 905 518 941 μέσος
532 905 607 942 [Reg.
620 907 646 939 l,
665 906 759 943 μέσον]
777 907 836 934 ἐστὶ
850 907 896 934 δύο
912 903 914 931 ἶ

980 904 1023 931 92.
1038 904 1113 943 lll_ens
1135 908 1228 931 nostra
1243 903 1360 931 duorum
1379 904 1561 939 quorumdam
1574 905 1664 932 media
1679 913 1732 936 est,

110 950 204 981 τινῶν,
220 950 337 977 ἑκάστου
359 949 394 976 τὰ
411 950 466 977 ῐδια
489 950 680 985 ἐνεργοῦντος·
701 951 748 977 τοῦ
773 950 831 986 μὲν,
846 950 896 986 τὴν

111 996 227 1031 ἀρετήν·
260 995 306 1022 τοῦ
319 995 358 1027 δὲ,
377 996 426 1030 τὴν
443 996 555 1022 κακίαν·
587 997 709 1024 τουτέστι
721 997 836 1031 ἀγγέλου
851 998 898 1024 καὶ

111 1040 252 1075 δαίμονος.
274 1040 413 1073 Ἐξουσιαν
428 1041 456 1068 δὲ
471 1041 529 1076 ἔχει
545 1042 559 1068 ὁ
574 1041 645 1075 νοῦς,
669 1042 716 1069 καὶ
734 1042 849 1070 δύναμιν
878 1036 900 1076 ᾧ

112 1085 184 1112 ϐέλει
198 1086 253 1112 εἴτε
266 1086 392 1119 ἕπεσθαι,
408 1087 463 1113 εἴτε
477 1088 646 1123 ἀντιστῆναι.

148 1173 201 1208 ια’.
228 1175 261 1200 At
283 1174 331 1209 μὲν
355 1175 430 1209 ἅγιαι
447 1176 580 1210 Δυνάμεις
608 1173 804 1212 προτρὲπονται
829 1177 902 1212 ἡμᾶς

114 1220 162 1245 ἐπὶ
176 1218 210 1245 τὰ
225 1219 295 1246 καλά
307 1227 313 1235 ·
343 1220 378 1246 τὰ
395 1220 423 1246 δὲ
444 1220 546 1255 φυσικὰ
560 1221 705 1256 σπέρματα
721 1222 768 1248 καὶ
782 1222 799 1257 ἡ
814 1221 903 1256 ἀγαθὴ

113 1265 286 1300 προαίρεσις,
315 1264 458 1300 βοηθοῦσιν
479 1267 544 1301 ἡμῖν
556 1274 564 1281 ”
593 1266 684 1298 τὰς-δὲ
700 1266 755 1294 τῶν
769 1267 904 1302 δαιμόνων

115 1309 284 1345 προσϐολὰς,
313 1310 346 1336 τὰ
363 1310 435 1346 πάθη
452 1312 498 1338 καὶ
514 1312 649 1347 ήπονηρὰ
666 1313 825 1348 προαίρεσις
842 1322 904 1341 συν-

116 1364 220 1383 ιστωσι.

151 1404 201 1437 ιβ.
230 1405 282 1431 Τὸν
307 1404 426 1440 καθαρὸν
452 1403 529 1435 νοῦν,
559 1405 624 1431 ποτὲ
638 1405 696 1440 μὲν,
718 1405 828 1437 αὑτδςὸ
842 1405 907 1437 Θεὸς

117 1450 191 1485 αὐτῷ
206 1451 352 1478 ἑπιΰαίνων
366 1451 499 1478 διδάσκει·
517 1451 581 1478 ποτὲ
593 1451 630 1484 δὲ,
643 1452 671 1477 αἱ
684 1451 759 1485 ἅγιαι
775 1451 908 1487 Δυνάμεις

117 1497 152 1523 τὰ
173 1497 244 1523 καλὰ
269 1497 457 1524 ὑποτίθενται·
491 1497 556 1525 ποτὲ
575 1498 620 1530 δὲ,
644 1498 660 1534 ἡ
676 1497 755 1532 φύσις
770 1498 823 1524 τῶν
838 1506 910 1533 πρα-

118 1543 232 1577 γμάτων
247 1542 435 1579 θεωρουμένη.

154 1634 205 1665 ιε’.
235 1632 295 1668 Χρὴ
311 1631 357 1659 τὸν
371 1633 574 1665 καταξιωθέντα
588 1633 715 1667 γνώσεως
727 1632 790 1659 νοῦν
800 1653 806 1665 ,
831 1633 865 1659 τά
878 1641 908 1658 τε

119 1677 245 1712 νοήματα
261 1678 354 1712 τηρεῖν
367 1678 459 1713 ἀπαθῆ
475 1678 528 1704 τῶν
539 1679 720 1714 πραγμάτων·
740 1679 784 1705 καὶ
798 1678 832 1704 τὰ
844 1678 909 1705 θεω-

121 1724 240 1758 ρήματα,
253 1723 371 1758 ἀσφαλῆ-
387 1724 433 1750 καὶ
448 1723 497 1760 τὴν
509 1725 559 1759 τῆς
572 1725 727 1760 προσευχῆς
741 1726 910 1752 κατάστασιν

121 1768 266 1795 ἀθόλωτον.
301 1769 337 1795 Οὐ
361 1769 471 1796 δύναται
494 1770 522 1797 δὲ
547 1770 633 1797 ταῦτα
650 1771 692 1797 ἀεὶ
705 1771 798 1806 τηρεῖν
813 1771 845 1797 ἐκ
857 1770 910 1797 τῶν

121 1815 171 1849 τῆς
188 1815 289 1850 σαρκὸς
303 1815 454 1842 rivali/issu»;
464 1836 471 1848 ,
499 1816 542 1843 διὰ
558 1816 608 1850 τῆς
631 1817 685 1844 τῶν
700 1817 836 1852 δαιμόνων
851 1817 911 1844 ἐπι-

123 1858 224 1894 δρυλῆς
239 1860 446 1896 καπνιζόμενος.

161 1958 220 1988 ἵκετ’.
246 1956 283 1983 Οὐ
298 1956 331 1983 δι’
341 1957 390 1983 ὅσα
404 1957 571 1994 λυπούμεθα,
587 1958 630 1985 διὰ
642 1958 730 1986 ταῦτα
745 1960 791 1986 καὶ
806 1959 915 1995 ὀργιζό-

128 2001 210 2036 μεθα.
243 2002 387 2034 Πλεονάζει
412 2003 465 2037 γὰρ
496 2003 529 2029 τὰ
555 2003 603 2038 τὴν
626 2003 715 2039 λύπην
738 2004 914 2039 ἐμποιοῦντα,

128 2046 204 2080 παρὰ
220 2046 270 2082 τὴν
284 2048 378 2083 ὀργήν.
409 2046 482 2081 Οἶον,
508 2049 627 2084 ἐκλάσθη
642 2050 700 2076 τόδε
716 2050 765 2085 (α)·
792 2049 916 2076 ἀπώλετο

127 2092 187 2118 τάδε
197 2101 203 2107 ·
229 2092 361 2120 ἀπέθανεν
376 2093 390 2119 ὁ
403 2093 486 2120 δεῖνα.
504 2094 552 2120 Διὰ
565 2094 617 2129 γὰρ
631 2095 665 2121 τὰ
677 2095 799 2126 τοιαῦτα,
816 2095 917 2122 λυπού-

131 2137 202 2172 μεοα
227 2138 322 2173 μόνον·
353 2138 396 2165 διὰ
416 2139 443 2165 δὲ
467 2139 501 2166 τὰ
520 2139 610 2172 λοιπὰ,
638 2140 684 2167 καὶ
699 2140 856 2176 λυπούμεθα
871 2141 919 2169 καὶ

130 2184 307 2220 ὀργιζόμεθα,
322 2185 492 2220 ἀφιλοσόφως
505 2186 680 2221 διακείμενοι.

168 2280 220 2314 1.,ξ’.
238 2280 385 2316 Δεχὸμενος
398 2281 411 2307 ὁ
424 2280 485 2312 νοῦς
498 2280 532 2307 τὰ
542 2279 596 2307 τῶν
607 2280 776 2316 πραγμάτων
786 2281 917 2316 νοήματα,

132 2329 200 2362 πρὸς
229 2326 344 2353 ἕκαστον
371 2327 460 2362 νόημα
490 2326 776 2362 μετασχηματίζεσθαι
803 2328 919 2362 πέφυκε.

132 2372 250 2408 Θεωρῶν
263 2372 290 2398 δὲ
306 2371 390 2399 ταῦτα
405 2372 597 2408 πνευματικῶς
608 2394 615 2404 ,
642 2372 708 2407 πρὸς
724 2372 837 2400 ἕκαστον
853 2373 920 2399 θεώ-

134 2428 212 2455 ρημα
239 2419 366 2451 ποικίλως
395 2419 644 2454 μεταμορφοῦσθαι.
666 2418 710 2445 Ἐν
724 2419 752 2445 δὲ
774 2419 830 2454 Θεῷ
843 2419 922 2452 γενό-

135 2474 237 2500 μενος,
262 2465 385 2500 ἄμορφος
409 2465 496 2500 πάντη
523 2464 569 2492 καὶ
589 2465 792 2500 ἀσχημάτιστος
806 2466 920 2499 γίνεται.

135 2511 188 2538 Τὸν
212 2513 266 2546 γὰρ
296 2511 418 2547 μονοειδῆ
444 2511 572 2547 θεωρῶν,
601 2511 740 2547 μονοειδὴς
756 2511 860 2545 γίνεται
876 2513 924 2539 καὶ

136 2556 197 2588 ὅλος
211 2556 366 2592 φωτοειδής.

173 2636 195 2652 ⁸⁷
209 2636 290 2663 Rom.
309 2645 356 2669 xu,
371 2637 416 2664 a5.

175 2705 214 2740 (η)
241 2704 393 2740 Ἐκλᾴσθη
413 2704 489 2740 τόδε,
506 2704 566 2731 Non
588 2704 655 2731 satis
674 2703 746 2740 felici
766 2707 924 2740 conjectura

139 2737 210 2769 Billf
223 2739 339 2774 perinde
361 2740 466 2773 ὲκλάπη
482 2739 534 2774 legi
555 2746 635 2774 posse
655 2738 830 2774 existimavit,
847 2737 925 2774 quod

139 2784 210 2812 puro
225 2772 355 2812 typorum
377 2772 478 2812 mendo
495 2772 678 2812 erat‘sukqu.
694 2773 751 2800 Nec
766 2777 820 2812 tam
840 2772 923 2812 Gesn.

139 2808 347 2841 eniemlaverat,
363 2818 444 2845 quam
456 2810 553 2845 legisse
567 2809 730 2845 Obsopzeum
750 2808 923 2845 adverterat:

142 2851 260 2880 uterqth
282 2842 515 2877 enim—Fructum
545 2849 583 2870 est
608 2843 712 2880 aliquid
732 2851 740 2869 :
764 2850 827 2869 cum
852 2842 926 2880 furto

143 2877 278 2914 ablatum,
302 2881 390 2915 ipsum
407 2888 475 2915 pene
493 2880 529 2907 sit
544 2878 616 2914 quod
638 2877 786 2911 amissum;
805 2885 855 2904 nec
877 2877 911 2905 de

947 958 1066 985 quorum
1086 954 1201 985 uterque
1216 955 1357 985 operatur,
1374 958 1435 985 qua:
1446 950 1499 977 sibi
1515 951 1626 986 propria
1637 951 1732 984 habet;

948 995 1027 1027 alter,
1044 995 1194 1028 virtutem;
1213 995 1292 1026 alter.
1315 995 1428 1028 vitium;
1446 995 1518 1023 inter
1528 996 1636 1024 scilicet
1653 1005 1735 1032 ange-

948 1043 1006 1070 lum
1019 1046 1101 1076 atquc
1117 1041 1280 1069 diemonem.
1298 1041 1397 1071 Libera
1417 1049 1482 1068 vero
1500 1041 1539 1068 illi
1550 1041 1665 1070 facultas
1682 1047 1734 1075 est,

951 1092 1032 1122 atque
1045 1091 1176 1122 potestas,
1194 1092 1285 1114 utrum
1300 1087 1366 1114 velit
1379 1087 1468 1122 sequi,
1486 1092 1534 1115 aut
1548 1087 1593 1114 cui
1609 1088 1737 1117 resistere

952 1134 1039 1160 malit.

986 1177 1066 1214 M3
1079 1178 1123 1205 93.
1143 1178 1249 1205 Sancta:
1267 1177 1398 1210 Virtutes,
1413 1185 1463 1205 nos
1479 1177 1512 1205 ad
1531 1185 1563 1205 ea
1576 1183 1736 1213 provocant,

953 1231 1014 1258 qua:
1027 1223 1141 1250 honesta
1153 1231 1184 1250 ac
1197 1223 1279 1250 officii
1292 1227 1357 1250 sunt
1372 1231 1378 1249 :
1398 1223 1534 1250 naturalia
1554 1231 1619 1251 vero
1635 1225 1738 1252 semina

955 1275 986 1295 ac
1003 1267 1075 1295 bona
1095 1268 1234 1302 voluntas,
1254 1275 1306 1303 ope
1330 1268 1427 1303 juvant
1446 1277 1452 1294 :
1472 1268 1627 1296 dmmonum
1647 1273 1740 1296 autem

956 1314 1094 1346 incursus,
1110 1308 1225 1341 alIcctus
1240 1321 1272 1340 ac
1281 1314 1347 1340 vitia
1363 1314 1490 1349 malaque
1506 1314 1632 1343 voluntas
1647 1321 1741 1342 corro-

956 1360 1064 1387 borant.

993 1406 1036 1433 94.
1067 1406 1167 1434 Puram
1193 1411 1324 1439 mentem,
1346 1407 1513 1442 quandoque
1535 1407 1646 1442 quidem
1669 1407 1743 1434 Deus

959 1452 1017 1486 ipse
1033 1452 1071 1479 illi
1087 1453 1231 1486 immeans,
1247 1453 1344 1487 docet;
1367 1452 1532 1488 quandoque
1555 1461 1621 1480 vero
1643 1456 1744 1480 sanctae

960 1497 1093 1530 Virtutes,
1110 1506 1170 1533 quae
1183 1502 1249 1526 sunt
1264 1498 1380 1526 honesta
1395 1502 1564 1534 suggerunt:
1579 1498 1744 1533 quandoque

961 1544 1018 1579 ipsa
1041 1552 1133 1571 rerum
1156 1544 1262 1573 indoles
1281 1545 1440 1581 diligentius
1459 1545 1551 1572 animo
1575 1545 1697 1579 inspecta
1713 1551 1746 1572 ac

959 1590 1141 1618 considerata.

995 1635 1038 1661 95.
1066 1634 1145 1666 Eum,
1175 1635 1222 1669 qui
1254 1634 1377 1662 scientiae
1408 1642 1521 1670 compos
1549 1634 1665 1662 ell’ectus
1691 1637 1745 1666 est,

960 1688 1073 1708 necesse
1089 1684 1142 1713 est,
1158 1684 1216 1707 tum
1234 1688 1327 1707 rerum
1350 1684 1501 1715 conceptus
1520 1687 1631 1708 servare
1649 1687 1665 1706 a
1683 1679 1748 1706 libi-

962 1726 1026 1753 dine
1048 1733 1149 1761 puros;
1180 1730 1236 1753 tum
1264 1733 1361 1753 sensus
1387 1725 1536 1760 spiritales,
1561 1729 1635 1752 tutos
1657 1733 1663 1752 :
1689 1729 1747 1752 tum

962 1771 1082 1806 denique
1095 1771 1272 1806 tranquillum
1285 1771 1419 1798 orationis
1435 1775 1546 1798 statum.
1565 1770 1642 1798 [laud
1657 1775 1748 1797 tamen

964 1817 1021 1845 fieri
1033 1820 1123 1852 potest
1136 1821 1167 1843 ut
1180 1817 1239 1843 haec
1252 1824 1360 1851 semper
1378 1825 1434 1852 pra:
1452 1817 1543 1844 carnis
1558 1816 1750 1851 eruptionibus

964 1867 1054 1891 servet
1066 1871 1072 1895 ;
1090 1863 1166 1889 fumo
1180 1862 1286 1890 scilicet
1300 1870 1348 1897 per
1362 1861 1475 1889 insidias
1486 1861 1641 1889 dwmonum
1658 1861 1684 1888 ei
1698 1861 1749 1888 ob-

964 1910 1100 1937 turbante.

1001 1956 1045 1983 96.
1062 1956 1121 1983 Non
1141 1954 1270 1981 omnibus
1288 1953 1390 1988 quibus
1410 1952 1545 1984 dolemus,
1557 1951 1601 1979 his
1614 1957 1642 1979 et
1655 1951 1751 1979 irasci-

967 2009 1038 2028 mur.
1059 2001 1140 2027 Plura
1155 1999 1228 2026 enim
1249 2002 1391 2032 suntquae
1414 1997 1553 2024 tristitiam
1572 1995 1752 2030 doloremque

969 2048 1057 2077 cicul,
1073 2053 1155 2081 quam
1169 2052 1230 2079 qua:
1243 2045 1311 2071 iram
1332 2043 1411 2075 Puta,
1427 2050 1475 2070 vas
1490 2042 1606 2069 fraetum
1618 2045 1676 2073 est;
1689 2048 1752 2075 per-

970 2094 1013 2126 iit,
1027 2101 1075 2120 seu
1097 2092 1228 2119 amissum
1249 2095 1307 2123 est;
1331 2089 1376 2117 hic
1398 2088 1509 2124 quidam
1526 2088 1600 2115 diem
1615 2087 1694 2115 obiit.
1712 2086 1754 2114 0b

969 2141 1028 2168 haec
1039 2139 1112 2167 enim
1126 2142 1153 2165 et
1171 2137 1281 2168 similia,
1296 2136 1422 2163 dolemus
1434 2138 1556 2166 tantum;
1569 2133 1605 2160 ob
1616 2133 1668 2162 alia
1678 2140 1754 2163 vero,

971 2188 1096 2215 dolemus
1107 2185 1188 2213 simul
1199 2188 1228 2211 et
1240 2183 1385 2210 irascimur
1396 2189 1445 2209 seu
1461 2181 1645 2216 indignamur,
1658 2179 1757 2206 animis

935 2239 957 2266 Ῑ)
971 2240 1026 2260 non
1044 2231 1111 2259 satis
1129 2238 1162 2257 ex
1173 2227 1284 2256 virtutis
1304 2227 1411 2255 ratione
1425 2225 1596 2261 compositis.

1008 2278 1052 2306 97.
1080 2276 1196 2304 Animus
1223 2280 1315 2301 rerum
1337 2276 1489 2307 conceptus
1517 2271 1681 2305 suscipiens,
1708 2276 1758 2304 pro

974 2323 1188 2358 uniuscujusque
1203 2320 1308 2347 ratione
1324 2319 1378 2346 alio
1394 2318 1503 2352 alioque
1522 2316 1605 2343 modo
1619 2316 1759 2351 componi-

974 2376 1028 2398 tur.
1043 2370 1111 2397 Dum
1128 2372 1219 2395 autem
1233 2365 1394 2401 spiritaliter
1406 2363 1574 2394 considerat,
1591 2362 1624 2389 ad
1637 2361 1759 2397 singulos

974 2415 1114 2452 spiritales
1135 2420 1233 2440 sensus
1258 2411 1334 2438 varie
1355 2410 1579 2437 transformatur.
1601 2408 1635 2435 At
1656 2407 1684 2434 in
1703 2407 1759 2434 Deo

975 2468 1098 2492 versans,
1113 2459 1204 2486 omnis
1217 2458 1311 2485 formae
1326 2461 1409 2491 atque
1429 2455 1520 2490 figura:
1534 2462 1647 2489 prorsus
1663 2460 1760 2488 expers

975 2508 1102 2538 efficitur.
1125 2506 1191 2541 Ejus
1211 2504 1285 2532 enim
1309 2503 1356 2538 qui
1375 2501 1519 2529 uniformis
1540 2505 1582 2528 est
1604 2499 1761 2527 considera-

978 2556 1063 2586 tione,
1081 2551 1227 2580 uniformis
1239 2550 1297 2584 ipse
1311 2553 1439 2583 totusque
1453 2546 1561 2574 lucidus
1576 2545 1716 2574 redditur.

979 2702 1072 2730 buerit
1098 2700 1231 2727 Maximus
1251 2696 1273 2731 ej
1279 2697 1373 2726 usbem

979 2726 1231 2771 esempla,iomisso
1247 2726 1321 2771 quod
1339 2733 1379 2760 sic
1400 2726 1428 2771 ἴλη
1442 2726 1571 2765 promptu
1589 2731 1649 2771 est1
1657 2726 1764 2771 (ξιξ.υὲ

978 2761 1185 2808 ciiiiu'quisque
1199 2761 1318 2808 esu-qui
1332 2775 1388 2794 non
1404 2761 1566 2808 [ra-cto'vasle

979 2798 1083 2836 doleat.-
1089 2798 1204 2840 perinde
1214 2798 1250 2831 ac
1257 2798 1349 2838 aliquo
1360 2801 1476 2830 amisso?
1488 2800 1526 2827 lta
1534 2798 1652 2832 denique
1665 2802 1764 2831 reprae-

979 2845 1089 2867 sentant
1103 2839 1183 2867 codd.

979 2845 1089 2870 sontant
1103 2845 1183 2868 codd.

1398 2703 1469 2737 pene
1489 2692 1763 2737 ιοηςξτίεεεξιεῑξξξιῑε
