1948 3077
215 168 282 202 1047

829 173 858 202 S.
880 172 1024 202 ΜΑΧΙΜΙ
1044 173 1298 205 CONFESSORIS

1773 171 1845 204 1043

247 225 293 254 98.
319 227 415 255 Annua
435 225 556 260 pcriecla
577 230 630 259 est,
650 226 730 262 cujus
751 235 816 262 pars
838 227 961 262 patibilis
976 235 991 255 ν

1088 231 1143 265 ι-,η’.
1169 229 1250 265 Ψυχή
1275 230 1333 256 ἔστι
1354 229 1463 264 τελεία,
1493 227 1527 265 ἦς
1543 229 1559 264 ὴ
1575 227 1712 264 παθητικὴ
1728 227 1846 262 δύναμις

213 276 272 300 tota
283 272 373 306 vergit
386 271 412 298 in
427 272 523 299 Deum.

245 318 289 345 99.
302 317 377 344 Mens
389 316 508 351 perfecta
521 321 574 349 est,
587 325 648 352 quae
663 326 712 352 per
731 325 825 345 veram
847 318 940 351 fidem,
959 319 1000 353 ip—

209 370 270 389 sum
280 362 458 389 excedentem
478 369 587 390 omnem
600 363 744 390 scientiam
762 363 844 390 modo
855 364 998 391 scientiam

208 415 319 434 omnem
334 407 495 440 excedente,
513 415 596 443 supra
611 415 722 436 omnem
740 409 862 437 scientiae
881 409 994 437 modum

208 454 348 488 cognovit,
371 453 488 489 ejusque
514 461 641 488 operum,
664 455 794 482 universa
817 455 999 490 contemplata

208 503 262 532 est,
282 499 366 534 inque
383 499 424 527 eis
443 500 629 528 Providentiae
646 509 678 528 ac
695 501 792 536 judicii
813 502 999 529 universalem

207 545 351 572 scientiam
370 545 514 581 (quantum
538 538 644 574 scilicet
661 554 822 574 concessum
838 547 999 575 hominibus

207 591 260 626 est)
277 592 394 626 accepit.

242 636 303 663 100.
330 636 452 671 Tempus
467 636 598 664 trifariam
615 637 763 670 dividitur;
783 644 815 664 ac
833 637 945 672 quidem
966 636 998 663 ti-

205 681 264 715 des,
279 682 367 709 tribus
385 683 445 718 ejus
457 683 581 717 partibus
599 683 806 711 coextenditur:
820 691 882 717 spes
893 687 996 714 autem,

206 727 255 754 uni
268 727 420 755 duntaxat:
438 729 569 760 Charitas,
590 729 708 757 duabus.
733 730 772 756 Ae
791 729 903 764 quidem
928 728 997 756 ﬁdes

206 779 288 809 atque
312 782 386 809 spes,
407 775 441 802 ad
463 779 566 802 certam
587 783 675 810 usque
699 775 858 810 periodum;
876 774 997 802 Charitas

206 827 272 848 vero
295 821 323 847 in
347 819 452 848 infinita
474 822 574 848 saecula
595 821 622 848 ei
647 821 733 853 unita,
750 821 798 856 qui
818 828 902 856 super
913 828 996 856 quam

205 865 331 894 inﬁnitus
343 869 394 899 est,
409 874 574 901 semperque
593 866 651 901 ipsa
668 866 759 901 seipsa
781 866 888 894 auctior
901 873 996 900 perse-

205 915 290 939 verat.
308 911 345 939 Ac
356 911 419 939 ideo
434 921 439 938 :
459 911 584 939 Omnibus
597 913 684 948 major
702 917 740 940 est
753 912 870 939 Charitas
889 911 924 939 “.

467 1019 549 1056 m
564 1019 726 1048 EIUSDEM

331 1064 432 1097 Quater
444 1070 553 1092 centena
572 1067 659 1101 capita
678 1067 710 1093 de
730 1067 870 1094 charitate.

241 1111 267 1138 ι.
282 1111 376 1138 Primo
391 1111 546 1139 admiratur
567 1112 676 1139 animus
697 1112 818 1140 divinam
838 1121 889 1148 per
903 1114 996 1141 omnia

205 1159 370 1187 inﬁnitatem
404 1159 538 1194 cogitans,
573 1159 696 1194 illudque
726 1159 934 1195 impermeabile
964 1167 995 1186 ac

205 1206 301 1233 multis
315 1206 476 1233 nominibus
483 1206 634 1240 expetitum
646 1206 759 1241 pelagus
770 1209 911 1240 reputans.
924 1205 995 1232 Tum

205 1255 308 1286 stupet,
325 1251 465 1286 quomodo
487 1259 521 1279 e1
536 1251 633 1284 nihilo,
650 1259 743 1279 rerum
758 1256 788 1278 ut
808 1255 910 1284 essent,
930 1259 995 1286 pro-

205 1297 316 1324 duxerit
336 1301 474 1324 naturam.
489 1296 727 1330 Quemadmodum
742 1305 808 1325 vero
830 1297 997 1332 magnitudi—

205 1343 250 1370 nis
269 1343 329 1378 ejus
350 1351 405 1369 non
424 1347 469 1370 est
487 1343 550 1370 linis
565 1344 599 1375 '9,
615 1343 655 1370 sic
670 1351 760 1378 neque
780 1343 840 1378 ejus
854 1342 996 1378 sapientiae

205 1389 331 1416 inventio
346 1389 486 1416 exsistit‘.

238 1434 267 1461 ἓ.
283 1435 426 1467 Quomodo
439 1435 512 1462 enim
532 1442 587 1461 non
607 1439 725 1470 stupeat,
749 1435 912 1462 immensum
928 1434 995 1462 illud

205 1489 370 1516 omnemque
392 1480 529 1508 excedens
553 1484 705 1514 stuporem,
726 1480 858 1507 bonitatis
883 1481 996 1515 pelagus

204 1526 401 1554 considerans?
425 1525 480 1552 Aut
503 1524 641 1559 quomodo
667 1532 723 1552 non
750 1529 842 1552 mente
869 1525 994 1558 excedat,

205 1579 298 1598 secum
316 1571 374 1606 ipse
387 1570 525 1605 cogitans,
539 1578 592 1605 qua
610 1570 717 1597 ratione
737 1578 769 1597 ac
782 1570 855 1597 unde
871 1574 932 1597 orta
948 1571 994 1603 sit,

205 1617 348 1645 rationalis
365 1617 577 1652 intelligensque
595 1616 761 1649 substantia,
783 1624 891 1644 necnon
924 1625 994 1652 qua-

206 1669 269 1690 tuor
284 1663 432 1694 elementa.
448 1671 482 1690 ex
499 1663 601 1698 quibus
622 1666 687 1689 sunt
702 1670 828 1697 corpora,
843 1670 906 1690 eum
921 1663 997 1690 nulla
1010 1652 1031 1680 ε

205 1708 319 1736 materia
341 1709 493 1744 praeiverit,
516 1708 588 1735 unde
611 1708 669 1735 haec
691 1708 832 1735 orirentur
849 1713 997 1743 essentque

205 1755 393 1790 procreanda?
418 1754 517 1788 Qumve
536 1755 582 1782 illa
602 1755 725 1790 potentia
748 1754 776 1781 in
797 1759 888 1782 aetum
909 1759 994 1786 mota,

205 1800 264 1828 haec
278 1799 305 1826 in
318 1808 411 1828 rerum
434 1803 562 1827 naturam
581 1799 728 1834 produxit?
747 1799 848 1827 Verum
868 1799 955 1827 Grzcci
969 1799 996 1826 id

205 1854 261 1873 non
273 1845 436 1878 admittunt,
449 1845 496 1881 qui
510 1845 727 1880 omnipotentem
743 1844 905 1877 bonitatem,
922 1844 995 1879 ejus-

204 1899 258 1926 que
270 1891 325 1918 vim
337 1891 487 1923 efﬁcacem,
505 1898 670 1925 omnemque
691 1898 801 1918 sensum
816 1889 995 1917 excedentem

205 1937 366 1973 sapientiam
381 1941 409 1964 et
422 1936 576 1969 scientiam,
589 1935 702 1963 minime
716 1935 854 1963 noverint.

239 1982 266 2010 5.
292 1982 364 2010 Deus
391 1982 449 2018 ipse
474 1981 509 2009 ab
532 1987 634 2010 :eterno
654 1982 800 2014 conditor,
830 1989 892 2009 cum
916 1981 994 2014 libet,

205 2029 297 2057 Verbo
310 2028 362 2056 sibi
374 2029 603 2058 eonsubstantiali
616 2036 648 2056 ac
660 2028 763 2063 Spiritu
780 2029 851 2064 (quae
861 2028 920 2063 ejus
932 2027 995 2055 inti-

205 2075 264 2101 nita
277 2074 386 2102 bonitas
402 2075 473 2109 est!)
490 2082 535 2101 res
548 2073 643 2101 condit
657 2081 689 2100 ac
707 2073 782 2101 facit.
804 2073 898 2108 Neque
917 2073 996 2100 dixe-

204 2120 243 2148 ris
257 2129 263 2148 :
279 2120 338 2154 Qua
350 2128 424 2148 nunc
445 2121 552 2147 ratione
564 2119 706 2152 Condidit,
722 2119 769 2154 qui
787 2127 895 2154 semper
907 2119 998 2147 bonus

203 2167 298 2194 esset?
316 2166 385 2194 Nam
406 2169 434 2193 et
458 2173 508 2201 ego
532 2165 713 2200 respondebo,
735 2165 849 2192 infinita:
871 2165 997 2193 essentia;

206 2212 473 2248 imperserutabilem
488 2212 662 2247 sapientiam,
679 2211 730 2239 sub
745 2211 888 2239 scientiam
899 2211 996 2238 huma-

205 2266 269 2286 nam
284 2266 341 2286 non
361 2258 471 2286 cadere.

240 2304 267 2331 4.
294 2303 336 2331 Ab
361 2307 464 2331 aeterno
495 2303 524 2330 in
550 2303 610 2338 ipso
639 2303 873 2338 praeexsistentem
899 2311 993 2331 rerum

203 2350 358 2384 scientiam,
374 2355 443 2383 tum,
457 2357 519 2377 cum
538 2350 652 2386 placuit,
665 2350 794 2377 conditor
805 2350 926 2378 essentia
940 2350 991 2377 do-

202 2397 279 2424 navit
293 2401 374 2431 atque
392 2395 532 2431 produxit.
551 2395 709 2423 Absurdum
725 2395 799 2422 enim
820 2399 862 2423 est
879 2396 905 2422 in
923 2395 990 2429 Deo,

202 2441 250 2477 qui
277 2442 313 2469 sit
338 2442 522 2476 omnipotens,
544 2441 681 2474 dubitare,
711 2449 746 2468 an
772 2441 859 2476 possit
886 2441 990 2476 aliquid

202 2487 321 2515 essentia
333 2488 438 2515 donare
454 2495 486 2514 ac
498 2487 662 2522 producere,
675 2495 737 2514 eum
747 2487 871 2514 libuerit.

237 2545 264 2572 5.
277 2545 462 2577 Quamobrem
482 2545 555 2572 Deus
571 2552 616 2571 res
631 2543 807 2576 Condiderit.
825 2551 916 2578 qua:re
927 2552 933 2577 ;
946 2548 989 2571 est

200 2590 275 2617 enim
290 2598 335 2618 res
351 2590 485 2626 ejusmodi
505 2598 566 2625 quae
587 2590 651 2617 sciri
675 2593 767 2624 queat.
783 2589 926 2622 Quomodo
941 2597 990 2616 au-

202 2643 255 2663 tem
277 2643 310 2663 ac
331 2644 413 2670 quam
434 2636 469 2663 ob
496 2643 606 2663 causam
629 2635 748 2667 naviter,
770 2635 827 2662 noli
847 2643 987 2670 qumrere;

202 2691 290 2718 neque
307 2684 380 2710 enim
399 2683 472 2711 istud
491 2683 544 2710 tale
565 2687 618 2715 est,
639 2682 712 2717 quod
735 2683 763 2709 in
778 2687 899 2709 mentem
914 2687 989 2708 tuam

201 2730 291 2757 (adat.
312 2730 473 2757 Divinorum
498 2729 582 2760 enim,
605 2729 657 2755 alia
680 2728 844 2762 mortalibus
863 2735 989 2762 compre-

202 2775 286 2805 hendi
308 2780 432 2812 possunt,
445 2775 498 2803 alia
517 2775 556 2803 eis
575 2775 804 2810 incomprehensa
827 2774 983 2801 exsistunt:

236 2866 259 2881 "‘
273 2866 284 2894 l
296 2866 359 2894 Cor.
375 2873 432 2898 xm,
450 2867 481 2892 l3
532 2866 553 2881 9“
571 2865 639 2892 Psal.
659 2873 745 2898 cxuv,
759 2866 784 2892 3.

1052 273 1177 301 νένευκεν
1193 274 1323 306 ὁλοτελῶς
1339 274 1408 310 πρὸς
1420 274 1496 301 Θεόν.

1086 318 1138 352 ιιοι.
1165 318 1237 350 Νοῦς
1259 320 1317 346 ἐστι
1343 319 1462 351 τέλειος,
1487 319 1502 344 ὁ
1524 318 1568 346 διὰ
1580 318 1696 349 πίστεως
1712 317 1843 353 ἀληθοῦς,

1050 363 1096 391 τὸν
1108 365 1157 390 ὑπε
1163 364 1317 398 ράγνωστον
1331 363 1549 400 ὑπεραγνώστως
1565 363 1779 400 ὑπερεγνωκώς-
1797 363 1844 390 καὶ

1050 409 1104 436 τῶν
1119 410 1199 437 αὺτοῦ
1213 411 1474 446 δημιουργημάτων,
1487 410 1522 437 τὰ
1536 410 1650 437 καθόλου
1663 410 1842 445 Θεασάμενος·

1050 456 1098 482 καὶ
1113 456 1162 490 τῆς
1176 456 1204 482 ἐν
1218 457 1310 488 αὐτοῖς
1327 456 1459 492 Προνοίας
1476 456 1522 482 καὶ
1538 455 1674 491 κρίσεως,
1700 454 1749 489 τὴν
1763 463 1844 490 περι--

1049 501 1184 537 ληπτικὴν
1198 501 1298 536 γνῶσιν
1314 502 1389 537 παρὰ
1403 501 1471 529 Θεοῦ
1484 501 1602 537 εἰληφώς
1616 510 1622 517 ·
1640 500 1677 533 ὡς
1692 502 1721 527 ὲν
1735 500 1844 536 ἀνθρώ-

1050 557 1112 581 ποις
1125 548 1152 574 δέ
1168 557 1250 585 φημι.

1085 640 1118 672 ρ’.
1146 637 1253 673 Τριχῶς
1267 638 1394 672 τέμνεται
1408 638 1421 664 ὁ
1435 638 1531 673 χρόνος
1542 645 1549 652 ”
1578 638 1625 664 καὶ
1638 637 1655 672 ἡ
1672 636 1722 672 μὲν
1737 636 1842 668 πίστις,

1047 684 1105 714 τοῖς
1125 682 1201 717 τρισὶ
1223 682 1473 718 συμπαρατείνεται
1494 682 1620 718 τμήμασι
1633 689 1640 696 ·
1669 683 1685 716 ὴ
1701 681 1729 708 δὲ
1750 681 1841 713 ἐλπὶς,

1048 727 1086 763 τῷ
1110 728 1168 754 ἑνί·
1199 729 1215 764 ή
1236 728 1264 755 δὲ
1283 728 1389 764 ἀγάπη,
1411 729 1467 760 τοῖς
1482 727 1552 755 δυσί.
1584 728 1639 755 Καὶ
1653 728 1669 763 ὴ
1685 728 1733 763 μὲν
1749 727 1842 758 πίστις

1048 775 1095 802 καί
1110 775 1186 806 ἐλπὶς
1201 775 1281 810 μέχρι
1294 774 1375 807 τινός·
1389 776 1405 810 ή
1418 774 1447 801 δὲ
1461 775 1565 809 ἀγάπη,
1583 774 1623 806 είς
1635 774 1765 809 ἀπείρους
1774 773 1842 800 αἰῶ-

1048 829 1096 852 νας
1124 820 1162 855 τῷ
1188 821 1365 856 ὐπεραπείρῳ
1380 821 1577 856 ὑπερηνωμένη
1592 841 1599 852 ,
1626 820 1673 846 καὶ
1696 820 1740 846 ἀεὶ
1754 819 1841 853 ὑπερ-

1048 866 1167 899 αύξουσα
1181 865 1313 902 διαμένει.
1342 866 1397 892 Καὶ
1412 865 1456 892 διὰ
1469 865 1548 892 τοῦτο
1560 885 1568 897 ,
1594 863 1706 895 Μειζων
1718 863 1842 891 πάντων

1010 903 1031 930 Β
1046 911 1066 945 ἠ
1076 909 1187 945 ἀγάπη.

1342 1023 1408 1049 ΤΟΥ
1434 1024 1457 1050 Δ
1464 1022 1552 1049 ΥΤΟΥ

1080 1069 1151 1103 Περὶ
1168 1069 1291 1103 ἀγάπης
1309 1068 1433 1103 τετάρτη
1448 1069 1618 1102 κεφαλαίων
1630 1067 1802 1101 ἑκατοντάς.

1080 1118 1114 1142 α’.
1132 1114 1243 1150 Πρῶτον
1260 1114 1309 1150 μὲν
1325 1114 1461 1149 θαυμάζει
1476 1115 1490 1141 ὁ
1505 1114 1567 1145 νοῦς
1580 1113 1628 1150 τὴν
1644 1114 1719 1141 θείαν
1733 1114 1840 1141 ἐννοού-

1047 1169 1126 1197 μενος
1141 1159 1212 1187 κατὰ
1225 1160 1314 1187 πάντα
1327 1160 1463 1194 ἀπειρίαν,
1479 1160 1527 1186 καὶ
1541 1159 1572 1186 τὸ
1586 1159 1734 1186 ἁνέκϐατον
1749 1160 1839 1186 ἐκεῖνα

1045 1208 1093 1234 καὶ⁹
1108 1207 1295 1242 πολυπόθητον
1310 1206 1437 1240 πέλαγος.
1456 1206 1588 1241 Δεύτερον
1600 1206 1628 1232 δὲ
1642 1205 1838 1241 ἐκπλήττεται,

1047 1252 1106 1284 πῶς
1117 1253 1149 1278 ὲκ
1163 1252 1210 1279 τοῦ
1225 1252 1338 1288 μηδενὸς
1355 1253 1404 1288 τὴν
1421 1252 1475 1278 τῶν
1486 1252 1569 1278 ὄντων
1583 1253 1623 1283 εἰς
1640 1251 1669 1278 τὸ
1682 1250 1750 1279 εἶναι
1765 1260 1841 1287 παρ-

1046 1299 1148 1333 ήγαγεν
1164 1297 1291 1333 ὕπαρξιν.
1313 1297 1383 1324 Ἀλλ’
1411 1297 1505 1332 ὥσπερ
1525 1298 1573 1333 τῆς
1594 1297 1779 1332 μεγαλοσύνης
1790 1297 1841 1324 αὖ·

1046 1344 1094 1370 τοῦ
1108 1344 1157 1370 οὐκ
1172 1344 1229 1370 ἐστι
1242 1344 1339 1379 πέρας.
1355 1343 1441 1374 οὕτως
1456 1343 1515 1369 οὐδὲ
1527 1344 1576 1378 τῆς
1588 1343 1744 1378 φρονήσεως
1756 1342 1839 1370 αὑτοῦ

1046 1390 1119 1416 ἐστιν
1137 1389 1255 1425 εὕρεσις.

1083 1436 1114 1472 β’.
1144 1435 1206 1468 Πῶς
1224 1436 1278 1471 γὰρ
1306 1435 1336 1462 οὗ
1354 1435 1487 1470 θαυμάζει
1501 1435 1531 1461 τὸ
1545 1434 1660 1462 ἄπλετον
1672 1435 1758 1461 ἐκεῖνο
1771 1434 1841 1461 θεω-

1047 1483 1113 1519 ρῶν,
1141 1483 1187 1511 καὶ
1213 1483 1283 1518 ὑπὲρ
1297 1481 1428 1518 ἔκπληξιν
1453 1482 1502 1516 τῆς
1517 1481 1684 1516 ἀγαθότητος
1697 1479 1815 1513 πέλαγος
1830 1488 1839 1511 ;

1047 1530 1081 1555 Ἢ
1099 1529 1157 1561 πῶς
1174 1529 1224 1556 οὐκ
1236 1528 1385 1561 ἐξίσταται,
1413 1527 1598 1563 ἐννοούμενος,
1626 1527 1684 1558 πῶς
1697 1526 1744 1552 καὶ
1757 1526 1840 1553 πόθεν

1046 1576 1062 1611 ἦ
1077 1584 1106 1601 τε
1119 1575 1215 1610 λογικὴ
1230 1575 1277 1601 καὶ
1290 1575 1370 1609 νοερὰ
1383 1574 1494 1608 γέγονεν
1506 1573 1594 1605 οὐσία,
1611 1572 1657 1598 καὶ
1671 1572 1704 1598 τὰ
1716 1571 1839 1606 τέσσαρα.

1048 1621 1167 1656 στοιχεῖα
1177 1642 1184 1653 ,
1203 1620 1232 1653 ἐξ
1247 1617 1284 1647 ὧν
1299 1621 1334 1647 τὰ
1348 1620 1472 1654 σώματα,
1489 1619 1622 1654 μηδεμιᾶς
1636 1617 1702 1652 ὕλης
1713 1617 1763 1651 τῆς
1775 1615 1839 1643 τού-

1047 1675 1103 1693 των
1126 1665 1340 1700 προῦπαρξάσης
1363 1665 1512 1699 γενέσεως;
1537 1664 1606 1690 Ποία
1627 1671 1657 1689 τε
1685 1663 1701 1697 ἡ
1721 1663 1839 1696 δύναμις

1047 1711 1150 1746 ἐκείνη,
1167 1711 1184 1746 ἡ
1196 1712 1236 1742 είς
1250 1710 1389 1746 ἐνέργειαν
1403 1709 1555 1744 κινηθεῖσα,
1570 1708 1657 1735 ταῦτα
1671 1708 1712 1738 εἰς
1725 1707 1756 1733 τδ
1768 1704 1838 1733 εἶναι

1048 1758 1228 1793 παρήγαγενς
1251 1756 1333 1783 Ἀλλὰ
1345 1756 1425 1783 τοῦτο
1440 1755 1575 1790 Ἑλλήνων
1590 1754 1684 1785 παῖδες
1700 1753 1729 1780 οὐ
1746 1760 1836 1789 παρα-

1045 1804 1187 1839 δέχονται,
1217 1802 1378 1837 ἀγνοοῦντες
1392 1802 1441 1838 τὴν
1454 1799 1658 1835 παντοδύναμον
1670 1799 1838 1834 ἀγαθότητα,

1047 1849 1093 1874 καὶ
1115 1847 1163 1882 τὴν
1183 1847 1345 1882 δραστήριον
1362 1847 1447 1881 αὐτῆς
1463 1845 1510 1872 καὶ
1524 1845 1593 1881 ὑπὲρ
1607 1844 1668 1872 νοῦν
1680 1844 1776 1879 σοφίαν
1791 1844 1838 1870 καὶ

1047 1903 1155 1929 γνωσιν.

1082 1986 1117 2017 γ’.
1143 1983 1187 2016 Ἐξ
1211 1982 1295 2009 ἀϊδίου
1319 1980 1483 2016 δημιουργὸς
1506 1979 1636 2015 ὑπάρχων
1656 1979 1670 2004 ὁ
1690 1977 1767 2009 Θεδς,
1793 1977 1837 2003 ὅτε

1049 2030 1174 2065 βούλεται
1196 2029 1358 2064 δημιουργεῖ
1380 2027 1460 2061 Λόγῳ
1482 2025 1616 2062 ὁμοουσίῳ
1637 2024 1684 2051 καὶ
1696 2023 1838 2058 Πνεῦματι

1046 2076 1079 2103 δι’
1090 2077 1202 2111 ἄπειρον
1217 2074 1382 2109 ἀγαθότητα.
1402 2073 1457 2100 Καὶ
1524 2072 1619 2107 εἴπῃς,
1643 2070 1704 2097 Τίνι
1716 2069 1755 2104 τῷ
1766 2069 1839 2105 λόγῳ

1046 2122 1094 2149 νῦν
1108 2121 1324 2157 ἐδημιούργησεν
1338 2119 1380 2146 ἀεὶ
1391 2118 1490 2153 ἀγαθὸς
1502 2117 1630 2153 ὑπάρχων
1642 2125 1650 2149 ;
1660 2115 1745 2147 Ἐπεὶ,
1760 2114 1839 2149 κάγώ

1047 2176 1088 2194 σοι
1113 2167 1199 2202 λέγω,
1227 2167 1268 2193 ὅτι
1293 2167 1310 2201 ἡ
1334 2166 1383 2201 τῆς
1395 2164 1509 2200 ἀπείρου
1529 2163 1622 2194 οὐσίας
1636 2161 1839 2196 ἀνεξιχνίαστος

1047 2214 1138 2248 σοφία,
1157 2214 1191 2249 τῇ
1205 2211 1362 2247 ἀνθρωπίνῃ
1376 2210 1425 2246 οὐχ
1439 2209 1587 2237 ὑποπίπτει
1598 2207 1706 2243 γνώσει.

1081 2303 1110 2331 δ’.
1135 2303 1190 2338 Τὴν
1205 2302 1233 2335 ἐξ
1251 2300 1334 2329 ἀϊδίου
1351 2301 1380 2327 ὲν
1395 2299 1469 2335 αὐτῷ
1479 2300 1493 2325 ὁ
1504 2297 1675 2333 Δημιουργδς
1688 2295 1741 2322 τῶν
1753 2296 1839 2322 ὄντων

1046 2349 1276 2384 προϋπάρχουσαν
1298 2346 1407 2381 γνῶσιν,
1433 2346 1476 2371 ὅτε
1494 2344 1636 2379 ἐϐουλήθη,
1660 2342 1775 2368 οὺσῐωσε
1792 2341 1839 2368 καὶ

1045 2394 1221 2431 προεϐάλετο.
1248 2394 1365 2420 ¹Ἄτοπον
1378 2392 1433 2427 γάρ
1449 2392 1521 2417 ἐστιν
1535 2390 1582 2417 ἐπὶ
1594 2388 1660 2416 Θεοῦ
1675 2387 1722 2414 τοῦ
1736 2395 1837 2414 παντο-

1044 2441 1162 2476 δυνάμου
1178 2439 1313 2472 διστάσαι,
1342 2439 1366 2464 εί
1380 2437 1492 2465 δύναταί
1507 2445 1533 2462 τι
1549 2435 1691 2466 οὐσιῶσαι,
1716 2435 1760 2461 ὅτε
1775 2433 1838 2468 βού-

1043 2487 1130 2514 λεται.

1078 2546 1108 2569 ε’.
1127 2541 1165 2568 Δι’
1176 2541 1210 2576 ἣν
1226 2541 1276 2576 μὲν
1293 2540 1382 2568 αἰτίαν
1398 2541 1412 2566 ὁ
1425 2539 1490 2570 Θεὸς
1505 2537 1715 2573 ἐδημιούργησε,
1738 2536 1816 2572 ζήτει
1828 2545 1836 2554 ·

1037 2589 1096 2616 ἐστὶ
1109 2589 1163 2624 γὰρ
1177 2588 1288 2623 γνῶσις.
1314 2588 1350 2615 Τὸ
1365 2588 1392 2614 δὲ
1409 2586 1478 2619 πῶς.
1495 2586 1543 2613 καὶ
1557 2585 1600 2612 διὰ
1614 2584 1640 2611 τί
1656 2584 1836 2620 προσφάτως.

1040 2634 1077 2670 μὴ
1100 2633 1194 2670 ζήτει⁸
1223 2634 1273 2660 οὐκ
1296 2633 1353 2660 ἐστι
1375 2632 1429 2668 γὰρ
1454 2631 1494 2667 τῷ
1520 2631 1558 2666 σῷ
1579 2629 1769 2657 ὑποπίπτουσα
1784 2629 1834 2663 νῷ.

1037 2681 1110 2707 Διότι
1127 2681 1181 2706 τῶν
1197 2680 1288 2712 θείων,
1305 2679 1340 2706 τὰ
1355 2679 1405 2715 μὲν
1418 2678 1523 2714 ληπτὰ,
1551 2677 1586 2704 τὰ
1598 2676 1637 2708 δὲ,
1654 2675 1763 2710 ἄληπτα
1780 2676 1837 2706 τοῖς

1038 2726 1203 2762 ἀνθρώποις.
1232 2726 1342 2760 Θεωρία
1357 2725 1410 2760 γὰρ
1424 2724 1622 2760 ἁχαλίνωτος,
1639 2721 1716 2757 τάχα
1731 2721 1770 2748 ἂν
1785 2720 1835 2747 καὶ

1040 2772 1115 2799 κατὰ
1131 2772 1271 2807 κρημνῶν
1285 2772 1402 2804 ὤσειεν,
1418 2771 1455 2803 ὡς
1469 2771 1521 2807 ἔφη
1534 2775 1581 2802 τις
1591 2769 1646 2796 τῶν
1658 2768 1752 2803 ἁγίων.

853 2863 959 2891 Baruclt
988 2870 1028 2897 ιιι,
1046 2863 1091 2891 18.
