1948 3077
128 178 200 211 1049

566 180 732 211 CAPITUM
752 180 801 211 DE
820 180 1035 211 ClIARITATE
1053 182 1245 214 CENTURIA
1267 185 1317 215 IV.

1691 189 1760 223 1050

130 235 324 271 Contemplatio
348 235 422 264 cnim
445 244 497 263 non
519 237 631 264 coercita
657 245 688 264 ac
711 236 827 270 liberior,
846 236 914 271 forte
932 237 1011 264 etimit
1033 238 1059 264 ἱιι
1081 247 1196 274 ιιι-(περι
1232 245 1307 276 agat,
1325 245 1356 268 ut
1393 245 1434 270 est
1455 244 1542 273 sancti
1562 245 1706 281 cujusdam
1720 247 1756 283 (b)

130 282 282 310 sententia.

163 327 203 361 ς’.
237 328 316 359 Τινές
343 336 410 362 φασι
436 328 619 364 συνυπάρχειν
645 328 675 361 ἐξ
697 327 783 355 ὰῖδίου
803 328 843 363 τῷ
863 328 914 362 Θεᾷ

1007 329 1089 365 445
1105 331 1131 358 6.
1153 331 1224 360 Sunt
1239 333 1287 368 qui
1305 333 1400 361 dicant
1416 341 1462 362 res
1483 340 1590 363 creatas
1606 337 1640 363 ab
1655 342 1761 366 :eterno

123 375 160 401 τὰ
183 374 426 409 δημιουργήματα,
449 375 518 409 ὅπερ
539 375 690 410 ἀμήχανον.
720 375 781 406 Πῶς
802 375 857 410 γὰρ
881 375 920 410 τῷ

126 420 215 454 πάντη
231 419 352 454 ἀπείρῳ,
379 419 413 446 τὰ
428 419 498 446 κατὰ
514 419 603 446 πάντα
617 420 828 454 πεπερασμένα,
856 428 919 446 συν-

126 465 261 500 υπάρχειν
276 465 385 491 δύναται
401 465 431 497 ἐξ
442 465 544 498 ἀϊδίους
572 465 588 500 ῆ
605 465 664 496 πῶς
678 465 780 501 κυρίως
792 465 919 501 δημιουρ-

125 512 258 546 γήματα,
286 511 311 538 εί
339 512 461 538 συναῖδια
481 512 521 546 τῷ
543 511 726 546 Δημιουργῷ;
749 511 818 538 Ἀλλ’
841 509 918 543 οὗτος

124 555 140 581 ὁ
167 555 246 590 λόγος
270 555 324 582 τῶν
348 556 482 591 Ἑλλήνιον
505 555 595 582 ἐστίν·
624 556 722 588 οἵτινες
744 556 843 583 οὐσιῶν
868 557 917 592 μὲν

124 601 250 636 οὐδαμῶς
262 620 271 633 ,
301 601 452 636 ποιοτήτων
471 601 500 627 δὲ
522 600 601 636 μόνον
615 601 780 637 δημιουργὸν
794 601 839 628 τὸν
851 601 917 628 Θεὸν

123 646 292 680 εἰσάγουσιν.
316 645 412 681 Ἡμεῖς
429 645 458 672 δὲ
483 646 528 673 τὸν
550 646 752 681 παντοδύναμον
766 647 917 681 ἐγνωκότες

122 691 206 723 Θεὸν,
232 692 263 718 οὐ
277 692 438 727 ποιοτήτων,
464 691 520 718 ἀλλ’
531 691 630 718 οὐσιῶν
644 692 851 727 πεποιωμένων,
867 692 915 728 δη-

124 739 256 774 μιουργὸν
272 738 353 766 αὐσδν
367 736 438 765 εἷναί
454 747 554 774 φαμεν.
572 739 603 766 El
618 739 647 766 δὲ
661 739 751 772 τοῦτο,
767 739 817 767 οὒκ
831 739 861 773 ἐξ
872 740 915 767 αἳ-

121 785 179 811 δίου
197 785 376 820 συνύπαρκτα
388 785 427 820 τῷ
439 784 499 820 Θεῷ
512 785 547 812 τὰ
560 785 802 821 δημιουργήματα.

157 925 191 958 ζ’.
219 926 300 953 Κατά
323 935 348 953 τι
373 926 424 962 μὲν
439 926 559 961 γνωστὸν
583 927 614 954 τὸ
632 927 708 955 Θετον
725 928 821 955 καὶτὰ
833 928 910 956 θεῖα·

119 972 192 999 κατά
213 980 240 999 τι
259 972 298 1005 δὲ,
318 972 469 1007 ἄγνωστον.
499 973 554 1000 Καὶ
568 974 688 1007 γνωστὸν
701 975 759 1010 μὲν,
777 976 833 1007 τοῖς
848 976 912 1012 περὶ

118 1019 186 1046 αὐτὸ
201 1019 388 1055 θεωρήμασιν·
407 1019 546 1054 ἄγνωστον
557 1019 596 1052 δὲ,
611 1020 669 1052 τοῖς
681 1021 741 1047 κατ’
752 1021 828 1047 αὑτό.

152 1113 189 1149 η’.
216 1113 266 1149 Μὴ
278 1113 349 1146 ἕξεις
370 1113 417 1140 καὶ
430 1113 652 1148 ἔπιτηδειὸτητας
667 1113 787 1150 ζητήσῃς
802 1114 849 1141 ἐπὶ
861 1115 910 1150 τῆς

116 1159 206 1193 ἁπλῆς
232 1159 279 1186 καὶ
304 1159 418 1193 ἀπείρου
440 1159 532 1191 οὐσίας
548 1159 599 1194 τῆς
614 1160 694 1194 ἁγίας
707 1161 839 1196 Τριάδος,
867 1162 911 1189 ἵνα

118 1205 156 1240 μὴ
184 1204 311 1231 σύνθετον
335 1204 418 1240 αὐτὴν
444 1205 578 1240 ποιήσῃς,
606 1205 700 1241 ὥσπερ
713 1207 747 1233 τὰ
762 1207 909 1242 κτίσματα·

114 1251 184 1286 ὅπερ
199 1251 300 1278 ἄτοπον
314 1251 360 1277 καὶ
376 1251 504 1286 ἀθέμιτον
518 1251 564 1277 ἐπὶ
579 1251 646 1277 Θεοῦ
663 1253 799 1287 ἐννοῆσαι.

151 1296 185 1323 0'.
214 1297 290 1331 Μόνη
309 1296 382 1330 ἁπλῆ
407 1297 454 1323 καὶ
470 1297 609 1332 μονοειδὴς
635 1298 682 1324 καὶ
697 1297 838 1336 ἄποιοςω
863 1300 910 1327 καὶ

114 1342 256 1377 εἰρηναῖος
284 1342 332 1368 καὶ
356 1342 555 1376 ἀστασίαστος,
583 1343 600 1378 ή
626 1343 741 1379 ἄπειρος
759 1345 838 1371 οὐσία
862 1346 909 1372 καὶ

115 1388 323 1423 παντοδύναμος
350 1389 396 1414 καὶ
412 1388 596 1424 δημιουργικὴ
611 1389 665 1416 τῶν
679 1390 759 1420 ὅλων.
787 1391 865 1417 Πᾶσα
879 1391 908 1418 δὲ

116 1434 133 1468 ἠ
149 1433 239 1465 κτίσις
251 1453 259 1464 .
289 1433 415 1463 σύνθετος
428 1433 545 1469 ὑπάρχει
560 1435 589 1466 ἐξ
602 1434 695 1466 οὐσίας
710 1436 756 1462 καὶ
770 1436 908 1472 συμὸεὒη-

114 1479 194 1510 κότος
206 1485 212 1493 ·
241 1478 289 1505 καὶ
303 1477 412 1513 ἐπιδεὴς
427 1478 470 1505 ἀεὶ
485 1480 534 1514 τῆς
548 1479 622 1512 θείας
636 1480 774 1516 προνοίας,
793 1481 831 1513 ὡς
844 1491 907 1518 τρο-

113 1522 170 1557 πῆς
185 1522 236 1549 οὐκ
250 1523 392 1558 ἐλευθέρα.

151 1571 176 1595 ι’.
204 1569 283 1596 Πᾶσα
307 1571 323 1605 ή
348 1571 428 1606 νοερὰ
444 1571 521 1598 οὐσία
534 1591 542 1604 ,
572 1571 619 1598 καὶ
633 1571 795 1607 αἰσθητικὴ,
811 1572 907 1600 ἐλαϐεν

112 1613 242 1648 δυνάμεις
267 1614 343 1650 παρὰ
364 1615 432 1642 Θεοῦ
459 1616 499 1648 είς
519 1616 550 1642 τὺ
561 1613 630 1643 εἶναι
646 1616 818 1652 παραχθεῖσα
832 1618 906 1644 ἀντι-

111 1659 248 1694 ληπτικὰς
263 1661 316 1687 τῶν
331 1661 424 1689 ὗντωψ
442 1663 459 1697 ἡ
475 1663 525 1697 μὲν
540 1662 622 1697 νοερὰ
648 1662 698 1695 τὰς
714 1664 830 1699 νοήσεις·
848 1665 865 1700 ή
875 1664 904 1691 δὲ
917 1674 938 1703 c

113 1706 270 1742 αἰσθητικὴ,
289 1707 339 1739 τὰς
354 1708 434 1735 alcon
440 1717 506 1740 σεις.

147 1790 194 1817 ια’.
216 1790 246 1817 '0
262 1791 310 1825 μὲν
323 1791 389 1823 Θεὸς
401 1811 409 1823 ,
438 1794 583 1827 μετέχεται
599 1794 680 1828 μόνον
691 1801 698 1808 ·
728 1794 745 1829 ἡ
761 1793 790 1820 δὲ
804 1793 902 1826 κτίσις,

111 1835 159 1863 καὶ
185 1836 294 1871 μετέχει
325 1837 372 1863 καὶ
393 1838 565 1872 μεταδίδωσι.
596 1839 649 1864 Καὶ
668 1839 778 1873 μετέχει
793 1839 842 1873 μὲν
855 1838 903 1865 τοῦ

111 1880 180 1908 εἶναι
191 1902 199 1913 ,
228 1882 274 1912 καὶ
288 1882 335 1908 τοῦ
349 1881 379 1909 εὖ
393 1881 461 1910 εἶναι
471 1892 478 1898 ·
498 1884 658 1919 μεταδίδωσι
669 1884 709 1916 δὲ,
725 1884 771 1911 τοῦ
788 1882 817 1911 εὖ
833 1882 902 1911 εἶναι

112 1927 203 1962 μόνον·
217 1927 275 1954 ἀλλ’
286 1928 387 1964 ἑτέρως
400 1929 448 1964 μὲν
460 1930 476 1966 ή
490 1931 644 1962 σωματικὴ,
657 1930 757 1966 ἑτέρως
769 1930 796 1957 δὲ
808 1932 824 1966 ἡ
836 1930 905 1958 ἀσώ-

111 1983 197 2011 ματος
210 1975 300 2002 οὗσία.

145 2065 191 2100 ιβ’.
215 2065 248 2093 Ἦ
273 2067 321 2102 μὲν
347 2066 492 2103 ἀσώματος
519 2067 606 2100 οὐσία,
640 2068 687 2095 καὶ
709 2068 826 2102 λέγουσα
853 2070 900 2096 καὶ

109 2111 268 2146 πράττουσα
282 2113 329 2139 καὶ
344 2112 519 2149 Θεωρουμένη
533 2113 583 2148 (d),
601 2113 648 2140 τοῦ
662 2112 691 2141 εὖ
707 2113 776 2141 εἶναι
793 2115 900 2150 μεταδί-

109 2156 199 2184 δωσιν·
219 2159 236 2193 ἡ
251 2157 280 2184 δὲ
296 2159 450 2195 σωματικὴ,
467 2159 641 2196 Θεωρουμένη
657 2161 748 2195 μόνον.

147 2251 244 2286 ’Cant.
262 2265 301 2291 ιιι,
314 2257 357 2284 20.

970 375 1028 403 Deo
1054 377 1233 410 coexsistere,
1253 379 1327 413 quod
1353 384 1396 407 est
1416 381 1596 416 impossibile.
1616 383 1758 416 Quomodo

969 421 1042 448 enim
1071 423 1158 456 possit
1182 423 1252 457 ﬁeri,
1275 429 1305 452 ut
1327 434 1389 460 quze
1411 427 1501 454 modis
1526 428 1656 455 omnibus
1681 430 1757 457 [inita

969 471 1044 499 sunt,
1052 467 1087 494 ab
1101 473 1204 496 interno
1218 469 1442 503 illicoexsistant.
1457 472 1504 507 qui
1524 480 1574 507 per
1587 473 1676 500 omnia
1697 474 1758 500 infi-

968 511 1044 538 nitus
1065 513 1125 539 est?
1144 519 1191 541 aut
1202 515 1340 548 quomodo
1353 520 1489 544 creaturae
1500 525 1564 545 vere
1584 526 1616 545 ac
1634 520 1755 554 proprie.

967 563 1029 590 qua:
1047 556 1173 584 Creatori
1195 564 1276 594 atque
1297 561 1400 588 auctori
1424 566 1567 590 coaeternus
1582 563 1716 590 exsistant
1729 565 1759 592 '?

968 602 1069 630 Verum
1081 603 1208 631 doctrina
1224 605 1282 633 haec
1295 605 1453 634 Graecorum
1465 612 1517 640 est,
1532 608 1579 643 qui
1599 609 1683 636 Deum
1702 618 1756 638 nou

966 649 1079 683 quidem
1091 649 1323 685 substantiarum,
1336 652 1384 679 sed
1405 653 1578 681 solummodo
1592 655 1756 689 qualitatum

966 694 1140 723 conditorem
1152 703 1213 724 esse
1229 697 1346 725 tradant.
1362 698 1417 726 Nos
1429 697 1496 726 vero
1508 700 1555 734 qui
1569 700 1654 727 Deum
1667 701 1756 728 omni-

965 745 1106 774 potentem
1121 742 1291 775 noverimus,
1306 751 1361 770 non
1372 744 1546 778 qualitatum,
1564 745 1612 773 sed
1625 746 1755 774 substan—

964 786 1066 814 tiarum
1094 787 1148 815 illis
1171 788 1357 822 imbularum,
1380 789 1471 825 ipsum
1496 791 1668 819 conditorem
1693 800 1754 820 esse

964 830 1091 859 dicimus.
1107 832 1185 865 Quod
1205 833 1228 860 si
1246 834 1283 861 ita
1305 840 1357 867 est,
1381 843 1443 870 quae
1457 840 1521 864 sunt
1540 842 1632 864 creata
1647 846 1703 865 non
1717 838 1753 866 ab

962 883 1077 910 aeterno,
1091 879 1148 907 Deo
1157 880 1340 908 coexsistunt.

999 926 1024 953 7.
1041 925 1142 953 Partim
1156 927 1228 955 Deus
1238 929 1365 964 cognosci
1378 932 1469 964 potest
1482 937 1514 958 ac
1527 930 1636 964 divina;
1650 932 1751 966 partim

961 971 1043 999 nobis
1072 972 1182 1008 ignotus
1208 977 1262 1001 est.
1293 973 1332 1001 Ac
1357 974 1469 1009 quidem
1494 977 1622 1011 cognosci
1648 981 1749 1012 potest,

962 1022 1095 1052 quantum
1112 1017 1147 1045 ad
1167 1026 1211 1050 ea,
1222 1026 1283 1053 qua:
1297 1024 1362 1046 sunt
1379 1020 1452 1047 circa
1474 1020 1565 1055 ipsum
1579 1021 1750 1050 theoremata

961 1067 989 1090 et
998 1070 1093 1096 sensa;
1113 1063 1186 1098 quod
1205 1070 1273 1090 vero
1290 1063 1347 1098 ipse
1360 1064 1477 1097 exsistit,
1494 1065 1604 1100 ignotus
1616 1070 1669 1093 est.

996 1106 1022 1134 8.
1045 1106 1107 1134 Noli
1124 1107 1152 1134 in
1171 1107 1289 1142 simplici
1309 1115 1341 1134 ac
1360 1107 1467 1135 infinita
1486 1114 1587 1137 sanctae
1604 1109 1750 1138 Trinitatis

960 1152 1114 1181 substantia
1128 1153 1241 1180 habitus
1252 1156 1279 1180 et
1298 1153 1454 1181 habilitates
1472 1162 1608 1189 qumrere,
1623 1163 1658 1182 ne
1671 1162 1748 1182 com-

959 1198 1076 1232 positam
1089 1206 1148 1225 eam
1165 1198 1277 1231 feceris,
1290 1199 1407 1234 perinde
1427 1207 1460 1227 ac
1475 1205 1567 1228 creata
1581 1209 1588 1228 :
1605 1201 1679 1236 quod
1697 1201 1748 1228 ab-

959 1244 1073 1271 surdum
1087 1247 1115 1271 et
1125 1244 1202 1271 nefas
1222 1244 1249 1272 in
1266 1245 1322 1272 Deo
1335 1245 1467 1280 cogitare.

993 1289 1020 1316 9.
1038 1289 1100 1316 Sola
1122 1290 1239 1324 simplex
1259 1295 1288 1318 et
1309 1292 1468 1325 uniformis,
1492 1292 1622 1327 nullaque
1642 1292 1746 1320 imbuta

958 1334 1138 1368 qualitate,et
1150 1340 1246 1370 pacata
1261 1340 1289 1363 et
1308 1338 1466 1371 tranquilla,
1484 1337 1591 1364 infinita
1609 1342 1637 1365 et
1654 1337 1745 1365 omni-

958 1384 1065 1414 potens,
1076 1381 1253 1415 omniumque
1262 1381 1386 1409 cll'ectrix
1401 1382 1530 1409 essentia.
1546 1381 1641 1409 Omnis
1655 1387 1745 1410 autem

958 1429 1084 1452 creatura
1099 1426 1251 1460 composita
1268 1431 1357 1454 estex
1379 1428 1533 1455 substantia
1555 1431 1583 1455 et
1603 1428 1745 1456 accidente

956 1475 1073 1504 egetque
1087 1470 1179 1498 divina
1201 1471 1389 1505 Providentia,
1409 1477 1439 1500 ut
1454 1481 1515 1508 qua:
1533 1473 1647 1500 minime
1658 1473 1748 1502 libera

956 1516 1018 1543 sita
1031 1517 1194 1544 mutatione.

992 1561 1035 1588 ιο.
1062 1562 1157 1590 Omnis
1187 1562 1345 1599 intelligens
1370 1564 1548 1600 sentiensque
1573 1564 1746 1598 substantia,

955 1607 1030 1634 vires
1047 1615 1062 1634 a
1076 1607 1131 1634 Deo
1151 1607 1324 1643 percipiendi
1334 1608 1450 1644 accepit,
1467 1609 1495 1636 in
1510 1617 1602 1636 rerum
1616 1613 1745 1636 naturam

955 1651 1091 1685 producta
1112 1660 1120 1679 :
1144 1652 1225 1688 cujus
1248 1653 1361 1687 quidem
1387 1654 1506 1688 partium
1537 1658 1568 1681 ut
1599 1654 1744 1691 intelligat,

954 1698 1028 1724 vires
1047 1698 1233 1734 intelligendi;
1251 1699 1331 1734 cujus
1346 1706 1413 1727 vero
1426 1703 1457 1726 ut
1467 1699 1580 1732 sentiat,
1591 1699 1665 1726 vires
1683 1707 1746 1727 sen-

954 1742 1051 1770 tiendi.
1468 1771 1473 1774 .

989 1789 1032 1815 ιι.
1061 1789 1134 1817 Deus
1159 1789 1271 1824 quidem
1300 1790 1376 1817 solus
1401 1789 1505 1817 nullius
1533 1789 1573 1817 rei
1594 1789 1742 1824 particeps,

951 1834 1019 1861 nihil
1053 1843 1134 1869 quam
1163 1835 1285 1870 impertit
1315 1845 1321 1862 ε
1355 1841 1382 1863 at
1421 1839 1567 1868 creatura,
1606 1840 1634 1862 et
1676 1843 1741 1870 par-

952 1879 1038 1914 ticeps
1053 1883 1135 1907 estet
1158 1881 1282 1915 impertit
1295 1889 1302 1908 :
1315 1881 1452 1916 particeps
1474 1881 1501 1907 in
1517 1881 1579 1913 hoc,
1595 1885 1625 1907 ut
1646 1880 1691 1911 sit.
1715 1884 1744 1908 et

954 1924 1024 1952 bene
1041 1925 1091 1958 sit;
1115 1925 1237 1961 impertit
1256 1931 1348 1953 autem
1364 1927 1453 1953 solum
1475 1926 1545 1953 bene
1565 1933 1624 1953 esse
1640 1935 1647 1953 :
1662 1926 1743 1954 aliter

955 1975 1045 1998 tamen
1061 1972 1215 2000 substantia
1228 1980 1371 2008 corporea,
1392 1972 1473 2000 aliter
1496 1979 1563 1999 vero
1580 1971 1742 2007 incorporea

955 2019 983 2042 et
998 2015 1140 2050 spiritalis.

992 2062 1035 2089 12.
1055 2063 1218 2097 incorporea
1242 2063 1355 2098 quidem
1374 2066 1403 2090 et
1425 2062 1558 2097 spiritalis
1578 2061 1741 2097 substantia,

953 2115 1011 2138 tum
1039 2109 1188 2144 loquendo,
1220 2113 1277 2136 tum
1305 2108 1422 2144 agendo,
1447 2112 1560 2143 tumque
1588 2109 1671 2136 etiam
1697 2109 1740 2136 sui

951 2157 1183 2189 consideratione,
1198 2161 1229 2183 ut
1244 2156 1281 2184 sit
1299 2156 1370 2183 bene
1388 2155 1510 2190 impertit
1525 2163 1532 2181 ε
1551 2163 1584 2182 ac
1598 2163 1740 2190 corporea,

953 2202 996 2229 sui
1009 2201 1143 2228 duntaxat
1154 2205 1303 2236 conspectu
1316 2204 1344 2228 et
1356 2199 1587 2227 consideratione.

144 2322 374 2366 (li)(;_reg.,0rat.
386 2323 637 2366 Iq'diempatalem,
651 2329 679 2365 et
690 2324 706 2351 2
721 2324 755 2366 in
781 2324 895 2366 Pascha.
913 2327 936 2357 D
949 2333 1140 2366 semperesse,
1158 2325 1442 2366 qumdiabemussme
1458 2327 1548 2358 nobis,
1567 2334 1580 2353 a
1596 2325 1672 2366 Deo;
1689 2327 1741 2354 sci-

146 2358 181 2396 (c)
203 2358 258 2396 καί
271 2359 385 2390 ἄποιος.
408 2358 466 2396 Hoc
484 2359 618 2396 nimirum
639 2360 776 2396 singulare
797 2360 898 2396 divinre

108 2394 281 2423 substantias.
300 2397 330 2419 ut
351 2397 405 2419 tota
426 2394 579 2420 substantia
598 2394 644 2427 sit,
668 2394 743 2421 nulla
763 2395 897 2428 qualitate

109 2430 225 2461 imbuta,
249 2429 322 2463 quod
343 2429 444 2455 creatis
457 2429 586 2455 omnibus
602 2429 639 2455 ita
654 2429 793 2461 convenit,
816 2434 845 2457 ut
862 2431 897 2458 ab

107 2472 139 2492 ea
150 2464 257 2492 absolvi
274 2463 433 2491 conditione
446 2471 501 2490 non
516 2464 632 2498 possint.
647 2463 707 2491 Non
726 2463 796 2491 bene
809 2472 898 2492 novus

109 2507 208 2527 vocum
227 2507 308 2526 cusor
321 2503 404 2532 atque
427 2497 543 2533 interpr.
565 2497 666 2533 Obsop.
689 2499 722 2525 Et
742 2507 794 2525 non
813 2499 895 2533 facta.

108 2534 190 2561 Gcsn.
209 2537 233 2560 et
251 2533 376 2568 aequalis,
390 2533 462 2566 quod
477 2533 545 2559 mihi
563 2533 752 2595 licentius‘rro
765 2535 840 2561 vocis
854 2535 897 2562 iu-

110 2568 363 2595 solentiazetiamsi
378 2568 433 2594 vim
454 2568 554 2595 Grazczn
567 2568 644 2595 vocis
662 2576 691 2595 re
714 2569 780 2595 dere
798 2570 897 2595 voluit.

110 2568 363 2600 solentia;etiamsi
378 2568 433 2594 vim
454 2568 554 2595 Grazczn
567 2568 644 2596 vocis
662 2568 780 2596 reddere
798 2570 897 2596 voluit.

108 2604 186 2636 Quod
194 2604 305 2630 demum
313 2603 340 2630 in
352 2603 404 2639 line
413 2611 473 2637 cap.
484 2607 536 2639 est,
543 2603 580 2634 ὡς
589 2603 692 2638 τροπῆς
700 2604 749 2630 οὐκ
759 2604 898 2639 ἐλευθέρα,

111 2646 170 2672 qua),
191 2646 256 2665 vera
271 2639 343 2665 ratio
359 2638 460 2664 divinae
482 2638 509 2664 in
530 2646 639 2664 omnem
659 2645 814 2666 creaturam
831 2638 896 2673 pro-

110 2674 251 2709 videmiae,
263 2673 336 2707 quod
349 2681 404 2699 non
419 2673 455 2699 sit
472 2673 603 2709 immunis
612 2681 627 2699 a
642 2674 805 2700 mutatione.
817 2673 900 2709 Lepi~

110 2709 162 2735 dus
188 2708 294 2735 scilicet
317 2709 431 2743 interpr.
459 2708 560 2743 Obsop.
584 2713 712 2743 tanquam
733 2717 785 2735 non
811 2708 899 2737 liberae

111 2743 297 2770 conversionis.
314 2742 336 2769 Ο
354 2743 465 2777 stupor!

146 2779 185 2813 (d)
212 2778 264 2804 Kal
292 2777 488 2811 θεωρουμένη.
514 2777 611 2805 Sermo
633 2782 675 2806 est
701 2777 734 2806 de
764 2779 885 2805 creaturi

111 2813 319 2840 conferentibus
334 2813 368 2839 ad
383 2813 466 2848 \jitam
482 2813 552 2840 bene
564 2821 653 2848 exque
671 2813 890 2848 virtuteicompo-

112 2848 242 2879 utendam,
267 2848 340 2883 quod
371 2847 474 2882 ubique
497 2846 616 2874 Maximo
633 2852 675 2875 est
701 2848 731 2874 τὸ
757 2847 787 2874 εὖ
815 2846 895 2879 εἶναι,

112 2883 184 2918 quod
209 2891 294 2910 unum
321 2888 445 2910 nostrum
466 2887 518 2914 cst.
544 2883 663 2910 medium
687 2883 760 2910 inter
777 2891 849 2916 esse,
871 2888 896 2911 cl

950 2364 1032 2395 teque
1046 2360 1191 2395 distinguit
1211 2360 1245 2387 de
1263 2361 1377 2394 spiritali
1391 2366 1418 2388 ct
1435 2362 1597 2395 incorporea
1613 2361 1740 2389 substant-

951 2396 1000 2427 tia,
1013 2400 1041 2422 et
1054 2395 1088 2421 de
1103 2395 1239 2430 corporali
1253 2403 1260 2427 ;
1273 2395 1346 2429 quod
1365 2396 1409 2422 illa
1427 2396 1535 2423 confert
1548 2403 1676 2422 sermone
1691 2404 1739 2424 seu

950 2430 1090 2458 locutione
1104 2431 1222 2464 vitaeque
1241 2431 1377 2464 exemplo,
1398 2435 1428 2457 ut
1442 2431 1470 2457 in
1485 2430 1588 2465 angelis
1604 2433 1632 2456 et
1651 2431 1739 2458 Immi-

950 2466 1043 2496 nibus.
1067 2469 1201 2499 quatenus
1219 2469 1247 2491 et
1271 2465 1322 2500 ipsi
1344 2472 1470 2492 sermone
1489 2465 1599 2495 docent,
1621 2465 1740 2500 viaeque

951 2499 1076 2534 exempla
1094 2499 1198 2531 edunt;
1215 2499 1322 2526 confert
1339 2500 1432 2530 etiam,
1447 2499 1511 2534 quia
1530 2503 1619 2534 potest
1634 2499 1739 2534 ipsa’in

949 2542 979 2562 se
994 2534 1174 2566 considerari,
1192 2538 1221 2561 ιιι
1238 2534 1286 2561 Dei
1306 2534 1411 2561 scilicet
1427 2542 1504 2569 opus,
1521 2534 1548 2560 in
1560 2540 1616 2568 quo
1633 2535 1739 2562 eluceat

949 2570 1084 2604 sapientia
1114 2569 1292 2603 potentiaque
1315 2569 1428 2596 artilicis
1451 2578 1458 2595 :
1487 2577 1542 2604 quo
1569 2575 1625 2595 uno
1645 2569 1738 2602 modo,

948 2603 1075 2632 conferre
1110 2604 1149 2631 ait
1186 2603 1368 2631 substantiam
1409 2603 1591 2638 corporalem.
1628 2605 1738 2639 Resque

949 2639 1051 2670 notior.
1071 2647 1152 2673 quam
1168 2643 1198 2666 ut
1212 2638 1301 2666 notari
1320 2638 1424 2673 aliquid
1443 2647 1558 2666 necesse
1576 2639 1670 2671 fuerit,
1685 2638 1738 2666 nisi

949 2678 1059 2709 cogeret
1076 2674 1177 2708 Obsop.
1196 2678 1292 2709 stupor
1301 2677 1384 2707 atque
1402 2674 1485 2701 Gesn.
1504 2674 1606 2708 quibus
1622 2675 1739 2708 Θεωρου-

950 2710 1018 2744 μένη
1033 2713 1075 2736 est
1086 2708 1278 2743 contemplans.
1297 2712 1322 2744 et
1335 2709 1539 2743 contemplando
1553 2717 1563 2736 :
1578 2709 1656 2743 quasi
1673 2716 1739 2735 cono

953 2744 1094 2778 templatio
1111 2744 1169 2778 ipsa
1189 2743 1278 2770 active
1303 2743 1338 2770 sit
1358 2743 1529 2778 perﬁciendo
1549 2744 1628 2775 alios.
1648 2743 1738 2778 sitque

972 2779 1064 2814 ropria
1077 2778 1237 2814 substantia:
1254 2779 1418 2814 corporalis;
1432 2784 1459 2805 et
1477 2779 1520 2805 illa
1530 2786 1587 2814 una
1603 2779 1637 2805 ad
1653 2778 1737 2804 vitam

952 2786 1064 2840 propria
1077 2786 1237 2805 substantia:
1254 2786 1418 2812 COI'pOl‘allS;
1432 2786 1459 2805 et
1477 2786 1520 2805 uta
1534 2786 1587 2804 una
1603 2786 1637 2805 ao
1653 2786 1736 2804 vuain

970 2822 1021 2840 ene
1043 2813 1271 2847 componendam,
1292 2813 1350 2840 haec
1377 2814 1456 2840 nobis
1473 2813 1606 2843 conferat.
1622 2820 1686 2840 cum
1711 2816 1736 2839 ei

951 2855 1027 2877 muta
1039 2848 1084 2880 sit,
1103 2849 1207 2882 ἄλογος,
1224 2856 1274 2875 nec
1292 2847 1409 2875 actionis
1422 2848 1455 2874 ad
1471 2847 1625 2882 exemplum
1641 2854 1737 2882 capax.

950 2883 972 2911 0
985 2884 1047 2911 novi
1063 2883 1168 2912 scilicet
1179 2882 1365 2911 commatisdc
1376 2882 1483 2912 Calvini
1496 2883 1563 2910 hara
1580 2883 1731 2919 theologos:
