1948 3077
198 179 263 213 1051

197 280 297 307 stantia
321 286 428 313 semper
446 279 571 310 exsistat,
592 284 639 305 aut
661 286 714 305 non
735 278 857 310 exsistat,
879 278 905 304 in
922 277 982 311 ejus

197 325 318 359 positum
331 325 471 352 voluntate
493 329 532 351 esl
558 324 604 359 qui
627 325 719 351 omnia
738 325 808 351 bona
827 323 951 351 condidit
973 331 981 350 :

197 374 229 396 ut
260 374 352 397 autem
381 369 439 396 lucc
471 369 554 396 animi
582 370 724 404 proposito
752 369 823 396 bona
849 369 904 396 sint
935 372 983 394 aut

196 417 277 447 mala,
290 423 386 442 eorum
401 424 462 450 qua:
480 421 543 443 sunt
553 416 665 443 condita
679 416 828 443 voluntatis
841 421 893 443 est.

231 459 313 494 446
329 459 373 486 Η.
392 459 452 486 Νοη
465 459 538 486 circa
552 459 700 486 essentiam
714 466 820 490 eorum,
841 466 903 493 qua:
918 465 983 485 con-

197 505 254 532 dita
271 509 345 536 sunt,
360 505 462 532 malum
476 504 678 537 consideratur,
690 504 737 531 sed
757 504 830 530 circa
842 508 982 530 errantem

195 556 224 578 et
235 551 420 578 inconsultum
436 555 550 578 motum.

233 597 276 624 t5.
299 597 414 624 Animus
433 600 498 624 tunc
512 604 546 624 ex
560 597 666 624 ratione
684 600 821 630 movetur,
840 605 901 624 cum
923 597 984 632 ejus

196 650 260 677 pars
272 643 472 678 concupiscens
494 643 663 670 continentia
686 643 765 674 nitet,
790 651 906 678 parsque
928 643 983 670 ira-

196 695 278 714 secus
293 687 386 714 odium
398 692 531 720 aversata,
543 687 684 714 dilectioni
695 687 787 714 studet
800 696 806 714 :
825 695 857 714 ac
872 688 983 714 demum

197 734 314 760 rationis
343 734 469 765 facultas,
491 733 594 772 prandi
621 733 782 760 assiduitate
809 741 842 760 ac
867 733 983 768 spiritali

197 778 440 814 contemplatione,
470 778 542 813 apud
577 778 664 805 Deum
692 785 818 811 versans,
851 778 889 805 illi
918 785 985 805 con-

197 824 310 851 suescit.

231 871 272 898 l6.
288 870 410 898 Necdum
427 870 574 904 perfectam
586 874 683 897 nactus
694 874 736 897 est
749 870 920 903 cbaritittem,
931 878 984 898 nec

199 915 299 943 divinae
311 915 494 943 Providentia:
508 916 588 942 altam
608 920 751 943 assecutus
768 916 921 948 scientiam,
937 916 984 951 qui

199 961 226 988 in
252 965 374 996 tempore
397 961 567 993 tentationis,
595 961 623 988 in
650 961 730 988 malis
754 969 816 996 quae
841 963 983 995 eveniunt,

198 1014 252 1034 non
272 1007 438 1042 longanimis
457 1015 488 1035 ac
508 1007 621 1042 prolixa
634 1007 773 1043 patientim
792 1008 918 1041 exsistit;
936 1009 984 1036 sed

199 1060 214 1079 a
225 1053 340 1087 spiritali
354 1053 467 1080 fratrum
483 1053 631 1081 dilectione
649 1054 769 1089 seipsum
782 1053 929 1081 abscindit.

235 1099 279 1126 l7.
301 1099 404 1126 Divina:
423 1099 606 1126 Providentiae
626 1099 689 1126 ﬁnis
707 1103 760 1131 est,
781 1104 811 1126 ut
827 1107 860 1126 cx
882 1099 984 1127 malitia

199 1148 282 1179 atque
293 1144 360 1171 vitio
372 1145 398 1172 in
411 1145 486 1172 varia
499 1145 608 1177 scisses,
620 1153 669 1180 per
680 1150 782 1172 rectam
795 1145 875 1172 (idem
891 1153 922 1173 ac
930 1147 985 1181 spi-

198 1190 307 1217 ritalem
330 1190 507 1218 dilectionem
537 1191 651 1218 unitatis
674 1191 785 1218 vinculo
803 1192 983 1228 constringat.

198 1235 261 1263 Haec
271 1236 343 1263 enim
355 1243 435 1263 causa
454 1241 497 1263 est
515 1244 564 1263 cur
580 1236 705 1264 Salvator
720 1241 807 1264 morte
824 1237 933 1265 functus
950 1239 985 1266 sit

198 1288 230 1308 ac
242 1289 337 1316 passus
353 1290 360 1308 :
379 1281 410 1309 Ut
422 1282 470 1309 Dei
482 1282 561 1316 ﬁlios,
580 1283 624 1318 qui
641 1283 752 1318 dispersi
768 1287 855 1316 erant,
874 1293 983 1319 congre-

198 1331 272 1361 gare!
283 1329 310 1354 in
327 1335 407 1354 unum
421 1328 441 1355 ³.
457 1328 588 1363 Ωυῖθι-εο
605 1329 720 1356 molesta
731 1337 786 1356 non
803 1330 920 1358 sustinet
933 1338 984 1358 nec

198 1372 297 1400 tolerat
309 1373 408 1406 tristia,
427 1381 478 1400 nec
498 1374 525 1400 in
543 1374 577 1401 iis
600 1382 660 1409 qua:
675 1375 797 1402 laborem
815 1375 917 1403 habent
935 1384 983 1410 pa-

197 1417 322 1445 tientiam
340 1424 442 1451 servat,
459 1425 536 1446 extra
554 1419 675 1446 divinam
693 1420 854 1448 cliaritatcm
874 1429 906 1449 ac
919 1422 985 1450 Pro-

197 1462 326 1490 videntia:
339 1463 420 1491 linem
435 1465 567 1492 ambulat.

234 1509 277 1536 18.
290 1509 359 1536 Cum
372 1511 489 1537 Charitas
505 1510 674 1546 longanimis,
692 1513 854 1549 benignaque
875 1522 906 1540 ac
920 1522 984 1541 sua-

761 178 791 207 S.
811 175 954 206 ΜΑΧΙΜΙ
975 173 1229 205 CONFESSORIS

233 235 275 261 l3.
294 234 328 262 Ut
343 233 452 269 quidem
472 232 577 259 ratione
597 236 678 260 utens
697 241 729 260 ac
742 233 898 267 intelligens
916 231 981 258 sub-
996 232 1017 258 Α

1069 234 1112 263 ιγ’,
1132 232 1153 258 Τ
1154 231 1168 257 ὸ
1184 232 1233 266 μὲν
1248 233 1291 259 ἀεὶ
1305 231 1391 264 εἶναι,
1418 231 1435 266 ἢ
1453 232 1490 268 μὴ
1504 231 1574 258 εἶναι
1588 231 1636 267 τὴν
1649 231 1763 266 λογικὴν
1779 232 1827 258 καὶ

1033 277 1128 312 γοερὰν
1149 278 1263 310 οὐσίαν,
1295 278 1324 304 ἐν
1345 279 1378 313 τῇ
1404 277 1531 312 βουλήσει
1546 279 1605 304 ἐστὶ
1627 277 1674 303 τοῦ
1689 277 1723 303 τὰ
1736 277 1827 304 πάντα

1033 323 1101 349 καλὰ
1113 323 1372 360 δημιουργήσαντος·
1390 323 1420 350 τὺ
1432 324 1461 351 δὲ
1474 323 1564 357 ἀγαθὰ
1576 323 1662 350 ταῦτα
1673 322 1741 350 εἶναι
1756 323 1826 350 κατά

1033 369 1193 405 προαίρεσιν
1207 370 1223 405 ἢ
1240 370 1339 405 φαῦλα,
1367 372 1396 397 ὲν
1407 371 1446 406 τῷ
1457 371 1591 405 θελήματι
1604 370 1657 396 τῶν
1675 370 1826 404 γεγονότων

1034 415 1162 450 ὑπάρχει.

1069 462 1109 488 ιδ.
1139 462 1176 487 Οὐ
1194 461 1259 496 περὶ
1272 462 1322 496 τὴν
1337 462 1432 488 οὐσίαν
1447 461 1501 487 τῶν
1515 459 1676 495 γεγονότων,
1694 461 1724 487 τδ
1740 460 1826 488 κακον

1033 506 1178 540 θεωρεῖται
1191 515 1197 522 ·
1216 507 1283 534 ἀλλὰ
1298 507 1363 533 πεοὶ
1376 506 1425 541 τὴν
1438 506 1609 542 ὲσφαλμένην
1625 506 1672 533 καὶ
1684 506 1828 541 ἀλόγιστον

1033 553 1152 588 κίνησιν.

1071 602 1110 626 ιε’.
1142 599 1268 634 Εὑλόγως
1284 601 1399 627 κινεῖται
1415 601 1432 636 ἠ
1447 600 1539 635 ψυχὴ,
1568 600 1632 626 ὅταν
1651 599 1681 626 τὸ
1696 599 1747 634 μὲν
1761 599 1824 625 ἑπι-

1035 644 1185 679 Θυμητικδν
1199 646 1284 680 αὐτῆς
1300 647 1332 681 τῇ
1349 645 1498 681 ἐγκρατείᾳ
1510 645 1674 672 πεποίωται·
1691 644 1721 671 τὸ
1735 645 1764 671 δὲ
1777 644 1826 671 θυ-

1036 689 1126 724 μικὸν,
1153 690 1325 727 τῆςάγάπελς
1338 691 1492 726 ἀντέχεται,
1515 691 1545 718 τὸ
1558 692 1636 725 μῖσος
1650 691 1825 725 ἀποστρεφό-

1036 743 1116 770 μενον
1127 743 1134 750 ·
1161 736 1191 762 τὸ
1204 735 1232 762 δὲ
1246 735 1399 770 λογιστικὸν
1409 756 1417 768 ,
1441 736 1510 771 πρὸς
1523 737 1568 762 τὸν
1582 735 1649 762 Θεὸν
1664 735 1762 770 διάγει,
1781 735 1827 762 διὰ

1035 782 1188 820 προσευχῆς
1205 782 1253 808 καὶ
1267 782 1384 818 θεωρίας
1398 783 1597 818 πνευματικῆς.

1073 872 1119 901 ις’.
1149 868 1232 896 υῦπω
1254 869 1311 904 ἔχει
1331 869 1436 896 τελείαν
1450 869 1560 905 ἀγάπην
1572 889 1580 901 ,
1608 869 1668 896 οὐδὲ
1684 869 1734 904 τῆς
1749 868 1827 901 θείας

1037 915 1168 951 Προνοίας
1191 915 1261 942 κατὰ
1283 915 1365 950 βάθος
1380 915 1429 950 τὴν
1443 915 1543 949 γνῶσιν
1555 934 1562 946 ,
1589 915 1603 941 ὸ
1623 915 1652 941 ὲν
1665 913 1753 949 καιρῷ
1766 923 1827 941 πει-

1036 961 1141 997 ρασμοῦ
1161 961 1198 996 μὴ
1215 960 1398 995 μακροθυμῶν
1417 961 1462 987 ἐπὶ
1474 962 1530 992 τοῖς
1542 960 1722 995 συμϐαίνουσι
1734 960 1826 994 λυπη-

1037 1008 1093 1042 ροῖς
1106 1015 1113 1022 ”
1142 1007 1198 1033 ἀλλ’
1210 1006 1373 1033 ἀποκόπτων
1388 1005 1483 1033 ἑαυτὸν
1499 1007 1548 1042 τῆς
1563 1006 1617 1034 τῶν
1632 1005 1828 1041 πνευματικῶν

1034 1053 1157 1087 ἀδελφῶν
1170 1054 1291 1088 ἀγάπης.

1071 1100 1113 1132 ιζ’.
1132 1100 1236 1131 Σκοπὸς
1253 1099 1303 1134 τῆς
1318 1099 1394 1130 Θείας
1407 1097 1554 1134 Προνοίας,
1578 1099 1618 1130 1r},
1633 1098 1695 1129 τοὺς
1711 1098 1764 1124 ὑπὸ
1775 1097 1826 1133 τῆ-

1035 1145 1135 1176 κακίας
1159 1144 1290 1175 ποικίλως
1309 1143 1514 1178 διεσχισμένους
1525 1163 1533 1175 ,
1560 1142 1604 1169 διὰ
1620 1143 1668 1178 τῆς
1680 1142 1763 1178 ὀρθῆς
1779 1142 1825 1168 πί-

1036 1199 1120 1222 στεως
1147 1189 1194 1216 καὶ
1220 1190 1409 1225 πνευματικῆς
1428 1189 1538 1224 ἀγάπης
1558 1189 1700 1215 ὲνοποιεῖν.
1738 1188 1826 1222 Εἴπερ

1034 1236 1077 1264 διὰ
1098 1236 1177 1263 τοῦτο
1199 1235 1333 1262 πέπονθεν
1356 1237 1370 1262 ὁ
1391 1235 1487 1270 Σωτὴρ
1500 1254 1507 1267 ,
1536 1235 1598 1262 Ἵνα
1616 1234 1651 1261 τὰ
1666 1234 1756 1261 τέκνα
1772 1234 1826 1261 tot?

1036 1281 1108 1310 Θεοῦ
1123 1282 1158 1308 τὰ
1172 1280 1434 1316 διεσκορπισμένα,
1447 1279 1603 1314 συναγάγῃ
1617 1280 1660 1312 εἰς
1672 1279 1716 1306 ἓν.
1738 1279 1766 1305 '0
1779 1276 1827 1306 οὖν

1036 1328 1073 1363 μὴ
1087 1328 1190 1361 στέγων
1205 1327 1238 1354 τά
1251 1327 1367 1362 ὀχληρὰ,
1386 1326 1453 1362 μηδὲ
1468 1326 1557 1362 φέρων
1572 1326 1606 1352 τὰ
1618 1326 1738 1360 λυπηρὰ,
1758 1325 1826 1360 μηδὲ

1035 1373 1177 1408 ὑπομένων
1202 1372 1236 1399 τὰ
1258 1373 1386 1406 ἐπίπονα,
1414 1371 1491 1403 ἐκτὸς
1506 1371 1555 1405 τῆς
1570 1370 1645 1402 θείας
1657 1370 1766 1404 ἀγάπης
1778 1369 1827 1396 καὶ

1034 1419 1081 1447 τοῦ
1098 1417 1198 1446 σκοποῦ
1211 1419 1259 1453 τῆς
1274 1418 1404 1454 Προνοίας
1414 1417 1574 1453 περιπατεῖς

1071 1513 1114 1546 ιη’.
1142 1510 1173 1536 El
1197 1510 1216 1544 ὴ
1235 1508 1338 1543 ἀγάπη
1355 1506 1542 1542 μακροθυμεῖ
1559 1506 1606 1533 καὶ
1619 1505 1827 1540 χρηστεύεται.

198 1555 236 1581 vis
250 1555 285 1581 sit
304 1554 325 1586 ⁵,
340 1555 385 1589 qui
400 1563 484 1590 parvo
501 1564 534 1584 ac
553 1557 659 1592 dejecto
680 1559 772 1586 animo
794 1563 836 1586 est
856 1560 883 1586 in
904 1561 982 1588 malis

1044 1557 1049 1582 ὅ
1073 1555 1241 1590 ὀλιγοψυχῶν
1267 1554 1313 1580 ἐπὶ
1335 1555 1390 1585 τοῖς
1413 1553 1590 1588 συμὸαίνουσι
1606 1552 1754 1587 λυπηροῖς,
1779 1552 1828 1579 καὶ

200 1607 261 1634 qua:
276 1601 415 1633 accidlmt,
433 1609 548 1636 eamque
561 1603 597 1630 ob
616 1611 674 1630 rem
693 1604 809 1640 maligne
825 1605 880 1641 agit
894 1606 922 1633 in
937 1615 985 1635 eos

199 1645 246 1679 qui
261 1645 363 1680 aliquid
378 1647 516 1680 Ite-serunt,
530 1656 562 1675 ac
571 1656 600 1676 se
613 1657 628 1676 a
641 1649 785 1683 elmritate,
796 1659 856 1685 quae
868 1655 909 1678 est
921 1660 985 1687 erga

199 1690 270 1723 illos,
298 1691 450 1726 abscindit;
479 1693 616 1728 quomodo
640 1703 655 1722 a
678 1695 778 1723 divina:
804 1696 986 1725 Providentia:

199 1736 253 1764 line
267 1745 320 1764 non
336 1738 454 1765 excidit?

236 1783 279 1810 l9.
298 1783 414 1811 Attende
428 1785 488 1817 tibi,
507 1793 537 1813 ac
553 1793 627 1818 eave,
646 1794 681 1814 ne
695 1786 765 1814 forte
783 1788 856 1822 quod
873 1792 899 1816 te
916 1788 983 1816 diri~

200 1825 250 1853 mit
263 1834 278 1853 a
293 1826 376 1854 fratre
393 1828 504 1860 malum,
520 1837 575 1856 non
590 1830 617 1856 in
635 1830 692 1862 illo,
707 1831 755 1859 sed
772 1832 799 1859 in
816 1837 842 1860 te
861 1833 985 1861 invenia-

199 1875 259 1905 tur;
280 1880 312 1899 ac
327 1873 407 1901 stude
430 1874 485 1901 cito
508 1875 546 1902 illi
568 1876 751 1909 reconciliari,
768 1885 802 1905 ne
821 1886 836 1905 a
856 1879 986 1906 mandato

200 1918 310 1945 excidas
323 1919 475 1947 eharitatis.

234 1962 280 1990 20.
298 1963 368 1991 Cave
394 1970 561 2000 praaeeptum
587 1966 728 1995 charitatis
751 1967 896 2003 despicias,
915 1978 986 2004 quo-

199 2008 273 2035 niam
294 2017 344 2043 per
367 2010 456 2044 ipsum
482 2011 529 2038 Dei
554 2011 626 2039 filius
648 2013 728 2040 eris:
754 2014 868 2049 ejusque
892 2016 986 2043 violati

201 2062 275 2085 rcus,
290 2054 361 2082 filius
376 2056 506 2090 gehennae
524 2057 684 2086 invenieris.

233 2100 278 2127 21.
303 2100 365 2128 llaec
386 2102 443 2128 fere
461 2107 601 2136 suntquae
616 2103 650 2130 ab
670 2103 822 2131 amicorum
837 2104 986 2133 dilectione

200 2145 374 2180 disjungunt;
392 2146 516 2173 invidere
535 2151 583 2174 aut
599 2149 735 2176 sustinere
751 2149 892 2183 invidiam,
906 2150 985 2178 dam-

201 2197 265 2216 num
281 2190 370 2216 facere
387 2195 434 2217 aut
448 2191 513 2225 pati,
531 2192 632 2226 probro
648 2193 748 2221 habere
766 2199 813 2221 aut
829 2195 940 2230 haberi;
953 2204 985 2224 ac

1035 1602 1079 1629 διὰ
1092 1602 1170 1628 τοῦτο
1183 1601 1398 1636 πονηρευόμενος
1410 1600 1457 1626 ἐπὶ
1469 1600 1525 1630 τοῖς
1538 1599 1676 1634 λυπήσασι
1686 1618 1693 1629 ,
1716 1598 1764 1624 καί⁵
1777 1598 1826 1632 τῆς

1036 1648 1104 1683 πρθις
1127 1647 1225 1678 αὐτοὺς
1247 1646 1358 1680 ἀγάπης
1378 1645 1474 1672 ἑαυτὸν
1490 1645 1673 1677 ἀποκόπτων,
1703 1643 1761 1675 πῶς
1778 1642 1826 1670 τοῦ

1036 1692 1137 1719 σκοποῦ
1154 1692 1204 1727 τῆς
1218 1692 1293 1723 θείας
1310 1690 1440 1725 Προνοίας
1454 1690 1504 1716 οὐκ
1516 1690 1656 1717 ἐκπίτπει.

1072 1779 1114 1807 ιθ¹.
1146 1779 1266 1814 Ιῐρὸσεχε
1294 1779 1415 1814 σεαυτῷ,
1444 1779 1549 1815 μήποτε
1573 1779 1590 1812 ὴ
1615 1778 1770 1813 χωρίζουσὰ
1798 1786 1829 1804 σε

1035 1825 1067 1851 ἐκ
1080 1824 1127 1851 τοῦ
1141 1825 1255 1859 ἀδελφοῦ
1271 1825 1365 1856 κακία,
1383 1825 1432 1851 οὐκ
1449 1825 1478 1850 ὲν
1491 1824 1530 1859 τῷ
1543 1823 1660 1858 ἀδελφῷ·
1675 1823 1732 1850 ἀλλ’
1745 1824 1774 1849 ἐν
1787 1824 1829 1850 σοὶ

1036 1872 1197 1907 εὑρίσκηται
1207 1880 1213 1886 “
1242 1872 1289 1899 καὶ
1302 1872 1419 1898 σπεῦσον
1432 1871 1505 1906 αὐτῷ
1519 1871 1705 1905 διαλλαγῆναι,
1725 1870 1768 1897 ἵνα
1785 1870 1824 1905 μὴ

1035 1917 1084 1952 τῆς
1098 1917 1208 1952 ἐντολῆς
1224 1918 1273 1953 τῆς
1287 1918 1397 1952 ἀγάπης
1410 1917 1540 1952 ὲκπέσῃς.

1072 1966 1108 1990 κ’.
1138 1963 1183 1998 Μὴ
1205 1963 1412 1998 καταφρονήσῃς
1438 1963 1487 1998 τῆς
1507 1962 1616 1997 ἐντολῆς
1640 1961 1689 1995 τῆς
1707 1962 1828 1996 ἀγάπης,

1034 2009 1076 2036 ὅτι
1101 2010 1135 2036 δι’
1153 2009 1237 2044 αὐτῆς
1265 2010 1322 2041 υίὸς
1334 2009 1402 2036 Θεοῦ
1417 2009 1480 2045 ἔσῃ·
1514 2010 1547 2044 ἣν
1561 2008 1749 2044 παραϐαίνων,
1771 2009 1830 2040 υίὸς

1035 2056 1148 2091 γεέννης
1163 2056 1296 2092 εὐρεθήσῃ
1305 2077 1314 2086 ,

1071 2105 1123 2129 κα’.
1155 2103 1195 2129 Τὰ
1220 2101 1372 2136 χωρίζοντα
1395 2101 1445 2136 τῆς
1464 2101 1519 2128 τῶν
1532 2101 1617 2136 φίλων
1631 2101 1752 2136 ἀγάπης,
1775 2101 1830 2128 εἰσὶ

1035 2147 1122 2174 ταῦτα
1161 2147 1191 2173 τὸ
1204 2147 1321 2181 φθονεῖν,
1346 2147 1362 2182 ἢ
1376 2147 1542 2182 φθονεῖσθαι·
1561 2147 1591 2173 τὸ
1604 2146 1730 2182 ζημιοῦν,
1747 2147 1763 2182 ἦ
1780 2148 1830 2182 ζη-

1038 2192 1181 2229 μιοῦσθαι·
1213 2192 1243 2219 τὸ
1269 2193 1432 2228 ἀτιμάζειν,
1461 2194 1477 2228 ἢ
1503 2193 1702 2228 ἀτιμάζεσθαι,
1733 2193 1779 2220 καὶ
1805 2195 1830 2220 οι

201 2243 267 2269 quas
297 2235 467 2270 suspiciosus
496 2237 603 2265 animus
637 2239 758 2268 rationes
783 2240 916 2269 obtrudit.
946 2242 984 2270 Ne

1044 2240 1067 2272 ἐξ
1085 2239 1211 2271 ὑπονοίας
1228 2239 1362 2275 λογισμοί.
1378 2240 1493 2274 Μήποτε
1508 2238 1554 2266 οὖν
1568 2240 1683 2275 ἔδρασας
1699 2249 1724 2266 τι
1741 2240 1832 2266 τοιοῦ-

199 2279 269 2307 forte
285 2280 367 2315 igitur
380 2281 483 2316 aliquid
498 2283 632 2317 ejusmodi
653 2285 754 2319 egeris,
773 2286 816 2313 vel
830 2294 926 2321 passus
938 2288 986 2320 sis,

198 2333 314 2361 eamque
331 2326 367 2353 ob
380 2335 438 2353 rem
450 2327 484 2354 ab
496 2328 578 2355 amici
597 2329 746 2357 dilectione
762 2330 931 2365 abjungeris.

234 2373 277 2400 2‘2.
291 2373 399 2400 Accidit
409 2373 469 2405 tibi,
483 2373 566 2401 fratre
580 2379 703 2407 auctore,
716 2376 849 2403 nonnulla
861 2377 986 2410 tentatio,

199 2422 403 2453 conceptusque
417 2419 497 2446 dolor
512 2419 540 2446 in
559 2420 653 2447 odium
673 2420 791 2455 impulit.
811 2421 881 2449 Cave
896 2430 931 2450 ne
952 2423 988 2450 ab

199 2465 263 2492 odio
275 2465 404 2496 vincaris,
425 2465 473 2493 sed
485 2466 565 2493 vince
582 2466 674 2493 odium
690 2466 716 2494 in
730 2467 874 2495 charitate.
892 2469 928 2497 Ut
939 2477 988 2497 au—

200 2514 255 2538 tem
267 2511 372 2542 vincas,
396 2511 433 2538 ita
453 2511 564 2539 demum
586 2511 642 2543 fiet,
665 2512 687 2539 si
706 2520 771 2540 vere
785 2521 820 2540 cx
840 2514 931 2541 animo
952 2515 986 2543 ad

199 2555 284 2582 Deum
299 2563 349 2590 pro
365 2563 400 2583 eo
416 2556 549 2589 oraveris,
574 2556 654 2592 447
676 2558 790 2592 ejusque
810 2558 868 2593 ipse
890 2559 987 2587 defen-

199 2601 304 2628 sionem
319 2602 490 2637 susceperis;
507 2610 539 2629 ac
561 2607 618 2629 tum
637 2602 683 2630 illa
701 2611 763 2630 eum
781 2603 909 2636 delinias,
929 2609 986 2632 tum

200 2647 316 2682 teipsum
341 2648 501 2676 tentationis
515 2654 658 2676 auctorem
673 2649 827 2681 arbitreris,
842 2649 922 2685 longa
940 2658 988 2685 pa-

197 2693 296 2721 tientia
330 2693 430 2727 fcrens,
462 2694 550 2722 donec
578 2695 668 2723 nubes
698 2695 749 2722 ista
783 2696 987 2731 obscurumque

201 2740 354 2768 transierit.

237 2799 248 2815 '
261 2799 346 2828 .Joan.
361 2809 397 2832 xt,
412 2801 455 2828 52.
495 2800 505 2816 ⁸
518 2800 528 2828 ῐ
543 2801 608 2828 Cor.
631 2809 687 2834 xm,
707 2803 733 2829 4.

1037 2294 1083 2312 τον
1097 2286 1113 2321 ἢ
1129 2285 1276 2316 πέπονθας.
1295 2286 1342 2312 καὶ
1357 2285 1401 2312 διὰ
1414 2285 1493 2312 τοῦτο
1506 2286 1556 2321 τῆς
1569 2285 1616 2313 τοῦ
1630 2286 1706 2320 φίλου
1720 2286 1833 2321 ἀγάπης

1038 2331 1142 2367 χωρίζῃ
1157 2331 1237 2367 [unus
1248 2331 1311 2366 Reg.
1327 2331 1510 2368 ἀποχωρίζῃι.

1074 2377 1125 2411 κβ’.
1156 2377 1259 2412 Συνέϐη
1285 2385 1327 2403 σοι
1351 2377 1504 2413 πειρασμὸς
1521 2377 1552 2404 ἐκ
1567 2376 1614 2403 τοῦ
1631 2376 1746 2411 ἀδελφοῦ
1758 2397 1766 2408 ,
1784 2377 1832 2403 καὶ

1038 2422 1055 2457 ἡ
1066 2422 1139 2457 λύπη
1153 2423 1193 2454 είς
1206 2422 1283 2457 μῖσός
1300 2430 1329 2448 σε
1343 2422 1441 2459 ἧγαγε.
1459 2422 1504 2457 Μὴ
1521 2422 1588 2449 νικῶ
1602 2422 1653 2449 ὑπὸ
1663 2422 1710 2449 τοῦ
1723 2422 1831 2457 μίσους,

1038 2467 1106 2495 ἀλλὰ
1120 2467 1184 2495 νίκα
1199 2468 1228 2494 ὲν
1243 2469 1276 2503 τῇ
1290 2468 1383 2504 ἀγάπῃ
1399 2468 1428 2494 τὸ
1444 2469 1534 2503 μῖσος.
1551 2468 1683 2503 Νικήσεις
1694 2468 1722 2494 δὲ
1736 2467 1833 2503 τρόπῳ

1038 2513 1166 2549 τοιούτῳ·
1195 2515 1414 2550 προσευχόμενος
1435 2514 1506 2550 ὑπὲρ
1527 2513 1609 2541 αὐτοῦ
1627 2514 1746 2549 γνησίως
1762 2514 1832 2549 προς

1038 2560 1083 2587 τὸν
1096 2560 1162 2586 Θεὸν
1171 2568 1179 2575 ·
1203 2560 1254 2594 τήν
1267 2568 1297 2586 τε
1314 2559 1461 2593 ἀπολογίαν
1473 2560 1556 2586 αὑτοῦ
1570 2559 1714 2594 δεχόμενος
1725 2567 1731 2573 ·
1750 2559 1766 2594 ἢ
1783 2559 1832 2586 καὶ

1038 2606 1119 2637 αὐτος
1136 2606 1179 2632 διὰ
1192 2606 1294 2639 ταύτης
1309 2606 1389 2632 αὑτὸν
1402 2605 1572 2641 θεραπεύων,
1599 2607 1647 2632 καὶ
1663 2605 1774 2632 σεαυτὸν
1786 2606 1831 2632 αέα

1040 2660 1098 2678 τιον
1120 2650 1167 2678 τοῦ
1188 2651 1343 2687 πειρασμοῦ
1356 2651 1532 2686 λογιζόμενος
1545 2672 1552 2684 ,
1582 2652 1629 2678 καὶ
1645 2651 1832 2687 μακροθυμῶν

1044 2698 1142 2734 μέχρις
1155 2695 1186 2725 οὗ
1203 2697 1326 2733 παρέλθῃ
1341 2698 1372 2724 τὸ
1385 2699 1474 2733 νέφος.

202 2857 306 2895 (μή-δία
323 2859 408 2895 sacris
422 2859 604 2895 profanisque
625 2859 796 2893 sapientibus
821 2860 942 2888 inaudita
959 2869 989 2888 ac
1010 2868 1059 2888 nec
1071 2860 1162 2895 siipitc
1179 2860 1269 2894 digna,
1290 2857 1397 2885 Maximi
1430 2856 1595 2885 confessoris
1627 2856 1737 2884 nomine
1749 2855 1834 2891 (tanti

203 2892 310 2920 scilicet
325 2893 444 2920 nominis
458 2892 590 2929 theologi)
606 2892 747 2930 iugorantl
