1948 3077
121 168 190 202 1053

151 231 206 260 κγ’.
225 227 408 265 Μακρόθυμός
441 231 526 264 ἐστιν,
544 233 558 259 ὸ
581 237 615 262 τό

115 272 164 318 τοῦ
177 273 344 309 πειρασμοῦ,
358 276 406 302 καὶ
419 276 450 303 τδ
460 277 592 313 καύχημα
606 279 656 315 τῆς
671 282 821 317 καρτερίας
838 282 909 318 λαμ-

119 317 221 344 δάνων.

152 365 202 391 κδ’.
227 365 318 400 Ἀνὴρ
340 369 533 404 μακρόθυμος
544 390 552 402 ,
569 372 667 405 πολὺς
680 373 715 399 ἐν
739 374 885 408 φρονήσει
899 384 906 391 ο

116 411 158 437 ὅτι
173 411 265 437 πάντα
289 411 324 438 τὰ
349 413 531 447 συμϐαίνοντα
547 417 593 443 ἐπὶ
611 417 642 443 τὸ
666 418 741 451 τέλος
764 420 905 456 ἀναφέρειο

116 456 228 482 κάκεῖνο
252 457 417 492 περιμένων,
433 459 559 494 ἀνέχεται
586 461 641 488 τῶν
657 462 798 498 λυπηρῶν.
822 465 857 491 Τὸ
873 464 906 491 δὲ

115 500 205 534 τέλος
219 501 295 532 ἐστὶ,
312 502 368 536 ζωὴ
383 503 512 538 αἰώνιος,
528 506 599 533 κατὰ
621 507 668 534 τὸν
689 508 760 535 θετον
778 509 907 536 Ἀπόστο-

115 546 170 572 λον.
179 547 260 580 Αὕτη
275 547 309 574 δέ
319 549 406 575 ἐστιν
418 549 436 582 ἡ
450 549 568 584 αἰώνιος
582 551 652 586 ζωὴ,
664 553 715 582 ἵνα
732 554 906 588 γινώσκωσι

114 601 151 618 σε
166 593 220 618 τὸν
232 593 329 627 μόνον
342 594 489 627 ἀληθινὸν
508 597 592 630 Θεὸν,
605 598 653 625 καί
669 598 706 625 ὃν
721 600 905 635 ἀπέστειλας

120 638 245 671 Ἰησοῦν
259 639 398 672 Χριστόν.

148 686 199 708 κε’.
218 682 264 718 Μὴ
291 683 400 716 εῠκολος
426 685 540 713 ἔσο-ἐπὶ
567 688 687 725 ἀποϐολῇ
714 692 904 727 πνευματικῆς

112 728 235 763 ἀγάπης,
252 729 318 755 διότι
334 729 401 764 ἄλλη
429 731 565 767 σωτηρίας
582 733 641 766 ὁδὸς
651 735 700 770 οὐχ
713 735 903 763 ὑπολέλειπται

112 775 170 805 τοῖς
183 774 346 810 ἀνθρώποις.
659 780 670 785 ”’

149 823 206 852 xq’.
219 821 265 855 Μὴ
277 821 322 847 τὸν
335 821 398 856 χθὲς
415 823 599 858 πνευματικὸν
615 825 729 859 ἀδελφὺν
749 826 796 853 καὶ
809 817 903 862 ἐνάρε-

110 874 158 892 τον
173 865 240 901 (56),
251 866 295 893 διὰ
309 867 338 893 τὸ
351 868 380 893 ὲν
392 867 433 893 σοὶ
449 869 569 904 σήμερον
592 869 622 902 ἐξ
644 871 776 906 ἐπηρείας
792 872 839 899 τοῦ
854 881 902 899 ποο

113 920 147 952 νη
153 911 200 946 ροῦ
213 911 388 946 ἐγγινόμενον
403 913 492 947 μῖσος,
503 915 578 948 κρῖνε
593 914 694 948 φαῦλον
703 905 751 943 καὶ
763 917 880 952 πονηρόν
892 927 898 933 ·
916 905 939 934 Β

112 950 183 982 ἀλλὰ
205 955 250 982 διὰ
266 955 316 990 τῆς
342 957 572 993 μακροθυμούσης
597 959 708 994 ἀγάπης
730 961 764 986 τὰ
790 950 902 995 χθεσινά

112 1001 184 1028 καλὰ
200 1001 382 1037 λογιζόμενος,
395 1003 425 1029 τὸ
440 1003 561 1038 σήμερον
577 1005 654 1039 μῖσος
666 1005 717 1039 τῆς
731 1006 821 1042 ψυχῆς
832 1007 901 1034 ἀπό-

111 1047 188 1074 δαλε.

146 1092 199 1124 κζ’.
219 1093 264 1128 Μὴ
281 1093 310 1120 ὃν
325 1093 435 1129 ἐπῄνεις
451 1097 514 1130 χθὲς
527 1097 563 1128 ὡς
575 1095 668 1129 καλὸν,
684 1097 733 1124 καὶ
747 1098 899 1134 ἐνεκωμία-

110 1138 157 1170 ζες
173 1138 212 1170 ὡς
236 1139 375 1173 ἐνάρετον,
392 1139 510 1174 σήμερον
534 1140 571 1172 ὠς
588 1140 691 1175 φαῦλον
717 1142 765 1168 καὶ
782 1143 900 1178 πονηρὸν

110 1183 312 1219 κακολογήσῃς,
322 1184 365 1211 διὰ
381 1185 431 1220 τὴν
445 1186 495 1220 σὴν
506 1186 535 1219 ἐξ
549 1187 659 1222 ἀγάπης
672 1189 712 1218 εἰς
727 1189 805 1222 μῖσος
820 1197 899 1223 μετα-

110 1229 191 1264 ϐολὴν
207 1229 252 1255 τὸν
267 1230 315 1256 τοῦ
331 1230 446 1266 ἀδελφοῦ
457 1231 541 1265 ψόγον
551 1251 559 1263 ,
572 1232 718 1266 ἀπολογίαν
735 1233 781 1260 τοῦ
805 1234 834 1260 ὲν
857 1235 898 1260 σοὶ

109 1275 230 1311 πονηροῦ
260 1276 355 1311 μίσους
372 1277 533 1313 ποιούμενος
544 1286 551 1293 '
566 1279 636 1306 ἀλλά
659 1281 716 1311 τοῖς
741 1281 833 1312 αὐτοῖς
851 1282 898 1315 ἐγ-

106 1322 226 1356 κωμίοις
239 1323 388 1358 ἐπίμεινον,
405 1323 456 1350 κᾶν
471 1323 511 1350 ἔτι
528 1324 579 1351 ὑπὸ
596 1325 643 1359 τῆς
655 1325 743 1360 λύπης
757 1326 894 1361 κεκράτη-

108 1376 164 1400 σαι,
185 1368 232 1395 καὶ
259 1370 299 1400 είς
324 1369 374 1405 τὴν
401 1369 538 1405 σωτηρίαν
564 1370 675 1406 ἀγάπην
702 1371 823 1406 εὐχερῶς
844 1373 894 1398 ἑπ-

106 1413 222 1451 ανέρχῃ.

141 1465 196 1496 κη’.
211 1461 257 1497 Μὴ
282 1461 328 1489 τὸν
354 1462 454 1497 συνήθη
478 1462 525 1489 τοῦ
551 1463 667 1497 ἀδελφοῦ
688 1463 799 1490 ἔπαινον
816 1464 872 1499 ('57)
885 1485 892 1496 ,

104 1507 149 1535 διὰ
162 1507 213 1543 τὴν
227 1507 266 1534 ἔτι
279 1509 309 1534 ἐν
333 1508 374 1535 σοὶ
399 1509 466 1544 πρὸς
485 1508 567 1535 αὑτὸν
581 1509 757 1545 ὑπάρχουσαν
772 1518 895 1545 κεκρυμ-

561 178 726 210 CAPITUM
746 180 795 210 DE
814 181 1029 215 CI‘IARITATE
1048 187 1241 219 CENTURIA
1261 190 1310 220 IV.

1683 191 1747 224 1054

633 236 709 268 τέλος
733 237 902 272 ἐκδεχόμενοι

997 245 1041 271 ‘23.
1068 245 1243 280 Longammis
1272 246 1438 282 prolixaeque
1462 246 1601 281 patientia!
1623 251 1675 279 est,
1701 248 1748 282 qui

959 290 1119 319 tentationis
1128 292 1302 326 praestolatur
1312 292 1403 325 (idem,
1414 300 1445 320 ac
1456 292 1625 319 sustinentim
1634 293 1747 328 gloriam

958 337 1053 364 refert.
1662 361 1664 364 ι

992 385 1036 411 24.
1057 383 1101 411 Vir
1119 384 1289 420 longanimis,
1307 384 1404 412 multus
1419 385 1446 412 in
1463 385 1603 420 prudentia
1619 385 1629 400 '
1645 393 1652 417 ;
1671 384 1746 419 quod

957 431 1063 458 scilicet.
1077 431 1170 458 omnia
1185 439 1246 466 qute
1267 431 1306 458 illi
1321 431 1463 462 eveniunt,
1488 431 1514 457 in
1539 431 1620 457 finem
1644 430 1743 463 refert;

957 474 1086 509 illiusque
1106 476 1321 510 exspectatione,
1334 483 1470 502 mrumnas
1492 475 1617 509 malaque
1635 475 1742 502 suﬁcrt.

956 518 1029 546 Finis
1043 525 1142 552 autem,
1158 521 1260 547 estvita
1275 524 1384 552 a'terna,
1403 523 1433 546 ut
1449 520 1533 546 sentit
1548 520 1659 546 divinus
1673 520 1745 554 Apo-

955 566 1043 593 stolus
1057 566 1077 592 ‘.
1097 566 1159 593 Ηιιτ
1171 571 1208 593 est
1220 571 1308 593 autem
1318 567 1370 593 vita
1388 570 1498 596 wterna.
1509 571 1537 592 ut
1550 570 1707 600 coynoscant
1719 570 1744 592 te

955 612 1042 638 solum
1068 612 1152 639 Deum
1175 621 1275 645 verum,
1297 616 1321 638 et
1343 620 1419 647 quem
1440 612 1533 638 misisti
1552 611 1642 638 Iesum
1667 611 1742 639 Citri—

957 663 1026 686 stum
1040 659 1062 685 ".

989 705 1034 732 ‘25.
1048 704 1120 732 Cave
1134 705 1264 740 spiritalis
1280 704 1436 732 dilectionis
1451 703 1585 738 iacturam
1606 701 1685 729 facile
1700 701 1742 729 fe-

954 750 1027 778 ceris
1043 759 1050 784 ;
1065 751 1166 786 quippe
1184 759 1246 778 cum
1262 754 1363 785 praeter
1377 750 1460 781 illam,
1475 749 1549 776 nulla
1565 749 1617 775 alia
1636 748 1742 782 reliqua

954 796 990 823 sit
1004 795 1163 823 hominibus
1176 804 1238 831 spes
1250 795 1356 822 salutis.

987 841 1031 868 26.
1049 841 1167 873 Videsis,
1195 849 1229 868 ne
1251 841 1364 879 fratrem
1384 840 1446 867 beri
1468 839 1620 875 spiritalem
1640 846 1672 865 ac
1685 838 1741 865 vir-

954 891 1011 915 tute
1025 887 1135 919 fultum,
1150 887 1186 914 ob
1197 887 1290 914 odium
1307 887 1356 914 tibi
1370 886 1452 914 hodie
1467 885 1630 920 nequissimi
1644 884 1740 911 fraude

952 942 984 961 ac
999 934 1059 961 labe
1078 934 1240 965 immissum,
1258 933 1358 960 malum
1375 932 1480 967 judices
1496 935 1523 958 et
1543 938 1656 966 pravum
1670 939 1676 957 :
1691 930 1739 958 sed

951 978 1043 1013 potius
1056 977 1198 1005 eharitatis
1216 976 1357 1012 patientia,
1378 976 1504 1003 hesterna
1522 975 1596 1002 illius
1607 974 1678 1001 bona
1695 981 1739 1002 re-

950 1028 1061 1059 putans,
1078 1023 1205 1050 hodierni
1222 1022 1277 1050 odii
1291 1022 1367 1049 virus
1381 1028 1414 1048 ex
1430 1021 1522 1048 animo
1537 1020 1635 1047 abiice.

985 1113 1031 1140 27.
1048 1113 1099 1144 Ne,
1120 1119 1202 1147 quem
1215 1111 1276 1139 heri
1291 1119 1346 1146 pra:
1361 1117 1468 1137 morum
1485 1109 1629 1136 honestate
1643 1108 1738 1135 lauda-

949 1159 1008 1191 bas,
1021 1167 1053 1187 ac
1064 1158 1175 1186 virtutis
1187 1158 1297 1185 nomine
1307 1156 1484 1192 prmdicabas,
1498 1155 1579 1182 hodie
1591 1159 1622 1182 ut
1634 1155 1735 1182 malum

948 1209 1118 1238 pravumque
1134 1202 1284 1236 vitupcrcs,
1298 1200 1372 1235 quod
1390 1200 1567 1226 dilectionem
1580 1205 1654 1225 tuam
1671 1199 1736 1225 odio

946 1247 1111 1281 mutaveris;
1136 1255 1234 1282 nempe
1260 1247 1379 1281 improbi
1401 1246 1440 1273 tui
1465 1245 1522 1272 odii
1547 1245 1734 1272 defensionem

946 1301 1082 1329 quatrens,
1105 1293 1179 1328 quod
1200 1292 1311 1320 fratrem
1333 1292 1489 1320 criminaris
1504 1300 1510 1318 :
1526 1291 1573 1318 sed
1590 1298 1734 1326 persevera

946 1340 974 1367 in
992 1331 1090 1367 iisdem
1107 1340 1247 1372 laudibus,
1268 1339 1376 1367 tametsi
1394 1339 1484 1366 adhuc
1501 1345 1573 1373 aegro
1595 1337 1686 1364 animo
1697 1337 1735 1364 sis

945 1382 1105 1421 doleasrlue,
1122 1386 1255 1421 facileque
1274 1386 1308 1413 ad
1327 1386 1465 1413 salubrem
1481 1385 1656 1412 dilectionem
1675 1384 1734 1411 ani-

944 1432 1077 1466 maequior
1094 1431 1183 1459 factus
1199 1432 1357 1459 reverteris.

978 1477 1022 1504 28.
1038 1476 1109 1504 Cave
1131 1485 1166 1503 ne
1182 1476 1291 1504 laudem
1305 1483 1358 1511 qua
1380 1475 1492 1503 fratrem
1514 1474 1645 1510 prosequi
1665 1481 1733 1501 con-

944 1530 1083 1555 sucveras,
1102 1523 1137 1550 ob
1154 1523 1278 1550 dolorem
1293 1522 1384 1549 adhuc
1399 1522 1427 1548 in
1444 1521 1526 1549 corde
1542 1521 1683 1552 latentem,
1703 1519 1731 1546 in

106 1554 191 1590 μένην
207 1554 307 1590 λύπην,
326 1555 354 1580 ὲν
374 1556 407 1590 τῇ
429 1555 483 1581 τῶν
511 1555 611 1582 λοιπῶν
627 1555 748 1590 ἀδελφῶν
764 1557 891 1592 συντυχίᾳ

950 1567 1058 1595 ‘ratrum
1074 1567 1245 1602 reliquorum
1266 1571 1338 1594 cmtu
1362 1573 1565 1601 congressuque
1579 1565 1729 1596 adulteres,

104 1601 236 1636 νοθεύσῃς
254 1609 262 1616 ·
279 1601 518 1636 συμπαραμίσγων
545 1603 602 1633 τοῖς
633 1602 721 1636 λόγοις
741 1602 890 1638 λεληθότως

101 1648 147 1674 τὸν
157 1648 241 1682 ψόγον
253 1655 259 1662 ·
279 1647 346 1674 ἀλλὰ
361 1647 473 1682 καθαρῷ
498 1647 537 1682 τῷ
554 1647 656 1683 ἐπαίνῳ
669 1649 697 1674 ὲν
708 1650 742 1684 τῇ
761 1650 891 1685 συντυχία

102 1694 215 1729 χρῆσαι,
230 1693 278 1720 καὶ
297 1694 414 1728 γνησίως
427 1693 498 1728 ὑπὲρ
512 1693 606 1725 αὐτοῦ,
620 1694 658 1725 ὡς
675 1694 785 1727 σαυτοῦ,
803 1703 889 1730 προσ-

101 1740 182 1774 εύχου
204 1748 212 1755 ·
230 1739 277 1766 καὶ
305 1740 352 1766 τοῦ
383 1739 505 1775 ὀλεθρίου
533 1740 628 1775 μίσους
659 1740 775 1775 τάχιστα
802 1742 890 1768 ἁπαλ-

101 1787 196 1823 λὰττῃ.

136 1834 187 1861 κο’.
203 1834 248 1869 Μὴ
271 1834 351 1870 εἴπῃς
361 1843 368 1849 ·
384 1835 421 1860 Οὐ
439 1833 510 1868 μισῶ
521 1833 566 1860 τὸν
577 1834 702 1869 ἀδελφὺν,
715 1835 764 1870 τὴν
779 1835 889 1870 μνήμην

100 1881 182 1908 αὕτοῦ
198 1875 444 1915 ἁποστρεέςόμενος.
466 1880 546 1907 Ἀλλὰ
565 1881 679 1908 ἄκουσον
699 1882 835 1913 Μωῦσέως
847 1882 890 1908 λέ-

98 1936 192 1961 γοντος
203 1936 209 1942 ·
225 1927 272 1960 Μὴ
286 1926 425 1961 μισήσῃς
436 1927 489 1952 τὸν
503 1926 638 1960 ἀδελφόν
651 1935 708 1954 σου
721 1927 758 1961 τῇ
772 1927 888 1961 διανοίᾳ

97 1982 174 2000 σου·
191 1972 307 2007 mnia
320 1972 452 2007 ὲλέγξεις
478 1972 532 1999 τὸν
557 1973 690 2007 ἀδελφόν
702 1981 760 2001 σου
777 1974 826 2001 καὶ
852 1975 888 2001 οὺ

97 2019 191 2054 λήψῃ
205 2019 243 2045 δι’
258 2019 352 2045 αὑτὸν
370 2019 522 2053 ἁμαρτίαν,

80 2095 87 2102 ι
132 2065 164 2091 λ’.
187 2064 251 2091 Ἐὰν
279 2064 390 2098 ἁδελφὸς
415 2064 498 2098 τυχὸν
531 2063 728 2100 πειραζόμενος
757 2065 885 2101 ὲπιμείνῃ

96 2110 257 2144 κακολογῶν
273 2119 317 2142 σε,
336 2109 404 2136 ἀλλὰ
423 2109 455 2136 σύ
476 2118 507 2143 γε
526 2109 563 2145 μὴ
588 2110 730 2146 ὲξενεχῡῇς
752 2111 802 2146 τῆς
818 2113 887 2146 ἁγα-

95 2155 218 2190 πητικῆς
235 2155 443 2187 καταστάσεως,
460 2155 507 2181 τοῦ
523 2155 604 2181 αὑτοῦ
620 2155 739 2190 πονηροῦ
759 2155 886 2191 δαίμονος

95 2201 270 2235 ἀνεχόμενος,
285 2199 456 2234 ἐνοχλοῦντος
473 2201 544 2226 κατὰ
565 2200 695 2227 διάνοιαν.
715 2194 884 2234 Οὐκθὲξενε-

94 2246 185 2282 χ’)ήσῃ
203 2246 231 2271 δὲ
243 2245 346 2279 ταύτης
355 2266 362 2278 ,
375 2245 422 2271 ἐὰν
437 2245 640 2281 λοιδορούμενος
656 2245 822 2282 εὐλογήσῃς’
835 2247 883 2273 ἐὰν

94 2291 351 2325 ἐπιϐουλευόμενος,
367 2291 508 2326 εὐνοήσῃς.
528 2291 601 2327 Αὖτη
629 2292 703 2318 ἐστὶν
723 2293 739 2327 ἡ
760 2293 819 2324 ὁδὸς
835 2293 884 2328 τῆς

93 2338 166 2364 κατὰ
183 2337 299 2373 Χριστὸν
314 2336 474 2370 φιλοσοφίας
491 2345 498 2353 ·
515 2338 562 2364 καὶ
577 2338 591 2364 ὁ
603 2337 640 2373 μὴ
654 2338 756 2374 ταύτην
773 2338 871 2365 ὁδεύων

92 2385 124 2411 οὐ
138 2383 326 2415 συναυλίζίται
340 2382 425 2418 αὐτῷ.

128 2470 180 2497 λα’.
196 2469 243 2505 Μὴ
267 2470 306 2501 ὡς
333 2469 494 2502 εὐνοοῦντας
509 2470 630 2505 λογίζου,
643 2472 706 2504 τοὺς
728 2472 823 2506 λόγους
843 2482 884 2500 σοι

92 2513 227 2550 φέροντας
241 2514 329 2550 λύπην
341 2515 373 2541 ὲν
386 2514 429 2540 σοὶ
451 2515 498 2541 καὶ
525 2517 603 2550 μῖσος
620 2516 665 2542 τὸν
689 2517 757 2552 πρὸς
771 2518 883 2552 ἀδελφὸν

90 2559 294 2595 ἐργαζομένους
317 2559 384 2593 (58),
405 2559 457 2585 κᾶν
471 2559 613 2594 ἀληθεύειν
627 2560 741 2588 δοκῶσιν
753 2570 759 2576 ·
773 2562 830 2588 ἀλλ’
845 2563 882 2595 ὼς

91 2602 275 2634 θανατοῦντας
292 2602 369 2637 ὄφεις
382 2603 444 2634 τοὺς
468 2604 605 2635 τοιούτους
625 2605 798 2641 ἀποστρέφου
810 2615 817 2622 ι
839 2607 882 2634 ἵνα

90 2648 235 2679 κάκείνους
249 2647 297 2674 τοῦ
310 2649 467 2682 κακολογεῖν
481 2650 631 2686 ἀνακόψῃς,
642 2652 688 2678 καὶ
703 2652 752 2687 τὴν
765 2653 877 2680 σεαυτοῦ

89 2693 180 2728 ψυχὴν
192 2692 324 2728 πονηρίας
338 2693 508 2730 ἀπαλλάξῃς.

124 2779 174 2814 λβ’.
193 2780 240 2816 Μὴ
253 2780 342 2815 λόγοις
354 2781 382 2808 δὶ
402 2782 572 2817 αἰνιγμάτων
587 2783 632 2811 τὸν
645 2784 759 2821 ἀδελφὸν
783 2787 877 2821 κεντή-

900 2232 921 2259 Ι)

942 1612 1011 1639 clam
1031 1611 1104 1639 inter
1124 1611 1302 1638 fabulandum
1321 1610 1536 1642 commiscendo,
1546 1610 1619 1644 quod
1637 1609 1675 1636 illi
1689 1609 1730 1636 vi-

943 1658 1050 1692 tuperio
1071 1657 1151 1685 cedat
1173 1666 1179 1684 :
1200 1657 1248 1684 sed
1269 1657 1354 1692 magis
1373 1664 1436 1684 cum
1458 1664 1549 1684 sermo
1568 1655 1725 1682 miscendus

940 1703 1003 1734 erit,
1022 1710 1118 1736 puram
1134 1702 1235 1729 adhibe
1252 1701 1372 1733 laudem,
1391 1708 1510 1735 vereque
1521 1708 1554 1726 ex
1569 1699 1660 1726 animo
1675 1707 1725 1733 pro
1750 1736 1752 1739 Ι

941 1746 999 1775 illo.
1014 1754 1046 1773 ac
1062 1754 1112 1781 pro
1125 1746 1223 1780 teipse,
1237 1753 1302 1778 ora;
1322 1744 1423 1779 ﬁetque
1441 1748 1471 1771 ut
1488 1743 1565 1771 brevi
1580 1743 1728 1770 admodum

940 1791 1056 1818 exitiosa
1070 1791 1127 1818 odii
1140 1791 1201 1818 labe
1217 1790 1354 1818 libereris.

973 1837 1019 1864 29.
1047 1837 1086 1863 Nc
1115 1836 1191 1864 dicas
1215 1840 1239 1863 te
1262 1844 1317 1862 non
1340 1835 1432 1863 odisse
1454 1835 1577 1866 fratrem,
1599 1834 1646 1869 qui
1669 1834 1729 1869 ejus

939 1882 1101 1909 memoriam
1114 1881 1260 1908 averseris.
1270 1881 1372 1908 Verum
1382 1881 1445 1908 audi
1455 1881 1556 1908 Mosem
1569 1880 1706 1908 dicentem
1720 1888 1727 1906 :

938 1928 997 1955 Non
1007 1928 1093 1954 oderis
1111 1928 1222 1962 fratrem
1233 1927 1343 1953 tuumin
1355 1926 1432 1953 corde
1448 1931 1492 1953 tuo
1505 1935 1513 1953 :
1528 1925 1728 1961 reprehensione

939 1973 1110 2008 reprehendes
1130 1973 1242 2007 fratrem
1262 1977 1347 2005 tuum,
1370 1976 1394 1999 ct
1412 1980 1463 1998 non
1483 1980 1600 1999 assumes
1621 1976 1728 2007 propter

939 2018 1014 2046 illum
1031 2023 1166 2054 peccatum
1181 2019 1202 2045 ⁸.

972 2063 1017 2090 50.
1033 2063 1061 2091 Si
1075 2063 1145 2091 forte
1162 2064 1313 2098 contingat,
1329 2067 1358 2090 ut
1374 2063 1459 2091 frater
1476 2063 1624 2090 tentatione
1635 2063 1727 2098 pulsa-

938 2113 992 2142 tus,
1012 2109 1337 2149 detrahendo_morosior
1351 2109 1476 2142 insistat;
1502 2113 1528 2135 tu
1546 2113 1634 2135 tamen
1648 2116 1725 2140 cave,

936 2162 971 2182 ne
999 2155 1095 2182 eodem
1111 2155 1262 2190 proposito,
1279 2155 1470 2190 interpellante
1489 2154 1655 2189 nequissimo
1672 2155 1726 2181 da:-

936 2208 1028 2233 mone,
1047 2209 1062 2228 a
1081 2201 1224 2228 charitatis
1247 2205 1319 2228 statu
1340 2201 1482 2228 transferri
1497 2205 1523 2228 te
1541 2201 1623 2237 448
1637 2201 1725 2235 patia-

935 2246 983 2273 ris.
1002 2246 1037 2274 Ut
1053 2250 1146 2273 aulem
1167 2247 1342 2274 transferaris
1368 2255 1508 2281 nunquam
1530 2246 1585 2278 fiat,
1601 2246 1622 2274 si
1639 2246 1725 2273 malc-

933 2291 1014 2319 dictis
1027 2291 1180 2324 lacessitus,
1197 2291 1372 2319 benedixcris
1389 2300 1395 2318 :
1412 2292 1434 2318 si
1455 2291 1563 2318 insidiis
1576 2293 1723 2326 appetitus.

932 2337 1154 2364 benevolentiam
1175 2337 1309 2364 tenueris.
1331 2337 1393 2364 Πίου
1415 2336 1577 2370 Christianae
1599 2337 1723 2371 philoso-

932 2383 1004 2417 phiae
1018 2383 1080 2418 via;
1097 2391 1160 2418 qua,
1177 2384 1224 2418 qui
1239 2383 1386 2415 exorbitat,
1398 2384 1471 2410 haud
1490 2391 1609 2418 unquam
1620 2383 1722 2412 Christi

932 2427 1115 2454 contubernio
1128 2435 1160 2454 ac
1171 2428 1303 2455 societate
1313 2428 1456 2463 gaudebit.

967 2473 1012 2499 5L
1029 2471 1068 2499 Ne
1081 2471 1159 2506 quasi
1170 2472 1318 2499 benevolos
1335 2472 1428 2507 tuique
1445 2472 1564 2501 cultores
1581 2471 1721 2500 existima-

931 2517 1014 2549 veris,
1028 2517 1075 2552 qui
1090 2517 1139 2544 tibi
1156 2517 1184 2544 in
1199 2525 1293 2545 aurem
1307 2525 1450 2545 sermones
1460 2518 1645 2548 insusurrant,
1658 2518 1720 2552 qui-

931 2561 983 2588 bus
995 2561 1022 2588 in
1035 2561 1146 2589 fratrem
1167 2562 1278 2589 tristitia
1298 2567 1380 2597 atque
1400 2561 1463 2589 odio
1486 2562 1652 2595 incendaris.
1677 2567 1718 2590 ta-

931 2607 1011 2634 metsi
1027 2615 1092 2635 vera
1102 2615 1214 2635 narrare
1230 2608 1388 2641 videantur;
1405 2608 1453 2635 sed
1466 2613 1593 2643 tanquam
1607 2609 1718 2644 pestife-

930 2660 976 2679 ros
988 2658 1129 2687 serpentes
1146 2653 1206 2688 ejus
1228 2654 1337 2688 generis
1352 2655 1479 2682 homines
1493 2662 1638 2688 aversare;
1661 2659 1717 2682 tum

931 2702 961 2725 ut
977 2698 1086 2725 illorum
1107 2699 1326 2726 maledicentiam
1343 2707 1510 2735 compescas,
1534 2704 1591 2727 tum
1612 2705 1642 2728 ut
1661 2700 1717 2736 ipse

930 2743 1052 2770 animum
1073 2749 1149 2772 tuum
1165 2753 1180 2772 a
1195 2745 1319 2780 nequitia
1337 2746 1447 2774 liberes.

965 2789 1009 2817 52.
1027 2790 1066 2818 Ne
1084 2790 1211 2820 obscuris
1233 2799 1265 2820 ac
1277 2793 1417 2828 perplexis
1431 2793 1523 2821 verbis
1536 2792 1648 2820 fratrem
1664 2800 1717 2826 pu-

127 2862 230 2891 'PI'OV-
243 2872 296 2898 HV,
309 2866 352 2895 29.
390 2868 400 2884 '
413 2869 492 2896 Rern.
504 2878 540 2904 vr,
553 2870 597 2897 22.
635 2871 644 2886 ⁷
658 2871 736 2898 Rom.
751 2879 814 2905 xvn,
831 2872 856 2899 ὖ.
895 2871 906 2888 ⁸
919 2871 1006 2900 Levit.
1021 2880 1075 2906 nx,
1099 2874 1138 2902 l7.
