1948 3077
211 182 279 216 1055

801 181 831 212 S.
852 181 995 212 MAXIMI
1014 180 1268 212 LONFESSORIS

1763 177 1837 211 1056

209 236 335 272 pugeris;
363 242 398 262 ne
430 234 477 261 illo
503 233 580 269 paria
612 233 808 269 respondente,
840 233 997 261 dilectionis

1067 241 1108 269 ῃς,
1126 234 1169 261 ἵνα
1184 233 1221 268 μὴ
1236 231 1274 259 ’τά
1286 233 1366 267 ὃμοια
1378 231 1438 267 παῤ
1458 231 1539 259 αὐτοῦ
1555 230 1772 266 ἁντιδεχόμενος,
1784 233 1836 264 τὴν

209 280 337 307 affectum
352 287 385 306 ex
403 279 545 306 amborum
565 279 664 306 animis
683 279 842 314 expuleris:
863 278 911 306 sed
928 278 995 305 cha-

209 327 299 353 ritatis
320 325 428 357 fiducia,
451 325 530 357 vade,
552 332 670 359 eumque
691 332 776 360 argue
792 325 813 357 ν,
831 328 861 351 ιιι
879 324 995 351 sublatis

209 380 270 407 quae
285 372 407 399 dolorem
421 371 512 398 animo
530 370 701 406 ingerebant,
725 375 751 398 te
771 370 874 405 pariter
893 370 998 404 ipsum-

210 425 264 452 que
277 416 434 444 turbatione
448 420 530 451 atque
547 416 630 443 animi
645 415 806 450 aegritudine
822 415 933 442 liberes;

245 462 290 488 55.
305 461 386 489 Omni
401 461 544 496 diligentia
563 465 686 488 scrutare
703 460 898 488 conscientiam
913 464 998 492 tuam,

211 515 246 534 ne
261 507 331 534 forte
345 510 390 534 tua
407 507 487 540 culpa
506 506 591 533 frater
611 513 664 533 non
681 505 875 533 reconciliatus
889 505 1000 531 absces—

213 553 299 585 serit;
328 560 361 580 ac
381 560 416 579 ne
440 552 507 579 falsa
533 551 612 587 quasi
640 550 833 586 supputatione
853 549 1000 577 fallendam

213 607 272 626 eam
290 598 440 633 putaveris,
453 606 512 632 quae
525 597 633 625 noverit
645 597 752 624 occulta
767 601 824 628 tua,
841 599 1002 623 accusatura

214 652 269 679 quo
290 649 412 678 tempore
435 643 505 670 vivis
526 642 653 675 excedes,
671 650 703 669 ac
719 641 886 669 olfendiculo
910 640 1003 667 futura

215 689 282 716 dum
299 688 430 723 precaris.

248 734 293 762 54.
312 734 352 761 Ne
371 734 448 768 pacis
467 737 602 768 tempore,
622 740 719 760 eorum
741 739 803 767 quae
821 731 895 759 dicta
909 734 974 758 sunt
988 738 1004 758 a

216 780 312 812 fratre,
327 787 391 807 cum
413 780 436 807 is
456 787 528 815 aegro
546 780 639 806 animo
658 784 742 810 esset,
765 777 934 809 memineris,
947 777 1005 804 sive

217 826 265 854 ille
279 826 306 853 in
322 826 419 853 faciem
438 833 469 852 ac
482 832 576 852 coram
596 825 694 852 acerba
708 825 818 852 locutus
834 828 887 856 est,
902 823 960 851 sive
971 822 1005 850 ad

217 871 300 898 alium
311 871 468 903 oblocutus,
483 878 517 898 ex
530 875 694 905 quo‘postea
714 869 836 898 audieris
852 878 859 896 :
878 877 923 902 ne,
939 869 1005 896 dum

217 917 320 944 veteris
344 916 409 944 rixae
431 924 463 943 ac
489 916 596 951 injuria
618 916 798 951 cogitationes
822 915 954 948 admittis,
971 914 1005 942 ad
1020 907 1041 936 Β

218 960 365 987 exitiosum
383 959 476 987 fratris
490 959 584 986 odium
602 959 759 986 revertaris.

253 1005 299 1032 55.
317 1004 378 1032 Non
400 1008 492 1039 potest
511 1004 620 1031 animus
647 1008 726 1032 utens
745 1004 861 1037 ratione,
884 1002 1008 1038 quandiu

220 1057 314 1077 secum
334 1050 394 1085 ipse
405 1051 433 1077 in
452 1050 591 1078 hominem
606 1050 656 1077 alit
667 1050 761 1078 odium
777 1057 809 1077 ac
821 1049 931 1084 premit,
944 1055 1008 1076 cum

218 1095 286 1126 Deo,
300 1096 346 1130 qui
361 1095 439 1123 dedit
453 1095 623 1127 mandatum,
634 1102 730 1130 pacem
742 1095 844 1122 habere
858 1103 865 1120 :
880 1093 908 1121 Si
922 1093 1007 1126 enim,

219 1141 319 1175 inquit,
334 1149 386 1168 non
405 1141 556 1168 dimiseritis
571 1141 716 1167 hominibus
734 1143 840 1175 peccata
852 1147 952 1171 eorum,
962 1147 1009 1165 nec

219 1186 303 1214 Pater
316 1190 400 1213 vester
410 1186 519 1214 caelestis
537 1186 650 1213 dimittet
667 1186 737 1213 vobis
750 1188 856 1221 peccata
875 1188 960 1211 vestra
975 1184 1007 1211 ".

221 1231 270 1258 Sin
281 1236 373 1259 autem
395 1231 441 1258 ille
460 1239 555 1267 pacem
570 1232 640 1259 nolit
658 1232 759 1264 colere,
779 1236 807 1259 tu
823 1231 918 1258 saltem
932 1234 958 1258 te
973 1230 1009 1258 ab

220 1277 285 1304 odio
301 1277 450 1304 immunem
470 1285 560 1309 serva,
569 1285 634 1305 vere
644 1285 677 1305 ex
689 1277 781 1304 animo
791 1285 842 1312 pro
854 1276 901 1304 illo
915 1283 1008 1308 orans,

220 1331 273 1350 nec
286 1323 358 1358 apud
381 1323 467 1350 ullum
483 1323 507 1351 ei
523 1323 693 1351 obtrectans.

257 1411 301 1438 56.
318 1410 483 1438 Sanctorum
502 1409 661 1444 angelorum
677 1409 752 1436 nulla
763 1408 909 1435 verborum
921 1407 947 1434 vi
961 1415 1009 1435 ex-

224 1456 361 1490 plicabilis
379 1463 442 1490 pax,
462 1455 565 1489 duplici
581 1455 634 1482 hoc
653 1454 753 1481 affectu
773 1453 851 1480 ﬁrma
868 1453 1008 1485 consistit;

223 1509 321 1536 nempe
335 1501 480 1533 cliaritatc,
496 1509 550 1536 qua
563 1501 662 1528 Deum.
676 1505 703 1527 et
716 1508 769 1535 qua
788 1500 839 1534 ipsi
858 1499 928 1526 alter
944 1499 1011 1526 alte-

224 1552 285 1571 rum
308 1549 525 1579 prosequuntur.
547 1544 681 1571 Similiter
701 1552 767 1571 vero
787 1543 870 1571 etiam
886 1544 1009 1571 omnium

224 1577 388 1626 sanctorum
397 1577 444 1624 qui
459 1597 473 1617 a
486 1590 584 1617 seeculo
596 1589 718 1616 fuerunt.
727 1589 915 1617 Pulcherrime
927 1589 1010 1624 igitur
1024 1577 1045 1606 ο

224 1642 257 1662 ac
268 1635 371 1669 optime
387 1635 491 1662 dictum
508 1634 641 1662 Salvatori
663 1639 758 1662 nostro
775 1638 817 1662 est
837 1643 844 1661 :
863 1634 895 1662 In
912 1634 1012 1662 duobua

226 1680 266 1706 Itis
284 1679 418 1707 mandatis
444 1684 498 1706 tota
514 1679 555 1706 tea:
567 1680 660 1715 pendet
692 1683 717 1706 ct
731 1679 863 1715 prophetia
877 1679 908 1705 ”.

259 1725 342 1762 449
356 1727 399 1754 57.
418 1726 457 1754 Ne
472 1727 522 1754 tibi
548 1725 606 1760 ipse
621 1725 741 1761 placeas,
766 1729 794 1753 et
811 1725 924 1752 fratrem
950 1726 1014 1753 odio

225 1779 281 1798 non
295 1771 409 1798 habebis
426 1779 432 1798 :
447 1774 537 1799 necte
550 1771 608 1806 ipse
625 1778 656 1798 ac
677 1778 788 1798 carnem
806 1778 890 1806 prave
903 1778 1015 1799 amave—

227 1817 276 1849 ris,
294 1816 398 1851 Deique
414 1823 511 1843 amans
529 1824 560 1843 ac
572 1816 718 1851 religiosus
727 1816 793 1843 eris.

260 1861 305 1889 38.
334 1861 478 1896 Siquidem
503 1869 564 1889 cum
594 1862 769 1897 spiritalibus
796 1861 881 1889 vitam
913 1861 1015 1889 ducere

227 1907 319 1935 animo
346 1908 528 1935 constitutum
547 1912 606 1940 est,
636 1916 671 1935 ex
697 1907 765 1943 ipsis
780 1908 874 1935 statim
897 1907 1014 1939 foribus.

228 1952 282 1980 tuis
295 1953 485 1980 voluntatibus
504 1953 634 1980 nuntium
651 1953 771 1980 remitte.
788 1952 848 1980 Non
867 1952 942 1980 enim
963 1953 1016 1979 ali-

227 2001 271 2025 ter
290 1997 348 2025 ﬁeri
361 1997 473 2032 poterit,
497 2001 528 2024 ut
545 1998 588 2025 vel
609 2005 672 2024 cum
686 1998 752 2029 Deo,
767 1997 810 2024 vel
824 2004 887 2025 cum
904 1996 957 2023 illis
968 2004 1016 2032 pa-

227 2050 287 2071 cem
301 2043 413 2075 habeas,
433 2043 598 2078 quibuscum
616 2043 679 2070 vitm
692 2043 853 2070 societatem
869 2042 977 2070 inieris.

266 2087 310 2114 59.
337 2087 387 2115 Cui
409 2087 559 2122 perfectam
585 2087 707 2115 nancisci
734 2086 896 2113 charitatem
921 2086 1015 2118 licuit,

230 2140 381 2167 omnesque
393 2133 456 2160 vitae
475 2140 532 2160 suae
546 2133 667 2159 rationes
678 2132 712 2159 ad
726 2139 785 2159 eam
799 2132 962 2166 composuit,
972 2131 1017 2159 hic

229 2179 325 2213 utique
349 2178 494 2205 Dominum
509 2177 603 2205 Iesum
624 2178 651 2204 in
669 2177 774 2212 Spiritu
787 2181 882 2204 sancto
901 2176 969 2204 dicit
983 2177 1015 2210 ";

229 2223 407 2256 vicissimque
423 2222 572 2249 contraria.

264 2267 309 2293 40.
329 2266 395 2299 Qum
413 2266 441 2293 in
457 2267 542 2293 Deum
560 2266 681 2294 cliaritas
699 2270 751 2298 est,
772 2264 806 2293 ad
821 2265 914 2293 divina
929 2266 1016 2293 collo-

230 2312 295 2346 quia
315 2312 462 2339 sublimem
478 2320 613 2347 propenso
638 2320 748 2346 semper
773 2312 895 2339 animum
924 2312 1016 2339 levat:

230 2365 290 2392 quae
303 2362 394 2384 autem
410 2357 451 2384 ad'
466 2357 622 2393 proximum
642 2362 695 2389 est,
712 2357 782 2384 bene
798 2364 906 2392 semper
921 2357 956 2384 de
970 2357 1018 2384 illo

230 2403 298 2430 facit
314 2404 446 2439 cogitare.

266 2486 277 2501 '
294 2484 389 2512 Matth.
405 2492 481 2517 mu,
498 2484 541 2512 15.

268 2555 334 2589 (e-u)
349 2554 666 2589 Καὶμὴπαραλογίζου
691 2555 812 2588 ταύτην.
839 2555 932 2588 Quasi,
959 2556 1016 2590 ejus

233 2590 347 2625 ratione;
367 2589 456 2623 fallas.
480 2590 548 2618 Nota
571 2591 646 2617 vocis
669 2590 832 2625 significatio
848 2599 881 2617 ex
897 2589 975 2617 Βιιιίξ
990 2594 1018 2617 οι

233 2624 305 2655 aliis,
321 2629 519 2659 auctorumque
540 2625 676 2659 frequenti
700 2624 762 2654 usu,
781 2625 808 2651 in
829 2625 862 2652 iis
878 2625 925 2659 qui
943 2625 1019 2652 falsis

233 2659 476 2693 supputationibus
490 2668 521 2686 ac
541 2659 829 2694 rationibus,'aliquid
850 2660 1017 2691 subducere,

234 2693 303 2720 utin
315 2695 504 2728 vectigalibus,
515 2702 545 2722 ac
555 2694 702 2726 similibus,
715 2697 850 2727 satagunt.
864 2695 937 2721 Nihil
950 2695 1019 2721 bene

234 2729 335 2768 _0_bsop.
351 2733 381 2768 et_
395 2729 477 2768 Gesn.
494 2729 527 2756 Et
542 2737 573 2755 ne
593 2734 743 2756 contemnas
756 2728 841 2768 ἱιίαῃι.
870 2729 926 2768 Etsi
943 2729 1018 2756 enim

235 2763 280 2789 hic
291 2764 466 2792 conscientia:
476 2769 648 2798 contemptus
658 2768 709 2795 est,
722 2769 749 2791 at
759 2764 949 2798 explicandum
957 2771 1018 2790 cum

235 2798 362 2830 Maximo,
375 2799 402 2826 in
415 2807 534 2833 quonam
546 2805 589 2826 est
601 2802 776 2833 contemptus
788 2806 794 2831 ;
814 2799 841 2825 in
855 2806 888 2825 cn
902 2798 1017 2830 scilicet,

236 2833 309 2872 quod
336 2835 398 2868 quis
426 2838 502 2872 putet
525 2834 577 2872 sibi
605 2834 769 2872 consultum,
795 2838 825 2872 ut
845 2833 919 2872 illius
944 2833 1020 2860 fallat

237 2867 368 2900 rationes,
403 2867 480 2903 quasi
504 2868 546 2896 vel
572 2867 677 2895 nesciat
694 2876 754 2903 qua:
773 2869 843 2896 mala
869 2869 936 2895 liuut
971 2873 1019 2895 aut

1045 280 1094 315 τῆς
1105 279 1214 314 ἀγάπης
1228 278 1347 305 διάθεσιν
1358 277 1388 310 ἐξ
1400 277 1562 312 ἀμφοτέρων
1587 276 1736 311 ἀπελάσῃς.
1756 277 1838 304 Ἀλλὰ

1048 325 1118 362 μετὰ
1134 324 1289 361 παρρησίας
1304 323 1487 359 ἀγαητικῆς,
1504 321 1603 356 ὕπαγε,
1619 322 1728 356 ἔλεγξον
1742 322 1839 355 αὑτὸν,

1048 372 1091 398 ἵνα
1105 371 1155 403 τὰς
1181 371 1269 402 αἰτίας
1279 370 1329 404 τῆς
1342 369 1431 405 λύπης
1447 369 1540 400 λύσας,
1551 368 1675 404 ταραχῆς
1688 368 1735 395 καὶ
1750 367 1839 402 λύπης

1048 417 1219 453 ἀμφοτέρως
1235 415 1403 451 ἀπαλλάξῃς.

1085 462 1138 497 λγ’.
1161 461 1322 498 Ἑρεύνησον
1335 461 1384 496 τὴν
1406 461 1559 494 συνείδησιν
1577 459 1644 495 μετὰ
1661 459 1752 494 πάσης
1764 460 1841 494 ἀκρι-

1050 508 1136 541 ϐείας,
1146 508 1250 543 μήποτε
1264 508 1296 542 τῇ
1309 508 1342 542 σῇ
1365 506 1439 542 αίτίᾳ
1449 506 1463 532 ὸ
1471 505 1584 540 ἀδελφὸς
1593 505 1624 531 οὐ
1634 505 1763 540 διηλλάγη
1777 514 1783 520 -
1793 505 1842 531 καὶ

1053 555 1090 590 μὴ
1108 553 1288 589 παραλογίζου
1314 553 1417 588 ταύτην
1433 553 1513 588 (e-n),
1523 551 1556 578 τὰ
1571 551 1680 586 κρυπτά
1694 559 1742 577 σου
1758 551 1825 584 γινώ

1053 609 1181 632 σκουσαν,
1196 599 1244 626 καὶ
1273 598 1481 634 κατηγοροῦσαν
1498 606 1545 624 σου
1568 597 1597 624 ἐν
1625 596 1664 632 τῷ
1686 596 1776 631 καιρῷ
1790 596 1842 631 τῆς

1052 646 1153 679 ἐξόδου,
1166 646 1212 673 καὶ
1226 646 1255 672 ἐν
1270 644 1359 680 καιρῷ
1373 644 1402 671 δὲ
1427 643 1590 680 προσευχῆς,
1608 641 1778 678 πρόσκομμά
1799 650 1843 668 σοι

1052 692 1210 727 γινομένην.

1089 736 1136 763 λε’.
1149 736 1195 771 Μὴ
1212 735 1367 771 μνημόνευε
1380 735 1409 761 ὲν
1423 733 1464 770 τῷ
1488 733 1579 770 καιρῷ
1591 734 1642 769 τῆς
1652 734 1775 768 εἰρήνης,
1787 732 1845 759 τῶν

1055 780 1084 806 ὲν
1093 779 1132 815 τῷ
1147 779 1236 814 καιρῷ
1249 779 1299 814 τῆς
1312 779 1399 814 λύπης
1413 778 1466 805 ὑπὸ
1479 778 1526 805 τοῦ
1541 777 1655 812 ἀδελφοῦ
1676 777 1825 813 λεχθέντων
1834 785 1844 793 ·

1056 824 1107 852 κᾶν
1119 833 1150 851 τε
1170 824 1241 851 κατὰ
1266 823 1412 859 πρόσωπον
1424 824 1460 851 τὰ
1484 823 1596 859 λυπηρὰ
1612 823 1711 859 ὲῤῥέθη
1721 843 1729 855 ,
1745 822 1796 850 κάν
1812 831 1845 849 τε

1057 871 1125 906 πρὸς
1138 871 1219 898 ἄλλον
1228 871 1293 906 περὶ
1308 870 1368 900 σοῦ,
1383 869 1430 897 καὶ
1446 869 1516 904 μετὰ
1540 868 1627 895 ταῦτα
1648 868 1768 903 ἥκουσας
1779 876 1787 884 ·
1800 868 1846 895 ἶνα

1060 916 1097 952 μὴ
1112 917 1166 943 τῶν
1184 915 1322 951 λογισμῶν
1345 915 1395 950 τῆς
1413 914 1596 950 μνησικακίας
1618 914 1791 950 ἀνεχόμενος,
1804 915 1846 946 εἰς

1056 963 1088 990 τὸ
1103 961 1225 998 ὀλέθριον
1242 963 1320 996 μῖσος
1333 961 1381 987 τοῦ
1402 960 1517 995 ἀδελφοῦ
1531 959 1715 995 ὑποστρέψῃς.

1092 1009 1138 1035 λε’.
1154 1008 1192 1034 υὺ
1214 1007 1327 1034 δύναται
1348 1006 1421 1042 ψυχὴ
1438 1005 1536 1042 λογικὴ
1558 1005 1626 1041 πρὸς
1641 1005 1785 1040 ἄνθρωπον
1801 1006 1846 1040 μῖ-

1058 1063 1104 1086 σος
1129 1053 1277 1090 τρέφουσα,
1291 1052 1360 1088 πρὸς
1382 1051 1429 1079 τὸν
1446 1051 1513 1079 Θεὸν
1539 1051 1713 1087 είρηνεῦσαι,
1729 1051 1775 1078 τὸν
1789 1051 1848 1077 τῶν

1058 1099 1172 1127 ἐντολῶν
1188 1099 1291 1134 δοτῆρα
1301 1107 1309 1115 ·
1333 1097 1402 1125 Ἐὰν
1417 1098 1483 1133 γὰρ,
1507 1098 1574 1133 φησὶ
1585 1118 1592 1130 ,
1606 1097 1650 1132 μὴ
1669 1097 1767 1132 ἀφῆτε
1782 1096 1848 1129 τοῖς

1058 1146 1224 1179 ἀνθρώποις
1246 1144 1283 1171 τὰ
1297 1143 1518 1179 παραπτώματα
1540 1143 1640 1170 αὐτῶν
1650 1163 1657 1174 ,
1674 1143 1747 1170 οὐδὲ
1760 1144 1776 1170 ὁ
1788 1145 1849 1170 Ha-

1057 1191 1114 1226 τὴρ
1131 1190 1216 1226 ῆμῶν
1243 1192 1279 1218 οὺ
1304 1190 1444 1224 οὐράνιος
1471 1189 1584 1223 ἀφήσει
1600 1189 1673 1224 ὑμῖν
1695 1189 1732 1216 τὰ
1757 1196 1849 1223 παρα-

1058 1237 1197 1271 πτώματα
1211 1235 1305 1270 ὐμῶν.
1324 1236 1355 1262 El.
1375 1234 1404 1261 δὲ
1423 1236 1527 1266 ἐκεῖνος
1548 1234 1698 1270 εἰρηνεύειν
1713 1234 1743 1260 οὺ
1763 1233 1848 1264 θέλει,

1059 1281 1127 1308 ἀλλὰ
1145 1281 1177 1308 σύ
1197 1289 1229 1314 γε
1246 1280 1360 1307 σεαυτὸν
1375 1279 1429 1307 άπὸ
1450 1279 1544 1314 μίσους
1562 1279 1689 1313 φύλαξον,
1700 1279 1850 1314 προσευχό-

1061 1334 1140 1360 μενος
1156 1325 1227 1360 ὺπὲρ
1242 1325 1324 1352 αὑτοῦ
1346 1325 1476 1360 γνησίως,
1492 1324 1541 1352 καὶ
1559 1324 1597 1360 μὴ
1620 1323 1777 1358 κακολογῶν
1797 1323 1848 1349 αὐ-

1059 1371 1105 1398 τὸν
1122 1371 1190 1406 πρός
1208 1380 1279 1398 τινα.

1095 1417 1149 1449 λς’.
1173 1417 1204 1444 'ﬂ
1223 1417 1277 1443 τῶν
1299 1417 1384 1451 ἁγίων
1420 1416 1544 1451 ἀγγέλων
1575 1416 1715 1452 ἄφραστος
1740 1415 1849 1450 εἰρήνη,

1059 1463 1119 1493 ταῖς
1136 1461 1196 1488 δυσὶ
1208 1461 1319 1492 ταύταις
1334 1462 1500 1497 κεκράτηται
1513 1460 1650 1487 διαθέσεσι
1665 1468 1672 1476 ·
1690 1461 1724 1495 τῇ
1736 1468 1765 1486 τε
1780 1459 1851 1494 πρὸς

1060 1507 1106 1535 τὸν
1124 1507 1201 1540 Θεὸν,
1220 1508 1268 1535 καὶ
1293 1509 1328 1542 τῇ
1357 1507 1426 1542 πρὸς
1449 1507 1581 1542 ἀλλήλους
1605 1507 1708 1542 ἀγάπῃ.
1734 1506 1852 1540 Ὁμοίως

1061 1553 1100 1585 δὲ,
1116 1554 1163 1580 καὶ
1191 1554 1299 1581 πάντων
1321 1553 1377 1580 τῶν
1401 1554 1447 1580 ἀπ’
1463 1553 1560 1584 αἰῶνος
1584 1553 1678 1586 ἁγίων.
1694 1551 1850 1586 Παγκὰλως

1061 1597 1108 1625 οὖν
1121 1599 1228 1634 εἴρηται
1249 1599 1301 1625 ὑπὸ
1325 1599 1373 1625 τοῦ
1397 1599 1525 1634 Σωτῆρος
1542 1598 1631 1633 ἡμῶν,
1649 1598 1691 1624 ὅτι
1713 1598 1765 1625 Ἐν
1781 1598 1852 1624 ταύ-

1062 1653 1127 1678 ταις
1152 1644 1217 1678 ταῖς
1242 1644 1334 1672 δυσίν
1357 1644 1495 1678 ἐντολαῖς
1513 1644 1638 1678 ἀνόμος·
1661 1643 1733 1676 ὅλος
1758 1643 1808 1670 καὶ
1824 1643 1852 1670 οι

1064 1690 1213 1725 προφῆται
1226 1691 1395 1726 κρέμανται.

1100 1735 1149 1768 λζ’.
1169 1737 1215 1772 Μὴ
1244 1736 1290 1763 Eoo
1309 1736 1487 1771 αὐτάρεσκος.
1504 1735 1550 1762 καὶ
1573 1735 1622 1762 οὐκ
1646 1734 1697 1769 ἔσῃ
1722 1734 1853 1769 μισάδελ-

1065 1789 1129 1817 φος·
1146 1782 1192 1808 καὶ
1209 1782 1247 1817 μὴ
1263 1781 1307 1808 ἔσο
1321 1781 1458 1816 φίλαυτος,
1471 1781 1520 1807 καὶ
1533 1780 1583 1817 ἔσῃ
1600 1780 1732 1814 φιλόθεος.

1100 1864 1150 1901 λη’.
1171 1865 1368 1899 Πνευματικοῖς
1381 1864 1499 1898 συζῆσαι
1511 1862 1709 1899 προῃρημένος,
1727 1862 1782 1892 τοῖς
1796 1863 1854 1893 σοῖς

1066 1912 1215 1947 θελήμασιν
1238 1911 1292 1938 ἀπὸ
1310 1911 1398 1947 θυρῶν
1416 1911 1566 1944 ἅπόταξαι³
1587 1911 1617 1936 οὐ
1642 1910 1679 1945 μὴ
1693 1910 1746 1945 γὰρ
1767 1909 1854 1944 ἑτέρῳ

1065 1958 1159 1993 τρόπῳ
1174 1957 1331 1993 εῐρηνεῦσαι
1347 1957 1460 1994 δυνήσῃ,
1472 1955 1534 1982 οὔτε
1548 1955 1616 1991 πρὸς
1638 1955 1684 1981 τὸν
1698 1955 1776 1987 Θεὸν,
1790 1954 1854 1981 οὗτε

1066 2003 1134 2039 πρὸς
1149 2003 1210 2035 τοὺς
1226 2002 1373 2034 συζῶντας.

1100 2090 1151 2117 λθ¹.
1177 2090 1207 2116 'O
1222 2090 1328 2117 τελείαν
1352 2090 1462 2125 ἀγάπην
1486 2088 1636 2124 κτήσασθαι
1659 2087 1792 2121 δυνηθεὶς,
1806 2088 1854 2114 καὶ

1066 2135 1126 2163 ὅλον
1152 2134 1197 2161 τὸν
1217 2134 1273 2169 βίον
1289 2134 1371 2160 αὑτοῦ
1383 2153 1391 2167 ,
1412 2134 1480 2169 πρὸς
1494 2133 1593 2168 ταύτην
1607 2132 1753 2168 ρυϐμῐσας,
1773 2130 1852 2163 οὗτος

1067 2180 1140 2214 λέγει
1159 2179 1260 2215 Κύριον
1283 2179 1386 2214 Ἰησοῦν
1403 2180 1432 2205 ὲν
1443 2178 1670 2214 Πνεύματιὰγίῳ.
1689 2178 1742 2204 Καὶ
1757 2177 1789 2203 ἐκ
1805 2177 1853 2203 τοῦ

1069 2225 1201 2258 ἐναντίου,
1215 2225 1250 2252 τά
1262 2224 1371 2251 ἐναντία
1385 2224 1515 2259 δηλονότι.

1105 2274 1141 2306 μ’.
1166 2270 1199 2296 ‘ll
1217 2270 1266 2305 μὲν
1287 2270 1327 2302 εἰς
1351 2269 1417 2295 Θεὸν
1434 2269 1538 2304 ἀγάπη,
1565 2269 1605 2300 εἰς
1626 2268 1675 2303 τὴν
1693 2268 1768 2294 θείαν
1791 2269 1854 2303 ὁμι-

1069 2315 1128 2342 λίαν
1145 2316 1188 2342 det
1202 2315 1274 2349 φιλεῖ
1292 2314 1432 2349 πτερῶσαι
1446 2314 1490 2340 τὸν
1507 2313 1585 2341 νοῦν·
1602 2315 1618 2348 ἡ
1629 2314 1658 2340 δὲ
1673 2314 1712 2344 εἰς
1724 2313 1769 2339 τὸν
1784 2313 1855 2347 πλη-

1072 2361 1138 2395 σίον,
1158 2361 1202 2388 ἀεὶ
1212 2361 1284 2388 καλὰ
1295 2359 1449 2394 λογίζεσθαι
1463 2359 1528 2395 περὶ
1541 2359 1623 2386 αὐτοῦ
1640 2358 1854 2394 παρασκευάζει.

582 2484 603 2500 ¹⁰
616 2484 712 2512 Matth.
727 2493 764 2517 vr,
779 2485 821 2512 υ.
861 2485 881 2502 ¹¹
896 2485 991 2513 Matth.
1009 2494 1075 2519 Im,
1089 2485 1133 2514 40.
1172 2485 1193 2502 ¹¹
1208 2485 1294 2513 lCor.
1306 2493 1353 2518 xu,
1365 2484 1393 2512 3.

1067 2556 1144 2584 velut
1158 2554 1373 2592 praevaricatrix,
1392 2561 1453 2592 qpae
1472 2552 1581 2592 noverit
1595 2551 1756 2592 possitmnon
1774 2558 1857 2592 accu-

1068 2599 1138 2618 sare.
1158 2585 1239 2623 'Quod
1250 2594 1318 2627 erat,
1341 2585 1371 2616 ὲν
1391 2585 1429 2624 τῷ
1450 2587 1563 2627 κρυπτῷ
1578 2585 1634 2627 τῆς.
1648 2586 1750 2627 ἐξόδου,
1774 2585 1859 2612 dero-

1069 2629 1213 2660 quumque
1227 2625 1273 2660 qui
1294 2631 1387 2660 supra,
1403 2625 1559 2660 necessario
1579 2625 1714 2660 mutatum
1733 2628 1854 2660 exumss.

1069 2655 1098 2687 έν
1115 2660 1154 2695 τῷ
1169 2655 1280 2694 ’καιρῷ.
1296 2655 1342 2695 rUt
1364 2666 1422 2695 vox;
1439 2656 1553 2695 κρυπτῷ
1574 2655 1729 2695 ιτξιίῐιοῐιίίξιι
1753 2655 1857 2695 dixisse

1071 2689 1212 2722 debuisset
1231 2689 1378 2724 Maximus,
1392 2693 1441 2727 τῆς
1454 2689 1582 2727 διανοίας.
1601 2690 1652 2727 vel
1665 2689 1731 2724 quid
1752 2689 1856 2727 simile,

1072 2730 1116 2757 cui
1132 2730 1230 2756 merito
1245 2728 1382 2763 quadrare
1407 2724 1507 2763 potest.
1523 2726 1578 2758 Τῆς
1597 2725 1698 2757 ἐξόδου,
1718 2724 1810 2758 potius
1827 2724 1857 2749 τὴ

1072 2765 1168 2800 ἄδηλον
1184 2762 1371 2800 εει-είΙησογια
1387 2762 1476 2800 mortis
1491 2762 1555 2800 hora
1571 2764 1788 2794 atquemccssus;
1800 2766 1856 2784 non

1073 2796 1199 2827 occultus
1213 2798 1276 2825 vita:
1291 2798 1393 2829 exitus,
1409 2796 1458 2825 sed
1474 2796 1552 2824 valde
1566 2799 1659 2828 notus,
1673 2801 1754 2829 quem
1774 2800 1856 2820 nemo

1072 2842 1128 2862 non
1143 2834 1196 2861 sibi
1212 2833 1314 2860 instare
1326 2832 1405 2860 sciat.
