1948 3077
101 145 166 177 105Ἱ

535 141 705 172 ‘CAPITUM
724 140 774 171 DE
794 139 1010 169 CIIARITATE
1029 140 1223 171 CENTURIA
1244 141 1293 171 IV.

1671 143 1735 175 Η]ὖό

137 201 194 234 μα’.
217 197 271 225 Τοῦ
287 198 327 224 ἔτι
351 197 430 231 δόξαν
450 197 612 230 ἀγαπῶντος
627 196 719 231 κενὴν,
733 196 750 230 ἦ
767 203 820 221 τινι
837 193 892 220 τῶν
907 218 910 224 η

978 194 1023 221 41.
1042 195 1108 230 Ejus
1126 200 1169 222 cst
1194 195 1240 229 qui
1263 195 1374 222 inanem
1395 195 1484 223 adhuc
1499 196 1615 231 gloriam
1633 196 1735 233 diligit,

102 246 201 274 ὖὶικῶν
217 244 387 280 πραγμάτων
402 242 612 277 προσκειμένου,
636 243 695 268 ἐστὶ
709 241 740 267 τὺ
763 241 831 276 πρὸς
847 241 895 266 ἀν-

101 290 227 324 θρώπους
252 288 396 315 λυπεῖσθαι
420 288 463 314 ειῖι
490 286 691 322 πρόσκαιρα,ἢ
714 287 895 322 μνησικακεῖν

101 337 204 368 αὐτοῖς,
221 336 238 371 ἢ
259 336 335 370 μῖσος
351 334 422 369 ἔχειν
439 334 507 369 πρὸς
523 333 633 365 αὐτοὺς,
648 332 663 367 ἦ
677 332 817 366 λογισμοῖς
837 331 896 356 δου-

100 383 189 408 λεύειν
205 383 325 416 αἰσχροῖς
335 389 341 395 ·
356 380 405 414 τῆς
426 380 455 406 δὲ
471 378 594 414 φιλοῦέου
613 378 713 413 ψυχῆς,
728 377 814 404 ταῦτα
830 377 896 403 πάν-

100 436 134 454 τα
151 427 288 461 ἀλλότρια.

137 512 191 548 μβ’.
215 513 299 539 Ὀταν
328 513 410 547 μηδὲν
432 513 522 548 εἴπῃς,
555 513 622 548 μηδὲ
647 512 756 548 πράξῃς
782 513 896 548 αἰσχρὸν

103 559 175 586 κατᾶ
187 559 317 590 διάνοιαν,
332 560 377 585 καὶ
391 560 455 585 ὅταν
467 559 507 594 τῷ
528 559 699 594 ζημιώσαντι
711 559 727 594 ἢ
746 559 898 594 κακολογή-

103 612 181 630 σαντι
197 603 235 639 μὴ
258 604 483 639 μνησικακήσῃς·
506 605 551 630 καὶ
564 605 627 631 ὅταν
643 606 672 631 ὲν
686 606 723 640 τῷ
737 605 826 640 καιρῷ
845 605 896 639 τῆς

103 648 261 683 προσευχῆς
284 648 365 675 tam;
387 649 435 675 καὶ
461 649 580 675 ἀνείδεον
605 650 648 676 ἀεὶ
665 649 730 685 ἔχῃς
757 650 802 677 τὸν
822 650 895 682 νοῦν,

103 695 164 720 τότε
182 694 276 728 γνῶθι,
293 695 333 720 ὅτι
346 694 466 729 ἔφθασας
485 696 525 721 εἰς
540 695 570 721 τὸ
587 696 686 730 μέτρον
698 696 748 731 τῆς
763 696 897 728 ἀπαθείας

103 740 152 766 καὶ
166 740 217 774 τῆς
231 740 336 771 τελείας
349 740 469 774 ἀγάπης.

142 826 198 862 μγ’.
220 828 258 854 Οὐ
286 828 385 864 μικρὸς
410 827 485 862 ἀγὼν
517 829 669 862 κενοδοξίας
692 830 895 865 ἀπαλλαγῆναι.

102 873 305 900 ἀπαλλάττεται
329 873 358 900 δέ
383 882 436 905 τις,
455 873 500 900 διὰ
526 875 647 909 κρυπτῆς
662 875 716 901 τῶν
735 875 838 910 ἀρετῶν
853 877 898 911 ὲρ-

103 920 216 955 γασίας,
239 920 286 946 καὶ
306 920 472 955 συχνοτέρας
494 920 659 954 προσευχῆς,
675 921 791 956 Σημεῖον
804 922 832 948 δὲ
846 922 897 957 τῆς

103 966 276 1001 ἀπαλλαγῆς-
298 966 328 992 τὺ
353 965 453 1000 μηκέτι
477 966 655 1001 μνησικακεῖν
679 965 719 993 τῶ
745 967 898 1001 κακολογή-

105 1022 194 1046 σαντι,
205 1012 222 1048 ἢ
234 1012 438 1047 κακολογοῦντι.

148 1108 200 1143 μδν.
222 1108 255 1135 Ei
269 1107 359 1140 θέλεις
377 1106 447 1135 εἶναι
464 1108 576 1142 δίκαιος,
592 1109 712 1145 ἀπόνεμε
728 1111 834 1146 ἑκάστῳ
843 1110 898 1138 τῶν

106 1154 137 1179 ἐν
151 1154 194 1180 σοὶ
215 1154 306 1189 μερῶν
323 1154 357 1180 τὰ
372 1154 433 1180 κατ’
444 1154 522 1186 ἀξίαν
533 1164 538 1169 ·
550 1155 623 1190 ψυχῇ
640 1155 710 1190 λέγω
722 1157 768 1182 καὶ
781 1157 896 1192 σώματι.

107 1199 164 1226 Καὶ
178 1199 218 1234 τῷ
235 1199 284 1233 μὲν
297 1198 441 1235 λογιστικῷ
458 1200 507 1233 τῆς
523 1199 623 1235 ψυχῆς,
636 1200 837 1236 ἀναγνώσματα
850 1203 898 1229 καὶ

104 1246 275 1281 θεωρήματα
298 1244 480 1280 πνευματικὰ,
504 1245 551 1271 καὶ
568 1247 721 1281 προσευχήν
732 1255 739 1261 “
755 1247 793 1282 τῷ
807 1247 835 1274 δὲ
850 1247 898 1274 θυ-

106 1292 194 1327 μιχῴ,
210 1292 319 1327 ἀγάπην
346 1291 546 1327 πνευματικὴν,
563 1292 613 1327 τὴν
628 1292 667 1327 τῷ
684 1292 759 1328 μίσει
780 1294 898 1320 ἀντικει-

107 1338 211 1373 μένην*
225 1338 265 1373 τῷ
281 1338 309 1365 δὲ
324 1338 524 1374 ἐπιθυμητικῷ,
548 1338 725 1374 σωφροσύνην
737 1340 784 1366 καὶ
797 1339 898 1375 ἐγκρά-

107 1391 182 1410 τειαν
194 1392 200 1398 -
222 1383 260 1418 τῷ
277 1383 306 1409 δὲ
330 1383 452 1418 σαρκίῳ,
470 1383 616 1419 διατροφὴν
640 1384 688 1411 καὶ
707 1384 897 1420 σκεπάσματα,

105 1429 144 1455 τὰ
159 1429 229 1464 μόνα
244 1429 455 1464 ἀναγκαιότερα.

945 240 989 267 vel
1006 245 1123 268 terrenae
1141 241 1187 268 ulli
1203 241 1243 268 rei
1259 241 1385 268 addictus
1399 247 1451 273 est,
1465 246 1495 269 ut
1508 242 1544 269 ob
1556 246 1735 277 temporanea

945 293 1010 321 erga
1024 286 1131 321 aliquos
1145 295 1218 322 aegro
1234 287 1326 314 animo
1346 287 1393 319 sit,
1406 292 1453 314 aut
1468 288 1497 314 in
1511 295 1559 315 eos
1572 289 1735 323 injuriarum

946 338 1062 363 memor,
1078 332 1215 359 morosior
1226 332 1350 364 exsistat,
1361 333 1404 360 vel
1421 333 1486 360 odio
1498 333 1572 368 ipsos
1585 342 1736 368 prosequa-

946 381 1001 408 tur,
1019 377 1062 404 vel
1084 377 1213 412 turpibus
1234 378 1447 412 cogitationibus
1464 379 1598 405 inserviat
1614 388 1619 405 :
1637 387 1735 406 verum

947 426 1044 449 cuncta
1060 422 1118 450 haac
1136 422 1217 458 longe
1234 423 1324 450 aliena
1344 428 1409 450 sunt
1433 424 1468 451 ab
1494 424 1587 451 animo
1605 424 1735 460 religioso

948 478 981 498 ac
996 471 1043 498 Dei
1057 471 1176 498 cultore.

983 516 1027 542 42.
1048 515 1118 543 Cum
1147 519 1237 543 tecum
1271 515 1330 550 ipse
1360 516 1452 543 animo
1483 516 1553 543 nihil
1584 520 1663 551 turpe
1690 521 1738 544 aut

947 561 1050 588 dixeris
1061 565 1142 588 autve
1160 562 1261 597 egeris,
1280 569 1332 588 nec
1350 561 1376 588 ei
1397 562 1444 596 qui
1473 562 1543 589 laesit
1558 562 1675 597 injuria,
1693 564 1736 590 vel

947 607 1025 634 fama:
1043 607 1171 639 detraxit,
1194 615 1228 634 eo
1241 607 1353 634 nomine
1374 608 1442 634 iram
1464 608 1670 640 reservaveris;
1693 608 1735 634 in-

949 656 1044 686 terque
1059 653 1227 687 precandum
1255 657 1375 679 mentem
1398 660 1508 687 semper
1528 653 1603 680 nulla
1627 657 1737 681 terrena

948 697 1114 731 cogitantem
1142 697 1280 732 nullisque
1301 697 1435 724 imbutam
1468 697 1564 724 formis
1587 697 1736 729 habueris,

949 747 1006 769 tum
1024 742 1134 770 noveris
1153 748 1311 770 assecutum
1334 747 1362 770 te
1380 750 1439 770 esse
1463 743 1575 770 modum
1589 744 1738 778 impertur-

948 788 1068 815 balionis
1084 796 1116 816 ac
1134 788 1265 823 perfecta:
1277 789 1430 816 charitatis.

985 835 1030 862 45.
1052 835 1129 862 Haud
1146 835 1206 862 leve
1231 839 1373 862 certamen
1389 839 1442 867 est,
1455 839 1486 862 ut
1508 835 1543 863 ab
1557 835 1632 863 inani
1649 836 1737 871 gloria

954 880 1094 907 libereris.
1111 880 1152 907 Ab
1162 887 1194 906 ea
1207 883 1299 907 autem
1314 880 1427 907 liberari
1454 885 1585 915 praestant
1602 881 1738 909 virtutum

947 923 1082 953 Occultata
1089 925 1250 953 exercitatio
1263 933 1295 953 ac
1304 926 1406 956 cultus.
1414 926 1595 961 crebriorque
1612 926 1644 953 ad
1652 927 1738 954 Deum

947 971 1047 998 oratio.
1064 971 1178 1006 Signum
1195 979 1261 998 vero
1277 971 1361 998 animi
1374 972 1431 1007 jam
1446 971 1480 998 ab
1496 979 1528 998 ea
1539 972 1661 1003 liberati,
1675 979 1740 999 cum

947 1017 1023 1044 nulla
1054 1016 1194 1044 simultate
1226 1022 1353 1044 movetur
1372 1017 1400 1044 in
1428 1024 1492 1044 eum
1525 1017 1573 1052 qui
1603 1017 1738 1050 detraxit,

947 1067 1028 1090 autve
1042 1061 1173 1089 detrahit.

982 1107 1026 1135 44.
1044 1107 1072 1135 Si
1092 1107 1135 1134 vis
1147 1106 1318 1141 essejustus.
1331 1106 1446 1141 singulis
1459 1105 1488 1132 in
1503 1109 1528 1132 te
1546 1105 1672 1140 partibus
1688 1105 1738 1132 tri-

947 1153 1012 1186 bue,
1029 1153 1103 1188 quod
1116 1160 1151 1180 ex
1163 1152 1254 1179 meriti
1268 1152 1375 1180 ratione
1393 1157 1420 1179 ct
1433 1151 1523 1178 oﬂicio
1540 1151 1591 1183 sit;
1607 1155 1663 1177 tum
1682 1151 1735 1178 sci-

947 1199 1012 1226 licet
1028 1199 1136 1230 animm,
1154 1203 1212 1225 tum
1228 1198 1350 1232 corpori.
1366 1197 1404 1224 Ac
1415 1197 1526 1232 quidem
1542 1196 1615 1231 parti
1638 1196 1738 1223 animae

948 1252 1009 1280 qua:
1021 1244 1127 1271 ratione
1140 1243 1218 1276 vivit,
1234 1243 1368 1270 lectiones
1388 1250 1523 1277 sensaque
1544 1242 1690 1277 spiritalia,
1711 1246 1740 1269 et

949 1298 1066 1325 preces:
1080 1289 1204 1317 facultati
1219 1293 1311 1316 autem
1334 1289 1392 1322 ine,
1405 1289 1568 1316 charitatem
1585 1288 1739 1323 spiritalem

948 1335 1013 1363 odio
1032 1335 1200 1363 contrariam
1219 1343 1226 1362 :
1242 1334 1315 1370 parti
1341 1341 1408 1361 vero
1433 1333 1652 1368 concupiscenti,
1672 1336 1741 1359 tem-

948 1381 1103 1416 perantiam
1115 1384 1141 1408 et
1155 1380 1356 1408 continentiam
1372 1388 1378 1406 :
1395 1387 1427 1408 ac
1437 1379 1549 1406 demum
1562 1377 1739 1413 corpusCulo,

948 1435 997 1456 eos
1007 1427 1140 1455 duntaxat
1149 1427 1227 1455 cibos
1239 1431 1268 1454 et
1285 1426 1484 1461 integumenta,
1496 1433 1558 1461 quae
1569 1425 1673 1452 fuerint
1684 1432 1742 1452 ma-

949 1473 992 1509 gis
1011 1473 1177 1501 necessaria.

147 1522 199 1554 με’.
218 1519 299 1545 Κατὰ
308 1518 389 1552 φύσιν
404 1519 417 1544 ὁ
430 1517 491 1549 νοῦς
507 1518 688 1554 ἐνεργεῖβθ).
702 1519 766 1546 ὅταν
781 1519 815 1546 τὰ
827 1519 901 1558 πάθη

987 1519 1033 1546 45.
1056 1519 1135 1546 Tunc
1153 1525 1230 1545 mens
1245 1522 1275 1545 ut
1295 1518 1334 1545 illi
1355 1525 1388 1545 ex
1404 1521 1502 1544 natura
1517 1522 1569 1550 est,
1583 1517 1665 1553 450
1675 1526 1742 1553 ope-

109 1565 162 1601 ἑχῃ
179 1563 396 1598 ὑποτεταγμένα,
413 1563 460 1589 καὶ
475 1563 538 1594 τοὺς
556 1563 651 1597 λόγους
666 1563 719 1591 τῶν
733 1564 818 1592 ὄντων
833 1566 901 1593 θεω-

113 1612 160 1645 ρῇ,
177 1611 224 1635 καὶ
242 1609 309 1644 πρὸς
322 1609 367 1634 τὸν
379 1608 446 1634 Θεὸν
457 1608 549 1643 διάγῃ.

150 1659 209 1691 μςα
231 1656 337 1690 Ὥσπερ
360 1653 439 1688 ὑγεία
459 1654 506 1680 καὶ
527 1654 603 1685 νόσος
617 1653 684 1689 πρὸς
694 1654 725 1681 τὸ
741 1655 820 1690 σῶμα
833 1655 901 1683 θεω-

111 1704 202 1738 ρεῖται
218 1702 264 1728 τοῦ
282 1701 361 1733 (rimo,
376 1701 423 1726 καὶ
444 1701 502 1734 φῶς
524 1700 575 1726 καὶ
595 1700 690 1732 σκότος
709 1701 776 1736 πρὸς
794 1702 840 1728 τὸν
851 1702 901 1736 ὀφ-

109 1748 233 1783 Θαλμόν·
253 1747 340 1778 οὕτως
368 1746 453 1782 ἀρετὴ
478 1747 525 1772 καὶ
549 1745 633 1772 κακία
657 1746 726 1781 πρὸς
740 1747 789 1782 τὴν
800 1747 900 1784 ψυχὴν,

110 1795 161 1822 καὶ
177 1794 277 1829 γνῶσις
292 1794 338 1820 καὶ
352 1792 473 1827 ἀγνωσία
493 1791 561 1827 πρὸς
577 1792 622 1819 τὸν
635 1792 709 1819 νοῦν.

151 1842 205 1877 μζ¹.
234 1841 278 1867 ‘Ev
293 1841 350 1871 τοῖς
365 1839 440 1875 τρισὶ
459 1837 565 1869 τούτοις
587 1838 601 1864 ὁ
621 1838 783 1874 Χριστιανὸς
797 1840 904 1874 φιλοσο-

112 1887 174 1920 φεῖ·
193 1886 224 1912 ἑν
247 1886 307 1917 ταῖς
331 1884 463 1916 ἐντολαῖς,
476 1884 506 1910 ἑν
530 1883 587 1914 τοῖς
609 1882 738 1918 δόγμασι,
754 1886 802 1910 καὶ
821 1884 850 1911 ἒν
868 1885 902 1920 τῇ

111 1932 218 1959 πίστει.
232 1930 288 1957 Καὶ
299 1931 327 1957 αἱ
343 1930 391 1965 μὲν
406 1928 523 1962 ἐντολαὶ,
537 1927 592 1955 τῶν
606 1927 701 1955 παθῶν
715 1929 762 1955 τδν
774 1929 837 1956 νοῦν
850 1938 904 1964 χω-

114 1978 239 2012 ρίζουσι·
257 1977 293 2002 τὰ
311 1975 339 2002 δὲ
355 1975 489 2010 δόγματα,
505 1975 546 2006 εἰς
563 1974 612 2010 τὴν
631 1974 732 2008 γνῶσιν
750 1975 805 2002 τῶν
819 1974 904 2002 ὅντων

114 2023 197 2049 αὐτὸν
217 2022 373 2055 εἰσάγουσι·
391 2022 407 2056 ή
425 2020 454 2047 δὲ
475 2020 578 2052 πίστις,
594 2020 634 2051 είς
649 2020 698 2056 τὴν
719 2020 836 2056 θεωρίαν
855 2021 905 2056 τῆς

113 2067 199 2101 ἁγίας
210 2066 335 2102 Τριάδος.

155 2115 211 2147 pq’.
230 2112 262 2139 Οἱ
279 2112 327 2147 μὲν
341 2111 396 2138 τῶν
405 2111 624 2147 ἀγωνιζομένων,
641 2111 840 2147 ἀποκρούονται
856 2112 905 2148 μό-

952 1568 1041 1596 ratur,
1054 1571 1117 1590 cum
1130 1563 1264 1598 subjectis
1280 1563 1320 1590 Illi
1334 1563 1490 1595 aﬂ'cctibus,
1512 1570 1605 1598 rerum
1620 1564 1743 1592 rationes

950 1594 1121 1645 speculatur,
1134 1614 1161 1637 et
1172 1594 1207 1636 ad
1220 1610 1307 1637 Deum
1326 1610 1456 1637 trazlucit.
1575 1594 1596 1612 ο

986 1656 1030 1683 46.
1049 1655 1285 1689 Quemadmodum
1305 1655 1408 1682 sanitas
1428 1660 1456 1682 et
1473 1655 1618 1690 aegritudo,
1635 1656 1743 1684 ratione

951 1701 1078 1729 animalis
1103 1701 1326 1733 considerantur,
1341 1701 1491 1736 lumenque
1502 1706 1530 1729 et
1546 1702 1680 1734 tenebrae,
1699 1709 1743 1729 ra-

952 1747 1026 1774 tione
1048 1747 1120 1774 oculi
1138 1756 1144 1773 :
1164 1747 1204 1774 sic
1220 1747 1309 1774 virtus
1331 1751 1358 1774 ct
1386 1747 1486 1774 vitium
1505 1748 1612 1774 ratione
1644 1747 1741 1780 animi,

952 1792 1121 1827 scientiaque
1131 1797 1159 1820 et
1169 1793 1322 1827 ignorantia
1340 1793 1446 1820 ratione
1457 1793 1568 1821 mentis.

989 1839 1034 1866 ιτ.
1053 1838 1118 1866 Tria
1137 1838 1195 1865 hac
1209 1842 1274 1865 sunt
1297 1838 1326 1865 in
1339 1838 1441 1872 quibus
1463 1838 1547 1865 homo
1568 1838 1745 1867 Christianus

952 1883 1180 1919 philosophatur;
1194 1883 1221 1911 in
1235 1883 1383 1916 mandatis,
1400 1883 1428 1910 in
1436 1883 1573 1918 dogmatis
1597 1888 1626 1911 et
1637 1884 1665 1911 in
1678 1884 1742 1912 iide.

953 1931 993 1958 Ac
1009 1930 1122 1965 quidem
1137 1929 1276 1965 dogmata,
1290 1930 1414 1957 animum
1425 1929 1459 1957 ab
1472 1929 1619 1957 all‘ectibus
1628 1938 1660 1958 ac
1670 1930 1744 1958 vitiis

954 1980 1083 2012 separant
1099 1985 1106 2002 :
1124 1975 1252 2011 dogmata
1262 1983 1330 2003 vero
1345 1983 1393 2003 seu
1407 1975 1531 2008 decreta,
1546 1975 1574 2003 in
1592 1983 1684 2003 rerum
1698 1977 1742 2003 in-

955 2023 1060 2050 ducunt.
1074 2022 1221 2050 scientiam
1240 2031 1245 2048 :
1260 2021 1328 2048 ﬁdes
1344 2021 1474 2056 denique,
1495 2021 1522 2048 in
1536 2022 1744 2057 contemplatio-

954 2075 1018 2095 nem
1033 2071 1138 2095 sanctae
1153 2066 1309 2093 Trinitatis.

990 2111 1034 2139 48.
1052 2111 1105 2145 Qui
1121 2111 1272 2139 certamine
1288 2110 1451 2146 funguntur,
1476 2110 1523 2137 alii
1540 2109 1630 2137 solum
1646 2109 1743 2137 libidi-

113 2166 162 2184 νον
169 2158 234 2189 τοὺς
242 2157 375 2192 ἐμπαθεῖς
383 2156 527 2192 λογισμούς
537 2165 543 2172 ·
560 2157 584 2183 ol
599 2156 628 2183 δὲ
642 2156 690 2183 καὶ
700 2155 772 2183 αὐτὰ
786 2156 821 2183 τὰ
831 2157 904 2193 πάθη

957 2164 1039 2184 nosas
1055 2156 1237 2192 cogitationes
1256 2155 1411 2190 repellunt;
1434 2154 1482 2182 alii
1497 2163 1573 2188 vero,
1587 2155 1662 2190 ipsos
1676 2162 1745 2190 quo-

115 2190 326 2239 περικόπτουσα
347 2203 402 2230 Καὶ
419 2190 601 2238 ἄποχρούεται
624 2202 674 2237 μέν
685 2211 726 2234 τις
738 2203 801 2234 τοὺς
815 2190 906 2238 sitm-

957 2210 1011 2238 que
1023 2190 1137 2230 aﬂ’cctus
1158 2209 1191 2229 ac
1213 2201 1343 2229 libidines
1356 2205 1510 2236 amputant.
1525 2201 1564 2228 Ac
1578 2201 1690 2236 quidem
1702 2208 1746 2228 re-

115 2249 174 2281 θεῖς
197 2249 360 2284 λογισμούςο
387 2246 452 2280 οἷον,
476 2248 492 2284 ἢ
512 2248 665 2284 ψαλμῳδίᾳ,
683 2247 700 2283 ἢ
717 2250 865 2284 προσευχῇ,
887 2248 904 2284 ἥ

118 2294 301 2330 μετεωρισμῷ
326 2295 374 2330 (ο).
394 2295 410 2329 ἢ
438 2294 511 2328 ἁλλῳ
524 2293 578 2321 τινὶ
591 2293 696 2329 τοπικῷ
707 2293 902 2329 περισπασμῷ.

122 2340 272 2368 Ἐικόπτει
298 2340 326 2367 δὲ
350 2341 384 2367 τὰ
410 2339 495 2374 πάθη,
511 2339 565 2366 τῶν
595 2339 767 2374 πραγμάτων
791 2339 904 2366 ἐκείνων

115 2385 304 2421 περιφρονῶν,
319 2385 387 2419 πρὸς
404 2384 474 2420 ἅπερ
489 2383 558 2410 αὐτὰ
573 2383 715 2417 κέκτηται.

958 2249 1035 2284 pellit
1058 2248 1157 2283 aliquis
1173 2247 1334 2275 libidinosas
1348 2247 1542 2283 cogitationes,
1555 2247 1634 2274 verbi
1645 2246 1743 2282 gratia,

957 2299 1005 2322 aut
1018 2293 1197 2322 decantandis
1209 2293 1331 2328 psalmis,
1344 2297 1393 2320 aut
1407 2300 1522 2328 precum
1545 2293 1685 2325 instantia,
1696 2297 1746 2320 aut

957 2339 1114 2367 sublimium
1140 2338 1360 2366 consideratione
1390 2346 1421 2365 ac
1439 2338 1466 2365 in
1492 2338 1532 2366 eis
1555 2339 1635 2372 quasi
1660 2337 1745 2365 animi

956 2385 1127 2420 evagatione,
1158 2388 1206 2410 aut
1228 2384 1281 2410 alia
1307 2383 1426 2418 quadam
1442 2392 1476 2411 ex
1495 2383 1548 2411 loci
1577 2384 1683 2411 ratione
1715 2391 1748 2410 ac

117 2432 328 2462 circumstantia
341 2431 531 2459 distractione.
542 2430 673 2466 Amputat
690 2438 757 2458 vero
768 2430 884 2458 aﬂ‘ectus
902 2439 933 2459 ac
948 2433 1015 2460 vitia
1034 2440 1082 2460 seu
1104 2431 1246 2463 libidines,
1268 2438 1360 2458 rerum
1383 2430 1493 2457 illarum
1517 2433 1688 2463 contemptu,
1714 2429 1747 2456 ad

117 2488 191 2516 quas
210 2480 251 2507 sic
284 2479 384 2506 all’ectu
415 2485 447 2505 ac
460 2478 576 2506 libidine
602 2482 738 2505 movetur.

158 2527 212 2562 p.0'.
233 2525 306 2561 Πρὸς
331 2526 403 2560 ᾇπερ
422 2525 457 2552 τὰ
478 2525 552 2560 πάθη
572 2524 731 2559 κεκτήμεθα
746 2524 908 2560 πράγματα,

117 2573 174 2600 εἰσὶ
190 2571 289 2604 ταῦτα,
306 2570 373 2604 οἷον,
385 2571 465 2607 γυνὴ,
477 2571 618 2607 χρήματα,
630 2570 714 2605 δῶρα,
729 2571 775 2598 καὶ
786 2571 821 2597 τὰ
834 2571 908 2606 ἑξῆς.

158 2673 196 2710 (ο)
234 2674 269 2701 Ἣ
300 2672 520 2710 gsrgygw'ytpL
538 2671 563 2710 ﬂ
591 2672 676 2704 ἄλλῳ
706 2671 910 2710 τινὶ-,τοτηνίςρ

121 2706 331 2744 tepida/aeui).
355 2706 472 2744 Videtur
495 2707 631 2744 Maximus
653 2707 730 2744 quasi
754 2706 834 2744 aliam
858 2708 911 2744 alia

121 2741 190 2771 voce
212 2743 363 2778 explicare.
392 2743 442 2770 Hie
467 2741 669 2778 μετεωρισμὸς
686 2741 725 2768 illi
757 2742 803 2778 sit,
830 2742 910 2778 quasi

122 2779 207 2806 animi
231 2777 356 2805 avocatio
374 2778 408 2805 ad
424 2777 553 2805 sublimia
570 2785 619 2804 seu
633 2784 714 2804 aerea
732 2777 774 2804 vel
789 2777 911 2804 cmiestia

122 2812 279 2854 cogitanda,
302 2813 378 2839 velut
399 2813 426 2839 in
448 2813 489 2839 eis
504 2811 665 2853 evagando;
690 2819 911 2854 suspensumqae

122 2847 208 2878 animi
226 2855 298 2881 esse,
316 2855 369 2882 qua
384 2847 566 2883 suspensione
586 2847 695 2874 animus
712 2854 768 2874 non
791 2847 859 2874 satis
869 2851 910 2873 at-

1000 2525 1044 2552 49.
1066 2524 1121 2552 Res
1141 2524 1168 2550 in
1189 2530 1259 2558 quas
1283 2522 1385 2550 atl‘ectu
1406 2530 1438 2549 ac
1457 2522 1574 2549 libidine
1593 2529 1747 2556 movemur,

963 2571 1023 2598 haec
1037 2574 1112 2602 sunt,
1124 2569 1268 2600 nimirum,
1290 2569 1399 2602 mulier,
1419 2568 1552 2603 pecunim,
1576 2577 1702 2603 munera,
1717 2577 1749 2597 ac

961 2671 1067 2704 tendat,
1077 2679 1109 2699 ac
1121 2671 1229 2699 vitiosis
1244 2671 1458 2706 cogitationibus
1473 2671 1605 2699 inhaereat
1619 2670 1748 2702 ετοπικδς

960 2707 1165 2742 περισπασμὸς,
1189 2707 1333 2742 distractio
1352 2706 1496 2741 inanisque
1516 2707 1616 2734 mentis
1632 2713 1749 2742 occupa

961 2740 1005 2769 tio'
1026 2742 1066 2769 sic
1089 2740 1123 2769 ex
1150 2742 1202 2769 loci
1228 2741 1372 2769 occasione
1397 2740 1685 2769 aut'circumstantia.
1711 2741 1748 2767 De

961 2776 1047 2812 priori
1065 2784 1132 2803 voce
1147 2777 1207 2804 vide
1225 2776 1315 2808 Suid.,
1336 2776 1416 2812 llud.
1429 2781 1482 2803 etc.
1500 2775 1693 2811 Μετεωρισμὺς
1706 2783 1750 2803 sa-

961 2812 1016 2839 cris
1034 2811 1205 2845 auctoribus,
1221 2811 1290 2838 nihil
1306 2812 1333 2839 in
1347 2811 1450 2839 bonum
1464 2816 1555 2839 sonat.
