  <div class='ocr_page' id='page_1' title='image "/cluster/home/n/w/nwhite01/storage/ocr_20150623/90/njp.32101077772828/547.png"; bbox 0 0 1948 3077; ppageno 0'>
   <div class='ocr_carea' id='block_1_1' title="bbox 233 117 301 152">
    <p class='ocr_par' dir='ltr' id='par_1_1' title="bbox 233 117 301 152">
     <span class='ocr_line' id='line_1_1' title="bbox 233 117 301 152; baseline 0.029 -2"><span class='ocrx_word' id='word_1_1' title='bbox 233 117 301 152; x_wconf 82' lang='lat'><strong>1059</strong></span> 
     </span>
    </p>
   </div>
   <div class='ocr_carea' id='block_1_2' title="bbox 827 115 1294 147">
    <p class='ocr_par' dir='ltr' id='par_1_2' title="bbox 827 115 1294 147">
     <span class='ocr_line' id='line_1_2' title="bbox 827 115 1294 147; baseline -0.002 0"><span class='ocrx_word' id='word_1_2' title='bbox 827 117 857 147; x_wconf 90' lang='lat' dir='ltr'><strong>S.</strong></span> <span class='ocrx_word' id='word_1_3' title='bbox 878 116 1021 147; x_wconf 79' lang='lat' dir='ltr'><strong>MAXIMI</strong></span> <span class='ocrx_word' id='word_1_4' title='bbox 1040 115 1294 146; x_wconf 80' lang='lat' dir='ltr'><strong>CONFESSOIUS</strong></span> 
     </span>
    </p>
   </div>
   <div class='ocr_carea' id='block_1_3' title="bbox 1788 115 1852 148">
    <p class='ocr_par' dir='ltr' id='par_1_3' title="bbox 1788 115 1852 148">
     <span class='ocr_line' id='line_1_3' title="bbox 1788 115 1852 148; baseline 0.016 -1"><span class='ocrx_word' id='word_1_5' title='bbox 1788 115 1852 148; x_wconf 72' lang='grc' dir='ltr'>ιοεῡ</span> 
     </span>
    </p>
   </div>
   <div class='ocr_carea' id='block_1_4' title="bbox 231 170 1011 210">
    <p class='ocr_par' dir='ltr' id='par_1_4' title="bbox 231 172 1011 210">
     <span class='ocr_line' id='line_1_4' title="bbox 231 172 1011 210; baseline -0.004 -7"><span class='ocrx_word' id='word_1_6' title='bbox 231 176 348 210; x_wconf 85' lang='lat' dir='ltr'><strong>reliqua.</strong></span> <span class='ocrx_word' id='word_1_7' title='bbox 363 173 402 202; x_wconf 89' lang='lat' dir='ltr'><strong>Ac</strong></span> <span class='ocrx_word' id='word_1_8' title='bbox 414 173 526 208; x_wconf 85' lang='lat' dir='ltr'><strong>quidem</strong></span> <span class='ocrx_word' id='word_1_9' title='bbox 542 172 685 200; x_wconf 83' lang='lat' dir='ltr'><strong>mulierem</strong></span> <span class='ocrx_word' id='word_1_10' title='bbox 703 173 765 208; x_wconf 84' lang='lat' dir='ltr'><strong>quis</strong></span> <span class='ocrx_word' id='word_1_11' title='bbox 775 179 952 200; x_wconf 76' lang='lat' dir='ltr'><strong>contemnere</strong></span> <span class='ocrx_word' id='word_1_12' title='bbox 965 180 1011 208; x_wconf 89' lang='lat' dir='ltr'><strong>po-</strong></span> 
     </span>
    </p>
   </div>
   <div class='ocr_carea' id='block_1_5' title="bbox 1068 170 1851 210">
    <p class='ocr_par' dir='ltr' id='par_1_5' title="bbox 1068 170 1851 207">
     <span class='ocr_line' id='line_1_5' title="bbox 1068 170 1851 207; baseline 0 -9"><span class='ocrx_word' id='word_1_13' title='bbox 1068 173 1122 198; x_wconf 73' lang='lat' dir='ltr'><strong>Kal.</strong></span> <span class='ocrx_word' id='word_1_14' title='bbox 1139 173 1187 207; x_wconf 81' lang='grc' dir='ltr'>τῆς</span> <span class='ocrx_word' id='word_1_15' title='bbox 1201 173 1249 207; x_wconf 80' lang='grc' dir='ltr'>μὲν</span> <span class='ocrx_word' id='word_1_16' title='bbox 1262 171 1400 206; x_wconf 74' lang='grc' dir='ltr'>γυναικὸς,</span> <span class='ocrx_word' id='word_1_17' title='bbox 1416 171 1476 198; x_wconf 78' lang='grc' dir='ltr'>τότε</span> <span class='ocrx_word' id='word_1_18' title='bbox 1487 170 1597 198; x_wconf 74' lang='grc' dir='ltr'>δύναταί</span> <span class='ocrx_word' id='word_1_19' title='bbox 1612 180 1653 203; x_wconf 83' lang='grc' dir='ltr'><strong>τις</strong></span> <span class='ocrx_word' id='word_1_20' title='bbox 1672 173 1851 207; x_wconf 69' lang='grc' dir='ltr'>περιφρονεῖν,</span> 
     </span>
    </p>
   </div>
   <div class='ocr_carea' id='block_1_6' title="bbox 231 216 1017 255">
    <p class='ocr_par' dir='ltr' id='par_1_6' title="bbox 231 216 1017 255">
     <span class='ocr_line' id='line_1_6' title="bbox 231 216 1017 255; baseline -0.004 -5"><span class='ocrx_word' id='word_1_21' title='bbox 231 223 307 255; x_wconf 89' lang='lat' dir='ltr'><strong>terit,</strong></span> <span class='ocrx_word' id='word_1_22' title='bbox 323 230 385 249; x_wconf 90' lang='lat' dir='ltr'><strong>cum</strong></span> <span class='ocrx_word' id='word_1_23' title='bbox 404 225 432 248; x_wconf 87' lang='lat' dir='ltr'><strong>et</strong></span> <span class='ocrx_word' id='word_1_24' title='bbox 455 225 517 255; x_wconf 86' lang='lat' dir='ltr'><strong>post</strong></span> <span class='ocrx_word' id='word_1_25' title='bbox 539 221 723 248; x_wconf 76' lang='lat' dir='ltr'><strong>secessionem</strong></span> <span class='ocrx_word' id='word_1_26' title='bbox 740 216 859 255; x_wconf 60' lang='lat' dir='ltr'><strong>vitatque</strong></span> <span class='ocrx_word' id='word_1_27' title='bbox 886 220 1017 248; x_wconf 73' lang='lat' dir='ltr'><strong>solitaria:</strong></span> 
     </span>
    </p>
   </div>
   <div class='ocr_carea' id='block_1_7' title="bbox 231 266 1016 303">
    <p class='ocr_par' dir='ltr' id='par_1_7' title="bbox 231 266 1016 303">
     <span class='ocr_line' id='line_1_7' title="bbox 231 266 1016 303; baseline -0.004 -7"><span class='ocrx_word' id='word_1_28' title='bbox 231 273 338 303; x_wconf 84' lang='lat' dir='ltr'><strong>captata</strong></span> <span class='ocrx_word' id='word_1_29' title='bbox 348 267 466 299; x_wconf 87' lang='lat' dir='ltr'><strong>silentia,</strong></span> <span class='ocrx_word' id='word_1_30' title='bbox 480 266 563 293; x_wconf 88' lang='lat' dir='ltr'><strong>etiam</strong></span> <span class='ocrx_word' id='word_1_31' title='bbox 580 274 690 301; x_wconf 88' lang='lat' dir='ltr'><strong>corpus,</strong></span> <span class='ocrx_word' id='word_1_32' title='bbox 707 270 737 293; x_wconf 90' lang='lat' dir='ltr'><strong>ut</strong></span> <span class='ocrx_word' id='word_1_33' title='bbox 750 275 799 301; x_wconf 81' lang='lat' dir='ltr'><strong>par</strong></span> <span class='ocrx_word' id='word_1_34' title='bbox 813 271 865 298; x_wconf 90' lang='lat' dir='ltr'><strong>est,</strong></span> <span class='ocrx_word' id='word_1_35' title='bbox 883 275 933 302; x_wconf 89' lang='lat' dir='ltr'><strong>per</strong></span> <span class='ocrx_word' id='word_1_36' title='bbox 948 274 1016 294; x_wconf 88' lang='lat' dir='ltr'><strong>con-</strong></span> 
     </span>
    </p>
   </div>
   <div class='ocr_carea' id='block_1_8' title="bbox 234 311 1018 347">
    <p class='ocr_par' dir='ltr' id='par_1_8' title="bbox 234 311 1018 347">
     <span class='ocr_line' id='line_1_8' title="bbox 234 311 1018 347; baseline -0.003 -6"><span class='ocrx_word' id='word_1_37' title='bbox 234 314 376 341; x_wconf 88' lang='lat' dir='ltr'><strong>tinentiam</strong></span> <span class='ocrx_word' id='word_1_38' title='bbox 393 311 581 346; x_wconf 82' lang='lat' dir='ltr'><strong>severiorique</strong></span> <span class='ocrx_word' id='word_1_39' title='bbox 607 312 755 346; x_wconf 79' lang='lat' dir='ltr'><strong>disciplina</strong></span> <span class='ocrx_word' id='word_1_40' title='bbox 773 317 915 340; x_wconf 89' lang='lat' dir='ltr'><strong>macerat:</strong></span> <span class='ocrx_word' id='word_1_41' title='bbox 933 319 1018 347; x_wconf 88' lang='lat' dir='ltr'><strong>pecu-</strong></span> 
     </span>
    </p>
   </div>
   <div class='ocr_carea' id='block_1_9' title="bbox 230 357 1017 389">
    <p class='ocr_par' dir='ltr' id='par_1_9' title="bbox 230 357 1017 389">
     <span class='ocr_line' id='line_1_9' title="bbox 230 357 1017 389; baseline -0.003 -3"><span class='ocrx_word' id='word_1_42' title='bbox 230 360 290 386; x_wconf 88' lang='lat' dir='ltr'><strong>nias</strong></span> <span class='ocrx_word' id='word_1_43' title='bbox 306 365 382 389; x_wconf 86' lang='lat' dir='ltr'><strong>vero,</strong></span> <span class='ocrx_word' id='word_1_44' title='bbox 405 365 467 385; x_wconf 90' lang='lat' dir='ltr'><strong>cum</strong></span> <span class='ocrx_word' id='word_1_45' title='bbox 486 357 625 384; x_wconf 82' lang='lat' dir='ltr'><strong>induxerit</strong></span> <span class='ocrx_word' id='word_1_46' title='bbox 639 358 761 385; x_wconf 89' lang='lat' dir='ltr'><strong>animum</strong></span> <span class='ocrx_word' id='word_1_47' title='bbox 783 363 814 386; x_wconf 92' lang='lat' dir='ltr'><strong>ut</strong></span> <span class='ocrx_word' id='word_1_48' title='bbox 838 358 866 384; x_wconf 88' lang='lat' dir='ltr'><strong>in</strong></span> <span class='ocrx_word' id='word_1_49' title='bbox 888 357 1017 385; x_wconf 87' lang='lat' dir='ltr'><strong>omnibus</strong></span> 
     </span>
    </p>
   </div>
   <div class='ocr_carea' id='block_1_10' title="bbox 231 403 1017 438">
    <p class='ocr_par' dir='ltr' id='par_1_10' title="bbox 231 403 1017 438">
     <span class='ocr_line' id='line_1_10' title="bbox 231 403 1017 438; baseline -0.001 -7"><span class='ocrx_word' id='word_1_50' title='bbox 231 407 378 432; x_wconf 89' lang='lat' dir='ltr'><strong>contentus</strong></span> <span class='ocrx_word' id='word_1_51' title='bbox 402 403 438 430; x_wconf 88' lang='lat' dir='ltr'><strong>sit</strong></span> <span class='ocrx_word' id='word_1_52' title='bbox 467 411 500 430; x_wconf 88' lang='lat' dir='ltr'><strong>eo</strong></span> <span class='ocrx_word' id='word_1_53' title='bbox 516 404 589 437; x_wconf 83' lang='lat' dir='ltr'><strong>quod</strong></span> <span class='ocrx_word' id='word_1_54' title='bbox 608 403 724 431; x_wconf 84' lang='lat' dir='ltr'><strong>suﬂiciat</strong></span> <span class='ocrx_word' id='word_1_55' title='bbox 739 413 745 430; x_wconf 86' lang='lat'><strong>:</strong></span> <span class='ocrx_word' id='word_1_56' title='bbox 763 405 882 438; x_wconf 75' lang='lat' dir='ltr'><strong>itemque</strong></span> <span class='ocrx_word' id='word_1_57' title='bbox 903 403 1017 438; x_wconf 80' lang='lat' dir='ltr'><strong>gloriam</strong></span> 
     </span>
    </p>
   </div>
   <div class='ocr_carea' id='block_1_11' title="bbox 231 449 1018 484">
    <p class='ocr_par' dir='ltr' id='par_1_11' title="bbox 231 449 1018 484">
     <span class='ocr_line' id='line_1_11' title="bbox 231 449 1018 484; baseline 0 -8"><span class='ocrx_word' id='word_1_58' title='bbox 231 458 293 476; x_wconf 91' lang='lat' dir='ltr'><strong>cum</strong></span> <span class='ocrx_word' id='word_1_59' title='bbox 313 450 339 477; x_wconf 94' lang='lat' dir='ltr'><strong>in</strong></span> <span class='ocrx_word' id='word_1_60' title='bbox 361 449 469 476; x_wconf 85' lang='lat' dir='ltr'><strong>occulto</strong></span> <span class='ocrx_word' id='word_1_61' title='bbox 485 449 576 476; x_wconf 87' lang='lat' dir='ltr'><strong>libens</strong></span> <span class='ocrx_word' id='word_1_62' title='bbox 590 450 726 476; x_wconf 87' lang='lat' dir='ltr'><strong>virtutum</strong></span> <span class='ocrx_word' id='word_1_63' title='bbox 745 457 827 483; x_wconf 87' lang='lat' dir='ltr'><strong>opera</strong></span> <span class='ocrx_word' id='word_1_64' title='bbox 843 449 970 484; x_wconf 74' lang='lat' dir='ltr'><strong>gesserit,</strong></span> <span class='ocrx_word' id='word_1_65' title='bbox 986 456 1018 475; x_wconf 88' lang='lat' dir='ltr'><strong>ac</strong></span> 
     </span>
    </p>
   </div>
   <div class='ocr_carea' id='block_1_12' title="bbox 231 495 1017 529">
    <p class='ocr_par' dir='ltr' id='par_1_12' title="bbox 231 495 1017 529">
     <span class='ocr_line' id='line_1_12' title="bbox 231 495 1017 529; baseline -0.001 -7"><span class='ocrx_word' id='word_1_66' title='bbox 231 496 283 522; x_wconf 85' lang='lat' dir='ltr'><strong>sub</strong></span> <span class='ocrx_word' id='word_1_67' title='bbox 296 496 352 522; x_wconf 87' lang='lat' dir='ltr'><strong>Deo</strong></span> <span class='ocrx_word' id='word_1_68' title='bbox 369 495 427 522; x_wconf 89' lang='lat' dir='ltr'><strong>solo</strong></span> <span class='ocrx_word' id='word_1_69' title='bbox 453 499 532 526; x_wconf 87' lang='lat' dir='ltr'><strong>teste,</strong></span> <span class='ocrx_word' id='word_1_70' title='bbox 559 495 731 529; x_wconf 86' lang='lat' dir='ltr'><strong>perindeque</strong></span> <span class='ocrx_word' id='word_1_71' title='bbox 749 495 777 521; x_wconf 92' lang='lat' dir='ltr'><strong>in</strong></span> <span class='ocrx_word' id='word_1_72' title='bbox 795 495 867 522; x_wconf 86' lang='lat' dir='ltr'><strong>aliis.</strong></span> <span class='ocrx_word' id='word_1_73' title='bbox 897 495 948 528; x_wconf 85' lang='lat' dir='ltr'><strong>Qui</strong></span> <span class='ocrx_word' id='word_1_74' title='bbox 966 502 1017 521; x_wconf 85' lang='lat' dir='ltr'><strong>au-</strong></span> 
     </span>
    </p>
   </div>
   <div class='ocr_carea' id='block_1_13' title="bbox 231 540 1016 575">
    <p class='ocr_par' dir='ltr' id='par_1_13' title="bbox 231 540 1016 575">
     <span class='ocr_line' id='line_1_13' title="bbox 231 540 1016 575; baseline -0.001 -7"><span class='ocrx_word' id='word_1_75' title='bbox 231 545 286 568; x_wconf 88' lang='lat' dir='ltr'><strong>tem</strong></span> <span class='ocrx_word' id='word_1_76' title='bbox 308 542 365 568; x_wconf 66' lang='lat' dir='ltr'><strong>hmc</strong></span> <span class='ocrx_word' id='word_1_77' title='bbox 375 541 538 572; x_wconf 85' lang='lat' dir='ltr'><strong>contemnit,</strong></span> <span class='ocrx_word' id='word_1_78' title='bbox 557 540 579 567; x_wconf 91' lang='lat' dir='ltr'><strong>is</strong></span> <span class='ocrx_word' id='word_1_79' title='bbox 594 541 732 567; x_wconf 86' lang='lat' dir='ltr'><strong>neminem</strong></span> <span class='ocrx_word' id='word_1_80' title='bbox 749 548 870 575; x_wconf 80' lang='lat' dir='ltr'><strong>unquam</strong></span> <span class='ocrx_word' id='word_1_81' title='bbox 884 540 949 567; x_wconf 91' lang='lat' dir='ltr'><strong>odio</strong></span> <span class='ocrx_word' id='word_1_82' title='bbox 966 541 1016 567; x_wconf 86' lang='lat' dir='ltr'><strong>ha-</strong></span> 
     </span>
    </p>
   </div>
   <div class='ocr_carea' id='block_1_14' title="bbox 231 588 333 614">
    <p class='ocr_par' dir='ltr' id='par_1_14' title="bbox 231 588 333 614">
     <span class='ocr_line' id='line_1_14' title="bbox 231 588 333 614; baseline 0 0"><span class='ocrx_word' id='word_1_83' title='bbox 231 588 333 614; x_wconf 90' lang='lat' dir='ltr'><strong>buerit.</strong></span> 
     </span>
    </p>
   </div>
   <div class='ocr_carea' id='block_1_15' title="bbox 267 631 1015 667">
    <p class='ocr_par' dir='ltr' id='par_1_15' title="bbox 267 631 1015 667">
     <span class='ocr_line' id='line_1_15' title="bbox 267 631 1015 667; baseline -0.003 -7"><span class='ocrx_word' id='word_1_84' title='bbox 267 634 310 660; x_wconf 80' lang='lat'><strong>50.</strong></span> <span class='ocrx_word' id='word_1_85' title='bbox 329 633 381 666; x_wconf 86' lang='lat' dir='ltr'><strong>Qui</strong></span> <span class='ocrx_word' id='word_1_86' title='bbox 397 633 480 660; x_wconf 89' lang='lat' dir='ltr'><strong>rebus</strong></span> <span class='ocrx_word' id='word_1_87' title='bbox 503 633 632 659; x_wconf 90' lang='lat' dir='ltr'><strong>nuntium</strong></span> <span class='ocrx_word' id='word_1_88' title='bbox 658 632 782 665; x_wconf 86' lang='lat' dir='ltr'><strong>remisit,</strong></span> <span class='ocrx_word' id='word_1_89' title='bbox 800 639 899 667; x_wconf 80' lang='lat' dir='ltr'><strong>nempe</strong></span> <span class='ocrx_word' id='word_1_90' title='bbox 913 631 992 658; x_wconf 79' lang='lat' dir='ltr'><strong>uxori</strong></span> <span class='ocrx_word' id='word_1_91' title='bbox 1008 651 1015 664; x_wconf 91' lang='lat'><strong>,</strong></span> 
     </span>
    </p>
   </div>
   <div class='ocr_carea' id='block_1_16' title="bbox 232 677 1014 715">
    <p class='ocr_par' dir='ltr' id='par_1_16' title="bbox 232 677 1014 715">
     <span class='ocr_line' id='line_1_16' title="bbox 232 677 1014 715; baseline -0.004 -8"><span class='ocrx_word' id='word_1_92' title='bbox 232 681 358 715; x_wconf 86' lang='lat' dir='ltr'><strong>pecuniis</strong></span> <span class='ocrx_word' id='word_1_93' title='bbox 370 687 402 706; x_wconf 86' lang='lat' dir='ltr'><strong>ac</strong></span> <span class='ocrx_word' id='word_1_94' title='bbox 415 679 538 714; x_wconf 85' lang='lat' dir='ltr'><strong>reliquis,</strong></span> <span class='ocrx_word' id='word_1_95' title='bbox 554 687 628 711; x_wconf 88' lang='lat' dir='ltr'><strong>eum,</strong></span> <span class='ocrx_word' id='word_1_96' title='bbox 640 679 687 713; x_wconf 87' lang='lat' dir='ltr'><strong>qui</strong></span> <span class='ocrx_word' id='word_1_97' title='bbox 706 678 773 705; x_wconf 79' lang='lat' dir='ltr'><strong>foris</strong></span> <span class='ocrx_word' id='word_1_98' title='bbox 787 682 839 710; x_wconf 88' lang='lat' dir='ltr'><strong>est,</strong></span> <span class='ocrx_word' id='word_1_99' title='bbox 853 677 992 705; x_wconf 83' lang='lat' dir='ltr'><strong>hominem</strong></span> <span class='ocrx_word' id='word_1_100' title='bbox 1008 698 1014 709; x_wconf 85' lang='lat'><strong>,</strong></span> 
     </span>
    </p>
   </div>
   <div class='ocr_carea' id='block_1_17' title="bbox 231 723 1016 757">
    <p class='ocr_par' dir='ltr' id='par_1_17' title="bbox 231 723 1016 757">
     <span class='ocr_line' id='line_1_17' title="bbox 231 723 1016 757; baseline -0.005 -4"><span class='ocrx_word' id='word_1_101' title='bbox 231 727 396 753; x_wconf 82' lang='lat' dir='ltr'><strong>monachum</strong></span> <span class='ocrx_word' id='word_1_102' title='bbox 421 725 485 752; x_wconf 81' lang='lat' dir='ltr'><strong>fecit</strong></span> <span class='ocrx_word' id='word_1_103' title='bbox 503 734 509 751; x_wconf 87' lang='lat'>:</span> <span class='ocrx_word' id='word_1_104' title='bbox 526 725 647 751; x_wconf 84' lang='lat' dir='ltr'><strong>nondum</strong></span> <span class='ocrx_word' id='word_1_105' title='bbox 672 733 739 752; x_wconf 86' lang='lat' dir='ltr'><strong>vero</strong></span> <span class='ocrx_word' id='word_1_106' title='bbox 756 725 838 752; x_wconf 84' lang='lat' dir='ltr'><strong>etiam</strong></span> <span class='ocrx_word' id='word_1_107' title='bbox 850 744 857 757; x_wconf 92' lang='lat'><strong>,</strong></span> <span class='ocrx_word' id='word_1_108' title='bbox 874 731 949 755; x_wconf 91' lang='lat' dir='ltr'><strong>eum,</strong></span> <span class='ocrx_word' id='word_1_109' title='bbox 968 723 1016 757; x_wconf 93' lang='lat' dir='ltr'><strong>qui</strong></span> 
     </span>
    </p>
   </div>
   <div class='ocr_carea' id='block_1_18' title="bbox 232 769 1017 804">
    <p class='ocr_par' dir='ltr' id='par_1_18' title="bbox 232 769 1017 804">
     <span class='ocr_line' id='line_1_18' title="bbox 232 769 1017 804; baseline -0.004 -6"><span class='ocrx_word' id='word_1_110' title='bbox 232 777 273 799; x_wconf 74' lang='lat' dir='ltr'><strong>est</strong></span> <span class='ocrx_word' id='word_1_111' title='bbox 289 773 373 798; x_wconf 87' lang='lat' dir='ltr'><strong>intus.</strong></span> <span class='ocrx_word' id='word_1_112' title='bbox 389 771 441 804; x_wconf 86' lang='lat' dir='ltr'><strong>Qui</strong></span> <span class='ocrx_word' id='word_1_113' title='bbox 458 775 548 797; x_wconf 84' lang='lat' dir='ltr'><strong>autem</strong></span> <span class='ocrx_word' id='word_1_114' title='bbox 568 771 674 797; x_wconf 64' lang='lat' dir='ltr'><strong>vitiosis</strong></span> <span class='ocrx_word' id='word_1_115' title='bbox 693 778 726 797; x_wconf 83' lang='lat' dir='ltr'><strong>ac</strong></span> <span class='ocrx_word' id='word_1_116' title='bbox 745 769 902 796; x_wconf 86' lang='lat' dir='ltr'><strong>libidinosis</strong></span> <span class='ocrx_word' id='word_1_117' title='bbox 918 769 1017 795; x_wconf 88' lang='lat' dir='ltr'><strong>horum</strong></span> 
     </span>
    </p>
   </div>
   <div class='ocr_carea' id='block_1_19' title="bbox 232 816 1014 852">
    <p class='ocr_par' dir='ltr' id='par_1_19' title="bbox 232 816 1014 852">
     <span class='ocr_line' id='line_1_19' title="bbox 232 816 1014 852; baseline -0.003 -8"><span class='ocrx_word' id='word_1_118' title='bbox 232 817 406 852; x_wconf 79' lang='lat' dir='ltr'><strong>cogitatibus,</strong></span> <span class='ocrx_word' id='word_1_119' title='bbox 426 817 514 851; x_wconf 87' lang='lat' dir='ltr'><strong>ipsum</strong></span> <span class='ocrx_word' id='word_1_120' title='bbox 531 816 578 850; x_wconf 91' lang='lat' dir='ltr'><strong>qui</strong></span> <span class='ocrx_word' id='word_1_121' title='bbox 605 821 647 843; x_wconf 88' lang='lat' dir='ltr'><strong>est</strong></span> <span class='ocrx_word' id='word_1_122' title='bbox 662 816 748 848; x_wconf 81' lang='lat' dir='ltr'><strong>intus,</strong></span> <span class='ocrx_word' id='word_1_123' title='bbox 773 816 801 843; x_wconf 90' lang='lat' dir='ltr'><strong>id</strong></span> <span class='ocrx_word' id='word_1_124' title='bbox 815 820 868 847; x_wconf 85' lang='lat' dir='ltr'><strong>est,</strong></span> <span class='ocrx_word' id='word_1_125' title='bbox 883 819 1014 842; x_wconf 81' lang='lat' dir='ltr'><strong>mentem.</strong></span> 
     </span>
    </p>
   </div>
   <div class='ocr_carea' id='block_1_20' title="bbox 231 861 1015 896">
    <p class='ocr_par' dir='ltr' id='par_1_20' title="bbox 231 861 1015 896">
     <span class='ocr_line' id='line_1_20' title="bbox 231 861 1015 896; baseline -0.001 -7"><span class='ocrx_word' id='word_1_126' title='bbox 231 863 270 889; x_wconf 81' lang='lat' dir='ltr'><strong>Ac</strong></span> <span class='ocrx_word' id='word_1_127' title='bbox 285 862 395 896; x_wconf 86' lang='lat' dir='ltr'><strong>quidem</strong></span> <span class='ocrx_word' id='word_1_128' title='bbox 413 861 576 888; x_wconf 82' lang='lat' dir='ltr'><strong>exteriorem</strong></span> <span class='ocrx_word' id='word_1_129' title='bbox 592 862 731 888; x_wconf 84' lang='lat' dir='ltr'><strong>hominem</strong></span> <span class='ocrx_word' id='word_1_130' title='bbox 754 861 832 888; x_wconf 79' lang='lat' dir='ltr'><strong>facile</strong></span> <span class='ocrx_word' id='word_1_131' title='bbox 845 861 906 896; x_wconf 92' lang='lat' dir='ltr'><strong>quis</strong></span> <span class='ocrx_word' id='word_1_132' title='bbox 919 869 1015 888; x_wconf 84' lang='lat' dir='ltr'><strong>umna—</strong></span> 
     </span>
    </p>
   </div>
   <div class='ocr_carea' id='block_1_21' title="bbox 234 907 1009 940">
    <p class='ocr_par' dir='ltr' id='par_1_21' title="bbox 234 907 1009 940">
     <span class='ocr_line' id='line_1_21' title="bbox 234 907 1009 940; baseline -0.001 -6"><span class='ocrx_word' id='word_1_133' title='bbox 234 908 318 934; x_wconf 91' lang='lat' dir='ltr'><strong>chum</strong></span> <span class='ocrx_word' id='word_1_134' title='bbox 345 907 419 939; x_wconf 82' lang='lat' dir='ltr'><strong>facit,</strong></span> <span class='ocrx_word' id='word_1_135' title='bbox 442 908 506 934; x_wconf 92' lang='lat' dir='ltr'><strong>dum</strong></span> <span class='ocrx_word' id='word_1_136' title='bbox 524 908 612 934; x_wconf 89' lang='lat' dir='ltr'><strong>solum</strong></span> <span class='ocrx_word' id='word_1_137' title='bbox 628 907 765 940; x_wconf 84' lang='lat' dir='ltr'><strong>voluerit;</strong></span> <span class='ocrx_word' id='word_1_138' title='bbox 785 913 815 934; x_wconf 87' lang='lat' dir='ltr'><strong>ut</strong></span> <span class='ocrx_word' id='word_1_139' title='bbox 836 912 927 935; x_wconf 87' lang='lat' dir='ltr'><strong>autem</strong></span> <span class='ocrx_word' id='word_1_140' title='bbox 943 907 1009 934; x_wconf 88' lang='lat' dir='ltr'><strong>inte-</strong></span> 
     </span>
    </p>
   </div>
   <div class='ocr_carea' id='block_1_22' title="bbox 235 952 1014 986">
    <p class='ocr_par' dir='ltr' id='par_1_22' title="bbox 235 952 1014 986">
     <span class='ocr_line' id='line_1_22' title="bbox 235 952 1014 986; baseline -0.003 -6"><span class='ocrx_word' id='word_1_141' title='bbox 235 953 335 980; x_wconf 86' lang='lat' dir='ltr'><strong>riorem</strong></span> <span class='ocrx_word' id='word_1_142' title='bbox 351 953 515 979; x_wconf 84' lang='lat' dir='ltr'><strong>monachum</strong></span> <span class='ocrx_word' id='word_1_143' title='bbox 531 952 623 984; x_wconf 81' lang='lat' dir='ltr'><strong>facias,</strong></span> <span class='ocrx_word' id='word_1_144' title='bbox 636 960 680 979; x_wconf 87' lang='lat' dir='ltr'><strong>res</strong></span> <span class='ocrx_word' id='word_1_145' title='bbox 699 952 785 979; x_wconf 86' lang='lat' dir='ltr'><strong>ardua</strong></span> <span class='ocrx_word' id='word_1_146' title='bbox 799 955 878 979; x_wconf 88' lang='lat' dir='ltr'><strong>estet</strong></span> <span class='ocrx_word' id='word_1_147' title='bbox 891 952 919 978; x_wconf 88' lang='lat' dir='ltr'><strong>in</strong></span> <span class='ocrx_word' id='word_1_148' title='bbox 932 959 1014 986; x_wconf 83' lang='lat' dir='ltr'><strong>quam</strong></span> 
     </span>
    </p>
   </div>
   <div class='ocr_carea' id='block_1_23' title="bbox 232 997 575 1025">
    <p class='ocr_par' dir='ltr' id='par_1_23' title="bbox 232 997 575 1025">
     <span class='ocr_line' id='line_1_23' title="bbox 232 997 575 1025; baseline -0.003 0"><span class='ocrx_word' id='word_1_149' title='bbox 232 999 318 1025; x_wconf 90' lang='lat' dir='ltr'><strong>multo</strong></span> <span class='ocrx_word' id='word_1_150' title='bbox 334 1003 432 1025; x_wconf 86' lang='lat' dir='ltr'><strong>conatu</strong></span> <span class='ocrx_word' id='word_1_151' title='bbox 450 997 575 1025; x_wconf 86' lang='lat' dir='ltr'><strong>enitaris.</strong></span> 
     </span>
    </p>
   </div>
   <div class='ocr_carea' id='block_1_24' title="bbox 267 1042 1014 1078">
    <p class='ocr_par' dir='ltr' id='par_1_24' title="bbox 267 1042 1014 1078">
     <span class='ocr_line' id='line_1_24' title="bbox 267 1042 1014 1078; baseline -0.001 -8"><span class='ocrx_word' id='word_1_152' title='bbox 267 1043 311 1070; x_wconf 81' lang='grc'>51.</span> <span class='ocrx_word' id='word_1_153' title='bbox 328 1043 394 1076; x_wconf 88' lang='lat' dir='ltr'><strong>Quis</strong></span> <span class='ocrx_word' id='word_1_154' title='bbox 411 1050 477 1078; x_wconf 81' lang='lat' dir='ltr'><strong>ergo</strong></span> <span class='ocrx_word' id='word_1_155' title='bbox 496 1042 524 1069; x_wconf 91' lang='lat' dir='ltr'><strong>in</strong></span> <span class='ocrx_word' id='word_1_156' title='bbox 539 1043 590 1070; x_wconf 89' lang='lat' dir='ltr'><strong>hac</strong></span> <span class='ocrx_word' id='word_1_157' title='bbox 604 1047 683 1070; x_wconf 70' lang='lat' dir='ltr'><strong>mtate</strong></span> <span class='ocrx_word' id='word_1_158' title='bbox 701 1046 754 1075; x_wconf 90' lang='lat' dir='ltr'><strong>cst,</strong></span> <span class='ocrx_word' id='word_1_159' title='bbox 768 1043 814 1077; x_wconf 90' lang='lat' dir='ltr'><strong>qui</strong></span> <span class='ocrx_word' id='word_1_160' title='bbox 829 1050 843 1069; x_wconf 87' lang='lat' dir='ltr'><strong>a</strong></span> <span class='ocrx_word' id='word_1_161' title='bbox 857 1042 1014 1069; x_wconf 83' lang='lat' dir='ltr'><strong>libidinosis</strong></span> 
     </span>
    </p>
   </div>
   <div class='ocr_carea' id='block_1_25' title="bbox 235 1088 1016 1122">
    <p class='ocr_par' dir='ltr' id='par_1_25' title="bbox 235 1088 1016 1122">
     <span class='ocr_line' id='line_1_25' title="bbox 235 1088 1016 1122; baseline -0.001 -7"><span class='ocrx_word' id='word_1_162' title='bbox 235 1096 267 1116; x_wconf 89' lang='lat' dir='ltr'><strong>ae</strong></span> <span class='ocrx_word' id='word_1_163' title='bbox 282 1088 389 1115; x_wconf 89' lang='lat' dir='ltr'><strong>vitiosis</strong></span> <span class='ocrx_word' id='word_1_164' title='bbox 406 1088 618 1122; x_wconf 77' lang='lat' dir='ltr'><strong>cogitationibus</strong></span> <span class='ocrx_word' id='word_1_165' title='bbox 634 1096 747 1122; x_wconf 86' lang='lat' dir='ltr'><strong>prorsus</strong></span> <span class='ocrx_word' id='word_1_166' title='bbox 760 1088 893 1115; x_wconf 84' lang='lat' dir='ltr'><strong>liberatus</strong></span> <span class='ocrx_word' id='word_1_167' title='bbox 908 1088 953 1119; x_wconf 88' lang='lat' dir='ltr'><strong>sit,</strong></span> <span class='ocrx_word' id='word_1_168' title='bbox 966 1096 1016 1122; x_wconf 90' lang='lat' dir='ltr'><strong>pu-</strong></span> 
     </span>
    </p>
   </div>
   <div class='ocr_carea' id='block_1_26' title="bbox 235 1133 1015 1169">
    <p class='ocr_par' dir='ltr' id='par_1_26' title="bbox 235 1133 1015 1169">
     <span class='ocr_line' id='line_1_26' title="bbox 235 1133 1015 1169; baseline 0 -9"><span class='ocrx_word' id='word_1_169' title='bbox 235 1141 348 1168; x_wconf 87' lang='lat' dir='ltr'><strong>ramque</strong></span> <span class='ocrx_word' id='word_1_170' title='bbox 365 1134 438 1160; x_wconf 80' lang='lat' dir='ltr'><strong>illam</strong></span> <span class='ocrx_word' id='word_1_171' title='bbox 459 1142 510 1161; x_wconf 86' lang='lat' dir='ltr'><strong>nec</strong></span> <span class='ocrx_word' id='word_1_172' title='bbox 531 1133 609 1169; x_wconf 67' lang='grc'><strong>45],</strong></span> <span class='ocrx_word' id='word_1_173' title='bbox 625 1134 724 1161; x_wconf 88' lang='lat' dir='ltr'><strong>terreni</strong></span> <span class='ocrx_word' id='word_1_174' title='bbox 741 1133 891 1168; x_wconf 85' lang='lat' dir='ltr'><strong>quidquam</strong></span> <span class='ocrx_word' id='word_1_175' title='bbox 911 1133 1015 1161; x_wconf 83' lang='lat' dir='ltr'><strong>haben-</strong></span> 
     </span>
    </p>
   </div>
   <div class='ocr_carea' id='block_1_27' title="bbox 234 1179 1014 1214">
    <p class='ocr_par' dir='ltr' id='par_1_27' title="bbox 234 1179 1014 1214">
     <span class='ocr_line' id='line_1_27' title="bbox 234 1179 1014 1214; baseline -0.003 -6"><span class='ocrx_word' id='word_1_176' title='bbox 234 1185 289 1208; x_wconf 90' lang='lat' dir='ltr'><strong>tem</strong></span> <span class='ocrx_word' id='word_1_177' title='bbox 312 1184 408 1207; x_wconf 87' lang='lat' dir='ltr'><strong>nactus</strong></span> <span class='ocrx_word' id='word_1_178' title='bbox 434 1180 586 1207; x_wconf 85' lang='lat' dir='ltr'><strong>orationem</strong></span> <span class='ocrx_word' id='word_1_179' title='bbox 603 1188 609 1206; x_wconf 90' lang='lat'>:</span> <span class='ocrx_word' id='word_1_180' title='bbox 627 1180 700 1214; x_wconf 89' lang='lat' dir='ltr'><strong>quod</strong></span> <span class='ocrx_word' id='word_1_181' title='bbox 726 1179 867 1207; x_wconf 87' lang='lat' dir='ltr'><strong>interioris</strong></span> <span class='ocrx_word' id='word_1_182' title='bbox 888 1179 1014 1207; x_wconf 84' lang='lat' dir='ltr'><strong>monachi</strong></span> 
     </span>
    </p>
   </div>
   <div class='ocr_carea' id='block_1_28' title="bbox 231 1227 478 1262">
    <p class='ocr_par' dir='ltr' id='par_1_28' title="bbox 231 1227 478 1262">
     <span class='ocr_line' id='line_1_28' title="bbox 231 1227 478 1262; baseline -0.008 -7"><span class='ocrx_word' id='word_1_183' title='bbox 231 1227 340 1262; x_wconf 83' lang='lat' dir='ltr'><strong>signum</strong></span> <span class='ocrx_word' id='word_1_184' title='bbox 351 1227 478 1254; x_wconf 79' lang='lat' dir='ltr'><strong>exsistit?</strong></span> 
     </span>
    </p>
   </div>
   <div class='ocr_carea' id='block_1_29' title="bbox 267 1273 1011 1300">
    <p class='ocr_par' dir='ltr' id='par_1_29' title="bbox 267 1273 1011 1300">
     <span class='ocr_line' id='line_1_29' title="bbox 267 1273 1011 1300; baseline 0 0"><span class='ocrx_word' id='word_1_185' title='bbox 267 1273 310 1300; x_wconf 67' lang='lat'><strong>52.</strong></span> <span class='ocrx_word' id='word_1_186' title='bbox 327 1273 406 1300; x_wconf 82' lang='lat' dir='ltr'><strong>Multi</strong></span> <span class='ocrx_word' id='word_1_187' title='bbox 419 1273 535 1300; x_wconf 70' lang='lat' dir='ltr'><strong>aﬂ‘eetus</strong></span> <span class='ocrx_word' id='word_1_188' title='bbox 548 1281 580 1300; x_wconf 90' lang='lat' dir='ltr'><strong>ae</strong></span> <span class='ocrx_word' id='word_1_189' title='bbox 593 1273 661 1300; x_wconf 85' lang='lat' dir='ltr'><strong>vitia</strong></span> <span class='ocrx_word' id='word_1_190' title='bbox 674 1274 702 1300; x_wconf 89' lang='lat' dir='ltr'><strong>in</strong></span> <span class='ocrx_word' id='word_1_191' title='bbox 717 1273 817 1300; x_wconf 83' lang='lat' dir='ltr'><strong>animis</strong></span> <span class='ocrx_word' id='word_1_192' title='bbox 832 1273 935 1300; x_wconf 82' lang='lat' dir='ltr'><strong>nostris</strong></span> <span class='ocrx_word' id='word_1_193' title='bbox 950 1273 1011 1300; x_wconf 86' lang='lat' dir='ltr'><strong>lali-</strong></span> 
     </span>
    </p>
   </div>
   <div class='ocr_carea' id='block_1_30' title="bbox 232 1319 1012 1354">
    <p class='ocr_par' dir='ltr' id='par_1_30' title="bbox 232 1319 1012 1354">
     <span class='ocr_line' id='line_1_30' title="bbox 232 1319 1012 1354; baseline 0 -8"><span class='ocrx_word' id='word_1_194' title='bbox 232 1323 300 1352; x_wconf 87' lang='lat' dir='ltr'><strong>tant,</strong></span> <span class='ocrx_word' id='word_1_195' title='bbox 314 1323 434 1354; x_wconf 86' lang='lat' dir='ltr'><strong>tuncque</strong></span> <span class='ocrx_word' id='word_1_196' title='bbox 454 1319 620 1354; x_wconf 86' lang='lat' dir='ltr'><strong>produntur,</strong></span> <span class='ocrx_word' id='word_1_197' title='bbox 636 1328 698 1347; x_wconf 85' lang='lat' dir='ltr'><strong>cum</strong></span> <span class='ocrx_word' id='word_1_198' title='bbox 712 1328 757 1347; x_wconf 88' lang='lat' dir='ltr'><strong>res</strong></span> <span class='ocrx_word' id='word_1_199' title='bbox 771 1323 920 1354; x_wconf 65' lang='lat' dir='ltr'><strong>praesentes</strong></span> <span class='ocrx_word' id='word_1_200' title='bbox 931 1320 1012 1347; x_wconf 85' lang='lat' dir='ltr'><strong>exsti-</strong></span> 
     </span>
    </p>
   </div>
   <div class='ocr_carea' id='block_1_31' title="bbox 233 1366 552 1393">
    <p class='ocr_par' dir='ltr' id='par_1_31' title="bbox 233 1366 552 1393">
     <span class='ocr_line' id='line_1_31' title="bbox 233 1366 552 1393; baseline 0 -1"><span class='ocrx_word' id='word_1_201' title='bbox 233 1366 318 1393; x_wconf 86' lang='lat' dir='ltr'><strong>terint</strong></span> <span class='ocrx_word' id='word_1_202' title='bbox 330 1374 362 1392; x_wconf 87' lang='lat' dir='ltr'><strong>ae</strong></span> <span class='ocrx_word' id='word_1_203' title='bbox 376 1366 552 1392; x_wconf 86' lang='lat' dir='ltr'><strong>emerserint.</strong></span> 
     </span>
    </p>
   </div>
   <div class='ocr_carea' id='block_1_32' title="bbox 265 1412 1015 1446">
    <p class='ocr_par' dir='ltr' id='par_1_32' title="bbox 265 1412 1015 1446">
     <span class='ocr_line' id='line_1_32' title="bbox 265 1412 1015 1446; baseline 0.003 -8"><span class='ocrx_word' id='word_1_204' title='bbox 265 1413 309 1439; x_wconf 80' lang='lat'><strong>53.</strong></span> <span class='ocrx_word' id='word_1_205' title='bbox 321 1413 415 1439; x_wconf 85' lang='lat' dir='ltr'><strong>Potest</strong></span> <span class='ocrx_word' id='word_1_206' title='bbox 432 1412 503 1446; x_wconf 81' lang='lat' dir='ltr'><strong>quis,</strong></span> <span class='ocrx_word' id='word_1_207' title='bbox 519 1416 588 1443; x_wconf 87' lang='lat' dir='ltr'><strong>tum,</strong></span> <span class='ocrx_word' id='word_1_208' title='bbox 605 1420 666 1438; x_wconf 90' lang='lat' dir='ltr'><strong>cum</strong></span> <span class='ocrx_word' id='word_1_209' title='bbox 686 1420 728 1439; x_wconf 88' lang='lat' dir='ltr'><strong>res</strong></span> <span class='ocrx_word' id='word_1_210' title='bbox 754 1412 864 1445; x_wconf 89' lang='lat' dir='ltr'><strong>absunt,</strong></span> <span class='ocrx_word' id='word_1_211' title='bbox 887 1420 941 1439; x_wconf 93' lang='lat' dir='ltr'><strong>non</strong></span> <span class='ocrx_word' id='word_1_212' title='bbox 957 1420 1015 1440; x_wconf 91' lang='lat' dir='ltr'><strong>m0-</strong></span> 
     </span>
    </p>
   </div>
   <div class='ocr_carea' id='block_1_33' title="bbox 230 1457 1014 1493">
    <p class='ocr_par' dir='ltr' id='par_1_33' title="bbox 230 1457 1014 1493">
     <span class='ocr_line' id='line_1_33' title="bbox 230 1457 1014 1493; baseline 0.003 -10"><span class='ocrx_word' id='word_1_213' title='bbox 230 1458 287 1484; x_wconf 87' lang='lat' dir='ltr'><strong>veri</strong></span> <span class='ocrx_word' id='word_1_214' title='bbox 306 1457 450 1484; x_wconf 81' lang='lat' dir='ltr'><strong>aﬂ‘cctibus</strong></span> <span class='ocrx_word' id='word_1_215' title='bbox 470 1465 601 1484; x_wconf 86' lang='lat' dir='ltr'><strong>eorumve</strong></span> <span class='ocrx_word' id='word_1_216' title='bbox 618 1459 674 1491; x_wconf 87' lang='lat' dir='ltr'><strong>pati</strong></span> <span class='ocrx_word' id='word_1_217' title='bbox 697 1458 872 1491; x_wconf 87' lang='lat' dir='ltr'><strong>molestiam;</strong></span> <span class='ocrx_word' id='word_1_218' title='bbox 897 1466 959 1493; x_wconf 76' lang='lat' dir='ltr'><strong>qua:</strong></span> <span class='ocrx_word' id='word_1_219' title='bbox 972 1463 1014 1486; x_wconf 87' lang='lat' dir='ltr'><strong>est</strong></span> 
     </span>
    </p>
   </div>
   <div class='ocr_carea' id='block_1_34' title="bbox 230 1502 1013 1538">
    <p class='ocr_par' dir='ltr' id='par_1_34' title="bbox 230 1502 1013 1538">
     <span class='ocr_line' id='line_1_34' title="bbox 230 1502 1013 1538; baseline 0 -8"><span class='ocrx_word' id='word_1_220' title='bbox 230 1511 294 1538; x_wconf 86' lang='lat' dir='ltr'><strong>pars</strong></span> <span class='ocrx_word' id='word_1_221' title='bbox 304 1503 426 1537; x_wconf 67' lang='lat' dir='ltr'><strong>quaadam</strong></span> <span class='ocrx_word' id='word_1_222' title='bbox 444 1502 705 1536; x_wconf 87' lang='lat' dir='ltr'><strong>imperturbationis,</strong></span> <span class='ocrx_word' id='word_1_223' title='bbox 722 1504 861 1537; x_wconf 81' lang='lat' dir='ltr'><strong>animique</strong></span> <span class='ocrx_word' id='word_1_224' title='bbox 878 1504 1013 1538; x_wconf 88' lang='lat' dir='ltr'><strong>tranquil-</strong></span> 
     </span>
    </p>
   </div>
   <div class='ocr_carea' id='block_1_35' title="bbox 229 1547 1013 1583">
    <p class='ocr_par' dir='ltr' id='par_1_35' title="bbox 229 1547 1013 1583">
     <span class='ocr_line' id='line_1_35' title="bbox 229 1547 1013 1583; baseline 0.001 -8"><span class='ocrx_word' id='word_1_225' title='bbox 229 1549 308 1576; x_wconf 86' lang='lat' dir='ltr'><strong>liorts</strong></span> <span class='ocrx_word' id='word_1_226' title='bbox 324 1551 412 1583; x_wconf 61' lang='lat' dir='ltr'><strong>status</strong></span> <span class='ocrx_word' id='word_1_227' title='bbox 444 1547 503 1583; x_wconf 83' lang='grc' dir='ltr'>(τῆς</span> <span class='ocrx_word' id='word_1_228' title='bbox 529 1548 672 1582; x_wconf 73' lang='grc' dir='ltr'>ἀπαθείας)</span> <span class='ocrx_word' id='word_1_229' title='bbox 697 1557 759 1575; x_wconf 85' lang='lat' dir='ltr'><strong>mox</strong></span> <span class='ocrx_word' id='word_1_230' title='bbox 788 1554 879 1576; x_wconf 82' lang='lat' dir='ltr'><strong>autem</strong></span> <span class='ocrx_word' id='word_1_231' title='bbox 903 1558 936 1576; x_wconf 88' lang='lat' dir='ltr'><strong>ac</strong></span> <span class='ocrx_word' id='word_1_232' title='bbox 961 1550 1013 1577; x_wconf 65' lang='lat' dir='ltr'><strong>illa:</strong></span> 
     </span>
    </p>
   </div>
   <div class='ocr_carea' id='block_1_36' title="bbox 229 1579 1012 1629">
    <p class='ocr_par' dir='ltr' id='par_1_36' title="bbox 229 1579 1012 1629">
     <span class='ocr_line' id='line_1_36' title="bbox 229 1579 1012 1629; baseline 0.004 -9"><span class='ocrx_word' id='word_1_233' title='bbox 229 1579 405 1625; x_wconf 66' lang='lat' dir='ltr'><strong>emerseri&#39;nt,</strong></span> <span class='ocrx_word' id='word_1_234' title='bbox 427 1594 558 1621; x_wconf 88' lang='lat' dir='ltr'><strong>continuo</strong></span> <span class='ocrx_word' id='word_1_235' title='bbox 575 1594 689 1622; x_wconf 79' lang='lat' dir='ltr'><strong>aﬂ‘cctus</strong></span> <span class='ocrx_word' id='word_1_236' title='bbox 701 1603 733 1622; x_wconf 85' lang='lat' dir='ltr'><strong>ac</strong></span> <span class='ocrx_word' id='word_1_237' title='bbox 747 1595 876 1623; x_wconf 89' lang='lat' dir='ltr'><strong>libidines</strong></span> <span class='ocrx_word' id='word_1_238' title='bbox 891 1596 1012 1629; x_wconf 89' lang='lat' dir='ltr'><strong>animum</strong></span> 
     </span>
    </p>
   </div>
   <div class='ocr_carea' id='block_1_37' title="bbox 229 1640 394 1668">
    <p class='ocr_par' dir='ltr' id='par_1_37' title="bbox 229 1640 394 1668">
     <span class='ocr_line' id='line_1_37' title="bbox 229 1640 394 1668; baseline 0 -1"><span class='ocrx_word' id='word_1_239' title='bbox 229 1640 394 1668; x_wconf 81' lang='lat' dir='ltr'><strong>distrahunt.</strong></span> 
     </span>
    </p>
   </div>
   <div class='ocr_carea' id='block_1_38' title="bbox 263 1677 1022 1722">
    <p class='ocr_par' dir='ltr' id='par_1_38' title="bbox 263 1677 1022 1722">
     <span class='ocr_line' id='line_1_38' title="bbox 263 1677 1022 1722; baseline 0.003 -8"><span class='ocrx_word' id='word_1_240' title='bbox 263 1688 306 1715; x_wconf 63' lang='lat'><strong>54.</strong></span> <span class='ocrx_word' id='word_1_241' title='bbox 327 1687 366 1715; x_wconf 88' lang='lat' dir='ltr'><strong>Ne</strong></span> <span class='ocrx_word' id='word_1_242' title='bbox 381 1691 406 1714; x_wconf 89' lang='lat' dir='ltr'><strong>te</strong></span> <span class='ocrx_word' id='word_1_243' title='bbox 423 1687 571 1722; x_wconf 78' lang='lat' dir='ltr'><strong>perfectam</strong></span> <span class='ocrx_word' id='word_1_244' title='bbox 586 1687 722 1722; x_wconf 88' lang='lat' dir='ltr'><strong>ejusmodi</strong></span> <span class='ocrx_word' id='word_1_245' title='bbox 738 1677 1022 1722; x_wconf 40' lang='lat' dir='ltr'><strong>imperturbationem.</strong></span> 
     </span>
    </p>
   </div>
   <div class='ocr_carea' id='block_1_39' title="bbox 227 1733 1012 1768">
    <p class='ocr_par' dir='ltr' id='par_1_39' title="bbox 227 1733 1012 1768">
     <span class='ocr_line' id='line_1_39' title="bbox 227 1733 1012 1768; baseline 0.001 -8"><span class='ocrx_word' id='word_1_246' title='bbox 227 1738 337 1761; x_wconf 81' lang='lat' dir='ltr'><strong>nactum</strong></span> <span class='ocrx_word' id='word_1_247' title='bbox 348 1738 438 1768; x_wconf 88' lang='lat' dir='ltr'><strong>putes,</strong></span> <span class='ocrx_word' id='word_1_248' title='bbox 457 1733 579 1768; x_wconf 88' lang='lat' dir='ltr'><strong>quandiu</strong></span> <span class='ocrx_word' id='word_1_249' title='bbox 591 1741 634 1760; x_wconf 88' lang='lat' dir='ltr'><strong>res</strong></span> <span class='ocrx_word' id='word_1_250' title='bbox 659 1733 747 1761; x_wconf 82' lang='lat' dir='ltr'><strong>abest.</strong></span> <span class='ocrx_word' id='word_1_251' title='bbox 768 1733 836 1760; x_wconf 92' lang='lat' dir='ltr'><strong>Cum</strong></span> <span class='ocrx_word' id='word_1_252' title='bbox 852 1738 943 1761; x_wconf 87' lang='lat' dir='ltr'><strong>autem</strong></span> <span class='ocrx_word' id='word_1_253' title='bbox 966 1734 1012 1762; x_wconf 87' lang='lat' dir='ltr'><strong>illa</strong></span> 
     </span>
    </p>
   </div>
   <div class='ocr_carea' id='block_1_40' title="bbox 227 1779 1011 1814">
    <p class='ocr_par' dir='ltr' id='par_1_40' title="bbox 227 1779 1011 1814">
     <span class='ocr_line' id='line_1_40' title="bbox 227 1779 1011 1814; baseline 0.001 -8"><span class='ocrx_word' id='word_1_254' title='bbox 227 1779 370 1806; x_wconf 88' lang='lat' dir='ltr'><strong>emerserit</strong></span> <span class='ocrx_word' id='word_1_255' title='bbox 383 1799 389 1810; x_wconf 89' lang='lat'><strong>,</strong></span> <span class='ocrx_word' id='word_1_256' title='bbox 414 1786 445 1805; x_wconf 88' lang='lat' dir='ltr'><strong>ac</strong></span> <span class='ocrx_word' id='word_1_257' title='bbox 461 1786 525 1813; x_wconf 78' lang='lat' dir='ltr'><strong>erga</strong></span> <span class='ocrx_word' id='word_1_258' title='bbox 552 1786 609 1806; x_wconf 88' lang='lat' dir='ltr'><strong>rem</strong></span> <span class='ocrx_word' id='word_1_259' title='bbox 626 1779 741 1813; x_wconf 85' lang='lat' dir='ltr'><strong>ejusque</strong></span> <span class='ocrx_word' id='word_1_260' title='bbox 761 1779 892 1814; x_wconf 89' lang='lat' dir='ltr'><strong>deinceps</strong></span> <span class='ocrx_word' id='word_1_261' title='bbox 905 1787 1011 1807; x_wconf 89' lang='lat' dir='ltr'><strong>memo—</strong></span> 
     </span>
    </p>
   </div>
   <div class='ocr_carea' id='block_1_41' title="bbox 228 1824 1011 1859">
    <p class='ocr_par' dir='ltr' id='par_1_41' title="bbox 228 1824 1011 1859">
     <span class='ocr_line' id='line_1_41' title="bbox 228 1824 1011 1859; baseline 0.001 -9"><span class='ocrx_word' id='word_1_262' title='bbox 228 1824 297 1851; x_wconf 83' lang='lat' dir='ltr'><strong>riam</strong></span> <span class='ocrx_word' id='word_1_263' title='bbox 323 1824 452 1850; x_wconf 85' lang='lat' dir='ltr'><strong>immotus</strong></span> <span class='ocrx_word' id='word_1_264' title='bbox 474 1824 625 1855; x_wconf 84' lang='lat' dir='ltr'><strong>manseris,</strong></span> <span class='ocrx_word' id='word_1_265' title='bbox 645 1827 710 1851; x_wconf 91' lang='lat' dir='ltr'><strong>tunc</strong></span> <span class='ocrx_word' id='word_1_266' title='bbox 727 1824 798 1851; x_wconf 84' lang='lat' dir='ltr'><strong>scias</strong></span> <span class='ocrx_word' id='word_1_267' title='bbox 814 1824 873 1859; x_wconf 84' lang='lat' dir='ltr'><strong>ejus</strong></span> <span class='ocrx_word' id='word_1_268' title='bbox 890 1827 915 1851; x_wconf 90' lang='lat' dir='ltr'><strong>te</strong></span> <span class='ocrx_word' id='word_1_269' title='bbox 941 1824 1011 1851; x_wconf 86' lang='lat' dir='ltr'><strong>ﬁnes</strong></span> 
     </span>
    </p>
   </div>
   <div class='ocr_carea' id='block_1_42' title="bbox 227 1869 1012 1905">
    <p class='ocr_par' dir='ltr' id='par_1_42' title="bbox 227 1869 1012 1905">
     <span class='ocr_line' id='line_1_42' title="bbox 227 1869 1012 1905; baseline 0 -9"><span class='ocrx_word' id='word_1_270' title='bbox 227 1869 465 1905; x_wconf 70' lang='lat' dir='ltr'><strong>ingressumesse.</strong></span> <span class='ocrx_word' id='word_1_271' title='bbox 482 1869 584 1896; x_wconf 78' lang='lat' dir='ltr'><strong>Verum</strong></span> <span class='ocrx_word' id='word_1_272' title='bbox 595 1876 648 1896; x_wconf 88' lang='lat' dir='ltr'><strong>nec</strong></span> <span class='ocrx_word' id='word_1_273' title='bbox 659 1869 698 1897; x_wconf 91' lang='lat' dir='ltr'><strong>sic</strong></span> <span class='ocrx_word' id='word_1_274' title='bbox 711 1869 822 1904; x_wconf 86' lang='lat' dir='ltr'><strong>quidem</strong></span> <span class='ocrx_word' id='word_1_275' title='bbox 839 1873 1012 1904; x_wconf 86' lang='lat' dir='ltr'><strong>contempse-</strong></span> 
     </span>
    </p>
   </div>
   <div class='ocr_carea' id='block_1_43' title="bbox 227 1914 1011 1949">
    <p class='ocr_par' dir='ltr' id='par_1_43' title="bbox 227 1914 1011 1949">
     <span class='ocr_line' id='line_1_43' title="bbox 227 1914 1011 1949; baseline 0 -8"><span class='ocrx_word' id='word_1_276' title='bbox 227 1914 265 1941; x_wconf 87' lang='lat' dir='ltr'><strong>ris</strong></span> <span class='ocrx_word' id='word_1_277' title='bbox 283 1924 289 1941; x_wconf 86' lang='lat'><strong>:</strong></span> <span class='ocrx_word' id='word_1_278' title='bbox 305 1922 367 1941; x_wconf 86' lang='lat' dir='ltr'><strong>nam</strong></span> <span class='ocrx_word' id='word_1_279' title='bbox 381 1914 453 1942; x_wconf 86' lang='lat' dir='ltr'><strong>sicut</strong></span> <span class='ocrx_word' id='word_1_280' title='bbox 468 1915 557 1942; x_wconf 84' lang='lat' dir='ltr'><strong>virtus</strong></span> <span class='ocrx_word' id='word_1_281' title='bbox 576 1915 624 1942; x_wconf 92' lang='lat' dir='ltr'><strong>diu</strong></span> <span class='ocrx_word' id='word_1_282' title='bbox 639 1922 750 1942; x_wconf 86' lang='lat' dir='ltr'><strong>morans</strong></span> <span class='ocrx_word' id='word_1_283' title='bbox 763 1915 878 1942; x_wconf 77' lang='lat' dir='ltr'><strong>allectus</strong></span> <span class='ocrx_word' id='word_1_284' title='bbox 890 1915 1011 1949; x_wconf 81' lang='lat' dir='ltr'><strong>vitiaque</strong></span> 
     </span>
    </p>
   </div>
   <div class='ocr_carea' id='block_1_44' title="bbox 225 1959 1011 1995">
    <p class='ocr_par' dir='ltr' id='par_1_44' title="bbox 225 1959 1011 1995">
     <span class='ocr_line' id='line_1_44' title="bbox 225 1959 1011 1995; baseline 0.001 -9"><span class='ocrx_word' id='word_1_285' title='bbox 225 1959 389 1995; x_wconf 77' lang='lat' dir='ltr'><strong>exstinguit;</strong></span> <span class='ocrx_word' id='word_1_286' title='bbox 415 1960 455 1987; x_wconf 90' lang='lat' dir='ltr'><strong>sic</strong></span> <span class='ocrx_word' id='word_1_287' title='bbox 474 1968 570 1987; x_wconf 88' lang='lat' dir='ltr'><strong>rursus</strong></span> <span class='ocrx_word' id='word_1_288' title='bbox 587 1960 725 1995; x_wconf 76' lang='lat' dir='ltr'><strong>neglecta,</strong></span> <span class='ocrx_word' id='word_1_289' title='bbox 758 1960 804 1987; x_wconf 84' lang='lat' dir='ltr'><strong>illa</strong></span> <span class='ocrx_word' id='word_1_290' title='bbox 819 1960 969 1988; x_wconf 78' lang='lat' dir='ltr'><strong>exsuscitat</strong></span> <span class='ocrx_word' id='word_1_291' title='bbox 982 1963 1011 1988; x_wconf 89' lang='lat' dir='ltr'><strong>et</strong></span> 
     </span>
    </p>
   </div>
   <div class='ocr_carea' id='block_1_45' title="bbox 224 2006 573 2041">
    <p class='ocr_par' dir='ltr' id='par_1_45' title="bbox 224 2006 573 2041">
     <span class='ocr_line' id='line_1_45' title="bbox 224 2006 573 2041; baseline 0 -8"><span class='ocrx_word' id='word_1_292' title='bbox 224 2010 256 2033; x_wconf 89' lang='lat' dir='ltr'><strong>ut</strong></span> <span class='ocrx_word' id='word_1_293' title='bbox 266 2006 357 2034; x_wconf 90' lang='lat' dir='ltr'><strong>denuo</strong></span> <span class='ocrx_word' id='word_1_294' title='bbox 365 2007 483 2041; x_wconf 83' lang='lat' dir='ltr'><strong>vigeant,</strong></span> <span class='ocrx_word' id='word_1_295' title='bbox 499 2006 573 2034; x_wconf 73' lang='lat' dir='ltr'><strong>facit.</strong></span> 
     </span>
    </p>
   </div>
   <div class='ocr_carea' id='block_1_46' title="bbox 260 2051 1009 2086">
    <p class='ocr_par' dir='ltr' id='par_1_46' title="bbox 260 2051 1009 2086">
     <span class='ocr_line' id='line_1_46' title="bbox 260 2051 1009 2086; baseline 0.001 -8"><span class='ocrx_word' id='word_1_296' title='bbox 260 2052 303 2079; x_wconf 80' lang='lat'><strong>55.</strong></span> <span class='ocrx_word' id='word_1_297' title='bbox 331 2051 382 2084; x_wconf 90' lang='lat' dir='ltr'><strong>Qui</strong></span> <span class='ocrx_word' id='word_1_298' title='bbox 403 2051 542 2079; x_wconf 90' lang='lat' dir='ltr'><strong>Christum</strong></span> <span class='ocrx_word' id='word_1_299' title='bbox 557 2051 657 2086; x_wconf 77' lang='lat' dir='ltr'><strong>diligit,</strong></span> <span class='ocrx_word' id='word_1_300' title='bbox 677 2052 789 2079; x_wconf 91' lang='lat' dir='ltr'><strong>omnino</strong></span> <span class='ocrx_word' id='word_1_301' title='bbox 807 2051 889 2079; x_wconf 79' lang='lat' dir='ltr'><strong>etiam</strong></span> <span class='ocrx_word' id='word_1_302' title='bbox 903 2060 952 2086; x_wconf 88' lang='lat' dir='ltr'><strong>pro</strong></span> <span class='ocrx_word' id='word_1_303' title='bbox 967 2052 1009 2079; x_wconf 78' lang='lat' dir='ltr'><strong>vi-</strong></span> 
     </span>
    </p>
   </div>
   <div class='ocr_carea' id='block_1_47' title="bbox 223 2097 1010 2132">
    <p class='ocr_par' dir='ltr' id='par_1_47' title="bbox 223 2097 1010 2132">
     <span class='ocr_line' id='line_1_47' title="bbox 223 2097 1010 2132; baseline 0.003 -8"><span class='ocrx_word' id='word_1_304' title='bbox 223 2098 268 2124; x_wconf 90' lang='lat' dir='ltr'><strong>rili</strong></span> <span class='ocrx_word' id='word_1_305' title='bbox 280 2105 342 2124; x_wconf 88' lang='lat' dir='ltr'><strong>eum</strong></span> <span class='ocrx_word' id='word_1_306' title='bbox 357 2097 488 2124; x_wconf 84' lang='lat' dir='ltr'><strong>imitatur.</strong></span> <span class='ocrx_word' id='word_1_307' title='bbox 506 2097 541 2124; x_wconf 90' lang='lat' dir='ltr'><strong>Ut</strong></span> <span class='ocrx_word' id='word_1_308' title='bbox 557 2097 608 2124; x_wconf 88' lang='lat' dir='ltr'><strong>sub</strong></span> <span class='ocrx_word' id='word_1_309' title='bbox 619 2098 744 2131; x_wconf 76' lang='lat' dir='ltr'><strong>exemplo</strong></span> <span class='ocrx_word' id='word_1_310' title='bbox 759 2098 866 2132; x_wconf 86' lang='lat' dir='ltr'><strong>loquar,</strong></span> <span class='ocrx_word' id='word_1_311' title='bbox 879 2098 937 2125; x_wconf 81' lang='lat' dir='ltr'><strong>Non</strong></span> <span class='ocrx_word' id='word_1_312' title='bbox 951 2107 1010 2126; x_wconf 90' lang='lat' dir='ltr'><strong>ces-</strong></span> 
     </span>
    </p>
   </div>
   <div class='ocr_carea' id='block_1_48' title="bbox 223 2142 1008 2179">
    <p class='ocr_par' dir='ltr' id='par_1_48' title="bbox 223 2142 1008 2179">
     <span class='ocr_line' id='line_1_48' title="bbox 223 2142 1008 2179; baseline 0.001 -9"><span class='ocrx_word' id='word_1_313' title='bbox 223 2143 293 2170; x_wconf 79' lang='lat' dir='ltr'><strong>savit</strong></span> <span class='ocrx_word' id='word_1_314' title='bbox 306 2142 448 2170; x_wconf 82' lang='lat' dir='ltr'><strong>beneﬁciis</strong></span> <span class='ocrx_word' id='word_1_315' title='bbox 462 2143 589 2169; x_wconf 86' lang='lat' dir='ltr'><strong>homines</strong></span> <span class='ocrx_word' id='word_1_316' title='bbox 603 2142 741 2169; x_wconf 87' lang='lat' dir='ltr'><strong>demereri</strong></span> <span class='ocrx_word' id='word_1_317' title='bbox 761 2151 768 2169; x_wconf 92' lang='lat'><strong>:</strong></span> <span class='ocrx_word' id='word_1_318' title='bbox 792 2151 824 2170; x_wconf 88' lang='lat' dir='ltr'><strong>ac</strong></span> <span class='ocrx_word' id='word_1_319' title='bbox 840 2151 901 2170; x_wconf 88' lang='lat' dir='ltr'><strong>cum</strong></span> <span class='ocrx_word' id='word_1_320' title='bbox 917 2144 1008 2179; x_wconf 74' lang='lat' dir='ltr'><strong>ingra-</strong></span> 
     </span>
    </p>
   </div>
   <div class='ocr_carea' id='block_1_49' title="bbox 1033 857 1052 884">
    <p class='ocr_par' dir='ltr' id='par_1_49' title="bbox 1033 857 1052 884">
     <span class='ocr_line' id='line_1_49' title="bbox 1033 857 1052 884; baseline 0 0"><span class='ocrx_word' id='word_1_321' title='bbox 1033 857 1052 884; x_wconf 86' lang='grc' dir='ltr'><strong><em>Β</em></strong></span> 
     </span>
    </p>
   </div>
   <div class='ocr_carea' id='block_1_50' title="bbox 1027 1522 1048 1551">
    <p class='ocr_par' dir='ltr' id='par_1_50' title="bbox 1027 1522 1048 1551">
     <span class='ocr_line' id='line_1_50' title="bbox 1027 1522 1048 1551; baseline 0 0"><span class='ocrx_word' id='word_1_322' title='bbox 1027 1522 1048 1551; x_wconf 87' lang='lat' dir='ltr'><strong><em>C</em></strong></span> 
     </span>
    </p>
   </div>
   <div class='ocr_carea' id='block_1_51' title="bbox 1066 216 1852 254">
    <p class='ocr_par' dir='ltr' id='par_1_51' title="bbox 1066 216 1852 254">
     <span class='ocr_line' id='line_1_51' title="bbox 1066 216 1852 254; baseline -0.001 -9"><span class='ocrx_word' id='word_1_323' title='bbox 1066 219 1109 245; x_wconf 77' lang='grc' dir='ltr'>ὅτε</span> <span class='ocrx_word' id='word_1_324' title='bbox 1130 218 1177 245; x_wconf 66' lang='grc' dir='ltr'>καὶ</span> <span class='ocrx_word' id='word_1_325' title='bbox 1193 218 1263 253; x_wconf 78' lang='grc' dir='ltr'>μετὰ</span> <span class='ocrx_word' id='word_1_326' title='bbox 1273 218 1321 253; x_wconf 82' lang='grc' dir='ltr'>τὴν</span> <span class='ocrx_word' id='word_1_327' title='bbox 1337 216 1519 254; x_wconf 59' lang='grc' dir='ltr'>ἀναχώρησιν,</span> <span class='ocrx_word' id='word_1_328' title='bbox 1531 218 1576 243; x_wconf 79' lang='grc' dir='ltr'>καὶ</span> <span class='ocrx_word' id='word_1_329' title='bbox 1588 217 1617 243; x_wconf 78' lang='grc' dir='ltr'>τὸ</span> <span class='ocrx_word' id='word_1_330' title='bbox 1637 218 1715 252; x_wconf 82' lang='grc' dir='ltr'>σῶμα</span> <span class='ocrx_word' id='word_1_331' title='bbox 1724 218 1761 249; x_wconf 83' lang='grc' dir='ltr'>ὠς</span> <span class='ocrx_word' id='word_1_332' title='bbox 1773 218 1810 244; x_wconf 79' lang='grc' dir='ltr'><strong>δεῖ</strong></span> <span class='ocrx_word' id='word_1_333' title='bbox 1820 217 1852 244; x_wconf 81' lang='grc' dir='ltr'>δι’</span> 
     </span>
    </p>
   </div>
   <div class='ocr_carea' id='block_1_52' title="bbox 1067 263 1845 300">
    <p class='ocr_par' dir='ltr' id='par_1_52' title="bbox 1067 263 1845 300">
     <span class='ocr_line' id='line_1_52' title="bbox 1067 263 1845 300; baseline -0.001 -8"><span class='ocrx_word' id='word_1_334' title='bbox 1067 265 1229 300; x_wconf 73' lang='grc' dir='ltr'>ἐγκρατείας</span> <span class='ocrx_word' id='word_1_335' title='bbox 1251 265 1376 300; x_wconf 72' lang='grc' dir='ltr'><strong>μαραίνει</strong></span> <span class='ocrx_word' id='word_1_336' title='bbox 1387 273 1393 279; x_wconf 93' lang='grc'><strong>·</strong></span> <span class='ocrx_word' id='word_1_337' title='bbox 1409 264 1462 290; x_wconf 85' lang='grc' dir='ltr'><strong>τῶν</strong></span> <span class='ocrx_word' id='word_1_338' title='bbox 1477 264 1504 290; x_wconf 80' lang='grc' dir='ltr'><strong>δὲ</strong></span> <span class='ocrx_word' id='word_1_339' title='bbox 1517 263 1675 299; x_wconf 76' lang='grc' dir='ltr'>χρημάτων,</span> <span class='ocrx_word' id='word_1_340' title='bbox 1694 265 1740 291; x_wconf 85' lang='grc' dir='ltr'>ὅτε</span> <span class='ocrx_word' id='word_1_341' title='bbox 1758 265 1845 292; x_wconf 74' lang='grc' dir='ltr'>πείθει</span> 
     </span>
    </p>
   </div>
   <div class='ocr_carea' id='block_1_53' title="bbox 1066 309 1850 345">
    <p class='ocr_par' dir='ltr' id='par_1_53' title="bbox 1066 309 1850 345">
     <span class='ocr_line' id='line_1_53' title="bbox 1066 309 1850 345; baseline -0.001 -8"><span class='ocrx_word' id='word_1_342' title='bbox 1066 311 1111 337; x_wconf 74' lang='grc' dir='ltr'>τὸν</span> <span class='ocrx_word' id='word_1_343' title='bbox 1124 310 1252 345; x_wconf 71' lang='grc' dir='ltr'>λογισμὸν</span> <span class='ocrx_word' id='word_1_344' title='bbox 1274 311 1302 336; x_wconf 82' lang='grc' dir='ltr'>ὲν</span> <span class='ocrx_word' id='word_1_345' title='bbox 1324 310 1406 336; x_wconf 77' lang='grc' dir='ltr'>παντὶ</span> <span class='ocrx_word' id='word_1_346' title='bbox 1419 311 1451 345; x_wconf 83' lang='grc' dir='ltr'>τῇ</span> <span class='ocrx_word' id='word_1_347' title='bbox 1465 309 1616 344; x_wconf 72' lang='grc' dir='ltr'><strong>αὐταρκείᾳ</strong></span> <span class='ocrx_word' id='word_1_348' title='bbox 1632 310 1774 345; x_wconf 74' lang='grc' dir='ltr'>στοιχῆσαι</span> <span class='ocrx_word' id='word_1_349' title='bbox 1787 318 1793 324; x_wconf 90' lang='grc'><strong><em>“</em></strong></span> <span class='ocrx_word' id='word_1_350' title='bbox 1803 312 1850 345; x_wconf 79' lang='grc' dir='ltr'>τῆς</span> 
     </span>
    </p>
   </div>
   <div class='ocr_carea' id='block_1_54' title="bbox 1066 355 1852 391">
    <p class='ocr_par' dir='ltr' id='par_1_54' title="bbox 1066 355 1852 391">
     <span class='ocr_line' id='line_1_54' title="bbox 1066 355 1852 391; baseline -0.001 -8"><span class='ocrx_word' id='word_1_351' title='bbox 1066 357 1094 383; x_wconf 80' lang='grc' dir='ltr'><strong>δὲ</strong></span> <span class='ocrx_word' id='word_1_352' title='bbox 1113 357 1204 391; x_wconf 75' lang='grc' dir='ltr'>δόξης,</span> <span class='ocrx_word' id='word_1_353' title='bbox 1219 356 1264 382; x_wconf 83' lang='grc' dir='ltr'>ὅτε</span> <span class='ocrx_word' id='word_1_354' title='bbox 1281 356 1330 391; x_wconf 85' lang='grc' dir='ltr'>τὴν</span> <span class='ocrx_word' id='word_1_355' title='bbox 1352 356 1475 391; x_wconf 82' lang='grc' dir='ltr'>κρυπτὴν</span> <span class='ocrx_word' id='word_1_356' title='bbox 1511 356 1650 390; x_wconf 80' lang='grc' dir='ltr'><strong>ἀγαπήσει</strong></span> <span class='ocrx_word' id='word_1_357' title='bbox 1670 355 1724 382; x_wconf 81' lang='grc' dir='ltr'><strong>τῶν</strong></span> <span class='ocrx_word' id='word_1_358' title='bbox 1749 355 1852 391; x_wconf 84' lang='grc' dir='ltr'>ἀρετῶν</span> 
     </span>
    </p>
   </div>
   <div class='ocr_carea' id='block_1_55' title="bbox 1067 401 1852 438">
    <p class='ocr_par' dir='ltr' id='par_1_55' title="bbox 1067 401 1852 438">
     <span class='ocr_line' id='line_1_55' title="bbox 1067 401 1852 438; baseline -0.001 -10"><span class='ocrx_word' id='word_1_359' title='bbox 1067 403 1209 438; x_wconf 79' lang='grc' dir='ltr'>ἐργασίαν,</span> <span class='ocrx_word' id='word_1_360' title='bbox 1230 402 1276 428; x_wconf 76' lang='grc' dir='ltr'>καὶ</span> <span class='ocrx_word' id='word_1_361' title='bbox 1293 401 1352 437; x_wconf 85' lang='grc' dir='ltr'><strong>Θεῷ</strong></span> <span class='ocrx_word' id='word_1_362' title='bbox 1375 401 1541 436; x_wconf 84' lang='grc' dir='ltr'>φαινομένην</span> <span class='ocrx_word' id='word_1_363' title='bbox 1564 401 1649 436; x_wconf 86' lang='grc' dir='ltr'><strong>μόνῳ·</strong></span> <span class='ocrx_word' id='word_1_364' title='bbox 1668 401 1716 428; x_wconf 75' lang='grc' dir='ltr'><strong>καὶ</strong></span> <span class='ocrx_word' id='word_1_365' title='bbox 1736 401 1782 427; x_wconf 68' lang='grc' dir='ltr'><strong>ἐπὶ</strong></span> <span class='ocrx_word' id='word_1_366' title='bbox 1799 402 1852 428; x_wconf 79' lang='grc' dir='ltr'><strong>τῶν</strong></span> 
     </span>
    </p>
   </div>
   <div class='ocr_carea' id='block_1_56' title="bbox 1067 446 1852 482">
    <p class='ocr_par' dir='ltr' id='par_1_56' title="bbox 1067 446 1852 482">
     <span class='ocr_line' id='line_1_56' title="bbox 1067 446 1852 482; baseline -0.003 -8"><span class='ocrx_word' id='word_1_367' title='bbox 1067 448 1154 474; x_wconf 81' lang='grc' dir='ltr'>ἄλλων</span> <span class='ocrx_word' id='word_1_368' title='bbox 1174 447 1321 478; x_wconf 84' lang='grc' dir='ltr'><strong>ὡσαύτως·</strong></span> <span class='ocrx_word' id='word_1_369' title='bbox 1341 448 1355 473; x_wconf 87' lang='grc' dir='ltr'>ὁ</span> <span class='ocrx_word' id='word_1_370' title='bbox 1371 447 1400 473; x_wconf 79' lang='grc' dir='ltr'>δὲ</span> <span class='ocrx_word' id='word_1_371' title='bbox 1415 447 1518 474; x_wconf 79' lang='grc' dir='ltr'>τούτων</span> <span class='ocrx_word' id='word_1_372' title='bbox 1536 447 1718 482; x_wconf 82' lang='grc' dir='ltr'>περιφρονῶν,</span> <span class='ocrx_word' id='word_1_373' title='bbox 1732 446 1792 473; x_wconf 76' lang='grc' dir='ltr'>οὐδὲ</span> <span class='ocrx_word' id='word_1_374' title='bbox 1813 448 1852 478; x_wconf 79' lang='grc' dir='ltr'>εἰς</span> 
     </span>
    </p>
   </div>
   <div class='ocr_carea' id='block_1_57' title="bbox 1069 493 1439 529">
    <p class='ocr_par' dir='ltr' id='par_1_57' title="bbox 1069 493 1439 529">
     <span class='ocr_line' id='line_1_57' title="bbox 1069 493 1439 529; baseline -0.005 -8"><span class='ocrx_word' id='word_1_375' title='bbox 1069 495 1145 529; x_wconf 74' lang='grc' dir='ltr'>μῖσός</span> <span class='ocrx_word' id='word_1_376' title='bbox 1161 502 1233 525; x_wconf 86' lang='grc' dir='ltr'>τινος</span> <span class='ocrx_word' id='word_1_377' title='bbox 1247 493 1354 529; x_wconf 68' lang='grc' dir='ltr'>ἔρχεταί</span> <span class='ocrx_word' id='word_1_378' title='bbox 1375 501 1439 519; x_wconf 80' lang='grc' dir='ltr'>ποτε</span> 
     </span>
    </p>
   </div>
   <div class='ocr_carea' id='block_1_58' title="bbox 1105 635 1850 674">
    <p class='ocr_par' dir='ltr' id='par_1_58' title="bbox 1105 635 1850 674">
     <span class='ocr_line' id='line_1_58' title="bbox 1105 635 1850 674; baseline -0.007 -7"><span class='ocrx_word' id='word_1_379' title='bbox 1105 643 1136 667; x_wconf 90' lang='grc' dir='ltr'><strong>ν’.</strong></span> <span class='ocrx_word' id='word_1_380' title='bbox 1164 640 1192 666; x_wconf 89' lang='lat'><strong>&#39;0</strong></span> <span class='ocrx_word' id='word_1_381' title='bbox 1208 639 1257 674; x_wconf 74' lang='grc' dir='ltr'><strong>μὲν</strong></span> <span class='ocrx_word' id='word_1_382' title='bbox 1267 640 1323 670; x_wconf 84' lang='grc' dir='ltr'>τοῖς</span> <span class='ocrx_word' id='word_1_383' title='bbox 1335 638 1494 673; x_wconf 81' lang='grc' dir='ltr'>πράγμασιν</span> <span class='ocrx_word' id='word_1_384' title='bbox 1518 637 1733 672; x_wconf 76' lang='grc' dir='ltr'><strong>ἀποταξάμενος,</strong></span> <span class='ocrx_word' id='word_1_385' title='bbox 1749 635 1804 663; x_wconf 75' lang='grc' dir='ltr'>οἷον</span> <span class='ocrx_word' id='word_1_386' title='bbox 1818 638 1850 673; x_wconf 79' lang='grc' dir='ltr'><strong>τῇ</strong></span> 
     </span>
    </p>
   </div>
   <div class='ocr_carea' id='block_1_59' title="bbox 1069 683 1851 720">
    <p class='ocr_par' dir='ltr' id='par_1_59' title="bbox 1069 683 1851 720">
     <span class='ocr_line' id='line_1_59' title="bbox 1069 683 1851 720; baseline -0.004 -8"><span class='ocrx_word' id='word_1_387' title='bbox 1069 687 1178 720; x_wconf 75' lang='grc' dir='ltr'>γυναικὶ</span> <span class='ocrx_word' id='word_1_388' title='bbox 1202 688 1250 712; x_wconf 70' lang='grc' dir='ltr'><strong>καὶ</strong></span> <span class='ocrx_word' id='word_1_389' title='bbox 1271 686 1327 716; x_wconf 77' lang='grc' dir='ltr'>τοῖς</span> <span class='ocrx_word' id='word_1_390' title='bbox 1351 685 1485 719; x_wconf 78' lang='grc' dir='ltr'>χρήμασι,</span> <span class='ocrx_word' id='word_1_391' title='bbox 1507 684 1554 710; x_wconf 78' lang='grc' dir='ltr'><strong>καὶ</strong></span> <span class='ocrx_word' id='word_1_392' title='bbox 1574 685 1628 715; x_wconf 74' lang='grc' dir='ltr'>τοῖς</span> <span class='ocrx_word' id='word_1_393' title='bbox 1648 683 1722 718; x_wconf 74' lang='grc' dir='ltr'>ἑξῆς,</span> <span class='ocrx_word' id='word_1_394' title='bbox 1739 684 1786 710; x_wconf 76' lang='grc' dir='ltr'>τὸν</span> <span class='ocrx_word' id='word_1_395' title='bbox 1800 683 1851 716; x_wconf 76' lang='grc' dir='ltr'><strong>ἔξω</strong></span> 
     </span>
    </p>
   </div>
   <div class='ocr_carea' id='block_1_60' title="bbox 1068 729 1849 768">
    <p class='ocr_par' dir='ltr' id='par_1_60' title="bbox 1068 729 1849 768">
     <span class='ocr_line' id='line_1_60' title="bbox 1068 729 1849 768; baseline -0.005 -8"><span class='ocrx_word' id='word_1_396' title='bbox 1068 733 1210 768; x_wconf 77' lang='grc' dir='ltr'>ἄνθρωπον</span> <span class='ocrx_word' id='word_1_397' title='bbox 1225 731 1336 767; x_wconf 75' lang='grc' dir='ltr'>ἐποίησε</span> <span class='ocrx_word' id='word_1_398' title='bbox 1358 730 1487 766; x_wconf 68' lang='grc' dir='ltr'>μοναχὸν·</span> <span class='ocrx_word' id='word_1_399' title='bbox 1503 729 1580 757; x_wconf 76' lang='grc' dir='ltr'>οὔπω</span> <span class='ocrx_word' id='word_1_400' title='bbox 1608 730 1637 756; x_wconf 78' lang='grc' dir='ltr'><strong>δὲ</strong></span> <span class='ocrx_word' id='word_1_401' title='bbox 1653 731 1699 756; x_wconf 72' lang='grc' dir='ltr'><strong>καὶ</strong></span> <span class='ocrx_word' id='word_1_402' title='bbox 1721 730 1766 755; x_wconf 71' lang='grc' dir='ltr'>τὸν</span> <span class='ocrx_word' id='word_1_403' title='bbox 1787 729 1849 756; x_wconf 73' lang='grc' dir='ltr'>ἔσω.</span> 
     </span>
    </p>
   </div>
   <div class='ocr_carea' id='block_1_61' title="bbox 1074 774 1851 811">
    <p class='ocr_par' dir='ltr' id='par_1_61' title="bbox 1074 774 1851 811">
     <span class='ocr_line' id='line_1_61' title="bbox 1074 774 1851 811; baseline -0.005 -7"><span class='ocrx_word' id='word_1_404' title='bbox 1074 778 1103 804; x_wconf 87' lang='lat' dir='ltr'><strong>&#39;O</strong></span> <span class='ocrx_word' id='word_1_405' title='bbox 1124 778 1152 804; x_wconf 76' lang='grc' dir='ltr'><strong>δὲ</strong></span> <span class='ocrx_word' id='word_1_406' title='bbox 1176 779 1231 809; x_wconf 81' lang='grc' dir='ltr'>τοῖς</span> <span class='ocrx_word' id='word_1_407' title='bbox 1246 777 1347 803; x_wconf 84' lang='grc' dir='ltr'>τούτων</span> <span class='ocrx_word' id='word_1_408' title='bbox 1373 776 1507 811; x_wconf 79' lang='grc' dir='ltr'>ὲμπαοὲσι</span> <span class='ocrx_word' id='word_1_409' title='bbox 1530 777 1655 810; x_wconf 83' lang='grc' dir='ltr'>νοήμασι,</span> <span class='ocrx_word' id='word_1_410' title='bbox 1674 775 1719 801; x_wconf 84' lang='grc' dir='ltr'>τὸν</span> <span class='ocrx_word' id='word_1_411' title='bbox 1737 775 1792 801; x_wconf 77' lang='grc' dir='ltr'>ἔσω</span> <span class='ocrx_word' id='word_1_412' title='bbox 1805 774 1851 801; x_wconf 83' lang='grc' dir='ltr'><strong>ἄν·</strong></span> 
     </span>
    </p>
   </div>
   <div class='ocr_carea' id='block_1_62' title="bbox 1069 821 1847 858">
    <p class='ocr_par' dir='ltr' id='par_1_62' title="bbox 1069 821 1847 858">
     <span class='ocr_line' id='line_1_62' title="bbox 1069 821 1847 858; baseline -0.005 -9"><span class='ocrx_word' id='word_1_413' title='bbox 1069 823 1187 858; x_wconf 77' lang='grc' dir='ltr'>θρωπον,</span> <span class='ocrx_word' id='word_1_414' title='bbox 1209 823 1221 849; x_wconf 73' lang='grc' dir='ltr'><strong>δ</strong></span> <span class='ocrx_word' id='word_1_415' title='bbox 1241 824 1315 848; x_wconf 77' lang='grc' dir='ltr'>ἐστιν</span> <span class='ocrx_word' id='word_1_416' title='bbox 1328 823 1341 849; x_wconf 83' lang='grc' dir='ltr'>ὁ</span> <span class='ocrx_word' id='word_1_417' title='bbox 1357 822 1429 853; x_wconf 75' lang='grc' dir='ltr'>νοῦς.</span> <span class='ocrx_word' id='word_1_418' title='bbox 1445 823 1496 848; x_wconf 76' lang='grc' dir='ltr'><strong>Καὶ</strong></span> <span class='ocrx_word' id='word_1_419' title='bbox 1506 822 1551 848; x_wconf 75' lang='grc' dir='ltr'>τδν</span> <span class='ocrx_word' id='word_1_420' title='bbox 1570 821 1619 856; x_wconf 87' lang='grc' dir='ltr'>μὲν</span> <span class='ocrx_word' id='word_1_421' title='bbox 1633 821 1684 852; x_wconf 81' lang='grc' dir='ltr'><strong>ἔξω</strong></span> <span class='ocrx_word' id='word_1_422' title='bbox 1697 821 1847 855; x_wconf 76' lang='grc' dir='ltr'>ἄνθρωπον,</span> 
     </span>
    </p>
   </div>
   <div class='ocr_carea' id='block_1_63' title="bbox 1068 866 1849 903">
    <p class='ocr_par' dir='ltr' id='par_1_63' title="bbox 1068 866 1849 903">
     <span class='ocr_line' id='line_1_63' title="bbox 1068 866 1849 903; baseline -0.003 -8"><span class='ocrx_word' id='word_1_423' title='bbox 1068 869 1186 900; x_wconf 71' lang='grc' dir='ltr'>εὐκόλως</span> <span class='ocrx_word' id='word_1_424' title='bbox 1201 878 1242 900; x_wconf 89' lang='grc' dir='ltr'><strong>τις</strong></span> <span class='ocrx_word' id='word_1_425' title='bbox 1258 869 1329 894; x_wconf 81' lang='grc' dir='ltr'>ποιεῖ</span> <span class='ocrx_word' id='word_1_426' title='bbox 1358 867 1484 903; x_wconf 73' lang='grc' dir='ltr'>μοναχὸν,</span> <span class='ocrx_word' id='word_1_427' title='bbox 1503 867 1582 902; x_wconf 85' lang='grc' dir='ltr'>μόνον</span> <span class='ocrx_word' id='word_1_428' title='bbox 1604 867 1651 893; x_wconf 76' lang='grc' dir='ltr'>ἐὰν</span> <span class='ocrx_word' id='word_1_429' title='bbox 1669 866 1786 902; x_wconf 78' lang='grc' dir='ltr'>θελήσῃ·</span> <span class='ocrx_word' id='word_1_430' title='bbox 1800 866 1849 893; x_wconf 77' lang='grc' dir='ltr'><strong>οὐκ</strong></span> 
     </span>
    </p>
   </div>
   <div class='ocr_carea' id='block_1_64' title="bbox 1067 912 1848 950">
    <p class='ocr_par' dir='ltr' id='par_1_64' title="bbox 1067 912 1848 950">
     <span class='ocr_line' id='line_1_64' title="bbox 1067 912 1848 950; baseline -0.004 -8"><span class='ocrx_word' id='word_1_431' title='bbox 1067 915 1157 950; x_wconf 85' lang='grc' dir='ltr'>ὀλίγος</span> <span class='ocrx_word' id='word_1_432' title='bbox 1172 915 1200 942; x_wconf 83' lang='grc' dir='ltr'><strong>δὲ</strong></span> <span class='ocrx_word' id='word_1_433' title='bbox 1213 914 1296 949; x_wconf 84' lang='grc' dir='ltr'>ἀγὼν,</span> <span class='ocrx_word' id='word_1_434' title='bbox 1315 915 1360 941; x_wconf 83' lang='grc' dir='ltr'>τὸν</span> <span class='ocrx_word' id='word_1_435' title='bbox 1373 914 1426 940; x_wconf 77' lang='grc' dir='ltr'><strong>ἔσω</strong></span> <span class='ocrx_word' id='word_1_436' title='bbox 1443 914 1586 950; x_wconf 79' lang='grc' dir='ltr'>ἄνθρωπον</span> <span class='ocrx_word' id='word_1_437' title='bbox 1597 913 1706 947; x_wconf 81' lang='grc' dir='ltr'>ποιῆσαι</span> <span class='ocrx_word' id='word_1_438' title='bbox 1725 912 1848 947; x_wconf 83' lang='grc' dir='ltr'>μοναχόν.</span> 
     </span>
    </p>
   </div>
   <div class='ocr_carea' id='block_1_65' title="bbox 1101 1043 1850 1080">
    <p class='ocr_par' dir='ltr' id='par_1_65' title="bbox 1101 1043 1850 1080">
     <span class='ocr_line' id='line_1_65' title="bbox 1101 1043 1850 1080; baseline -0.005 -8"><span class='ocrx_word' id='word_1_439' title='bbox 1101 1049 1152 1072; x_wconf 89' lang='grc' dir='ltr'>να’.</span> <span class='ocrx_word' id='word_1_440' title='bbox 1172 1045 1220 1077; x_wconf 82' lang='grc' dir='ltr'>Τίς</span> <span class='ocrx_word' id='word_1_441' title='bbox 1238 1045 1292 1080; x_wconf 81' lang='grc' dir='ltr'>ἄρα</span> <span class='ocrx_word' id='word_1_442' title='bbox 1307 1044 1378 1071; x_wconf 72' lang='grc' dir='ltr'>ἐστὶν</span> <span class='ocrx_word' id='word_1_443' title='bbox 1393 1045 1422 1070; x_wconf 85' lang='grc' dir='ltr'>ὲν</span> <span class='ocrx_word' id='word_1_444' title='bbox 1432 1045 1464 1079; x_wconf 83' lang='grc' dir='ltr'>τῇ</span> <span class='ocrx_word' id='word_1_445' title='bbox 1479 1045 1560 1079; x_wconf 80' lang='grc' dir='ltr'>γενεᾷ</span> <span class='ocrx_word' id='word_1_446' title='bbox 1572 1043 1668 1079; x_wconf 83' lang='grc' dir='ltr'>ταῦτῃ,</span> <span class='ocrx_word' id='word_1_447' title='bbox 1680 1044 1694 1070; x_wconf 89' lang='grc' dir='ltr'>ὁ</span> <span class='ocrx_word' id='word_1_448' title='bbox 1710 1043 1850 1069; x_wconf 75' lang='grc' dir='ltr'>παντάπα-</span> 
     </span>
    </p>
   </div>
   <div class='ocr_carea' id='block_1_66' title="bbox 1069 1086 1850 1124">
    <p class='ocr_par' dir='ltr' id='par_1_66' title="bbox 1069 1086 1850 1124">
     <span class='ocr_line' id='line_1_66' title="bbox 1069 1086 1850 1124; baseline -0.005 -8"><span class='ocrx_word' id='word_1_449' title='bbox 1069 1098 1110 1116; x_wconf 81' lang='grc' dir='ltr'><strong>σιν</strong></span> <span class='ocrx_word' id='word_1_450' title='bbox 1124 1089 1290 1123; x_wconf 76' lang='grc' dir='ltr'>ἀπαλλαγεὶς</span> <span class='ocrx_word' id='word_1_451' title='bbox 1310 1088 1442 1124; x_wconf 78' lang='grc' dir='ltr'>ὲμπαθῶν</span> <span class='ocrx_word' id='word_1_452' title='bbox 1456 1089 1609 1123; x_wconf 79' lang='grc' dir='ltr'>νοημάτων,</span> <span class='ocrx_word' id='word_1_453' title='bbox 1633 1087 1680 1113; x_wconf 73' lang='grc' dir='ltr'><strong>καὶ</strong></span> <span class='ocrx_word' id='word_1_454' title='bbox 1700 1087 1750 1122; x_wconf 81' lang='grc' dir='ltr'>τῆς</span> <span class='ocrx_word' id='word_1_455' title='bbox 1765 1086 1850 1112; x_wconf 61' lang='grc' dir='ltr'>καθα-</span> 
     </span>
    </p>
   </div>
   <div class='ocr_carea' id='block_1_67' title="bbox 1070 1131 1850 1171">
    <p class='ocr_par' dir='ltr' id='par_1_67' title="bbox 1070 1131 1850 1171">
     <span class='ocr_line' id='line_1_67' title="bbox 1070 1131 1850 1171; baseline -0.005 -9"><span class='ocrx_word' id='word_1_456' title='bbox 1070 1136 1118 1171; x_wconf 82' lang='grc' dir='ltr'>ρᾶς</span> <span class='ocrx_word' id='word_1_457' title='bbox 1145 1135 1192 1162; x_wconf 58' lang='grc' dir='ltr'><strong>καὶ⁸</strong></span> <span class='ocrx_word' id='word_1_458' title='bbox 1214 1135 1297 1162; x_wconf 83' lang='grc' dir='ltr'>ἀΰλου</span> <span class='ocrx_word' id='word_1_459' title='bbox 1318 1134 1497 1166; x_wconf 67' lang='grc' dir='ltr'>καταξιωθεὶς</span> <span class='ocrx_word' id='word_1_460' title='bbox 1517 1133 1688 1169; x_wconf 80' lang='grc' dir='ltr'>προσευχῆς·</span> <span class='ocrx_word' id='word_1_461' title='bbox 1705 1133 1773 1167; x_wconf 84' lang='grc' dir='ltr'>ὅπερ</span> <span class='ocrx_word' id='word_1_462' title='bbox 1791 1131 1850 1158; x_wconf 76' lang='grc' dir='ltr'>ἐστὶ</span> 
     </span>
    </p>
   </div>
   <div class='ocr_carea' id='block_1_68' title="bbox 1069 1179 1482 1217">
    <p class='ocr_par' dir='ltr' id='par_1_68' title="bbox 1069 1179 1482 1217">
     <span class='ocr_line' id='line_1_68' title="bbox 1069 1179 1482 1217; baseline -0.007 -9"><span class='ocrx_word' id='word_1_463' title='bbox 1069 1183 1182 1217; x_wconf 86' lang='grc' dir='ltr'>σημεῖον</span> <span class='ocrx_word' id='word_1_464' title='bbox 1195 1181 1242 1208; x_wconf 85' lang='grc' dir='ltr'>τοῦ</span> <span class='ocrx_word' id='word_1_465' title='bbox 1257 1181 1330 1208; x_wconf 80' lang='grc' dir='ltr'>ἔνδον</span> <span class='ocrx_word' id='word_1_466' title='bbox 1345 1179 1461 1216; x_wconf 82' lang='grc' dir='ltr'>μοναχοῦ</span> <span class='ocrx_word' id='word_1_467' title='bbox 1474 1188 1482 1213; x_wconf 83' lang='lat'>;</span> 
     </span>
    </p>
   </div>
   <div class='ocr_carea' id='block_1_69' title="bbox 1101 1264 1850 1303">
    <p class='ocr_par' dir='ltr' id='par_1_69' title="bbox 1101 1264 1850 1303">
     <span class='ocr_line' id='line_1_69' title="bbox 1101 1264 1850 1303; baseline -0.007 -7"><span class='ocrx_word' id='word_1_468' title='bbox 1101 1268 1151 1303; x_wconf 69' lang='grc' dir='ltr'><strong>νβ’.</strong></span> <span class='ocrx_word' id='word_1_469' title='bbox 1172 1268 1260 1295; x_wconf 84' lang='grc' dir='ltr'>Πολλὰ</span> <span class='ocrx_word' id='word_1_470' title='bbox 1286 1267 1359 1303; x_wconf 79' lang='grc' dir='ltr'>πάθη</span> <span class='ocrx_word' id='word_1_471' title='bbox 1382 1268 1411 1294; x_wconf 82' lang='grc' dir='ltr'>ὲν</span> <span class='ocrx_word' id='word_1_472' title='bbox 1435 1268 1496 1298; x_wconf 82' lang='grc' dir='ltr'>ταῖς</span> <span class='ocrx_word' id='word_1_473' title='bbox 1519 1266 1618 1301; x_wconf 79' lang='grc' dir='ltr'>ψυχαῖς</span> <span class='ocrx_word' id='word_1_474' title='bbox 1645 1265 1722 1302; x_wconf 78' lang='grc' dir='ltr'>ἡμῶν</span> <span class='ocrx_word' id='word_1_475' title='bbox 1749 1264 1850 1300; x_wconf 71' lang='grc' dir='ltr'>κέκρυο</span> 
     </span>
    </p>
   </div>
   <div class='ocr_carea' id='block_1_70' title="bbox 1067 1311 1849 1350">
    <p class='ocr_par' dir='ltr' id='par_1_70' title="bbox 1067 1311 1849 1350">
     <span class='ocr_line' id='line_1_70' title="bbox 1067 1311 1849 1350; baseline -0.006 -9"><span class='ocrx_word' id='word_1_476' title='bbox 1067 1323 1133 1341; x_wconf 86' lang='grc' dir='ltr'>πται</span> <span class='ocrx_word' id='word_1_477' title='bbox 1149 1313 1221 1350; x_wconf 71' lang='grc'><strong>(40)·</strong></span> <span class='ocrx_word' id='word_1_478' title='bbox 1235 1314 1295 1340; x_wconf 83' lang='grc' dir='ltr'>τότε</span> <span class='ocrx_word' id='word_1_479' title='bbox 1321 1313 1348 1339; x_wconf 78' lang='grc' dir='ltr'><strong>δὲ</strong></span> <span class='ocrx_word' id='word_1_480' title='bbox 1376 1312 1542 1347; x_wconf 76' lang='grc' dir='ltr'>ἐλέγχονται,</span> <span class='ocrx_word' id='word_1_481' title='bbox 1559 1312 1622 1338; x_wconf 74' lang='grc' dir='ltr'>ὅταν</span> <span class='ocrx_word' id='word_1_482' title='bbox 1644 1311 1677 1337; x_wconf 80' lang='grc' dir='ltr'><strong>τὰ</strong></span> <span class='ocrx_word' id='word_1_483' title='bbox 1701 1311 1849 1346; x_wconf 81' lang='grc' dir='ltr'>πράγματα</span> 
     </span>
    </p>
   </div>
   <div class='ocr_carea' id='block_1_71' title="bbox 1067 1359 1606 1398">
    <p class='ocr_par' dir='ltr' id='par_1_71' title="bbox 1067 1359 1606 1398">
     <span class='ocr_line' id='line_1_71' title="bbox 1067 1359 1606 1398; baseline -0.009 -12"><span class='ocrx_word' id='word_1_484' title='bbox 1067 1359 1265 1393; x_wconf 81' lang='grc' dir='ltr'>ἁναφαίνωντα.</span> <span class='ocrx_word' id='word_1_485' title='bbox 1598 1391 1606 1398; x_wconf 47' lang='grc'><strong>⁸</strong></span> 
     </span>
    </p>
   </div>
   <div class='ocr_carea' id='block_1_72' title="bbox 1102 1402 1848 1440">
    <p class='ocr_par' dir='ltr' id='par_1_72' title="bbox 1102 1402 1848 1440">
     <span class='ocr_line' id='line_1_72' title="bbox 1102 1402 1848 1440; baseline -0.005 -8"><span class='ocrx_word' id='word_1_486' title='bbox 1102 1409 1151 1440; x_wconf 84' lang='grc' dir='ltr'>νγ’.</span> <span class='ocrx_word' id='word_1_487' title='bbox 1172 1404 1288 1431; x_wconf 79' lang='grc' dir='ltr'>Δύναται</span> <span class='ocrx_word' id='word_1_488' title='bbox 1305 1413 1345 1435; x_wconf 80' lang='grc' dir='ltr'><strong>τις</strong></span> <span class='ocrx_word' id='word_1_489' title='bbox 1363 1404 1400 1440; x_wconf 84' lang='grc' dir='ltr'>μὴ</span> <span class='ocrx_word' id='word_1_490' title='bbox 1416 1403 1553 1439; x_wconf 74' lang='grc' dir='ltr'>ὀχλεῖσθαι</span> <span class='ocrx_word' id='word_1_491' title='bbox 1570 1403 1622 1430; x_wconf 83' lang='grc' dir='ltr'><strong>ὑπὸ</strong></span> <span class='ocrx_word' id='word_1_492' title='bbox 1651 1402 1745 1429; x_wconf 81' lang='grc' dir='ltr'>παθῶν</span> <span class='ocrx_word' id='word_1_493' title='bbox 1768 1403 1797 1429; x_wconf 85' lang='grc' dir='ltr'>ὲν</span> <span class='ocrx_word' id='word_1_494' title='bbox 1815 1404 1848 1438; x_wconf 74' lang='grc' dir='ltr'>τῇ</span> 
     </span>
    </p>
   </div>
   <div class='ocr_carea' id='block_1_73' title="bbox 1066 1448 1848 1486">
    <p class='ocr_par' dir='ltr' id='par_1_73' title="bbox 1066 1448 1848 1486">
     <span class='ocr_line' id='line_1_73' title="bbox 1066 1448 1848 1486; baseline -0.004 -9"><span class='ocrx_word' id='word_1_495' title='bbox 1066 1451 1119 1477; x_wconf 77' lang='grc' dir='ltr'><strong>τῶν</strong></span> <span class='ocrx_word' id='word_1_496' title='bbox 1134 1450 1303 1486; x_wconf 84' lang='grc' dir='ltr'>πραγμάτων</span> <span class='ocrx_word' id='word_1_497' title='bbox 1314 1449 1443 1485; x_wconf 73' lang='grc' dir='ltr'>ἀπουσίᾳ,</span> <span class='ocrx_word' id='word_1_498' title='bbox 1463 1451 1579 1485; x_wconf 81' lang='grc' dir='ltr'>μερικῆς</span> <span class='ocrx_word' id='word_1_499' title='bbox 1593 1448 1681 1484; x_wconf 85' lang='grc' dir='ltr'>τυχὼν</span> <span class='ocrx_word' id='word_1_500' title='bbox 1696 1448 1848 1480; x_wconf 85' lang='grc' dir='ltr'><strong>ἀπαθείας·</strong></span> 
     </span>
    </p>
   </div>
   <div class='ocr_carea' id='block_1_74' title="bbox 1067 1494 1850 1531">
    <p class='ocr_par' dir='ltr' id='par_1_74' title="bbox 1067 1494 1850 1531">
     <span class='ocr_line' id='line_1_74' title="bbox 1067 1494 1850 1531; baseline -0.004 -8"><span class='ocrx_word' id='word_1_501' title='bbox 1067 1497 1116 1523; x_wconf 75' lang='grc' dir='ltr'>ἐὰν</span> <span class='ocrx_word' id='word_1_502' title='bbox 1130 1497 1159 1523; x_wconf 80' lang='grc' dir='ltr'><strong>δὲ</strong></span> <span class='ocrx_word' id='word_1_503' title='bbox 1175 1496 1333 1528; x_wconf 79' lang='grc' dir='ltr'>ἀναφανῶσι</span> <span class='ocrx_word' id='word_1_504' title='bbox 1346 1496 1381 1523; x_wconf 82' lang='grc' dir='ltr'><strong>τὰ</strong></span> <span class='ocrx_word' id='word_1_505' title='bbox 1396 1496 1556 1531; x_wconf 77' lang='grc' dir='ltr'>πράγματα,</span> <span class='ocrx_word' id='word_1_506' title='bbox 1575 1495 1656 1526; x_wconf 76' lang='grc' dir='ltr'>εὐθὺς</span> <span class='ocrx_word' id='word_1_507' title='bbox 1669 1494 1703 1521; x_wconf 75' lang='grc' dir='ltr'><strong>τὰ</strong></span> <span class='ocrx_word' id='word_1_508' title='bbox 1717 1495 1792 1529; x_wconf 77' lang='grc' dir='ltr'>πάθη</span> <span class='ocrx_word' id='word_1_509' title='bbox 1803 1494 1850 1520; x_wconf 78' lang='grc' dir='ltr'>τὸν</span> 
     </span>
    </p>
   </div>
   <div class='ocr_carea' id='block_1_75' title="bbox 1066 1541 1313 1578">
    <p class='ocr_par' dir='ltr' id='par_1_75' title="bbox 1066 1541 1313 1578">
     <span class='ocr_line' id='line_1_75' title="bbox 1066 1541 1313 1578; baseline 0 -9"><span class='ocrx_word' id='word_1_510' title='bbox 1066 1542 1129 1569; x_wconf 83' lang='grc' dir='ltr'>νοῦν</span> <span class='ocrx_word' id='word_1_511' title='bbox 1146 1541 1313 1578; x_wconf 76' lang='grc' dir='ltr'>περισπῶσι.</span> 
     </span>
    </p>
   </div>
   <div class='ocr_carea' id='block_1_76' title="bbox 1097 1683 1850 1721">
    <p class='ocr_par' dir='ltr' id='par_1_76' title="bbox 1097 1683 1850 1721">
     <span class='ocr_line' id='line_1_76' title="bbox 1097 1683 1850 1721; baseline -0.004 -8"><span class='ocrx_word' id='word_1_512' title='bbox 1097 1687 1143 1713; x_wconf 80' lang='grc' dir='ltr'>νδ’.</span> <span class='ocrx_word' id='word_1_513' title='bbox 1165 1686 1211 1721; x_wconf 85' lang='grc' dir='ltr'><strong>Μὴ</strong></span> <span class='ocrx_word' id='word_1_514' title='bbox 1227 1684 1320 1720; x_wconf 80' lang='grc' dir='ltr'>νόμιζε</span> <span class='ocrx_word' id='word_1_515' title='bbox 1337 1685 1444 1712; x_wconf 85' lang='grc' dir='ltr'>τελείαν</span> <span class='ocrx_word' id='word_1_516' title='bbox 1458 1685 1530 1720; x_wconf 73' lang='grc' dir='ltr'>ἔχειν</span> <span class='ocrx_word' id='word_1_517' title='bbox 1542 1684 1688 1717; x_wconf 74' lang='grc' dir='ltr'>ἀπάθειαν,</span> <span class='ocrx_word' id='word_1_518' title='bbox 1699 1683 1748 1710; x_wconf 78' lang='grc' dir='ltr'>τοῦ</span> <span class='ocrx_word' id='word_1_519' title='bbox 1761 1684 1850 1720; x_wconf 72' lang='grc' dir='ltr'>πραγ-</span> 
     </span>
    </p>
   </div>
   <div class='ocr_carea' id='block_1_77' title="bbox 1064 1729 1850 1767">
    <p class='ocr_par' dir='ltr' id='par_1_77' title="bbox 1064 1729 1850 1767">
     <span class='ocr_line' id='line_1_77' title="bbox 1064 1729 1850 1767; baseline -0.004 -9"><span class='ocrx_word' id='word_1_520' title='bbox 1064 1740 1147 1766; x_wconf 87' lang='grc' dir='ltr'>ματος</span> <span class='ocrx_word' id='word_1_521' title='bbox 1168 1731 1204 1767; x_wconf 85' lang='grc' dir='ltr'>μὴ</span> <span class='ocrx_word' id='word_1_522' title='bbox 1232 1731 1376 1767; x_wconf 81' lang='grc' dir='ltr'>παρόντος.</span> <span class='ocrx_word' id='word_1_523' title='bbox 1393 1731 1478 1758; x_wconf 83' lang='grc' dir='ltr'>’Ὅταν</span> <span class='ocrx_word' id='word_1_524' title='bbox 1493 1730 1522 1757; x_wconf 74' lang='grc' dir='ltr'><strong>δὲ</strong></span> <span class='ocrx_word' id='word_1_525' title='bbox 1533 1731 1615 1765; x_wconf 84' lang='grc' dir='ltr'>φανῇ,</span> <span class='ocrx_word' id='word_1_526' title='bbox 1629 1730 1675 1756; x_wconf 76' lang='grc' dir='ltr'>καὶ</span> <span class='ocrx_word' id='word_1_527' title='bbox 1690 1729 1774 1764; x_wconf 76' lang='grc' dir='ltr'>μένῃς</span> <span class='ocrx_word' id='word_1_528' title='bbox 1788 1729 1850 1756; x_wconf 82' lang='grc' dir='ltr'>ἀκί-</span> 
     </span>
    </p>
   </div>
   <div class='ocr_carea' id='block_1_78' title="bbox 1061 1774 1850 1812">
    <p class='ocr_par' dir='ltr' id='par_1_78' title="bbox 1061 1774 1850 1812">
     <span class='ocr_line' id='line_1_78' title="bbox 1061 1774 1850 1812; baseline -0.004 -9"><span class='ocrx_word' id='word_1_529' title='bbox 1061 1785 1151 1811; x_wconf 83' lang='grc' dir='ltr'>νητος,</span> <span class='ocrx_word' id='word_1_530' title='bbox 1167 1777 1235 1812; x_wconf 81' lang='grc' dir='ltr'>πρός</span> <span class='ocrx_word' id='word_1_531' title='bbox 1251 1785 1280 1802; x_wconf 86' lang='grc' dir='ltr'><strong>τε</strong></span> <span class='ocrx_word' id='word_1_532' title='bbox 1292 1776 1323 1802; x_wconf 77' lang='grc' dir='ltr'>τὸ</span> <span class='ocrx_word' id='word_1_533' title='bbox 1338 1777 1465 1811; x_wconf 78' lang='grc' dir='ltr'>πρᾶγμα,</span> <span class='ocrx_word' id='word_1_534' title='bbox 1480 1777 1526 1801; x_wconf 75' lang='grc' dir='ltr'><strong>καὶ</strong></span> <span class='ocrx_word' id='word_1_535' title='bbox 1536 1776 1585 1810; x_wconf 74' lang='grc' dir='ltr'>τὴν</span> <span class='ocrx_word' id='word_1_536' title='bbox 1600 1774 1668 1810; x_wconf 77' lang='grc' dir='ltr'>μετὰ</span> <span class='ocrx_word' id='word_1_537' title='bbox 1678 1774 1764 1801; x_wconf 83' lang='grc' dir='ltr'>ταῦτα</span> <span class='ocrx_word' id='word_1_538' title='bbox 1781 1775 1850 1809; x_wconf 75' lang='grc' dir='ltr'>μνή-</span> 
     </span>
    </p>
   </div>
   <div class='ocr_carea' id='block_1_79' title="bbox 1062 1823 1850 1859">
    <p class='ocr_par' dir='ltr' id='par_1_79' title="bbox 1062 1823 1850 1859">
     <span class='ocr_line' id='line_1_79' title="bbox 1062 1823 1850 1859; baseline -0.003 -9"><span class='ocrx_word' id='word_1_539' title='bbox 1062 1832 1116 1859; x_wconf 90' lang='grc' dir='ltr'><strong>μην</strong></span> <span class='ocrx_word' id='word_1_540' title='bbox 1144 1823 1238 1856; x_wconf 85' lang='grc' dir='ltr'>αὑτοῦ,</span> <span class='ocrx_word' id='word_1_541' title='bbox 1265 1823 1326 1850; x_wconf 79' lang='grc' dir='ltr'>τότε</span> <span class='ocrx_word' id='word_1_542' title='bbox 1347 1823 1432 1857; x_wconf 84' lang='grc' dir='ltr'>γνῶθι</span> <span class='ocrx_word' id='word_1_543' title='bbox 1461 1824 1575 1849; x_wconf 83' lang='grc' dir='ltr'>σεαυτὸν</span> <span class='ocrx_word' id='word_1_544' title='bbox 1591 1823 1644 1850; x_wconf 84' lang='grc' dir='ltr'><strong>τῶν</strong></span> <span class='ocrx_word' id='word_1_545' title='bbox 1665 1823 1735 1858; x_wconf 80' lang='grc' dir='ltr'>ὅρων</span> <span class='ocrx_word' id='word_1_546' title='bbox 1761 1823 1850 1858; x_wconf 81' lang='grc' dir='ltr'>αὐτῆς</span> 
     </span>
    </p>
   </div>
   <div class='ocr_carea' id='block_1_80' title="bbox 1059 1868 1850 1904">
    <p class='ocr_par' dir='ltr' id='par_1_80' title="bbox 1059 1868 1850 1904">
     <span class='ocr_line' id='line_1_80' title="bbox 1059 1868 1850 1904; baseline 0 -9"><span class='ocrx_word' id='word_1_547' title='bbox 1059 1869 1262 1904; x_wconf 75' lang='grc' dir='ltr'>ὲπιδεὸηκέναι.</span> <span class='ocrx_word' id='word_1_548' title='bbox 1279 1869 1351 1904; x_wconf 85' lang='grc' dir='ltr'>Πλὴν</span> <span class='ocrx_word' id='word_1_549' title='bbox 1367 1869 1434 1904; x_wconf 78' lang='grc' dir='ltr'>μηδὲ</span> <span class='ocrx_word' id='word_1_550' title='bbox 1460 1868 1531 1896; x_wconf 76' lang='grc' dir='ltr'>οὕτω</span> <span class='ocrx_word' id='word_1_551' title='bbox 1545 1869 1763 1904; x_wconf 79' lang='grc' dir='ltr'>καταφρονήσῃς,</span> <span class='ocrx_word' id='word_1_552' title='bbox 1780 1869 1850 1895; x_wconf 76' lang='grc' dir='ltr'>διότι</span> 
     </span>
    </p>
   </div>
   <div class='ocr_carea' id='block_1_81' title="bbox 1059 1914 1848 1951">
    <p class='ocr_par' dir='ltr' id='par_1_81' title="bbox 1059 1914 1848 1951">
     <span class='ocr_line' id='line_1_81' title="bbox 1059 1914 1848 1951; baseline 0 -10"><span class='ocrx_word' id='word_1_553' title='bbox 1059 1915 1143 1950; x_wconf 83' lang='grc' dir='ltr'>ἀρετὴ</span> <span class='ocrx_word' id='word_1_554' title='bbox 1163 1915 1210 1949; x_wconf 76' lang='grc' dir='ltr'>μὲν</span> <span class='ocrx_word' id='word_1_555' title='bbox 1224 1914 1396 1950; x_wconf 73' lang='grc' dir='ltr'>χρονίζουσα,</span> <span class='ocrx_word' id='word_1_556' title='bbox 1411 1916 1503 1951; x_wconf 86' lang='grc' dir='ltr'>νεκροί</span> <span class='ocrx_word' id='word_1_557' title='bbox 1515 1915 1549 1942; x_wconf 79' lang='grc' dir='ltr'>τὰ</span> <span class='ocrx_word' id='word_1_558' title='bbox 1567 1915 1655 1951; x_wconf 79' lang='grc' dir='ltr'>πάθη·</span> <span class='ocrx_word' id='word_1_559' title='bbox 1672 1915 1848 1950; x_wconf 76' lang='grc' dir='ltr'>ἀμελουμένη</span> 
     </span>
    </p>
   </div>
   <div class='ocr_carea' id='block_1_82' title="bbox 1059 1960 1409 1995">
    <p class='ocr_par' dir='ltr' id='par_1_82' title="bbox 1059 1960 1409 1995">
     <span class='ocr_line' id='line_1_82' title="bbox 1059 1960 1409 1995; baseline 0.003 -8"><span class='ocrx_word' id='word_1_560' title='bbox 1059 1960 1098 1993; x_wconf 79' lang='grc' dir='ltr'>δὲ,</span> <span class='ocrx_word' id='word_1_561' title='bbox 1115 1960 1198 1987; x_wconf 76' lang='grc' dir='ltr'>πάλιν</span> <span class='ocrx_word' id='word_1_562' title='bbox 1211 1961 1313 1995; x_wconf 73' lang='grc' dir='ltr'>ἐγείρει</span> <span class='ocrx_word' id='word_1_563' title='bbox 1330 1961 1409 1988; x_wconf 74' lang='grc' dir='ltr'>αὑτά.</span> 
     </span>
    </p>
   </div>
   <div class='ocr_carea' id='block_1_83' title="bbox 1094 2052 1848 2087">
    <p class='ocr_par' dir='ltr' id='par_1_83' title="bbox 1094 2052 1848 2087">
     <span class='ocr_line' id='line_1_83' title="bbox 1094 2052 1848 2087; baseline 0.003 -9"><span class='ocrx_word' id='word_1_564' title='bbox 1094 2055 1141 2079; x_wconf 83' lang='grc' dir='ltr'>νε’.</span> <span class='ocrx_word' id='word_1_565' title='bbox 1168 2052 1197 2078; x_wconf 84' lang='lat'><strong>&#39;0</strong></span> <span class='ocrx_word' id='word_1_566' title='bbox 1214 2052 1329 2086; x_wconf 83' lang='grc' dir='ltr'>ἀγαπῶν</span> <span class='ocrx_word' id='word_1_567' title='bbox 1353 2052 1399 2079; x_wconf 83' lang='grc' dir='ltr'>τὸν</span> <span class='ocrx_word' id='word_1_568' title='bbox 1425 2053 1541 2087; x_wconf 72' lang='grc' dir='ltr'>Χριστὸν</span> <span class='ocrx_word' id='word_1_569' title='bbox 1560 2053 1626 2087; x_wconf 76' lang='grc' dir='ltr'>(Η),</span> <span class='ocrx_word' id='word_1_570' title='bbox 1661 2052 1771 2084; x_wconf 81' lang='grc' dir='ltr'>πάντως</span> <span class='ocrx_word' id='word_1_571' title='bbox 1799 2053 1848 2080; x_wconf 83' lang='grc' dir='ltr'><strong>καὶ</strong></span> 
     </span>
    </p>
   </div>
   <div class='ocr_carea' id='block_1_84' title="bbox 1060 2095 1848 2132">
    <p class='ocr_par' dir='ltr' id='par_1_84' title="bbox 1060 2095 1848 2132">
     <span class='ocr_line' id='line_1_84' title="bbox 1060 2095 1848 2132; baseline 0.001 -9"><span class='ocrx_word' id='word_1_572' title='bbox 1060 2098 1184 2132; x_wconf 87' lang='grc' dir='ltr'>μιμεῖται</span> <span class='ocrx_word' id='word_1_573' title='bbox 1199 2097 1280 2124; x_wconf 79' lang='grc' dir='ltr'>αὑτὸν</span> <span class='ocrx_word' id='word_1_574' title='bbox 1299 2096 1369 2123; x_wconf 82' lang='grc' dir='ltr'>κατὰ</span> <span class='ocrx_word' id='word_1_575' title='bbox 1389 2096 1513 2132; x_wconf 79' lang='grc' dir='ltr'>δύναμιν.</span> <span class='ocrx_word' id='word_1_576' title='bbox 1531 2095 1603 2129; x_wconf 70' lang='grc' dir='ltr'>Οἷον,</span> <span class='ocrx_word' id='word_1_577' title='bbox 1620 2097 1634 2123; x_wconf 85' lang='grc' dir='ltr'><strong>ὁ</strong></span> <span class='ocrx_word' id='word_1_578' title='bbox 1646 2098 1762 2132; x_wconf 74' lang='grc' dir='ltr'>Χριστὸς</span> <span class='ocrx_word' id='word_1_579' title='bbox 1783 2099 1848 2129; x_wconf 70' lang='grc' dir='ltr'>τοὺς</span> 
     </span>
    </p>
   </div>
   <div class='ocr_carea' id='block_1_85' title="bbox 1059 2142 1847 2178">
    <p class='ocr_par' dir='ltr' id='par_1_85' title="bbox 1059 2142 1847 2178">
     <span class='ocr_line' id='line_1_85' title="bbox 1059 2142 1847 2178; baseline 0 -9"><span class='ocrx_word' id='word_1_580' title='bbox 1059 2142 1217 2178; x_wconf 79' lang='grc' dir='ltr'>ἀνθρώπους</span> <span class='ocrx_word' id='word_1_581' title='bbox 1228 2143 1379 2178; x_wconf 77' lang='grc' dir='ltr'>εὐεργετῶν</span> <span class='ocrx_word' id='word_1_582' title='bbox 1391 2143 1441 2170; x_wconf 84' lang='grc' dir='ltr'><strong>οὐκ</strong></span> <span class='ocrx_word' id='word_1_583' title='bbox 1452 2143 1590 2170; x_wconf 77' lang='grc' dir='ltr'>ἐπαύσατο</span> <span class='ocrx_word' id='word_1_584' title='bbox 1601 2151 1606 2157; x_wconf 94' lang='grc'>·</span> <span class='ocrx_word' id='word_1_585' title='bbox 1621 2143 1667 2170; x_wconf 72' lang='grc' dir='ltr'><strong>καὶ</strong></span> <span class='ocrx_word' id='word_1_586' title='bbox 1679 2143 1847 2178; x_wconf 74' lang='grc' dir='ltr'>ἀχαριστούο</span> 
     </span>
    </p>
   </div>
   <div class='ocr_carea' id='block_1_86' title="bbox 223 2187 1011 2224">
    <p class='ocr_par' dir='ltr' id='par_1_86' title="bbox 223 2187 1007 2224">
     <span class='ocr_line' id='line_1_86' title="bbox 223 2187 1007 2224; baseline 0.004 -10"><span class='ocrx_word' id='word_1_587' title='bbox 223 2193 266 2215; x_wconf 86' lang='lat' dir='ltr'><strong>tos</strong></span> <span class='ocrx_word' id='word_1_588' title='bbox 289 2188 383 2219; x_wconf 82' lang='lat' dir='ltr'><strong>ferret,</strong></span> <span class='ocrx_word' id='word_1_589' title='bbox 405 2195 437 2214; x_wconf 85' lang='lat' dir='ltr'><strong>ac</strong></span> <span class='ocrx_word' id='word_1_590' title='bbox 463 2187 509 2221; x_wconf 89' lang='lat' dir='ltr'><strong>qui</strong></span> <span class='ocrx_word' id='word_1_591' title='bbox 526 2188 578 2222; x_wconf 91' lang='lat' dir='ltr'><strong>ipsi</strong></span> <span class='ocrx_word' id='word_1_592' title='bbox 602 2187 791 2220; x_wconf 85' lang='lat' dir='ltr'><strong>detraherent,</strong></span> <span class='ocrx_word' id='word_1_593' title='bbox 814 2188 1007 2224; x_wconf 78' lang='lat' dir='ltr'><strong>longanimiter</strong></span> 
     </span>
    </p>
   </div>
   <div class='ocr_carea' id='block_1_87' title="bbox 1068 2187 1848 2224">
    <p class='ocr_par' dir='ltr' id='par_1_87' title="bbox 1068 2188 1848 2224">
     <span class='ocr_line' id='line_1_87' title="bbox 1068 2188 1848 2224; baseline 0 -9"><span class='ocrx_word' id='word_1_594' title='bbox 1068 2197 1139 2220; x_wconf 74' lang='grc' dir='ltr'>ιενος</span> <span class='ocrx_word' id='word_1_595' title='bbox 1160 2188 1207 2215; x_wconf 79' lang='grc' dir='ltr'><strong>καὶ</strong></span> <span class='ocrx_word' id='word_1_596' title='bbox 1233 2188 1486 2224; x_wconf 79' lang='grc' dir='ltr'>βλασφημούμενος,</span> <span class='ocrx_word' id='word_1_597' title='bbox 1512 2189 1715 2224; x_wconf 66' lang='grc' dir='ltr'>ὲμακροούμεισ</span> <span class='ocrx_word' id='word_1_598' title='bbox 1733 2191 1781 2215; x_wconf 77' lang='grc' dir='ltr'><strong>καὶ</strong></span> <span class='ocrx_word' id='word_1_599' title='bbox 1800 2198 1848 2215; x_wconf 58' lang='grc' dir='ltr'>τοι</span> 
     </span>
    </p>
   </div>
   <div class='ocr_carea' id='block_1_88' title="bbox 222 2233 1009 2267">
    <p class='ocr_par' dir='ltr' id='par_1_88' title="bbox 222 2233 1009 2267">
     <span class='ocr_line' id='line_1_88' title="bbox 222 2233 1009 2267; baseline 0.004 -8"><span class='ocrx_word' id='word_1_600' title='bbox 222 2233 358 2259; x_wconf 83' lang='lat' dir='ltr'><strong>tolerabat</strong></span> <span class='ocrx_word' id='word_1_601' title='bbox 372 2241 378 2258; x_wconf 87' lang='lat'><strong>:</strong></span> <span class='ocrx_word' id='word_1_602' title='bbox 394 2239 512 2267; x_wconf 86' lang='lat' dir='ltr'><strong>cumque</strong></span> <span class='ocrx_word' id='word_1_603' title='bbox 528 2233 680 2260; x_wconf 72' lang='lat' dir='ltr'><strong>caederetur</strong></span> <span class='ocrx_word' id='word_1_604' title='bbox 693 2233 728 2260; x_wconf 86' lang='lat' dir='ltr'><strong>ab</strong></span> <span class='ocrx_word' id='word_1_605' title='bbox 745 2233 784 2260; x_wconf 90' lang='lat' dir='ltr'><strong>cis</strong></span> <span class='ocrx_word' id='word_1_606' title='bbox 796 2241 828 2260; x_wconf 86' lang='lat' dir='ltr'><strong>ac</strong></span> <span class='ocrx_word' id='word_1_607' title='bbox 842 2234 903 2261; x_wconf 84' lang='lat' dir='ltr'><strong>neci</strong></span> <span class='ocrx_word' id='word_1_608' title='bbox 918 2235 1009 2262; x_wconf 86' lang='lat' dir='ltr'><strong>trade-</strong></span> 
     </span>
    </p>
   </div>
   <div class='ocr_carea' id='block_1_89' title="bbox 222 2278 1007 2314">
    <p class='ocr_par' dir='ltr' id='par_1_89' title="bbox 222 2278 1007 2314">
     <span class='ocr_line' id='line_1_89' title="bbox 222 2278 1007 2314; baseline 0.003 -9"><span class='ocrx_word' id='word_1_609' title='bbox 222 2282 309 2309; x_wconf 85' lang='lat' dir='ltr'><strong>retur,</strong></span> <span class='ocrx_word' id='word_1_610' title='bbox 327 2278 492 2309; x_wconf 80' lang='lat' dir='ltr'><strong>sustinebat,</strong></span> <span class='ocrx_word' id='word_1_611' title='bbox 518 2278 587 2304; x_wconf 89' lang='lat' dir='ltr'><strong>nulli</strong></span> <span class='ocrx_word' id='word_1_612' title='bbox 610 2286 724 2312; x_wconf 84' lang='lat' dir='ltr'><strong>prorsus</strong></span> <span class='ocrx_word' id='word_1_613' title='bbox 751 2279 852 2305; x_wconf 88' lang='lat' dir='ltr'><strong>malum</strong></span> <span class='ocrx_word' id='word_1_614' title='bbox 867 2284 1007 2314; x_wconf 88' lang='lat' dir='ltr'><strong>reputans.</strong></span> 
     </span>
    </p>
   </div>
   <div class='ocr_carea' id='block_1_90' title="bbox 221 2323 1008 2359">
    <p class='ocr_par' dir='ltr' id='par_1_90' title="bbox 221 2323 1008 2359">
     <span class='ocr_line' id='line_1_90' title="bbox 221 2323 1008 2359; baseline 0.003 -9"><span class='ocrx_word' id='word_1_615' title='bbox 221 2323 290 2350; x_wconf 87' lang='lat' dir='ltr'><strong>Sunt</strong></span> <span class='ocrx_word' id='word_1_616' title='bbox 306 2328 397 2351; x_wconf 86' lang='lat' dir='ltr'><strong>autem</strong></span> <span class='ocrx_word' id='word_1_617' title='bbox 411 2324 470 2351; x_wconf 68' lang='lat' dir='ltr'><strong>haec</strong></span> <span class='ocrx_word' id='word_1_618' title='bbox 482 2323 544 2355; x_wconf 89' lang='lat' dir='ltr'><strong>tria,</strong></span> <span class='ocrx_word' id='word_1_619' title='bbox 558 2324 616 2358; x_wconf 90' lang='lat' dir='ltr'><strong>ejus</strong></span> <span class='ocrx_word' id='word_1_620' title='bbox 628 2331 710 2358; x_wconf 85' lang='lat' dir='ltr'><strong>opera</strong></span> <span class='ocrx_word' id='word_1_621' title='bbox 722 2324 874 2356; x_wconf 87' lang='lat' dir='ltr'><strong>charitatis,</strong></span> <span class='ocrx_word' id='word_1_622' title='bbox 888 2333 949 2359; x_wconf 68' lang='lat' dir='ltr'><strong>qua:</strong></span> <span class='ocrx_word' id='word_1_623' title='bbox 962 2333 1008 2353; x_wconf 86' lang='lat' dir='ltr'><strong>re-</strong></span> 
     </span>
    </p>
   </div>
   <div class='ocr_carea' id='block_1_91' title="bbox 219 2369 1006 2404">
    <p class='ocr_par' dir='ltr' id='par_1_91' title="bbox 219 2369 1006 2404">
     <span class='ocr_line' id='line_1_91' title="bbox 219 2369 1006 2404; baseline 0.003 -8"><span class='ocrx_word' id='word_1_624' title='bbox 219 2369 300 2404; x_wconf 82' lang='lat' dir='ltr'><strong>spicit</strong></span> <span class='ocrx_word' id='word_1_625' title='bbox 311 2369 476 2404; x_wconf 82' lang='lat' dir='ltr'><strong>proximum,</strong></span> <span class='ocrx_word' id='word_1_626' title='bbox 494 2369 552 2396; x_wconf 88' lang='lat' dir='ltr'><strong>sine</strong></span> <span class='ocrx_word' id='word_1_627' title='bbox 565 2369 667 2404; x_wconf 89' lang='lat' dir='ltr'><strong>quibus</strong></span> <span class='ocrx_word' id='word_1_628' title='bbox 681 2370 727 2404; x_wconf 89' lang='lat' dir='ltr'><strong>qui</strong></span> <span class='ocrx_word' id='word_1_629' title='bbox 742 2370 809 2397; x_wconf 87' lang='lat' dir='ltr'><strong>dicit</strong></span> <span class='ocrx_word' id='word_1_630' title='bbox 823 2378 852 2397; x_wconf 84' lang='lat' dir='ltr'><strong>se</strong></span> <span class='ocrx_word' id='word_1_631' title='bbox 863 2370 1006 2398; x_wconf 89' lang='lat' dir='ltr'><strong>Christum</strong></span> 
     </span>
    </p>
   </div>
   <div class='ocr_carea' id='block_1_92' title="bbox 218 2415 1001 2450">
    <p class='ocr_par' dir='ltr' id='par_1_92' title="bbox 218 2415 1001 2450">
     <span class='ocr_line' id='line_1_92' title="bbox 218 2415 1001 2450; baseline 0.004 -9"><span class='ocrx_word' id='word_1_632' title='bbox 218 2415 397 2449; x_wconf 80' lang='lat' dir='ltr'><strong>diligcrc,aut</strong></span> <span class='ocrx_word' id='word_1_633' title='bbox 407 2415 458 2442; x_wconf 89' lang='lat' dir='ltr'><strong>sibi</strong></span> <span class='ocrx_word' id='word_1_634' title='bbox 473 2423 586 2447; x_wconf 75' lang='lat' dir='ltr'><strong>regnum</strong></span> <span class='ocrx_word' id='word_1_635' title='bbox 605 2415 760 2449; x_wconf 88' lang='lat' dir='ltr'><strong>pollicetur,</strong></span> <span class='ocrx_word' id='word_1_636' title='bbox 774 2416 832 2450; x_wconf 88' lang='lat' dir='ltr'><strong>ipse</strong></span> <span class='ocrx_word' id='word_1_637' title='bbox 843 2424 871 2443; x_wconf 88' lang='lat' dir='ltr'><strong>se</strong></span> <span class='ocrx_word' id='word_1_638' title='bbox 884 2416 1001 2444; x_wconf 86' lang='lat' dir='ltr'><strong>seducit:</strong></span> 
     </span>
    </p>
   </div>
   <div class='ocr_carea' id='block_1_93' title="bbox 217 2458 1003 2495">
    <p class='ocr_par' dir='ltr' id='par_1_93' title="bbox 217 2458 1003 2495">
     <span class='ocr_line' id='line_1_93' title="bbox 217 2458 1003 2495; baseline 0.005 -11"><span class='ocrx_word' id='word_1_639' title='bbox 217 2458 276 2485; x_wconf 86' lang='lat' dir='ltr'><strong>Non</strong></span> <span class='ocrx_word' id='word_1_640' title='bbox 292 2459 362 2484; x_wconf 82' lang='lat' dir='ltr'><strong>enim</strong></span> <span class='ocrx_word' id='word_1_641' title='bbox 372 2459 417 2493; x_wconf 83' lang='lat' dir='ltr'><strong>qui</strong></span> <span class='ocrx_word' id='word_1_642' title='bbox 429 2458 491 2484; x_wconf 82' lang='lat' dir='ltr'><strong>dicit</strong></span> <span class='ocrx_word' id='word_1_643' title='bbox 500 2459 573 2491; x_wconf 78' lang='lat' dir='ltr'><strong>mihi,</strong></span> <span class='ocrx_word' id='word_1_644' title='bbox 584 2458 701 2491; x_wconf 78' lang='lat' dir='ltr'><strong>Domine,</strong></span> <span class='ocrx_word' id='word_1_645' title='bbox 713 2459 834 2491; x_wconf 78' lang='lat' dir='ltr'><strong>Domine,</strong></span> <span class='ocrx_word' id='word_1_646' title='bbox 847 2460 937 2495; x_wconf 88' lang='lat' dir='ltr'><strong>inquit</strong></span> <span class='ocrx_word' id='word_1_647' title='bbox 951 2461 1003 2488; x_wconf 86' lang='lat' dir='ltr'><strong>D0—</strong></span> 
     </span>
    </p>
   </div>
   <div class='ocr_carea' id='block_1_94' title="bbox 219 2504 1001 2542">
    <p class='ocr_par' dir='ltr' id='par_1_94' title="bbox 219 2504 1001 2542">
     <span class='ocr_line' id='line_1_94' title="bbox 219 2504 1001 2542; baseline 0.005 -12"><span class='ocrx_word' id='word_1_648' title='bbox 219 2505 320 2535; x_wconf 84' lang='lat' dir='ltr'><strong>minus.</strong></span> <span class='ocrx_word' id='word_1_649' title='bbox 338 2504 447 2531; x_wconf 80' lang='lat' dir='ltr'><strong>intrabit</strong></span> <span class='ocrx_word' id='word_1_650' title='bbox 456 2505 482 2531; x_wconf 83' lang='lat' dir='ltr'><strong>in</strong></span> <span class='ocrx_word' id='word_1_651' title='bbox 499 2513 608 2540; x_wconf 82' lang='lat' dir='ltr'><strong>regnum</strong></span> <span class='ocrx_word' id='word_1_652' title='bbox 625 2505 760 2537; x_wconf 76' lang='lat' dir='ltr'><strong>cwlarum,</strong></span> <span class='ocrx_word' id='word_1_653' title='bbox 775 2506 820 2532; x_wconf 78' lang='lat' dir='ltr'><strong>sed</strong></span> <span class='ocrx_word' id='word_1_654' title='bbox 829 2507 1001 2542; x_wconf 78' lang='lat' dir='ltr'><strong>quifacilvo-</strong></span> 
     </span>
    </p>
   </div>
   <div class='ocr_carea' id='block_1_95' title="bbox 218 2549 998 2587">
    <p class='ocr_par' dir='ltr' id='par_1_95' title="bbox 218 2549 998 2587">
     <span class='ocr_line' id='line_1_95' title="bbox 218 2549 998 2587; baseline 0.006 -12"><span class='ocrx_word' id='word_1_655' title='bbox 218 2552 347 2576; x_wconf 75' lang='lat' dir='ltr'><strong>luntalem</strong></span> <span class='ocrx_word' id='word_1_656' title='bbox 367 2549 456 2577; x_wconf 74' lang='lat' dir='ltr'><strong>Palris</strong></span> <span class='ocrx_word' id='word_1_657' title='bbox 473 2551 523 2576; x_wconf 79' lang='lat' dir='ltr'><strong>moi</strong></span> <span class='ocrx_word' id='word_1_658' title='bbox 534 2551 566 2577; x_wconf 83' lang='grc'><strong>¹³.</strong></span> <span class='ocrx_word' id='word_1_659' title='bbox 594 2551 628 2577; x_wconf 85' lang='grc' dir='ltr'><strong>ΕΙ.</strong></span> <span class='ocrx_word' id='word_1_660' title='bbox 646 2559 741 2578; x_wconf 87' lang='lat' dir='ltr'><strong>rursus</strong></span> <span class='ocrx_word' id='word_1_661' title='bbox 755 2560 761 2577; x_wconf 96' lang='lat'>:</span> <span class='ocrx_word' id='word_1_662' title='bbox 777 2552 828 2584; x_wconf 81' lang='lat' dir='ltr'><strong>Qui</strong></span> <span class='ocrx_word' id='word_1_663' title='bbox 849 2553 934 2587; x_wconf 82' lang='lat' dir='ltr'><strong>diligit</strong></span> <span class='ocrx_word' id='word_1_664' title='bbox 948 2561 998 2586; x_wconf 82' lang='lat' dir='ltr'><strong>me,</strong></span> 
     </span>
    </p>
   </div>
   <div class='ocr_carea' id='block_1_96' title="bbox 217 2593 654 2626">
    <p class='ocr_par' dir='ltr' id='par_1_96' title="bbox 217 2593 654 2626">
     <span class='ocr_line' id='line_1_96' title="bbox 217 2593 654 2626; baseline 0.009 -8"><span class='ocrx_word' id='word_1_665' title='bbox 217 2593 344 2619; x_wconf 83' lang='lat' dir='ltr'><strong>mandata</strong></span> <span class='ocrx_word' id='word_1_666' title='bbox 363 2602 420 2620; x_wconf 79' lang='lat' dir='ltr'><strong>mea</strong></span> <span class='ocrx_word' id='word_1_667' title='bbox 435 2595 546 2621; x_wconf 79' lang='lat' dir='ltr'><strong>servabit</strong></span> <span class='ocrx_word' id='word_1_668' title='bbox 557 2595 589 2626; x_wconf 61' lang='grc' dir='ltr'>η,</span> <span class='ocrx_word' id='word_1_669' title='bbox 601 2599 654 2622; x_wconf 86' lang='lat' dir='ltr'><strong>clc.</strong></span> 
     </span>
    </p>
   </div>
   <div class='ocr_carea' id='block_1_97' title="bbox 248 2637 998 2674">
    <p class='ocr_par' dir='ltr' id='par_1_97' title="bbox 248 2637 998 2674">
     <span class='ocr_line' id='line_1_97' title="bbox 248 2637 998 2674; baseline 0.008 -10"><span class='ocrx_word' id='word_1_670' title='bbox 248 2637 291 2664; x_wconf 80' lang='lat'><strong>56.</strong></span> <span class='ocrx_word' id='word_1_671' title='bbox 301 2637 395 2665; x_wconf 86' lang='lat' dir='ltr'><strong>Omnis</strong></span> <span class='ocrx_word' id='word_1_672' title='bbox 403 2640 699 2673; x_wconf 83' lang='lat' dir='ltr'><strong>scopusmandatorum</strong></span> <span class='ocrx_word' id='word_1_673' title='bbox 709 2641 858 2669; x_wconf 86' lang='lat' dir='ltr'><strong>Salvatoris</strong></span> <span class='ocrx_word' id='word_1_674' title='bbox 866 2643 892 2669; x_wconf 90' lang='lat' dir='ltr'><strong>in</strong></span> <span class='ocrx_word' id='word_1_675' title='bbox 903 2650 936 2670; x_wconf 89' lang='lat' dir='ltr'><strong>eo</strong></span> <span class='ocrx_word' id='word_1_676' title='bbox 947 2647 998 2674; x_wconf 89' lang='lat' dir='ltr'><strong>cst.</strong></span> 
     </span>
    </p>
   </div>
   <div class='ocr_carea' id='block_1_98' title="bbox 217 2681 998 2720">
    <p class='ocr_par' dir='ltr' id='par_1_98' title="bbox 217 2681 998 2720">
     <span class='ocr_line' id='line_1_98' title="bbox 217 2681 998 2720; baseline 0.012 -14"><span class='ocrx_word' id='word_1_677' title='bbox 217 2684 246 2706; x_wconf 92' lang='lat' dir='ltr'><strong>ut</strong></span> <span class='ocrx_word' id='word_1_678' title='bbox 259 2681 293 2707; x_wconf 88' lang='lat' dir='ltr'><strong>ab</strong></span> <span class='ocrx_word' id='word_1_679' title='bbox 309 2682 471 2716; x_wconf 83' lang='lat' dir='ltr'><strong>intemperie</strong></span> <span class='ocrx_word' id='word_1_680' title='bbox 490 2689 572 2718; x_wconf 82' lang='lat' dir='ltr'><strong>atque</strong></span> <span class='ocrx_word' id='word_1_681' title='bbox 592 2684 656 2711; x_wconf 90' lang='lat' dir='ltr'><strong>odio</strong></span> <span class='ocrx_word' id='word_1_682' title='bbox 679 2685 776 2713; x_wconf 88' lang='lat' dir='ltr'><strong>liberet</strong></span> <span class='ocrx_word' id='word_1_683' title='bbox 794 2687 925 2720; x_wconf 88' lang='lat' dir='ltr'><strong>animum,</strong></span> <span class='ocrx_word' id='word_1_684' title='bbox 944 2692 998 2715; x_wconf 86' lang='lat' dir='ltr'><strong>tra-</strong></span> 
     </span>
    </p>
   </div>
   <div class='ocr_carea' id='block_1_99' title="bbox 215 2725 1000 2769">
    <p class='ocr_par' dir='ltr' id='par_1_99' title="bbox 215 2725 1000 2769">
     <span class='ocr_line' id='line_1_99' title="bbox 215 2725 1000 2769; baseline 0.013 -16"><span class='ocrx_word' id='word_1_685' title='bbox 215 2725 316 2762; x_wconf 85' lang='lat' dir='ltr'><strong>hatque</strong></span> <span class='ocrx_word' id='word_1_686' title='bbox 329 2727 357 2754; x_wconf 93' lang='lat' dir='ltr'><strong>in</strong></span> <span class='ocrx_word' id='word_1_687' title='bbox 370 2736 446 2756; x_wconf 87' lang='lat' dir='ltr'><strong>suam</strong></span> <span class='ocrx_word' id='word_1_688' title='bbox 470 2737 501 2757; x_wconf 89' lang='lat' dir='ltr'><strong>ac</strong></span> <span class='ocrx_word' id='word_1_689' title='bbox 515 2731 632 2764; x_wconf 83' lang='lat' dir='ltr'><strong>proximi</strong></span> <span class='ocrx_word' id='word_1_690' title='bbox 646 2732 824 2766; x_wconf 84' lang='lat' dir='ltr'><strong>charitatcm;</strong></span> <span class='ocrx_word' id='word_1_691' title='bbox 845 2742 878 2761; x_wconf 78' lang='lat' dir='ltr'><strong>ex</strong></span> <span class='ocrx_word' id='word_1_692' title='bbox 899 2735 1000 2769; x_wconf 87' lang='lat' dir='ltr'><strong>quibus</strong></span> 
     </span>
    </p>
   </div>
   <div class='ocr_carea' id='block_1_100' title="bbox 249 2809 779 2848">
    <p class='ocr_par' dir='ltr' id='par_1_100' title="bbox 249 2809 779 2848">
     <span class='ocr_line' id='line_1_100' title="bbox 249 2809 779 2848; baseline 0.017 -13"><span class='ocrx_word' id='word_1_693' title='bbox 249 2809 271 2824; x_wconf 86' lang='lat'>&quot;</span> <span class='ocrx_word' id='word_1_694' title='bbox 288 2810 382 2837; x_wconf 81' lang='lat' dir='ltr'><strong>Matth.</strong></span> <span class='ocrx_word' id='word_1_695' title='bbox 396 2819 440 2844; x_wconf 74' lang='grc' dir='ltr'><strong>ηπ,</strong></span> <span class='ocrx_word' id='word_1_696' title='bbox 459 2813 504 2839; x_wconf 75' lang='grc'>21.</span> <span class='ocrx_word' id='word_1_697' title='bbox 544 2814 565 2829; x_wconf 73' lang='grc'><strong>¹³</strong></span> <span class='ocrx_word' id='word_1_698' title='bbox 579 2814 656 2841; x_wconf 83' lang='lat' dir='ltr'><strong>Joan.</strong></span> <span class='ocrx_word' id='word_1_699' title='bbox 675 2823 728 2848; x_wconf 77' lang='lat' dir='ltr'><strong>xw,</strong></span> <span class='ocrx_word' id='word_1_700' title='bbox 747 2818 779 2844; x_wconf 82' lang='grc'><strong>15</strong></span> 
     </span>
    </p>
   </div>
   <div class='ocr_carea' id='block_1_101' title="bbox 1061 2234 1849 2270">
    <p class='ocr_par' dir='ltr' id='par_1_101' title="bbox 1061 2234 1849 2270">
     <span class='ocr_line' id='line_1_101' title="bbox 1061 2234 1849 2270; baseline 0 -10"><span class='ocrx_word' id='word_1_701' title='bbox 1061 2234 1193 2269; x_wconf 77' lang='grc' dir='ltr'>πτάμενος</span> <span class='ocrx_word' id='word_1_702' title='bbox 1207 2234 1252 2260; x_wconf 78' lang='grc' dir='ltr'><strong>ὑπ’</strong></span> <span class='ocrx_word' id='word_1_703' title='bbox 1273 2234 1364 2260; x_wconf 85' lang='grc' dir='ltr'>αὐτῶν</span> <span class='ocrx_word' id='word_1_704' title='bbox 1378 2235 1425 2260; x_wconf 76' lang='grc' dir='ltr'>καὶ</span> <span class='ocrx_word' id='word_1_705' title='bbox 1444 2234 1632 2269; x_wconf 80' lang='grc' dir='ltr'>φονευόμενος,</span> <span class='ocrx_word' id='word_1_706' title='bbox 1648 2234 1778 2269; x_wconf 82' lang='grc' dir='ltr'>ὑπέμενε,</span> <span class='ocrx_word' id='word_1_707' title='bbox 1794 2243 1849 2270; x_wconf 75' lang='grc' dir='ltr'>μη-</span> 
     </span>
    </p>
   </div>
   <div class='ocr_carea' id='block_1_102' title="bbox 1058 2279 1848 2314">
    <p class='ocr_par' dir='ltr' id='par_1_102' title="bbox 1058 2279 1848 2314">
     <span class='ocr_line' id='line_1_102' title="bbox 1058 2279 1848 2314; baseline 0 -8"><span class='ocrx_word' id='word_1_708' title='bbox 1058 2280 1113 2306; x_wconf 78' lang='grc' dir='ltr'>δενὶ</span> <span class='ocrx_word' id='word_1_709' title='bbox 1131 2280 1273 2307; x_wconf 84' lang='grc' dir='ltr'>τοσύνολον</span> <span class='ocrx_word' id='word_1_710' title='bbox 1294 2280 1324 2306; x_wconf 80' lang='grc' dir='ltr'>τὸ</span> <span class='ocrx_word' id='word_1_711' title='bbox 1348 2280 1432 2306; x_wconf 79' lang='grc' dir='ltr'>κακὸν</span> <span class='ocrx_word' id='word_1_712' title='bbox 1454 2279 1639 2314; x_wconf 76' lang='grc' dir='ltr'>λογιζόμενος.</span> <span class='ocrx_word' id='word_1_713' title='bbox 1659 2280 1753 2306; x_wconf 83' lang='grc' dir='ltr'>Ταῦτα</span> <span class='ocrx_word' id='word_1_714' title='bbox 1768 2280 1798 2307; x_wconf 73' lang='grc' dir='ltr'><strong>δὲ</strong></span> <span class='ocrx_word' id='word_1_715' title='bbox 1811 2280 1848 2307; x_wconf 77' lang='grc' dir='ltr'>τὰ</span> 
     </span>
    </p>
   </div>
   <div class='ocr_carea' id='block_1_103' title="bbox 1058 2322 1847 2360">
    <p class='ocr_par' dir='ltr' id='par_1_103' title="bbox 1058 2322 1847 2360">
     <span class='ocr_line' id='line_1_103' title="bbox 1058 2322 1847 2360; baseline 0.001 -10"><span class='ocrx_word' id='word_1_716' title='bbox 1058 2325 1131 2360; x_wconf 78' lang='grc' dir='ltr'>τρία,</span> <span class='ocrx_word' id='word_1_717' title='bbox 1148 2324 1182 2351; x_wconf 76' lang='grc' dir='ltr'><strong>τὰ</strong></span> <span class='ocrx_word' id='word_1_718' title='bbox 1200 2325 1269 2360; x_wconf 75' lang='grc' dir='ltr'>ἔργα</span> <span class='ocrx_word' id='word_1_719' title='bbox 1283 2325 1337 2351; x_wconf 75' lang='grc' dir='ltr'>εἰσὶ</span> <span class='ocrx_word' id='word_1_720' title='bbox 1352 2325 1399 2360; x_wconf 81' lang='grc' dir='ltr'>τῆς</span> <span class='ocrx_word' id='word_1_721' title='bbox 1416 2325 1456 2356; x_wconf 82' lang='grc' dir='ltr'><strong>είς</strong></span> <span class='ocrx_word' id='word_1_722' title='bbox 1473 2324 1518 2350; x_wconf 77' lang='grc' dir='ltr'><strong>τὸν</strong></span> <span class='ocrx_word' id='word_1_723' title='bbox 1536 2325 1649 2359; x_wconf 75' lang='grc' dir='ltr'>πλησίον</span> <span class='ocrx_word' id='word_1_724' title='bbox 1671 2325 1794 2359; x_wconf 82' lang='grc' dir='ltr'>ἀγάπης,</span> <span class='ocrx_word' id='word_1_725' title='bbox 1808 2322 1847 2351; x_wconf 79' lang='grc' dir='ltr'>ὧν</span> 
     </span>
    </p>
   </div>
   <div class='ocr_carea' id='block_1_104' title="bbox 1057 2369 1846 2406">
    <p class='ocr_par' dir='ltr' id='par_1_104' title="bbox 1057 2369 1846 2406">
     <span class='ocr_line' id='line_1_104' title="bbox 1057 2369 1846 2406; baseline 0.003 -10"><span class='ocrx_word' id='word_1_726' title='bbox 1057 2371 1142 2404; x_wconf 71' lang='grc' dir='ltr'>χωρὶς</span> <span class='ocrx_word' id='word_1_727' title='bbox 1160 2371 1174 2396; x_wconf 84' lang='grc' dir='ltr'>ὁ</span> <span class='ocrx_word' id='word_1_728' title='bbox 1188 2371 1274 2404; x_wconf 80' lang='grc' dir='ltr'>λέγων</span> <span class='ocrx_word' id='word_1_729' title='bbox 1286 2371 1395 2406; x_wconf 80' lang='grc' dir='ltr'>ἀγαπᾷν</span> <span class='ocrx_word' id='word_1_730' title='bbox 1411 2370 1454 2396; x_wconf 82' lang='grc' dir='ltr'><strong>τὸν</strong></span> <span class='ocrx_word' id='word_1_731' title='bbox 1469 2369 1596 2406; x_wconf 79' lang='grc' dir='ltr'>Χριστὸν,</span> <span class='ocrx_word' id='word_1_732' title='bbox 1612 2370 1688 2405; x_wconf 78' lang='grc' dir='ltr'><strong>ἤτῆς</strong></span> <span class='ocrx_word' id='word_1_733' title='bbox 1704 2370 1846 2405; x_wconf 81' lang='grc' dir='ltr'>βασιλείας</span> 
     </span>
    </p>
   </div>
   <div class='ocr_carea' id='block_1_105' title="bbox 1057 2415 1846 2451">
    <p class='ocr_par' dir='ltr' id='par_1_105' title="bbox 1057 2415 1846 2451">
     <span class='ocr_line' id='line_1_105' title="bbox 1057 2415 1846 2451; baseline 0.001 -9"><span class='ocrx_word' id='word_1_734' title='bbox 1057 2415 1140 2442; x_wconf 80' lang='grc' dir='ltr'>αὑτοῦ</span> <span class='ocrx_word' id='word_1_735' title='bbox 1159 2417 1260 2451; x_wconf 86' lang='grc' dir='ltr'>τυχεῖν,</span> <span class='ocrx_word' id='word_1_736' title='bbox 1279 2416 1375 2443; x_wconf 74' lang='grc' dir='ltr'>ἑαυτὸν</span> <span class='ocrx_word' id='word_1_737' title='bbox 1388 2417 1480 2451; x_wconf 81' lang='grc' dir='ltr'>ἀπατᾷ</span> <span class='ocrx_word' id='word_1_738' title='bbox 1491 2424 1498 2431; x_wconf 88' lang='grc'><strong>·</strong></span> <span class='ocrx_word' id='word_1_739' title='bbox 1516 2417 1557 2443; x_wconf 86' lang='grc' dir='ltr'><strong>Οὐ</strong></span> <span class='ocrx_word' id='word_1_740' title='bbox 1574 2416 1629 2451; x_wconf 65' lang='grc' dir='ltr'><strong>γὰρ</strong></span> <span class='ocrx_word' id='word_1_741' title='bbox 1644 2416 1766 2450; x_wconf 74' lang='grc' dir='ltr'><strong>όλέγων</strong></span> <span class='ocrx_word' id='word_1_742' title='bbox 1784 2426 1846 2450; x_wconf 74' lang='grc' dir='ltr'>μοι,</span> 
     </span>
    </p>
   </div>
   <div class='ocr_carea' id='block_1_106' title="bbox 1056 2459 1848 2496">
    <p class='ocr_par' dir='ltr' id='par_1_106' title="bbox 1056 2459 1848 2496">
     <span class='ocr_line' id='line_1_106' title="bbox 1056 2459 1848 2496; baseline 0.003 -9"><span class='ocrx_word' id='word_1_743' title='bbox 1056 2461 1134 2495; x_wconf 70' lang='grc' dir='ltr'>φησὶ,</span> <span class='ocrx_word' id='word_1_744' title='bbox 1152 2462 1250 2495; x_wconf 77' lang='grc' dir='ltr'>Κύριε,</span> <span class='ocrx_word' id='word_1_745' title='bbox 1268 2462 1367 2496; x_wconf 82' lang='grc' dir='ltr'>Κύριε.</span> <span class='ocrx_word' id='word_1_746' title='bbox 1382 2459 1471 2494; x_wconf 82' lang='grc' dir='ltr'>οὗτος</span> <span class='ocrx_word' id='word_1_747' title='bbox 1493 2463 1695 2489; x_wconf 76' lang='grc' dir='ltr'>είσελεύσεται</span> <span class='ocrx_word' id='word_1_748' title='bbox 1719 2463 1764 2495; x_wconf 77' lang='grc' dir='ltr'>εἷς</span> <span class='ocrx_word' id='word_1_749' title='bbox 1786 2464 1848 2496; x_wconf 73' lang='grc' dir='ltr'>τὴν</span> 
     </span>
    </p>
   </div>
   <div class='ocr_carea' id='block_1_107' title="bbox 1051 2507 1847 2544">
    <p class='ocr_par' dir='ltr' id='par_1_107' title="bbox 1051 2507 1847 2544">
     <span class='ocr_line' id='line_1_107' title="bbox 1051 2507 1847 2544; baseline 0.004 -11"><span class='ocrx_word' id='word_1_750' title='bbox 1051 2507 1214 2538; x_wconf 74' lang='grc' dir='ltr'>,βασιλείαν</span> <span class='ocrx_word' id='word_1_751' title='bbox 1228 2507 1286 2534; x_wconf 81' lang='grc' dir='ltr'><strong>τῶν</strong></span> <span class='ocrx_word' id='word_1_752' title='bbox 1299 2507 1443 2542; x_wconf 68' lang='grc' dir='ltr'>οιῖφανῶν,</span> <span class='ocrx_word' id='word_1_753' title='bbox 1462 2507 1531 2535; x_wconf 73' lang='grc' dir='ltr'>ἀλλ’</span> <span class='ocrx_word' id='word_1_754' title='bbox 1545 2510 1561 2535; x_wconf 88' lang='grc' dir='ltr'><em>ὁ</em></span> <span class='ocrx_word' id='word_1_755' title='bbox 1572 2508 1665 2535; x_wconf 85' lang='grc' dir='ltr'>ποιῶν</span> <span class='ocrx_word' id='word_1_756' title='bbox 1679 2509 1712 2535; x_wconf 75' lang='grc' dir='ltr'><strong>τὸ</strong></span> <span class='ocrx_word' id='word_1_757' title='bbox 1727 2509 1847 2544; x_wconf 77' lang='grc' dir='ltr'>θέλημα</span> 
     </span>
    </p>
   </div>
   <div class='ocr_carea' id='block_1_108' title="bbox 1054 2553 1844 2589">
    <p class='ocr_par' dir='ltr' id='par_1_108' title="bbox 1054 2553 1844 2589">
     <span class='ocr_line' id='line_1_108' title="bbox 1054 2553 1844 2589; baseline 0.004 -10"><span class='ocrx_word' id='word_1_758' title='bbox 1054 2553 1108 2579; x_wconf 80' lang='grc' dir='ltr'><strong>τοῦ</strong></span> <span class='ocrx_word' id='word_1_759' title='bbox 1122 2554 1236 2587; x_wconf 81' lang='grc' dir='ltr'><strong>Πατρός</strong></span> <span class='ocrx_word' id='word_1_760' title='bbox 1249 2562 1318 2588; x_wconf 88' lang='grc' dir='ltr'>μου.</span> <span class='ocrx_word' id='word_1_761' title='bbox 1337 2554 1391 2580; x_wconf 75' lang='grc' dir='ltr'>Καὶ</span> <span class='ocrx_word' id='word_1_762' title='bbox 1410 2554 1492 2581; x_wconf 82' lang='grc' dir='ltr'>πάλιν</span> <span class='ocrx_word' id='word_1_763' title='bbox 1502 2562 1508 2569; x_wconf 90' lang='grc'>·</span> <span class='ocrx_word' id='word_1_764' title='bbox 1530 2555 1561 2580; x_wconf 89' lang='lat'><strong>&#39;0</strong></span> <span class='ocrx_word' id='word_1_765' title='bbox 1574 2553 1698 2588; x_wconf 73' lang='grc' dir='ltr'>ἀγαπῶν</span> <span class='ocrx_word' id='word_1_766' title='bbox 1713 2555 1776 2589; x_wconf 77' lang='grc' dir='ltr'>ἐμὲ,</span> <span class='ocrx_word' id='word_1_767' title='bbox 1793 2556 1844 2582; x_wconf 75' lang='grc' dir='ltr'><strong>καὶ</strong></span> 
     </span>
    </p>
   </div>
   <div class='ocr_carea' id='block_1_109' title="bbox 1017 2589 1662 2636">
    <p class='ocr_par' dir='ltr' id='par_1_109' title="bbox 1017 2589 1662 2636">
     <span class='ocr_line' id='line_1_109' title="bbox 1017 2589 1662 2636; baseline 0.005 -11"><span class='ocrx_word' id='word_1_768' title='bbox 1017 2589 1039 2616; x_wconf 78' lang='grc' dir='ltr'><strong>Β</strong></span> <span class='ocrx_word' id='word_1_769' title='bbox 1054 2599 1107 2631; x_wconf 80' lang='grc' dir='ltr'><em>τὰς</em></span> <span class='ocrx_word' id='word_1_770' title='bbox 1120 2599 1246 2632; x_wconf 77' lang='grc' dir='ltr'><strong>ἐντολάς</strong></span> <span class='ocrx_word' id='word_1_771' title='bbox 1259 2608 1320 2634; x_wconf 84' lang='grc' dir='ltr'><strong>μου</strong></span> <span class='ocrx_word' id='word_1_772' title='bbox 1331 2600 1466 2633; x_wconf 79' lang='grc' dir='ltr'>τηρήσει,</span> <span class='ocrx_word' id='word_1_773' title='bbox 1478 2600 1524 2627; x_wconf 74' lang='grc' dir='ltr'>καὶ</span> <span class='ocrx_word' id='word_1_774' title='bbox 1538 2601 1572 2626; x_wconf 81' lang='grc' dir='ltr'><strong>τὰ</strong></span> <span class='ocrx_word' id='word_1_775' title='bbox 1588 2601 1662 2636; x_wconf 80' lang='grc' dir='ltr'>ἑξῆς.</span> 
     </span>
    </p>
   </div>
   <div class='ocr_carea' id='block_1_110' title="bbox 1089 2644 1844 2682">
    <p class='ocr_par' dir='ltr' id='par_1_110' title="bbox 1089 2644 1844 2682">
     <span class='ocr_line' id='line_1_110' title="bbox 1089 2644 1844 2682; baseline 0.007 -12"><span class='ocrx_word' id='word_1_776' title='bbox 1089 2647 1143 2676; x_wconf 81' lang='grc' dir='ltr'>νς¹.</span> <span class='ocrx_word' id='word_1_777' title='bbox 1154 2644 1265 2675; x_wconf 76' lang='grc' dir='ltr'>’Ἅπαςὸ</span> <span class='ocrx_word' id='word_1_778' title='bbox 1278 2645 1377 2676; x_wconf 81' lang='grc' dir='ltr'>σκοπὸς</span> <span class='ocrx_word' id='word_1_779' title='bbox 1392 2645 1444 2672; x_wconf 87' lang='grc' dir='ltr'><strong>τῶν</strong></span> <span class='ocrx_word' id='word_1_780' title='bbox 1460 2645 1572 2672; x_wconf 81' lang='grc' dir='ltr'>ἐντολῶν</span> <span class='ocrx_word' id='word_1_781' title='bbox 1581 2646 1628 2673; x_wconf 81' lang='grc' dir='ltr'>τοῦ</span> <span class='ocrx_word' id='word_1_782' title='bbox 1646 2647 1783 2682; x_wconf 84' lang='grc' dir='ltr'>Σωτῆρος,</span> <span class='ocrx_word' id='word_1_783' title='bbox 1797 2649 1844 2675; x_wconf 84' lang='grc' dir='ltr'>ἵνα</span> 
     </span>
    </p>
   </div>
   <div class='ocr_carea' id='block_1_111' title="bbox 1053 2690 1844 2728">
    <p class='ocr_par' dir='ltr' id='par_1_111' title="bbox 1053 2690 1844 2728">
     <span class='ocr_line' id='line_1_111' title="bbox 1053 2690 1844 2728; baseline 0.005 -12"><span class='ocrx_word' id='word_1_784' title='bbox 1053 2690 1188 2724; x_wconf 78' lang='grc' dir='ltr'>ἀκρασίας</span> <span class='ocrx_word' id='word_1_785' title='bbox 1205 2691 1252 2716; x_wconf 82' lang='grc' dir='ltr'><strong>καὶ</strong></span> <span class='ocrx_word' id='word_1_786' title='bbox 1271 2690 1368 2725; x_wconf 79' lang='grc' dir='ltr'>μίσους</span> <span class='ocrx_word' id='word_1_787' title='bbox 1389 2691 1447 2718; x_wconf 85' lang='grc' dir='ltr'>τὸν’</span> <span class='ocrx_word' id='word_1_788' title='bbox 1459 2691 1521 2718; x_wconf 84' lang='grc' dir='ltr'>νοῦν</span> <span class='ocrx_word' id='word_1_789' title='bbox 1542 2691 1722 2728; x_wconf 74' lang='grc' dir='ltr'>ἐλευθερώσῃ,</span> <span class='ocrx_word' id='word_1_790' title='bbox 1738 2694 1787 2720; x_wconf 74' lang='grc' dir='ltr'>καὶ</span> <span class='ocrx_word' id='word_1_791' title='bbox 1800 2694 1844 2725; x_wconf 72' lang='grc' dir='ltr'>εἰς</span> 
     </span>
    </p>
   </div>
   <div class='ocr_carea' id='block_1_112' title="bbox 1053 2736 1844 2775">
    <p class='ocr_par' dir='ltr' id='par_1_112' title="bbox 1053 2736 1844 2775">
     <span class='ocr_line' id='line_1_112' title="bbox 1053 2736 1844 2775; baseline 0.005 -13"><span class='ocrx_word' id='word_1_792' title='bbox 1053 2736 1102 2771; x_wconf 83' lang='grc' dir='ltr'>τὴν</span> <span class='ocrx_word' id='word_1_793' title='bbox 1117 2736 1199 2763; x_wconf 83' lang='grc' dir='ltr'>αὑτοῦ</span> <span class='ocrx_word' id='word_1_794' title='bbox 1215 2737 1325 2772; x_wconf 85' lang='grc' dir='ltr'>ἀγάπην</span> <span class='ocrx_word' id='word_1_795' title='bbox 1346 2737 1392 2764; x_wconf 69' lang='grc' dir='ltr'><strong>καὶ</strong></span> <span class='ocrx_word' id='word_1_796' title='bbox 1414 2736 1462 2764; x_wconf 75' lang='grc' dir='ltr'>τοῦ</span> <span class='ocrx_word' id='word_1_797' title='bbox 1482 2737 1606 2773; x_wconf 83' lang='grc' dir='ltr'>πλησίον,</span> <span class='ocrx_word' id='word_1_798' title='bbox 1629 2738 1719 2775; x_wconf 83' lang='grc' dir='ltr'>ἀγάγῃ</span> <span class='ocrx_word' id='word_1_799' title='bbox 1732 2747 1739 2754; x_wconf 85' lang='lat'>&#39;</span> <span class='ocrx_word' id='word_1_800' title='bbox 1755 2739 1785 2772; x_wconf 75' lang='grc' dir='ltr'><strong>ἐξ</strong></span> <span class='ocrx_word' id='word_1_801' title='bbox 1801 2736 1844 2767; x_wconf 82' lang='grc' dir='ltr'>ὧν</span> 
     </span>
    </p>
   </div>
  </div>
