1948 3077
231 125 297 160 1067

230 240 261 260 ne
282 233 407 266 turpibus
427 232 651 267 cogitationibus.
676 232 761 266 quue
780 232 827 259 ubi
844 231 1017 267 praestiteris,

230 279 428 306 inhabitantem
443 278 583 305 Christum
597 286 678 306 nosse
696 278 808 313 poteris.

264 326 307 351 77.
326 324 393 357 Quis
412 328 438 351 te
458 323 623 351 illuminavit
644 324 671 351 in
691 323 771 351 fidem
791 329 891 351 sancta:
906 327 934 349 et
954 330 1018 349 con-

229 370 416 397 substantialis
443 377 475 396 ac
505 370 651 397 adoranda:
683 369 844 402 Trinitatis;
877 374 924 396 aut
955 368 1017 402 quis

228 415 442 451 dispensationis
467 416 494 442 in
519 423 602 443 carne
627 416 709 443 unius
730 423 745 443 e
765 420 859 443 sancta
883 414 1016 441 Trinitate

228 463 353 490 notitiam
377 461 486 489 intulit?
501 461 569 494 Quis
589 468 656 488 vero
676 461 824 496 spirituum
843 468 891 487 seu
911 459 1017 486 animo-

228 516 288 536 rum
307 509 429 536 rationes
449 508 553 539 docuit,
571 507 612 534 vel
633 515 691 540 eas,
709 514 769 542 quze
789 506 822 534 ad
842 509 933 532 ortum
954 512 1017 539 spe-

227 558 301 582 ctant
334 562 366 581 ac
395 553 661 581 consummationem
693 551 789 579 mundi
821 551 904 586 hujus
929 550 1015 577 oculis

227 599 420 634 aspcctabilis,
444 599 502 625 sive
523 598 607 625 etiam
631 598 664 625 ad
688 597 920 625 resurrectionem
942 604 1016 623 mor-

228 649 338 672 tuorum
350 649 378 672 et
389 644 473 671 vitam
485 648 625 676 aeternam,
635 643 677 671 vel
690 643 722 670 ad
734 643 849 678 gloriam
861 647 888 670 et
901 650 1014 677 regnum

226 690 358 718 caelorum
386 689 616 723 tremendumque
637 689 792 724 judicium?
813 687 894 723 455
918 687 1014 714 Nonne

226 745 286 772 qua:
307 736 334 763 in
358 740 384 763 te
406 735 512 763 habitat
533 735 634 763 Christi
656 734 755 770 gratia.
777 738 873 768 estque
895 733 1014 760 arrhabo

226 783 312 810 sancti
329 782 464 817 Spiritus?
481 781 552 814 Quid
570 781 621 808 hac
643 781 732 816 majus
756 780 862 816 gratia?
878 784 926 806 aut
946 778 1013 814 quid

227 827 277 854 hac
298 827 473 862 przestanlius
493 826 628 869 sapietktia
646 830 674 854 et
696 825 826 857 scientia,
846 825 947 860 quidve
968 825 1012 856 iis,

225 880 286 907 qum
304 872 439 907 promissa
456 876 531 904 sunt,
550 871 714 898 sublimius?
730 870 777 898 Sin
799 875 890 898 autent
910 871 1014 898 inertes

224 924 376 951 segnesque
398 920 503 949 sumus,
522 924 572 943 nec
589 924 604 944 a
626 916 884 951 perturbationibus
898 923 929 943 ac
945 915 1013 943 aﬂe-

224 961 316 988 ctibus
346 961 563 995 impedientibus
591 966 766 996 mentemque
793 961 1012 994 exctccantibus,

224 1013 274 1032 nos
298 1006 348 1040 ipsi
370 1006 562 1037 emundamus,
583 1010 613 1032 ut
631 1006 673 1033 vel
698 1006 757 1041 ipso
775 1006 876 1033 clarius
892 1007 949 1033 sole
965 1006 1014 1033 ho-

225 1059 285 1078 rum
302 1051 424 1079 rationes
438 1051 532 1079 videre
543 1052 691 1086 possimus,
710 1053 737 1079 in
754 1059 805 1080 nos
818 1052 892 1087 ipsos
903 1060 1013 1080 causam

225 1097 397 1129 referamus,
424 1096 475 1124 nec
497 1104 557 1131 quae
584 1096 611 1125 in
639 1097 719 1124 nobis
747 1097 870 1130 habitat,
897 1097 1013 1133 gratiam

225 1142 402 1177 abnegemus.

259 1187 302 1214 78.
320 1186 372 1219 Qui
388 1186 437 1214 tibi
461 1191 563 1214 aeterna
594 1187 665 1214 bona
688 1187 826 1222 pollicitus
847 1192 898 1220 est,
929 1188 1012 1220 Deus,

224 1231 306 1265 inque
325 1235 373 1258 tuo
386 1235 497 1265 pectore
521 1230 640 1265 Spiritus
668 1231 851 1259 arrhaboncm
873 1231 959 1264 dedit,
979 1232 1012 1264 is,

225 1284 321 1311 magna
333 1283 398 1303 cura
424 1276 614 1312 ac'diligentia
636 1277 697 1304 vitae
721 1277 842 1304 rationes
865 1277 914 1304 tibi
935 1277 1014 1304 insti-

223 1322 337 1350 tuendas
353 1322 498 1356 praecepit;
519 1326 549 1349 ut
564 1321 646 1349 homo
669 1323 785 1350 interior
809 1323 843 1350 ab
870 1323 1014 1351 ail‘ectibus

223 1373 305 1402 atque
331 1367 405 1394 vitiis
431 1367 574 1401 liberatus,
597 1368 653 1402 jam
675 1372 732 1394 tum
758 1367 839 1395 bonis
863 1367 917 1395 frui
943 1368 1012 1395 inci-

225 1418 312 1447 perct.
1021 1406 1024 1411 ‘

259 1459 302 1485 79.
328 1458 487 1485 Divinorum
514 1465 545 1484 ac
570 1457 729 1485 sublimium
750 1458 1011 1493 contemplationum

816 131 846 160 S.
867 130 1010 160 ΜΛΧΙΜΙ
1029 131 1282 161 CONFESSORIS

265 185 309 212 76.
329 185 452 211 Emunda
474 185 596 211 animum
618 188 695 212 tuum
713 185 746 211 ab
768 185 808 211 ira
823 190 850 212 et
866 185 1016 216 simultate,
1033 187 1054 214 Α

1786 129 1852 161 1068

1107 189 1159 218 ος¹.
1182 186 1304 221 Κάθαιρε
1324 185 1371 211 τὸν
1391 185 1454 211 νοῦν
1472 193 1519 212 σου
1535 184 1589 211 ἀπὸ
1605 184 1701 220 ὀργῆς,
1720 183 1766 210 καὶ
1783 193 1853 219 μνη-

1069 231 1207 263 σικακίας,
1224 232 1271 260 καὶ
1291 231 1345 257 τῶν
1366 231 1487 266 αἰσχρῶν
1501 230 1646 265 λογισμῶν.
1665 230 1720 256 Καὶ
1734 229 1794 256 τότε
1809 229 1851 256 δυ-

1067 278 1137 313 νήσῃ
1150 277 1251 311 γνῶναι
1267 278 1316 313 τὴν
1332 276 1380 304 τοῦ
1394 276 1511 312 Χριστοῦ
1526 277 1672 312 ἐνοίκησιν.

1102 323 1149 355 ρξ’.
1172 323 1220 355 Τίς
1237 332 1266 349 σε
1282 324 1415 357 ἐφώτισεν
1431 324 1471 355 είς
1483 323 1533 358 τὴν
1544 323 1637 358 ςπίστιν
1648 322 1696 357 τῆς
1711 323 1793 356 ἁγίας
1804 322 1853 348 καὶ

1067 369 1208 403 ὀμοουσίου
1227 369 1272 395 καὶ
1287 370 1477 404 προσκυνητῆς
1493 368 1608 403 Τριάδος
1620 368 1694 402 (4ης
1713 367 1730 402 ἢ
1746 367 1788 398 τίς
1811 375 1853 393 σοι

1067 413 1198 449 ἐγνώρισε
1213 414 1263 449 τὴν
1277 414 1408 449 ἐνσαρκον
1419 414 1573 448 οἰκονομίαν
1584 414 1630 440 τοῦ
1643 414 1701 445 ἑνὸς
1710 414 1758 448 τῆς
1771 413 1854 447 ἁγίας

1067 461 1193 495 Τριάδος;
1213 460 1261 492 Τίς
1286 460 1315 486 δέ
1329 469 1359 486 σε
1387 460 1488 493 ἐδίδαξε
1519 461 1583 492 τοὺς
1608 460 1673 494 περὶ
1696 460 1854 494 ἀσωμάτων

1065 506 1172 539 λόγους,
1190 506 1206 541 ἢ
1227 507 1290 537 τοὺς
1312 507 1376 541 περὶ
1402 506 1535 540 γενέσεως
1562 506 1609 532 καὶ
1634 505 1853 536 συντελείας.τοῦ

1066 551 1207 586 ὁρωμένου
1234 551 1337 586 κόσμου
1348 559 1355 566 ·
1372 551 1388 586 ἢ
1412 551 1475 586 περὶ
1499 550 1549 586 τῆς
1565 552 1597 577 ἐκ
1610 550 1716 586 νεκρῶν
1732 551 1854 577 ἀναστὰν

1066 605 1135 628 σεως
1150 602 1197 623 και
1211 597 1321 623 αἰωνίου
1334 597 1419 632 ζωῆς,
1434 597 1450 632 ἢ
1469 597 1534 632 περὶ
1548 597 1596 631 τῆς
1613 596 1691 631 δόξης
1704 597 1754 632 τῆς
1775 597 1854 631 βασι-η

1065 642 1139 674 λείας
1156 642 1209 669 τῶν
1222 643 1356 678 οὐρανῶν,
1375 643 1421 670 καὶ
1436 643 1484 678 τῆς
1498 643 1618 678 φοόερᾶς
1640 643 1769 678 κρίσεως;
1783 643 1854 678 οὐχὶ

1065 688 1172 723 ὴχὰρις
1185 688 1231 714 τοῦ
1244 688 1362 723 Χριστοῦ
1378 689 1394 723 ὴ
1408 689 1550 715 ἐνοικοῦσα
1572 690 1602 715 ὲν
1615 689 1672 721 σοί;
1698 689 1759 723 ἣτις
1776 689 1853 715 ἐστὶν

1064 735 1078 759 ὁ
1092 734 1219 770 ἀρραϐὼν
1238 734 1285 761 τοῦ
1302 734 1380 768 ἁγίου
1394 734 1571 769 Hilarium-tog;
1589 735 1622 760 Τί
1639 734 1731 769 μεῖζον
1744 734 1852 769 ταύτης

1064 780 1113 814 τῆς
1136 781 1263 815 χάριτος;
1285 781 1302 815 ἢ
1327 781 1354 807 τί
1373 781 1498 816 κρεῖττον
1512 780 1612 815 ταύτης
1625 781 1674 816 τῆς
1691 780 1788 815 σοφίας
1804 780 1853 807 καὶ

1065 826 1111 860 τῆς
1138 825 1285 860 γνὼσεως;
1307 826 1324 861 ἦ
1343 826 1369 852 τί
1393 825 1446 852 τῶν
1468 825 1639 860 ἐπαγγελιῶν
1665 826 1851 861 ύψηλότερονς

1064 872 1097 898 El
1110 872 1138 898 δέ
1156 872 1240 907 ἐσμεν
1264 872 1344 907 ἀργοὶ
1361 871 1408 898 καὶ
1428 870 1549 906 ἀμελεῖς,
1565 871 1610 897 καὶ
1627 871 1664 906 μὴ
1680 870 1852 906 καθαίρομεν

1063 917 1176 948 ἑαυτοὺς
1193 916 1247 944 τῶν
1271 917 1429 944 κωλυόντων
1452 917 1536 951 ἡμᾶς,
1554 917 1601 943 καὶ
1623 916 1668 942 τὸν
1694 917 1756 944 νοῦν
1772 917 1853 952 ἡμῶν

1063 964 1267 999 ἐκτυφλούντων
1284 964 1386 996 παθῶν,
1403 963 1472 991 ὥστε
1483 964 1612 991 δύνασθαι
1626 963 1673 990 καὶ
1689 964 1853 1000 τρανότερον

1064 1010 1140 1046 ἡλίου
1156 1010 1219 1041 τοὺς
1233 1009 1412 1046 περὶτούτων
1427 1009 1523 1043 λόγους
1534 1009 1610 1045 ὁρᾷν,
1629 1009 1852 1039 ἑαυτοὺς-αἰτια-

1064 1055 1187 1091 σώμεΰα,
1205 1056 1253 1082 καὶ
1270 1055 1306 1091 μὴ
1319 1055 1368 1091 τὴν
1383 1056 1432 1090 τῆς
1444 1055 1555 1090 χάριτος
1571 1054 1707 1089 ἐνοίκησιν
1723 1053 1852 1090 ἁρνησώ-

1065 1099 1144 1135 μεθα.

1099 1190 1149 1221 οη’.
1184 1186 1213 1213 '0
1246 1185 1480 1220 ἐπαγγειλάμενὸς
1511 1194 1551 1212 σοι
1585 1184 1653 1216 Θεὸς
1687 1184 1722 1214 τὰ
1753 1184 1851 1212 αἰώνια

1063 1232 1164 1267 ἀγαθὰ,
1190 1232 1237 1258 καὶ
1261 1232 1306 1258 τὸν
1337 1231 1486 1267 ἀρραϐῶνα
1513 1230 1560 1257 τοῦ
1576 1230 1734 1265 Πνεύματος
1758 1231 1788 1256 ἐν
1816 1232 1851 1266 τῇ

1062 1279 1162 1314 καρδίᾳ
1184 1277 1327 1309 δεδωκὼς,
1364 1277 1516 1304 ἐνετείλατό
1541 1285 1581 1303 σοι
1608 1277 1798 1312 ἐπιμελεῖσθαί
1822 1285 1852 1302 σε

1061 1323 1109 1349 τοῦ
1126 1323 1194 1357 βίου,
1215 1322 1258 1349 ἴνα
1287 1323 1301 1349 ὁ
1327 1322 1380 1348 ἔσω
1408 1321 1550 1358 ἄνθρωπος
1572 1321 1626 1348 τῶν
1651 1321 1751 1348 παῠῶν.
1774 1321 1852 1348 ἐλευ-

1063 1367 1202 1403 Θερωθεὶς,
1217 1367 1331 1403 ἄρξηται
1347 1367 1513 1396 ἀπεντεῦοεν
1525 1367 1576 1403 τῆς
1589 1367 1643 1394 τῶν
1656 1367 1769 1401 ἀγαθῶν
1782 1368 1852 1395 ἀπο-

1062 1413 1193 1445 λαύσεως.

1097 1461 1145 1487 οο’.
1169 1461 1230 1488 Τῶν
1250 1461 1329 1488 θείων
1344 1461 1391 1488 καὶ
1411 1460 1521 1496 ὑψηλῶν
1546 1459 1728 1492 καταξιωθεὶς
1743 1459 1852 1494 θεωρη-

223 1512 336 1538 compos
361 1504 486 1536 effectus,
504 1511 628 1539 magnam
644 1504 821 1531 charitati-ac
837 1504 1013 1531 continentiae

1072 1507 1176 1538 λάτων,
1192 1506 1296 1541 σφόδρα
1320 1506 1451 1541 ἐπιμελοῦ
1467 1506 1580 1541 ἀγάπης
1595 1506 1642 1533 καὶ
1663 1505 1828 1540 ἐγκρατείας
1846 1513 1853 1520 '

223 1550 394 1584 diligentiam
409 1549 479 1576 habe
492 1557 498 1575 :
514 1556 568 1583 quo
578 1556 676 1584 nempe
687 1553 792 1584 partem
808 1550 890 1576 animi
908 1549 1013 1576 allecti-

224 1596 275 1622 bus
285 1587 442 1627 obnoxiam,
461 1595 687 1630 imperturbatam
714 1603 836 1627 servans,
854 1596 1014 1623 indeliciens

223 1642 308 1668 animi
319 1641 401 1676 jubar
413 1641 548 1668 obtinens.

259 1685 302 1713 80.
318 1685 484 1723 Irascentem
510 1685 593 1712 animi
620 1690 726 1720 partem
747 1685 883 1713 charitate
914 1685 1011 1719 frena;

224 1731 337 1765 ejusque
353 1735 456 1766 partem
470 1731 709 1766 concupiscentem
726 1731 902 1759 continentia:
912 1732 1014 1759 labori-

225 1775 276 1802 bus
290 1783 416 1803 macera:
444 1775 499 1802 vim
526 1780 618 1803 autem
649 1776 763 1804 rationis
786 1776 919 1804 orationis
938 1776 1013 1804 Cultu

224 1821 369 1848 sublimem
379 1820 454 1853 leva;
470 1828 520 1847 nec
535 1820 603 1847 ullas
617 1827 736 1855 unquam
748 1820 848 1848 mentis
857 1825 911 1848 tua:
920 1821 1014 1847 lumen

225 1865 355 1892 tenebras
370 1865 504 1892 incurret.

261 1911 305 1938 81.
324 1911 390 1944 Qua:
420 1910 597 1938 dilectionem
621 1911 742 1943 solvunt,
767 1910 826 1938 haec
845 1910 904 1938 fere
932 1916 1013 1944 sunt;

226 1965 334 1991 nmnpe,
357 1957 496 1984 detractus
512 1956 611 1989 honor,
626 1956 719 1983 damni
746 1956 814 1983 illati
835 1956 943 1993 injuria,
970 1964 1014 1984 ca-

226 2000 339 2032 lumnia,
356 2000 412 2027 sive
426 2000 454 2026 in
468 1999 532 2032 ﬁde,
548 2000 605 2028 sive
617 2000 645 2027 in
660 2000 715 2027 vita
731 2008 764 2027 ac
788 2001 928 2035 moribus;
951 2010 1015 2030 ver—

226 2047 302 2077 bera,
318 2046 442 2078 vulnera,
465 2049 518 2072 etc.
543 2046 632 2080 Atque
654 2046 713 2073 haec
729 2046 772 2073 vel
791 2054 851 2081 quae
866 2046 917 2081 ipsi
946 2055 1014 2074 con-

226 2093 343 2126 tingunt,
359 2091 401 2118 vel
419 2099 479 2125 qua:
502 2090 623 2117 aﬂinium
646 2091 765 2126 cuipiam
787 2100 836 2119 seu
863 2092 1014 2120 amicorum

227 2137 393 2172 ir'rogcntur.
406 2136 457 2169 Qui
474 2136 557 2171 igitur
572 2136 671 2163 horum
699 2137 816 2173 alicujus
831 2146 913 2166 causa
944 2138 1014 2166 dile-

228 2182 348 2208 uioncm
359 2181 483 2208 solvitac
495 2181 668 2213 charitatcm,
695 2182 717 2209 is
741 2182 859 2210 necdum
887 2183 1012 2218 quisnam
1030 2188 1052 2215 ι)

233 2228 294 2254 linis
310 2227 346 2254 sit
357 2227 548 2254 mandatorum
565 2227 666 2255 Christi
680 2230 817 2264 cognovit.

265 2272 308 2299 82.
336 2271 420 2299 Stude
447 2277 549 2307 quanta
575 2272 690 2300 facultas
717 2275 843 2308 quemvis
871 2271 1013 2302 hominum

226 2318 350 2353 diligere.
371 2317 418 2345 Sin
432 2322 524 2345 autem
542 2317 705 2345 idenecdum
722 2323 850 2354 prmstare
863 2321 948 2353 vales,
971 2321 1014 2348 vel

225 2368 300 2391 terte
317 2363 455 2391 neminem
484 2363 586 2391 oderis.
601 2363 640 2391 Ac
665 2371 699 2391 ne
727 2364 779 2392 hoc
805 2365 916 2400 quidem
940 2366 1015 2394 vales

227 2415 366 2444 j-mtstare,
383 2409 436 2436 nisi
449 2417 510 2444 quae
519 2413 584 2437 sunt
597 2410 693 2437 mundi
707 2411 915 2446 contempseris.

260 2456 304 2482 85.
325 2455 386 2482 Tibi
401 2455 503 2490 aliquis
518 2455 678 2483 maledixit?
691 2456 729 2483 Ne
756 2456 831 2482 illum
847 2456 949 2489 oderis,
966 2458 1013 2485 sed

225 2502 300 2536 quod
318 2502 346 2528 in
364 2506 389 2528 te
411 2501 542 2537 iactatum
556 2507 599 2529 est
630 2501 817 2534 maledictum,
837 2504 950 2538 ejusque
974 2504 1015 2539 ja—

227 2547 319 2574 (:tandi
334 2550 486 2578 auctorem,
505 2547 656 2574 diabolum.
673 2547 719 2574 Sin
736 2552 827 2575 autem
846 2548 933 2583 ipsum
948 2550 1013 2576 ode-

227 2594 275 2624 ris,
292 2592 340 2627 qui
359 2593 510 2625 maledixit,
522 2593 663 2621 hominem
674 2593 767 2625 odisti,
781 2601 899 2629 reusque
911 2604 941 2622 es
956 2595 1012 2622 vio-

227 2637 272 2664 lati
290 2637 432 2664 mandati:
449 2645 481 2666 ac
510 2638 583 2672 quod
610 2638 655 2666 ille
686 2637 750 2666 fecit
778 2639 872 2672 verbo,
900 2644 928 2666 tu
949 2640 1015 2667 facis

224 2691 319 2718 opere.
333 2683 381 2710 Sin
391 2687 486 2718 autem
502 2692 594 2712 servas
606 2684 775 2717 mandatum,
788 2693 848 2720 qme
859 2685 1014 2713 dilectionis

225 2732 299 2762 sunt,
315 2729 426 2761 exhibe,
441 2737 473 2756 ac
489 2729 512 2756 si
529 2730 595 2764 quid
612 2738 660 2764 per
680 2730 837 2758 facultatem
856 2731 929 2764 licet,
943 2731 1013 2759 ferto

226 2781 316 2808 opem,
331 2778 361 2801 ut
376 2782 390 2801 τι
406 2775 477 2802 malo
489 2775 600 2802 liberes.

263 2821 306 2847 δι.
323 2819 383 2847 Non
405 2820 609 2854 vullChrislus,
639 2825 669 2848 ut
700 2821 833 2849 adversus
858 2823 1012 2858 quempiam

1064 1553 1108 1578 ἴνα
1123 1552 1154 1578 τὸ
1174 1551 1326 1586 παθητικὸν
1351 1552 1488 1587 ἀτάραχον
1503 1551 1691 1586 διαφυλάττων
1703 1571 1711 1583 ,
1726 1550 1852 1577 ἀνέκλει-

1064 1607 1129 1624 πτον
1145 1597 1209 1633 ἓξῃς
1223 1597 1253 1624 τὸ
1266 1598 1316 1633 τῆς
1330 1597 1419 1633 ψυχῆς
1435 1598 1546 1632 φέγγος.

1100 1693 1136 1715 π’.
1156 1688 1193 1714 Τὸ
1217 1687 1331 1722 θυμικὸν
1355 1687 1404 1723 τῆς
1429 1687 1535 1722 ψυχῆς,
1563 1687 1657 1721 ἀγάπῃ
1679 1686 1828 1721 χαλίνωσον
1844 1694 1851 1700 ·

1064 1734 1112 1760 καὶ
1123 1734 1154 1760 τὸ
1164 1733 1363 1768 ἐπιθυμητικὸν
1375 1733 1459 1768 αὐτῆς
1484 1732 1633 1767 ἐγκρατείᾳ
1644 1731 1852 1766 καταμάρανον·

1065 1781 1112 1806 καὶ
1128 1780 1158 1806 τὸ
1179 1779 1288 1814 λογικὸν
1306 1780 1391 1814 αὐτῆς
1411 1780 1549 1815 προσευχῇ
1578 1779 1718 1814 πτέρωσον
1731 1787 1739 1794 ·
1762 1778 1810 1805 καὶ
1823 1778 1855 1805 τὸ

1065 1826 1122 1861 φῶς
1137 1825 1184 1852 τοῦ
1200 1825 1245 1852 νοῦ
1259 1825 1309 1852 οὐκ
1323 1824 1496 1860 ἀμαυροῦται
1513 1833 1590 1851 ποτε.

1101 1915 1158 1943 ποί.
1185 1914 1226 1942 Τὰ
1240 1915 1289 1951 τὴν
1313 1915 1424 1951 ἀγάπην
1451 1914 1560 1946 λύοντα,
1578 1915 1633 1942 alat
1657 1914 1762 1941 ταῦτα·
1783 1911 1852 1946 οἷον,

1065 1961 1171 1996 ἀτιμία,
1188 1961 1285 1996 ζημία,
1303 1961 1481 1995 συκοφαντία,
1496 1960 1512 1996 ἢ
1529 1961 1569 1992 είς
1581 1960 1683 1992 πίστιν,
1696 1961 1712 1996 ἢ
1726 1961 1767 1992 είς
1783 1960 1853 1996 βίον·

1065 2007 1165 2042 δαρμοὶ
1179 2028 1185 2039 ,
1211 2006 1315 2042 πληγαὶ
1328 2026 1336 2039 ,
1360 2006 1408 2033 καὶ
1426 2005 1460 2033 τὰ
1476 2007 1540 2041 ἑξῆς
1551 2015 1558 2022 ·
1577 2007 1625 2033 καὶ
1639 2006 1726 2034 ταῦτα
1741 2007 1758 2043 ἧ
1777 2008 1855 2043 αὐτῷ

1067 2053 1258 2087 συμϐαίνοντα,
1274 2053 1291 2087 ἦ
1309 2061 1362 2079 τινι
1380 2053 1435 2079 τῶν
1452 2052 1534 2079 αὑτοῦ
1558 2052 1699 2087 συγγενῶν
1714 2053 1731 2088 ἢ
1756 2053 1854 2087 φίλων.

1072 2099 1101 2125 'O
1114 2096 1161 2125 οὖν
1174 2098 1218 2125 διά
1235 2107 1260 2125 τι
1278 2099 1380 2125 τούτων
1396 2098 1466 2125 λύων
1480 2099 1530 2134 τὴν
1545 2099 1668 2133 ἀγάπην,
1690 2098 1768 2125 οὔπω
1781 2099 1856 2134 ἔγνω

1065 2146 1108 2178 τίς
1121 2147 1135 2173 ὁ
1149 2146 1248 2177 σκοπὸς
1265 2146 1320 2172 τῶν
1337 2145 1384 2172 τοῦ
1399 2145 1517 2181 Χριστοῦ
1532 2145 1658 2173 ἐντολῶν.

1102 2275 1157 2311 πβ’.
1184 2275 1338 2302 Σπούδασον
1363 2276 1426 2303 ὅσον
1452 2276 1564 2304 δύνασαι
1593 2277 1684 2304 πάντα
1708 2276 1857 2312 ἄνθρωπον

1066 2322 1219 2356 ἀγαπῆσαι.
1237 2322 1268 2348 Et
1291 2322 1320 2348 δὲ
1335 2321 1413 2348 τοῦτο
1429 2321 1505 2348 οὔπω
1524 2322 1657 2354 δύνασαι,
1676 2322 1727 2349 κᾶν
1749 2323 1858 2358 μηδένα

1067 2368 1195 2403 μισήσῃς.
1214 2367 1251 2394 Οὐ
1276 2367 1389 2394 δύνασαι
1413 2367 1441 2394 δέ
1456 2368 1517 2394 οὐδὲ
1531 2367 1609 2395 τοῦτο
1625 2367 1756 2403 ποιῆσαι,
1776 2368 1801 2394 εἰ
1818 2369 1857 2404 μὴ

1065 2414 1119 2440 τῶν
1131 2414 1178 2441 τοῦ
1195 2414 1299 2450 κόσμου
1314 2415 1486 2450 πραγμάτων
1499 2415 1721 2450 καταφρονήσῃς.

1102 2462 1157 2494 πγ¹.
1181 2459 1210 2486 ’0
1222 2460 1296 2486 δεῖνα
1311 2460 1508 2494 ἐϐλασφήμησε
1519 2467 1526 2474 ο
1550 2459 1587 2494 μὴ
1603 2459 1723 2495 μισήσῃς
1738 2459 1857 2490 ἐκεῖνον,

1067 2503 1135 2530 ἀλλὰ
1149 2503 1198 2539 τὴν
1219 2503 1405 2539 βλασφημίαν,
1422 2504 1470 2530 καὶ
1487 2504 1534 2530 τὸν
1549 2503 1746 2538 βλασφημῆσαι
1768 2512 1860 2539 παρα·

1068 2549 1243 2576 σκευάσαντα
1265 2549 1392 2584 δαίμονα.
1425 2548 1456 2576 Et
1484 2549 1512 2575 δὲ
1544 2549 1588 2575 τὸν
1615 2549 1859 2584 βλασφημήσαντα

1068 2597 1168 2630 μισεῖς,
1184 2596 1327 2631 ἄνθρωπον
1352 2596 1498 2632 ἐμίσησας,
1515 2597 1562 2624 καὶ
1578 2596 1628 2630 τὴν
1651 2596 1762 2630 ἐντολὴν
1781 2605 1858 2631 παρ-

1067 2641 1133 2676 έϐης
1147 2650 1154 2657 ·
1169 2642 1216 2668 καὶ
1228 2643 1297 2677 ὅπερ
1312 2643 1416 2674 ἐκεῖνος
1433 2642 1471 2677 τῷ
1484 2642 1556 2677 λόγῳ
1572 2641 1694 2677 ἐποίησε,
1711 2642 1800 2672 ποιεῖς
1823 2643 1858 2668 σὺ

1067 2686 1106 2721 τῷ
1131 2687 1214 2722 ἔργῳ.
1242 2687 1272 2713 Εἰ
1298 2687 1327 2713 δέ
1351 2687 1400 2722 τὴν
1427 2687 1536 2722 ἐντολὴν
1561 2687 1723 2721 φυλάττεις,
1749 2686 1784 2712 τὰ
1807 2688 1859 2720 τῆς

1067 2732 1178 2767 ἀγάπης
1191 2731 1339 2765 ἐπίδειξαι·
1353 2733 1400 2759 καὶ
1420 2734 1446 2759 εἴ
1461 2741 1487 2759 τι
1502 2733 1626 2765 δύνασαι,
1646 2732 1793 2767 βοήθησον,
1813 2733 1861 2759 ἶνα

1067 2778 1114 2804 τοῦ
1130 2778 1215 2805 κακοῦ
1231 2779 1312 2806 αὐτὸν
1331 2779 1498 2815 ἀπαλλάξῃς.

1105 2823 1154 2851 1:6'.
1172 2825 1208 2851 Ού
1225 2825 1297 2852 θέλει
1316 2834 1345 2852 σε
1359 2826 1372 2852 ὁ
1389 2825 1506 2860 Χριστὸς
1531 2826 1608 2861 μῖσος
1629 2825 1701 2859 ἔχειν
1717 2824 1787 2860 πρὸς
1809 2825 1860 2850 ἇν-
