1948 3077
136 149 206 182 1069

576 147 744 178 CAPITUM
765 146 814 176 DE
834 145 1050 176 CHARITATE
1068 147 1262 177 CENTURIA
1282 148 1331 178 IV.

1697 145 1764 179 10⁸70

134 206 255 242 θρωπον,
273 204 290 239 ἢ
305 203 394 239 λύπην
411 203 524 240 ἣόργὴν
542 204 557 238 ἢ
576 202 761 238 μνησικακίαν
778 201 919 229 τοσύνολον

982 202 1117 229 iominum
1134 203 1227 230 odium
1242 204 1353 235 habeas,
1365 202 1447 238 456
1461 207 1508 230 aut
1520 202 1585 237 τριζτὶ
1603 202 1687 230 animi
1702 210 1765 230 scn-

134 250 195 278 καθ’
221 250 378 286 οἱονδήποτε
396 250 510 285 τρόπον,
536 248 552 284 ἢ
577 249 611 275 δι’
628 248 786 283 οίονδήποτε
805 248 922 281 πρᾶγμα

134 297 314 331 πρόσκαιρον.
340 296 395 323 Καὶ
411 296 489 322 τοῦτο
514 295 602 330 πάντη
630 294 714 329 βοῶσι
742 293 777 320 τὰ
800 294 922 328 τέσσαρα

134 343 299 378 amnem.

171 437 224 461 πε’.
238 432 335 460 Πολλοί
350 433 435 468 ἐσμεν
447 433 473 459 at
489 431 626 466 λέγοντες,
638 422 723 465 ολίγοι
738 431 765 457 δὲ
780 431 805 456 οἱ
816 428 924 456 ποιοῦν-

134 489 189 512 τες.
212 479 283 506 Ἀλλ’
306 478 353 505 οὖν
374 479 420 505 τὸν
436 478 516 512 λόγον
541 477 588 504 τοῦ
618 476 686 503 Θεοῦ
709 476 797 507 οὐδεὶς
823 475 923 509 ὤφειλε

134 526 255 553 νοθεύειν
271 525 315 551 διὰ
326 525 376 559 τὴν
393 524 461 551 ἰδίαν
476 523 607 559 ἀμέλειαν
619 531 626 538 ·
646 522 705 550 ἀλλ’
718 521 860 557 ὁμολογεῖν
874 520 923 556 μὲν

133 571 184 606 τὴν
206 570 304 598 ἑαυτοῦ
328 569 481 600 ἀσθένειαν,
509 568 546 604 μὴ
563 567 751 602 ἀποκρύπτειν
764 566 792 592 δὲ
809 566 859 600 τὴν
876 565 923 591 τοῦ

134 617 204 644 Θεοῦ
223 616 372 651 ἀλήθειαν·
399 615 442 641 ἵνα
472 614 510 649 μὴ
525 614 647 640 ὑπόδικοι
670 612 828 647 γενώμεθα.
854 610 924 646 μετὰ

133 663 184 697 τῆς
196 662 250 688 τῶν
265 661 381 687 ἐντολῶν
395 660 589 696 παραϐάσεως,
605 659 711 693 καὶτῆς
723 657 770 684 τοῦ
784 657 863 690 λόγου
875 656 923 683 τοῦ

134 707 203 734 Θεοῦ
218 707 445 743 παρεξηγήσεως-

169 794 231 827 πς’.
255 794 361 829 Ἀγάπη
383 795 431 821 καὶ
444 794 613 828 ἐγκράτεια,
641 790 737 818 παῢὼν
763 791 812 826 τὴν
834 790 923 824 ψυχὴν

134 841 343 876 ὲλευθεροῦσιν·
364 840 518 873 ἀνάγνωσις
541 839 587 865 καὶ
604 838 705 872 θεωρία
718 857 725 868 ,
740 837 853 871 ἀγνοίας
878 837 923 862 τὸν

135 887 198 913 νοῦν
222 885 439 912 ἀπαλλάττουσιν
451 893 458 900 ·
477 885 493 918 ἠ
510 884 539 910 δὲ
553 883 602 918 τῆς
618 882 772 916 προσευχῆς
787 881 925 907 κατάστα-

136 939 178 962 at;
190 932 238 966 (υ),
255 930 328 965 αὐτῷ
343 930 509 964 παρίστησιν
524 928 606 955 αὐτὸν
621 927 662 962 τῷ
677 927 746 962 Θεῷ.

171 977 225 1009 ιιι-ζ’.
240 977 326 1002 Ὀταν
341 976 434 1002 ἴδωσιν
451 975 524 1010 ἡμᾶς
540 974 564 1000 οἰ
585 974 712 1008 δαίμονες
725 973 780 999 τῶν
794 971 925 1008 πραγμά-

134 1031 188 1050 των
204 1022 251 1048 τοῦ
275 1022 379 1056 κόσμου
407 1018 646 1054 καταφρονοῦντας
659 1017 714 1053 (48)
728 1038 734 1049 ,
762 1017 805 1044 ἵνα
829 1018 866 1052 μὴ
891 1016 924 1043 δι’

135 1069 207 1096 αὐτὰ
227 1068 291 1098 τοὺς
314 1065 476 1101 ἀνθρώπους
503 1065 665 1100 μισήσωμεν
681 1064 727 1090 καὶ
743 1064 791 1097 τῆς
813 1063 925 1097 ἀγάπης

135 1114 309 1147 ἐκπέσωμεν,
321 1111 382 1138 τότε
399 1110 581 1145 συκοφαντίας
594 1108 655 1135 καθ’
668 1109 746 1143 ἡμῶν
761 1107 922 1142 ἐγείρουσιν,

136 1160 179 1185 ἶνα
194 1158 244 1191 τὴν
259 1157 348 1192 λύπην
369 1156 407 1191 μὴ
423 1155 551 1190 φέροντες
563 1176 570 1187 ,
586 1154 649 1186 τοὺς
667 1153 925 1187 συκοφαντήσαντας

136 1205 309 1240 μισήσωμεν.

170 1249 228 1284 mf.
246 1249 305 1275 οὐκ
320 1248 378 1274 ἐστι
400 1248 481 1279 πόνος
503 1247 592 1282 ψυχῆς
619 1245 770 1282 βαρύτερος
787 1253 924 1279 συκοφαν-

133 1296 193 1326 τίας
209 1294 283 1330 (49),
301 1295 350 1321 κᾶν
371 1302 400 1320 τε
426 1294 465 1324 εἰς
482 1295 574 1319 πίστιν
587 1311 594 1323 ,
617 1291 669 1319 κάν
694 1300 724 1318 τε
745 1292 784 1322 είς
802 1290 859 1326 βίον
882 1298 925 1321 τις

134 1341 347 1374 συκοφαντεῖται
359 1349 366 1356 ·
390 1339 439 1365 καὶ
456 1338 545 1369 οὐδεὶς
560 1337 664 1372 ταύτης
680 1337 862 1372 καταφρονεῖν
878 1335 924 1361 δύ-

134 1395 224 1414 ναται.
241 1387 265 1412 εἰ
283 1386 320 1420 μὴ
338 1385 415 1420 μόνος
429 1386 443 1411 6
457 1384 496 1416 et;
516 1383 583 1410 Θεὸν
603 1383 826 1418 ἀποϐλεπόμενος
852 1382 890 1413 ὼς
908 1382 924 1416 ή

134 1432 277 1462 Σωσάννα,
300 1431 346 1458 τὸν
361 1432 441 1466 μόνον
462 1430 613 1464 δυνάμενον
627 1429 674 1455 καὶ
692 1429 722 1460 ἐξ
737 1427 864 1462 ἀναγκῶν
879 1427 925 1462 ρύ-

135 1477 236 1505 σασθαι
251 1476 347 1511 ὥσπερ
364 1476 506 1511 κάκείνην,
528 1475 576 1502 καὶ
597 1475 660 1506 τοὺς
675 1473 836 1508 ἀνθρώπους
854 1473 925 1508 πλη-

136 1524 299 1560 ῳφορῆσαι,
315 1523 354 1554 ὡς
375 1523 421 1549 καὶ
435 1522 500 1571 περὶ
515 1521 622 1556 ἐκείνης
634 1528 642 1535 ·
660 1520 707 1546 καὶ
721 1519 770 1554 τὴν
786 1519 876 1554 ψυχὴν
890 1519 923 1554 τῇ
938 1542 960 1571 C

134 1569 221 1596 ἐλπίδι
238 1566 502 1603 παραμυθήσασθαι.

172 1616 227 1643 πῐγ.
242 1615 325 1641 ὐσον
337 1613 406 1650 εὔχῃ
418 1614 451 1639 ἐκ
465 1614 515 1648 τῆς
534 1612 624 1648 ψυχῆς
639 1611 709 1647 ὑπὲρ
723 1611 772 1638 τοῦ
789 1619 926 1645 συκοφαν-

134 1663 287 1696 τήσαντος,
311 1658 437 1686 τοσοῦτον
464 1659 511 1685 καὶ
534 1659 549 1684 ὁ
572 1658 640 1690 Θεὸς
665 1658 836 1693 πληροφορεϊ
860 1657 926 1689 τοὺς

136 1706 391 1737 σκανδαλισθὲντας.
429 1712 434 1718 '

171 1797 207 1828 ι-ί.
228 1794 311 1821 Φύσει
332 1793 434 1828 ἀγαθὸς
454 1794 535 1829 μόνος
549 1793 563 1820 6
579 1792 645 1825 Θεός
658 1802 664 1808 ·
684 1794 732 1820 καὶ
746 1793 842 1829 γνώμῃ
859 1794 927 1828 ἀγα-

136 1840 192 1874 θὸς,
208 1841 288 1876 μόνος
304 1841 318 1867 6
330 1840 509 1876 ϐεομίμητος.
532 1840 635 1871 Σκοπὸς
648 1839 703 1875 γὰρ
717 1839 791 1875 αὐτῷ
805 1839 927 1878 ὲστιιτῷ

135 1886 217 1921 φύσει
233 1885 328 1921 ἀγαθῷ
344 1886 406 1917 τοὺς
426 1885 563 1920 πονηροὺς
584 1885 712 1920 συνάψαι,
732 1885 776 1912 ἵνα
793 1885 926 1919 γένωνται

136 1932 244 1966 ἀγαθοί.
271 1932 321 1959 Διά
341 1931 420 1958 τοῦτο
442 1932 488 1958 ὑπ’
524 1931 614 1959 αὐτῶν
639 1931 845 1967 λοιδορούμενος
879 1932 926 1958 εὑ-

135 1978 215 2012 λογῇο
231 1979 394 2012 διωκόμενος
420 1978 556 2013 ἀνέχεται·
586 1977 830 2012 βλασφημούμενος
840 1986 927 2013 παρα-

137 2024 235 2050 καλεῖ⁸
277 2023 455 2058 φονευόμενος
498 2022 691 2058 ὑπερεύχεται.
721 2022 814 2049 Πάντα
843 2023 925 2054 ποιεῖ,

136 2070 180 2096 ῐνα
192 2069 240 2096 τοῦ
258 2069 360 2096 σκοποῦ
373 2070 423 2104 τῆς
441 2068 554 2104 ἀγάπης
569 2068 606 2104 μὴ
619 2069 738 2105 ἐκπέσῃ.

171 2155 227 2188 μα’.
241 2155 274 2182 Αἱ
290 2155 339 2190 μὲν
354 2155 458 2182 ἐντολαὶ
472 2154 519 2181 τοῦ
534 2155 651 2190 Κυρίου,
665 2155 836 2182 διδάσκουσιν
853 2156 925 2190 ἡμᾶς

976 255 1047 280 sum,
1062 253 1108 276 aut
1122 249 1201 281 iram,
1215 250 1332 277 ullamve
1343 249 1441 284 quovis
1449 249 1562 275 omnino
1573 249 1664 281 modo,
1677 249 1720 276 vel
1732 250 1766 276 ob

976 294 1058 321 ullam
1075 303 1189 329 prorsus
1207 303 1264 322 rem
1282 299 1499 329 temporaneam,
1530 298 1624 322 teneas
1649 294 1765 328 injuria-

977 348 1037 366 runi
1052 341 1222 368 memoriam.
1240 341 1329 375 Atque
1350 340 1403 367 hoc
1417 339 1530 366 omnino
1540 343 1660 373 quatuor
1675 339 1762 366 Evan-

977 386 1047 421 gelia
1064 387 1194 414 clamant.

1012 432 1055 459 85.
1073 433 1150 460 Multi
1172 440 1268 460 sumus
1282 432 1330 468 qui
1357 433 1490 466 dicamus,
1514 433 1594 467 pauci
1613 432 1661 467 qui
1684 431 1768 459 facia-

977 486 1049 505 mus.
1067 479 1154 505 Nemo
1183 482 1285 511 tamen,
1309 479 1382 513 quod
1399 478 1458 513 ipse
1472 478 1614 513 negligens
1638 478 1766 512 inersque

977 529 1031 556 est,
1044 525 1092 552 Dei
1108 525 1224 553 verbum
1237 525 1320 552 debet
1331 525 1487 553 adulterare
1502 534 1509 552 :
1540 525 1588 552 sed
1612 532 1690 552 suam
1707 524 1767 558 qui-

977 569 1039 597 dem
1055 570 1135 598 fatcri
1150 571 1348 599 inﬁrmitatem.
1361 578 1412 598 nec
1428 575 1520 598 tamen
1546 574 1692 604 propterea
1719 569 1767 596 Dei

977 617 1068 644 celare
1084 617 1243 650 veritatem;
1257 625 1292 644 ne
1310 617 1429 652 duplicis
1442 617 1568 644 criminis
1583 616 1623 643 rei
1645 615 1768 642 invenia—

979 671 1052 695 mur,
1078 663 1152 697 quod
1172 671 1226 689 non
1253 663 1342 690 solum
1363 662 1491 689 mandata
1522 662 1766 696 transgrediamur,

978 716 1073 736 verum
1087 709 1169 735 etiam
1181 708 1229 736 Dei
1246 709 1360 736 verbum
1371 715 1402 735 ac
1415 709 1583 743 Scripturam
1600 709 1670 736 male
1682 709 1768 737 inter-

978 758 1128 788 pretcnltir.

1013 797 1056 824 86.
1072 798 1186 824 Dilectio
1197 802 1225 825 et
1243 798 1414 826 continentia
1429 799 1547 825 animam
1565 798 1599 826 ab
1622 799 1768 826 affectibus

978 847 1061 877 atque
1073 843 1148 870 vitiis
1160 843 1279 869 liberant
1295 851 1301 869 :
1319 842 1400 870 lectio
1411 846 1501 870 autem
1517 847 1545 870 et
1561 843 1765 878 contemplatio,

976 892 1096 916 mentem
1122 889 1157 915 ab
1171 888 1325 923 ignorantia
1342 888 1478 920 eximunt;
1497 893 1525 916 at
1548 896 1609 915 cam
1634 889 1768 917 orationis

975 938 1062 962 status
1076 934 1127 968 ipsi
1139 934 1194 961 Deo
1208 934 1292 961 sistit.

1009 980 1052 1007 87.
1069 979 1138 1007 Cum
1169 987 1220 1006 nos
1245 979 1367 1008 viderint
1393 980 1532 1008 daemones
1558 988 1590 1008 ea
1614 988 1674 1016 qum
1702 985 1768 1008 sunt

975 1025 1070 1053 mundi
1083 1033 1227 1060 spernere,
1244 1033 1279 1053 ne
1295 1026 1405 1053 illorum
1423 1034 1505 1053 causa
1526 1027 1683 1061 quempiam
1698 1027 1767 1054 ode-

975 1070 1062 1097 rimus
1079 1079 1111 1097 ac
1126 1071 1270 1098 charitatis
1283 1071 1417 1106 jacturam
1449 1071 1601 1098 faciamus:
1624 1075 1690 1099 tunc
1719 1080 1766 1099 ca-

974 1115 1094 1143 lumnias
1108 1116 1135 1142 in
1144 1123 1194 1143 nos
1209 1116 1340 1149 excitant,
1353 1121 1394 1148 ut,
1406 1117 1470 1151 aegri
1484 1117 1567 1145 animi
1578 1117 1701 1145 dolorem
1711 1125 1767 1144 non

975 1160 1106 1194 ferentes,
1120 1170 1216 1189 earum
1229 1162 1311 1190 nobis
1326 1167 1478 1190 structores
1489 1163 1641 1190 oderimus.

1009 1248 1053 1275 88.
1063 1249 1160 1276 Nullus
1174 1249 1272 1277 animae
1288 1249 1397 1284 gravior
1407 1249 1496 1283 labor,
1507 1257 1589 1285 quam
1609 1250 1765 1283 calumnize,

975 1294 1033 1321 sive
1050 1294 1107 1322 hinc
1119 1294 1200 1322 ﬁdem
1217 1299 1301 1329 petat,
1327 1296 1384 1323 sive
1401 1296 1485 1322 vitam
1510 1303 1656 1331 moresque
1677 1297 1767 1331 respi-

975 1339 1046 1372 ciat;
1065 1348 1116 1367 nec
1138 1341 1283 1375 quisquam
1307 1341 1508 1368 contemnendo
1530 1342 1575 1373 sit,
1601 1341 1653 1369 nisi
1678 1342 1767 1369 solum

975 1385 1022 1420 qui
1041 1386 1127 1413 instar
1140 1386 1271 1414 Susanna-
1288 1387 1314 1413 in
1329 1379 1414 1414 Deum
1427 1387 1541 1422 aspiciat
1556 1388 1593 1420 ";
1614 1388 1661 1422 qui
1679 1388 1766 1421 solus,

975 1431 1052 1458 velut
1075 1431 1160 1463 illam,
1184 1438 1200 1458 a
1227 1431 1439 1459 necessitatibus
1462 1436 1552 1466 potest
1573 1432 1706 1465 liberare;
1733 1440 1768 1459 ac

975 1474 1152 1506 sicutinilta,
1169 1475 1271 1502 malum
1297 1482 1398 1503 nomen
1423 1475 1572 1511 depellere,
1598 1480 1681 1511 atque
1707 1477 1768 1505 aui-

976 1525 1052 1546 mum
1066 1518 1124 1554 spei
1139 1519 1238 1547 solatio
1255 1519 1358 1547 levare.

1012 1607 1056 1635 89.
1071 1607 1208 1640 Quantum
1223 1615 1256 1635 ex
1267 1607 1359 1635 animo
1372 1615 1422 1642 pro
1439 1615 1473 1636 eo
1485 1616 1557 1642 oras,
1573 1617 1588 1636 a
1601 1617 1656 1644 quo
1669 1617 1766 1645 asper-

977 1661 1024 1681 sus
1038 1653 1175 1681 calumnia
1188 1660 1228 1686 es,
1243 1657 1347 1679 tantum
1361 1653 1435 1680 Deus
1455 1653 1528 1688 apud
1544 1654 1605 1682 illos
1622 1653 1765 1690 abstergit,

977 1707 1047 1735 quos
1075 1699 1121 1726 illa
1150 1699 1316 1732 offenderat,
1346 1700 1472 1734 laasmque
1497 1700 1577 1727 ﬁdem
1602 1700 1767 1730 innocentia:

979 1746 1055 1773 facit.

1013 1792 1056 1819 90.
1074 1791 1155 1819 Solus
1169 1792 1242 1818 Deus
1257 1795 1356 1818 natura
1367 1791 1457 1818 bonus
1469 1796 1512 1818 est
1529 1800 1535 1818 :
1551 1792 1691 1819 voluntate
1717 1799 1766 1819 au-

977 1843 1033 1866 tem
1046 1838 1186 1872 animique
1202 1837 1340 1865 sententia
1358 1837 1434 1865 solus
1449 1837 1538 1864 bonus
1550 1842 1603 1870 est,
1616 1838 1663 1872 qui
1678 1837 1765 1865 Deum

977 1884 1111 1912 imitatur.
1130 1884 1160 1911 Id
1175 1885 1249 1912 enim
1263 1883 1376 1911 omnino
1403 1884 1512 1918 satagit,
1530 1889 1559 1911 ut
1582 1884 1619 1916 ei,
1646 1884 1693 1919 qui
1714 1892 1764 1911 na-

977 1936 1039 1958 tura
1054 1931 1143 1958 bonus
1164 1931 1210 1962 sit,
1231 1931 1318 1958 malos
1343 1931 1500 1967 coniungat,
1525 1939 1580 1966 quo
1606 1935 1634 1959 et
1661 1932 1679 1958 ii
1700 1932 1765 1959 boni

976 1977 1052 2004 ﬁant.
1063 1977 1168 2004 Idcirco
1182 1977 1235 2004 illis
1249 1977 1478 2004 maledicentibus
1499 1977 1655 2010 benedicit;
1672 1985 1765 2012 perse-

976 2023 1126 2058 quentibus
1163 2022 1300 2055 sustinet;
1327 2022 1592 2056 blasphemantibus,
1619 2022 1762 2055 obsecrat;

977 2068 1165 2100 enecantibus,
1191 2072 1320 2103 precatur
1333 2068 1366 2094 ³⁰.
1382 2067 1479 2095 Omnia
1494 2068 1614 2102 denique
1643 2067 1719 2100 facit,
1734 2072 1765 2096 ut

977 2113 1012 2140 ab
1026 2119 1110 2147 scopo
1121 2111 1277 2138 dilectionis
1292 2118 1347 2138 non
1359 2111 1476 2138 excidat.
1737 2132 1740 2135 .

1012 2158 1056 2186 9L
1083 2158 1220 2192 Praecepta
1253 2157 1395 2195 Dominica
1428 2157 1471 2184 his
1501 2164 1562 2191 quae
1592 2161 1656 2184 sunt
1681 2157 1765 2185 medii

136 2202 193 2232 τοῖς
223 2201 459 2237 μέσοιςιεωόγως
486 2205 641 2239 χρήσασθαι
665 2205 830 2240 πράγμασιν
860 2206 922 2240 ἠδὲ

982 2203 1082 2231 )rdinis
1094 2202 1194 2229 docent
1206 2202 1403 2229 convenienter
1417 2210 1451 2229 ex
1470 2203 1576 2229 ratione
1591 2203 1647 2229 uti:
1666 2210 1766 2230 convc-

136 2246 247 2280 εῠλογος
261 2247 316 2273 τῶν
330 2248 420 2282 μέσων
438 2249 545 2284 χρῆσις,
562 2249 611 2284 τὴν
631 2250 680 2284 τῆς
696 2250 784 2285 ψυχῆς
797 2251 924 2285 καθαίρει

135 2292 322 2319 κατάστασιν·
344 2294 361 2328 ἠ
383 2293 412 2320 δὲ
429 2294 538 2330 καθαρά
561 2296 738 2327 κατάστασις,
764 2297 853 2324 τίκτει
875 2298 924 2332 τὴν

134 2337 274 2373 διάκρισιν
288 2347 294 2353 ⁸
310 2341 327 2374 ἡ
339 2339 369 2365 δὲ
381 2340 532 2375 διάκρισις,
555 2342 643 2368 τίκτει
664 2342 713 2377 τὴν
726 2342 862 2371 ἀπάθειαν
873 2364 880 2376 ,
896 2344 926 2376 ἐξ

133 2382 168 2420 ἧς
185 2385 308 2412 τίκτεται
321 2387 338 2421 ἡ
352 2387 442 2414 τελεία
454 2388 559 2423 ἀγάπη.

171 2468 226 2502 ιιβι,
243 2468 328 2495 Οὔπω
354 2469 411 2504 ἔχει
435 2469 486 2504 τὴν
512 2470 648 2497 ἀπάθειαν
661 2491 669 2500 .
683 2472 697 2498 6
713 2471 757 2499 διὰ
787 2473 923 2508 σύμϐασιν

136 2513 309 2549 πειρασμοῦ,
336 2514 366 2540 τὸ
392 2515 536 2550 ἐλάττωμα
564 2515 610 2541 τοῦ
632 2516 709 2550 φίλου
735 2518 923 2552 παραδλέπειν

138 2557 175 2591 μὴ
193 2557 359 2592 δυνάμενος,
376 2558 392 2593 ἢ
411 2558 441 2584 ὃν
463 2558 554 2593 τυχὸν,
577 2557 594 2593 ἢ
612 2559 640 2585 δὲ
665 2557 736 2590 εἶναι
760 2560 868 2593 δοκοῦν;
882 2563 923 2590 Τὰ

519 2626 540 2642 ³ο
553 2626 562 2653 l
575 2625 638 2653 Cor.
652 2634 688 2658 ιν,
704 2625 746 2653 l2.

171 2682 208 2717 (ο)
229 2683 261 2708 Ἡ
270 2682 304 2708 δὲ
319 2682 372 2715 τῆς
387 2683 560 2717 προσευχῆς
571 2683 764 2717 κατάστασις.
782 2682 834 2711 Ρὲο
849 2689 920 2713 διτιιιι

135 2724 167 2754 ac
184 2717 277 2754 indole
293 2717 412 2754 accipio;
427 2718 578 2754 secundum
601 2718 674 2753 quod
692 2719 808 2754 Hesych.
825 2724 853 2746 et
869 2721 921 2747 Va—

135 2753 199 2778 rino
211 2752 252 2783 τὸ,
269 2752 444 2783 κατάστασις,
466 2761 532 2780 voce
545 2751 618 2787 ἦθος
627 2751 760 2780 redditur.
773 2754 830 2781 Hoc
846 2756 922 2782 enim

135 2787 235 2813 volunt
263 2787 330 2821 ipsa:
352 2787 486 2815 orationis
509 2788 680 2815 deﬁnitionis
701 2789 868 2816 Damasceno
895 2795 923 2817 et

135 2821 197 2848 aliis
214 2821 342 2858 traditm_:
358 2822 481 2858 Ascenaiq
501 2823 594 2849 mentis
610 2823 639 2849 in
658 2825 753 2855 Deum,
772 2825 862 2858 petitio
875 2826 921 2851 ἀμ

135 2858 251 2884 centium
272 2866 288 2884 α
312 2856 377 2889 Dea,
396 2861 450 2884 etc.
465 2857 559 2885 Oratio
575 2857 666 2892 itaque
680 2856 777 2893 suapte
792 2859 883 2886 indole
895 2864 923 2887 et

173 2625 195 2641 ’⁸
212 2626 280 2652 Dan.
299 2633 356 2658 xm,
371 2626 383 2652 1
403 2634 479 2661 seqq.

978 2250 1058 2277 niens
1076 2252 1168 2275 autem
1185 2255 1272 2282 exque
1285 2247 1391 2274 ratione
1404 2256 1496 2275 rerum
1510 2248 1662 2275 mediarum
1687 2256 1763 2281 usus,

978 2295 1061 2322 animi
1079 2298 1178 2321 statum
1191 2297 1305 2328 purgat;
1319 2293 1396 2327 isque
1414 2297 1554 2327 purgatus,
1569 2293 1762 2322 discretionem

979 2341 1065 2376 parit;
1081 2340 1221 2371 discretio,
1240 2339 1515 2373 imperturbationem
1535 2339 1674 2374 animique
1697 2341 1764 2368 affr-

978 2387 1116 2414 ctionibus
1131 2385 1209 2412 vacui
1234 2385 1477 2419 tranquillitatem;
1507 2392 1540 2411 ex
1568 2392 1622 2419 qua
1651 2385 1761 2412 demum

978 2431 1099 2465 perfecta
1115 2428 1235 2455 charitas
1252 2428 1387 2462 procedit.

1011 2474 1091 2510 457
1114 2473 1157 2500 92.
1174 2471 1301 2499 Nondum
1326 2471 1600 2506 impcrturbationem
1610 2472 1760 2507 animique,

977 2520 1078 2548 sedatis
1092 2518 1248 2550 aﬂ'ectihus,
1266 2517 1492 2552 tranquillitatem
1508 2517 1625 2552 adeptus
1648 2522 1700 2551 est,
1711 2520 1760 2553 qui

976 2574 1009 2593 eo
1021 2565 1094 2600 quod
1107 2563 1221 2592 tentatio
1243 2563 1393 2597 duriusque
1415 2563 1516 2597 aliquid
1539 2563 1648 2596 accidit,
1679 2564 1760 2591 amici

976 2687 1091 2715 ratione.
1117 2689 1234 2712 mentem
1253 2684 1305 2720 ipsi
1320 2684 1376 2720 Deo
1398 2683 1480 2711 sistit.
1505 2684 1558 2712 Sic.
1581 2693 1641 2720 cap.
1662 2686 1691 2713 91
1715 2694 1760 2712 ac-

974 2722 1029 2756 cipi
1044 2721 1163 2751 videtur,
1183 2721 1200 2754 ὴ
1215 2719 1265 2756 τῆς
1279 2719 1368 2753 ψυχῆς
1383 2720 1557 2756 κατάατασις,
1571 2719 1652 2755 quam
1669 2728 1760 2747 rerum

976 2755 1127 2784 mediarum
1143 2755 1310 2782 conveniens
1324 2761 1391 2780 usus
1409 2758 1437 2781 et
1450 2761 1482 2781 ex
1499 2755 1614 2786 ratione,
1631 2756 1760 2782 mundani

975 2791 1102 2826 praestet;
1117 2795 1148 2817 ut
1160 2790 1201 2826 sic
1210 2790 1317 2826 animus
1325 2788 1402 2823 quasi
1417 2789 1587 2826 sibisuteque
1601 2790 1684 2817 indoli
1699 2791 1761 2818 red-

976 2824 1067 2858 datur,
1086 2825 1208 2859 depulsis
1227 2824 1358 2851 vitiorum
1375 2824 1514 2852 sordibus.
