  <div class='ocr_page' id='page_1' title='image "/cluster/home/n/w/nwhite01/storage/ocr_20150623/90/njp.32101077772828/554.png"; bbox 0 0 1948 3077; ppageno 0'>
   <div class='ocr_carea' id='block_1_1' title="bbox 154 181 224 218">
    <p class='ocr_par' dir='ltr' id='par_1_1' title="bbox 154 181 224 218">
     <span class='ocr_line' id='line_1_1' title="bbox 154 181 224 218; baseline 0.043 -3"><span class='ocrx_word' id='word_1_1' title='bbox 154 181 224 218; x_wconf 81' lang='grc'><strong>1073</strong></span> 
     </span>
    </p>
   </div>
   <div class='ocr_carea' id='block_1_2' title="bbox 593 186 1347 220">
    <p class='ocr_par' dir='ltr' id='par_1_2' title="bbox 593 186 1347 220">
     <span class='ocr_line' id='line_1_2' title="bbox 593 186 1347 220; baseline 0.007 -5"><span class='ocrx_word' id='word_1_2' title='bbox 593 186 761 217; x_wconf 76' lang='lat' dir='ltr'><strong>CAPITUM</strong></span> <span class='ocrx_word' id='word_1_3' title='bbox 781 187 830 217; x_wconf 91' lang='lat' dir='ltr'><strong>DE</strong></span> <span class='ocrx_word' id='word_1_4' title='bbox 849 187 1066 218; x_wconf 71' lang='lat' dir='ltr'><strong>CHARITATE</strong></span> <span class='ocrx_word' id='word_1_5' title='bbox 1085 188 1280 220; x_wconf 76' lang='lat' dir='ltr'><strong>CENTURIA</strong></span> <span class='ocrx_word' id='word_1_6' title='bbox 1299 191 1347 220; x_wconf 85' lang='lat' dir='ltr'><strong>IV.</strong></span> 
     </span>
    </p>
   </div>
   <div class='ocr_carea' id='block_1_3' title="bbox 1712 192 1780 224">
    <p class='ocr_par' dir='ltr' id='par_1_3' title="bbox 1712 192 1780 224">
     <span class='ocr_line' id='line_1_3' title="bbox 1712 192 1780 224; baseline -0.015 -1"><span class='ocrx_word' id='word_1_7' title='bbox 1712 192 1780 224; x_wconf 59' lang='grc'><strong>1074</strong></span> 
     </span>
    </p>
   </div>
   <div class='ocr_carea' id='block_1_4' title="bbox 176 229 941 281">
    <p class='ocr_par' dir='ltr' id='par_1_4' title="bbox 176 229 938 281">
     <span class='ocr_line' id='line_1_4' title="bbox 176 229 938 281; baseline 0.005 -13"><span class='ocrx_word' id='word_1_8' title='bbox 176 229 222 277; x_wconf 61' lang='grc' dir='ltr'><strong>’ρ’.</strong></span> <span class='ocrx_word' id='word_1_9' title='bbox 243 240 340 269; x_wconf 79' lang='grc' dir='ltr'>Πολλοὶ</span> <span class='ocrx_word' id='word_1_10' title='bbox 353 241 402 276; x_wconf 80' lang='grc' dir='ltr'>μὲν</span> <span class='ocrx_word' id='word_1_11' title='bbox 417 241 502 269; x_wconf 68' lang='grc' dir='ltr'>πολλὰ</span> <span class='ocrx_word' id='word_1_12' title='bbox 518 243 583 279; x_wconf 75' lang='grc' dir='ltr'>περὶ</span> <span class='ocrx_word' id='word_1_13' title='bbox 604 243 713 278; x_wconf 80' lang='grc' dir='ltr'><strong>ἀγάπης</strong></span> <span class='ocrx_word' id='word_1_14' title='bbox 728 246 873 281; x_wconf 72' lang='grc' dir='ltr'>εἰρήκασιν</span> <span class='ocrx_word' id='word_1_15' title='bbox 886 255 892 260; x_wconf 85' lang='grc'><strong>-</strong></span> <span class='ocrx_word' id='word_1_16' title='bbox 909 246 938 272; x_wconf 84' lang='grc' dir='ltr'>ὲν</span> 
     </span>
    </p>
   </div>
   <div class='ocr_carea' id='block_1_5' title="bbox 990 229 1782 281">
    <p class='ocr_par' dir='ltr' id='par_1_5' title="bbox 1026 246 1782 276">
     <span class='ocr_line' id='line_1_5' title="bbox 1026 246 1782 276; baseline 0.004 -3"><span class='ocrx_word' id='word_1_17' title='bbox 1026 246 1087 274; x_wconf 82' lang='grc'><strong>100.</strong></span> <span class='ocrx_word' id='word_1_18' title='bbox 1103 247 1180 274; x_wconf 90' lang='lat' dir='ltr'><strong>Multi</strong></span> <span class='ocrx_word' id='word_1_19' title='bbox 1197 247 1231 275; x_wconf 89' lang='lat' dir='ltr'><strong>de</strong></span> <span class='ocrx_word' id='word_1_20' title='bbox 1248 248 1381 275; x_wconf 84' lang='lat' dir='ltr'><strong>charitate</strong></span> <span class='ocrx_word' id='word_1_21' title='bbox 1401 247 1486 275; x_wconf 88' lang='lat' dir='ltr'><strong>locuti</strong></span> <span class='ocrx_word' id='word_1_22' title='bbox 1499 251 1563 275; x_wconf 79' lang='lat' dir='ltr'><strong>sunt</strong></span> <span class='ocrx_word' id='word_1_23' title='bbox 1578 256 1584 274; x_wconf 95' lang='lat'><strong>:</strong></span> <span class='ocrx_word' id='word_1_24' title='bbox 1602 248 1672 275; x_wconf 87' lang='lat' dir='ltr'><strong>hanc</strong></span> <span class='ocrx_word' id='word_1_25' title='bbox 1696 250 1782 276; x_wconf 79' lang='lat' dir='ltr'><strong>enim—</strong></span> 
     </span>
    </p>
   </div>
   <div class='ocr_carea' id='block_1_6' title="bbox 152 287 938 327">
    <p class='ocr_par' dir='ltr' id='par_1_6' title="bbox 152 287 938 327">
     <span class='ocr_line' id='line_1_6' title="bbox 152 287 938 327; baseline 0.004 -12"><span class='ocrx_word' id='word_1_26' title='bbox 152 288 246 323; x_wconf 81' lang='grc' dir='ltr'>μόνοις</span> <span class='ocrx_word' id='word_1_27' title='bbox 264 287 293 314; x_wconf 79' lang='grc' dir='ltr'><strong>δὲ</strong></span> <span class='ocrx_word' id='word_1_28' title='bbox 315 289 371 320; x_wconf 74' lang='grc' dir='ltr'>τοῖς</span> <span class='ocrx_word' id='word_1_29' title='bbox 386 288 503 324; x_wconf 76' lang='grc' dir='ltr'><strong>Χριστοῦ</strong></span> <span class='ocrx_word' id='word_1_30' title='bbox 532 290 667 325; x_wconf 76' lang='grc' dir='ltr'><strong>μαθηταῖς</strong></span> <span class='ocrx_word' id='word_1_31' title='bbox 684 292 785 326; x_wconf 79' lang='grc' dir='ltr'>ταύτην</span> <span class='ocrx_word' id='word_1_32' title='bbox 808 292 938 327; x_wconf 73' lang='grc' dir='ltr'>ζητήσας,</span> 
     </span>
    </p>
   </div>
   <div class='ocr_carea' id='block_1_7' title="bbox 150 334 940 373">
    <p class='ocr_par' dir='ltr' id='par_1_7' title="bbox 150 334 940 373">
     <span class='ocr_line' id='line_1_7' title="bbox 150 334 940 373; baseline 0.006 -14"><span class='ocrx_word' id='word_1_33' title='bbox 150 335 280 369; x_wconf 80' lang='grc' dir='ltr'><strong>εὑρήσεις</strong></span> <span class='ocrx_word' id='word_1_34' title='bbox 292 341 298 348; x_wconf 92' lang='grc'>·</span> <span class='ocrx_word' id='word_1_35' title='bbox 321 334 382 361; x_wconf 77' lang='grc' dir='ltr'>ἐπεὶ</span> <span class='ocrx_word' id='word_1_36' title='bbox 398 335 445 361; x_wconf 80' lang='grc' dir='ltr'>καὶ</span> <span class='ocrx_word' id='word_1_37' title='bbox 462 335 536 370; x_wconf 84' lang='grc' dir='ltr'>μόνοι</span> <span class='ocrx_word' id='word_1_38' title='bbox 558 337 633 363; x_wconf 79' lang='grc' dir='ltr'>αὐτοὶ</span> <span class='ocrx_word' id='word_1_39' title='bbox 658 336 730 372; x_wconf 77' lang='grc' dir='ltr'>εἶχον</span> <span class='ocrx_word' id='word_1_40' title='bbox 745 338 793 372; x_wconf 76' lang='grc' dir='ltr'>τὴν</span> <span class='ocrx_word' id='word_1_41' title='bbox 810 338 940 373; x_wconf 78' lang='grc' dir='ltr'>ἀληθινὴν</span> 
     </span>
    </p>
   </div>
   <div class='ocr_carea' id='block_1_8' title="bbox 157 379 936 418">
    <p class='ocr_par' dir='ltr' id='par_1_8' title="bbox 157 379 936 418">
     <span class='ocr_line' id='line_1_8' title="bbox 157 379 936 418; baseline 0.005 -13"><span class='ocrx_word' id='word_1_42' title='bbox 157 379 282 414; x_wconf 83' lang='grc' dir='ltr'>’Δγάπην</span> <span class='ocrx_word' id='word_1_43' title='bbox 298 380 347 415; x_wconf 76' lang='grc' dir='ltr'>τῆς</span> <span class='ocrx_word' id='word_1_44' title='bbox 364 380 475 416; x_wconf 75' lang='grc' dir='ltr'>ἀγάπης</span> <span class='ocrx_word' id='word_1_45' title='bbox 495 380 668 414; x_wconf 69' lang='grc' dir='ltr'>διδάσκαλον,</span> <span class='ocrx_word' id='word_1_46' title='bbox 695 383 759 417; x_wconf 80' lang='grc' dir='ltr'>περὶ</span> <span class='ocrx_word' id='word_1_47' title='bbox 774 380 807 418; x_wconf 81' lang='grc' dir='ltr'>ἧς</span> <span class='ocrx_word' id='word_1_48' title='bbox 825 383 918 417; x_wconf 72' lang='grc' dir='ltr'>ἔλεγον</span> <span class='ocrx_word' id='word_1_49' title='bbox 930 391 936 398; x_wconf 89' lang='grc'>·</span> 
     </span>
    </p>
   </div>
   <div class='ocr_carea' id='block_1_9' title="bbox 156 424 938 463">
    <p class='ocr_par' dir='ltr' id='par_1_9' title="bbox 156 424 938 463">
     <span class='ocr_line' id='line_1_9' title="bbox 156 424 938 463; baseline 0.006 -12"><span class='ocrx_word' id='word_1_50' title='bbox 156 424 230 452; x_wconf 80' lang='grc' dir='ltr'><strong>Ἐὰν</strong></span> <span class='ocrx_word' id='word_1_51' title='bbox 244 425 305 460; x_wconf 69' lang='grc' dir='ltr'><strong>ἔχω</strong></span> <span class='ocrx_word' id='word_1_52' title='bbox 316 427 510 460; x_wconf 71' lang='grc' dir='ltr'><strong>προφητείαν,</strong></span> <span class='ocrx_word' id='word_1_53' title='bbox 521 427 569 453; x_wconf 71' lang='grc' dir='ltr'><strong>καὶ</strong></span> <span class='ocrx_word' id='word_1_54' title='bbox 581 427 648 454; x_wconf 81' lang='grc' dir='ltr'>εἰδῶ</span> <span class='ocrx_word' id='word_1_55' title='bbox 658 428 693 455; x_wconf 84' lang='grc' dir='ltr'>τὰ</span> <span class='ocrx_word' id='word_1_56' title='bbox 698 429 851 463; x_wconf 75' lang='grc' dir='ltr'>μυστήρια</span> <span class='ocrx_word' id='word_1_57' title='bbox 861 429 938 456; x_wconf 69' lang='grc' dir='ltr'><strong>,τεάν⁴</strong></span> 
     </span>
    </p>
   </div>
   <div class='ocr_carea' id='block_1_10' title="bbox 148 471 940 509">
    <p class='ocr_par' dir='ltr' id='par_1_10' title="bbox 148 471 940 509">
     <span class='ocr_line' id='line_1_10' title="bbox 148 471 940 509; baseline 0.006 -12"><span class='ocrx_word' id='word_1_58' title='bbox 148 471 249 503; x_wconf 65' lang='lat' dir='ltr'><strong>remeat</strong></span> <span class='ocrx_word' id='word_1_59' title='bbox 258 471 361 499; x_wconf 72' lang='grc' dir='ltr'>πᾶσαν</span> <span class='ocrx_word' id='word_1_60' title='bbox 367 473 424 505; x_wconf 82' lang='grc' dir='ltr'>τὴν</span> <span class='ocrx_word' id='word_1_61' title='bbox 430 473 552 507; x_wconf 79' lang='grc' dir='ltr'>γνῶσιν,</span> <span class='ocrx_word' id='word_1_62' title='bbox 560 474 680 508; x_wconf 79' lang='grc' dir='ltr'><strong>ἀγάπην</strong></span> <span class='ocrx_word' id='word_1_63' title='bbox 686 474 767 509; x_wconf 82' lang='grc' dir='ltr'><strong>δὲμὴ</strong></span> <span class='ocrx_word' id='word_1_64' title='bbox 777 475 940 509; x_wconf 79' lang='grc' dir='ltr'><strong>ἕχω,οὺδὲν</strong></span> 
     </span>
    </p>
   </div>
   <div class='ocr_carea' id='block_1_11' title="bbox 147 516 938 556">
    <p class='ocr_par' dir='ltr' id='par_1_11' title="bbox 147 516 938 556">
     <span class='ocr_line' id='line_1_11' title="bbox 147 516 938 556; baseline 0.006 -14"><span class='ocrx_word' id='word_1_65' title='bbox 147 516 334 552; x_wconf 67' lang='grc' dir='ltr'>ὠφελοῦμαι.</span> <span class='ocrx_word' id='word_1_66' title='bbox 356 517 386 544; x_wconf 84' lang='lat'><strong>&#39;0</strong></span> <span class='ocrx_word' id='word_1_67' title='bbox 400 516 448 545; x_wconf 76' lang='grc' dir='ltr'>οὖν</span> <span class='ocrx_word' id='word_1_68' title='bbox 465 520 636 554; x_wconf 75' lang='grc' dir='ltr'>κτησάμενος</span> <span class='ocrx_word' id='word_1_69' title='bbox 652 520 700 555; x_wconf 84' lang='grc' dir='ltr'>τὴν</span> <span class='ocrx_word' id='word_1_70' title='bbox 712 520 836 556; x_wconf 78' lang='grc' dir='ltr'><strong>ἀγάπην,</strong></span> <span class='ocrx_word' id='word_1_71' title='bbox 856 520 938 547; x_wconf 79' lang='grc' dir='ltr'>αὐτὸν</span> 
     </span>
    </p>
   </div>
   <div class='ocr_carea' id='block_1_12' title="bbox 148 560 936 602">
    <p class='ocr_par' dir='ltr' id='par_1_12' title="bbox 148 560 936 602">
     <span class='ocr_line' id='line_1_12' title="bbox 148 560 936 602; baseline 0.006 -13"><span class='ocrx_word' id='word_1_72' title='bbox 148 562 196 590; x_wconf 79' lang='grc' dir='ltr'><strong>τὸν</strong></span> <span class='ocrx_word' id='word_1_73' title='bbox 213 563 279 591; x_wconf 76' lang='grc' dir='ltr'>Θεὸν</span> <span class='ocrx_word' id='word_1_74' title='bbox 295 560 448 599; x_wconf 67' lang='grc' dir='ltr'>ἐκτήσατο·</span> <span class='ocrx_word' id='word_1_75' title='bbox 475 566 569 600; x_wconf 72' lang='grc' dir='ltr'>ἐπειδὴ</span> <span class='ocrx_word' id='word_1_76' title='bbox 597 567 611 592; x_wconf 85' lang='grc' dir='ltr'><strong><em>ὸ</em></strong></span> <span class='ocrx_word' id='word_1_77' title='bbox 635 567 706 599; x_wconf 83' lang='grc' dir='ltr'><strong>Θεὸς</strong></span> <span class='ocrx_word' id='word_1_78' title='bbox 725 567 826 602; x_wconf 70' lang='grc' dir='ltr'>ἀγάπη</span> <span class='ocrx_word' id='word_1_79' title='bbox 840 567 936 594; x_wconf 80' lang='grc' dir='ltr'><strong>ἐστίν.</strong></span> 
     </span>
    </p>
   </div>
   <div class='ocr_carea' id='block_1_13' title="bbox 148 609 714 647">
    <p class='ocr_par' dir='ltr' id='par_1_13' title="bbox 148 609 714 647">
     <span class='ocr_line' id='line_1_13' title="bbox 148 609 714 647; baseline 0.007 -12"><span class='ocrx_word' id='word_1_80' title='bbox 148 609 230 644; x_wconf 84' lang='grc' dir='ltr'><strong>Δῦτῷ</strong></span> <span class='ocrx_word' id='word_1_81' title='bbox 247 609 263 645; x_wconf 81' lang='grc' dir='ltr'><strong>ἡ</strong></span> <span class='ocrx_word' id='word_1_82' title='bbox 278 609 341 642; x_wconf 78' lang='grc' dir='ltr'>δόξα</span> <span class='ocrx_word' id='word_1_83' title='bbox 355 611 395 642; x_wconf 79' lang='grc' dir='ltr'><strong>εἰς</strong></span> <span class='ocrx_word' id='word_1_84' title='bbox 410 611 473 642; x_wconf 75' lang='grc' dir='ltr'>τοὺς</span> <span class='ocrx_word' id='word_1_85' title='bbox 487 610 598 643; x_wconf 81' lang='grc' dir='ltr'>αἰῶνας.</span> <span class='ocrx_word' id='word_1_86' title='bbox 617 613 714 647; x_wconf 80' lang='grc' dir='ltr'>Ἀμήν.</span> 
     </span>
    </p>
   </div>
   <div class='ocr_carea' id='block_1_14' title="bbox 151 666 937 706">
    <p class='ocr_par' dir='ltr' id='par_1_14' title="bbox 151 666 937 706">
     <span class='ocr_line' id='line_1_14' title="bbox 151 666 937 706; baseline 0.004 -12"><span class='ocrx_word' id='word_1_87' title='bbox 151 666 243 701; x_wconf 75' lang='grc' dir='ltr'>Τέλος</span> <span class='ocrx_word' id='word_1_88' title='bbox 255 667 314 695; x_wconf 79' lang='grc' dir='ltr'><strong>τῶν</strong></span> <span class='ocrx_word' id='word_1_89' title='bbox 328 668 393 702; x_wconf 73' lang='grc' dir='ltr'>περὶ</span> <span class='ocrx_word' id='word_1_90' title='bbox 408 667 527 706; x_wconf 53' lang='lat' dir='ltr'><strong>dri-mc</strong></span> <span class='ocrx_word' id='word_1_91' title='bbox 542 669 714 706; x_wconf 58' lang='grc' dir='ltr'>κεεςαλαίων</span> <span class='ocrx_word' id='word_1_92' title='bbox 724 669 780 705; x_wconf 84' lang='grc' dir='ltr'><strong>τῆς</strong></span> <span class='ocrx_word' id='word_1_93' title='bbox 796 671 937 706; x_wconf 79' lang='grc' dir='ltr'>τετάρτης</span> 
     </span>
    </p>
   </div>
   <div class='ocr_carea' id='block_1_15' title="bbox 430 703 637 737">
    <p class='ocr_par' dir='ltr' id='par_1_15' title="bbox 430 703 637 737">
     <span class='ocr_line' id='line_1_15' title="bbox 430 703 637 737; baseline 0.01 -8"><span class='ocrx_word' id='word_1_94' title='bbox 430 703 637 737; x_wconf 77' lang='grc' dir='ltr'>ἐκατοντάὸος.</span> 
     </span>
    </p>
   </div>
   <div class='ocr_carea' id='block_1_16' title="bbox 317 759 767 798">
    <p class='ocr_par' dir='ltr' id='par_1_16' title="bbox 317 759 767 798">
     <span class='ocr_line' id='line_1_16' title="bbox 317 759 767 798; baseline 0.007 -13"><span class='ocrx_word' id='word_1_95' title='bbox 317 759 561 787; x_wconf 79' lang='grc' dir='ltr'><strong>ΔΝΕΠΙΓΡΑΦΟΥ</strong></span> <span class='ocrx_word' id='word_1_96' title='bbox 581 761 707 788; x_wconf 77' lang='grc' dir='ltr'><strong>ΣΧΟΛΙΑ</strong></span> <span class='ocrx_word' id='word_1_97' title='bbox 717 761 767 798; x_wconf 73' lang='lat' dir='ltr'><strong>(at).</strong></span> 
     </span>
    </p>
   </div>
   <div class='ocr_carea' id='block_1_17' title="bbox 186 813 934 856">
    <p class='ocr_par' dir='ltr' id='par_1_17' title="bbox 186 813 934 856">
     <span class='ocr_line' id='line_1_17' title="bbox 186 813 934 856; baseline 0.008 -16"><span class='ocrx_word' id='word_1_98' title='bbox 186 816 222 840; x_wconf 81' lang='grc' dir='ltr'><strong>α’.</strong></span> <span class='ocrx_word' id='word_1_99' title='bbox 244 813 339 849; x_wconf 82' lang='grc' dir='ltr'><strong>Ἡμεῖς</strong></span> <span class='ocrx_word' id='word_1_100' title='bbox 360 815 421 842; x_wconf 80' lang='grc' dir='ltr'>οὐδὲ</span> <span class='ocrx_word' id='word_1_101' title='bbox 438 815 527 850; x_wconf 83' lang='grc' dir='ltr'><strong>λόγοις</strong></span> <span class='ocrx_word' id='word_1_102' title='bbox 547 816 607 842; x_wconf 81' lang='grc' dir='ltr'><strong>οὐδὲ</strong></span> <span class='ocrx_word' id='word_1_103' title='bbox 634 817 725 852; x_wconf 72' lang='grc' dir='ltr'>ἔργοις</span> <span class='ocrx_word' id='word_1_104' title='bbox 750 819 934 856; x_wconf 76' lang='grc' dir='ltr'>παιδεύειν,ῆ</span> 
     </span>
    </p>
   </div>
   <div class='ocr_carea' id='block_1_18' title="bbox 149 859 933 896">
    <p class='ocr_par' dir='ltr' id='par_1_18' title="bbox 149 859 933 896">
     <span class='ocr_line' id='line_1_18' title="bbox 149 859 933 896; baseline 0.008 -11"><span class='ocrx_word' id='word_1_105' title='bbox 149 859 203 886; x_wconf 73' lang='grc' dir='ltr'>κᾶν</span> <span class='ocrx_word' id='word_1_106' title='bbox 222 859 400 887; x_wconf 81' lang='grc' dir='ltr'>παιδεύεσθαι</span> <span class='ocrx_word' id='word_1_107' title='bbox 415 861 580 896; x_wconf 78' lang='grc' dir='ltr'>δυνάμενοι,</span> <span class='ocrx_word' id='word_1_108' title='bbox 605 862 694 896; x_wconf 79' lang='grc' dir='ltr'>λόγοις</span> <span class='ocrx_word' id='word_1_109' title='bbox 713 864 851 890; x_wconf 73' lang='grc' dir='ltr'><strong>παιδεύειν</strong></span> <span class='ocrx_word' id='word_1_110' title='bbox 872 868 933 891; x_wconf 79' lang='grc' dir='ltr'>ἐπι-</span> 
     </span>
    </p>
   </div>
   <div class='ocr_carea' id='block_1_19' title="bbox 991 293 1784 328">
    <p class='ocr_par' dir='ltr' id='par_1_19' title="bbox 991 293 1784 328">
     <span class='ocr_line' id='line_1_19' title="bbox 991 293 1784 328; baseline 0.004 -9"><span class='ocrx_word' id='word_1_111' title='bbox 991 300 1056 320; x_wconf 75' lang='lat' dir='ltr'><strong>vero</strong></span> <span class='ocrx_word' id='word_1_112' title='bbox 1074 293 1096 320; x_wconf 89' lang='lat' dir='ltr'><strong>si</strong></span> <span class='ocrx_word' id='word_1_113' title='bbox 1111 293 1265 328; x_wconf 68' lang='lat' dir='ltr'><strong>quaesieris,</strong></span> <span class='ocrx_word' id='word_1_114' title='bbox 1291 293 1319 320; x_wconf 93' lang='lat' dir='ltr'><strong>in</strong></span> <span class='ocrx_word' id='word_1_115' title='bbox 1335 293 1402 320; x_wconf 85' lang='lat' dir='ltr'><strong>solis</strong></span> <span class='ocrx_word' id='word_1_116' title='bbox 1429 293 1554 320; x_wconf 83' lang='lat' dir='ltr'><strong>invenies</strong></span> <span class='ocrx_word' id='word_1_117' title='bbox 1573 293 1676 322; x_wconf 85' lang='lat' dir='ltr'><strong>Christi</strong></span> <span class='ocrx_word' id='word_1_118' title='bbox 1702 294 1784 322; x_wconf 86' lang='lat' dir='ltr'><strong>disci-</strong></span> 
     </span>
    </p>
   </div>
   <div class='ocr_carea' id='block_1_20' title="bbox 990 337 1781 372">
    <p class='ocr_par' dir='ltr' id='par_1_20' title="bbox 990 337 1781 372">
     <span class='ocr_line' id='line_1_20' title="bbox 990 337 1781 372; baseline 0.005 -9"><span class='ocrx_word' id='word_1_119' title='bbox 990 337 1072 371; x_wconf 86' lang='lat' dir='ltr'><strong>pulis.</strong></span> <span class='ocrx_word' id='word_1_120' title='bbox 1087 337 1153 364; x_wconf 86' lang='lat' dir='ltr'><strong>Nam</strong></span> <span class='ocrx_word' id='word_1_121' title='bbox 1163 343 1190 366; x_wconf 87' lang='lat' dir='ltr'><strong>et</strong></span> <span class='ocrx_word' id='word_1_122' title='bbox 1213 338 1242 364; x_wconf 92' lang='lat' dir='ltr'><strong>hi</strong></span> <span class='ocrx_word' id='word_1_123' title='bbox 1254 338 1306 365; x_wconf 87' lang='lat' dir='ltr'><strong>soli</strong></span> <span class='ocrx_word' id='word_1_124' title='bbox 1331 345 1424 365; x_wconf 84' lang='lat' dir='ltr'><strong>veram</strong></span> <span class='ocrx_word' id='word_1_125' title='bbox 1447 337 1609 365; x_wconf 71' lang='lat' dir='ltr'><strong>charitatem</strong></span> <span class='ocrx_word' id='word_1_126' title='bbox 1630 338 1781 372; x_wconf 76' lang='lat' dir='ltr'><strong>habebant,</strong></span> 
     </span>
    </p>
   </div>
   <div class='ocr_carea' id='block_1_21' title="bbox 990 383 1779 419">
    <p class='ocr_par' dir='ltr' id='par_1_21' title="bbox 990 383 1779 419">
     <span class='ocr_line' id='line_1_21' title="bbox 990 383 1779 419; baseline 0.003 -9"><span class='ocrx_word' id='word_1_127' title='bbox 990 391 1051 418; x_wconf 65' lang='lat' dir='ltr'><strong>qlae</strong></span> <span class='ocrx_word' id='word_1_128' title='bbox 1061 383 1173 411; x_wconf 80' lang='lat' dir='ltr'><strong>doceret</strong></span> <span class='ocrx_word' id='word_1_129' title='bbox 1185 385 1364 417; x_wconf 76' lang='lat' dir='ltr'><strong>charitatem;</strong></span> <span class='ocrx_word' id='word_1_130' title='bbox 1381 383 1415 411; x_wconf 91' lang='lat' dir='ltr'><strong>de</strong></span> <span class='ocrx_word' id='word_1_131' title='bbox 1428 391 1482 419; x_wconf 84' lang='lat' dir='ltr'><strong>qua</strong></span> <span class='ocrx_word' id='word_1_132' title='bbox 1501 383 1593 411; x_wconf 82' lang='lat' dir='ltr'><strong>aiebat</strong></span> <span class='ocrx_word' id='word_1_133' title='bbox 1604 383 1751 418; x_wconf 74' lang='lat' dir='ltr'><strong>Apostolus</strong></span> <span class='ocrx_word' id='word_1_134' title='bbox 1772 394 1779 412; x_wconf 91' lang='lat'>:</span> 
     </span>
    </p>
   </div>
   <div class='ocr_carea' id='block_1_22' title="bbox 989 428 1779 466">
    <p class='ocr_par' dir='ltr' id='par_1_22' title="bbox 989 428 1779 466">
     <span class='ocr_line' id='line_1_22' title="bbox 989 428 1779 466; baseline 0.003 -11"><span class='ocrx_word' id='word_1_135' title='bbox 989 428 1018 455; x_wconf 86' lang='lat' dir='ltr'><strong>Si</strong></span> <span class='ocrx_word' id='word_1_136' title='bbox 1034 430 1148 457; x_wconf 73' lang='lat' dir='ltr'><strong>habuero</strong></span> <span class='ocrx_word' id='word_1_137' title='bbox 1166 431 1331 466; x_wconf 64' lang='lat' dir='ltr'><strong>prophetiam</strong></span> <span class='ocrx_word' id='word_1_138' title='bbox 1347 435 1370 457; x_wconf 73' lang='lat' dir='ltr'><strong>et</strong></span> <span class='ocrx_word' id='word_1_139' title='bbox 1392 431 1509 457; x_wconf 80' lang='lat' dir='ltr'><strong>noverim</strong></span> <span class='ocrx_word' id='word_1_140' title='bbox 1525 431 1650 466; x_wconf 74' lang='lat' dir='ltr'><strong>mysteria</strong></span> <span class='ocrx_word' id='word_1_141' title='bbox 1678 432 1779 463; x_wconf 81' lang='lat' dir='ltr'><strong>omnia,</strong></span> 
     </span>
    </p>
   </div>
   <div class='ocr_carea' id='block_1_23' title="bbox 989 476 1778 510">
    <p class='ocr_par' dir='ltr' id='par_1_23' title="bbox 989 476 1778 510">
     <span class='ocr_line' id='line_1_23' title="bbox 989 476 1778 510; baseline 0.001 -8"><span class='ocrx_word' id='word_1_142' title='bbox 989 481 1016 502; x_wconf 77' lang='lat' dir='ltr'><strong>et</strong></span> <span class='ocrx_word' id='word_1_143' title='bbox 1026 483 1129 503; x_wconf 83' lang='lat' dir='ltr'><strong>omnem</strong></span> <span class='ocrx_word' id='word_1_144' title='bbox 1142 477 1290 510; x_wconf 74' lang='lat' dir='ltr'><strong>scientiam,</strong></span> <span class='ocrx_word' id='word_1_145' title='bbox 1305 477 1462 504; x_wconf 77' lang='lat' dir='ltr'><strong>charitatem</strong></span> <span class='ocrx_word' id='word_1_146' title='bbox 1476 480 1564 503; x_wconf 82' lang='lat' dir='ltr'><strong>autem</strong></span> <span class='ocrx_word' id='word_1_147' title='bbox 1586 484 1638 503; x_wconf 84' lang='lat' dir='ltr'><strong>non</strong></span> <span class='ocrx_word' id='word_1_148' title='bbox 1652 476 1778 508; x_wconf 76' lang='lat' dir='ltr'><strong>habuero,</strong></span> 
     </span>
    </p>
   </div>
   <div class='ocr_carea' id='block_1_24' title="bbox 989 520 1777 557">
    <p class='ocr_par' dir='ltr' id='par_1_24' title="bbox 989 520 1777 557">
     <span class='ocr_line' id='line_1_24' title="bbox 989 520 1777 557; baseline 0.003 -11"><span class='ocrx_word' id='word_1_149' title='bbox 989 520 1056 547; x_wconf 81' lang='lat' dir='ltr'><strong>nihil</strong></span> <span class='ocrx_word' id='word_1_150' title='bbox 1071 521 1132 548; x_wconf 77' lang='lat' dir='ltr'><strong>mihi</strong></span> <span class='ocrx_word' id='word_1_151' title='bbox 1147 522 1252 556; x_wconf 77' lang='lat' dir='ltr'><strong>prodest</strong></span> <span class='ocrx_word' id='word_1_152' title='bbox 1264 521 1295 548; x_wconf 66' lang='grc'><strong>³⁵.</strong></span> <span class='ocrx_word' id='word_1_153' title='bbox 1306 521 1431 557; x_wconf 78' lang='lat' dir='ltr'><strong>Quiergo</strong></span> <span class='ocrx_word' id='word_1_154' title='bbox 1444 526 1539 549; x_wconf 85' lang='lat' dir='ltr'><strong>nactus</strong></span> <span class='ocrx_word' id='word_1_155' title='bbox 1550 525 1591 548; x_wconf 85' lang='lat' dir='ltr'><strong>est</strong></span> <span class='ocrx_word' id='word_1_156' title='bbox 1604 521 1777 553; x_wconf 75' lang='lat' dir='ltr'><strong>charitatem.</strong></span> 
     </span>
    </p>
   </div>
   <div class='ocr_carea' id='block_1_25' title="bbox 987 565 1826 602">
    <p class='ocr_par' dir='ltr' id='par_1_25' title="bbox 987 565 1826 602">
     <span class='ocr_line' id='line_1_25' title="bbox 987 565 1826 602; baseline 0.004 -10"><span class='ocrx_word' id='word_1_157' title='bbox 987 565 1072 593; x_wconf 85' lang='lat' dir='ltr'><strong>Deum</strong></span> <span class='ocrx_word' id='word_1_158' title='bbox 1088 571 1185 595; x_wconf 81' lang='lat' dir='ltr'><strong>nactus</strong></span> <span class='ocrx_word' id='word_1_159' title='bbox 1200 571 1252 598; x_wconf 80' lang='lat' dir='ltr'><strong>est.</strong></span> <span class='ocrx_word' id='word_1_160' title='bbox 1275 575 1308 594; x_wconf 88' lang='lat' dir='ltr'><strong>eo</strong></span> <span class='ocrx_word' id='word_1_161' title='bbox 1320 567 1392 602; x_wconf 88' lang='lat' dir='ltr'><strong>quod</strong></span> <span class='ocrx_word' id='word_1_162' title='bbox 1406 567 1475 595; x_wconf 77' lang='lat' dir='ltr'><strong>Deus</strong></span> <span class='ocrx_word' id='word_1_163' title='bbox 1491 568 1607 595; x_wconf 65' lang='lat' dir='ltr'><strong>cliaritas</strong></span> <span class='ocrx_word' id='word_1_164' title='bbox 1620 571 1656 594; x_wconf 70' lang='lat' dir='ltr'><strong>est</strong></span> <span class='ocrx_word' id='word_1_165' title='bbox 1674 568 1706 594; x_wconf 84' lang='lat'><strong>&quot;.</strong></span> <span class='ocrx_word' id='word_1_166' title='bbox 1723 567 1775 602; x_wconf 80' lang='lat' dir='ltr'><strong>Ipsi</strong></span> <span class='ocrx_word' id='word_1_167' title='bbox 1821 594 1826 600; x_wconf 84' lang='grc'><strong>,</strong></span> 
     </span>
    </p>
   </div>
   <div class='ocr_carea' id='block_1_26' title="bbox 985 610 1528 644">
    <p class='ocr_par' dir='ltr' id='par_1_26' title="bbox 985 610 1528 644">
     <span class='ocr_line' id='line_1_26' title="bbox 985 610 1528 644; baseline 0.006 -9"><span class='ocrx_word' id='word_1_168' title='bbox 985 610 1072 644; x_wconf 78' lang='lat' dir='ltr'><strong>gloria</strong></span> <span class='ocrx_word' id='word_1_169' title='bbox 1091 612 1117 638; x_wconf 92' lang='lat' dir='ltr'><strong>in</strong></span> <span class='ocrx_word' id='word_1_170' title='bbox 1131 613 1229 639; x_wconf 66' lang='lat' dir='ltr'><strong>stecula</strong></span> <span class='ocrx_word' id='word_1_171' title='bbox 1244 612 1418 640; x_wconf 69' lang='lat' dir='ltr'><strong>saeculorum.</strong></span> <span class='ocrx_word' id='word_1_172' title='bbox 1432 612 1528 639; x_wconf 87' lang='lat' dir='ltr'><strong>Amen.</strong></span> 
     </span>
    </p>
   </div>
   <div class='ocr_carea' id='block_1_27' title="bbox 1037 668 1781 703">
    <p class='ocr_par' dir='ltr' id='par_1_27' title="bbox 1037 668 1781 703">
     <span class='ocr_line' id='line_1_27' title="bbox 1037 668 1781 703; baseline 0.001 -9"><span class='ocrx_word' id='word_1_173' title='bbox 1037 668 1108 696; x_wconf 83' lang='lat' dir='ltr'><strong>Finis</strong></span> <span class='ocrx_word' id='word_1_174' title='bbox 1124 672 1219 703; x_wconf 79' lang='lat' dir='ltr'><strong>quater</strong></span> <span class='ocrx_word' id='word_1_175' title='bbox 1233 674 1401 696; x_wconf 78' lang='lat' dir='ltr'><strong>ccutenorum</strong></span> <span class='ocrx_word' id='word_1_176' title='bbox 1416 669 1531 703; x_wconf 82' lang='lat' dir='ltr'><strong>capitum</strong></span> <span class='ocrx_word' id='word_1_177' title='bbox 1543 668 1576 695; x_wconf 82' lang='lat' dir='ltr'><strong>de</strong></span> <span class='ocrx_word' id='word_1_178' title='bbox 1585 668 1722 696; x_wconf 74' lang='lat' dir='ltr'><strong>charitate.</strong></span> <span class='ocrx_word' id='word_1_179' title='bbox 1774 676 1781 679; x_wconf 61' lang='grc' dir='ltr'><em>ί</em></span> 
     </span>
    </p>
   </div>
   <div class='ocr_carea' id='block_1_28' title="bbox 1127 757 1631 787">
    <p class='ocr_par' dir='ltr' id='par_1_28' title="bbox 1127 757 1631 787">
     <span class='ocr_line' id='line_1_28' title="bbox 1127 757 1631 787; baseline -0.002 -1"><span class='ocrx_word' id='word_1_180' title='bbox 1127 758 1266 786; x_wconf 79' lang='lat' dir='ltr'><strong>INCERTI</strong></span> <span class='ocrx_word' id='word_1_181' title='bbox 1283 758 1457 787; x_wconf 79' lang='lat' dir='ltr'><strong>AUCTORIS</strong></span> <span class='ocrx_word' id='word_1_182' title='bbox 1474 757 1631 786; x_wconf 83' lang='lat' dir='ltr'><strong>SCHOLIA.</strong></span> 
     </span>
    </p>
   </div>
   <div class='ocr_carea' id='block_1_29' title="bbox 1022 814 1775 850">
    <p class='ocr_par' dir='ltr' id='par_1_29' title="bbox 1022 814 1775 850">
     <span class='ocr_line' id='line_1_29' title="bbox 1022 814 1775 850; baseline 0.003 -9"><span class='ocrx_word' id='word_1_183' title='bbox 1022 814 1046 840; x_wconf 78' lang='grc' dir='ltr'><strong>Ι.</strong></span> <span class='ocrx_word' id='word_1_184' title='bbox 1059 814 1114 842; x_wconf 87' lang='lat' dir='ltr'><strong>Nos</strong></span> <span class='ocrx_word' id='word_1_185' title='bbox 1127 815 1174 849; x_wconf 85' lang='lat' dir='ltr'><strong>qui</strong></span> <span class='ocrx_word' id='word_1_186' title='bbox 1186 823 1236 842; x_wconf 91' lang='lat' dir='ltr'><strong>nec</strong></span> <span class='ocrx_word' id='word_1_187' title='bbox 1260 815 1354 842; x_wconf 86' lang='lat' dir='ltr'><strong>verbis</strong></span> <span class='ocrx_word' id='word_1_188' title='bbox 1377 822 1428 842; x_wconf 89' lang='lat' dir='ltr'><strong>nec</strong></span> <span class='ocrx_word' id='word_1_189' title='bbox 1447 815 1578 850; x_wconf 81' lang='lat' dir='ltr'><strong>operibus</strong></span> <span class='ocrx_word' id='word_1_190' title='bbox 1603 815 1713 847; x_wconf 87' lang='lat' dir='ltr'><strong>docere,</strong></span> <span class='ocrx_word' id='word_1_191' title='bbox 1728 820 1775 843; x_wconf 83' lang='lat' dir='ltr'><strong>aut</strong></span> 
     </span>
    </p>
   </div>
   <div class='ocr_carea' id='block_1_30' title="bbox 984 859 1776 893">
    <p class='ocr_par' dir='ltr' id='par_1_30' title="bbox 984 859 1776 893">
     <span class='ocr_line' id='line_1_30' title="bbox 984 859 1776 893; baseline 0.003 -7"><span class='ocrx_word' id='word_1_192' title='bbox 984 859 1081 886; x_wconf 86' lang='lat' dir='ltr'><strong>saltem</strong></span> <span class='ocrx_word' id='word_1_193' title='bbox 1096 859 1188 887; x_wconf 80' lang='lat' dir='ltr'><strong>doceri</strong></span> <span class='ocrx_word' id='word_1_194' title='bbox 1201 860 1350 893; x_wconf 76' lang='lat' dir='ltr'><strong>valeamus,</strong></span> <span class='ocrx_word' id='word_1_195' title='bbox 1377 860 1471 888; x_wconf 85' lang='lat' dir='ltr'><strong>verbis</strong></span> <span class='ocrx_word' id='word_1_196' title='bbox 1488 868 1519 888; x_wconf 86' lang='lat' dir='ltr'><strong>ac</strong></span> <span class='ocrx_word' id='word_1_197' title='bbox 1533 860 1705 888; x_wconf 85' lang='lat' dir='ltr'><strong>sermonibus</strong></span> <span class='ocrx_word' id='word_1_198' title='bbox 1724 860 1776 888; x_wconf 79' lang='lat' dir='ltr'><strong>do-</strong></span> 
     </span>
    </p>
   </div>
   <div class='ocr_carea' id='block_1_31' title="bbox 150 904 941 943">
    <p class='ocr_par' dir='ltr' id='par_1_31' title="bbox 150 904 933 943">
     <span class='ocr_line' id='line_1_31' title="bbox 150 904 933 943; baseline 0.01 -13"><span class='ocrx_word' id='word_1_199' title='bbox 150 904 298 940; x_wconf 79' lang='grc' dir='ltr'>χειροῦμεν</span> <span class='ocrx_word' id='word_1_200' title='bbox 309 914 316 921; x_wconf 94' lang='grc'><strong>·</strong></span> <span class='ocrx_word' id='word_1_201' title='bbox 333 904 380 932; x_wconf 73' lang='grc' dir='ltr'>καὶ</span> <span class='ocrx_word' id='word_1_202' title='bbox 391 905 478 933; x_wconf 78' lang='grc' dir='ltr'>ἄλλων</span> <span class='ocrx_word' id='word_1_203' title='bbox 493 907 616 940; x_wconf 81' lang='grc' dir='ltr'>γίνεσθαι</span> <span class='ocrx_word' id='word_1_204' title='bbox 633 909 719 943; x_wconf 74' lang='grc' dir='ltr'>ἰατροὶ</span> <span class='ocrx_word' id='word_1_205' title='bbox 735 909 842 937; x_wconf 75' lang='grc' dir='ltr'><strong>ἕλκεσιν</strong></span> <span class='ocrx_word' id='word_1_206' title='bbox 855 911 933 938; x_wconf 77' lang='grc' dir='ltr'>αὐτοὶ</span> 
     </span>
    </p>
   </div>
   <div class='ocr_carea' id='block_1_32' title="bbox 990 904 1775 943">
    <p class='ocr_par' dir='ltr' id='par_1_32' title="bbox 990 904 1775 941">
     <span class='ocr_line' id='line_1_32' title="bbox 990 904 1775 941; baseline 0.001 -10"><span class='ocrx_word' id='word_1_207' title='bbox 990 911 1047 931; x_wconf 74' lang='lat' dir='ltr'><strong>:ere</strong></span> <span class='ocrx_word' id='word_1_208' title='bbox 1056 908 1202 937; x_wconf 86' lang='lat' dir='ltr'><strong>tentamus,</strong></span> <span class='ocrx_word' id='word_1_209' title='bbox 1215 910 1297 940; x_wconf 88' lang='lat' dir='ltr'><strong>atque</strong></span> <span class='ocrx_word' id='word_1_210' title='bbox 1311 905 1427 932; x_wconf 86' lang='lat' dir='ltr'><strong>aliorum</strong></span> <span class='ocrx_word' id='word_1_211' title='bbox 1437 904 1506 932; x_wconf 73' lang='lat' dir='ltr'><strong>efﬁci</strong></span> <span class='ocrx_word' id='word_1_212' title='bbox 1521 905 1631 937; x_wconf 86' lang='lat' dir='ltr'><strong>medici,</strong></span> <span class='ocrx_word' id='word_1_213' title='bbox 1645 905 1691 941; x_wconf 88' lang='lat' dir='ltr'><strong>qui</strong></span> <span class='ocrx_word' id='word_1_214' title='bbox 1702 905 1775 932; x_wconf 85' lang='lat' dir='ltr'><strong>ulce-</strong></span> 
     </span>
    </p>
   </div>
   <div class='ocr_carea' id='block_1_33' title="bbox 149 949 937 987">
    <p class='ocr_par' dir='ltr' id='par_1_33' title="bbox 149 949 937 987">
     <span class='ocr_line' id='line_1_33' title="bbox 149 949 937 987; baseline 0.008 -11"><span class='ocrx_word' id='word_1_215' title='bbox 149 949 290 985; x_wconf 71' lang='grc' dir='ltr'>βρύοντες.</span> <span class='ocrx_word' id='word_1_216' title='bbox 308 949 378 987; x_wconf 89' lang='grc' dir='ltr'>Ὅρα</span> <span class='ocrx_word' id='word_1_217' title='bbox 398 951 427 977; x_wconf 79' lang='grc' dir='ltr'><strong>δὲ</strong></span> <span class='ocrx_word' id='word_1_218' title='bbox 451 951 497 984; x_wconf 81' lang='grc' dir='ltr'>τὸ,</span> <span class='ocrx_word' id='word_1_219' title='bbox 517 951 557 979; x_wconf 86' lang='grc' dir='ltr'>ὅτι</span> <span class='ocrx_word' id='word_1_220' title='bbox 583 953 624 979; x_wconf 86' lang='grc' dir='ltr'><strong>Οὐ</strong></span> <span class='ocrx_word' id='word_1_221' title='bbox 641 953 738 980; x_wconf 79' lang='grc' dir='ltr'>πάντα</span> <span class='ocrx_word' id='word_1_222' title='bbox 751 954 813 987; x_wconf 81' lang='grc' dir='ltr'>τοῖς</span> <span class='ocrx_word' id='word_1_223' title='bbox 827 956 937 987; x_wconf 79' lang='grc' dir='ltr'>,ϐουλο-</span> 
     </span>
    </p>
   </div>
   <div class='ocr_carea' id='block_1_34' title="bbox 145 997 936 1034">
    <p class='ocr_par' dir='ltr' id='par_1_34' title="bbox 145 997 936 1034">
     <span class='ocr_line' id='line_1_34' title="bbox 145 997 936 1034; baseline 0.008 -11"><span class='ocrx_word' id='word_1_224' title='bbox 145 997 250 1032; x_wconf 73' lang='grc' dir='ltr'>μένοις</span> <span class='ocrx_word' id='word_1_225' title='bbox 266 997 345 1024; x_wconf 71' lang='grc' dir='ltr'>εἰσιν</span> <span class='ocrx_word' id='word_1_226' title='bbox 361 997 505 1030; x_wconf 76' lang='grc' dir='ltr'><strong>εὔληπτα,</strong></span> <span class='ocrx_word' id='word_1_227' title='bbox 525 997 583 1024; x_wconf 83' lang='grc' dir='ltr'>κᾶν</span> <span class='ocrx_word' id='word_1_228' title='bbox 603 999 690 1026; x_wconf 82' lang='grc' dir='ltr'>τοῦτο</span> <span class='ocrx_word' id='word_1_229' title='bbox 713 999 798 1034; x_wconf 77' lang='grc' dir='ltr'><strong>δοκῇ.</strong></span> <span class='ocrx_word' id='word_1_230' title='bbox 820 1002 875 1028; x_wconf 74' lang='grc' dir='ltr'>Καὶ</span> <span class='ocrx_word' id='word_1_231' title='bbox 894 1001 936 1033; x_wconf 83' lang='grc' dir='ltr'><strong>τίς</strong></span> 
     </span>
    </p>
   </div>
   <div class='ocr_carea' id='block_1_35' title="bbox 146 1043 935 1082">
    <p class='ocr_par' dir='ltr' id='par_1_35' title="bbox 146 1043 935 1082">
     <span class='ocr_line' id='line_1_35' title="bbox 146 1043 935 1082; baseline 0.006 -13"><span class='ocrx_word' id='word_1_232' title='bbox 146 1043 180 1069; x_wconf 77' lang='grc' dir='ltr'>οὔ</span> <span class='ocrx_word' id='word_1_233' title='bbox 192 1043 362 1078; x_wconf 77' lang='grc' dir='ltr'><strong>θαυμάσεται</strong></span> <span class='ocrx_word' id='word_1_234' title='bbox 373 1044 436 1076; x_wconf 83' lang='grc' dir='ltr'>τοὺς</span> <span class='ocrx_word' id='word_1_235' title='bbox 449 1044 495 1072; x_wconf 77' lang='grc' dir='ltr'>καὶ</span> <span class='ocrx_word' id='word_1_236' title='bbox 508 1046 641 1079; x_wconf 83' lang='grc' dir='ltr'>γυναῖκας</span> <span class='ocrx_word' id='word_1_237' title='bbox 651 1045 784 1081; x_wconf 79' lang='grc' dir='ltr'>χλιδῶσας</span> <span class='ocrx_word' id='word_1_238' title='bbox 795 1047 841 1074; x_wconf 76' lang='grc' dir='ltr'>καὶ</span> <span class='ocrx_word' id='word_1_239' title='bbox 852 1048 935 1082; x_wconf 88' lang='grc' dir='ltr'>νήπια</span> 
     </span>
    </p>
   </div>
   <div class='ocr_carea' id='block_1_36' title="bbox 147 1088 934 1129">
    <p class='ocr_par' dir='ltr' id='par_1_36' title="bbox 147 1088 934 1129">
     <span class='ocr_line' id='line_1_36' title="bbox 147 1088 934 1129; baseline 0.006 -14"><span class='ocrx_word' id='word_1_240' title='bbox 147 1088 236 1116; x_wconf 79' lang='grc' dir='ltr'>ταῦτα</span> <span class='ocrx_word' id='word_1_241' title='bbox 266 1089 403 1116; x_wconf 78' lang='grc' dir='ltr'>διδάσκειν</span> <span class='ocrx_word' id='word_1_242' title='bbox 431 1090 685 1126; x_wconf 75' lang='grc' dir='ltr'><strong>ἐπαγγελλομένους</strong></span> <span class='ocrx_word' id='word_1_243' title='bbox 717 1093 788 1126; x_wconf 82' lang='grc' dir='ltr'>μετὰ</span> <span class='ocrx_word' id='word_1_244' title='bbox 818 1092 934 1129; x_wconf 76' lang='grc' dir='ltr'>σοϐαροῦ</span> 
     </span>
    </p>
   </div>
   <div class='ocr_carea' id='block_1_37' title="bbox 146 1134 782 1170">
    <p class='ocr_par' dir='ltr' id='par_1_37' title="bbox 146 1134 782 1170">
     <span class='ocr_line' id='line_1_37' title="bbox 146 1134 782 1170; baseline 0.006 -10"><span class='ocrx_word' id='word_1_245' title='bbox 146 1134 195 1161; x_wconf 79' lang='grc' dir='ltr'><strong>τοῦ</strong></span> <span class='ocrx_word' id='word_1_246' title='bbox 210 1136 383 1170; x_wconf 83' lang='grc' dir='ltr'>φρονήματος</span> <span class='ocrx_word' id='word_1_247' title='bbox 399 1144 406 1168; x_wconf 88' lang='grc'><strong>;</strong></span> <span class='ocrx_word' id='word_1_248' title='bbox 778 1139 782 1143; x_wconf 90' lang='grc'><em>’</em></span> 
     </span>
    </p>
   </div>
   <div class='ocr_carea' id='block_1_38' title="bbox 183 1180 934 1218">
    <p class='ocr_par' dir='ltr' id='par_1_38' title="bbox 183 1180 934 1218">
     <span class='ocr_line' id='line_1_38' title="bbox 183 1180 934 1218; baseline 0.005 -11"><span class='ocrx_word' id='word_1_249' title='bbox 183 1180 217 1215; x_wconf 85' lang='grc' dir='ltr'><strong>β’.</strong></span> <span class='ocrx_word' id='word_1_250' title='bbox 234 1181 331 1214; x_wconf 80' lang='grc' dir='ltr'>Λέγων</span> <span class='ocrx_word' id='word_1_251' title='bbox 343 1182 358 1208; x_wconf 83' lang='grc' dir='ltr'><strong><em>ὁ</em></strong></span> <span class='ocrx_word' id='word_1_252' title='bbox 381 1181 559 1214; x_wconf 77' lang='grc' dir='ltr'>Ἀπόστολος’</span> <span class='ocrx_word' id='word_1_253' title='bbox 585 1184 619 1209; x_wconf 87' lang='lat' dir='ltr'><strong>El</strong></span> <span class='ocrx_word' id='word_1_254' title='bbox 641 1182 675 1209; x_wconf 84' lang='grc' dir='ltr'><strong>δέ</strong></span> <span class='ocrx_word' id='word_1_255' title='bbox 693 1191 738 1216; x_wconf 81' lang='grc' dir='ltr'>τις</span> <span class='ocrx_word' id='word_1_256' title='bbox 763 1184 865 1218; x_wconf 74' lang='grc' dir='ltr'>ἁγαπᾷ</span> <span class='ocrx_word' id='word_1_257' title='bbox 880 1185 934 1211; x_wconf 73' lang='grc' dir='ltr'><strong>τόν</strong></span> 
     </span>
    </p>
   </div>
   <div class='ocr_carea' id='block_1_39' title="bbox 146 1222 933 1263">
    <p class='ocr_par' dir='ltr' id='par_1_39' title="bbox 146 1222 933 1263">
     <span class='ocr_line' id='line_1_39' title="bbox 146 1222 933 1263; baseline 0.005 -12"><span class='ocrx_word' id='word_1_258' title='bbox 146 1224 242 1254; x_wconf 81' lang='grc' dir='ltr'><strong>Θεὸν.</strong></span> <span class='ocrx_word' id='word_1_259' title='bbox 268 1222 357 1258; x_wconf 79' lang='grc' dir='ltr'>οὗτος</span> <span class='ocrx_word' id='word_1_260' title='bbox 390 1225 539 1260; x_wconf 78' lang='grc' dir='ltr'>ἔγνωσται</span> <span class='ocrx_word' id='word_1_261' title='bbox 566 1226 617 1253; x_wconf 72' lang='grc' dir='ltr'><strong>ὑπ’</strong></span> <span class='ocrx_word' id='word_1_262' title='bbox 640 1227 752 1254; x_wconf 82' lang='grc' dir='ltr'>αὑτοῦ·</span> <span class='ocrx_word' id='word_1_263' title='bbox 773 1228 842 1263; x_wconf 83' lang='grc' dir='ltr'>δῆτα</span> <span class='ocrx_word' id='word_1_264' title='bbox 866 1230 933 1263; x_wconf 84' lang='grc' dir='ltr'>ἀγα-</span> 
     </span>
    </p>
   </div>
   <div class='ocr_carea' id='block_1_40' title="bbox 145 1270 930 1308">
    <p class='ocr_par' dir='ltr' id='par_1_40' title="bbox 145 1270 930 1308">
     <span class='ocr_line' id='line_1_40' title="bbox 145 1270 930 1308; baseline 0.006 -12"><span class='ocrx_word' id='word_1_265' title='bbox 145 1270 256 1302; x_wconf 81' lang='grc' dir='ltr'>πῶντας</span> <span class='ocrx_word' id='word_1_266' title='bbox 283 1271 356 1305; x_wconf 79' lang='grc' dir='ltr'>ἡμᾶς</span> <span class='ocrx_word' id='word_1_267' title='bbox 380 1271 426 1297; x_wconf 80' lang='grc' dir='ltr'>τὸν</span> <span class='ocrx_word' id='word_1_268' title='bbox 451 1271 553 1307; x_wconf 83' lang='grc' dir='ltr'>Κύριον</span> <span class='ocrx_word' id='word_1_269' title='bbox 580 1272 762 1306; x_wconf 78' lang='grc' dir='ltr'><strong>γινώσκεσθαι</strong></span> <span class='ocrx_word' id='word_1_270' title='bbox 784 1273 908 1308; x_wconf 78' lang='grc' dir='ltr'>βούλεται</span> <span class='ocrx_word' id='word_1_271' title='bbox 924 1284 930 1290; x_wconf 91' lang='grc'>·</span> 
     </span>
    </p>
   </div>
   <div class='ocr_carea' id='block_1_41' title="bbox 150 1314 932 1351">
    <p class='ocr_par' dir='ltr' id='par_1_41' title="bbox 150 1314 932 1351">
     <span class='ocr_line' id='line_1_41' title="bbox 150 1314 932 1351; baseline 0.006 -9"><span class='ocrx_word' id='word_1_272' title='bbox 150 1315 202 1342; x_wconf 77' lang='grc' dir='ltr'><em>Ἐκ</em></span> <span class='ocrx_word' id='word_1_273' title='bbox 217 1314 251 1341; x_wconf 77' lang='grc' dir='ltr'><strong>δὲ</strong></span> <span class='ocrx_word' id='word_1_274' title='bbox 269 1316 322 1342; x_wconf 84' lang='grc' dir='ltr'>τοῦ</span> <span class='ocrx_word' id='word_1_275' title='bbox 342 1316 550 1350; x_wconf 77' lang='grc' dir='ltr'>γινώσκεσθαι.</span> <span class='ocrx_word' id='word_1_276' title='bbox 572 1319 604 1344; x_wconf 88' lang='grc' dir='ltr'>τὸ</span> <span class='ocrx_word' id='word_1_277' title='bbox 628 1318 843 1351; x_wconf 77' lang='grc' dir='ltr'>διδάσκεσθαι,</span> <span class='ocrx_word' id='word_1_278' title='bbox 860 1320 932 1348; x_wconf 79' lang='grc' dir='ltr'>καθά</span> 
     </span>
    </p>
   </div>
   <div class='ocr_carea' id='block_1_42' title="bbox 144 1361 931 1401">
    <p class='ocr_par' dir='ltr' id='par_1_42' title="bbox 144 1361 931 1401">
     <span class='ocr_line' id='line_1_42' title="bbox 144 1361 931 1401; baseline 0.009 -15"><span class='ocrx_word' id='word_1_279' title='bbox 144 1369 229 1395; x_wconf 72' lang='grc' dir='ltr'>φησιν</span> <span class='ocrx_word' id='word_1_280' title='bbox 245 1361 259 1387; x_wconf 85' lang='grc' dir='ltr'>ὁ</span> <span class='ocrx_word' id='word_1_281' title='bbox 286 1361 373 1396; x_wconf 77' lang='grc' dir='ltr'>μέγας</span> <span class='ocrx_word' id='word_1_282' title='bbox 396 1363 441 1389; x_wconf 84' lang='grc' dir='ltr'><strong>καὶ</strong></span> <span class='ocrx_word' id='word_1_283' title='bbox 466 1362 515 1398; x_wconf 86' lang='grc' dir='ltr'>τὴν</span> <span class='ocrx_word' id='word_1_284' title='bbox 533 1363 634 1398; x_wconf 76' lang='grc' dir='ltr'>ἀρετὴν</span> <span class='ocrx_word' id='word_1_285' title='bbox 657 1365 704 1390; x_wconf 73' lang='grc' dir='ltr'>καὶ</span> <span class='ocrx_word' id='word_1_286' title='bbox 724 1366 773 1400; x_wconf 81' lang='grc' dir='ltr'>τὴν</span> <span class='ocrx_word' id='word_1_287' title='bbox 790 1365 931 1401; x_wconf 74' lang='grc' dir='ltr'>θεολογίαν</span> 
     </span>
    </p>
   </div>
   <div class='ocr_carea' id='block_1_43' title="bbox 143 1407 931 1444">
    <p class='ocr_par' dir='ltr' id='par_1_43' title="bbox 143 1407 931 1444">
     <span class='ocr_line' id='line_1_43' title="bbox 143 1407 931 1444; baseline 0.01 -13"><span class='ocrx_word' id='word_1_288' title='bbox 143 1407 306 1442; x_wconf 79' lang='grc' dir='ltr'>Γρηγόριος.</span> <span class='ocrx_word' id='word_1_289' title='bbox 320 1407 428 1442; x_wconf 78' lang='grc' dir='ltr'>Ταύτης</span> <span class='ocrx_word' id='word_1_290' title='bbox 442 1407 518 1442; x_wconf 76' lang='grc' dir='ltr'>οἶμαι</span> <span class='ocrx_word' id='word_1_291' title='bbox 534 1410 583 1444; x_wconf 82' lang='grc' dir='ltr'>τῆς</span> <span class='ocrx_word' id='word_1_292' title='bbox 597 1409 702 1441; x_wconf 75' lang='grc' dir='ltr'>ἑννοίας</span> <span class='ocrx_word' id='word_1_293' title='bbox 714 1411 772 1437; x_wconf 76' lang='grc' dir='ltr'>ἐστὶ</span> <span class='ocrx_word' id='word_1_294' title='bbox 782 1431 789 1443; x_wconf 83' lang='grc'><strong>,</strong></span> <span class='ocrx_word' id='word_1_295' title='bbox 811 1413 858 1438; x_wconf 79' lang='grc' dir='ltr'><strong>καὶ</strong></span> <span class='ocrx_word' id='word_1_296' title='bbox 872 1412 931 1439; x_wconf 81' lang='grc' dir='ltr'>τόδε</span> 
     </span>
    </p>
   </div>
   <div class='ocr_carea' id='block_1_44' title="bbox 142 1445 932 1492">
    <p class='ocr_par' dir='ltr' id='par_1_44' title="bbox 142 1445 932 1492">
     <span class='ocr_line' id='line_1_44' title="bbox 142 1445 932 1492; baseline 0.009 -14"><span class='ocrx_word' id='word_1_297' title='bbox 142 1452 174 1478; x_wconf 80' lang='grc' dir='ltr'>τὸ</span> <span class='ocrx_word' id='word_1_298' title='bbox 188 1445 350 1486; x_wconf 62' lang='grc' dir='ltr'>κεψὰλαῖον·</span> <span class='ocrx_word' id='word_1_299' title='bbox 374 1453 506 1490; x_wconf 69' lang='grc' dir='ltr'>Ἀτὰπην</span> <span class='ocrx_word' id='word_1_300' title='bbox 517 1453 584 1488; x_wconf 78' lang='grc' dir='ltr'>μὲν,</span> <span class='ocrx_word' id='word_1_301' title='bbox 600 1455 691 1482; x_wconf 77' lang='grc' dir='ltr'>τίκτει</span> <span class='ocrx_word' id='word_1_302' title='bbox 702 1456 828 1484; x_wconf 80' lang='grc' dir='ltr'>ἀπάθεια</span> <span class='ocrx_word' id='word_1_303' title='bbox 842 1467 848 1473; x_wconf 93' lang='grc'><strong>·</strong></span> <span class='ocrx_word' id='word_1_304' title='bbox 868 1459 885 1492; x_wconf 78' lang='grc' dir='ltr'><strong><em>ἡ</em></strong></span> <span class='ocrx_word' id='word_1_305' title='bbox 898 1458 932 1485; x_wconf 79' lang='grc' dir='ltr'><strong>δὲ</strong></span> 
     </span>
    </p>
   </div>
   <div class='ocr_carea' id='block_1_45' title="bbox 142 1498 930 1538">
    <p class='ocr_par' dir='ltr' id='par_1_45' title="bbox 142 1498 930 1538">
     <span class='ocr_line' id='line_1_45' title="bbox 142 1498 930 1538; baseline 0.008 -14"><span class='ocrx_word' id='word_1_306' title='bbox 142 1498 257 1532; x_wconf 78' lang='grc' dir='ltr'>ἀγάπη,</span> <span class='ocrx_word' id='word_1_307' title='bbox 275 1498 328 1525; x_wconf 82' lang='grc' dir='ltr'>τοῦ</span> <span class='ocrx_word' id='word_1_308' title='bbox 344 1499 497 1534; x_wconf 51' lang='lat' dir='ltr'><strong>smne-not&quot;;</strong></span> <span class='ocrx_word' id='word_1_309' title='bbox 518 1499 574 1534; x_wconf 85' lang='grc' dir='ltr'><strong>τῆς</strong></span> <span class='ocrx_word' id='word_1_310' title='bbox 594 1500 732 1534; x_wconf 80' lang='grc' dir='ltr'>γνώσεώς</span> <span class='ocrx_word' id='word_1_311' title='bbox 744 1502 809 1529; x_wconf 80' lang='grc' dir='ltr'>ἐστι</span> <span class='ocrx_word' id='word_1_312' title='bbox 825 1511 930 1538; x_wconf 76' lang='grc' dir='ltr'>γεννη-</span> 
     </span>
    </p>
   </div>
   <div class='ocr_carea' id='block_1_46' title="bbox 141 1553 222 1578">
    <p class='ocr_par' dir='ltr' id='par_1_46' title="bbox 141 1553 222 1578">
     <span class='ocr_line' id='line_1_46' title="bbox 141 1553 222 1578; baseline -0.012 -7"><span class='ocrx_word' id='word_1_313' title='bbox 141 1553 189 1572; x_wconf 79' lang='grc' dir='ltr'>σικ</span> <span class='ocrx_word' id='word_1_314' title='bbox 194 1553 222 1578; x_wconf 79' lang='grc' dir='ltr'>η.</span> 
     </span>
    </p>
   </div>
   <div class='ocr_carea' id='block_1_47' title="bbox 988 948 1774 985">
    <p class='ocr_par' dir='ltr' id='par_1_47' title="bbox 988 948 1774 985">
     <span class='ocr_line' id='line_1_47' title="bbox 988 948 1774 985; baseline 0.001 -9"><span class='ocrx_word' id='word_1_315' title='bbox 988 948 1065 977; x_wconf 89' lang='lat' dir='ltr'><strong>ribus</strong></span> <span class='ocrx_word' id='word_1_316' title='bbox 1095 950 1145 985; x_wconf 85' lang='lat' dir='ltr'><strong>ipsi</strong></span> <span class='ocrx_word' id='word_1_317' title='bbox 1170 955 1334 978; x_wconf 81' lang='lat' dir='ltr'><strong>scateamus.</strong></span> <span class='ocrx_word' id='word_1_318' title='bbox 1349 950 1469 979; x_wconf 86' lang='lat' dir='ltr'><strong>Observa</strong></span> <span class='ocrx_word' id='word_1_319' title='bbox 1495 959 1561 979; x_wconf 87' lang='lat' dir='ltr'><strong>vero</strong></span> <span class='ocrx_word' id='word_1_320' title='bbox 1586 951 1653 978; x_wconf 91' lang='lat' dir='ltr'><strong>illud</strong></span> <span class='ocrx_word' id='word_1_321' title='bbox 1681 959 1687 978; x_wconf 88' lang='lat'><strong>:</strong></span> <span class='ocrx_word' id='word_1_322' title='bbox 1715 950 1774 977; x_wconf 88' lang='lat' dir='ltr'><strong>Non</strong></span> 
     </span>
    </p>
   </div>
   <div class='ocr_carea' id='block_1_48' title="bbox 987 995 1772 1032">
    <p class='ocr_par' dir='ltr' id='par_1_48' title="bbox 987 995 1772 1032">
     <span class='ocr_line' id='line_1_48' title="bbox 987 995 1772 1032; baseline 0.001 -10"><span class='ocrx_word' id='word_1_323' title='bbox 987 996 1075 1022; x_wconf 82' lang='lat' dir='ltr'><strong>omnia</strong></span> <span class='ocrx_word' id='word_1_324' title='bbox 1087 996 1127 1022; x_wconf 75' lang='lat' dir='ltr'><strong>his</strong></span> <span class='ocrx_word' id='word_1_325' title='bbox 1143 995 1288 1031; x_wconf 79' lang='lat' dir='ltr'><strong>quivclint,</strong></span> <span class='ocrx_word' id='word_1_326' title='bbox 1300 998 1359 1032; x_wconf 85' lang='lat' dir='ltr'><strong>capi</strong></span> <span class='ocrx_word' id='word_1_327' title='bbox 1375 997 1453 1031; x_wconf 78' lang='lat' dir='ltr'><strong>facile</strong></span> <span class='ocrx_word' id='word_1_328' title='bbox 1474 1001 1580 1032; x_wconf 72' lang='lat' dir='ltr'><strong>possunt</strong></span> <span class='ocrx_word' id='word_1_329' title='bbox 1596 1005 1627 1023; x_wconf 78' lang='lat' dir='ltr'><strong>ac</strong></span> <span class='ocrx_word' id='word_1_330' title='bbox 1649 996 1772 1031; x_wconf 74' lang='lat' dir='ltr'><strong>intelligi.</strong></span> 
     </span>
    </p>
   </div>
   <div class='ocr_carea' id='block_1_49' title="bbox 986 1041 1774 1077">
    <p class='ocr_par' dir='ltr' id='par_1_49' title="bbox 986 1041 1774 1077">
     <span class='ocr_line' id='line_1_49' title="bbox 986 1041 1774 1077; baseline 0.001 -9"><span class='ocrx_word' id='word_1_331' title='bbox 986 1042 1034 1068; x_wconf 76' lang='lat' dir='ltr'><strong>etsi</strong></span> <span class='ocrx_word' id='word_1_332' title='bbox 1049 1041 1088 1069; x_wconf 85' lang='lat' dir='ltr'><strong>ita</strong></span> <span class='ocrx_word' id='word_1_333' title='bbox 1100 1042 1231 1069; x_wconf 79' lang='lat' dir='ltr'><strong>uideatur.</strong></span> <span class='ocrx_word' id='word_1_334' title='bbox 1248 1042 1349 1077; x_wconf 84' lang='lat' dir='ltr'><strong>Ecquis</strong></span> <span class='ocrx_word' id='word_1_335' title='bbox 1380 1051 1435 1069; x_wconf 91' lang='lat' dir='ltr'><strong>non</strong></span> <span class='ocrx_word' id='word_1_336' title='bbox 1455 1043 1572 1069; x_wconf 88' lang='lat' dir='ltr'><strong>miretur</strong></span> <span class='ocrx_word' id='word_1_337' title='bbox 1598 1049 1655 1074; x_wconf 87' lang='lat' dir='ltr'><strong>eos,</strong></span> <span class='ocrx_word' id='word_1_338' title='bbox 1672 1042 1725 1076; x_wconf 71' lang='lat' dir='ltr'><strong>qui</strong></span> <span class='ocrx_word' id='word_1_339' title='bbox 1747 1045 1774 1069; x_wconf 81' lang='lat' dir='ltr'><strong>et</strong></span> 
     </span>
    </p>
   </div>
   <div class='ocr_carea' id='block_1_50' title="bbox 985 1086 1772 1120">
    <p class='ocr_par' dir='ltr' id='par_1_50' title="bbox 985 1086 1772 1120">
     <span class='ocr_line' id='line_1_50' title="bbox 985 1086 1772 1120; baseline 0.001 -7"><span class='ocrx_word' id='word_1_340' title='bbox 985 1086 1141 1115; x_wconf 83' lang='lat' dir='ltr'><strong>luxuriosas</strong></span> <span class='ocrx_word' id='word_1_341' title='bbox 1153 1088 1331 1116; x_wconf 84' lang='lat' dir='ltr'><strong>mulierculas</strong></span> <span class='ocrx_word' id='word_1_342' title='bbox 1344 1092 1372 1115; x_wconf 86' lang='lat' dir='ltr'><strong>et</strong></span> <span class='ocrx_word' id='word_1_343' title='bbox 1386 1088 1513 1119; x_wconf 76' lang='lat' dir='ltr'><strong>infantes.</strong></span> <span class='ocrx_word' id='word_1_344' title='bbox 1525 1088 1584 1115; x_wconf 71' lang='lat' dir='ltr'><strong>haec</strong></span> <span class='ocrx_word' id='word_1_345' title='bbox 1594 1095 1623 1114; x_wconf 89' lang='lat' dir='ltr'><strong>se</strong></span> <span class='ocrx_word' id='word_1_346' title='bbox 1632 1087 1772 1120; x_wconf 85' lang='lat' dir='ltr'><strong>docturos,</strong></span> 
     </span>
    </p>
   </div>
   <div class='ocr_carea' id='block_1_51' title="bbox 985 1131 1600 1167">
    <p class='ocr_par' dir='ltr' id='par_1_51' title="bbox 985 1131 1600 1167">
     <span class='ocr_line' id='line_1_51' title="bbox 985 1131 1600 1167; baseline 0.003 -11"><span class='ocrx_word' id='word_1_347' title='bbox 985 1137 1067 1157; x_wconf 85' lang='lat' dir='ltr'><strong>sensu</strong></span> <span class='ocrx_word' id='word_1_348' title='bbox 1085 1131 1190 1158; x_wconf 90' lang='lat' dir='ltr'><strong>tumido</strong></span> <span class='ocrx_word' id='word_1_349' title='bbox 1203 1139 1234 1159; x_wconf 86' lang='lat' dir='ltr'><strong>ac</strong></span> <span class='ocrx_word' id='word_1_350' title='bbox 1251 1132 1380 1166; x_wconf 85' lang='lat' dir='ltr'><strong>superbo,</strong></span> <span class='ocrx_word' id='word_1_351' title='bbox 1395 1132 1600 1167; x_wconf 69' lang='lat' dir='ltr'><strong>profiteantur?</strong></span> 
     </span>
    </p>
   </div>
   <div class='ocr_carea' id='block_1_52' title="bbox 1019 1176 1773 1214">
    <p class='ocr_par' dir='ltr' id='par_1_52' title="bbox 1019 1176 1773 1214">
     <span class='ocr_line' id='line_1_52' title="bbox 1019 1176 1773 1214; baseline 0.003 -11"><span class='ocrx_word' id='word_1_352' title='bbox 1019 1177 1046 1203; x_wconf 72' lang='lat'><strong>2.</strong></span> <span class='ocrx_word' id='word_1_353' title='bbox 1058 1176 1127 1204; x_wconf 87' lang='lat' dir='ltr'><strong>Cum</strong></span> <span class='ocrx_word' id='word_1_354' title='bbox 1151 1177 1227 1205; x_wconf 80' lang='lat' dir='ltr'><strong>dicat</strong></span> <span class='ocrx_word' id='word_1_355' title='bbox 1239 1177 1388 1213; x_wconf 77' lang='lat' dir='ltr'><strong>Apostolus</strong></span> <span class='ocrx_word' id='word_1_356' title='bbox 1414 1187 1421 1206; x_wconf 87' lang='lat'><strong>:</strong></span> <span class='ocrx_word' id='word_1_357' title='bbox 1452 1178 1480 1206; x_wconf 90' lang='lat' dir='ltr'><strong>Si</strong></span> <span class='ocrx_word' id='word_1_358' title='bbox 1495 1179 1554 1214; x_wconf 79' lang='lat' dir='ltr'><strong>quis</strong></span> <span class='ocrx_word' id='word_1_359' title='bbox 1576 1182 1664 1206; x_wconf 78' lang='lat' dir='ltr'><strong>autem</strong></span> <span class='ocrx_word' id='word_1_360' title='bbox 1686 1178 1773 1213; x_wconf 77' lang='lat' dir='ltr'><strong>diligit</strong></span> 
     </span>
    </p>
   </div>
   <div class='ocr_carea' id='block_1_53' title="bbox 983 1221 1772 1259">
    <p class='ocr_par' dir='ltr' id='par_1_53' title="bbox 983 1221 1772 1259">
     <span class='ocr_line' id='line_1_53' title="bbox 983 1221 1772 1259; baseline 0.005 -11"><span class='ocrx_word' id='word_1_361' title='bbox 983 1221 1079 1255; x_wconf 79' lang='lat' dir='ltr'><strong>Deum,</strong></span> <span class='ocrx_word' id='word_1_362' title='bbox 1095 1223 1135 1250; x_wconf 83' lang='lat' dir='ltr'><strong>In&#39;c</strong></span> <span class='ocrx_word' id='word_1_363' title='bbox 1150 1226 1270 1259; x_wconf 80' lang='lat' dir='ltr'><strong>cognitus</strong></span> <span class='ocrx_word' id='word_1_364' title='bbox 1288 1229 1325 1251; x_wconf 83' lang='lat' dir='ltr'><strong>est</strong></span> <span class='ocrx_word' id='word_1_365' title='bbox 1338 1225 1369 1252; x_wconf 84' lang='lat' dir='ltr'><strong>ab</strong></span> <span class='ocrx_word' id='word_1_366' title='bbox 1387 1233 1415 1252; x_wconf 85' lang='lat' dir='ltr'><strong>eo</strong></span> <span class='ocrx_word' id='word_1_367' title='bbox 1427 1225 1464 1258; x_wconf 82' lang='grc'><strong>³⁶;</strong></span> <span class='ocrx_word' id='word_1_368' title='bbox 1481 1225 1611 1252; x_wconf 88' lang='lat' dir='ltr'><strong>nimirum</strong></span> <span class='ocrx_word' id='word_1_369' title='bbox 1640 1225 1699 1252; x_wconf 89' lang='lat' dir='ltr'><strong>vult</strong></span> <span class='ocrx_word' id='word_1_370' title='bbox 1721 1232 1772 1252; x_wconf 83' lang='lat' dir='ltr'><strong>nos</strong></span> 
     </span>
    </p>
   </div>
   <div class='ocr_carea' id='block_1_54' title="bbox 983 1264 1772 1305">
    <p class='ocr_par' dir='ltr' id='par_1_54' title="bbox 983 1264 1772 1305">
     <span class='ocr_line' id='line_1_54' title="bbox 983 1264 1772 1305; baseline 0.004 -13"><span class='ocrx_word' id='word_1_371' title='bbox 983 1266 1122 1301; x_wconf 81' lang='lat' dir='ltr'><strong>diligenth</strong></span> <span class='ocrx_word' id='word_1_372' title='bbox 1145 1267 1293 1298; x_wconf 88' lang='lat' dir='ltr'><strong>Dominum</strong></span> <span class='ocrx_word' id='word_1_373' title='bbox 1311 1270 1439 1305; x_wconf 80' lang='lat' dir='ltr'><strong>cognosci</strong></span> <span class='ocrx_word' id='word_1_374' title='bbox 1459 1279 1466 1296; x_wconf 84' lang='lat'><strong>:</strong></span> <span class='ocrx_word' id='word_1_375' title='bbox 1490 1269 1535 1297; x_wconf 54' lang='lat' dir='ltr'><strong>Ea;</strong></span> <span class='ocrx_word' id='word_1_376' title='bbox 1546 1278 1576 1297; x_wconf 83' lang='lat' dir='ltr'><strong>eo</strong></span> <span class='ocrx_word' id='word_1_377' title='bbox 1599 1273 1688 1296; x_wconf 83' lang='lat' dir='ltr'><strong>autem</strong></span> <span class='ocrx_word' id='word_1_378' title='bbox 1702 1264 1772 1305; x_wconf 73' lang='lat' dir='ltr'><strong>quod</strong></span> 
     </span>
    </p>
   </div>
   <div class='ocr_carea' id='block_1_55' title="bbox 983 1313 1772 1350">
    <p class='ocr_par' dir='ltr' id='par_1_55' title="bbox 983 1313 1772 1350">
     <span class='ocr_line' id='line_1_55' title="bbox 983 1313 1772 1350; baseline 0.005 -12"><span class='ocrx_word' id='word_1_379' title='bbox 983 1313 1175 1347; x_wconf 81' lang='lat' dir='ltr'><strong>cagnascimur,</strong></span> <span class='ocrx_word' id='word_1_380' title='bbox 1198 1314 1295 1346; x_wconf 77' lang='lat' dir='ltr'><strong>doceri,</strong></span> <span class='ocrx_word' id='word_1_381' title='bbox 1314 1315 1385 1342; x_wconf 80' lang='lat' dir='ltr'><strong>sicut</strong></span> <span class='ocrx_word' id='word_1_382' title='bbox 1410 1315 1458 1347; x_wconf 85' lang='lat' dir='ltr'><strong>ait,</strong></span> <span class='ocrx_word' id='word_1_383' title='bbox 1486 1319 1543 1342; x_wconf 85' lang='lat' dir='ltr'><strong>tum</strong></span> <span class='ocrx_word' id='word_1_384' title='bbox 1567 1315 1679 1342; x_wconf 87' lang='lat' dir='ltr'><strong>virtutis</strong></span> <span class='ocrx_word' id='word_1_385' title='bbox 1702 1323 1772 1350; x_wconf 63' lang='lat' dir='ltr'><strong>prae-</strong></span> 
     </span>
    </p>
   </div>
   <div class='ocr_carea' id='block_1_56' title="bbox 983 1358 1769 1396">
    <p class='ocr_par' dir='ltr' id='par_1_56' title="bbox 983 1358 1769 1396">
     <span class='ocr_line' id='line_1_56' title="bbox 983 1358 1769 1396; baseline 0.005 -12"><span class='ocrx_word' id='word_1_386' title='bbox 983 1358 1093 1391; x_wconf 83' lang='lat' dir='ltr'><strong>stantia,</strong></span> <span class='ocrx_word' id='word_1_387' title='bbox 1109 1364 1166 1386; x_wconf 89' lang='lat' dir='ltr'><strong>tum</strong></span> <span class='ocrx_word' id='word_1_388' title='bbox 1190 1359 1272 1387; x_wconf 88' lang='lat' dir='ltr'><strong>laude</strong></span> <span class='ocrx_word' id='word_1_389' title='bbox 1302 1360 1447 1395; x_wconf 71' lang='lat' dir='ltr'><strong>theologia:</strong></span> <span class='ocrx_word' id='word_1_390' title='bbox 1473 1368 1587 1395; x_wconf 82' lang='lat' dir='ltr'><strong>magnus</strong></span> <span class='ocrx_word' id='word_1_391' title='bbox 1611 1360 1769 1396; x_wconf 76' lang='lat' dir='ltr'><strong>Gregorlus.</strong></span> 
     </span>
    </p>
   </div>
   <div class='ocr_carea' id='block_1_57' title="bbox 982 1400 1770 1440">
    <p class='ocr_par' dir='ltr' id='par_1_57' title="bbox 982 1400 1770 1440">
     <span class='ocr_line' id='line_1_57' title="bbox 982 1400 1770 1440; baseline 0.003 -11"><span class='ocrx_word' id='word_1_392' title='bbox 982 1400 1060 1430; x_wconf 90' lang='lat' dir='ltr'><strong>Hunc</strong></span> <span class='ocrx_word' id='word_1_393' title='bbox 1075 1408 1142 1438; x_wconf 86' lang='lat' dir='ltr'><strong>puto</strong></span> <span class='ocrx_word' id='word_1_394' title='bbox 1153 1412 1264 1431; x_wconf 89' lang='lat' dir='ltr'><strong>sensum</strong></span> <span class='ocrx_word' id='word_1_395' title='bbox 1279 1404 1380 1432; x_wconf 84' lang='lat' dir='ltr'><strong>habere</strong></span> <span class='ocrx_word' id='word_1_396' title='bbox 1394 1405 1486 1432; x_wconf 87' lang='lat' dir='ltr'><strong>ethoc</strong></span> <span class='ocrx_word' id='word_1_397' title='bbox 1512 1405 1663 1440; x_wconf 86' lang='lat' dir='ltr'><strong>capitulum</strong></span> <span class='ocrx_word' id='word_1_398' title='bbox 1679 1414 1685 1431; x_wconf 90' lang='lat'><strong>:</strong></span> <span class='ocrx_word' id='word_1_399' title='bbox 1700 1404 1770 1432; x_wconf 79' lang='lat' dir='ltr'><strong>Clza~</strong></span> 
     </span>
    </p>
   </div>
   <div class='ocr_carea' id='block_1_58' title="bbox 982 1449 1770 1486">
    <p class='ocr_par' dir='ltr' id='par_1_58' title="bbox 982 1449 1770 1486">
     <span class='ocr_line' id='line_1_58' title="bbox 982 1449 1770 1486; baseline 0.004 -12"><span class='ocrx_word' id='word_1_400' title='bbox 982 1449 1086 1475; x_wconf 81' lang='lat' dir='ltr'><strong>ritatem</strong></span> <span class='ocrx_word' id='word_1_401' title='bbox 1103 1450 1207 1484; x_wconf 77' lang='lat' dir='ltr'><strong>quidem</strong></span> <span class='ocrx_word' id='word_1_402' title='bbox 1220 1451 1291 1485; x_wconf 78' lang='lat' dir='ltr'><strong>parit</strong></span> <span class='ocrx_word' id='word_1_403' title='bbox 1311 1451 1525 1486; x_wconf 72' lang='lat' dir='ltr'><strong>imper-turbatio;</strong></span> <span class='ocrx_word' id='word_1_404' title='bbox 1544 1451 1659 1477; x_wconf 69' lang='lat' dir='ltr'><strong>Charitas</strong></span> <span class='ocrx_word' id='word_1_405' title='bbox 1682 1454 1770 1477; x_wconf 83' lang='lat' dir='ltr'><strong>autem</strong></span> 
     </span>
    </p>
   </div>
   <div class='ocr_carea' id='block_1_59' title="bbox 979 1493 1532 1532">
    <p class='ocr_par' dir='ltr' id='par_1_59' title="bbox 979 1493 1532 1532">
     <span class='ocr_line' id='line_1_59' title="bbox 979 1493 1532 1532; baseline 0.005 -12"><span class='ocrx_word' id='word_1_406' title='bbox 979 1493 1169 1522; x_wconf 81' lang='lat' dir='ltr'><strong>illustrationis</strong></span> <span class='ocrx_word' id='word_1_407' title='bbox 1184 1497 1299 1524; x_wconf 77' lang='lat' dir='ltr'><strong>scientia:</strong></span> <span class='ocrx_word' id='word_1_408' title='bbox 1312 1504 1407 1532; x_wconf 78' lang='lat' dir='ltr'><strong>parcns</strong></span> <span class='ocrx_word' id='word_1_409' title='bbox 1421 1496 1532 1523; x_wconf 73' lang='lat' dir='ltr'><strong>exsistit.</strong></span> 
     </span>
    </p>
   </div>
   <div class='ocr_carea' id='block_1_60' title="bbox 178 1581 941 1629">
    <p class='ocr_par' dir='ltr' id='par_1_60' title="bbox 178 1591 929 1629">
     <span class='ocr_line' id='line_1_60' title="bbox 178 1591 929 1629; baseline 0.003 -11"><span class='ocrx_word' id='word_1_410' title='bbox 178 1591 215 1624; x_wconf 87' lang='grc' dir='ltr'><strong>γ’.</strong></span> <span class='ocrx_word' id='word_1_411' title='bbox 243 1591 330 1617; x_wconf 81' lang='grc' dir='ltr'>Τίνων</span> <span class='ocrx_word' id='word_1_412' title='bbox 349 1592 397 1626; x_wconf 71' lang='grc' dir='ltr'><strong>οὐχ</strong></span> <span class='ocrx_word' id='word_1_413' title='bbox 423 1591 538 1618; x_wconf 73' lang='grc' dir='ltr'>ἅπτεται</span> <span class='ocrx_word' id='word_1_414' title='bbox 567 1591 637 1627; x_wconf 68' lang='grc' dir='ltr'>αὕτη</span> <span class='ocrx_word' id='word_1_415' title='bbox 663 1592 772 1625; x_wconf 75' lang='grc' dir='ltr'>ἔννοια,</span> <span class='ocrx_word' id='word_1_416' title='bbox 794 1591 870 1629; x_wconf 73' lang='grc' dir='ltr'>οἶμαι</span> <span class='ocrx_word' id='word_1_417' title='bbox 901 1594 929 1620; x_wconf 82' lang='grc' dir='ltr'><strong>δὲ</strong></span> 
     </span>
    </p>
   </div>
   <div class='ocr_carea' id='block_1_61' title="bbox 990 1581 1771 1629">
    <p class='ocr_par' dir='ltr' id='par_1_61' title="bbox 1017 1590 1771 1628">
     <span class='ocr_line' id='line_1_61' title="bbox 1017 1590 1771 1628; baseline 0.004 -12"><span class='ocrx_word' id='word_1_418' title='bbox 1017 1591 1042 1617; x_wconf 83' lang='grc'><strong>5.</strong></span> <span class='ocrx_word' id='word_1_419' title='bbox 1056 1590 1128 1623; x_wconf 77' lang='lat' dir='ltr'><strong>Quos</strong></span> <span class='ocrx_word' id='word_1_420' title='bbox 1144 1594 1278 1620; x_wconf 84' lang='lat' dir='ltr'><strong>sententia</strong></span> <span class='ocrx_word' id='word_1_421' title='bbox 1297 1593 1355 1620; x_wconf 65' lang='lat' dir='ltr'><strong>haec</strong></span> <span class='ocrx_word' id='word_1_422' title='bbox 1368 1602 1422 1620; x_wconf 90' lang='lat' dir='ltr'><strong>non</strong></span> <span class='ocrx_word' id='word_1_423' title='bbox 1436 1593 1600 1628; x_wconf 80' lang='lat' dir='ltr'><strong>perstringat</strong></span> <span class='ocrx_word' id='word_1_424' title='bbox 1613 1601 1619 1618; x_wconf 87' lang='lat'>:</span> <span class='ocrx_word' id='word_1_425' title='bbox 1632 1592 1771 1626; x_wconf 58' lang='lat' dir='ltr'><strong>Praecipue</strong></span> 
     </span>
    </p>
   </div>
   <div class='ocr_carea' id='block_1_62' title="bbox 144 1637 927 1676">
    <p class='ocr_par' dir='ltr' id='par_1_62' title="bbox 144 1637 927 1676">
     <span class='ocr_line' id='line_1_62' title="bbox 144 1637 927 1676; baseline 0.004 -12"><span class='ocrx_word' id='word_1_426' title='bbox 144 1637 284 1672; x_wconf 77' lang='grc' dir='ltr'>μάλιστα,</span> <span class='ocrx_word' id='word_1_427' title='bbox 307 1637 362 1665; x_wconf 84' lang='grc' dir='ltr'><strong>τῶν</strong></span> <span class='ocrx_word' id='word_1_428' title='bbox 387 1637 435 1664; x_wconf 82' lang='grc' dir='ltr'>τοῦ</span> <span class='ocrx_word' id='word_1_429' title='bbox 467 1639 585 1674; x_wconf 77' lang='grc' dir='ltr'>μαμωνᾶ</span> <span class='ocrx_word' id='word_1_430' title='bbox 611 1639 927 1676; x_wconf 81' lang='grc' dir='ltr'>ὑπεραποθνησκόντων·</span> 
     </span>
    </p>
   </div>
   <div class='ocr_carea' id='block_1_63' title="bbox 140 1682 928 1720">
    <p class='ocr_par' dir='ltr' id='par_1_63' title="bbox 140 1682 928 1720">
     <span class='ocr_line' id='line_1_63' title="bbox 140 1682 928 1720; baseline 0.005 -11"><span class='ocrx_word' id='word_1_431' title='bbox 140 1682 241 1710; x_wconf 77' lang='grc' dir='ltr'>ταυτὸν</span> <span class='ocrx_word' id='word_1_432' title='bbox 258 1682 286 1709; x_wconf 82' lang='grc' dir='ltr'><strong>δὲ</strong></span> <span class='ocrx_word' id='word_1_433' title='bbox 303 1684 390 1710; x_wconf 68' lang='grc' dir='ltr'>εἰπεῖν</span> <span class='ocrx_word' id='word_1_434' title='bbox 410 1683 457 1710; x_wconf 78' lang='grc' dir='ltr'>τοῦ</span> <span class='ocrx_word' id='word_1_435' title='bbox 482 1684 629 1719; x_wconf 82' lang='grc' dir='ltr'>λεγομένου</span> <span class='ocrx_word' id='word_1_436' title='bbox 653 1685 784 1720; x_wconf 84' lang='grc' dir='ltr'>δημοσίου</span> <span class='ocrx_word' id='word_1_437' title='bbox 812 1687 858 1713; x_wconf 72' lang='grc' dir='ltr'>καὶ</span> <span class='ocrx_word' id='word_1_438' title='bbox 881 1688 928 1713; x_wconf 84' lang='grc' dir='ltr'>τοῦ</span> 
     </span>
    </p>
   </div>
   <div class='ocr_carea' id='block_1_64' title="bbox 141 1719 654 1762">
    <p class='ocr_par' dir='ltr' id='par_1_64' title="bbox 141 1719 654 1762">
     <span class='ocr_line' id='line_1_64' title="bbox 141 1719 654 1762; baseline 0 -8"><span class='ocrx_word' id='word_1_439' title='bbox 141 1726 375 1762; x_wconf 65' lang='grc' dir='ltr'>κοσμοκράτορας.</span> <span class='ocrx_word' id='word_1_440' title='bbox 648 1719 654 1724; x_wconf 45' lang='grc'><strong>⁸</strong></span> 
     </span>
    </p>
   </div>
   <div class='ocr_carea' id='block_1_65' title="bbox 178 1771 929 1811">
    <p class='ocr_par' dir='ltr' id='par_1_65' title="bbox 178 1771 929 1811">
     <span class='ocr_line' id='line_1_65' title="bbox 178 1771 929 1811; baseline 0.008 -14"><span class='ocrx_word' id='word_1_441' title='bbox 178 1772 212 1798; x_wconf 78' lang='grc' dir='ltr'><strong>δ’.</strong></span> <span class='ocrx_word' id='word_1_442' title='bbox 233 1772 264 1798; x_wconf 87' lang='grc'><strong>’0</strong></span> <span class='ocrx_word' id='word_1_443' title='bbox 279 1771 345 1803; x_wconf 75' lang='grc' dir='ltr'>Θεὸς</span> <span class='ocrx_word' id='word_1_444' title='bbox 362 1772 467 1805; x_wconf 79' lang='grc' dir='ltr'>πάντας</span> <span class='ocrx_word' id='word_1_445' title='bbox 478 1773 638 1810; x_wconf 79' lang='grc' dir='ltr'>ἀνθρώπους</span> <span class='ocrx_word' id='word_1_446' title='bbox 652 1775 724 1802; x_wconf 81' lang='grc' dir='ltr'>θέλει</span> <span class='ocrx_word' id='word_1_447' title='bbox 736 1775 864 1811; x_wconf 81' lang='grc' dir='ltr'>σωθῆναι,</span> <span class='ocrx_word' id='word_1_448' title='bbox 881 1777 929 1803; x_wconf 70' lang='grc' dir='ltr'><strong>καὶ</strong></span> 
     </span>
    </p>
   </div>
   <div class='ocr_carea' id='block_1_66' title="bbox 141 1817 928 1854">
    <p class='ocr_par' dir='ltr' id='par_1_66' title="bbox 141 1817 928 1854">
     <span class='ocr_line' id='line_1_66' title="bbox 141 1817 928 1854; baseline 0.006 -10"><span class='ocrx_word' id='word_1_449' title='bbox 141 1817 213 1853; x_wconf 79' lang='grc' dir='ltr'>ὑπὲρ</span> <span class='ocrx_word' id='word_1_450' title='bbox 230 1818 340 1845; x_wconf 85' lang='grc' dir='ltr'>πάντων</span> <span class='ocrx_word' id='word_1_451' title='bbox 354 1819 501 1851; x_wconf 79' lang='grc' dir='ltr'>ἀπέθανεν,</span> <span class='ocrx_word' id='word_1_452' title='bbox 526 1820 568 1847; x_wconf 77' lang='grc' dir='ltr'>ἵνα</span> <span class='ocrx_word' id='word_1_453' title='bbox 589 1821 614 1847; x_wconf 80' lang='lat' dir='ltr'><strong>oi.</strong></span> <span class='ocrx_word' id='word_1_454' title='bbox 630 1821 729 1854; x_wconf 79' lang='grc' dir='ltr'>πάντες</span> <span class='ocrx_word' id='word_1_455' title='bbox 746 1822 879 1849; x_wconf 82' lang='grc' dir='ltr'>σωθῶσιν.</span> <span class='ocrx_word' id='word_1_456' title='bbox 898 1823 928 1849; x_wconf 84' lang='grc' dir='ltr'><strong>ὐ</strong></span> 
     </span>
    </p>
   </div>
   <div class='ocr_carea' id='block_1_67' title="bbox 139 1862 926 1903">
    <p class='ocr_par' dir='ltr' id='par_1_67' title="bbox 139 1862 926 1903">
     <span class='ocr_line' id='line_1_67' title="bbox 139 1862 926 1903; baseline 0.008 -13"><span class='ocrx_word' id='word_1_457' title='bbox 139 1862 188 1891; x_wconf 74' lang='grc' dir='ltr'>οὖν</span> <span class='ocrx_word' id='word_1_458' title='bbox 199 1864 314 1900; x_wconf 79' lang='grc' dir='ltr'>ἀγαπῶν</span> <span class='ocrx_word' id='word_1_459' title='bbox 327 1865 374 1892; x_wconf 83' lang='grc' dir='ltr'>τὸν</span> <span class='ocrx_word' id='word_1_460' title='bbox 388 1865 463 1897; x_wconf 86' lang='grc' dir='ltr'>Θεὺν,</span> <span class='ocrx_word' id='word_1_461' title='bbox 478 1866 508 1892; x_wconf 81' lang='grc' dir='ltr'>τὸ</span> <span class='ocrx_word' id='word_1_462' title='bbox 524 1866 634 1902; x_wconf 75' lang='grc' dir='ltr'>θελητδν</span> <span class='ocrx_word' id='word_1_463' title='bbox 646 1867 693 1894; x_wconf 74' lang='grc' dir='ltr'>τοῦ</span> <span class='ocrx_word' id='word_1_464' title='bbox 705 1866 773 1895; x_wconf 82' lang='grc' dir='ltr'>Θεοῦ</span> <span class='ocrx_word' id='word_1_465' title='bbox 787 1869 926 1903; x_wconf 78' lang='grc' dir='ltr'>φυλάττει.</span> 
     </span>
    </p>
   </div>
   <div class='ocr_carea' id='block_1_68' title="bbox 140 1904 928 1948">
    <p class='ocr_par' dir='ltr' id='par_1_68' title="bbox 140 1904 928 1948">
     <span class='ocr_line' id='line_1_68' title="bbox 140 1904 928 1948; baseline 0.005 -11"><span class='ocrx_word' id='word_1_466' title='bbox 140 1911 286 1938; x_wconf 66' lang='grc' dir='ltr'><strong>1Ιιυλόισιττων</strong></span> <span class='ocrx_word' id='word_1_467' title='bbox 307 1911 346 1944; x_wconf 85' lang='grc' dir='ltr'><strong>δὲ,</strong></span> <span class='ocrx_word' id='word_1_468' title='bbox 375 1911 433 1943; x_wconf 85' lang='grc' dir='ltr'><strong>πῶς</strong></span> <span class='ocrx_word' id='word_1_469' title='bbox 448 1912 498 1938; x_wconf 82' lang='grc' dir='ltr'><strong>οὐκ</strong></span> <span class='ocrx_word' id='word_1_470' title='bbox 523 1904 662 1948; x_wconf 67' lang='grc' dir='ltr'>ἀγαπήσει</span> <span class='ocrx_word' id='word_1_471' title='bbox 689 1914 793 1945; x_wconf 71' lang='grc' dir='ltr'>πάντας</span> <span class='ocrx_word' id='word_1_472' title='bbox 813 1913 850 1946; x_wconf 81' lang='grc' dir='ltr'>ὡς</span> <span class='ocrx_word' id='word_1_473' title='bbox 868 1915 928 1941; x_wconf 77' lang='grc' dir='ltr'>ἐαυ-</span> 
     </span>
    </p>
   </div>
   <div class='ocr_carea' id='block_1_69' title="bbox 140 1956 925 1994">
    <p class='ocr_par' dir='ltr' id='par_1_69' title="bbox 140 1956 925 1994">
     <span class='ocr_line' id='line_1_69' title="bbox 140 1956 925 1994; baseline 0.008 -12"><span class='ocrx_word' id='word_1_474' title='bbox 140 1957 202 1990; x_wconf 77' lang='grc' dir='ltr'>τὸν,</span> <span class='ocrx_word' id='word_1_475' title='bbox 220 1956 268 1983; x_wconf 79' lang='grc' dir='ltr'><strong>καὶ</strong></span> <span class='ocrx_word' id='word_1_476' title='bbox 287 1957 395 1992; x_wconf 80' lang='grc' dir='ltr'>θελήσει</span> <span class='ocrx_word' id='word_1_477' title='bbox 420 1956 526 1990; x_wconf 72' lang='grc' dir='ltr'>πάντας</span> <span class='ocrx_word' id='word_1_478' title='bbox 552 1958 686 1994; x_wconf 81' lang='grc' dir='ltr'>σωθῆναι,</span> <span class='ocrx_word' id='word_1_479' title='bbox 703 1960 783 1986; x_wconf 79' lang='grc' dir='ltr'>τοῦτο</span> <span class='ocrx_word' id='word_1_480' title='bbox 801 1959 925 1994; x_wconf 79' lang='grc' dir='ltr'>θέλοντος</span> 
     </span>
    </p>
   </div>
   <div class='ocr_carea' id='block_1_70' title="bbox 139 2002 279 2036">
    <p class='ocr_par' dir='ltr' id='par_1_70' title="bbox 139 2002 279 2036">
     <span class='ocr_line' id='line_1_70' title="bbox 139 2002 279 2036; baseline -0.007 -6"><span class='ocrx_word' id='word_1_481' title='bbox 139 2002 188 2030; x_wconf 69' lang='grc' dir='ltr'>τοῦ</span> <span class='ocrx_word' id='word_1_482' title='bbox 201 2002 279 2036; x_wconf 77' lang='grc' dir='ltr'>Θεοῧ;</span> 
     </span>
    </p>
   </div>
   <div class='ocr_carea' id='block_1_71' title="bbox 177 2092 927 2132">
    <p class='ocr_par' dir='ltr' id='par_1_71' title="bbox 177 2092 927 2132">
     <span class='ocr_line' id='line_1_71' title="bbox 177 2092 927 2132; baseline 0.004 -12"><span class='ocrx_word' id='word_1_483' title='bbox 177 2096 208 2120; x_wconf 86' lang='grc' dir='ltr'><strong>ε’.</strong></span> <span class='ocrx_word' id='word_1_484' title='bbox 233 2092 336 2119; x_wconf 83' lang='grc' dir='ltr'>Γνῶσιν</span> <span class='ocrx_word' id='word_1_485' title='bbox 360 2092 408 2119; x_wconf 81' lang='grc' dir='ltr'>τοῦ</span> <span class='ocrx_word' id='word_1_486' title='bbox 429 2093 495 2119; x_wconf 77' lang='grc' dir='ltr'>Θεοῦ</span> <span class='ocrx_word' id='word_1_487' title='bbox 518 2093 567 2128; x_wconf 83' lang='grc' dir='ltr'>τὴν</span> <span class='ocrx_word' id='word_1_488' title='bbox 583 2094 674 2121; x_wconf 85' lang='grc' dir='ltr'>πίστιν</span> <span class='ocrx_word' id='word_1_489' title='bbox 695 2094 788 2128; x_wconf 83' lang='grc' dir='ltr'>λέγει·</span> <span class='ocrx_word' id='word_1_490' title='bbox 817 2096 927 2132; x_wconf 82' lang='grc' dir='ltr'>ἀγάπην</span> 
     </span>
    </p>
   </div>
   <div class='ocr_carea' id='block_1_72' title="bbox 139 2137 929 2176">
    <p class='ocr_par' dir='ltr' id='par_1_72' title="bbox 139 2137 929 2176">
     <span class='ocr_line' id='line_1_72' title="bbox 139 2137 929 2176; baseline 0.005 -12"><span class='ocrx_word' id='word_1_491' title='bbox 139 2138 180 2171; x_wconf 71' lang='grc' dir='ltr'><strong>δὲ,</strong></span> <span class='ocrx_word' id='word_1_492' title='bbox 194 2139 244 2174; x_wconf 77' lang='grc' dir='ltr'>τὴν</span> <span class='ocrx_word' id='word_1_493' title='bbox 262 2139 377 2174; x_wconf 80' lang='grc' dir='ltr'>τήρησιν</span> <span class='ocrx_word' id='word_1_494' title='bbox 397 2137 451 2165; x_wconf 83' lang='grc' dir='ltr'><strong>τῶν</strong></span> <span class='ocrx_word' id='word_1_495' title='bbox 469 2138 600 2166; x_wconf 76' lang='grc' dir='ltr'>ἐντολῶν·</span> <span class='ocrx_word' id='word_1_496' title='bbox 621 2139 654 2174; x_wconf 81' lang='grc' dir='ltr'>ἢν</span> <span class='ocrx_word' id='word_1_497' title='bbox 669 2140 715 2166; x_wconf 74' lang='grc' dir='ltr'><strong>καὶ</strong></span> <span class='ocrx_word' id='word_1_498' title='bbox 732 2140 837 2176; x_wconf 80' lang='grc' dir='ltr'>θέλημα</span> <span class='ocrx_word' id='word_1_499' title='bbox 851 2141 929 2168; x_wconf 82' lang='grc' dir='ltr'>καλεῖ</span> 
     </span>
    </p>
   </div>
   <div class='ocr_carea' id='block_1_73' title="bbox 140 2184 926 2222">
    <p class='ocr_par' dir='ltr' id='par_1_73' title="bbox 140 2184 926 2222">
     <span class='ocr_line' id='line_1_73' title="bbox 140 2184 926 2222; baseline 0.004 -11"><span class='ocrx_word' id='word_1_500' title='bbox 140 2185 190 2211; x_wconf 74' lang='grc' dir='ltr'><strong>καὶ</strong></span> <span class='ocrx_word' id='word_1_501' title='bbox 205 2184 379 2219; x_wconf 69' lang='grc' dir='ltr'>δικαιώματα</span> <span class='ocrx_word' id='word_1_502' title='bbox 402 2184 451 2210; x_wconf 74' lang='grc' dir='ltr'><strong>καὶ</strong></span> <span class='ocrx_word' id='word_1_503' title='bbox 475 2185 633 2220; x_wconf 68' lang='grc' dir='ltr'>ἐντάλματα</span> <span class='ocrx_word' id='word_1_504' title='bbox 659 2186 706 2212; x_wconf 78' lang='grc' dir='ltr'><strong>καὶ</strong></span> <span class='ocrx_word' id='word_1_505' title='bbox 725 2187 926 2222; x_wconf 76' lang='grc' dir='ltr'>προστάγματα</span> 
     </span>
    </p>
   </div>
   <div class='ocr_carea' id='block_1_74' title="bbox 140 2228 928 2266">
    <p class='ocr_par' dir='ltr' id='par_1_74' title="bbox 140 2228 928 2266">
     <span class='ocr_line' id='line_1_74' title="bbox 140 2228 928 2266; baseline 0.005 -11"><span class='ocrx_word' id='word_1_506' title='bbox 140 2230 188 2256; x_wconf 77' lang='grc' dir='ltr'><strong>καὶ</strong></span> <span class='ocrx_word' id='word_1_507' title='bbox 216 2228 290 2264; x_wconf 77' lang='grc' dir='ltr'><strong>φῶς’</strong></span> <span class='ocrx_word' id='word_1_508' title='bbox 313 2229 385 2256; x_wconf 72' lang='grc' dir='ltr'>κατὰ</span> <span class='ocrx_word' id='word_1_509' title='bbox 405 2229 452 2262; x_wconf 74' lang='grc' dir='ltr'>τὸ,</span> <span class='ocrx_word' id='word_1_510' title='bbox 473 2230 550 2256; x_wconf 77' lang='grc' dir='ltr'>Διότι</span> <span class='ocrx_word' id='word_1_511' title='bbox 573 2230 636 2265; x_wconf 71' lang='grc' dir='ltr'><strong>φῶς</strong></span> <span class='ocrx_word' id='word_1_512' title='bbox 656 2231 691 2258; x_wconf 82' lang='grc' dir='ltr'>τὰ</span> <span class='ocrx_word' id='word_1_513' title='bbox 715 2231 928 2266; x_wconf 48' lang='grc' dir='ltr'>προστάγματά</span> 
     </span>
    </p>
   </div>
   <div class='ocr_carea' id='block_1_75' title="bbox 140 2274 926 2312">
    <p class='ocr_par' dir='ltr' id='par_1_75' title="bbox 140 2274 926 2312">
     <span class='ocr_line' id='line_1_75' title="bbox 140 2274 926 2312; baseline 0.005 -12"><span class='ocrx_word' id='word_1_514' title='bbox 140 2282 211 2301; x_wconf 87' lang='grc' dir='ltr'>σου.</span> <span class='ocrx_word' id='word_1_515' title='bbox 227 2274 282 2310; x_wconf 84' lang='grc' dir='ltr'><strong>Τὴν</strong></span> <span class='ocrx_word' id='word_1_516' title='bbox 298 2274 456 2310; x_wconf 76' lang='grc' dir='ltr'>ἔμπρακτον</span> <span class='ocrx_word' id='word_1_517' title='bbox 470 2275 499 2301; x_wconf 79' lang='grc' dir='ltr'><strong>δὲ</strong></span> <span class='ocrx_word' id='word_1_518' title='bbox 515 2275 616 2309; x_wconf 86' lang='grc' dir='ltr'>γνῶσιν</span> <span class='ocrx_word' id='word_1_519' title='bbox 635 2276 782 2312; x_wconf 74' lang='grc' dir='ltr'>παρίστησι</span> <span class='ocrx_word' id='word_1_520' title='bbox 797 2277 826 2303; x_wconf 74' lang='grc' dir='ltr'><strong>τὺ</strong></span> <span class='ocrx_word' id='word_1_521' title='bbox 842 2278 926 2312; x_wconf 73' lang='grc' dir='ltr'>κεφά-</span> 
     </span>
    </p>
   </div>
   <div class='ocr_carea' id='block_1_76' title="bbox 141 2319 227 2347">
    <p class='ocr_par' dir='ltr' id='par_1_76' title="bbox 141 2319 227 2347">
     <span class='ocr_line' id='line_1_76' title="bbox 141 2319 227 2347; baseline 0 -1"><span class='ocrx_word' id='word_1_522' title='bbox 141 2319 227 2347; x_wconf 81' lang='grc' dir='ltr'>λαιον.</span> 
     </span>
    </p>
   </div>
   <div class='ocr_carea' id='block_1_77' title="bbox 178 2365 925 2402">
    <p class='ocr_par' dir='ltr' id='par_1_77' title="bbox 178 2365 925 2402">
     <span class='ocr_line' id='line_1_77' title="bbox 178 2365 925 2402; baseline 0.004 -10"><span class='ocrx_word' id='word_1_523' title='bbox 178 2368 217 2399; x_wconf 86' lang='grc' dir='ltr'><strong>ς’.</strong></span> <span class='ocrx_word' id='word_1_524' title='bbox 242 2365 322 2393; x_wconf 59' lang='lat' dir='ltr'><strong>Maia</strong></span> <span class='ocrx_word' id='word_1_525' title='bbox 346 2365 401 2393; x_wconf 84' lang='grc' dir='ltr'><strong>τῶν</strong></span> <span class='ocrx_word' id='word_1_526' title='bbox 426 2366 532 2402; x_wconf 79' lang='grc' dir='ltr'>ἀρετῶν</span> <span class='ocrx_word' id='word_1_527' title='bbox 548 2367 622 2394; x_wconf 73' lang='grc' dir='ltr'>ἐστιν</span> <span class='ocrx_word' id='word_1_528' title='bbox 642 2368 655 2394; x_wconf 81' lang='grc' dir='ltr'>ὁ</span> <span class='ocrx_word' id='word_1_529' title='bbox 672 2367 750 2400; x_wconf 84' lang='grc' dir='ltr'>Θεός.</span> <span class='ocrx_word' id='word_1_530' title='bbox 767 2368 869 2395; x_wconf 82' lang='grc' dir='ltr'>Τούτου</span> <span class='ocrx_word' id='word_1_531' title='bbox 887 2369 925 2400; x_wconf 79' lang='grc' dir='ltr'>δὲ,</span> 
     </span>
    </p>
   </div>
   <div class='ocr_carea' id='block_1_78' title="bbox 141 2410 927 2449">
    <p class='ocr_par' dir='ltr' id='par_1_78' title="bbox 141 2410 927 2449">
     <span class='ocr_line' id='line_1_78' title="bbox 141 2410 927 2449; baseline 0.004 -12"><span class='ocrx_word' id='word_1_532' title='bbox 141 2410 202 2438; x_wconf 80' lang='grc' dir='ltr'>κατ’</span> <span class='ocrx_word' id='word_1_533' title='bbox 230 2411 372 2447; x_wconf 75' lang='grc' dir='ltr'>ἐνέργειαν</span> <span class='ocrx_word' id='word_1_534' title='bbox 388 2411 502 2446; x_wconf 87' lang='grc' dir='ltr'>γνῶσις,</span> <span class='ocrx_word' id='word_1_535' title='bbox 528 2412 610 2447; x_wconf 83' lang='grc' dir='ltr'>ήτοῢ</span> <span class='ocrx_word' id='word_1_536' title='bbox 632 2414 692 2440; x_wconf 81' lang='grc' dir='ltr'>κατ’</span> <span class='ocrx_word' id='word_1_537' title='bbox 723 2414 852 2449; x_wconf 81' lang='grc' dir='ltr'>ἀλήθειαν</span> <span class='ocrx_word' id='word_1_538' title='bbox 878 2416 927 2440; x_wconf 63' lang='lat'><strong>£1:—</strong></span> 
     </span>
    </p>
   </div>
   <div class='ocr_carea' id='block_1_79' title="bbox 141 2456 928 2495">
    <p class='ocr_par' dir='ltr' id='par_1_79' title="bbox 141 2456 928 2495">
     <span class='ocr_line' id='line_1_79' title="bbox 141 2456 928 2495; baseline 0.004 -12"><span class='ocrx_word' id='word_1_539' title='bbox 141 2457 294 2490; x_wconf 79' lang='grc' dir='ltr'>εγνωκότος</span> <span class='ocrx_word' id='word_1_540' title='bbox 310 2456 356 2484; x_wconf 81' lang='grc' dir='ltr'>τὸν</span> <span class='ocrx_word' id='word_1_541' title='bbox 370 2456 454 2489; x_wconf 69' lang='grc' dir='ltr'>Θεὸν,</span> <span class='ocrx_word' id='word_1_542' title='bbox 472 2457 539 2492; x_wconf 79' lang='grc' dir='ltr'>πρὸς</span> <span class='ocrx_word' id='word_1_543' title='bbox 553 2458 584 2484; x_wconf 83' lang='grc' dir='ltr'><strong>τὺ</strong></span> <span class='ocrx_word' id='word_1_544' title='bbox 601 2458 709 2494; x_wconf 84' lang='grc' dir='ltr'>πνεῦμα</span> <span class='ocrx_word' id='word_1_545' title='bbox 724 2459 794 2486; x_wconf 81' lang='grc' dir='ltr'>κατὰ</span> <span class='ocrx_word' id='word_1_546' title='bbox 807 2460 856 2495; x_wconf 81' lang='grc' dir='ltr'><strong>τήν</strong></span> <span class='ocrx_word' id='word_1_547' title='bbox 871 2460 928 2494; x_wconf 70' lang='grc' dir='ltr'>ἕξιν</span> 
     </span>
    </p>
   </div>
   <div class='ocr_carea' id='block_1_80' title="bbox 141 2501 297 2534">
    <p class='ocr_par' dir='ltr' id='par_1_80' title="bbox 141 2501 297 2534">
     <span class='ocr_line' id='line_1_80' title="bbox 141 2501 297 2534; baseline -0.006 -5"><span class='ocrx_word' id='word_1_548' title='bbox 141 2501 297 2534; x_wconf 78' lang='grc' dir='ltr'>ἀλλοίωσις.</span> 
     </span>
    </p>
   </div>
   <div class='ocr_carea' id='block_1_81' title="bbox 176 2546 927 2586">
    <p class='ocr_par' dir='ltr' id='par_1_81' title="bbox 176 2546 927 2586">
     <span class='ocr_line' id='line_1_81' title="bbox 176 2546 927 2586; baseline 0.008 -14"><span class='ocrx_word' id='word_1_549' title='bbox 176 2548 210 2579; x_wconf 75' lang='grc' dir='ltr'><strong>ς’.</strong></span> <span class='ocrx_word' id='word_1_550' title='bbox 232 2546 381 2581; x_wconf 76' lang='grc' dir='ltr'>Ἀνάγνωθι</span> <span class='ocrx_word' id='word_1_551' title='bbox 396 2547 426 2574; x_wconf 83' lang='grc' dir='ltr'><strong>τὺ</strong></span> <span class='ocrx_word' id='word_1_552' title='bbox 440 2551 481 2579; x_wconf 86' lang='grc' dir='ltr'>ος’</span> <span class='ocrx_word' id='word_1_553' title='bbox 501 2549 552 2583; x_wconf 76' lang='grc' dir='ltr'>τῆς</span> <span class='ocrx_word' id='word_1_554' title='bbox 574 2546 660 2584; x_wconf 81' lang='grc' dir='ltr'>αὐτῆς</span> <span class='ocrx_word' id='word_1_555' title='bbox 679 2553 711 2585; x_wconf 90' lang='grc' dir='ltr'><strong>ρ’,</strong></span> <span class='ocrx_word' id='word_1_556' title='bbox 736 2551 783 2577; x_wconf 77' lang='grc' dir='ltr'>καὶ</span> <span class='ocrx_word' id='word_1_557' title='bbox 801 2550 927 2586; x_wconf 83' lang='grc' dir='ltr'>εὑρήσεις</span> 
     </span>
    </p>
   </div>
   <div class='ocr_carea' id='block_1_82' title="bbox 141 2591 861 2631">
    <p class='ocr_par' dir='ltr' id='par_1_82' title="bbox 141 2591 861 2631">
     <span class='ocr_line' id='line_1_82' title="bbox 141 2591 861 2631; baseline 0.007 -13"><span class='ocrx_word' id='word_1_558' title='bbox 141 2591 235 2627; x_wconf 85' lang='grc' dir='ltr'>δμοιον</span> <span class='ocrx_word' id='word_1_559' title='bbox 248 2592 347 2627; x_wconf 80' lang='grc' dir='ltr'>πάντη,</span> <span class='ocrx_word' id='word_1_560' title='bbox 361 2592 437 2628; x_wconf 80' lang='grc' dir='ltr'>παρὰ</span> <span class='ocrx_word' id='word_1_561' title='bbox 451 2593 480 2618; x_wconf 79' lang='grc' dir='ltr'>τὸ</span> <span class='ocrx_word' id='word_1_562' title='bbox 496 2592 550 2620; x_wconf 82' lang='grc' dir='ltr'><strong>τῶν</strong></span> <span class='ocrx_word' id='word_1_563' title='bbox 565 2594 706 2629; x_wconf 77' lang='grc' dir='ltr'>ὀνομάτων</span> <span class='ocrx_word' id='word_1_564' title='bbox 720 2594 861 2631; x_wconf 79' lang='grc' dir='ltr'>διάφορον.</span> 
     </span>
    </p>
   </div>
   <div class='ocr_carea' id='block_1_83' title="bbox 176 2678 925 2717">
    <p class='ocr_par' dir='ltr' id='par_1_83' title="bbox 176 2678 925 2717">
     <span class='ocr_line' id='line_1_83' title="bbox 176 2678 925 2717; baseline 0.009 -13"><span class='ocrx_word' id='word_1_565' title='bbox 176 2681 212 2713; x_wconf 88' lang='grc' dir='ltr'><strong>η’.</strong></span> <span class='ocrx_word' id='word_1_566' title='bbox 234 2678 267 2705; x_wconf 88' lang='lat' dir='ltr'><strong>El</strong></span> <span class='ocrx_word' id='word_1_567' title='bbox 283 2679 428 2714; x_wconf 81' lang='grc' dir='ltr'>φάρμακον</span> <span class='ocrx_word' id='word_1_568' title='bbox 452 2679 501 2714; x_wconf 82' lang='grc' dir='ltr'>τῆς</span> <span class='ocrx_word' id='word_1_569' title='bbox 528 2680 637 2715; x_wconf 82' lang='grc' dir='ltr'>ἀγάπης</span> <span class='ocrx_word' id='word_1_570' title='bbox 651 2682 667 2716; x_wconf 82' lang='grc' dir='ltr'>ἡ</span> <span class='ocrx_word' id='word_1_571' title='bbox 684 2682 776 2717; x_wconf 78' lang='grc' dir='ltr'>ἐντολὴ</span> <span class='ocrx_word' id='word_1_572' title='bbox 792 2684 863 2710; x_wconf 85' lang='grc' dir='ltr'>κατὰ</span> <span class='ocrx_word' id='word_1_573' title='bbox 878 2685 925 2711; x_wconf 82' lang='grc' dir='ltr'>τοῦ</span> 
     </span>
    </p>
   </div>
   <div class='ocr_carea' id='block_1_84' title="bbox 142 2722 925 2762">
    <p class='ocr_par' dir='ltr' id='par_1_84' title="bbox 142 2722 925 2762">
     <span class='ocr_line' id='line_1_84' title="bbox 142 2722 925 2762; baseline 0.008 -13"><span class='ocrx_word' id='word_1_574' title='bbox 142 2722 228 2758; x_wconf 76' lang='grc' dir='ltr'>θυμοῦ</span> <span class='ocrx_word' id='word_1_575' title='bbox 251 2722 340 2758; x_wconf 78' lang='grc' dir='ltr'>ἐδόθη·</span> <span class='ocrx_word' id='word_1_576' title='bbox 358 2724 465 2755; x_wconf 83' lang='grc' dir='ltr'>πάντως</span> <span class='ocrx_word' id='word_1_577' title='bbox 484 2724 500 2759; x_wconf 85' lang='grc' dir='ltr'><strong>ἡ</strong></span> <span class='ocrx_word' id='word_1_578' title='bbox 516 2724 665 2759; x_wconf 76' lang='grc' dir='ltr'>ἐγκράτεια</span> <span class='ocrx_word' id='word_1_579' title='bbox 682 2727 753 2753; x_wconf 79' lang='grc' dir='ltr'>κατὰ</span> <span class='ocrx_word' id='word_1_580' title='bbox 765 2728 814 2762; x_wconf 88' lang='grc' dir='ltr'>τῆς</span> <span class='ocrx_word' id='word_1_581' title='bbox 830 2728 925 2755; x_wconf 74' lang='grc' dir='ltr'>ἐπιθυ-</span> 
     </span>
    </p>
   </div>
   <div class='ocr_carea' id='block_1_85' title="bbox 143 2766 663 2804">
    <p class='ocr_par' dir='ltr' id='par_1_85' title="bbox 143 2766 663 2804">
     <span class='ocr_line' id='line_1_85' title="bbox 143 2766 663 2804; baseline 0.004 -12"><span class='ocrx_word' id='word_1_582' title='bbox 143 2766 208 2801; x_wconf 77' lang='grc' dir='ltr'>μίας</span> <span class='ocrx_word' id='word_1_583' title='bbox 219 2766 380 2804; x_wconf 83' lang='grc' dir='ltr'>δεδώρηται.</span> <span class='ocrx_word' id='word_1_584' title='bbox 400 2767 549 2801; x_wconf 76' lang='grc' dir='ltr'>’Δνάγνωθι</span> <span class='ocrx_word' id='word_1_585' title='bbox 566 2769 596 2794; x_wconf 72' lang='grc' dir='ltr'><strong>τὸ</strong></span> <span class='ocrx_word' id='word_1_586' title='bbox 615 2769 663 2795; x_wconf 80' lang='lat'><strong>00’.</strong></span> 
     </span>
    </p>
   </div>
   <div class='ocr_carea' id='block_1_86' title="bbox 943 2260 968 2289">
    <p class='ocr_par' dir='ltr' id='par_1_86' title="bbox 943 2260 968 2289">
     <span class='ocr_line' id='line_1_86' title="bbox 943 2260 968 2289; baseline 0 0"><span class='ocrx_word' id='word_1_587' title='bbox 943 2260 968 2289; x_wconf 80' lang='grc' dir='ltr'><strong>Ι)</strong></span> 
     </span>
    </p>
   </div>
   <div class='ocr_carea' id='block_1_87' title="bbox 979 1638 1771 1673">
    <p class='ocr_par' dir='ltr' id='par_1_87' title="bbox 979 1638 1771 1673">
     <span class='ocr_line' id='line_1_87' title="bbox 979 1638 1771 1673; baseline 0.001 -10"><span class='ocrx_word' id='word_1_588' title='bbox 979 1644 1044 1664; x_wconf 82' lang='lat' dir='ltr'><strong>vero</strong></span> <span class='ocrx_word' id='word_1_589' title='bbox 1058 1644 1116 1671; x_wconf 80' lang='lat' dir='ltr'><strong>eos,</strong></span> <span class='ocrx_word' id='word_1_590' title='bbox 1136 1639 1183 1673; x_wconf 90' lang='lat' dir='ltr'><strong>qui</strong></span> <span class='ocrx_word' id='word_1_591' title='bbox 1198 1647 1358 1666; x_wconf 75' lang='lat' dir='ltr'><strong>mammona:</strong></span> <span class='ocrx_word' id='word_1_592' title='bbox 1378 1647 1458 1666; x_wconf 85' lang='lat' dir='ltr'><strong>causa</strong></span> <span class='ocrx_word' id='word_1_593' title='bbox 1474 1638 1630 1666; x_wconf 83' lang='lat' dir='ltr'><strong>moriuntur</strong></span> <span class='ocrx_word' id='word_1_594' title='bbox 1644 1647 1650 1664; x_wconf 92' lang='lat'><strong>:</strong></span> <span class='ocrx_word' id='word_1_595' title='bbox 1678 1638 1771 1673; x_wconf 84' lang='lat' dir='ltr'><strong>perin-</strong></span> 
     </span>
    </p>
   </div>
   <div class='ocr_carea' id='block_1_88' title="bbox 979 1682 1770 1719">
    <p class='ocr_par' dir='ltr' id='par_1_88' title="bbox 979 1682 1770 1719">
     <span class='ocr_line' id='line_1_88' title="bbox 979 1682 1770 1719; baseline 0 -10"><span class='ocrx_word' id='word_1_596' title='bbox 979 1682 1067 1717; x_wconf 89' lang='lat' dir='ltr'><strong>deque</strong></span> <span class='ocrx_word' id='word_1_597' title='bbox 1088 1689 1130 1710; x_wconf 84' lang='lat' dir='ltr'><strong>est</strong></span> <span class='ocrx_word' id='word_1_598' title='bbox 1155 1692 1187 1711; x_wconf 86' lang='lat' dir='ltr'><strong>ac</strong></span> <span class='ocrx_word' id='word_1_599' title='bbox 1209 1683 1294 1716; x_wconf 88' lang='lat' dir='ltr'><strong>dicas,</strong></span> <span class='ocrx_word' id='word_1_600' title='bbox 1320 1685 1381 1718; x_wconf 85' lang='lat' dir='ltr'><strong>eius</strong></span> <span class='ocrx_word' id='word_1_601' title='bbox 1406 1684 1478 1719; x_wconf 91' lang='lat' dir='ltr'><strong>quod</strong></span> <span class='ocrx_word' id='word_1_602' title='bbox 1507 1684 1650 1719; x_wconf 79' lang='lat' dir='ltr'><strong>publicum</strong></span> <span class='ocrx_word' id='word_1_603' title='bbox 1682 1684 1770 1718; x_wconf 79' lang='lat' dir='ltr'><strong>(quasi</strong></span> 
     </span>
    </p>
   </div>
   <div class='ocr_carea' id='block_1_89' title="bbox 979 1727 1627 1765">
    <p class='ocr_par' dir='ltr' id='par_1_89' title="bbox 979 1727 1627 1765">
     <span class='ocr_line' id='line_1_89' title="bbox 979 1727 1627 1765; baseline 0.003 -11"><span class='ocrx_word' id='word_1_604' title='bbox 979 1727 1048 1755; x_wconf 80' lang='lat' dir='ltr'><strong>forte</strong></span> <span class='ocrx_word' id='word_1_605' title='bbox 1064 1728 1200 1765; x_wconf 76' lang='lat' dir='ltr'><strong>wrarium)</strong></span> <span class='ocrx_word' id='word_1_606' title='bbox 1214 1734 1322 1762; x_wconf 81' lang='lat' dir='ltr'><strong>vocant,</strong></span> <span class='ocrx_word' id='word_1_607' title='bbox 1335 1737 1362 1757; x_wconf 82' lang='lat' dir='ltr'><strong>et</strong></span> <span class='ocrx_word' id='word_1_608' title='bbox 1373 1729 1468 1757; x_wconf 87' lang='lat' dir='ltr'><strong>mundi</strong></span> <span class='ocrx_word' id='word_1_609' title='bbox 1482 1734 1627 1757; x_wconf 88' lang='lat' dir='ltr'><strong>rectorem.</strong></span> 
     </span>
    </p>
   </div>
   <div class='ocr_carea' id='block_1_90' title="bbox 1014 1773 1770 1810">
    <p class='ocr_par' dir='ltr' id='par_1_90' title="bbox 1014 1773 1770 1810">
     <span class='ocr_line' id='line_1_90' title="bbox 1014 1773 1770 1810; baseline 0.003 -10"><span class='ocrx_word' id='word_1_610' title='bbox 1014 1773 1040 1800; x_wconf 71' lang='grc'>4.</span> <span class='ocrx_word' id='word_1_611' title='bbox 1057 1774 1130 1801; x_wconf 90' lang='lat' dir='ltr'><strong>Deus</strong></span> <span class='ocrx_word' id='word_1_612' title='bbox 1143 1783 1239 1802; x_wconf 85' lang='lat' dir='ltr'><strong>omnes</strong></span> <span class='ocrx_word' id='word_1_613' title='bbox 1254 1776 1380 1802; x_wconf 86' lang='lat' dir='ltr'><strong>homines</strong></span> <span class='ocrx_word' id='word_1_614' title='bbox 1391 1775 1451 1803; x_wconf 83' lang='lat' dir='ltr'><strong>vult</strong></span> <span class='ocrx_word' id='word_1_615' title='bbox 1464 1775 1553 1802; x_wconf 74' lang='lat' dir='ltr'><strong>salvos</strong></span> <span class='ocrx_word' id='word_1_616' title='bbox 1577 1775 1647 1808; x_wconf 82' lang='lat' dir='ltr'><strong>ﬁeri,</strong></span> <span class='ocrx_word' id='word_1_617' title='bbox 1666 1781 1694 1802; x_wconf 85' lang='lat' dir='ltr'><strong>et</strong></span> <span class='ocrx_word' id='word_1_618' title='bbox 1719 1783 1770 1810; x_wconf 81' lang='lat' dir='ltr'><strong>pro</strong></span> 
     </span>
    </p>
   </div>
   <div class='ocr_carea' id='block_1_91' title="bbox 979 1819 1768 1851">
    <p class='ocr_par' dir='ltr' id='par_1_91' title="bbox 979 1819 1768 1851">
     <span class='ocr_line' id='line_1_91' title="bbox 979 1819 1768 1851; baseline 0 -5"><span class='ocrx_word' id='word_1_619' title='bbox 979 1819 1109 1846; x_wconf 84' lang='lat' dir='ltr'><strong>omnibus</strong></span> <span class='ocrx_word' id='word_1_620' title='bbox 1127 1824 1253 1847; x_wconf 87' lang='lat' dir='ltr'><strong>mortuus</strong></span> <span class='ocrx_word' id='word_1_621' title='bbox 1281 1824 1334 1851; x_wconf 84' lang='lat' dir='ltr'><strong>est,</strong></span> <span class='ocrx_word' id='word_1_622' title='bbox 1350 1823 1381 1847; x_wconf 91' lang='lat' dir='ltr'><strong>ut</strong></span> <span class='ocrx_word' id='word_1_623' title='bbox 1413 1828 1509 1847; x_wconf 88' lang='lat' dir='ltr'><strong>omnes</strong></span> <span class='ocrx_word' id='word_1_624' title='bbox 1532 1820 1648 1847; x_wconf 86' lang='lat' dir='ltr'><strong>salutem</strong></span> <span class='ocrx_word' id='word_1_625' title='bbox 1670 1827 1768 1847; x_wconf 85' lang='lat' dir='ltr'><strong>conse-</strong></span> 
     </span>
    </p>
   </div>
   <div class='ocr_carea' id='block_1_92' title="bbox 979 1866 1767 1901">
    <p class='ocr_par' dir='ltr' id='par_1_92' title="bbox 979 1866 1767 1901">
     <span class='ocr_line' id='line_1_92' title="bbox 979 1866 1767 1901; baseline 0.001 -9"><span class='ocrx_word' id='word_1_626' title='bbox 979 1870 1099 1900; x_wconf 80' lang='lat' dir='ltr'><strong>quantur</strong></span> <span class='ocrx_word' id='word_1_627' title='bbox 1115 1866 1147 1892; x_wconf 86' lang='grc'><strong>³⁷.</strong></span> <span class='ocrx_word' id='word_1_628' title='bbox 1166 1866 1217 1899; x_wconf 87' lang='lat' dir='ltr'><strong>Qui</strong></span> <span class='ocrx_word' id='word_1_629' title='bbox 1239 1874 1304 1901; x_wconf 76' lang='lat' dir='ltr'><strong>ergo</strong></span> <span class='ocrx_word' id='word_1_630' title='bbox 1329 1866 1413 1893; x_wconf 89' lang='lat' dir='ltr'><strong>Deum</strong></span> <span class='ocrx_word' id='word_1_631' title='bbox 1438 1866 1537 1900; x_wconf 74' lang='lat' dir='ltr'><strong>diligit,</strong></span> <span class='ocrx_word' id='word_1_632' title='bbox 1555 1867 1609 1893; x_wconf 85' lang='lat' dir='ltr'><strong>hoc</strong></span> <span class='ocrx_word' id='word_1_633' title='bbox 1636 1866 1767 1898; x_wconf 78' lang='lat' dir='ltr'><strong>custodit,</strong></span> 
     </span>
    </p>
   </div>
   <div class='ocr_carea' id='block_1_93' title="bbox 979 1911 1767 1946">
    <p class='ocr_par' dir='ltr' id='par_1_93' title="bbox 979 1911 1767 1946">
     <span class='ocr_line' id='line_1_93' title="bbox 979 1911 1767 1946; baseline 0.001 -9"><span class='ocrx_word' id='word_1_634' title='bbox 979 1911 1053 1946; x_wconf 86' lang='lat' dir='ltr'><strong>quod</strong></span> <span class='ocrx_word' id='word_1_635' title='bbox 1076 1919 1110 1938; x_wconf 84' lang='lat' dir='ltr'><strong>ex</strong></span> <span class='ocrx_word' id='word_1_636' title='bbox 1123 1912 1171 1938; x_wconf 90' lang='lat' dir='ltr'><strong>Dei</strong></span> <span class='ocrx_word' id='word_1_637' title='bbox 1186 1913 1325 1939; x_wconf 82' lang='lat' dir='ltr'><strong>voluntate</strong></span> <span class='ocrx_word' id='word_1_638' title='bbox 1342 1913 1458 1940; x_wconf 82' lang='lat' dir='ltr'><strong>exsistit.</strong></span> <span class='ocrx_word' id='word_1_639' title='bbox 1472 1912 1523 1946; x_wconf 87' lang='lat' dir='ltr'><strong>Qui</strong></span> <span class='ocrx_word' id='word_1_640' title='bbox 1541 1921 1607 1939; x_wconf 81' lang='lat' dir='ltr'><strong>vero</strong></span> <span class='ocrx_word' id='word_1_641' title='bbox 1621 1912 1767 1942; x_wconf 77' lang='lat' dir='ltr'><strong>custodiat,</strong></span> 
     </span>
    </p>
   </div>
   <div class='ocr_carea' id='block_1_94' title="bbox 979 1955 1769 1992">
    <p class='ocr_par' dir='ltr' id='par_1_94' title="bbox 979 1955 1769 1992">
     <span class='ocr_line' id='line_1_94' title="bbox 979 1955 1769 1992; baseline 0.003 -10"><span class='ocrx_word' id='word_1_642' title='bbox 979 1955 1117 1990; x_wconf 88' lang='lat' dir='ltr'><strong>quomodo</strong></span> <span class='ocrx_word' id='word_1_643' title='bbox 1132 1963 1188 1983; x_wconf 92' lang='lat' dir='ltr'><strong>non</strong></span> <span class='ocrx_word' id='word_1_644' title='bbox 1209 1964 1304 1983; x_wconf 86' lang='lat' dir='ltr'><strong>omnes</strong></span> <span class='ocrx_word' id='word_1_645' title='bbox 1321 1960 1352 1983; x_wconf 91' lang='lat' dir='ltr'><strong>ut</strong></span> <span class='ocrx_word' id='word_1_646' title='bbox 1378 1957 1500 1991; x_wconf 86' lang='lat' dir='ltr'><strong>seipsum</strong></span> <span class='ocrx_word' id='word_1_647' title='bbox 1526 1956 1625 1992; x_wconf 79' lang='lat' dir='ltr'><strong>diligit,</strong></span> <span class='ocrx_word' id='word_1_648' title='bbox 1655 1957 1769 1992; x_wconf 87' lang='lat' dir='ltr'><strong>vultque</strong></span> 
     </span>
    </p>
   </div>
   <div class='ocr_carea' id='block_1_95' title="bbox 979 2001 1822 2034">
    <p class='ocr_par' dir='ltr' id='par_1_95' title="bbox 979 2001 1822 2034">
     <span class='ocr_line' id='line_1_95' title="bbox 979 2001 1822 2034; baseline 0.001 -7"><span class='ocrx_word' id='word_1_649' title='bbox 979 2008 1076 2028; x_wconf 89' lang='lat' dir='ltr'><strong>omnes</strong></span> <span class='ocrx_word' id='word_1_650' title='bbox 1092 2001 1182 2029; x_wconf 83' lang='lat' dir='ltr'><strong>salvos</strong></span> <span class='ocrx_word' id='word_1_651' title='bbox 1205 2001 1282 2034; x_wconf 86' lang='lat' dir='ltr'><strong>ﬁeri,</strong></span> <span class='ocrx_word' id='word_1_652' title='bbox 1310 2009 1373 2028; x_wconf 91' lang='lat' dir='ltr'><strong>cum</strong></span> <span class='ocrx_word' id='word_1_653' title='bbox 1394 2001 1453 2029; x_wconf 64' lang='lat' dir='ltr'><strong>haic</strong></span> <span class='ocrx_word' id='word_1_654' title='bbox 1477 2001 1526 2029; x_wconf 86' lang='lat' dir='ltr'><strong>Dei</strong></span> <span class='ocrx_word' id='word_1_655' title='bbox 1549 2001 1677 2029; x_wconf 84' lang='lat' dir='ltr'><strong>voluntas</strong></span> <span class='ocrx_word' id='word_1_656' title='bbox 1694 2002 1768 2029; x_wconf 80' lang='lat' dir='ltr'><strong>exsi-</strong></span> <span class='ocrx_word' id='word_1_657' title='bbox 1816 2010 1822 2016; x_wconf 88' lang='grc'><strong>·</strong></span> 
     </span>
    </p>
   </div>
   <div class='ocr_carea' id='block_1_96' title="bbox 979 2045 1053 2074">
    <p class='ocr_par' dir='ltr' id='par_1_96' title="bbox 979 2045 1053 2074">
     <span class='ocr_line' id='line_1_96' title="bbox 979 2045 1053 2074; baseline -0.014 0"><span class='ocrx_word' id='word_1_658' title='bbox 979 2045 1053 2074; x_wconf 84' lang='lat' dir='ltr'><strong>stat?</strong></span> 
     </span>
    </p>
   </div>
   <div class='ocr_carea' id='block_1_97' title="bbox 1015 2091 1766 2125">
    <p class='ocr_par' dir='ltr' id='par_1_97' title="bbox 1015 2091 1766 2125">
     <span class='ocr_line' id='line_1_97' title="bbox 1015 2091 1766 2125; baseline 0.001 -6"><span class='ocrx_word' id='word_1_659' title='bbox 1015 2092 1041 2119; x_wconf 84' lang='lat'><strong>5.</strong></span> <span class='ocrx_word' id='word_1_660' title='bbox 1061 2091 1211 2119; x_wconf 87' lang='lat' dir='ltr'><strong>Seientlam</strong></span> <span class='ocrx_word' id='word_1_661' title='bbox 1224 2092 1283 2124; x_wconf 89' lang='lat' dir='ltr'><strong>Dei,</strong></span> <span class='ocrx_word' id='word_1_662' title='bbox 1299 2092 1379 2120; x_wconf 84' lang='lat' dir='ltr'><strong>ﬁdem</strong></span> <span class='ocrx_word' id='word_1_663' title='bbox 1402 2097 1492 2120; x_wconf 85' lang='lat' dir='ltr'><strong>vocat.</strong></span> <span class='ocrx_word' id='word_1_664' title='bbox 1507 2092 1674 2120; x_wconf 78' lang='lat' dir='ltr'><strong>Charitatem</strong></span> <span class='ocrx_word' id='word_1_665' title='bbox 1690 2100 1766 2125; x_wconf 88' lang='lat' dir='ltr'><strong>vero,</strong></span> 
     </span>
    </p>
   </div>
   <div class='ocr_carea' id='block_1_98' title="bbox 979 2137 1767 2173">
    <p class='ocr_par' dir='ltr' id='par_1_98' title="bbox 979 2137 1767 2173">
     <span class='ocr_line' id='line_1_98' title="bbox 979 2137 1767 2173; baseline 0.003 -10"><span class='ocrx_word' id='word_1_666' title='bbox 979 2138 1202 2164; x_wconf 81' lang='lat' dir='ltr'><strong>observationem</strong></span> <span class='ocrx_word' id='word_1_667' title='bbox 1222 2137 1426 2171; x_wconf 86' lang='lat' dir='ltr'><strong>mandatorum,</strong></span> <span class='ocrx_word' id='word_1_668' title='bbox 1441 2146 1523 2173; x_wconf 86' lang='lat' dir='ltr'><strong>quam</strong></span> <span class='ocrx_word' id='word_1_669' title='bbox 1548 2140 1576 2165; x_wconf 88' lang='lat' dir='ltr'><strong>et</strong></span> <span class='ocrx_word' id='word_1_670' title='bbox 1596 2139 1767 2165; x_wconf 82' lang='lat' dir='ltr'><strong>voluntatem</strong></span> 
     </span>
    </p>
   </div>
   <div class='ocr_carea' id='block_1_99' title="bbox 979 2183 1768 2219">
    <p class='ocr_par' dir='ltr' id='par_1_99' title="bbox 979 2183 1768 2219">
     <span class='ocr_line' id='line_1_99' title="bbox 979 2183 1768 2219; baseline 0 -9"><span class='ocrx_word' id='word_1_671' title='bbox 979 2183 1108 2217; x_wconf 83' lang='lat' dir='ltr'><strong>appellat,</strong></span> <span class='ocrx_word' id='word_1_672' title='bbox 1124 2187 1151 2210; x_wconf 81' lang='lat' dir='ltr'><strong>et</strong></span> <span class='ocrx_word' id='word_1_673' title='bbox 1164 2183 1376 2218; x_wconf 84' lang='lat' dir='ltr'><strong>justiﬁcationes</strong></span> <span class='ocrx_word' id='word_1_674' title='bbox 1387 2188 1415 2210; x_wconf 90' lang='lat' dir='ltr'><strong>et</strong></span> <span class='ocrx_word' id='word_1_675' title='bbox 1436 2184 1563 2211; x_wconf 85' lang='lat' dir='ltr'><strong>mandata</strong></span> <span class='ocrx_word' id='word_1_676' title='bbox 1581 2188 1608 2211; x_wconf 92' lang='lat' dir='ltr'><strong>et</strong></span> <span class='ocrx_word' id='word_1_677' title='bbox 1633 2187 1768 2219; x_wconf 68' lang='lat' dir='ltr'><strong>prtecepta</strong></span> 
     </span>
    </p>
   </div>
   <div class='ocr_carea' id='block_1_100' title="bbox 979 2227 1768 2263">
    <p class='ocr_par' dir='ltr' id='par_1_100' title="bbox 979 2227 1768 2263">
     <span class='ocr_line' id='line_1_100' title="bbox 979 2227 1768 2263; baseline 0.003 -9"><span class='ocrx_word' id='word_1_678' title='bbox 979 2233 1006 2254; x_wconf 91' lang='lat' dir='ltr'><strong>et</strong></span> <span class='ocrx_word' id='word_1_679' title='bbox 1018 2229 1121 2260; x_wconf 85' lang='lat' dir='ltr'><strong>lumen,</strong></span> <span class='ocrx_word' id='word_1_680' title='bbox 1136 2229 1212 2263; x_wconf 78' lang='lat' dir='ltr'><strong>juxta</strong></span> <span class='ocrx_word' id='word_1_681' title='bbox 1230 2228 1296 2255; x_wconf 90' lang='lat' dir='ltr'><strong>illud</strong></span> <span class='ocrx_word' id='word_1_682' title='bbox 1313 2238 1318 2255; x_wconf 95' lang='lat'>:</span> <span class='ocrx_word' id='word_1_683' title='bbox 1343 2227 1411 2261; x_wconf 85' lang='lat' dir='ltr'><strong>Quia</strong></span> <span class='ocrx_word' id='word_1_684' title='bbox 1430 2228 1475 2256; x_wconf 68' lang='lat' dir='ltr'><strong>tua:</strong></span> <span class='ocrx_word' id='word_1_685' title='bbox 1492 2229 1621 2256; x_wconf 84' lang='lat' dir='ltr'><strong>mandata</strong></span> <span class='ocrx_word' id='word_1_686' title='bbox 1635 2228 1667 2256; x_wconf 78' lang='grc'><strong>³⁸.</strong></span> <span class='ocrx_word' id='word_1_687' title='bbox 1683 2229 1768 2256; x_wconf 88' lang='lat' dir='ltr'><strong>Porro</strong></span> 
     </span>
    </p>
   </div>
   <div class='ocr_carea' id='block_1_101' title="bbox 982 2274 1769 2311">
    <p class='ocr_par' dir='ltr' id='par_1_101' title="bbox 982 2274 1769 2311">
     <span class='ocr_line' id='line_1_101' title="bbox 982 2274 1769 2311; baseline 0.003 -11"><span class='ocrx_word' id='word_1_688' title='bbox 982 2279 1063 2308; x_wconf 88' lang='lat' dir='ltr'><strong>caput</strong></span> <span class='ocrx_word' id='word_1_689' title='bbox 1079 2274 1131 2301; x_wconf 89' lang='lat' dir='ltr'><strong>hoc</strong></span> <span class='ocrx_word' id='word_1_690' title='bbox 1154 2274 1296 2302; x_wconf 85' lang='lat' dir='ltr'><strong>scientiam</strong></span> <span class='ocrx_word' id='word_1_691' title='bbox 1314 2275 1426 2302; x_wconf 79' lang='lat' dir='ltr'><strong>exhibet</strong></span> <span class='ocrx_word' id='word_1_692' title='bbox 1448 2284 1511 2303; x_wconf 87' lang='lat' dir='ltr'><strong>cum</strong></span> <span class='ocrx_word' id='word_1_693' title='bbox 1531 2276 1638 2303; x_wconf 88' lang='lat' dir='ltr'><strong>actione</strong></span> <span class='ocrx_word' id='word_1_694' title='bbox 1654 2275 1769 2311; x_wconf 86' lang='lat' dir='ltr'><strong>conjun—</strong></span> 
     </span>
    </p>
   </div>
   <div class='ocr_carea' id='block_1_102' title="bbox 982 2321 1372 2356">
    <p class='ocr_par' dir='ltr' id='par_1_102' title="bbox 982 2321 1372 2356">
     <span class='ocr_line' id='line_1_102' title="bbox 982 2321 1372 2356; baseline 0.003 -10"><span class='ocrx_word' id='word_1_695' title='bbox 982 2325 1053 2347; x_wconf 90' lang='lat' dir='ltr'><strong>ctam</strong></span> <span class='ocrx_word' id='word_1_696' title='bbox 1067 2328 1184 2355; x_wconf 88' lang='lat' dir='ltr'><strong>eamque</strong></span> <span class='ocrx_word' id='word_1_697' title='bbox 1195 2321 1372 2356; x_wconf 75' lang='lat' dir='ltr'><strong>dirigentem.</strong></span> 
     </span>
    </p>
   </div>
   <div class='ocr_carea' id='block_1_103' title="bbox 1016 2365 1767 2402">
    <p class='ocr_par' dir='ltr' id='par_1_103' title="bbox 1016 2365 1767 2402">
     <span class='ocr_line' id='line_1_103' title="bbox 1016 2365 1767 2402; baseline 0.001 -10"><span class='ocrx_word' id='word_1_698' title='bbox 1016 2365 1042 2392; x_wconf 82' lang='grc'><strong>6.</strong></span> <span class='ocrx_word' id='word_1_699' title='bbox 1064 2366 1192 2393; x_wconf 74' lang='lat' dir='ltr'><strong>Scientizn</strong></span> <span class='ocrx_word' id='word_1_700' title='bbox 1210 2370 1306 2394; x_wconf 89' lang='lat' dir='ltr'><strong>auctor</strong></span> <span class='ocrx_word' id='word_1_701' title='bbox 1329 2367 1402 2394; x_wconf 87' lang='lat' dir='ltr'><strong>Deus</strong></span> <span class='ocrx_word' id='word_1_702' title='bbox 1418 2370 1469 2393; x_wconf 89' lang='lat' dir='ltr'><strong>est.</strong></span> <span class='ocrx_word' id='word_1_703' title='bbox 1483 2366 1549 2402; x_wconf 88' lang='lat' dir='ltr'><strong>Ejus</strong></span> <span class='ocrx_word' id='word_1_704' title='bbox 1565 2372 1656 2394; x_wconf 87' lang='lat' dir='ltr'><strong>autem</strong></span> <span class='ocrx_word' id='word_1_705' title='bbox 1668 2367 1694 2393; x_wconf 87' lang='lat' dir='ltr'><strong>in</strong></span> <span class='ocrx_word' id='word_1_706' title='bbox 1705 2370 1767 2394; x_wconf 90' lang='lat' dir='ltr'><strong>actu</strong></span> 
     </span>
    </p>
   </div>
   <div class='ocr_carea' id='block_1_104' title="bbox 981 2411 1767 2448">
    <p class='ocr_par' dir='ltr' id='par_1_104' title="bbox 981 2411 1767 2448">
     <span class='ocr_line' id='line_1_104' title="bbox 981 2411 1767 2448; baseline 0.004 -11"><span class='ocrx_word' id='word_1_707' title='bbox 981 2411 1105 2442; x_wconf 83' lang='lat' dir='ltr'><strong>scientia,</strong></span> <span class='ocrx_word' id='word_1_708' title='bbox 1121 2413 1180 2448; x_wconf 85' lang='lat' dir='ltr'><strong>ejus</strong></span> <span class='ocrx_word' id='word_1_709' title='bbox 1193 2417 1235 2440; x_wconf 84' lang='lat' dir='ltr'><strong>est</strong></span> <span class='ocrx_word' id='word_1_710' title='bbox 1250 2412 1297 2447; x_wconf 90' lang='lat' dir='ltr'><strong>qui</strong></span> <span class='ocrx_word' id='word_1_711' title='bbox 1311 2412 1396 2439; x_wconf 88' lang='lat' dir='ltr'><strong>Deum</strong></span> <span class='ocrx_word' id='word_1_712' title='bbox 1411 2412 1472 2446; x_wconf 88' lang='lat' dir='ltr'><strong>scit,</strong></span> <span class='ocrx_word' id='word_1_713' title='bbox 1484 2412 1511 2439; x_wconf 90' lang='lat' dir='ltr'><strong>in</strong></span> <span class='ocrx_word' id='word_1_714' title='bbox 1531 2412 1658 2447; x_wconf 90' lang='lat' dir='ltr'><strong>spiritum</strong></span> <span class='ocrx_word' id='word_1_715' title='bbox 1670 2411 1767 2440; x_wconf 85' lang='lat' dir='ltr'><strong>habitu</strong></span> 
     </span>
    </p>
   </div>
   <div class='ocr_carea' id='block_1_105' title="bbox 979 2456 1143 2484">
    <p class='ocr_par' dir='ltr' id='par_1_105' title="bbox 979 2456 1143 2484">
     <span class='ocr_line' id='line_1_105' title="bbox 979 2456 1143 2484; baseline 0.012 -2"><span class='ocrx_word' id='word_1_716' title='bbox 979 2456 1143 2484; x_wconf 79' lang='lat' dir='ltr'><strong>immutatio.</strong></span> 
     </span>
    </p>
   </div>
   <div class='ocr_carea' id='block_1_106' title="bbox 1013 2542 1765 2580">
    <p class='ocr_par' dir='ltr' id='par_1_106' title="bbox 1013 2542 1765 2580">
     <span class='ocr_line' id='line_1_106' title="bbox 1013 2542 1765 2580; baseline 0.004 -10"><span class='ocrx_word' id='word_1_717' title='bbox 1013 2544 1038 2570; x_wconf 87' lang='lat'><strong>7.</strong></span> <span class='ocrx_word' id='word_1_718' title='bbox 1055 2542 1127 2579; x_wconf 80' lang='lat' dir='ltr'><strong>Lege</strong></span> <span class='ocrx_word' id='word_1_719' title='bbox 1151 2549 1233 2579; x_wconf 82' lang='lat' dir='ltr'><strong>caput</strong></span> <span class='ocrx_word' id='word_1_720' title='bbox 1259 2545 1489 2580; x_wconf 78' lang='lat' dir='ltr'><strong>septuagesimum</strong></span> <span class='ocrx_word' id='word_1_721' title='bbox 1513 2549 1620 2572; x_wconf 76' lang='lat' dir='ltr'><strong>sextum</strong></span> <span class='ocrx_word' id='word_1_722' title='bbox 1641 2545 1765 2580; x_wconf 83' lang='lat' dir='ltr'><strong>ejusdem</strong></span> 
     </span>
    </p>
   </div>
   <div class='ocr_carea' id='block_1_107' title="bbox 977 2589 1766 2626">
    <p class='ocr_par' dir='ltr' id='par_1_107' title="bbox 977 2589 1766 2626">
     <span class='ocr_line' id='line_1_107' title="bbox 977 2589 1766 2626; baseline 0.005 -11"><span class='ocrx_word' id='word_1_723' title='bbox 977 2589 1140 2620; x_wconf 86' lang='lat' dir='ltr'><strong>centenarii,</strong></span> <span class='ocrx_word' id='word_1_724' title='bbox 1167 2589 1346 2624; x_wconf 86' lang='lat' dir='ltr'><strong>inveniesque</strong></span> <span class='ocrx_word' id='word_1_725' title='bbox 1372 2597 1486 2625; x_wconf 87' lang='lat' dir='ltr'><strong>prorsus</strong></span> <span class='ocrx_word' id='word_1_726' title='bbox 1510 2590 1611 2622; x_wconf 86' lang='lat' dir='ltr'><strong>simile,</strong></span> <span class='ocrx_word' id='word_1_727' title='bbox 1624 2591 1678 2619; x_wconf 91' lang='lat' dir='ltr'><strong>nisi</strong></span> <span class='ocrx_word' id='word_1_728' title='bbox 1690 2591 1766 2626; x_wconf 86' lang='lat' dir='ltr'><strong>quod</strong></span> 
     </span>
    </p>
   </div>
   <div class='ocr_carea' id='block_1_108' title="bbox 979 2636 1343 2671">
    <p class='ocr_par' dir='ltr' id='par_1_108' title="bbox 979 2636 1343 2671">
     <span class='ocr_line' id='line_1_108' title="bbox 979 2636 1343 2671; baseline 0.003 -8"><span class='ocrx_word' id='word_1_729' title='bbox 979 2636 1032 2663; x_wconf 86' lang='lat' dir='ltr'><strong>alia</strong></span> <span class='ocrx_word' id='word_1_730' title='bbox 1044 2636 1155 2663; x_wconf 87' lang='lat' dir='ltr'><strong>nomina</strong></span> <span class='ocrx_word' id='word_1_731' title='bbox 1169 2637 1258 2671; x_wconf 86' lang='lat' dir='ltr'><strong>posita</strong></span> <span class='ocrx_word' id='word_1_732' title='bbox 1270 2641 1343 2664; x_wconf 85' lang='lat' dir='ltr'><strong>sunt.</strong></span> 
     </span>
    </p>
   </div>
   <div class='ocr_carea' id='block_1_109' title="bbox 991 2681 1766 2717">
    <p class='ocr_par' dir='ltr' id='par_1_109' title="bbox 991 2681 1766 2717">
     <span class='ocr_line' id='line_1_109' title="bbox 991 2681 1766 2717; baseline 0 -6"><span class='ocrx_word' id='word_1_733' title='bbox 991 2708 993 2711; x_wconf 96' lang='lat'><strong>.</strong></span> <span class='ocrx_word' id='word_1_734' title='bbox 1015 2681 1098 2717; x_wconf 67' lang='lat'><strong>459</strong></span> <span class='ocrx_word' id='word_1_735' title='bbox 1109 2682 1134 2708; x_wconf 91' lang='lat'><strong>8.</strong></span> <span class='ocrx_word' id='word_1_736' title='bbox 1149 2682 1177 2709; x_wconf 89' lang='lat' dir='ltr'><strong>Si</strong></span> <span class='ocrx_word' id='word_1_737' title='bbox 1189 2682 1333 2709; x_wconf 87' lang='lat' dir='ltr'><strong>charitatis</strong></span> <span class='ocrx_word' id='word_1_738' title='bbox 1352 2682 1512 2710; x_wconf 86' lang='lat' dir='ltr'><strong>mandatum</strong></span> <span class='ocrx_word' id='word_1_739' title='bbox 1537 2683 1689 2711; x_wconf 88' lang='lat' dir='ltr'><strong>remedium</strong></span> <span class='ocrx_word' id='word_1_740' title='bbox 1717 2683 1766 2711; x_wconf 85' lang='lat' dir='ltr'><strong>ad-</strong></span> 
     </span>
    </p>
   </div>
   <div class='ocr_carea' id='block_1_110' title="bbox 979 2727 1765 2763">
    <p class='ocr_par' dir='ltr' id='par_1_110' title="bbox 979 2727 1765 2763">
     <span class='ocr_line' id='line_1_110' title="bbox 979 2727 1765 2763; baseline 0.004 -9"><span class='ocrx_word' id='word_1_741' title='bbox 979 2735 1075 2755; x_wconf 83' lang='lat' dir='ltr'><strong>versus</strong></span> <span class='ocrx_word' id='word_1_742' title='bbox 1090 2729 1157 2755; x_wconf 89' lang='lat' dir='ltr'><strong>iram</strong></span> <span class='ocrx_word' id='word_1_743' title='bbox 1171 2727 1263 2755; x_wconf 87' lang='lat' dir='ltr'><strong>datum</strong></span> <span class='ocrx_word' id='word_1_744' title='bbox 1278 2732 1336 2760; x_wconf 82' lang='lat' dir='ltr'><strong>est,</strong></span> <span class='ocrx_word' id='word_1_745' title='bbox 1355 2729 1433 2763; x_wconf 87' lang='lat' dir='ltr'><strong>plane</strong></span> <span class='ocrx_word' id='word_1_746' title='bbox 1446 2729 1616 2756; x_wconf 84' lang='lat' dir='ltr'><strong>continentia</strong></span> <span class='ocrx_word' id='word_1_747' title='bbox 1632 2729 1765 2757; x_wconf 86' lang='lat' dir='ltr'><strong>adversus</strong></span> 
     </span>
    </p>
   </div>
   <div class='ocr_carea' id='block_1_111' title="bbox 979 2774 1658 2810">
    <p class='ocr_par' dir='ltr' id='par_1_111' title="bbox 979 2774 1658 2810">
     <span class='ocr_line' id='line_1_111' title="bbox 979 2774 1658 2810; baseline 0.001 -9"><span class='ocrx_word' id='word_1_748' title='bbox 979 2774 1231 2808; x_wconf 88' lang='lat' dir='ltr'><strong>concupiscentiam</strong></span> <span class='ocrx_word' id='word_1_749' title='bbox 1245 2780 1375 2802; x_wconf 80' lang='lat' dir='ltr'><strong>Concessa</strong></span> <span class='ocrx_word' id='word_1_750' title='bbox 1388 2779 1440 2801; x_wconf 88' lang='lat' dir='ltr'><strong>est.</strong></span> <span class='ocrx_word' id='word_1_751' title='bbox 1456 2774 1526 2810; x_wconf 82' lang='lat' dir='ltr'><strong>Lege</strong></span> <span class='ocrx_word' id='word_1_752' title='bbox 1539 2782 1599 2809; x_wconf 84' lang='lat' dir='ltr'><strong>cap.</strong></span> <span class='ocrx_word' id='word_1_753' title='bbox 1614 2774 1658 2802; x_wconf 86' lang='lat'><strong>79.</strong></span> 
     </span>
    </p>
   </div>
   <div class='ocr_carea' id='block_1_112' title="bbox 176 2820 941 2862">
    <p class='ocr_par' dir='ltr' id='par_1_112' title="bbox 176 2820 933 2862">
     <span class='ocr_line' id='line_1_112' title="bbox 176 2820 933 2862; baseline 0.008 -13"><span class='ocrx_word' id='word_1_754' title='bbox 176 2820 298 2849; x_wconf 68' lang='lat' dir='ltr'><strong>l‘ICor.</strong></span> <span class='ocrx_word' id='word_1_755' title='bbox 314 2829 371 2854; x_wconf 79' lang='lat' dir='ltr'><strong>xm,</strong></span> <span class='ocrx_word' id='word_1_756' title='bbox 386 2822 413 2849; x_wconf 71' lang='grc'><strong>2.</strong></span> <span class='ocrx_word' id='word_1_757' title='bbox 452 2822 474 2838; x_wconf 82' lang='grc'><strong>³³</strong></span> <span class='ocrx_word' id='word_1_758' title='bbox 492 2822 590 2850; x_wconf 84' lang='lat' dir='ltr'><strong>lJoan.</strong></span> <span class='ocrx_word' id='word_1_759' title='bbox 608 2832 643 2854; x_wconf 82' lang='grc' dir='ltr'>ιν.</span> <span class='ocrx_word' id='word_1_760' title='bbox 662 2825 705 2851; x_wconf 73' lang='grc'><strong>46.</strong></span> <span class='ocrx_word' id='word_1_761' title='bbox 745 2825 766 2840; x_wconf 78' lang='grc'><strong>³⁸</strong></span> <span class='ocrx_word' id='word_1_762' title='bbox 780 2825 860 2853; x_wconf 84' lang='lat' dir='ltr'><strong>lCor.</strong></span> <span class='ocrx_word' id='word_1_763' title='bbox 878 2836 933 2862; x_wconf 77' lang='lat' dir='ltr'><strong>nn,</strong></span> 
     </span>
    </p>
   </div>
   <div class='ocr_carea' id='block_1_113' title="bbox 990 2820 1497 2862">
    <p class='ocr_par' dir='ltr' id='par_1_113' title="bbox 1012 2829 1497 2861">
     <span class='ocr_line' id='line_1_113' title="bbox 1012 2829 1497 2861; baseline 0.002 -5"><span class='ocrx_word' id='word_1_764' title='bbox 1012 2831 1032 2846; x_wconf 68' lang='grc' dir='ltr'><strong>ετ</strong></span> <span class='ocrx_word' id='word_1_765' title='bbox 1049 2831 1057 2856; x_wconf 86' lang='grc'><strong>1</strong></span> <span class='ocrx_word' id='word_1_766' title='bbox 1076 2830 1146 2856; x_wconf 89' lang='lat' dir='ltr'><strong>Tim.</strong></span> <span class='ocrx_word' id='word_1_767' title='bbox 1164 2838 1192 2861; x_wconf 90' lang='lat' dir='ltr'><strong>Il,</strong></span> <span class='ocrx_word' id='word_1_768' title='bbox 1211 2830 1236 2856; x_wconf 67' lang='grc'><strong>4.</strong></span> <span class='ocrx_word' id='word_1_769' title='bbox 1276 2829 1297 2844; x_wconf 78' lang='grc'>³⁸</span> <span class='ocrx_word' id='word_1_770' title='bbox 1314 2830 1364 2856; x_wconf 64' lang='lat' dir='ltr'><strong>lsa.</strong></span> <span class='ocrx_word' id='word_1_771' title='bbox 1382 2838 1454 2861; x_wconf 75' lang='lat' dir='ltr'><strong>xxw,</strong></span> <span class='ocrx_word' id='word_1_772' title='bbox 1471 2831 1497 2857; x_wconf 90' lang='lat'><strong>9.</strong></span> 
     </span>
    </p>
   </div>
   <div class='ocr_carea' id='block_1_114' title="bbox 170 2881 940 2921">
    <p class='ocr_par' dir='ltr' id='par_1_114' title="bbox 170 2881 940 2921">
     <span class='ocr_line' id='line_1_114' title="bbox 170 2881 940 2921; baseline 0.008 -11"><span class='ocrx_word' id='word_1_773' title='bbox 170 2881 211 2919; x_wconf 73' lang='lat' dir='ltr'><strong>(at)</strong></span> <span class='ocrx_word' id='word_1_774' title='bbox 241 2881 279 2911; x_wconf 82' lang='lat' dir='ltr'><strong>Ex</strong></span> <span class='ocrx_word' id='word_1_775' title='bbox 298 2882 445 2917; x_wconf 77' lang='lat' dir='ltr'><strong>Raphaelis</strong></span> <span class='ocrx_word' id='word_1_776' title='bbox 464 2883 597 2916; x_wconf 82' lang='lat' dir='ltr'><strong>Dufreuii,</strong></span> <span class='ocrx_word' id='word_1_777' title='bbox 626 2893 699 2913; x_wconf 86' lang='lat' dir='ltr'><strong>nunc</strong></span> <span class='ocrx_word' id='word_1_778' title='bbox 713 2886 807 2921; x_wconf 72' lang='lat' dir='ltr'><strong>Regio,</strong></span> <span class='ocrx_word' id='word_1_779' title='bbox 836 2888 940 2916; x_wconf 83' lang='lat' dir='ltr'><strong>codice.</strong></span> 
     </span>
    </p>
   </div>
  </div>
