1948 3077
158 168 225 201 1075

736 165 767 195 S.
789 165 932 196 ΜΑΧΙΜΙ
950 163 1204 195 CONFESSORIS

1722 165 1770 199 1οἾ
1779 168 1795 198 ϐ

191 224 218 252 9.
230 223 285 250 Nos
300 229 367 250 vero
378 221 424 256 qui
451 220 548 247 borum
562 219 645 246 trium
660 220 732 246 servi
749 219 846 251 simus,
861 227 947 254 quan-

1036 220 1068 246 0’.
1094 221 1124 246 ΟΞ
1140 219 1168 246 δὲ
1190 219 1245 246 τῶν
1259 219 1343 256 τριῶν
1365 220 1463 255 δοῦλοι,
1484 222 1566 249 πόσον
1581 223 1659 257 μῖσος
1669 222 1729 248 κατ’
1744 222 1789 248 ἁλ-

159 273 216 296 lum
231 267 275 295 alii
304 267 331 294 in
348 266 417 292 alios
430 264 525 292 odium
540 264 638 291 alimus
650 272 657 296 ;
669 264 716 298 qui
738 264 889 291 insatiabili
901 271 948 291 cu-

159 314 272 350 piditate
288 313 337 339 loti
355 317 508 338 teneamur.
528 310 600 345 Lege
616 317 676 344 cap.
689 309 734 337 64.

192 360 234 387 10.
251 359 302 386 Ubi
325 359 442 389 dixerat,
464 364 525 392 cap.
546 357 589 389 7'1,
606 364 655 391 per
676 355 804 383 mandata
823 355 857 383 ab
880 354 952 382 aﬁ‘e—

156 406 248 433 ctibus
259 413 291 432 ac
304 404 381 432 vitiis
396 404 533 431 immunes
546 407 675 438 praestare
690 411 696 429 :
713 402 766 429 hoc
782 410 856 429 nunc
873 401 950 436 capi-

157 452 215 479 tulo
226 451 339 478 modum
349 450 488 482 ostendit;
502 457 600 485 nempe
609 449 636 476 in
649 449 784 476 charitate
795 453 823 476 et
833 448 949 485 jejunio,

158 496 383 531 continentiaque
398 500 426 523 et
440 495 577 523 oratione.

194 543 237 575 lt.
253 542 341 570 Etiam
361 542 424 577 quis
448 541 582 576 spiritalis
604 548 638 568 ac
669 540 784 568 scientia
809 539 950 574 praeditus,

160 597 258 616 rursus
274 588 432 615 detrahitur
445 595 477 615 ac
490 587 667 622 degravatur.

136 632 140 636 “
193 633 237 661 l2.
248 632 306 661 Nos
318 640 388 660 .vero
401 632 447 667 qui
464 631 609 659 affectibus
622 635 704 666 atque
716 629 792 656 vitiis
805 628 897 657 obruti
917 629 953 656 si-

160 687 231 710 mus,
242 678 381 714 quomodo
394 677 644 712 contemplabimur
659 685 665 703 :
681 679 729 703 aut
744 675 883 711 quomodo
894 683 954 710 quas,

159 716 300 753 fuerimus.
316 724 504 762 contemplati,
516 731 572 751 non
588 731 639 751 nos
654 731 686 750 ex
698 726 800 750 sancta:
811 721 954 750 Trinitatis

160 771 276 800 scientia
290 770 459 798 extrudent?

197 817 240 844 15.
255 816 339 844 Vides
353 815 592 851 contemplationis
603 814 778 843 ascensiones
790 815 801 841 ’ἒ

197 862 241 889 14.
273 861 510 895 Quemadmodum
542 861 570 887 in
598 860 662 891 ﬁde,
687 861 764 887 nulla
786 859 956 887 inﬁdelitatis

162 907 233 935 ratio
245 911 307 940 est;
323 907 364 934 sic
376 914 467 941 neque
483 906 511 933 in
534 905 690 932 rationibus
703 913 763 940 qum
784 910 892 932 suntex
907 914 956 933 na-
973 895 993 921 Β

163 953 235 985 tnl‘a,
253 952 357 988 aliquid
374 953 446 980 inest
458 952 532 986 quod
547 959 562 978 a
579 951 686 978 ratione
700 951 858 978 abhorreat.
880 950 956 985 Opus

162 1004 253 1026 autem
269 998 473 1029 mandatorum,
492 997 561 1024 ratio
573 1003 616 1023 CSl.
630 1005 662 1023 {lC
673 1004 765 1023 sermo
776 996 866 1031 reipsa
879 1005 957 1027 exer-

162 1045 244 1071 citus.
257 1044 329 1079 Lege
345 1052 405 1078 cap.
416 1043 462 1076 84,
479 1042 717 1077 etconquiesccs;
733 1042 834 1070 factum
849 1043 956 1070 scilicet

164 1090 213 1118 tibi
225 1090 293 1118 satis
309 1089 442 1117 invenies.

199 1136 242 1164 15.
259 1135 409 1167 Naturalis,
423 1135 522 1169 inquit,
538 1135 737 1169 contemplatio
751 1135 956 1167 mandatorum,

164 1182 330 1215 sinceraque
340 1188 404 1215 erga
421 1179 578 1214 proximum
598 1180 721 1212 dilectio,
737 1188 785 1207 eos
801 1179 848 1215 qui
861 1180 958 1207 obser-

165 1231 239 1261 vent,
253 1235 267 1253 a
279 1234 365 1262 pravo
376 1234 409 1252 ac
420 1225 522 1253 carnali
534 1233 627 1253 amore
636 1231 664 1253 et
673 1226 816 1262 tyrannide
828 1225 956 1252 liberant.

165 1273 267 1300 lterum
280 1278 347 1299 vero
363 1262 490 1303 scientia,
515 1278 563 1298 eos
576 1270 624 1306 qui
639 1270 781 1305 spiritales
808 1278 896 1305 eaque
914 1271 957 1298 in-

163 1318 262 1346 structi
276 1320 351 1350 sunt,
369 1317 403 1344 ab
417 1317 558 1344 oblivione
570 1321 598 1344 et
613 1316 768 1352 ignorantia
781 1315 878 1344 itidem
888 1316 958 1343 libe-

164 1370 214 1392 rat.
230 1364 337 1398 Quibus
350 1363 481 1391 omnibus
492 1364 618 1396 docetur,
630 1362 750 1390 animam
769 1362 858 1390 tribus
873 1362 958 1397 parti-

165 1411 215 1437 bus
228 1417 261 1437 ac
272 1410 451 1437 facultatibus
465 1409 593 1441 divisam,
611 1408 678 1435 dum
703 1416 736 1435 ex
751 1407 858 1435 ratione
879 1411 960 1435 natu-

165 1464 250 1490 raque
263 1461 416 1487 moveatur,
443 1454 553 1482 o'mnem
572 1460 701 1489 praestare
719 1455 872 1486 virtutem,
893 1454 959 1481 dum

164 1510 230 1529 vero
254 1507 351 1529 contra
379 1502 514 1537 rationem
537 1505 566 1528 et
588 1506 725 1533 naturam,
749 1509 832 1528 omne
860 1500 959 1527 vitium

162 1547 271 1577 eﬁlcere
285 1555 317 1574 ac
333 1547 478 1574 malitiam.
502 1547 639 1574 Memento
665 1547 716 1573 tria
737 1547 797 1573 liam
816 1546 959 1580 originalia

164 1602 236 1627 esse,
251 1601 415 1628 summaque
433 1593 523 1620 omnis
538 1593 683 1628 pravitatis
700 1593 866 1627 malitimquc
885 1592 960 1627 prin-

165 1639 253 1674 cipia;
270 1639 453 1674 ignorantiam
465 1630 580 1670 scilicet.
595 1647 717 1666 amorem
727 1639 803 1665 illum
812 1646 958 1672 corporum

164 1694 215 1713 seu
234 1686 385 1718 carnalem,
407 1693 439 1713 ac
464 1685 648 1720 tyrannidem.
674 1684 736 1712 Haec
758 1685 786 1711 in
810 1684 891 1711 nobis
909 1691 959 1711 ne-

165 1731 318 1766 quissimus
333 1731 378 1759 ille
389 1731 526 1764 condidit,
541 1739 590 1766 per
609 1730 694 1758 animi
709 1731 736 1758 in
762 1731 842 1758 nobis
858 1730 958 1758 virium

165 1777 292 1804 abusum.
597 1809 601 1813 ἴ

201 1823 244 1850 16.
262 1822 389 1850 Mandata
414 1830 507 1850 rerum
529 1822 665 1858 cogitatus
681 1830 815 1858 sensaque
834 1831 849 1849 a
864 1822 959 1849 libidi-

166 1869 242 1896 nosis
258 1869 319 1896 istis
335 1872 363 1896 et
380 1876 442 1895 cum
468 1868 567 1896 aﬁ'ectu
596 1873 711 1895 tenuant
733 1868 958 1903 cogitationibus,

166 1919 197 1941 ut
210 1915 238 1941 in
253 1922 314 1949 cap.
327 1915 354 1947 4,
372 1914 410 1941 ait
429 1914 565 1941 istiusmet
577 1914 739 1941 centenarii.

203 1959 247 1986 17.
263 1959 328 1991 Qua:
349 1963 450 1994 pratter
477 1959 525 1986 Dei
552 1959 721 1986 voluntatem
748 1959 817 1985 ﬁunt
850 1959 961 1994 (bonam

167 2005 241 2032 illam
256 2009 284 2032 et
297 2004 498 2038 beneplacitam
511 2009 540 2032 et
553 2005 703 2039 perfectam
715 2004 748 2039 ³⁸³)
768 2012 829 2039 quae
855 2004 962 2032 scilicet

168 2051 240 2078 bona
255 2051 283 2077 in
301 2050 457 2086 proximum
485 2054 598 2085 propter
624 2050 710 2077 Deum
739 2050 822 2077 animi
853 2050 961 2077 aﬁeetio

167 2101 220 2129 est,
232 2102 331 2130 praeter
343 2101 448 2123 rectum
463 2097 545 2123 tinem
561 2103 593 2122 ac
607 2096 774 2124 destinatum
793 2096 871 2123 ﬁunt.
884 2096 963 2129 Quod

169 2149 234 2169 vero
257 2141 306 2168 Dei
328 2141 463 2168 voluntati
491 2141 661 2173 adversetur,
686 2150 740 2169 non
767 2142 840 2169 bono
871 2143 963 2170 animo

169 2194 233 2221 erga
252 2186 407 2221 proximum
422 2194 493 2219 esse,
509 2186 632 2214 ostendit
653 2187 786 2214 Dominus
811 2188 839 2214 in
871 2187 962 2214 Evan-

1000 265 1089 300 λήλων
1115 266 1261 301 τρέφομεν·
1283 268 1330 293 τοῦ
1352 268 1454 300 πάθους
1483 268 1539 295 ὅλοι
1562 269 1613 303 τῆς
1639 267 1794 303 ἀπληστίας

1000 312 1152 346 γενόμενοι.
1176 312 1324 346 Ἀνάγνωθι
1336 313 1366 339 τὸ
1383 314 1428 345 ξδ’.

1037 361 1063 384 ι’.
1079 357 1171 384 Είπὼν
1193 358 1222 384 ὲν
1246 358 1285 393 τῷ
1311 357 1359 391 οξ,
1383 360 1424 385 ὅτι
1438 359 1482 386 διὰ
1509 360 1558 395 μὲν
1581 359 1637 386 τῶν
1667 360 1792 391 ὲντοὶῶν,

1002 403 1118 434 ἀπαθεῖς
1148 404 1309 438 ἐργάζεται’
1334 405 1382 432 νῦν
1407 405 1450 432 διὰ
1465 406 1542 432 τοῦδε
1569 406 1617 432 τοῦ
1642 403 1793 440 κεφαλαίου

1001 450 1120 477 δείκνυσι
1133 451 1200 482 πῶς·
1213 451 1254 477 ὅτι
1267 452 1294 479 ὲν
1305 451 1400 487 ἀγάπῃ
1409 452 1456 479 καὶ
1470 452 1592 488 νηστείᾳ,
1603 454 1636 487 τῇ
1649 461 1678 478 τε
1689 452 1794 487 ἐγκρα-

1002 496 1063 531 τείᾳ
1077 495 1124 522 καὶ
1139 499 1289 532 προσευχῇ.

1039 545 1083 569 ια’.
1100 543 1156 569 Καὶ
1170 544 1320 577 γνωστικός
1334 553 1377 576 τις
1390 545 1601 579 ὲγκατασπᾶται
1617 544 1708 572 πάλιν.

1042 628 1085 664 ιβ’.
1108 630 1214 665 Ἠμεῖς
1238 629 1265 656 δὲ
1291 633 1513 666 συγκεχωσμένα
1530 633 1586 663 τοῖς
1613 632 1721 664 πάθεσι,
1736 632 1794 663 πῶς

1005 672 1187 710 θεωρήσωμεν
1200 683 1207 707 ;
1219 675 1235 710 ἢ
1253 675 1311 706 πῶς
1323 676 1341 702 ἃ
1356 676 1512 711 θεωροῦμεν
1526 677 1575 703 οὐκ
1587 676 1711 703 ἐκϐάλλει
1721 677 1795 712 ἡμᾶς

1004 721 1055 755 τῆς
1071 720 1196 753 γνώσεως
1210 721 1259 756 τῆς
1277 721 1356 756 ἁγίας
1368 722 1496 756 Τριάδος;

1045 824 1089 855 ιγ’.
1112 820 1168 852 Τὰς
1190 820 1339 852 ἀναϐάσεις
1349 821 1400 855 τῆς
1418 820 1535 856 θεωρίας
1549 820 1677 856 βλέπεις;

1045 865 1083 892 ιδ’.
1101 866 1161 892 Ὀτι
1175 865 1270 900 ὥσπερ
1283 866 1438 897 ἀπιστιδίας
1454 866 1483 893 ὲν
1500 867 1591 892 πίστει
1607 866 1684 901 λόγος
1697 865 1796 897 οὐδείς·

1006 911 1093 943 οὕτως
1110 912 1170 938 οὐδὲ
1196 913 1225 938 ὲν
1247 913 1303 944 τοῖς
1314 912 1405 946 λόγοις
1427 912 1499 938 κατὰ
1519 911 1600 946 φύσιν
1629 912 1746 947 ὑπάρχει
1766 911 1799 938 τὸ

1007 958 1173 993 παράλογον.
1201 959 1302 993 Ἔργον
1331 958 1361 984 δὲ
1382 958 1435 985 τῶν
1462 958 1589 989 ἐντολῶν,
1617 958 1695 992 λόγος
1725 959 1799 984 ἐστὶν

1007 1004 1215 1039 ὲνεργοὺμενος.
1248 1004 1397 1038 Ἀνάγνωθι
1423 1004 1452 1030 τὸ
1475 1004 1517 1030 πδ¹
1550 1004 1698 1038 κεφάλαιον
1717 1024 1725 1036 ,
1749 1003 1799 1030 καὶ

1008 1049 1113 1088 ἅναπαὺ
1118 1058 1160 1085 σῃ.

1046 1142 1086 1165 ιε’.
1107 1139 1138 1165 Ἡ
1161 1138 1263 1172 φυσική
1287 1146 1353 1172 φησι
1372 1137 1473 1172 θεωρία
1490 1136 1544 1163 τῶν
1560 1135 1684 1166 ἐντολῶν,
1703 1135 1720 1169 ἥ
1737 1141 1767 1161 τε
1781 1135 1799 1170 ὴ

1009 1185 1077 1219 προς
1099 1184 1144 1210 τὶν
1170 1180 1286 1218 πλησίον
1302 1183 1446 1213 ἁνόθευτος
1467 1183 1572 1216 ἀγάπη,
1589 1181 1733 1215 φιλαυτίας
1752 1181 1799 1206 καὶ

1009 1230 1165 1266 τυραννίδος
1180 1229 1318 1265 ἐλευθεροῖ
1341 1229 1403 1259 τοὺς
1418 1229 1615 1262 φυλάσσοντας.
1636 1227 1668 1253 Ἦ
1686 1227 1715 1253 δὲ
1730 1227 1800 1260 γνῶ-

1010 1285 1052 1308 σις
1077 1276 1130 1302 τῶν
1143 1275 1238 1309 ὅντων,
1261 1275 1346 1310 λήθης
1371 1275 1418 1300 καὶ
1437 1273 1547 1308 ἀγνοίας
1562 1272 1799 1303 ἀπαλλάττειτοὺς

1008 1321 1185 1357 γνωστικούς.
1217 1321 1265 1348 Διὰ
1290 1321 1392 1347 τούτων
1416 1319 1444 1346 δὲ
1471 1319 1593 1351 πάντων,
1616 1318 1646 1344 τὸ
1668 1317 1799 1353 τριμερὲς

1009 1370 1058 1404 τῆς
1073 1367 1162 1403 ψυχῆς
1178 1366 1350 1398 ὑποτίθεται,
1378 1365 1449 1392 κατὰ
1473 1364 1552 1398 λόγον
1578 1363 1627 1398 μὲν
1650 1364 1697 1390 καὶ
1718 1362 1800 1396 φύσιν

1010 1414 1181 1448 κινούμενον,
1206 1413 1295 1439 πᾶσαν
1320 1410 1420 1446 ἀρετὴν
1445 1409 1604 1445 κατοροοῦψ
1626 1409 1702 1443 παρὰ
1719 1407 1801 1441 λόγον

1009 1458 1038 1484 δὲ
1059 1458 1105 1484 καὶ
1119 1457 1210 1492 φύσιν,
1234 1458 1323 1483 πᾶσαν
1345 1455 1445 1482 κακίαν
1461 1454 1635 1490 ἐργάζεσθαι.
1655 1454 1799 1489 Μέμνησο.

1010 1505 1052 1530 ὅτι
1064 1503 1097 1530 τὰ
1111 1503 1248 1539 ἀρχέγονα
1273 1503 1320 1529 καὶ
1335 1501 1425 1537 πάσης
1446 1501 1544 1532 κακίας
1560 1500 1718 1535 γεννητικὰ,
1734 1499 1801 1534 τρία

1011 1549 1100 1576 ταῦτά
1125 1550 1211 1582 ἐστιν,
1231 1549 1328 1582 ἄγνοια
1341 1567 1349 1580 ,
1372 1547 1512 1582 φιλαυτία,
1530 1547 1577 1573 καὶ
1593 1545 1730 1581 τυραννίς·
1751 1544 1800 1570 καὶ

1011 1595 1051 1622 ὃτι
1073 1595 1245 1630 ὑπεστήσατο
1263 1593 1365 1625 ταύτας
1377 1595 1391 1620 ὁ
1404 1593 1520 1629 πονηρὸς
1543 1594 1571 1619 ὲν
1588 1593 1664 1627 ἡμῖν,
1677 1590 1716 1626 τῷ
1727 1590 1802 1617 κατὰ

1011 1641 1184 1675 παραχρησιν
1207 1639 1279 1674 λόγῳ
1292 1639 1346 1665 τῶν
1364 1639 1393 1665 ὲν
1413 1639 1481 1673 ἡμῖν
1501 1637 1642 1672 δυνάμεων
1662 1644 1801 1672 προσχρη-

1011 1694 1136 1720 σαμενος.

1049 1825 1096 1855 ις’.
1115 1822 1224 1849 Τούτων
1240 1822 1294 1848 τῶν
1321 1820 1455 1856 ὲμπαθῶν
1469 1818 1609 1854 λογισμῶν
1629 1817 1753 1853 φιλοῦσιν
1771 1817 1800 1843 αἱ

1011 1868 1128 1902 ἐντολαὶ,
1151 1867 1185 1894 τὰ
1214 1867 1268 1894 τῶν
1291 1867 1463 1902 πραγμάτων
1480 1866 1615 1901 νοήματα·
1631 1863 1702 1890 καθὰ
1717 1863 1746 1888 ὲν
1759 1861 1801 1897 τῷ

1011 1915 1030 1942 δ’
1048 1915 1187 1950 κεφαλαίῳ
1199 1914 1249 1948 τῆς
1270 1913 1355 1948 αὐτῆς
1372 1912 1481 1948 ρ’φησί-

1049 1962 1090 1993 ιζ’.
1107 1961 1146 1988 Τὰ
1162 1960 1237 1995 παρὰ
1250 1960 1280 1987 τὸ
1300 1959 1406 1994 θέλημα
1424 1957 1598 1993 πραττόμενα
1611 1955 1658 1982 τοῦ
1676 1954 1754 1988 Θεοῦ,
1770 1954 1802 1980 τὸ

1012 2007 1112 2042 ἀγαυὸν
1132 2006 1178 2033 καὶ
1192 2007 1338 2041 εὐάρεστον
1364 2005 1411 2030 καὶ
1425 2004 1537 2033 τέλειον,
1551 2003 1618 2037 ὅπερ
1633 2001 1707 2027 ἐστὶν
1724 2001 1741 2035 ἡ
1757 1999 1801 2026 διὰ

1011 2054 1056 2081 τὸν
1084 2053 1150 2080 Θεὸν
1170 2053 1236 2088 πρὸς
1258 2051 1302 2078 τὸν
1323 2050 1436 2085 πλησίον
1460 2049 1549 2084 ἀγαθὴ
1571 2047 1708 2078 διάθεσις,
1726 2045 1802 2080 παρὰ

1011 2099 1057 2125 τὸν
1074 2097 1153 2133 ὀρθόν
1175 2098 1232 2123 ἐστι
1264 2096 1364 2122 σκοπὸν
1390 2094 1529 2128 γινόμενα.
1547 2093 1609 2119 Ὅτι
1623 2091 1650 2118 δὲ
1671 2091 1748 2126 παρὰ
1770 2090 1803 2116 τδ

1014 2144 1118 2179 θέλημα
1136 2143 1181 2170 τοῦ
1201 2142 1268 2169 Θεοῦ
1283 2142 1312 2168 τὺ
1328 2142 1395 2178 πρὸς
1410 2141 1454 2168 τὸν
1468 2139 1582 2175 πλησίον
1595 2138 1625 2164 οὐ
1638 2137 1728 2167 καλῶς
1743 2137 1802 2163 δια.

1014 2190 1132 2221 κεῖσθαι,
1151 2189 1287 2216 δείκνυσιν
1305 2188 1333 2213 ἐν
1352 2186 1528 2221 Εὐαγγελίοις
1550 2185 1637 2219 λέγων
1656 2184 1670 2210 ὁ
1687 2183 1802 2218 Κύριος·

168 2231 258 2266 geliis,
272 2239 333 2258 cum
346 2231 383 2257 ait
399 2240 404 2258 :
421 2231 558 2263 Quatenus
572 2232 679 2267 fecistis,
694 2233 736 2260 vel
752 2242 804 2260 non
820 2233 915 2268 fecistis
927 2233 958 2266 “⁰;

1019 2236 1073 2269 Ἐςρ
1086 2235 1162 2261 ὅσον
1175 2233 1348 2266 ἐποιήσατε,
1365 2232 1411 2259 καὶ
1422 2233 1458 2266 ἐφ
1469 2231 1544 2258 ὅσον
1559 2231 1615 2257 οὐκ
1627 2227 1801 2260 ἐποιήσατε.

168 2284 334 2304 enumerans
353 2277 495 2305 charitatis
518 2282 600 2313 atque
619 2279 674 2305 odii
705 2286 815 2313 genera.
842 2278 963 2305 Observa

168 2329 245 2355 vero,
261 2322 333 2357 quod
346 2323 394 2357 qui
405 2328 499 2351 contra
518 2328 623 2351 rectum
644 2324 725 2351 ﬁnem
747 2332 779 2351 ac
795 2323 962 2351 destinatum

170 2371 277 2397 (contra
291 2368 338 2396 Dei
354 2368 459 2395 scilicet
475 2369 658 2402 mandatum).
677 2376 792 2396 excusso
805 2369 962 2396 humanita-

170 2413 204 2441 tis
216 2421 309 2444 sensu,
324 2414 460 2447 fecerunt,
475 2422 537 2442 cum
550 2414 620 2441 nihil
638 2414 671 2442 ad
699 2415 887 2442 defensionem
910 2416 961 2442 ha-

169 2460 277 2493 berent,
295 2468 387 2495 neque
398 2461 481 2488 etiam
497 2460 580 2487 ﬁnem
592 2468 624 2488 ac
640 2461 806 2488 destinatum
820 2469 961 2495 opponere

168 2505 299 2534 videntur
320 2516 327 2533 :
346 2507 419 2541 quod
435 2515 535 2541 nempe
555 2507 670 2538 scirent,
697 2514 759 2534 eum
790 2507 837 2541 qui
866 2511 962 2534 contra

169 2554 274 2578 rectum
287 2551 335 2578 Dei
351 2551 433 2579 ﬁnem
445 2560 478 2579 ac
487 2552 656 2579 destinatum
671 2552 764 2585 faciat,
792 2552 898 2579 tametsi
918 2553 961 2579 in—

170 2605 297 2624 numeras
313 2602 434 2632 opponat
446 2598 578 2630 rationes,
591 2598 663 2626 haud
682 2607 801 2633 unquam
809 2599 962 2633 gehennam

169 2651 326 2670 evasurum.

205 2689 249 2716 18.
271 2688 455 2724 Cupiditatem
479 2688 552 2716 sistit
581 2689 629 2716 Dei
660 2690 780 2718 eharitas
804 2700 809 2716 :
843 2689 960 2724 proximi

169 2739 262 2762 autem
280 2734 392 2763 dilectio
408 2735 448 2762 ira
472 2740 663 2771 exasperatum
674 2736 796 2763 animum
810 2736 894 2763 sedat.

207 2780 251 2809 l9.
268 2780 320 2813 Qui
344 2780 493 2816 imaginum
506 2782 648 2813 materias,
666 2782 774 2809 divinas
792 2782 892 2817 ﬁguras
906 2782 966 2810 exi-

202 2865 225 2881 "
244 2867 323 2894 Rom.
339 2876 385 2901 ιιι,
402 2869 429 2896 2.
468 2869 489 2885 δα
503 2869 597 2896 Matth.
613 2877 674 2902 xxv,
691 2871 735 2898 40.

1014 2282 1064 2316 τῆς
1077 2281 1186 2315 ἀγάπης
1200 2279 1235 2306 τὰ
1253 2280 1310 2314 εἴδη
1332 2279 1379 2306 καὶ
1407 2277 1452 2304 τοῦ
1478 2277 1572 2313 μίσους
1592 2273 1803 2311 ἀπαριθμούμε-

1014 2336 1068 2359 νος.
1088 2327 1157 2362 Ὅρα
1172 2326 1200 2352 δὲ
1219 2326 1258 2352 ὅτι
1275 2325 1300 2351 οἱ
1318 2323 1394 2359 παρὰ
1407 2324 1451 2350 τὸν
1466 2323 1545 2358 ὀρθὴν
1562 2322 1725 2357 ποιήσαντες
1739 2327 1802 2345 σκο-

1015 2372 1076 2404 πὸν,
1093 2372 1178 2407 ἤγουν
1193 2371 1268 2406 παρὰ
1286 2370 1334 2406 τὴν
1356 2369 1465 2404 ἐντολὴν
1487 2369 1534 2395 τοῦ
1551 2368 1630 2400 Θεοῦ,
1651 2365 1804 2394 ἀποσεισά-

1016 2427 1090 2454 μενοι
1105 2417 1135 2444 tt
1154 2417 1355 2452 φιλάνθρωπον,
1376 2416 1502 2450 οὐδεμίαν
1528 2414 1633 2448 ἔχοντες
1654 2412 1803 2445 ἀπολογίαν

1014 2465 1111 2497 εἰπεῖν,
1139 2464 1199 2490 οὐδὲ
1227 2463 1273 2490 τὺν
1291 2461 1390 2489 σκοπὸν
1415 2461 1630 2496 προϐαλλόμενοι
1651 2460 1802 2493 φαίνονται*

1014 2510 1124 2541 εἰδότες,
1140 2509 1178 2540 ὼς
1202 2510 1216 2535 ὀ
1240 2509 1315 2544 παρὰ
1342 2508 1387 2534 τὸν
1411 2507 1489 2542 ὀρθὸν
1507 2506 1607 2532 σκοπὸν
1623 2504 1671 2531 τοῦ
1693 2504 1762 2530 Θεοῦ
1777 2511 1804 2530 τι

1015 2555 1153 2590 πράττων,
1171 2553 1222 2580 κᾶν
1239 2554 1352 2590 μυρίους
1366 2553 1462 2587 λόγους
1485 2551 1643 2587 προϐάλλω,
1661 2549 1710 2585 τὴν
1726 2549 1804 2583 γέεν-

1015 2609 1063 2627 ναν
1075 2600 1124 2626 οὺκ
1138 2599 1309 2633 ἐκφεύξεται.

1052 2693 1096 2725 ιη’.
1119 2689 1282 2723 Ἐτιιθυμίαν
1299 2688 1404 2722 ἵστησιν
1458 2687 1506 2713 τοῦ
1525 2685 1592 2712 Θεοῦ
1609 2684 1714 2719 ἀγάπη’
1728 2682 1803 2718 ἢτοῦ

1016 2733 1129 2770 πλησίον
1145 2735 1183 2765 δὲ,
1201 2733 1283 2761 παύει
1300 2734 1384 2767 θυμὸν
1407 2732 1590 2768 ⁴ἠγριωμένον.

1053 2781 1095 2808 ιϐ’.
1119 2782 1150 2808 Οί
1178 2779 1315 2811 είκονικὰς
1342 2779 1407 2812 ὕλας
1427 2779 1489 2810 τοὺς
1507 2777 1597 2809 θείους
1625 2776 1804 2812 χαρακτῆρας
