1948 3077
136 159 204 193 1077

579 160 747 192 CAPITUM
766 161 816 191 DE
834 157 1050 191 CHARITATE
1071 163 1266 194 CENTURIA
1287 164 1334 194 IV.

1693 165 1760 199 1078

128 219 380 255 ὑπολαμϐάνοντες.
396 219 590 256 παραχρῶνται
605 221 662 252 τοῖς
670 220 724 247 τῶν
739 219 919 255 χαρακτήρων

983 221 1093 254 limant,
1117 221 1264 257 ﬁgurarum
1298 221 1477 256 conceptibus
1506 221 1666 250 abutuntur.
1694 223 1761 250 Nam

128 267 260 301 νοήμασι.
285 265 339 292 Τοῦ
355 265 408 300 γὰρ
433 265 605 300 χαρακτῆρος
629 265 678 300 τὴν
700 265 848 291 ὑπόστασιν
871 264 918 299 δη-

127 312 252 344 λοῦντος
271 312 348 339 αὐτοὶ
372 312 422 347 τὴν
449 312 553 345 οὐσίαν,
569 312 627 347 ἦτοι
648 312 698 347 τὴν
718 310 800 346 ὕλην,
822 312 851 337 ἐν
905 312 918 336 6

128 358 277 394 χαρακτὴρ
291 358 495 394 προσκυνεῖται,
511 358 673 393 χαρακτῆρα
689 357 833 383 ὑπέλαϐον.
854 357 917 383 Ἔν-

131 405 224 432 θεντοι
240 405 285 431 καὶ
302 404 548 440 παραχρησάμενοι
563 404 600 439 τῷ
613 405 740 439 νοήματι,
753 403 781 436 ἐξ
796 403 918 437 ἀνάγκης

127 451 178 479 καὶ
193 450 232 486 τῷ
246 451 388 486 πράγματι
402 451 621 486 παρεχρήσαντο·
637 450 675 480 ὠς
692 449 758 484 ὕλην
775 448 857 483 ψιλὴν
871 448 918 474 καὶ

126 497 226 533 κωφὴν
240 498 304 529 τοὺς
327 497 417 532 ἱεροὺς
440 496 619 532 χαρακτῆρας
640 495 756 526 ἀναιδῶς
778 493 917 521 κατακαύ-

127 551 237 574 σαντες.
327 536 340 545 ἢ

164 592 200 615 κ’.
215 588 303 615 Βλέπε
321 587 353 614 τὸ
374 587 503 622 διάφορον
516 587 566 622 τῆς
583 586 672 622 λύπης
685 587 733 613 καὶ
747 586 795 620 τῆς
809 585 916 620 ὀδύνης·

127 633 177 660 καὶ
196 634 239 660 ὅτι
253 632 525 669 παρακολουθήματά
543 633 621 660 εἰσιν·
637 633 654 667 ἡ
666 632 725 667 μὲν,
745 631 796 666 τῆς
810 631 915 667 ἡδονῆς·

125 680 142 714 ἡ
160 679 200 712 δὲ,
221 680 271 713 τῆς
290 679 455 712 κενοδοξίας,

163 729 219 753 κα¹.
234 726 328 760 Πάσης
348 726 423 760 ἡμᾶς
438 724 585 759 ἀπολογίας
609 724 745 751 ἀποπαύει
759 723 807 751 τοῦ
822 723 917 751 ἀποτι-

126 771 204 798 θέναι
216 771 250 797 τὰ
263 771 403 806 χρήματα,
415 770 448 796 τὰ
464 769 580 805 καθεξῆς
593 769 656 805 τρία
670 768 756 797 ταῦτα
769 769 916 803 κεφάλαια.

163 860 216 895 κβ¹.
240 860 374 895 Τεχνικὴν
391 859 497 893 σοφίαν,
515 859 546 885 οὐ
561 858 611 894 τὴν
623 859 655 886 ὲκ
670 858 814 894 μαθήσεως
830 857 915 891 λέγει,

125 905 199 932 ἀλλὰ
218 905 268 940 τὴν
283 905 316 931 δι’
331 903 365 940 ἧς
378 906 392 931 ὁ
404 905 470 939 Θεὸς
491 904 525 930 τὰ
542 904 631 931 πάντα
653 904 775 939 ἐποίησε.

163 950 218 984 κγ’.
234 951 297 981 Τοῖς
310 949 456 984 τέσσαρσιν
467 950 481 975 ὁ
507 948 569 980 νοῦς
587 957 638 984 μου
652 948 817 983 ἀκάθαρτος.
840 947 917 983 Ἔχει

124 996 155 1023 δέ
169 1005 197 1022 τι
212 996 258 1022 καὶ
270 996 360 1038 πλέον,
374 996 415 1021 ὅτι
429 995 475 1021 καὶ
488 995 542 1022 τῶν
555 994 644 1022 ἄλλων
655 994 750 1021 ἑαυτὸν
764 994 917 1029 σοφώτερον
940 1024 954 1032 ’

184 1049 240 1067 ται.

184 1049 240 1067 ται.

124 1040 218 1122 ἠγέδν.
238 1094 372 1121 Οὐδέποτε
387 1094 404 1128 ἡ
417 1093 490 1128 ψυχή
507 1101 559 1129 μου
571 1093 644 1120 κατὰ
660 1093 741 1128 φύσιν
757 1094 916 1129 ἐνήργησεν·

125 1138 212 1174 οἶδεν,
228 1140 241 1166 ὁ
260 1139 344 1174 μηδὲν
357 1140 472 1173 ἀγνοῶν·
492 1139 539 1167 καὶ
555 1139 683 1166 οὐδέποτε
699 1139 748 1174 τῆς
767 1140 828 1166 κατ’
844 1139 917 1174 ὲνέρ-

127 1194 207 1219 γειαν
229 1184 368 1220 ἁμαρτίας
388 1184 540 1219 ἠρέμησεν.

166 1273 216 1301 κε’.
234 1274 316 1300 Ὥστε
333 1273 371 1308 μὴ
394 1273 439 1300 διὰ
460 1273 507 1300 τὸν
530 1273 648 1308 Χριστόν
667 1282 694 1300 τι
718 1274 869 1305 ποιοῦντες*
885 1274 918 1300 δι’

128 1321 196 1347 ἄλλο
211 1320 241 1347 δέ
262 1329 298 1352 τι,
316 1321 347 1346 οὐ
367 1319 506 1354 δυνάμεθα
525 1319 726 1355 προϐάλλεσθαι
747 1319 792 1346 τὸν
806 1320 917 1347 σκοπόν·

129 1366 194 1392 ἐπεὶ
211 1365 289 1400 παρά
302 1365 349 1392 τὸν
361 1366 462 1392 σκοπὸν
471 1365 518 1392 τοῦ
533 1365 612 1400 Θεοῦ,
626 1366 673 1392 καὶ
693 1365 764 1393 κατά
776 1366 807 1392 τὸ
817 1366 918 1401 ἡμέτε-

131 1419 180 1445 ρον
193 1411 378 1446 ἐργαζόμεθα.

166 1469 224 1497 ις’.
241 1465 273 1492 Εἰ
296 1465 363 1501 διψᾷ
373 1474 416 1497 τις
433 1465 554 1492 ἁλίσκειν
569 1465 615 1492 καὶ
631 1464 766 1501 ἁρπάζειν
779 1466 917 1501 ἀλλότρια,

129 1510 144 1537 δ
161 1511 197 1546 μή
215 1511 275 1536 ἐστι
291 1511 397 1546 θέλημα
414 1510 462 1537 τοῦ
487 1511 566 1544 Θεοῦ,
590 1511 648 1543 πῶς
674 1511 852 1547 προϐαλεῖται
874 1512 920 1549 τὸν

969 274 1031 293 cum
1046 266 1133 302 ﬁgura
1151 274 1199 294 seu
1215 267 1358 294 character
1378 274 1525 302 personam
1540 267 1692 303 signiﬁcet,
1710 267 1761 305 ipsi

969 311 1148 339 substantiam
1181 312 1226 348 (id
1254 316 1314 345 est,
1344 313 1507 347 materiam)
1533 313 1560 340 in
1589 321 1643 348 qua
1672 314 1759 349 ﬁgura

969 357 1109 390 adoratur,
1140 357 1254 393 ﬁguram
1282 358 1520 386 existimaverunt.
1547 359 1672 393 Ilincque
1692 359 1762 386 adeo

968 407 1116 438 conceptu,
1140 402 1237 438 reique
1270 404 1384 431 notione
1411 404 1567 436 abutentes,
1605 405 1761 432 necessario

969 449 1052 476 etiam
1068 449 1160 484 rcipsa
1179 449 1258 477 abusi
1288 454 1371 483 sunt;
1388 450 1425 477 ita
1452 451 1584 477 nimirum
1613 455 1642 477 ut
1661 450 1761 477 nudam

969 499 1128 530 mutamque
1160 495 1304 523 materiam
1322 503 1413 523 sacras
1439 496 1539 531 ﬁguras
1562 504 1594 523 ac
1628 496 1761 531 imagines

968 541 1144 576 impudenter
1159 543 1213 578 igni
1226 543 1375 571 abolendas
1390 545 1558 579 putaverint.

1004 587 1049 614 20.
1067 588 1134 615 Vide
1150 588 1300 616 discrimen
1314 590 1386 616 inter
1402 590 1542 617 tristitiam
1562 596 1590 618 et
1615 591 1738 619 dolorem
1753 601 1760 624 ;

969 633 1100 668 quodque
1113 633 1190 661 velut
1214 634 1390 669 appendices,
1403 636 1488 663 altera
1505 635 1665 671 voluptatis,
1694 637 1763 663 alter

967 678 1059 705 inanis
1071 678 1164 713 gloriae
1181 679 1247 706 sint.

1002 724 1047 751 21.
1069 723 1184 751 Omnem
1202 725 1284 752 nobis
1299 725 1425 754 adimunt
1455 726 1662 753 excusationem
1695 728 1762 762 quin

967 770 1099 804 pecunias
1126 770 1300 805 abjieiamus,
1331 778 1392 806 qua:
1433 776 1589 806 sequuntur
1624 773 1674 799 tria
1705 773 1763 800 lucc

975 815 1073 850 capita.

1003 861 1048 888 22.
1076 861 1254 888 Artiﬁcialem
1271 861 1433 896 sapientiam
1448 866 1537 894 vocat,
1563 870 1618 889 non
1644 870 1704 897 quae
1730 869 1763 889 cx

970 907 1113 941 disciplina
1127 906 1256 938 habetur,
1271 907 1319 934 sed
1332 914 1385 941 qua
1404 907 1476 934 Deus
1487 907 1610 936 condidit
1623 908 1724 935 omnia.

1004 954 1050 981 25.
1066 953 1245 988 Quadruplici
1268 961 1299 980 ea
1326 953 1387 980 labe
1405 961 1482 980 mens
1505 961 1564 980 mea
1589 953 1695 988 impura
1709 959 1760 981 est.

970 1000 1042 1033 Quin
1054 1003 1082 1027 et
1097 999 1171 1026 aliud
1187 999 1253 1034 quid
1265 999 1485 1034 ampliusliabet.
1501 999 1575 1034 quod
1600 1004 1628 1027 et
1648 999 1762 1035 reliquis

972 1047 1105 1082 majorem
1120 1045 1173 1072 sibi
1187 1044 1349 1080 sapientiam
1366 1046 1514 1080 arrogavit.

1007 1101 1052 1128 ‘24.
1075 1101 1221 1135 Nunquam
1245 1100 1334 1128 anima
1357 1108 1417 1127 mea
1440 1105 1552 1135 operata
1576 1105 1634 1134 est,
1666 1105 1696 1128 ut
1723 1101 1761 1128 illi

971 1154 1005 1173 ex
1016 1150 1113 1172 natura
1124 1150 1314 1180 comparatum
1328 1149 1370 1172 est
1386 1154 1392 1172 :
1419 1145 1561 1180 novitque,
1586 1152 1666 1180 quem
1687 1146 1763 1173 nulla

973 1197 1017 1216 res
1033 1189 1098 1216 latet
1116 1198 1122 1216 :
1149 1197 1181 1216 ac
1201 1189 1306 1216 nullum
1321 1194 1383 1216 actu
1407 1189 1539 1224 peccandi
1557 1197 1676 1224 unquam
1697 1189 1764 1217 fecit

973 1235 1064 1262 ﬁnem.

1008 1281 1053 1308 ‘25.
1070 1280 1176 1308 Idcirco
1187 1287 1243 1307 non
1254 1284 1367 1315 propter
1379 1280 1521 1308 Christum
1539 1281 1643 1316 aliquid
1658 1281 1762 1308 facien—

973 1331 1023 1358 tes.
1045 1326 1094 1354 sed
1110 1327 1145 1353 ob
1160 1326 1264 1361 aliquid
1282 1326 1368 1359 aliud,
1387 1334 1442 1354 non
1456 1334 1603 1361 possumus
1614 1327 1696 1354 ﬁnem
1714 1327 1763 1354 ob-

970 1372 1054 1407 jicere
1066 1380 1097 1400 ac
1113 1372 1285 1407 propositum
1305 1381 1310 1399 :
1327 1372 1429 1408 quippe
1454 1372 1501 1408 qui
1526 1377 1627 1408 praeter
1646 1373 1695 1400 Dei
1714 1380 1762 1399 vo-

973 1419 1117 1452 luntatem,
1136 1427 1224 1454 exque
1236 1423 1329 1446 nostra
1347 1427 1429 1454 opera
1440 1423 1611 1454 praestemus.

1006 1473 1088 1510 5,60
1105 1473 1150 1501 26.
1169 1473 1197 1501 Si
1223 1473 1286 1508 quis
1315 1474 1374 1501 sitit
1397 1479 1427 1502 ut
1452 1474 1541 1502 aliena
1555 1473 1662 1501 auferat
1680 1477 1763 1508 atque

974 1519 1062 1554 rapiat
1087 1519 1171 1554 (quod
1197 1527 1254 1546 non
1278 1523 1320 1546 est
1340 1519 1390 1546 Dei
1413 1519 1586 1554 voluntatis),
1599 1526 1719 1554 quonam
1741 1519 1779 1546 is.
1827 1528 1837 1536 ο

130 1556 244 1589 σκοπὸν,
260 1554 292 1583 οὗ
321 1555 421 1588 σκοπὸς
450 1557 481 1583 τὸ
507 1557 593 1583 ἐλεεῖν
619 1558 693 1592 ἡμᾶς
724 1558 771 1584 καὶ
787 1557 919 1590 δανείζειν

983 1564 1053 1591 nodo
1087 1565 1260 1599 propositum
1287 1564 1431 1599 ﬁnemque,
1453 1565 1566 1600 objiciet
1589 1565 1650 1600 ejus
1685 1564 1764 1599 cujus

129 1603 216 1636 ὲστίνς

167 1657 220 1689 κζ’.
238 1658 301 1684 Ὀτι
315 1659 329 1684 ὀ
344 1658 473 1694 φιλαυτία
487 1659 631 1692 δουλεύων,
653 1659 835 1695 βαρυκάρδιός
852 1660 920 1692 ἐστι,

131 1702 306 1737 ματαιότητά
331 1703 377 1729 καὶ
392 1703 489 1738 ψεῦδος
507 1704 622 1738 ἀγαπῶν
649 1705 696 1732 καὶ
722 1705 811 1741 ζητῶν
825 1713 831 1720 ·
853 1706 921 1740 ὅπερ

129 1748 190 1773 ἐστὶ
218 1747 249 1773 τὸ
273 1748 405 1782 caput.be
426 1749 566 1784 φρόνημα“
584 1750 644 1785 ἢτοι
660 1750 710 1785 τῆς
730 1750 830 1785 σαρκὸς
845 1751 861 1785 ἡ
878 1750 922 1776 εὐ-

131 1793 244 1820 πάθεια.

167 1847 222 1882 κη’.
240 1847 300 1874 Τῶν
313 1849 534 1884 προειρημένων,
549 1849 628 1884 δῆλον
648 1850 802 1885 φιληδονίας
818 1852 864 1878 καὶ
878 1860 922 1886 φι-

131 1891 254 1925 λοδοξίας
269 1893 316 1919 καὶ
332 1893 526 1930 φιλαργυρίας.
545 1895 577 1921 El.
606 1895 635 1922 δέ
649 1905 692 1927 τις
711 1896 815 1928 τούτοις
836 1898 922 1933 ἀπρὶξ

132 1939 269 1974 ἐνίσχεται
292 1940 329 1972 ὡς
348 1941 413 1976 ἐγὼ,
435 1942 493 1974 πῶς
512 1943 579 1970 Θεοῦ
601 1943 837 1980 καταξιωθήσεται
851 1945 922 1979 γνὼ-

134 1993 215 2017 σεως,
236 1986 352 2013 συνιδεῖν
369 1989 418 2014 οὐκ
433 1989 496 2023 ἔχω.

169 2039 221 2066 κθ¹.
241 2039 275 2065 Ἣ
291 2040 345 2076 γάρ
367 2042 405 2073 ὡς
428 2042 514 2069 δοῦλοι
530 2043 546 2078 ἢ
564 2044 612 2070 καὶ
637 2043 780 2079 μίσθιοι,ἢ
799 2045 837 2077 ὡς
859 2046 919 2072 υἱοί·

133 2084 284 2118 τουτέστιν,
313 2086 330 2121 ἢ
355 2086 392 2118 ὡς
411 2088 557 2123 πρακτικοὶ
580 2090 670 2124 μόνον,
691 2090 708 2126 ἢ
725 2090 771 2117 καὶ
793 2091 830 2123 ὼς
851 2092 921 2126 γνώ-

133 2135 205 2158 σεως
219 2130 444 2163 καταξιωθέντες.

972 1608 1035 1636 linis
1044 1612 1096 1640 est,
1105 1614 1134 1635 ut
1146 1609 1309 1636 misereatur
1319 1609 1407 1636 nostri
1421 1616 1453 1636 ac
1465 1609 1640 1636 commodet?

1006 1662 1051 1689 27.
1064 1662 1116 1695 Qui
1131 1661 1235 1690 carnali
1247 1662 1334 1690 amori
1345 1663 1440 1695 servit,
1451 1663 1527 1698 gravi
1540 1664 1623 1691 corde
1638 1669 1696 1697 est;
1714 1665 1761 1698 qui

971 1715 1070 1742 nempe
1088 1708 1237 1735 vanitatem
1253 1711 1282 1735 et
1295 1708 1469 1735 mendacium
1490 1708 1587 1744 diligat
1601 1717 1633 1736 ac
1645 1713 1760 1744 quaerat.

971 1753 1044 1786 quod
1065 1757 1107 1780 est
1119 1754 1211 1780 carnis
1230 1761 1330 1780 sensus
1341 1761 1373 1780 ae
1386 1753 1533 1788 prudentia
1551 1763 1557 1781 :
1577 1754 1638 1789 ejus
1657 1754 1762 1782 scilicet

970 1797 1094 1824 luxuries
1108 1798 1237 1832 bonaque
1254 1798 1396 1826 habitudo.

1005 1850 1050 1876 28.
1067 1850 1132 1883 Quae
1149 1850 1222 1877 dicta
1245 1855 1319 1882 sunt,
1338 1859 1437 1885 nempe
1454 1852 1557 1879 amoris
1578 1851 1760 1886 voluptatum,

971 1895 1064 1929 gloriae
1075 1904 1106 1922 ae
1121 1896 1254 1930 pecuniae.
1267 1896 1296 1923 Si
1315 1897 1378 1931 quis
1391 1902 1483 1924 autem
1507 1897 1535 1924 in
1557 1897 1611 1924 mei
1645 1904 1761 1934 rnorem,

973 1941 1015 1968 his
1030 1942 1170 1969 mordicus
1183 1942 1278 1974 haeret,
1292 1943 1432 1978 quomodo
1460 1943 1507 1971 Dei
1521 1943 1634 1972 scientia
1649 1943 1763 1979 dignan-

972 1987 1024 2014 dus
1035 1987 1081 2019 sit,
1093 1987 1186 2015 nullus
1200 1988 1353 2024 intelligere
1370 1989 1458 2016 valeo.

1004 2041 1049 2068 29.
1066 2041 1119 2068 Aut
1142 2041 1215 2069 enim
1240 2046 1370 2077 tanquam
1400 2043 1484 2075 servi,
1510 2050 1559 2070 seu
1582 2043 1665 2070 etiam
1691 2051 1761 2069 mvr-

972 2086 1085 2119 ccnarii,
1102 2087 1143 2113 vel
1157 2091 1187 2114 ut
1196 2087 1254 2120 ﬁlii,
1287 2088 1340 2115 hoe
1353 2092 1405 2122 est,
1422 2089 1464 2116 vel
1478 2093 1508 2115 ut
1522 2088 1569 2124 qui
1592 2089 1680 2116 solum
1701 2093 1753 2116 stu»

973 2132 1055 2158 deant
1077 2132 1189 2178 actioni,
1206 2133 1249 2160 vel
1265 2134 1312 2167 qui
1332 2133 1416 2162 etiam
1437 2134 1559 2162 scientiae
1581 2135 1684 2162 donum
1706 2135 1760 2161 sint

972 2185 1124 2207 εοιιδρουιι.

169 2217 202 2245 λ’,
219 2217 304 2251 Ψιλὺς
323 2219 463 2256 λογισμὸς,
490 2224 505 2249 ὁ
523 2223 583 2258 δὶχα
606 2225 724 2258 πάθους,
744 2227 757 2252 ὁ
776 2227 888 2258 ἁπλοῦς·
908 2229 921 2254 ὁ

1008 2225 1051 2253 50.
1069 2225 1148 2252 Nuda
1161 2225 1291 2260 cogitatio
1299 2229 1351 2258 est,
1366 2233 1427 2260 quae
1441 2225 1570 2253 allectum
1585 2226 1760 2261 conjunctum

134 2266 189 2302 γὰρ
207 2268 344 2303 ἐμπαθὴς,
357 2269 458 2303 ἀπάγει
472 2270 550 2298 Θεοῦ.
563 2272 656 2304 Οὕτως
668 2274 728 2300 οὐδὲ
744 2275 760 2309 ἡ
775 2274 839 2310 ψιλὴ
850 2276 920 2309 γνηῦ-

135 2321 179 2345 σις
194 2313 294 2347 ἀπάγει
316 2315 370 2342 τῶν
406 2317 594 2354 ἀνθρωπίνων*
617 2319 707 2355 ἀλλ’ἢ
731 2321 857 2349 παθοῦσα
874 2323 922 2357 τὴν

273 2360 341 2396 ὅπερ
363 2362 437 2389 ἐστὶν
456 2364 472 2399 ἡ
490 2365 558 2400 πρὸς
581 2365 611 2392 τὺ
639 2366 749 2402 πνεῦμα
776 2368 847 2394 κατὰ
873 2369 922 2404 τὴν

135 2402 194 2435 ἕξιν
208 2403 362 2436 ἀλλοίωσις.

171 2487 225 2514 λα’.
241 2489 302 2516 Ὅτι
319 2490 344 2515 οἱ
365 2490 428 2522 υἱοὶ,
443 2490 543 2524 γνώσει
571 2492 618 2518 καὶ
644 2493 738 2529 ἀγάπῃ
759 2494 813 2521 τῶν
830 2495 924 2523 παθῶν

136 2534 294 2569 ἀπέχουσιν·
309 2536 334 2562 οἱ
351 2535 379 2562 δὲ
393 2536 481 2563 δοῦλοι
504 2538 550 2564 καὶ
565 2538 677 2573 μίσθιοι,
692 2538 751 2574 ἦτοι
765 2541 789 2566 οξ
810 2549 924 2576 πρακτι-

137 2579 190 2611 κοὶ,
210 2579 226 2614 ἦ
246 2579 332 2615 φόϐῳ,
353 2581 369 2615 ἣ
389 2580 489 2609 ἑλπίδι.
526 2603 531 2606 .

171 2623 221 2659 λβ’.
239 2626 294 2652 Καὶ
310 2626 398 2652 ταῦτα
413 2627 540 2663 ἀπείργει
555 2629 617 2661 τοὺς
629 2630 745 2665 γράφειν
759 2632 922 2668 ᾑρημένους⁸

136 2670 279 2697 δεικνύντα
292 2673 384 2707 σαφῶς
395 2670 444 2709 τὴν
463 2674 564 2710 βλάὸην
585 2676 618 2702 ὲκ
637 2676 684 2703 τοῦ
703 2677 805 2709 τέλους.

172 2759 224 2794 λγ⁷.
246 2759 330 2797 Οἶμαι
345 2763 413 2798 πρὸς
426 2763 498 2800 ἡμᾶς
515 2765 612 2793 ἔϐλεπε
628 2767 716 2794 ταῦτα
729 2769 852 2804 γράφων.

174 2851 222 2881 λδ.
235 2853 293 2881 οὐκ
307 2855 423 2890 ἐνόησαν
438 2857 467 2884 τὸ
483 2858 515 2885 ὲκ
532 2859 579 2894 τῆς
594 2859 706 2894 μεθόδου
720 2861 821 2897 ταύτης
833 2862 926 2898 κέρδος

971 2278 1026 2297 non
1043 2270 1134 2302 habet,
1148 2278 1209 2305 quae
1223 2275 1265 2298 est
1280 2271 1395 2306 simplex
1410 2279 1416 2297 :
1433 2279 1494 2306 quae
1505 2272 1577 2298 enim
1588 2279 1650 2299 cum
1662 2271 1761 2298 aﬁ‘ectu

971 2321 1013 2344 est
1037 2325 1069 2344 ac
1093 2317 1252 2350 libidinosa,
1266 2317 1378 2345 abducit
1391 2325 1406 2344 a
1421 2318 1488 2344 Deo.
1500 2318 1547 2345 Sic
1559 2326 1668 2352 quoque
1689 2318 1760 2345 nuda

972 2370 1003 2389 ac
1015 2362 1131 2397 simplex
1146 2362 1270 2394 scientia,
1284 2371 1339 2389 non
1361 2363 1395 2390 ab
1414 2363 1542 2390 humanis
1564 2364 1686 2394 abducit,
1714 2363 1759 2390 sed

972 2417 1032 2443 quae
1043 2409 1218 2436 dilectionem
1235 2409 1352 2443 patitur;
1377 2409 1451 2444 quod
1479 2414 1521 2437 est
1551 2409 1706 2436 immutatio
1733 2409 1760 2437 in

973 2453 1099 2487 spiritum
1117 2461 1177 2487 qua:
1192 2453 1286 2480 habitu
1300 2457 1351 2480 est.

1007 2498 1050 2525 51.
1066 2498 1116 2531 Qui
1138 2498 1186 2525 lilii
1209 2503 1285 2530 sunt,
1302 2498 1417 2526 scientia
1433 2503 1461 2526 et
1474 2499 1609 2527 eliaritate
1625 2499 1762 2528 seavitiis

973 2544 1132 2572 abstinent:
1148 2545 1222 2572 servi
1235 2549 1326 2572 autem
1338 2549 1365 2572 et
1392 2545 1556 2573 mercenarii
1576 2546 1614 2578 (id
1639 2550 1691 2579 est,
1714 2547 1762 2581 qui

973 2589 1110 2616 actionem
1122 2590 1228 2621 colunt)
1243 2593 1292 2616 aut
1308 2589 1408 2617 timore
1419 2594 1467 2617 aut
1481 2598 1540 2624 spe.

1009 2634 1052 2660 5'2.
1067 2634 1129 2662 Haec
1139 2642 1250 2670 quoque
1278 2635 1429 2669 deterrent,
1453 2636 1556 2670 quibus
1584 2639 1615 2664 ιιι
1640 2636 1762 2664 scribant

974 2679 1065 2707 animo
1079 2681 1259 2707 constitutum
1273 2681 1309 2708 sit
1324 2689 1331 2707 :
1347 2688 1408 2715 quae
1422 2688 1520 2716 nempe
1533 2680 1663 2709 damnum
1673 2681 1762 2716 palam

974 2734 1008 2753 ex
1021 2726 1074 2753 ﬁne
1083 2726 1239 2753 ostendant.

1011 2771 1056 2798 33.
1074 2771 1108 2798 Et
1123 2771 1181 2798 haec
1194 2775 1261 2806 puto
1273 2771 1338 2799 dum
1359 2772 1503 2806 scriberet,
1518 2772 1552 2799 ad
1569 2779 1620 2800 nos
1642 2773 1763 2800 animum

977 2816 1146 2843 intendebat.

1011 2862 1054 2889 35.
1072 2862 1132 2889 Non
1150 2862 1354 2896 intellexerunt,
1376 2862 1450 2898 quod
1464 2870 1498 2891 ex
1511 2862 1564 2891 hac
1579 2863 1710 2892 methodo
1720 2870 1764 2892 se-
