1948 3077
155 123 223 157 1’79

735 124 765 154 S.
787 124 930 154 MAXIM]
949 125 1202 163 CONFESSORIS

1717 136 1789 168 1080

152 177 246 214 quitur
258 177 375 208 lucrum,
389 175 435 210 qui
456 182 484 202 se
501 174 571 202 scire
587 175 744 203 existimant
759 185 764 202 :
782 185 845 204 nam
858 177 881 204 si
894 177 948 204 sci-

1019 181 1024 206 ἱ
1051 185 1206 219 νομίζοντες
1233 187 1343 214 εἰδέναι.
1366 189 1396 214 Εἰ
1415 188 1470 225 γὰρ
1486 189 1617 224 ἔγνωσαν.
1634 190 1786 226 ἐκέρδησαν

151 222 266 255 vissent,
281 221 454 250 commodum
472 221 524 248 hoc
537 225 733 256 reportassent,
746 227 776 250 ut
792 222 818 249 in
831 222 946 250 scientia

153 267 331 305 proﬁcerent.

187 313 232 340 55.
247 309 371 339 Morante
395 310 514 345 simplici
530 309 660 346 nudaque
675 312 855 346 cogitatione,
870 312 945 339 exci-

155 364 229 388 tatur
244 357 360 387 affectus
377 366 382 385 :
399 357 438 384 uti
453 357 536 384 etiam
550 365 583 385 ea
595 365 658 392 quae
672 358 784 386 ail'ectui
799 359 946 394 conjuncta

153 412 185 434 ac
195 402 344 431 libidinosa
355 408 409 436 est,
425 408 572 439 praestatur
583 411 744 431 consensus.

185 450 228 477 36.
243 449 313 482 Scis,
322 448 448 482 Domine,
458 449 711 485 quomodojudicer
721 449 814 481 hodie,
825 454 853 477 et
864 458 946 485 quam

151 495 187 525 ob
206 503 316 523 causam
334 503 368 522 ne
384 494 560 530 derelinquas
574 503 628 523 me.

186 541 230 568 57.
242 540 303 568 Non
316 545 406 576 potest
424 541 483 569 haec
499 545 642 576 praestare,
655 541 702 576 qui
720 542 778 570 suis
792 542 945 570 ﬁditratio—

152 586 246 618 nibus,
262 594 295 613 ac
314 594 344 614 se
355 586 410 622 jam
439 584 683 621 comprehendisse
707 587 855 620 existimat,
873 595 944 623 quat.

151 636 330 670 posteaquam
343 631 426 659 etiam
436 631 635 666 comprehensa
651 635 726 665 sunt,
735 636 834 660 natura
844 633 947 660 incom-

152 676 292 714 prehensa
307 680 433 704 manent.

187 721 232 750 58.
267 719 392 750 Tristitia
421 721 496 758 (aegri
525 720 633 750 scilicet
659 721 744 749 animi
767 721 890 757 affectio)
918 727 945 750 et

153 768 260 800 odium.
278 768 345 796 vitia
357 773 422 797 sunt
431 767 519 804 partis
531 767 616 796 animi
630 769 754 804 expertis
766 769 891 797 rationis.
918 794 922 801 ,

189 815 234 843 59.
252 814 321 842 Vide
332 814 470 850 quomodo
485 814 669 850 deeipiamur,
685 815 734 850 qui
751 815 890 842 contraria
905 815 945 842 fa—

153 860 270 893 ciamus,
285 866 313 888 et
326 860 481 888 Christiana
498 869 548 888 nos
568 860 671 896 pietate
692 860 786 888 vivere
807 860 948 888 existime-

154 914 228 940 mus,
245 907 375 942 quodque
393 906 505 942 gravius
519 910 571 937 est.
589 906 645 942 jam
661 914 772 941 quoque
795 906 948 941 spiritalem

154 950 210 988 pati
229 949 405 978 dilectionem
423 950 603 978 arbitremur.

189 995 234 1024 40.
252 993 343 1024 Habet
354 995 417 1031 quis
427 995 528 1023 vitium
553 995 677 1023 avaritiae
696 1004 703 1021 :
721 1001 776 1022 non
790 994 894 1030 indiget
918 999 948 1021 ut

154 1049 205 1081 per
221 1041 366 1069 avaritiam
386 1040 438 1068 sibi
460 1040 565 1076 aliquid
581 1046 702 1076 arroget,
718 1045 765 1067 aut
792 1045 823 1067 ut
848 1040 949 1075 injuste

154 1086 276 1122 aliquem
303 1086 513 1114 circumveniat.
527 1086 593 1121 Ejus
606 1085 647 1114 rei
668 1090 765 1114 nactus
779 1083 946 1118 facultatem,

154 1133 246 1164 statim
259 1131 488 1168 deprehenditur.
503 1128 592 1166 Atque
606 1131 634 1158 id
646 1135 740 1158 notum
752 1135 804 1158 est.

189 1179 235 1206 41.
252 1172 319 1206 Vide
340 1177 368 1205 in
387 1176 489 1212 quibus
506 1177 715 1212 longanimitate
740 1181 768 1204 et
793 1177 821 1203 in
846 1177 948 1212 quibus

154 1224 285 1262 patientia
299 1223 443 1251 utendum.
460 1223 580 1250 Tametsi
591 1223 667 1250 enim
679 1228 829 1259 utrumque
843 1223 870 1249 in
887 1227 947 1250 ten-

155 1269 308 1300 tationibus
332 1268 452 1301 dicatur,
479 1275 539 1302 quae
561 1268 656 1295 invitis
679 1267 857 1303 exteriusque
885 1275 949 1295 eve-

155 1316 236 1346 niunt
250 1324 256 1342 :
273 1315 346 1351 quod
361 1319 452 1342 tamen
465 1313 519 1342 iure
531 1314 559 1342 in
572 1321 715 1341 sermones
728 1319 812 1349 atque
831 1313 948 1341 verbera

155 1370 204 1394 seu
218 1363 311 1398 plagas
327 1361 501 1392 dividuntur,
524 1368 580 1388 una
596 1368 706 1396 quoque
723 1360 781 1388 haec
794 1368 887 1388 secum
905 1360 948 1387 vi-

156 1409 289 1440 dentibus
301 1407 439 1436 dividunt.

190 1455 236 1483 L2.
250 1454 303 1482 Per
318 1448 519 1481 continentiam
530 1457 558 1481 et
570 1452 744 1485 eharitatem,
755 1451 828 1479 bona
843 1451 871 1478 in
885 1455 948 1479 actu

102 1502 111 1507 '
156 1499 273 1532 scientia
291 1502 449 1534 praestatur.

193 1545 239 1573 ιδ.
259 1544 330 1578 Quid
346 1551 411 1571 vero
431 1544 551 1571 delirant
570 1542 645 1570 vitiis
671 1546 807 1570 scatentes
837 1542 950 1577 quidem

158 1597 242 1626 atque
252 1589 376 1625 superbi,
387 1590 578 1618 existimantes
593 1589 658 1625 (qua
674 1593 781 1616 tument
795 1589 951 1624 arrogantia

158 1644 193 1668 ac
204 1635 288 1671 fastu)
304 1635 396 1663 divina
410 1635 526 1663 scientia
534 1643 564 1663 se
579 1634 710 1670 praeditos
723 1635 806 1662 esse?
818 1634 857 1662 lta
877 1635 952 1663 enim

159 1682 200 1712 illi
214 1690 248 1709 ex
263 1681 369 1718 ingenti
382 1681 467 1709 animi
482 1682 619 1716 pravitate
630 1684 659 1708 et
675 1680 805 1708 elatiOne.

195 1727 240 1755 ιι.
255 1727 308 1760 Qui
321 1731 413 1754 autem
426 1727 567 1754 existimat
583 1734 613 1754 se
627 1727 682 1762 jam
698 1726 952 1761 comprehendisse,

160 1779 193 1801 ac
210 1772 279 1799 nihil
298 1771 435 1806 ignorare,
453 1772 539 1806 liquet
566 1778 629 1798 eum
648 1772 782 1798 charitate
808 1771 953 1806 praeditum

160 1826 217 1848 non
229 1826 301 1846 esse.
317 1818 369 1851 Qui
388 1823 480 1846 autem
494 1825 549 1844 non
562 1826 594 1844 ea
607 1818 740 1852 prsaditus
751 1817 798 1849 sit,
814 1817 954 1852 quomodo

161 1863 191 1895 in
203 1863 319 1892 scientia
331 1862 480 1898 proﬁciet?

195 1909 240 1937 ιε.
253 1909 305 1942 Qui
317 1910 376 1937 vitii
400 1913 429 1937 et
446 1909 609 1945 ignorantia:
620 1909 708 1944 spinis
719 1916 752 1937 ac
763 1909 874 1937 tribulis
887 1917 954 1937 con-

161 1955 226 1986 terti
242 1955 338 1988 simus,
359 1955 489 1983 virtutem
507 1963 544 1983 ac
568 1955 721 1990 spiritalem
736 1955 881 1983 scientiam
904 1963 956 1982 nos

163 2000 266 2032 habere
281 2000 457 2029 conﬁdimus.

198 2047 242 2076 ιθ.
256 2045 307 2075 llic
324 2046 473 2082 perfectius
486 2045 653 2074 eharitatem
669 2047 817 2082 descripsit
844 2056 851 2075 :
872 2048 957 2075 duos-

163 2100 217 2128 que
234 2092 372 2125 deuarios,
387 2091 552 2120 charitatem
576 2093 603 2119 in
633 2092 719 2120 Deum
750 2097 778 2120 et
799 2093 955 2128 proximum

163 2138 271 2168 statuit.

997 229 1031 256 ἂν
1047 231 1075 257 τὸ
1092 233 1256 267 προκόπτειν
1268 235 1307 265 είς
1320 234 1351 261 τὸ
1367 234 1478 263 ειδέναι.

1033 321 1079 347 λε’.
1102 321 1164 348 Ὅτι
1181 322 1352 357 χρονίζοντος
1372 323 1420 350 τοῦ
1443 324 1522 359 ψιλοῦ
1542 324 1688 360 λογισμοῦ,
1701 326 1788 352 κινεῖ-

997 374 1043 392 ται
1055 365 1085 392 τὸ
1097 366 1191 399 πάθος·
1207 367 1301 404 ὥσπερ
1316 369 1422 396 καὶτοῦ
1436 369 1587 405 sameque,
1602 370 1707 404 γίνεται
1723 379 1788 405 σογ-

999 411 1157 444 κατάῦεσις.

1033 457 1086 490 λς’.
1100 456 1190 491 Οἶδας,
1202 459 1299 495 Κύριε,
1311 460 1384 491 ὅπως
1402 460 1532 495 κρίνομαι
1544 461 1675 496 σήμερον,
1690 461 1739 486 καὶ
1752 460 1787 488 δι’

997 502 1030 537 ἢν
1048 503 1148 530 αἰτίαν·
1167 504 1205 540 μὴ
1221 505 1406 541 ἐγκαταλίπῃς
1419 506 1504 541 ἡμᾶς.

1031 548 1081 580 λζ’.
1095 549 1132 575 Οὐ
1148 549 1260 577 δύναται
1281 550 1367 577 ταῦτα
1400 551 1523 586 ποιῆσαι,
1555 552 1569 577 ὁ
1600 552 1654 583 τοῖς
1673 551 1788 583 οἰκείοις

998 594 1147 626 πιστεύσας
1172 595 1326 630 λογισμοῖς,
1343 597 1392 623 καὶ
1413 596 1493 628 δόξας
1513 595 1563 631 ἠδη
1578 596 1788 632 κατειληφέναι,

996 639 1031 665 τὰ
1048 640 1096 666 καὶ
1117 640 1186 675 μετὰ
1202 641 1233 667 τὺ
1251 641 1433 676 κατειλῆφθαι
1453 641 1637 676 ἀκατάληπτα
1652 641 1724 668 κατὰ
1737 641 1789 677 φύς

998 693 1040 712 σιν
1055 686 1223 721 ὑπάρχοντα.

1031 731 1083 766 λη’.
1101 732 1181 768 [tum]
1202 733 1250 760 καὶ
1272 734 1359 768 μῖσος,
1374 732 1422 760 τοῦ
1436 732 1535 767 ἀλόγου
1554 732 1655 768 μέρους
1669 731 1720 766 τῆς
1735 731 1789 766 ψυ-

996 777 1048 812 χῆς
1065 777 1254 813 ἐλαττώματα,

1033 824 1083 852 λθ’.
1104 824 1191 852 Βλέπε
1214 825 1252 856 ὡς
1274 824 1456 860 ἀπατώμεθα,
1473 823 1604 851 τάναντία
1633 822 1787 855 ποιοῦντες,

998 870 1047 897 καὶ
1061 871 1218 906 νομίζοντες
1237 871 1309 898 κατὰ
1334 871 1452 906 Χριστὸν
1467 869 1665 897 πολιτεύεσθαι·
1686 869 1718 895 τὸ
1739 868 1789 903 βα-

1001 917 1125 953 ρύτερον,
1147 918 1195 945 καὶ
1217 917 1268 954 ἠδη
1291 917 1388 944 παθεῖν
1401 916 1451 952 τὴν
1474 915 1664 951 πνευματικὴν
1677 916 1789 949 ἀγάπην

1000 961 1248 996 ὑπολαμϐάνοντες.

1037 1011 1073 1043 μ’.
1092 1008 1169 1043 Ἔχει
1185 1017 1227 1039 τις
1240 1008 1325 1040 πάθος
1341 1007 1523 1040 πολεονεξίας·
1537 1006 1568 1033 οὺ
1580 1006 1664 1032 δεῖται
1673 1005 1702 1032 δὲ
1712 1004 1790 1031 πλεο-

999 1054 1120 1086 νεκτεῖν;
1135 1054 1159 1080 sl.
1173 1053 1250 1081 λάϐοι
1260 1052 1376 1089 δύναμιν
1390 1053 1571 1085 πλεονεκτεῖν,
1586 1051 1669 1084 εὐθὺς
1680 1049 1789 1085 ὲξελέγ-

999 1107 1086 1134 χεται·
1107 1099 1155 1126 καὶ
1173 1099 1254 1126 τοῦτο
1273 1098 1363 1134 δῆλον.

1036 1190 1090 1222 μα’,
1106 1186 1177 1222 Ὅρα
1203 1185 1254 1212 ποῦ
1268 1185 1306 1220 τῷ
1325 1185 1511 1221 μακροθυμεῖν
1535 1185 1581 1211 καὶ
1599 1181 1649 1210 ποῦ
1669 1183 1707 1218 τῷ
1724 1183 1790 1210 ὑπο-

1000 1232 1092 1266 μένειν
1105 1232 1251 1267 χρηστέον.
1270 1231 1331 1258 Κᾶν
1347 1231 1403 1266 γὰρ
1422 1231 1507 1266 ἄμφω
1524 1231 1571 1256 ἐπὶ
1585 1230 1639 1257 τῶν
1652 1229 1789 1256 ἀκουσίων

999 1277 1113 1312 λέγηται
1136 1276 1309 1312 πειρασμῶν
1336 1276 1393 1303 ἀλλ’
1423 1277 1448 1302 οἱ
1477 1275 1603 1302 ἀκούσιοι
1628 1275 1668 1306 είς
1693 1274 1790 1307 λόγους

998 1322 1183 1358 διαιρούμενοι
1205 1323 1252 1350 καὶ
1281 1323 1399 1359 πληγὰς,
1421 1322 1605 1357 συνδιαιροΰσι
1631 1321 1680 1348 καὶ
1704 1320 1790 1348 ταῦτα

999 1369 1056 1400 τοῖς
1076 1366 1218 1402 βλέπουσι.

1039 1455 1093 1492 μβκ
1112 1455 1173 1482 ’Ότι
1186 1455 1220 1482 δι’
1234 1453 1399 1490 ἐγκρατείας
1414 1454 1460 1482 καὶ
1473 1454 1594 1490 ἀγάπης,
1606 1453 1624 1489 ἡ
1636 1452 1696 1480 κατ’
1712 1451 1788 1487 ἐνέρ-

965 1513 987 1542 c
1003 1510 1080 1536 γειαν
1094 1501 1184 1537 ἀγαθὴ
1196 1501 1296 1536 γνῶσις
1312 1501 1458 1534 ἐγγίνεται.

1040 1546 1094 1582 μγ’.
1109 1547 1164 1574 Καὶ
1176 1547 1202 1573 τί
1218 1546 1348 1582 ληροῦσιν
1363 1545 1495 1581 ἐμπαθεῖς
1508 1554 1578 1577 τινες
1594 1544 1733 1579 ἄνθρωποι
1746 1542 1794 1570 καὶ

1004 1593 1155 1628 ὑψαύχενες
1170 1593 1270 1627 γνῶσιν
1288 1592 1359 1627 ἔχειν
1386 1592 1611 1627 ἀλαζονευόμενοι
1625 1590 1701 1617 θείαν
1716 1599 1723 1623 ;
1747 1588 1794 1622 Ἐξ

1004 1639 1155 1675 ὲμπαθείας
1167 1638 1222 1675 γὰρ
1234 1638 1282 1665 καὶ
1297 1638 1449 1673 ὲπὰρσεως.

1042 1731 1094 1766 μδ¹.
1120 1731 1149 1757 ὐ
1173 1730 1202 1757 δὲ
1227 1729 1315 1757 δοκῶν
1344 1721 1394 1765 ἤδη
1422 1728 1617 1763 κατειληφέναι
1643 1728 1691 1755 καὶ
1711 1727 1795 1762 μηδὲν

1005 1779 1125 1812 ἀγνοεῖν,
1151 1777 1229 1810 δῆλον
1244 1777 1282 1808 ὡς
1296 1776 1407 1811 ἀγάπην
1426 1775 1476 1802 οὐχ
1504 1775 1570 1811 ἔχει.
1596 1774 1643 1811 Μὴ
1661 1773 1732 1809 ἔχων
1754 1772 1795 1806 δὲ,

1007 1824 1066 1855 πῶς
1081 1823 1214 1860 «metu
1229 1823 1269 1854 είς
1282 1822 1383 1857 γνῶσιν
1399 1831 1407 1855 ;

1044 1913 1095 1945 με’.
1116 1908 1250 1941 Ἀκάνθας
1274 1908 1382 1943 ἔχοντες
1401 1908 1448 1936 καὶ
1470 1907 1612 1943 τριϐόλους
1634 1906 1733 1937 κακίας
1749 1905 1798 1933 καὶ

1007 1957 1155 1991 ἀγνωσίας·
1169 1955 1272 1991 ἀρετὴν
1288 1955 1435 1991 ἐλπίζομεν
1449 1954 1521 1990 ἔχειν
1534 1954 1581 1980 καὶ
1595 1952 1697 1988 γνῶσιν
1714 1960 1798 1979 πνευ-

1008 2001 1137 2036 ματικὴν.

1042 2045 1100 2081 μς’.
1119 2045 1300 2080 Τελειώτερον
1315 2042 1366 2072 ὧδε
1389 2044 1439 2080 τὴν
1465 2043 1578 2078 ἀγάπην
1595 2042 1797 2077 ὑπεζωγράφηο

1008 2101 1048 2118 σε*
1067 2091 1115 2118 καὶ
1133 2091 1168 2118 τὰ
1195 2090 1242 2117 δύο
1266 2090 1391 2126 δηνάρια,
1407 2090 1457 2125 τὴν
1473 2090 1513 2122 είς
1535 2088 1581 2116 τὸν
1593 2088 1663 2115 Θεὸν
1679 2088 1727 2114 καὶ
1750 2088 1799 2114 τὸν

1008 2136 1121 2172 πλησίον
1142 2136 1253 2171 ἀγάπην
1270 2135 1402 2170 ὑπέφηνε.

197 2183 242 2210 47.
257 2183 287 2210 ln
301 2183 498 2211 emundatione
511 2183 600 2211 tribus
613 2184 738 2219 partibus
749 2185 843 2212 divisae
858 2185 949 2213 anima

1048 2181 1101 2215 μζ.
1120 2181 1181 2207 ’Ότι
1200 2181 1229 2207 tv
1247 2182 1279 2216 τῇ
1297 2180 1429 2216 καθάρσει
1443 2180 1493 2215 τῆς
1511 2178 1660 2215 τριμεροῦς
1677 2177 1726 2212 τῆς
1743 2178 1796 2212 ttu-

165 2228 315 2260 facultatis,
330 2228 433 2256 Christi
447 2229 589 2256 scientiam
599 2231 733 2264 praestari.

199 2274 245 2301 48.
259 2273 420 2301 Necessario
428 2274 475 2309 qui
489 2275 584 2302 numdi
597 2283 641 2303 res
653 2275 747 2302 colunt
756 2275 851 2310 eisque
864 2276 957 2304 animo

166 2318 269 2350 addicti
290 2323 365 2351 sunt,
384 2324 506 2347 sanctam
536 2320 699 2348 charitatem
731 2321 878 2355 amittunt;
904 2322 956 2349 im—

165 2365 353 2402 placabilcque
368 2366 462 2393 odium
477 2374 541 2402 erga
556 2366 736 2400 contribules,
754 2375 849 2394 earum
861 2375 954 2402 causa,

166 2411 278 2441 habent.

199 2457 243 2485 49.
256 2458 285 2485 In
303 2458 426 2493 utrisque
446 2462 558 2485 sanctus
582 2460 734 2488 monachus
755 2460 893 2488 Cedonius
911 2469 956 2489 ca-

166 2502 298 2530 lumniam
310 2510 407 2537 passus
421 2506 480 2530 est:
496 2503 543 2537 qui
560 2507 652 2530 tamen
663 2503 696 2530 ad
718 2504 802 2531 Deum
823 2504 956 2532 Susannze

167 2547 306 2583 respiciat,
323 2547 416 2575 divina
431 2549 629 2577 corroboratur
642 2557 701 2585 spe.

203 2592 248 2620 50.
261 2592 313 2625 Qui
323 2592 409 2620 servit
426 2593 537 2621 ail‘eetui
564 2602 596 2622 ac
617 2594 736 2627 libidini,
757 2603 846 2623 camus
865 2595 957 2623 animo

168 2641 227 2666 est:
247 2637 407 2674 habensque
429 2639 598 2666 obcaecatum
616 2640 760 2675 judicium,
788 2641 919 2670 virtutem
942 2649 956 2668 a

169 2683 240 2713 vitio
250 2683 408 2714 discernere
420 2692 475 2713 non
486 2690 585 2721 potest.

1008 2227 1057 2262 χῆς
1073 2226 1225 2262 δυνάμεως.
1244 2227 1261 2261 ὴ
1277 2225 1377 2260 γνῶσις
1391 2225 1437 2252 τοῦ
1460 2224 1579 2260 Χριστοῦ
1595 2224 1759 2258 ἐπιγίνεται.

1044 2276 1098 2310 μη’.
1116 2273 1177 2299 Ὀτι
1192 2273 1222 2305 ἐξ
1240 2273 1363 2308 ἀνάγκης
1378 2272 1404 2299 οἱ
1418 2271 1451 2299 τὰ
1462 2271 1509 2298 τοῦ
1526 2271 1629 2306 κόσμου
1647 2269 1796 2305 περιέ-παν-

1007 2329 1051 2351 τες
1069 2319 1229 2354 πράγματα,
1259 2319 1308 2354 τῆς
1332 2318 1412 2353 ἁγίας
1431 2316 1542 2352 ἀγάπης
1563 2315 1735 2345 ἐκπίπτουσι·
1750 2315 1799 2342 καὶ

1009 2366 1088 2400 μῖσος
1103 2364 1137 2391 δι’
1162 2363 1232 2391 σι’·τὰ
1250 2363 1318 2400 πρὸς
1339 2363 1404 2395 τοὺς
1424 2362 1578 2398 ὁμοφύλους
1591 2361 1800 2389 ἁχατάλλακτον

1008 2412 1110 2447 ἔχουσι.

1048 2457 1101 2492 μθ’.
1124 2457 1167 2482 Ἑν
1194 2456 1361 2492 ἀμφοτέροις
1384 2456 1398 2482 ὁ
1419 2454 1496 2489 ἄγιος
1523 2454 1639 2490 μοναχδς
1667 2452 1799 2488 Κηδόνιος

1011 2503 1220 2538 σεσυκόφανται·
1245 2504 1284 2535 εἰς
1301 2503 1347 2529 τὸν
1373 2503 1422 2537 τῆς
1446 2502 1589 2536 Σωσάννης
1602 2501 1668 2528 Θεὸν
1681 2499 1800 2527 ἀποϐλέ-

1011 2558 1079 2581 πων,
1097 2550 1156 2580 ταῖς
1180 2549 1266 2580 θείαις
1281 2548 1371 2574 ὲλπίσι
1387 2547 1547 2582 ρωννύεται.

1043 2598 1075 2621 ν’.
1089 2594 1149 2621 Ὅτι
1165 2595 1180 2620 ὁ
1189 2594 1269 2620 πάθει
1281 2592 1593 2628 δουλεύωνβεπήρωται
1605 2590 1655 2626 τὴν
1665 2590 1796 2621 διάνοιαν,

1011 2641 1057 2666 καὶ
1071 2640 1171 2674 τυφλὸν
1187 2641 1345 2676 περιφέρων
1360 2639 1507 2674 διάκρισιν,
1525 2637 1557 2665 οὗ
1569 2637 1680 2665 δύναται
1690 2634 1796 2671 διαδορῖ-

1010 2695 1054 2713 ναι
1070 2686 1101 2713 τὸ
1116 2687 1239 2723 κρεῖττον
1264 2686 1318 2713 ἀπὸ
1333 2684 1379 2712 τοῦ
1402 2685 1532 2721 χείρονος.
