1948 3077
112 181 182 214 1085

534 179 702 210 CAPITUM
720 178 854 210 THEOL.
881 179 927 209 ET
947 178 1065 209 CECON.
1086 180 1281 211 CENTURIA
1296 182 1322 212 Ι.

1678 179 1747 212 1686

111 237 224 265 habitus
246 235 365 270 denique
394 235 484 263 omnis
510 236 678 270 operationis
717 244 765 263 seu
799 235 916 263 actionis
953 235 1048 263 eilicax
1073 244 1104 263 ac
1131 237 1305 265 immortalis.
1330 237 1431 272 Atque,
1456 241 1487 264 ut
1509 243 1615 263 summa
1645 236 1746 268 dicam,

110 285 204 312 omnis
218 283 378 312 substantia:
393 290 440 310 seu
452 283 586 316 esscntize,
600 288 628 310 ct
651 283 780 318 potentiae
795 287 823 310 et
838 281 1018 317 operationis,
1045 282 1232 317 principiique
1253 288 1282 310 et
1312 283 1397 311 medii
1425 287 1454 310 ct
1484 282 1546 310 ﬁnis
1561 291 1609 310 seu
1637 283 1746 310 termini

111 339 195 358 causa
217 330 351 358 eﬂectrix.

148 381 179 403 ε’.
199 376 231 402 ῚΙ
249 377 322 411 ἀρχὴ
335 377 381 403 καὶ
395 377 411 412 ἡ
428 377 544 411 μεσότης
558 377 604 402 καὶ
621 376 651 402 τὸ
663 375 750 407 τέλος,
766 374 819 401 τῶν
839 374 899 409 χρό-

986 373 1012 400 5.
1030 373 1210 408 Principium,
1223 373 1344 401 medium
1355 378 1383 401 et
1394 374 1466 406 ﬁnis,
1480 378 1552 400 notae.
1563 377 1627 400 sunt
1636 380 1746 400 eorumv

110 431 150 456 νῳ
162 422 305 457 διαιρετῶν
320 423 373 449 εἰσι
393 422 581 457 γνωρίσματω
597 422 668 448 εἴποι
683 422 706 448 δ’
731 422 764 448 ἄν
779 429 821 452 τις
836 420 902 456 ἀλη-

110 464 209 496 οεύων,
230 464 346 490 καὶτῶν
360 466 388 490 ἐν
407 465 484 491 αίῶνι
500 464 708 499 συνορωμένων.
734 465 763 490 ’0
782 463 830 499 μὲν
847 464 902 499 γὰρ

109 510 218 544 χρόνος,
239 511 426 546 μετρουμένην
443 510 513 545 ἔχων
524 510 573 546 τὴν
589 510 707 544 κίνησιν,
727 509 837 545 ἀριθμῷ
852 518 901 536 πε-

111 555 289 590 ριγράφεται·
309 555 324 581 ὁ
346 555 415 581 αἰὼν
440 555 469 582 δὲ
499 555 745 591 συνεπινοουμένην
772 555 842 590 ἔχων
866 556 898 590 τῇ

110 600 228 635 ὑπάρξει
250 600 298 635 τὴν
314 600 377 627 πότε
392 600 571 636 κατηγορίαν,
585 601 683 635 πάσχει
697 600 847 634 διάστασιν,
861 600 900 633 ὡς

109 645 199 680 ἀρχὴν
221 645 270 671 τοῦ
286 643 356 672 εἶναι
379 645 478 672 λαεών.
499 646 530 672 Εἰ
543 646 570 672 δὲ
591 646 686 680 χρόνος
700 647 748 673 καὶ
765 647 833 674 αἰὼν
849 648 898 674 οὐκ

108 692 228 726 ἄναρχα,
249 691 339 726 πολλῷ
356 692 456 726 μᾶλλον
475 692 510 719 τὰ
531 693 560 718 ἐν
579 692 685 724 τούτοις
700 693 896 728 περιεχόμενα.

955 425 1016 453 qua:
1032 424 1155 454 tempore
1170 419 1283 447 dividua
1295 424 1378 452 sunt;
1394 427 1446 447 nec
1468 427 1483 446 a
1500 427 1566 446 vero
1576 418 1746 446 aberraverit

955 464 1002 498 qui
1015 464 1099 496 dicat,
1112 465 1196 492 etiam
1208 472 1304 492 eorum
1327 473 1389 500 qua:
1408 465 1435 492 in
1449 473 1507 492 :evo
1523 472 1555 492 ac
1571 464 1670 492 sacculo
1685 470 1746 491 esse

954 510 1158 546 intelliguntur.
1189 511 1256 538 Nam
1278 515 1386 546 tempus
1407 511 1529 546 quidem,
1552 512 1632 546 cujus
1656 513 1746 537 motus

953 562 1069 581 numero
1097 559 1285 587 mensuretur,
1311 555 1370 582 suis
1398 555 1525 582 terminis
1538 553 1744 582 circumscribi-

953 607 1009 630 tur.
1038 601 1137 629 !Evum
1159 606 1251 628 autem
1274 609 1322 628 seu
1335 602 1474 633 saeculum,
1491 602 1569 636 cujus
1579 600 1744 629 cxsistcntite

952 649 1198 685 prtedicamentum
1216 648 1327 682 quando
1339 655 1430 676 comes
1449 648 1628 683 intelligatur,
1641 647 1744 674 distan-

951 695 1018 722 tiam
1045 694 1175 727 admittit,
1193 702 1242 722 seu
1262 702 1307 721 res
1326 694 1473 729 ejusmodi,
1491 702 1553 729 qua:
1575 701 1636 721 esse
1654 693 1742 720 inem—

108 739 194 774 pcrit.
211 738 259 766 Sin
273 742 366 766 autem
381 747 416 766 ne
429 744 536 775 tempus
551 740 664 775 quidem
675 747 707 767 ac
725 748 813 768 aevum
828 741 965 777 principio
985 746 1094 775 vacant,
1122 742 1223 777 potiori
1255 743 1336 778 longe
1371 742 1476 769 ratione
1495 749 1547 768 nec
1559 749 1591 768 ea
1617 747 1678 775 qua
1690 740 1744 767 illis

109 783 396 817 comprehenduntur.

145 832 185 866 ς’.
204 827 252 861 Εἷς
274 830 321 856 καὶ
342 830 423 866 μόνος
437 831 509 858 κατὰ
523 831 604 865 φύσιν
619 832 662 858 ἀεὶ
677 832 780 868 κυρίως
798 833 871 860 ἐστὶν
884 833 898 859 ό

109 875 187 907 Θεὸς.
202 875 263 902 δλον
275 875 307 902 τὸ
320 876 423 910 κυρίως
438 874 507 903 εἶναι
520 877 592 904 κατὰ
609 878 696 904 πάντα
717 878 817 913 τρόπον
832 879 898 905 ἑαυ-

108 921 149 956 τῷ
167 921 340 956 περικλείων,
353 921 391 952 ὠς
407 922 454 949 καὶ
467 923 549 949 αὑτοῦ
558 923 603 949 τοῦ
618 921 686 950 εἶναι
698 924 800 958 κυρίως
814 924 898 959 ὑπέρ-

109 975 201 1001 τερος.
227 967 258 992 Ei
273 966 301 993 δὲ
318 967 405 998 τοῦτο,
422 967 549 1002 οὐδαμῶς
562 968 637 994 οὐδὲν
654 969 772 1004 οὐδαμοῦ
790 969 826 1004 (a)
845 970 899 996 τῶν

110 1010 183 1038 εἶναι
197 1012 352 1046 λεγομένων
373 1012 404 1039 τὸ
431 1012 540 1039 σύνολον
557 1014 614 1048 ἔχει
639 1013 680 1046 τὸ,
698 1015 802 1050 κυρίως
820 1012 900 1042 εἶναι.

110 1057 220 1083 Οὐκοῦν
232 1057 309 1083 οὐδὲν
321 1057 395 1092 αὑτῷ
405 1057 436 1083 τὸ
452 1058 583 1092 παράπαν
595 1057 626 1090 ἐξ
641 1058 726 1084 ἁῖδίου
740 1059 901 1094 συνθεωρεί-

110 1111 157 1128 ται
174 1103 236 1129 κατ’
251 1103 345 1129 οὐσίαν
359 1103 498 1138 διάφορον·
516 1103 566 1130 οὐκ
581 1103 658 1135 αἰὼν,
676 1104 706 1130 οὐ
722 1104 828 1140 χρόνος,
842 1093 902 1131 aiat

112 1157 138 1174 τι
157 1148 213 1174 τῶν
232 1148 339 1180 τούτοις
359 1149 586 1184 ὲνδιαιτωμένων.
603 1150 641 1176 Οὐ
666 1149 722 1185 γὰρ
739 1150 903 1185 συμϐαίνου-

113 1204 157 1221 σιν
183 1195 311 1230 ἀλλήλοις
335 1195 455 1228 πώποτε,
473 1195 504 1222 τὸ
529 1195 631 1231 κυρίως
655 1193 726 1222 εἶναι
748 1196 795 1223 καὶ
807 1196 837 1222 οὐ
853 1204 904 1222 κυ-

114 1241 192 1277 ρίως.

149 1374 184 1406 ζ’.
209 1373 295 1409 Ἀρχὴ
309 1374 384 1400 πᾶσα
404 1373 451 1399 καὶ
471 1372 588 1408 μεσότης
603 1372 650 1399 καὶ
673 1372 759 1404 τέλος,
776 1373 816 1403 εἰς
831 1372 904 1398 ἅπαν

114 1421 165 1456 τὴν
181 1420 309 1455 σχετικὴν
320 1419 353 1446 δι’
371 1419 431 1446 ὅλου
448 1419 618 1454 κατηγορίαν
631 1419 681 1444 οὐκ
692 1419 820 1453 ἧρνηταιθ
838 1417 904 1448 Θεὸς

114 1468 142 1494 δὲ
158 1467 275 1494 καθόλου
290 1466 381 1500 πάσης
394 1465 512 1500 σχέσεως
526 1465 658 1500 ὑπάρχων
673 1464 818 1499 ἀπειράκις
828 1463 905 1490 ἀπεί-

116 1521 171 1548 ρως
185 1511 332 1546 ἁνώτερος,
351 1510 413 1537 οὔτε
438 1511 509 1546 ἀρχὴ
531 1509 591 1536 οὔτε
614 1510 729 1544 μεσότης
751 1509 811 1535 οὔτε
828 1509 904 1540 τέλος

113 1557 228 1587 εἰκότως
245 1556 336 1582 ἐστίν·
351 1555 411 1581 οὐδὲ
429 1563 456 1581 τι
482 1554 512 1580 τὸ
531 1554 641 1580 σύνολον
659 1554 762 1589 ἕτερον,
777 1554 841 1586 τῶν,
864 1551 905 1585 οἷς

115 1600 310 1635 ἐνθεωρείσθαι
327 1599 398 1626 κατὰ
419 1599 469 1634 τὴν
488 1599 580 1634 σχέσιν
596 1600 612 1634 ὴ
626 1598 673 1624 τοῦ
690 1599 764 1632 πρός
782 1606 810 1625 τι
823 1597 903 1624 δύνα-

114 1655 159 1674 ται
174 1646 338 1682 κατηγορία.

152 1798 187 1829 η’.
207 1794 301 1821 Πάντα
325 1793 358 1819 τὰ
376 1793 451 1825 Evn,
469 1792 604 1827 νοούμενα
629 1790 759 1824 λέγεται·
785 1788 840 1816 τῶν
860 1787 904 1814 ἐπ’

116 1840 190 1867 αὐτὰ
207 1839 334 1874 γνώσεων
349 1837 556 1868 ὲναποδείκτους
580 1836 677 1871 ἔχοντα
703 1835 754 1867 τὰς
775 1833 872 1870 ἀρχάς·
891 1833 905 1859 ό

118 1886 146 1912 δὲ
157 1885 235 1916 Θεὸς,
250 1884 280 1910 οὐ
296 1883 441 1918 νοούμενος
456 1882 630 1916 ὀνομάζεται·
649 1880 706 1907 ἀλλ’
718 1880 751 1906 ὲκ
764 1879 819 1905 τῶν
829 1886 905 1906 νοου-

120 1931 211 1965 μένων
241 1919 322 1964 μόνον
343 1927 413 1955 εἶναι
441 1927 614 1954 πιστεύεται·
639 1927 734 1961 διόπερ
755 1924 831 1951 οὐδὲν
851 1923 906 1951 τῶν

118 1976 274 2011 νοουμένων
292 1974 369 2010 αὑτῷ
383 1974 444 2016 καθ’
461 1974 550 2001 ότιοῦν
568 1972 784 2009 παραϐάλλεται.

155 2098 190 2124 0'.
199 2097 232 2124 Al
249 2096 304 2124 τῶν
317 2096 402 2123 ὄντων
415 2095 539 2130 γνώσεις,
554 2093 773 2130 συνηρτημένους
784 2091 906 2127 φυσικῶς

119 2144 213 2179 ἔχουσι
229 2142 299 2178 πρὸς
315 2141 455 2174 ἀπόδειξιν
467 2142 530 2172 τοὺς
544 2140 660 2171 οἰκείους
681 2139 786 2172 λόγους,
802 2135 843 2169 οἷς
857 2145 906 2163 πει

120 2190 263 2226 ριγραφὴν
281 2187 404 2223 φυσικῶς
420 2187 610 2222 ὑπομένουσιν·
625 2187 639 2212 ὸ
653 2186 681 2212 δὲ
695 2185 772 2217 Θεὸς,
789 2184 833 2210 διὰ
852 2183 907 2209 τῶν

119 2238 220 2268 ἐντοῖς
242 2234 303 2263 οὖσι
319 2236 405 2270 λόγων
430 2233 500 2262 εἶναι
524 2234 604 2270 μόνον
625 2232 791 2260 πιστεύεται·
816 2230 908 2265 πάσης

121 2282 289 2314 ἀποδείξεως
312 2281 510 2317 βασιμώτερον,
529 2281 584 2311 τοῖς
603 2279 728 2305 εὐσεϐέσι
743 2278 791 2313 τὴν
804 2278 846 2303 ὅτι
858 2285 907 2303 κυ-

986 833 1012 860 6.
1048 832 1124 861 Unus
1143 833 1274 868 solusque
1298 841 1348 868 per
1364 836 1490 860 naturam
1509 839 1617 866 semper
1631 839 1696 859 vere
1711 839 1742 859 ac

950 878 1062 913 proprie
1087 882 1130 905 est
1147 878 1230 911 Deus,
1253 879 1314 913 ejus
1340 878 1413 913 quod
1427 882 1469 905 est
1485 885 1545 904 esse
1559 876 1614 903 vim
1632 875 1741 904 omnem

951 924 1027 951 omni
1049 924 1132 951 modo
1153 924 1181 951 in
1199 932 1229 951 se
1252 924 1422 952 concludens
1443 930 1474 951 ac
1494 922 1741 957 comprehenderis,

952 974 982 997 ut
1002 970 1048 1005 qui
1073 970 1133 1004 ipso
1157 978 1218 998 esse
1244 978 1309 998 vere
1331 969 1498 1004 proprieque
1521 969 1650 996 emineat.
1664 969 1741 1001 Quod

953 1016 976 1044 si
1001 1016 1038 1043 ita
1064 1020 1116 1049 est,
1143 1015 1213 1043 nihil
1242 1024 1358 1050 prorsus
1373 1020 1415 1043 est
1429 1022 1534 1047 eorum,
1554 1023 1614 1049 qua:
1629 1014 1742 1041 omnino

951 1069 1012 1089 esse
1036 1061 1175 1094 dicuntur,
1201 1061 1275 1096 quod
1289 1069 1354 1089 vere
1379 1068 1411 1088 ac
1431 1061 1542 1095 proprie
1556 1067 1616 1087 esse
1631 1060 1740 1087 habeat.

952 1105 1024 1132 Nihil
1045 1106 1137 1141 itaque
1161 1106 1271 1141 penitus
1292 1106 1327 1133 ab
1348 1111 1463 1138 :etemo,
1487 1105 1614 1132 essentia:
1636 1105 1742 1132 ratione

953 1151 1125 1183 distinctum,
1151 1159 1206 1178 una
1230 1159 1291 1178 cum
1314 1151 1361 1178 illo
1375 1158 1407 1178 ac
1427 1151 1503 1178 velut
1524 1151 1548 1178 ei
1572 1150 1681 1178 essendi
1696 1157 1742 1177 co-

953 1204 1021 1229 mes,
1045 1196 1206 1232 intelligitur
1233 1205 1241 1224 :
1261 1204 1316 1224 non
1334 1205 1423 1224 atvum
1449 1204 1497 1224 scu
1521 1196 1662 1227 smculum,
1687 1203 1742 1222 non

953 1249 1048 1268 eorum
1061 1242 1162 1276 aliquid
1174 1249 1236 1276 qua:
1244 1242 1271 1268 in
1283 1241 1337 1269 illis
1347 1246 1503 1269 versantur.
1513 1241 1658 1275 Nunquam
1669 1239 1742 1267 enim

954 1285 1011 1318 ﬁat,
1030 1290 1059 1313 ut
1076 1294 1136 1313 esse
1152 1294 1217 1313 vere
1237 1290 1265 1313 et
1290 1285 1412 1321 proprie,
1435 1289 1463 1312 et
1478 1293 1533 1312 non
1554 1292 1619 1311 vere
1633 1291 1665 1311 ac
1679 1291 1743 1319 pro-

954 1331 1012 1366 prie
1037 1338 1109 1361 esse.
1133 1331 1300 1358 conveniant
1327 1339 1359 1358 ac
1381 1335 1556 1358 concurrant.

988 1375 1068 1411 5,63
1087 1377 1112 1402 'I.
1125 1375 1237 1402 Nullum
1253 1368 1431 1411 principium,
1446 1375 1608 1408 nullumque
1622 1373 1743 1401 medium

954 1426 1002 1448 aut
1017 1422 1089 1454 ﬁnis,
1111 1429 1221 1448 omnem
1245 1421 1356 1455 penitus
1386 1420 1590 1450 habitudinem,
1607 1427 1656 1446 seu
1675 1418 1746 1445 rela-

955 1466 1067 1496 tionem.
1085 1465 1150 1500 quia
1165 1465 1217 1492 alia
1229 1464 1291 1491 aliis
1299 1467 1506 1498 comparentur,
1524 1463 1656 1490 excludit.
1672 1463 1745 1489 Deus

954 1518 1022 1537 vero
1040 1511 1087 1544 qui
1113 1510 1244 1538 inﬁnities
1267 1509 1373 1536 inﬁnite
1396 1509 1472 1537 omni
1497 1509 1609 1544 penitus
1632 1507 1745 1535 habitu-

954 1555 1012 1582 dini
1036 1563 1068 1583 ac
1085 1555 1212 1583 relationi
1237 1555 1368 1586 emineat,
1392 1555 1491 1582 merito
1507 1561 1558 1581 nec
1578 1553 1743 1589 principium

955 1609 1045 1636 neque
1070 1602 1190 1628 medium
1218 1609 1307 1636 neque
1324 1601 1387 1628 ﬁnis
1412 1601 1517 1628 exsistit
1540 1607 1618 1627 :nee
1633 1605 1745 1634 prorsus

917 1653 938 1681 c
955 1647 1029 1675 aliud
1056 1647 1196 1682 quidpiam
1225 1655 1332 1679 eorum,
1356 1647 1383 1673 in
1413 1646 1514 1681 quibus
1536 1646 1643 1680 parium
1668 1651 1744 1670 com-

956 1693 1110 1728 paratione.
1134 1700 1217 1727 quam
1241 1696 1341 1720 vocant
1361 1692 1396 1718 ad
1414 1691 1526 1728 aliquid,
1553 1690 1689 1727 categoria
1705 1689 1746 1717 in.

959 1738 1044 1773 telligi
1073 1738 1170 1772 possit.

993 1783 1021 1810 8.
1042 1782 1095 1810 Res
1117 1789 1212 1810 omnes
1225 1787 1308 1816 atque
1324 1782 1409 1813 entia,
1425 1789 1457 1808 ea
1472 1780 1612 1811 dicuntur,
1628 1787 1688 1814 qua;
1703 1779 1744 1807 inl-

958 1829 1136 1864 telliguntur;
1152 1836 1213 1862 qum
1228 1827 1333 1855 scilicet
1347 1835 1453 1860 eorum,
1471 1834 1533 1861 quae
1552 1825 1586 1852 de
1601 1825 1655 1852 illis
1669 1830 1743 1858 sunt,

958 1875 1101 1901 notionum
1127 1873 1353 1901 demonstrabilia
1376 1872 1511 1906 principia
1526 1871 1655 1898 habeant.
1673 1871 1745 1898 Deus

957 1925 1049 1947 autem
1071 1922 1094 1947 is
1115 1919 1228 1952 dicitur,
1253 1919 1300 1954 qui
1314 1927 1369 1946 non
1387 1918 1566 1952 intelligatur,
1593 1917 1641 1944 sed
1655 1924 1688 1944 ex
1702 1923 1745 1944 re-

959 1965 1010 1992 bus
1031 1973 1092 2000 quze
1109 1964 1311 1999 intelliguntur,
1332 1963 1505 1991 solummodo
1517 1970 1578 1989 esse
1598 1961 1743 1989 credatur:

958 2010 1032 2045 quod
1060 2010 1193 2037 nimirum
1224 2018 1318 2037 earum
1342 2017 1435 2037 rerum
1455 2016 1516 2043 quas
1543 2008 1744 2042 intelliguntur,

959 2056 1033 2083 nulla
1053 2056 1109 2083 ullo
1134 2055 1217 2083 modo
1236 2063 1298 2082 cum
1318 2062 1352 2082 eo
1368 2057 1555 2088 comparetur.

993 2100 1020 2127 9.
1041 2101 1143 2127 Rerum
1162 2099 1284 2127 scientia:
1299 2107 1332 2126 ac
1349 2099 1484 2131 notiones,
1501 2105 1638 2125 connexas
1650 2101 1746 2124 natura

959 2147 1062 2182 quibus
1077 2147 1274 2174 demonstratio
1299 2146 1469 2177 instituatur,
1486 2152 1550 2172 suas
1563 2144 1684 2171 rationes
1698 2142 1748 2170 ha-

960 2194 1041 2226 bent,
1067 2194 1168 2228 quibus
1201 2193 1309 2220 eeilicet
1340 2195 1441 2218 natura
1471 2189 1746 2217 eireumcribuntur:

960 2239 1033 2266 Deus
1057 2243 1149 2266 autem
1176 2246 1226 2273 per
1240 2238 1361 2265 rationes
1380 2245 1441 2272 qua:
1457 2240 1522 2264 sunt
1540 2236 1567 2263 in
1592 2235 1686 2266 rebus,
1702 2241 1748 2261 so-

960 2285 1101 2312 lummodo
1123 2292 1185 2312 esse
1204 2284 1328 2311 creditur
1346 2282 1408 2309 :sic
1432 2287 1534 2313 tamen.
1559 2285 1591 2308 ut
1609 2279 1683 2307 omni
1701 2278 1749 2305 ﬁr-

124 2327 189 2362 ρίως
205 2327 284 2358 ,ἐστὶν
297 2326 441 2360 ὁμολογίαν
461 2325 506 2352 καὶ
528 2325 618 2351 πίστιν
631 2323 729 2354 διδούς.
746 2323 840 2352 Πίστις
854 2321 908 2356 γάρ

961 2331 1076 2358 miorem
1092 2329 1337 2360 demonstratione,
1350 2335 1411 2355 eam
1424 2331 1543 2354 mentem
1561 2326 1615 2360 piis
1633 2326 1762 2359 ingeraty

123 2373 192 2402 ἐστι,
213 2370 314 2405 γνῶσις
333 2370 436 2405 ἀληθὴς
453 2369 663 2400 ἀναποδείκτους
679 2368 779 2403 ἔχουσα
797 2366 845 2398 τὰς
859 2367 908 2400 ἁρ-

123 2416 184 2451 χὰς,
201 2416 239 2446 ὡς
252 2415 308 2441 τῶν
322 2414 392 2450 ὑπὲρ
411 2414 473 2441 νοῦν
493 2415 540 2441 καὶ
558 2414 636 2447 λόγον
660 2412 821 2448 ὑπάρχουσα
837 2419 910 2446 πρα-

123 2461 240 2496 γμάτων
259 2461 420 2492 ὑπόστασις.

160 2597 188 2626 ι’.
211 2600 296 2636 Ἀρχὴ
310 2600 364 2627 τῶν
379 2600 464 2628 όντων
479 2601 526 2628 καὶ
544 2601 662 2636 μεσότης
686 2599 733 2627 καὶ
748 2599 824 2632 τέλος
838 2601 912 2627 ἐστὶν

161 2699 200 2739 (a)
215 2699 357 2733 οὐδαμῶς
373 2699 464 2726 οὐδὲν
479 2699 621 2734 οὐδαμοῦ.
644 2698 689 2726 Sic
711 2707 821 2760 quoque
845 2699 911 2726 locis

164 2743 187 2760 IS
211 2735 352 2760 Maximus.
368 2734 510 2760 fusiusuue
528 2735 554 2760 in
569 2734 670 2760 Quaest.
695 2742 709 2760 a
753 2734 911 2760 Gregorium

127 2734 193 2762 aliis
211 2735 352 2766 Maximus,
368 2734 510 2769 fusiusque
528 2735 554 2761 in
569 2734 670 2767 Quaest.
695 2734 729 2761 ad
753 2734 912 2768 Gregorium

127 2769 306 2803 Theologum.
322 2769 361 2796 Ac
381 2769 492 2809 quidem
513 2770 535 2797 si
559 2777 650 2809 sermo
669 2773 712 2796 est
729 2769 763 2809 de
777 2773 913 2809 cozeterno

128 2811 248 2844 proprie,
262 2808 294 2844 ιιι
311 2812 362 2844 nec
374 2804 517 2844 vi‘rtualem
533 2804 609 2838 quasi
634 2804 833 2844 successionem
854 2804 914 2844 ejus

128 2838 287 2866 exsistentia
309 2838 450 2872 admittat;
468 2839 508 2867 sic
523 2843 628 2866 certum
644 2842 686 2866 est
706 2838 773 2865 nihil
792 2839 913 2872 potuisse

128 2880 188 2901 esse
204 2878 370 2902 coaeternum
384 2874 449 2902 Deo.
470 2874 517 2902 Sin
534 2878 624 2902 autem
640 2874 674 2901 de
689 2877 826 2901 coasterno
840 2873 913 2908 quod

962 2380 993 2403 ut
1007 2383 1068 2402 esse
1086 2383 1148 2402 eum
1163 2382 1227 2401 vere
1239 2381 1271 2400 ac
1290 2373 1400 2407 proprie
1412 2372 1527 2399 credant
1545 2378 1577 2397 ac
1597 2370 1748 2398 conﬁtean-

963 2425 1017 2448 tur.
1031 2421 1111 2448 Fides
1123 2427 1241 2454 namque
1256 2426 1319 2445 vera
1338 2417 1460 2452 cognitio
1476 2421 1530 2449 est,
1545 2416 1749 2443 indemonstra-

961 2464 1025 2494 bilia
1049 2466 1155 2494 habens
1176 2464 1323 2500 principia,
1340 2468 1372 2491 ut
1386 2471 1447 2498 quae
1464 2469 1560 2490 earum
1579 2469 1670 2488 rerum
1686 2461 1750 2488 sub-

960 2512 1059 2540 stantia
1074 2511 1196 2542 exsistat,
1209 2518 1268 2545 qme
1281 2510 1336 2537 vim
1352 2516 1462 2536 omnem
1476 2507 1576 2535 mentis
1592 2514 1624 2534 ac
1635 2506 1750 2534 rationis

961 2556 1109 2584 excedunt.

997 2601 1040 2628 l0.
1061 2600 1144 2633 Deus,
1165 2606 1257 2626 rerum
1278 2603 1306 2626 et
1332 2597 1499 2633 principium
1513 2600 1606 2625 est-et
1628 2595 1749 2624 medium

962 2699 1115 2726 extrinseee
1131 2697 1276 2725 aeternitati
1293 2704 1355 2723 eum
1383 2695 1493 2723 virtuali
1511 2694 1684 2722 successione
1705 2700 1750 2720 re-

963 2734 1106 2766 spondeat,
1117 2741 1170 2760 non
1186 2732 1264 2759 facile
1279 2732 1367 2759 evinci
1383 2734 1474 2766 potest
1491 2737 1545 2766 non
1559 2728 1680 2763 potuisse
1692 2735 1749 2766 [em

963 2762 1081 2802 aliquam
1099 2762 1140 2795 vel
1159 2767 1290 2794 mundum
1311 2762 1399 2801 ipsum
1413 2766 1463 2802 _sic
1484 2765 1518 2791 ab
1538 2762 1642 2802 interno
1658 2769 1673 2790 a
1693 2762 1750 2802 Deo

964 2798 1061 2834 creari,
1076 2802 1111 2829 ita
1126 2807 1156 2829 ut
1170 2810 1277 2836 semper
1289 2798 1515 2836 ei'coexsisteret,
1532 2799 1571 2836 u_ti
1585 2802 1611 2824 et
1627 2798 1655 2824 in
1667 2801 1748 2824 teter-

963 2846 1029 2864 num
1045 2837 1092 2864 Dei
1107 2844 1220 2863 munere
1229 2833 1273 2863 illi
1290 2836 1451 2867 coexsistet,
1469 2834 1527 2868 ipso
1542 2833 1570 2860 in
1585 2837 1748 2867 perpetuum

964 2877 1153 2904 conservante,
1165 2871 1216 2898 etsi
1233 2872 1320 2899 libero
1336 2871 1446 2899 decreto
1463 2877 1495 2897 ac
1508 2868 1657 2897 voluntate.
