1948 3077
232 139 296 174 1091

263 200 309 227 ‘20.
329 198 382 233 Qui
412 196 605 226 ostentationis
629 203 712 223 causa
737 195 882 222 scientiam
910 195 1024 230 appetit,

228 253 279 273 nec
304 253 365 272 eam
389 243 558 278 assequitur,
582 242 616 275 is,
633 249 724 276 neque
750 241 876 276 proximo
890 241 1022 273 invideat,

227 298 316 324 neque
340 297 405 315 vero
427 288 519 315 animo
534 288 646 320 doleat;
667 286 726 316 sed.
739 287 767 314 in
787 287 888 314 vicinia
906 286 1023 321 quadam

227 343 259 361 ac
278 334 407 366 conﬁnio,
423 334 462 361 uti
482 338 647 368 praeceptum
667 337 719 365 est,
738 337 898 367 apparatum
924 333 1022 360 faciat:

227 381 264 408 ita
287 381 418 407 nimirum
448 385 478 406 ut
509 379 623 406 colenda
640 380 753 411 virtute,
768 379 795 405 in
817 387 932 414 corpore
947 379 1024 414 prius

226 426 349 453 studiose
375 426 516 458 laborans,
530 425 653 452 animum
670 424 704 452 ad
728 425 876 452 scientiam
889 429 1024 460 prteparct

226 479 259 500 ac
279 471 417 506 disponat.
810 505 835 518 λ

262 517 306 544 ‘21.
318 517 369 550 Qui
383 521 458 543 recte
476 524 510 543 ex
526 516 628 551 pietate
646 516 769 543 animum
784 515 867 542 rebus
878 515 1021 551 adjiciunt,

226 568 277 587 nec
300 560 494 587 ostentationis
513 560 611 587 modos
636 561 709 587 ullos
726 560 918 592 adiuveniunt,
946 560 963 587 ii
978 561 1022 587 lu-

227 607 383 634 cidissimas
413 615 506 634 rerum
532 607 780 641 contemplationes
806 608 879 634 ultro
914 608 1020 641 obvias,

226 652 325 686 suique
351 651 585 678 absolutissimam
602 651 879 685 comprehensionem
894 652 1022 686 ingeren-

227 699 278 724 tes.
297 695 379 730 466
397 694 583 727 olfenderint;
607 695 640 721 ad
661 702 731 729 quos
752 695 795 721 lex
812 695 907 722 dicat:
929 696 1023 730 Ingre-

225 741 324 767 diaulcs
339 741 468 774 possidete
485 742 560 767 urbes
572 749 685 776 magnas
697 745 720 767 et
737 740 871 776 pulchras,
882 742 1022 775 domosque

225 786 298 812 [:om's
315 784 435 813 munibus
453 786 575 820 refertas,
594 795 661 821 quas
672 794 724 812 non
740 786 911 820 (rdi/icaslis,‘
932 795 963 813 ac
979 787 1021 814 la-

225 841 269 859 rus
281 833 391 864 excisos,
405 841 468 868 quos
482 841 533 859 non
547 833 680 860 ext-idfatis
695 841 703 864 ;
715 834 858 868 vineasque
874 839 897 860 cl
914 833 1019 866 oliveta,

225 885 283 911 qua:
305 885 356 902 non
379 877 523 912 plmtmstis
536 878 556 903 ⁷.
577 877 626 910 Qui
645 878 719 904 enim
738 885 793 904 non
815 878 867 904 sibi
885 879 953 913 ipse,
975 879 1023 906 sed

227 922 281 948 Ι)ιύ
303 922 380 954 vivit,
410 922 443 954 is,
469 922 572 949 divinis
588 923 719 949 omnibus
741 923 822 949 donis
836 923 1020 958 adimpletur;

226 968 359 994 hactenus
379 968 494 995 minimc
522 968 690 1003 conspicuis,
719 968 754 995 ob
782 969 1021 1003 perturbationum

224 1013 429 1048 atl‘ectuumque
448 1014 620 1048 ingruentem
642 1014 798 1041 molestiam
813 1018 897 1049 atque
915 1016 1020 1042 tumul-

225 1065 281 1086 tum
288 1080 293 1085 .

259 1105 303 1131 2'2.
333 1104 574 1137 Quemadmodum
613 1112 712 1132 sensus
743 1104 894 1140 dupliciter
918 1105 1021 1133 dicitur

226 1151 334 1185 (nempe
354 1158 452 1178 sensus
477 1151 584 1183 habitu,
604 1151 652 1185 qui
667 1155 696 1178 et
720 1151 801 1178 nobis
816 1151 1021 1180 dormientibus

224 1196 305 1227 inest,
333 1204 382 1223 nec
412 1197 494 1224 ullam
529 1197 717 1231 subjectarum
750 1205 843 1224 rerum
879 1198 1019 1232 percipit;

225 1243 354 1278 quodque
376 1243 410 1270 ad
438 1244 628 1277 operationem
653 1252 708 1270 non
725 1243 898 1275 intendatur,
915 1243 1022 1271 inutilis

224 1289 350 1321 exsistit;
374 1297 527 1324 sensusque
548 1289 575 1316 in
607 1293 683 1321 actu,
710 1297 765 1324 quo
795 1297 827 1316 ea
852 1289 1022 1324 percipimus

223 1342 285 1368 qua:
306 1334 334 1360 in
360 1341 471 1361 sensum
501 1333 627 1369 cadunt),
647 1334 687 1361 sic
716 1342 826 1369 quoque
856 1335 958 1369 duplex
979 1339 1022 1363 est

224 1379 341 1406 scientia
362 1388 368 1405 :
393 1387 445 1407 una
468 1379 581 1414 quidem
608 1379 666 1414 ipsa
684 1380 790 1407 sciendi
817 1381 934 1413 ratione,
962 1382 1021 1408 solo

225 1425 321 1452 habitu
349 1425 470 1452 rationes
494 1426 608 1460 legens;
636 1433 697 1460 quae
722 1425 832 1460 quidem
850 1426 920 1453 nihil
932 1427 1020 1462 juvat,

226 1471 292 1505 quin
319 1471 353 1498 ad
379 1471 508 1497 mandata
534 1471 594 1506 ipso
619 1479 702 1505 opere
728 1472 902 1506 exsequenda
924 1477 1020 1500 exten-

225 1515 324 1547 datur;
354 1515 440 1541 altera
463 1515 491 1541 in
511 1519 574 1541 actu
601 1514 704 1541 actioni
737 1515 831 1542 dedita
853 1515 1019 1551 (πρακτικὴν

224 1560 334 1594 vocant)
351 1568 412 1594 quae
427 1568 521 1587 veram
535 1560 621 1594 ipsam
635 1568 729 1587 rerum
741 1561 1019 1595 comprehensionem

224 1614 275 1641 per
292 1606 493 1640 experientiam
511 1606 620 1633 uﬂ'erat.

258 1651 303 1678 25.
324 1650 484 1686 liypoerita,
500 1651 621 1686 quandiu
638 1651 749 1686 quidem
768 1660 796 1679 se
820 1652 905 1679 latere
922 1652 1016 1679 existi-

225 1701 291 1728 mat,
313 1697 407 1731 quiete
435 1697 487 1732 agit
518 1705 551 1724 ac
578 1697 651 1724 silet.
677 1696 726 1724 Sin
754 1701 844 1724 autem
867 1697 951 1724 semel
971 1697 1020 1724 de-

226 1743 380 1776 prehensus
407 1742 500 1774 fuerit,
521 1742 674 1770 virulentos
694 1750 838 1770 sermones
857 1743 1019 1777 praetendit;

227 1787 369 1819 conviciis,
394 1796 455 1822 qn:e
472 1789 559 1823 jactat
577 1788 604 1815 in
629 1788 708 1821 alios,
732 1795 810 1815 suam
828 1796 857 1815 se
875 1788 1021 1823 turpitudi-

227 1839 289 1858 nem
313 1832 490 1859 obtceturum
511 1833 683 1860 existimans.
707 1833 785 1860 llunc
812 1833 955 1868 Scriptura
985 1834 1021 1861 ob

227 1878 365 1905 vafritiem
390 1878 550 1913 viperarum
576 1879 665 1906 soboli
689 1887 751 1907 cum
770 1883 966 1914 comparasset,
980 1879 1022 1906 di-

228 1932 295 1959 gnos
322 1924 348 1951 ei
373 1924 543 1958 poenitentiae
571 1924 679 1952 fructus
708 1924 848 1952 faciendos
868 1924 964 1952 indicit
983 1924 1019 1950 ’π

228 1978 327 2004 nempe
350 1970 480 1997 latentem
506 1971 591 1998 animi
617 1971 792 1998 aﬂ'ectionem
824 1970 852 1997 in
879 1974 1021 1997 externam

230 2015 302 2043 illam
321 2023 353 2042 ac
375 2015 552 2050 conspicuam
578 2016 815 2044 transmutandam
839 2023 946 2042 morum
972 2016 1022 2044 ho-

229 2064 377 2087 nestatem.

263 2104 309 2132 24.
330 2105 416 2133 Aiunt
440 2106 551 2141 quidam
578 2106 696 2133 bestiam
718 2114 778 2134 esse
796 2106 930 2141 quidquid
953 2106 1022 2142 legis

229 2151 356 2183 decreto,
385 2159 480 2179 earum
501 2152 683 2179 animantium
709 2161 770 2188 qua:
788 2152 831 2179 vel
848 2152 876 2179 in
893 2160 958 2179 aere
978 2152 1021 2179 vel

229 2197 257 2223 in
279 2197 348 2223 mari
368 2197 411 2224 vel
442 2197 470 2224 in
497 2202 572 2224 terra
595 2197 709 2233 degunt,
735 2206 790 2225 non
819 2198 952 2225 mundum
978 2198 1023 2234 ju-

230 2242 352 2269 dicatum
372 2247 434 2276 est;
463 2244 570 2271 tametsi
588 2248 774 2277 _mausuetum
794 2252 844 2272 sua
871 2244 961 2271 indole
979 2245 1021 2271 vi-

230 2288 329 2314 deatur
354 2297 360 2314 :
393 2296 510 2323 quorum
540 2289 700 2328 nominibus
727 2290 869 2324 Scriptura
898 2297 1022 2324 quosque

231 2334 357 2361 homines
381 2342 415 2361 ex
431 2335 551 2369 propriis
574 2335 651 2362 vitiis
671 2335 851 2372 appellandos
866 2335 955 2362 duxit.

264 2379 309 2406 25.
322 2379 374 2412 Qui
389 2385 420 2407 ut
430 2381 556 2415 proximo
572 2385 681 2413 noceat,
694 2381 824 2409 amicitia:
834 2381 938 2408 larvam
953 2388 1024 2415 pra:-

231 2425 330 2458 tcndit,
357 2425 440 2461 lupus
462 2430 515 2458 est,
545 2426 627 2453 oviua
653 2427 726 2461 pelle
755 2426 825 2453 val‘ri
851 2425 937 2454 animi
963 2433 1026 2460 pra-

231 2470 345 2498 vitatem
374 2476 477 2507 tegens.
506 2471 541 2503 ls,
565 2471 613 2499 ubi
631 2471 832 2506 simpliciorum
849 2471 951 2506 aliquid
964 2478 1025 2498 mo-

268 2551 276 2565 "
287 2550 370 2577 .losue
384 2558 455 2582 xxtv,
470 2551 510 2583 15,
524 2551 567 2579 Μ,
604 2551 614 2565 ⁸
627 2550 722 2577 Matth.
734 2558 774 2582 ιιι,
786 2552 812 2578 7.

268 2629 305 2664 (d)
323 2629 431 2666 Θηρίοῖ
446 2626 533 2666 εἶναι.
547 2629 704 2666 Βολὶιεειιὶδ,
717 2636 749 2666 ac
765 2635 889 2666 quamam
906 2627 959 2666 illis
977 2633 1021 2666 ac-

232 2661 396 2701 censcantur
409 2664 558 2701 §_criptur:e
572 2663 675 2701 phras_i_,
692 2661 780 2701 multa
790 2662 905 2701 Otjig._in
917 2661 976 2689 Cat.
991 2661 1020 2701 _in

231 2700 300 2728 Gen.
317 2708 335 2732 ι,
357 2699 394 2736 ad
409 2697 485 2725 illum
500 2706 630 2736 versum:
648 2699 681 2725 Et
697 2699 786 2736 pra'sit
801 2697 912 2736 piscibus
928 2697 1021 2736 maris,

232 2740 276 2762 etc
291 2754 298 2766 ,
323 2734 396 2769 quod
418 2738 498 2769 negat
518 2733 551 2759 de
568 2733 635 2760 cetis
654 2731 957 2769 atquebestiisitidem
977 2731 1021 2757 di-

232 2774 306 2805 ctum
324 2766 395 2805 esse,
410 2766 709 2805 desiderantenscilicet
724 2768 789 2805 _ejus
810 2766 926 2805 codice;-
943 2770 1023 2805 ut_et

233 2804 314 2830 modo
327 2800 531 2840 Cattwliomana
553 2803 619 2840 mihi
642 2800 761 2840 reposita
776 2806 804 2840 et
819 2801 887 2840 Sixt.
911 2800 1022 2840 deside-

233 2843 304 2870 rant,
321 2840 365 2865 καὶ
381 2839 434 2865 τῶν
453 2838 565 2873 θηρίων.
578 2838 647 2865 Num
663 2836 737 2873 Orig.
751 2836 835 2864 etiam
851 2836 943 2863 sicura
961 2836 1021 2862 ani-

819 140 849 170 S.
870 138 1013 170 MAXIMI
1033 138 1288 170 CONFESSORIS

1801 135 1871 169 ωῧῖ

1114 200 1148 223 κ’.
1171 196 1200 223 '0
1218 196 1285 231 πρὸς
1303 194 1433 227 tnta:ng
1452 193 1597 229 ἐφιέμενος
1614 194 1742 228 γνώσεως
1759 194 1808 229 (ί),
1822 194 1870 221 καὶ

1078 242 1274 277 ἀποτυγχάνων
1290 250 1296 257 ·
1318 241 1387 276 μήτε
1410 239 1542 274 φοιινείτω
1567 239 1606 274 τῷ
1624 239 1720 271 πέλας,
1740 241 1811 275 μήτε
1826 241 1873 265 λυ-

1078 287 1182 314 πείσοω
1198 295 1204 302 ·
1221 287 1280 314 ἀλλ’
1299 287 1328 314 ἐν
1343 295 1397 313 ,τινι
1421 286 1476 312 τῶν
1498 286 1606 321 ὁμόρων
1622 285 1734 311 ποιείτω
1749 285 1799 320 τὴν
1813 294 1870 311 παρ

1078 334 1226 370 ρασκευῆν,
1245 334 1283 364 ὼς
1297 332 1497 368 προστέτακται
1511 339 1517 346 ⁸
1542 331 1614 358 κατὰ
1636 330 1685 366 τὴν
1706 331 1819 366 πρᾶξιν,
1839 331 1870 356 ἐν

1077 379 1115 414 τῷ
1130 379 1237 414 σώματι
1252 378 1385 414 πρότερον
1404 377 1557 412 φιλοπονῶν
1580 378 1614 412 τῇ
1630 376 1704 412 ψυχῇ
1726 376 1777 412 τὴν
1797 377 1871 403 ἑτοι-

1078 426 1179 461 μασίαν
1193 425 1245 461 τῆς
1260 424 1398 460 γνώσεως.

1043 199 1063 227 Α

1111 518 1164 542 κα¹.
1184 514 1216 541 Οἱ
1231 514 1319 549 ὀρθῶς
1338 513 1396 548 μετ’
1410 511 1553 542 εὐσεϐείας
1568 512 1625 542 τοῖς
1647 508 1708 537 οὖσι
1730 510 1870 546 προσϐάλ-

1076 561 1179 593 λοντες,
1193 560 1241 586 καὶ
1256 559 1360 594 μηδένα
1372 556 1550 593 φιλενδειξίας
1562 556 1662 591 τρόπον
1683 555 1869 588 ἐπινοοῦντες,

1075 607 1222 642 εὑρήσουσι
1255 603 1474 640 προῦπαντώσας
1504 602 1597 632 αὐτοῖς
1625 601 1676 633 τὰς
1699 601 1753 627 τῶν
1783 601 1870 628 ὅντων

1076 652 1217 688 παμφαεῖς
1232 651 1358 686 θεωρίας,
1375 649 1575 685 ἀκριϐεστάτην
1591 648 1682 678 αὐτοῖς
1700 647 1870 682 ἐμποιούσαις

1076 699 1180 726 ἑαυτῶν
1195 698 1244 733 τὴν
1265 697 1419 732 κατάληψιν
1432 705 1438 710 ·
1458 695 1527 730 πρὸς
1549 694 1596 726 οὓς
1619 695 1632 720 ὁ
1654 694 1737 729 νόμος
1759 694 1843 729 φησίν
1859 703 1868 711 ·

1077 745 1275 777 ΕΙσελθόν-τες
1312 741 1561 776 κληρονομήσατε
1601 740 1705 772 πόλεις
1732 739 1870 775 μεγάλης

1076 792 1125 819 καὶ
1140 792 1247 824 καλὰς.
1265 790 1313 816 καὶ
1328 790 1422 821 οὶκίας
1443 789 1569 822 πλήρεις
1590 786 1712 813 πάντων
1735 786 1867 820 ἀγαθῶν,

1075 837 1112 870 ἂς
1142 837 1198 863 οὐκ
1222 834 1438 869 οὶκοδομήσατε
1454 840 1460 847 ·
1481 833 1528 858 καὶ
1548 832 1682 864 λάκκους
1698 833 1868 865 λελατομη-

1042 881 1060 907 Β
1073 882 1195 918 μένους,
1214 881 1267 914 οὓς
1282 881 1337 907 οὐκ
1361 878 1589 913 ὲλατσμήσατε·
1613 876 1664 904 καί
1687 877 1868 911 ἀμπελῶνας

1073 928 1121 955 καὶ
1139 926 1296 959 ἐλαιῶνας.
1319 926 1371 958 οὓς
1396 925 1451 952 οὐκ
1470 924 1666 958 ἐφυτεύσατε.
1695 922 1725 948 Ὀ
1747 922 1803 957 γὰρ
1830 922 1867 957 μὴ

1073 974 1162 1010 ἑαυτῷ
1188 974 1253 1006 ζῶν,
1276 973 1343 999 ἀλλὰ
1365 972 1403 1007 τῷ
1426 970 1496 1006 Θεῷ,
1518 970 1628 997 πάντων
1640 969 1868 1004 γίνεταιπλῆρης

1072 1021 1126 1049 τῶν
1140 1021 1220 1048 Οείων
1240 1020 1419 1056 χαρισμάτων
1437 1025 1442 1032 ·
1462 1017 1517 1044 τῶν
1532 1017 1601 1049 τέως
1622 1016 1666 1043 διὰ
1690 1017 1740 1052 τὴν
1759 1016 1867 1042 ἐπικει-

1074 1068 1158 1103 μένην
1171 1067 1225 1093 τῶν
1243 1066 1336 1093 παθῶν
1348 1065 1459 1100 δχλησιν
1475 1063 1513 1099 μὴ
1527 1062 1690 1097 φαινομένωι
1702 1082 1709 1089 .

1108 1115 1161 1150 κβν.
1180 1114 1285 1148 ’Ὠσπερ
1302 1111 1383 1146 διχῶς
1405 1112 1421 1145 ὴ
1441 1109 1568 1145 αίσοησις
1595 1108 1703 1142 λέγεται
1720 1116 1727 1123 '
1756 1109 1773 1142 ἡ
1803 1107 1864 1143 μὲν,

1072 1160 1133 1188 καθ’
1150 1160 1207 1192 ἕξιν
1219 1168 1226 1174 ·
1237 1159 1298 1194 ἥτις
1309 1158 1356 1184 καὶ
1371 1155 1551 1191 κοιμωμένων
1563 1155 1641 1190 ἡμῶν
1659 1155 1727 1186 ἐστι,
1750 1154 1865 1188 μηδενὸς

1073 1204 1329 1240 ἀντιλαμϐανομένη
1350 1203 1404 1229 τῶν
1422 1201 1611 1237 ὑποκειμένων
1625 1209 1634 1217 ⁸
1653 1198 1687 1236 ἧς
1705 1200 1781 1226 οῦδὲν
1799 1199 1865 1234 6:;5-
1899 1237 1902 1241 ι

1071 1254 1126 1284 λος,
1141 1252 1177 1287 μὴ
1194 1251 1261 1286 πρὸς
1273 1250 1414 1285 ἐνέργειαν
1430 1248 1588 1283 τεινομένης
1604 1255 1611 1261 ·
1627 1248 1644 1282 ἡ
1656 1247 1694 1279 δὲ,
1711 1246 1770 1272 κατ’
1788 1246 1866 1281 ἐνέρ-

1072 1305 1170 1334 γειαν⁶
1198 1297 1230 1323 δι’
1264 1293 1298 1331 ἦς
1334 1293 1592 1329 ἀντιλαμϐανόμεθα
1615 1293 1668 1319 τῶν
1698 1292 1861 1327 αἰσθητῶν·

1071 1345 1143 1372 οὕτω
1158 1344 1205 1371 καὶ
1219 1343 1235 1378 ἡ
1247 1342 1349 1378 γνῶσις
1360 1341 1436 1376 διττή
1452 1349 1458 1355 ·
1479 1341 1495 1375 ή
1512 1339 1561 1375 μὲν
1575 1339 1787 1373 ὲπιστημονικὴ,
1801 1338 1864 1365 καθ’

1072 1391 1128 1424 ἕξιν
1150 1389 1234 1426 μόνην
1253 1388 1316 1419 τοὺς
1334 1387 1432 1421 λόγους
1444 1385 1632 1419 ἀναλεγομένη
1646 1384 1700 1410 τῶν
1711 1384 1794 1410 δντων
1807 1391 1815 1399 ·
1829 1380 1866 1420 ἧς

1072 1437 1149 1465 οὐδὲν
1175 1435 1271 1470 ὗφελος
1296 1433 1334 1469 μὴ
1360 1433 1428 1468 πρὸς
1447 1432 1496 1466 τὴν
1518 1431 1573 1457 τῶν
1589 1430 1704 1456 ἐντολῶν
1720 1429 1864 1464 ἐνέργειαν

1073 1482 1267 1518 ὲκτεινομένης
1283 1489 1289 1494 ·
1312 1481 1329 1516 ἡ
1347 1479 1388 1512 δὲ,
1410 1479 1469 1505 κατ’
1490 1477 1631 1513 ἐνέργειαν
1646 1476 1795 1512 πρακτικὴ,
1811 1476 1864 1503 αὒ-

1071 1529 1121 1562 τὴν
1139 1527 1228 1562 ἀληθῆ
1246 1525 1289 1552 διὰ
1306 1525 1354 1559 τῆς
1371 1523 1469 1558 πείρας
1484 1522 1538 1548 τῶν
1548 1521 1632 1548 ὅντων
1648 1520 1799 1556 κομίζουσα
1812 1519 1865 1555 τὴν

1072 1570 1234 1605 κατάληψιν.

1107 1645 1161 1679 κγ’.
1184 1644 1215 1670 '0
1229 1642 1394 1678 ὑποκριτὴς,
1407 1641 1461 1672 ἓως
1475 1639 1525 1675 μὲν
1537 1639 1610 1666 δοκεῖ
1622 1637 1777 1667 λανθάνειν,
1798 1636 1863 1671 ἡμ-

1073 1692 1137 1726 μεί·
1155 1689 1204 1724 τὴν
1219 1690 1251 1715 ὲκ
1273 1687 1321 1714 τοῦ
1340 1687 1428 1714 δοκεῖν
1447 1685 1550 1716 δίκαιος
1573 1681 1645 1711 εἶναι
1671 1682 1749 1714 δόξαν
1773 1681 1866 1717 θηρώ-

1074 1744 1164 1771 μενος.
1187 1733 1312 1761 Ἐπειδὰν
1322 1733 1351 1759 δὲ
1363 1731 1490 1767 φωραθῇ,
1507 1729 1713 1764 Θανατηφόρους
1734 1727 1865 1763 προΐσχε-

1072 1791 1117 1810 ται
1132 1782 1239 1816 λόγους,
1258 1781 1318 1811 ταῖς
1336 1778 1396 1805 κατ’
1414 1777 1502 1805 ἄλλων
1529 1775 1675 1810 λοιδορίαις
1702 1773 1788 1800 δοκῶν
1813 1774 1864 1807 τὴν

1072 1829 1177 1854 οἰκείαν
1214 1824 1415 1858 συγκαλύπτειν
1451 1821 1668 1858 ἀσχημοσύνην·
1699 1819 1729 1845 ὃν
1755 1818 1864 1853 ἐχίδνης

1073 1873 1223 1908 γεννήματι
1249 1871 1422 1906 παρεικάσας
1446 1869 1460 1895 ὁ
1493 1869 1590 1902 λόγος,
1614 1867 1652 1898 ὡς
1685 1864 1863 1899 παλίμὼλον,

1075 1919 1166 1951 ἀξίους
1192 1918 1240 1953 τῆς
1267 1916 1411 1952 μετανοίας
1431 1913 1598 1950 προσέταξεν
1621 1911 1696 1946 αὺτῷ
1726 1909 1863 1936 ποιεῖσθαι

1073 1964 1196 2000 καρπούς
1208 1972 1215 1979 ⁵
1231 1963 1366 1993 τουτέστι,
1385 1961 1453 1995 πρὸς
1469 1960 1531 1990 τοὺς
1543 1957 1721 1993 φαινομένους
1733 1956 1866 1990 τρόπους,

1075 2011 1256 2047 μεταποιῆσαι
1273 2005 1322 2044 τὴν
1333 2006 1528 2043 κρυπτομένην
1538 2005 1588 2040 τῆς
1604 2002 1717 2039 καρδίας
1728 2002 1861 2029 διάθεσιν.

1110 2105 1157 2133 κδ’.
1172 2104 1240 2131 Φασί
1260 2111 1331 2134 τινες
1347 2101 1439 2137 θηρίον
1460 2099 1530 2127 εἶναι
1558 2099 1608 2134 ((1),
1638 2098 1692 2125 πᾶν
1717 2097 1732 2124 ὃ
1759 2098 1797 2132 μὴ
1824 2096 1864 2131 τῷ

1073 2151 1149 2186 νόμῳ
1167 2150 1221 2177 τῶν
1240 2150 1269 2176 ὲν
1289 2149 1350 2183 ἀέρι
1375 2156 1405 2174 τε
1426 2147 1474 2173 καὶ
1504 2147 1539 2181 γῇ
1563 2145 1611 2171 καὶ
1634 2144 1752 2178 θαλάττῃ
1785 2143 1864 2174 ζώων

1074 2198 1200 2231 κέκριται
1215 2194 1345 2230 καθαρὸν,
1371 2193 1422 2219 κᾶν
1449 2193 1553 2227 ἥμερον
1573 2188 1644 2216 εῖναι
1658 2189 1697 2224 τῷ
1709 2189 1769 2224 ἤθει
1782 2188 1861 2223 δοκῇ·

1074 2239 1115 2273 οἷς
1128 2241 1242 2267 ἕκαστον
1258 2239 1311 2266 τῶν
1325 2238 1477 2275 ἀνθρώπων
1491 2239 1523 2264 ὲκ
1542 2236 1587 2263 τοῦ
1608 2235 1710 2262 οἰκείου
1730 2234 1835 2266 πάθους
1850 2235 1864 2260 ὁ

1074 2287 1152 2326 λόγος
1161 2285 1370 2322 προσαγορεύει.

1039 2215 1060 2243 Ι)

1108 2380 1157 2404 κε’.
1179 2377 1209 2403 '0
1221 2376 1267 2403 ἐπὶ
1283 2375 1370 2412 βλάϐῃ
1384 2374 1438 2402 τῶν
1452 2374 1536 2405 πέλας
1550 2371 1747 2408 μορφιζόμενος
1759 2369 1864 2404 φιλίαν,

1073 2423 1155 2454 λύκος
1171 2421 1230 2448 ἐστὶ
1245 2421 1335 2456 κωδίῳ
1355 2419 1532 2455 ἐπικρύπτων
1549 2419 1598 2453 τὴν
1621 2415 1718 2443 ἑαυτοῦ
1746 2423 1867 2449 κακουρ-

1075 2470 1149 2504 γίαν.
1170 2468 1218 2499 "Oc
1230 2466 1340 2494 ἐπειδὰν
1354 2465 1422 2501 εὕρῃ
1439 2464 1516 2500 ψιλὸν
1542 2462 1620 2500 ἦθος,
1645 2463 1662 2498 ἢ
1690 2462 1767 2497 ῥῆμα
1792 2462 1866 2487 κατὰ

1074 2624 1166 2656 malia,
1189 2623 1235 2651 sed
1256 2622 1405 2653 immunda,
1427 2622 1523 2648 bestiis
1543 2620 1727 2656 deputavcritr.
1748 2627 1805 2656 non
1828 2619 1865 2645 li-

1073 2664 1140 2694 quet
1150 2654 1164 2692 ;’
1174 2659 1326 2694 putaverim
1340 2657 1431 2694 potius
1441 2664 1473 2694 ea
1485 2657 1572 2683 solum
1579 2654 1665 2691 impia
1679 2654 1864 2685 existimasse,

1074 2692 1135 2729 qua:
1152 2692 1232 2721 noxia
1245 2697 1338 2729 sunt,
1364 2692 1392 2729 in
1415 2692 1516 2729 quibus
1536 2694 1693 2729 serpentes.
1713 2696 1788 2728 quos_
1807 2696 1865 2715 non

1074 2724 1187 2763 ἑρπετὰ,
1205 2728 1252 2755 sed
1266 2728 1357 2762 θηρία,
1371 2724 1624 2763 Scripturzedietos
1635 2725 1733 2763 probat
1746 2733 1753 2750 :
1768 2724 1865 2763 sicque

1073 2758 1107 2791 de
1123 2764 1200 2791 Pauli
1217 2758 1310 2797 vipera
1327 2764 1385 2789 Aet.
1405 2758 1484 2788 xivul
1498 2769 1504 2787 :
1523 2761 1552 2797 '_0
1574 2761 1622 2797 μὲν
1633 2758 1680 2787 οὖν
1697 2758 1866 2790 ἀποτινάξας

1073 2800 1102 2825 τὸ
1115 2799 1217 2833 θηρίον’
1233 2795 1282 2824 Ille
1299 2803 1389 2824 autem
1402 2804 1508 2823 excussa
1525 2795 1616 2822 bestia.
