1948 3077
119 144 185 176 1093

538 137 704 168 CAPITUM
724 136 859 166 TIIEOL.
880 135 927 164 ET
948 134 1065 164 (ECON.
1087 133 1282 163 CENTURIA
1301 133 1327 162 Ι.

1672 129 1741 163 1094

116 200 234 236 Χριστὸν
247 197 385 228 ἁπλοϊκῶς
398 196 415 231 ἢ
430 195 572 230 γινόμενον
585 196 601 230 ἢ
618 194 774 229 λεγόμενον,
791 193 900 236 ἦγρπασε
916 196 926 221 ,Α

972 198 1023 222 um,
1048 189 1088 216 vel
1116 189 1256 224 quidpiam
1271 187 1425 215 Christiana
1443 186 1536 213 indole
1559 186 1633 213 omni
1648 187 1743 222 procul

116 235 164 271 καὶ
185 243 321 278 διέφθειρε
339 251 346 257 ·
372 241 486 277 μυρίους
503 240 645 275 καταχέων
660 239 782 274 μώμους,
799 235 836 264 ὧν
851 238 908 269 τοῖς

116 291 206 323 λόγοις
221 288 238 323 ἢ
255 288 311 319 τοῖς
325 287 421 322 ἤθεσιν
438 286 588 313 ἐπιτίθεται
601 293 608 301 ·
628 284 722 319 ὥσπερ
736 282 907 313 κατάσκοπος

116 337 167 370 τῆς
182 336 211 360 ὲν
222 334 332 369 Χριστῷ
349 333 402 359 τῶν
417 331 540 366 ἀδελφῶν
561 330 728 365 ἐλευθερίας.

158 460 216 488 κς’.
236 455 266 481 ⁸0
285 455 497 490 ὑποκρινόμενος
511 454 615 489 σιωπὴν
635 452 802 488 κακουργίας
816 452 907 488 χάριν,

117 502 158 538 τῷ
185 501 298 536 πλησίον
324 500 495 526 τεκταίνεται
523 499 598 526 δόλον
615 506 622 513 θ
653 496 684 525 οὗ
712 498 907 533 ἀποτυγχάνων

119 548 225 579 ἄπεισι,
239 547 278 582 τῷ
299 547 356 581 ίδίῳ
376 545 456 572 πάθει
480 545 664 580 προσθέμενος
688 543 794 579 ὀδύνην.
827 544 855 569 '0
880 543 907 569 δὲ

120 592 232 618 σιωπῶν
253 591 386 626 ὠφελείας
405 590 496 626 χάριν,
522 589 623 625 ηῡξησε
650 589 760 623 φιλίαν,
786 588 833 615 καὶ
856 589 909 615 ἀπ-

121 637 261 664 ελεύσεται
278 637 392 672 χαίρων,
415 637 452 668 ὡς
474 634 563 662 λαϐὼν
579 635 716 670 φωτισμὸν
739 634 851 665 σκότους
863 633 909 660 λυ-

120 683 225 718 τήριον.

157 770 209 802 κζ’.
245 770 274 796 ὐ
295 769 323 810 εν
347 768 477 804 συνεδρίῳ
499 768 586 803 λόγων
611 768 741 803 ἀκρόασιν
766 766 908 802 προπετῶς

119 815 293 848 ἀνακόπτων,
313 815 363 841 οὐκ
387 814 466 841 ἔλαθε
495 813 643 848 φιλοδοξίαν
669 813 754 840 νοσῶν
769 822 776 829 ·
806 814 851 847 ὑφ’
874 810 908 848 ἦς

124 860 304 895 ἁλισκόμενος
316 879 324 892 ,
353 859 466 895 μυρίους
481 858 661 894 προϐάλλεται
673 859 789 894 δρόμους
801 858 848 884 καὶ
863 867 910 884 πε·
929 859 948 887 Β

123 907 269 943 ριδρόμους
296 905 464 941 προτάσεων,
489 904 534 931 τὸν
560 903 657 940 εἱρμὸν
680 904 734 930 τῶν
754 903 909 938 λεγομένων

122 953 266 987 διαστῆσαι
282 951 452 987 βουλόμενος.

161 1048 216 1081 κη’.
236 1044 266 1070 ὐ
294 1043 385 1078 σοφὸς,
411 1042 458 1069 καὶ
483 1042 617 1069 διδάσκων
641 1042 689 1068 καὶ
710 1041 910 1076 διδασκόμενος,

125 1081 337 1125 μόναΙβούλεται
354 1088 389 1115 τὰ
403 1088 561 1124 ὠφελοῦντα
583 1087 756 1114 διδάσκεσθαι
777 1087 823 1113 καὶ
839 1087 911 1113 διδά‹

126 1145 203 1163 σχειν
215 1145 222 1152 ο
240 1138 254 1163 ὁ
267 1136 294 1162 δὲ
305 1135 414 1172 δοκήσει
432 1134 522 1168 σοφὸς,
541 1135 588 1161 καὶ
607 1133 716 1169 ἐρωτῶν
738 1133 785 1160 καὶ
807 1133 913 1168 ἐρωτώ-

126 1183 257 1217 μενος,τὰ
273 1182 475 1218 περιεργότερα
491 1181 572 1216 μόνον
587 1179 781 1216 προϐάλλεται.

163 1270 216 1297 κθ¹.
227 1267 277 1296 Ὧν
290 1269 404 1304 μετέσχε
419 1277 460 1300 τις
473 1269 543 1295 κατὰ
555 1267 622 1295 Θεοῦ
638 1269 717 1304 χάριν
732 1268 852 1302 ἀγαθῶν,
866 1268 914 1294 καὶ

126 1317 219 1349 ἄλλοις
234 1315 358 1350 ἀφθόνως
374 1315 534 1350 μεταδοῦναι
548 1314 688 1350 χρεώστης
708 1315 776 1341 ἐστί.
799 1314 914 1348 Δωρεὰν

127 1364 193 1399 γὰρ,
207 1363 300 1397 φησιν,
317 1361 448 1393 ἐλάϐετε,
463 1360 575 1394 δωρεὰν
588 1360 666 1387 δότε.
685 1360 713 1387 '0
724 1360 777 1394 γὰρ
791 1360 843 1386 ὑπὸ
863 1360 914 1395 γῆν

128 1409 260 1443 κρύπτων
274 1406 323 1442 τὴν
340 1406 454 1441 δωρεὰν,
468 1405 505 1437 ὼς
521 1404 639 1439 σκληρὸν
653 1404 788 1430 διαϐάλλει
807 1404 853 1430 τὸν
870 1403 915 1429 κύ-

129 1462 198 1488 ριον,
212 1451 298 1487 φειδοῖ
311 1453 361 1487 τῆς
377 1451 476 1487 σαρκὸς
495 1450 543 1486 τὴν
561 1450 660 1485 ἀρετὴν
674 1449 864 1485 ὲξομνύμενος.
885 1450 914 1476 '0

127 1499 156 1525 δὲ
172 1498 334 1534 πιπράσκων
346 1496 454 1533 ἐχθροῖς
468 1496 517 1530 τὴν
539 1496 678 1531 ἀλήθειαν,
704 1495 817 1530 ὕστερον
833 1495 914 1528 ἁλοὺς

128 1544 167 1576 ὡς
182 1544 327 1579 φιλόδοξος,
342 1543 378 1579 μὴ
393 1544 483 1578 φέρων
494 1543 544 1578 τὴν
554 1542 686 1577 αἰσχύνην
698 1542 861 1577 ἀπάγχεται.

958 236 1119 271 duplicitate
1133 235 1234 261 factum
1249 234 1386 261 dictumve
1402 232 1548 264 invenerit,
1564 231 1636 266 rapit
1654 231 1746 259 statim

958 289 990 308 ac
1003 280 1167 314 corrumpit,
1182 279 1335 307 innumeris
1347 285 1495 312 aspergens
1505 276 1679 308 criminibus,
1688 284 1746 308 eos,

959 327 987 353 in
1003 333 1122 360 quorum
1140 332 1283 352 sermones
1310 328 1358 350 aut
1388 330 1479 350 mores
1506 322 1666 354 invehitur,
1691 327 1749 348 tan-

958 379 1039 406 quam
1059 371 1164 398 scilicet
1190 370 1348 405 explorator
1375 368 1511 395 libertatis
1534 367 1660 399 fratrum,
1689 375 1749 401 qua:

958 421 1001 443 est
1024 416 1051 442 in
1073 415 1184 442 Christo
1198 415 1262 442 Jesu
1279 416 1300 440 θ.

993 461 1037 488 26.
1057 460 1109 494 Qui
1128 460 1247 495 maligno
1267 459 1400 493 vafroque
1420 457 1536 485 consilio
1553 457 1694 484 silentium
1711 457 1749 483 si—

959 507 1055 537 mulat,
1083 505 1176 532 dolum
1203 504 1329 539 proximo
1356 502 1532 530 machinatur
1557 512 1563 529 :
1588 502 1668 538 467
1690 502 1750 529 l'ru-

959 555 1102 586 stratoque
1117 555 1218 578 conatu
1239 550 1308 582 abit,
1327 550 1425 577 morbo
1441 549 1480 576 illi
1498 557 1548 576 suo
1574 556 1606 575 ac
1625 548 1749 580 allectui,

958 597 1053 624 dolore
1083 597 1222 631 adjuncto.
1251 596 1303 629 Qui
1337 601 1428 623 autem
1462 594 1599 622 commodi
1635 595 1752 629 alicujus

959 643 1044 676 gratia
1062 642 1134 674 silet,
1153 642 1302 669 amicitiam
1327 645 1419 677 auget.
1438 649 1470 667 ac
1485 640 1596 667 recedet
1614 640 1747 674 gaudens,

958 687 1034 714 velut
1056 687 1159 714 scilicet
1187 686 1399 714 illustrationem
1422 690 1529 717 nactus,
1550 693 1604 720 qua
1631 685 1752 712 tenebrm

959 732 1151 767 dispellantur.

994 777 1038 804 27.
1060 777 1111 810 Qui
1135 777 1163 804 in
1187 777 1325 804 communi
1349 776 1463 803 fratrum
1489 775 1607 802 concilio
1627 775 1752 803 auditum

959 830 1112 850 sermonem
1135 823 1237 857 majore
1259 822 1385 857 procacia
1403 821 1592 856 interrumpit,
1608 821 1753 848 hand-ob-

964 875 1044 894 scure
1062 867 1151 894 inanis
1169 868 1262 902 gloria:
1275 867 1342 894 vitio
1358 875 1387 894 se
1407 867 1532 893 laborare
1548 867 1684 900 ostendit;
1700 875 1753 901 qua

963 913 1068 940 scilicet
1090 918 1197 947 captus,
1221 913 1382 940 innumeros
1412 913 1630 947 propositionum
1657 920 1755 940 cursus

963 962 1046 992 atque
1062 958 1200 993 ambages,
1216 958 1350 985 sermonis
1364 958 1462 985 seriem
1476 957 1676 989 intereidendo,
1692 964 1754 992 pro-

964 1003 1052 1036 ponit.

999 1047 1044 1075 28.
1061 1047 1186 1081 Sapiens,
1205 1047 1262 1074 sive
1282 1046 1380 1074 doceat
1395 1047 1452 1075 sive
1471 1047 1612 1079 doceatur,
1633 1053 1665 1073 ea
1683 1045 1754 1073 dun-

966 1097 1040 1120 taxat
1065 1092 1158 1120 doceri
1183 1094 1241 1120 vult
1256 1100 1289 1120 ac
1303 1092 1414 1125 docere,
1438 1094 1498 1128 q'ua:
1513 1093 1591 1120 utilia
1614 1097 1687 1119 sunt.
1704 1091 1756 1124 Qui

965 1146 1030 1166 vero
1044 1139 1135 1173 specie
1151 1143 1229 1165 tenus
1245 1139 1374 1173 larvaque
1389 1139 1540 1173 sapientem
1552 1142 1681 1169 ostentat,
1699 1139 1758 1164 sive

966 1192 1046 1218 quem
1065 1184 1123 1218 ipse
1146 1188 1333 1218 percontetur,
1358 1185 1416 1211 sive
1441 1192 1474 1211 ex
1500 1185 1560 1219 ipso
1584 1184 1757 1219 percontanti

967 1229 1140 1263 respondeat.
1153 1229 1309 1256 'curiosiora
1328 1229 1499 1256 solummodo
1516 1229 1650 1256 obtendit.

1000 1275 1045 1302 29.
1071 1275 1137 1308 Quae
1160 1275 1223 1310 quis
1246 1275 1315 1302 bona
1335 1275 1430 1315 divino
1457 1283 1571 1302 munere
1592 1278 1758 1302 consecutus

969 1325 1021 1352 est,
1041 1321 1098 1355 ipse
1121 1329 1231 1356 quoque
1249 1321 1323 1356 large
1348 1321 1409 1349 aliis
1433 1321 1567 1356 impartiri
1596 1321 1688 1348 debet.
1713 1320 1759 1347 Ait

967 1366 1051 1398 enim,
1065 1367 1153 1394 Gratis
1170 1368 1315 1402 accepistis,
1333 1367 1416 1401 gratis
1433 1367 1494 1393 date
1507 1367 1539 1393 ¹⁰.
1557 1366 1609 1399 Qui
1622 1366 1695 1392 enim
1712 1373 1757 1392 ac-

967 1416 1077 1446 ceptum
1094 1412 1194 1438 donum
1218 1412 1243 1439 in
1261 1416 1334 1439 terra
1348 1412 1501 1444 abscondit,
1524 1412 1587 1439 duri
1603 1419 1634 1438 ac
1656 1410 1759 1438 austeri

970 1457 1076 1484 crimen
1095 1457 1206 1485 domino
1221 1458 1346 1493 impingit
1359 1458 1398 1490 “;
1415 1458 1462 1492 qui
1482 1458 1612 1484 nimirum
1631 1461 1662 1484 ut
1683 1457 1759 1484 carni

968 1504 1061 1536 parcat
1075 1511 1106 1530 ac
1122 1503 1271 1538 indulgeat,
1286 1503 1418 1530 virtutum
1433 1503 1508 1530 cultu
1528 1502 1669 1530 laboribus
1683 1501 1759 1537 fungi

931 1541 950 1569 C
968 1547 1100 1583 del‘ugiat.
1127 1548 1178 1581 Qui
1206 1552 1297 1576 autem
1327 1548 1453 1576 hostibus
1479 1549 1624 1576 veritatem
1649 1547 1759 1578 vendit,

130 1593 225 1626 ροειεε
249 1589 437 1625 deprehensus
451 1593 532 1623 atque
555 1588 708 1620 οοηνίοιυε,
725 1587 801 1615 venit
826 1587 916 1615 inanis
934 1591 1027 1626 gloriae
1039 1593 1166 1628 cupidus,
1202 1593 1336 1629 probrum
1355 1602 1408 1620 non
1439 1593 1543 1624 ferens,
1560 1593 1612 1621 sibi
1625 1593 1684 1627 ipse
1699 1591 1760 1618 fau-

131 1644 178 1664 ces
194 1635 333 1670 praefocat.

167 1682 201 1708 λ’.
215 1681 285 1712 Τοὺς
298 1679 336 1706 ἔτι
346 1679 500 1710 δειλιῶντας
513 1678 559 1705 τὺν
571 1678 639 1713 πρὸς
651 1678 685 1705 τὰ
700 1677 776 1712 πάθη
789 1677 918 1712 πόλεμον,

132 1727 180 1754 aut
195 1725 379 1761 φοϐουμένους
395 1723 513 1759 τὴντῶν
537 1724 661 1758 ἀοράτων
682 1722 787 1758 ἐχθρῶν
811 1723 919 1756 ἐπιδρο-

133 1773 199 1808 μὴν,
214 1771 320 1806 σιωπᾷν
338 1770 378 1796 δεῖ
393 1778 401 1785 ο
419 1769 550 1800 τουτέστι,
567 1769 612 1794 τὸν
629 1768 700 1803 ὑπὲρ
711 1768 812 1803 ἀρετῆς
828 1767 920 1802 ἀντιρι

134 1818 246 1854 ῥητικὺν
266 1817 303 1852 μὴ
332 1815 567 1852 μεταχειρίζεσθαι
592 1814 693 1849 τρόπον
709 1821 715 1828 ·
742 1813 808 1840 ἀλλὰ
832 1820 921 1848 παρα-

134 1864 234 1899 χωρεῖν
249 1861 289 1897 τῷ
299 1861 358 1896 Θεῷ
374 1860 407 1887 δι’
434 1860 527 1895 εὐχῆς,
557 1859 605 1895 τὴν
626 1859 695 1894 ὑπὲρ
716 1857 820 1885 ἑαυτῶν
845 1856 922 1892 μέρι-

136 1918 206 1946 μναν
223 1918 229 1924 ·
249 1907 315 1943 πρὸς
330 1907 376 1939 οὓς
392 1907 421 1932 ἐν
454 1905 551 1940 Ἐεόδῳ
561 1904 672 1938 λέγεται
687 1912 693 1919 ·
712 1904 818 1938 Κύριος
834 1906 922 1930 πολε-

133 1955 224 1991 μήσει
239 1955 305 1989 περὶ
330 1954 423 1989 ὑμῶν.
448 1953 496 1980 καὶ
516 1950 600 1987 ὑμεῖς
615 1951 790 1986 σιγήσεσθε.
813 1951 881 1982 Τοὺς
894 1950 922 1977 δὲ

136 2003 188 2037 ἤδη
205 2001 275 2037 μετὰ
295 2000 343 2036 τὴν
359 1999 498 2034 ἀναίρεσιν
518 1998 573 2024 τῶν
590 1997 752 2030 διωκόντων,
779 1997 841 2028 τοὺς
869 1996 923 2023 τῶν
943 1998 946 2001 ”

136 2046 242 2081 ἀρετῶν
262 2044 456 2080 ἐπιζητοῦντας
472 2043 591 2078 τρόπους
613 2042 680 2078 πρὸς
699 2041 857 2076 εὐγνώμονα
871 2040 924 2076 μά-

136 2094 227 2129 θησιν,
243 2093 301 2119 δέον
314 2092 384 2126 ἔχειν
399 2091 479 2126 μόνον
490 2088 661 2125 ἠνεῳγμένον
678 2088 727 2123 τῆς
751 2087 869 2118 διανοίας
895 2086 925 2113 τὺ

135 2139 183 2170 οὓς
198 2147 205 2154 ι
229 2137 297 2172 πρὸς
312 2137 357 2168 οὓς
371 2144 464 2171 φησιν,
480 2135 589 2162 Ἀκουε
610 2132 737 2166 Ἰσραήλ.
754 2131 799 2166 Τῷ
815 2132 843 2157 δὲ
859 2131 924 2165 σφό-

136 2186 189 2219 δρα
204 2183 248 2210 διὰ.
262 2183 311 2218 τὴν
325 2182 469 2217 κάθαρσιν,
485 2182 533 2216 τῆς
550 2179 624 2210 θείας
639 2178 775 2213 ἐφιεμένῳ
786 2177 924 2211 γνώσεως,

137 2231 267 2266 ἁρμόδιος
283 2231 300 2265 ἡ
316 2228 431 2264 εὐλαϐὴς
453 2227 594 2263 παρρησία
609 2234 616 2241 ·
636 2226 703 2260 πρὸς
723 2224 754 2251 ὃν
774 2225 923 2260 είρήσεται,

142 2278 172 2303 Τί
181 2277 261 2310 βοᾷς
275 2276 349 2309 πρός
365 2283 421 2308 ﬂe;
438 2273 544 2300 Οὐκοῦν
558 2273 611 2307 ὅτῳ
626 2272 674 2307 μὲν
689 2271 777 2305 σιωπὴ
789 2271 832 2297 διὰ
843 2270 924 2304 φόϐον

139 2322 354 2357 προστέτακται,
370 2320 524 2355 πρόσφορος
545 2318 625 2353 μόνον
640 2318 656 2352 ἡ
672 2316 740 2352 πρὸς
757 2316 823 2342 Θεδν
840 2324 924 2342 κατα-

140 2368 213 2403 φυγή
229 2367 301 2402 ’ὅτῳ
315 2366 343 2392 δὲ
368 2364 479 2392 ἀκούειν
501 2363 730 2399 παρακελεύεται,
755 2362 883 2397 ἁρμόδιος
909 2363 927 2397 ὴ

139 2414 208 2449 πρὸς
226 2412 352 2446 ὑπακοὴν
367 2409 422 2438 τῶν
441 2410 521 2437 θείων
537 2409 650 2437 ἐντολῶν
667 2408 809 2444 ἑτοιμότης
825 2416 832 2422 ·
849 2407 889 2443 τῷ
900 2407 929 2434 δὲ

141 2457 296 2492 γνωστικῷ,
314 2456 344 2483 τὸ
367 2456 400 2483 δι’
429 2455 534 2482 ἱκεσίαν
563 2453 715 2485 ἀπαύστως
741 2453 805 2489 βοᾷν
837 2453 929 2488 ἐπιτή-

139 2504 222 2534 δειον,
241 2502 311 2537 ὑπέρ
329 2510 360 2527 τε
373 2502 423 2536 τῆς
443 2500 498 2527 τῶν
522 2500 615 2527 κακῶν
633 2499 801 2534 ἀποτροπῆς,
821 2499 868 2526 καὶ
883 2498 930 2525 εὑ-

140 2549 284 2584 χαριστίας
299 2548 349 2582 τῆς
361 2547 416 2575 τῶν
429 2547 540 2582 ἀγαθῶν
559 2546 713 2582 μετουσίας.

176 2634 226 2660 λα’.
248 2632 382 2659 Οὐδέποτε
405 2631 479 2666 ψυχὴ
501 2629 614 2658 δύναται
631 2630 699 2666 πρὸς
725 2629 826 2663 γνῶσιν
846 2628 925 2655 ἑκτα-

142 2678 224 2713 θῆναι
236 2678 315 2712 Θεοῦ,
332 2679 357 2704 εί
375 2678 412 2713 μὴ
430 2677 512 2708 αὐτὸς
527 2677 540 2703 ό
551 2676 618 2708 Θεὸς
636 2674 840 2710 συγκαταϐάσει
859 2683 929 2710 χρη-

144 2724 261 2759 σάμενος
281 2723 383 2758 ἅψηται
403 2723 500 2757 αὐτῆς,
523 2722 572 2749 καὶ
591 2721 718 2756 ἀναγάγῃ
734 2720 802 2756 πρὸς
822 2720 928 2748 ἑαυτόν.

179 2780 285 2808 ’Galat.
298 2782 365 2813 nJ.
405 2781 426 2796 '°
437 2779 533 2808 Matth.
545 2787 572 2812 x,
584 2779 610 2807 8.
648 2779 670 2795 “
690 2778 784 2805 Matth.
805 2785 867 2810 xxv,
887 2777 923 2804 24

972 2777 992 2792 ¹¹
1015 2777 1098 2804 Exod.
1125 2786 1179 2811 xtv,
1200 2779 1243 2805 Μ.

146 2815 188 2844 15.

1003 1679 1048 1706 50.
1070 1680 1121 1712 Qui
1144 1680 1235 1708 adhuc
1260 1680 1411 1708 timidiores
1436 1684 1510 1712 sunt,
1535 1688 1618 1715 quam
1640 1685 1671 1708 ut
1695 1681 1760 1710 belli

970 1725 1069 1751 molem
1085 1725 1216 1752 adversus
1227 1725 1448 1760 perturbationes
1460 1725 1581 1759 vitiaque
1594 1725 1760 1759 sustineant,

970 1767 1203 1802 iuvisibiliumque
1224 1768 1343 1795 hostium
1364 1768 1571 1808 impressionem
1593 1769 1760 1801 formidant.

970 1819 1059 1847 operte
1067 1813 1183 1848 pretium
1197 1813 1231 1840 sit
1244 1817 1274 1840 ut
1286 1814 1400 1846 sileant,
1416 1814 1524 1841 tuendae
1537 1814 1643 1841 scilicet
1653 1815 1762 1843 virtutis

971 1863 1073 1893 partes,
1098 1859 1263 1886 adversariis
1288 1859 1490 1893 respondendo,
1514 1867 1570 1886 non
1592 1860 1759 1894 suscipiant;

971 1903 1019 1930 scd
1034 1904 1061 1929 in
1076 1911 1172 1938 preces
1187 1903 1279 1936 elfusi,
1296 1904 1339 1931 sui
1355 1911 1449 1931 curam
1466 1903 1521 1931 Deo
1539 1904 1716 1939 permittant;
1728 1913 1762 1932 ex

972 1956 1088 1983 quorum
1107 1949 1218 1976 nomine
1243 1949 1271 1976 in
1295 1949 1389 1976 Exodo
1414 1949 1515 1976 dicitur
1536 1958 1543 1976 :
1568 1949 1696 1978 Dominus
1713 1959 1762 1986 pu-

972 1995 1061 2030 gnabit
1077 2003 1124 2030 pro
1141 1995 1222 2027 vobis,
1238 1999 1262 2022 et
1274 2003 1317 2022 vos
1328 1995 1443 2022 iacebitis
1457 1995 1488 2021 ”.
1505 1994 1556 2028 Qui
1574 2000 1677 2028 autem,
1695 1997 1763 2023 sub-

973 2039 1036 2067 latis
1063 2041 1119 2075 jam
1140 2040 1376 2075 persecutoribus,
1391 2040 1523 2068 virtutum
1539 2040 1683 2075 inquirunt
1703 2049 1763 2069 mo-

974 2084 1034 2116 dos,
1060 2089 1169 2119 apertas
1190 2085 1322 2112 duntaxat
1344 2085 1463 2112 habeant
1487 2093 1600 2113 necesse
1621 2090 1664 2113 est
1679 2086 1763 2113 animi

975 2137 1066 2161 aures,
1091 2134 1121 2157 ut
1144 2130 1264 2158 candore
1282 2130 1444 2163 addiseant;
1472 2131 1505 2158 ad
1528 2140 1597 2166 quos
1608 2132 1646 2160 ait
1661 2142 1667 2160 :
1683 2134 1764 2166 Audi,

975 2174 1060 2201 Israel
1078 2174 1109 2201 ¹³.
1127 2175 1195 2202 Eum
1219 2176 1338 2210 denique
1353 2177 1399 2211 qui
1417 2178 1573 2213 purgatiore
1591 2178 1693 2211 animo,
1708 2179 1765 2206 acri

976 2220 1075 2248 divinae
1089 2221 1210 2248 scientiae
1222 2221 1359 2249 desiderio
1377 2227 1486 2255 aestuat,
1500 2222 1544 2258 pia
1561 2223 1641 2251 decet
1656 2225 1766 2260 religio-

977 2275 1060 2301 saque
1085 2267 1221 2294 sermonis
1247 2267 1364 2301 fiducia;
1389 2269 1422 2295 ad
1448 2277 1529 2303 quem
1555 2269 1767 2302 dicetur:Quid

940 2307 962 2335 D
975 2314 1076 2340 clamas
1102 2314 1136 2340 ad
1158 2322 1198 2340 mc
1215 2314 1256 2340 "‘1’
1273 2313 1324 2340 Cui
1340 2321 1406 2348 ergo
1420 2322 1477 2348 pra:
1494 2315 1591 2342 timore
1607 2315 1708 2342 silentii
1725 2316 1764 2343 lex

975 2359 1065 2394 posita
1079 2363 1130 2391 est,
1149 2359 1176 2385 id
1195 2367 1279 2386 unum
1297 2359 1432 2394 congruit,
1452 2364 1482 2386 ut
1504 2359 1538 2386 ad
1560 2360 1646 2386 Deum
1668 2361 1766 2387 confu—

976 2405 1032 2440 giat
1044 2414 1050 2431 :
1064 2405 1089 2432 ei
1106 2409 1199 2431 autem
1219 2405 1266 2438 qui
1280 2405 1375 2432 audire
1396 2405 1522 2440 jubctur,
1538 2412 1629 2439 operae
1647 2404 1767 2440 pretium

977 2454 1008 2477 ut
1023 2450 1124 2477 divinis
1147 2450 1282 2476 mandatis
1302 2454 1445 2484 promptus
1467 2450 1609 2478 obaudiat.
1631 2451 1767 2478 Caeterum

978 2495 1059 2522 docto
1076 2501 1107 2520 ac
1122 2493 1241 2528 spiritali
1259 2499 1351 2529 aptum
1371 2495 1396 2521 id
1412 2503 1443 2522 ac
1461 2495 1601 2525 idoneum,
1618 2501 1647 2522 ut
1661 2496 1767 2530 suppli-

977 2539 1063 2567 cando
1072 2539 1242 2567 incessanter
1249 2540 1358 2573 clamet,
1370 2546 1425 2568 tum
1440 2542 1507 2568 mala
1519 2541 1660 2568 avertendi
1673 2549 1766 2574 causa,

977 2589 1033 2612 tum
1047 2589 1078 2612 ut
1091 2584 1125 2611 de
1140 2585 1276 2620 perceptis
1289 2585 1368 2613 bonis
1382 2586 1482 2621 gratias
1496 2591 1567 2622 agat.

1011 2630 1147 2666 mat.
1160 2630 1303 2665 Nunquam
1321 2631 1366 2658 ﬁat
1382 2632 1510 2659 utanima
1524 2633 1556 2660 ad
1572 2633 1618 2660 Dei
1635 2640 1663 2660 se
1679 2633 1769 2660 scien-

979 2675 1043 2703 tiam
1067 2675 1207 2706 extendat,
1223 2676 1289 2710 quin
1307 2677 1389 2708 Deus,
1404 2685 1456 2711 qua
1474 2685 1502 2704 se
1521 2677 1558 2704 illi
1584 2677 1703 2705 demittit
1724 2677 1768 2704 inn

978 2720 1136 2753 clinatione,
1153 2720 1270 2756 benigne
1291 2723 1489 2756 apprehensam
1505 2723 1537 2750 ad
1556 2731 1584 2750 se
1598 2723 1766 2750 subvexerit.

1290 2779 1400 2807 "Deut.
1428 2787 1464 2812 vi,
1488 2780 1514 2806 4.
1566 2780 1587 2795 ιδ
1612 2779 1696 2807 Exod.
1713 2787 1766 2812 :uv,
