1951 3076
275 135 344 169 i639

856 130 887 161 S.
911 130 1054 162 MAXIMI
1074 131 1286 162 CONFESSOR
1293 132 1329 162 is

1839 131 1910 164 1103

275 203 336 224 rum
350 194 423 231 quod
447 195 552 229 spectat
573 190 606 218 ad
629 190 762 218 virtutem
776 192 859 225 atque
873 194 1012 222 naturam,
1025 198 1066 217 ra-

1124 191 1167 218 καὶ
1182 191 1264 225 φύσιν
1281 191 1335 218 τῶν
1358 192 1444 218 ὄντων
1461 191 1728 227 πνευματικωτέρων
1745 190 1834 226 λόγων
1852 185 1911 228 μετ’

275 242 381 269 tionum
395 246 488 268 rerum
502 245 564 266 cum
583 236 699 265 scientia
711 236 837 264 collectio
854 243 886 263 ac
900 235 1014 271 agnitio.

310 286 354 314 45.
372 284 467 313 Messis
481 283 579 311 messis
590 287 642 316 est,
656 282 763 310 cunctis
781 282 922 309 inaccessa
937 285 1000 317 post
1014 281 1069 316 spi-

275 333 395 361 ritalium
413 338 504 358 rerum
520 329 663 366 mysticam
684 329 956 364 contemplationem,
976 328 1069 363 ignote

274 378 348 405 circa
372 380 493 404 mentem
509 375 664 402 consistens
680 374 729 401 Dei
753 373 938 401 consideratio
958 381 965 400 :
985 380 1068 408 quam

273 421 471 450 convenienter
486 420 542 448 Deo
559 419 651 452 θεῖοι-ι,
664 419 712 454 qui
728 427 762 446 ex
782 419 868 447 rebus
887 419 988 446 creatis
1003 418 1070 446 visi-

276 468 380 495 biiibus
394 471 423 494 et
437 466 624 494 invisibilibus
637 465 718 501 digne
731 465 892 493 Creatorem
905 464 1032 492 honorat.

309 513 353 540 44.
371 513 420 540 Εει
436 516 463 539 et
475 511 529 539 alia
545 511 643 539 messis
667 510 830 546 spiritalior,
846 518 907 546 quae
920 510 1007 545 ipsius
1020 510 1068 538 Dei

276 558 373 586 messis
389 558 511 590 dicitur;
524 557 633 592 aliaque
648 556 736 592 magis
754 556 867 592 mystica
882 557 1068 591 saeratiorque

275 603 459 636 circumcisio,
476 607 559 639 atque
582 602 657 630 aliud
675 602 831 630 abstrusius
855 601 1021 634 Sabbalum;
1039 601 1068 628 in

275 658 330 686 quo
348 651 422 677 Deus
434 649 469 676 ab
488 649 618 684 operibus
639 648 697 675 suis
718 648 892 676 sabbatizans
909 647 1067 683 requiescit,

271 697 349 732 juxta
372 695 440 722 illud
457 703 464 722 ε
479 695 570 722 Messi:
585 695 689 730 quidem
710 693 810 727 multa;
833 694 950 729 operarii
978 698 1068 720 autem

275 743 353 778 pauci
375 742 411 768 ".
427 741 478 768 Et:
494 740 662 768 Circumcisio
684 740 770 767 cordis
795 741 823 767 in
839 740 935 775 spiritu
960 739 993 766 “.
1012 739 1066 766 Et:

274 788 412 815 Benedizit
427 787 494 814 Deus
506 787 574 813 diem
585 786 736 822 septimum,
748 789 772 813 et
782 786 958 820 sanctificuvit
972 785 1067 818 illum;

1120 237 1274 272 ἐπιστήμης
1289 236 1404 272 συλλογὴ
1417 238 1463 263 καὶ
1475 236 1633 271 ἐπίγνωσις.

1157 286 1212 317 μγ’.
1226 279 1327 319 Θέρους
1341 283 1420 319 θέρος
1435 283 1519 314 ἐστὶν,
1534 283 1552 318 ἡ
1573 283 1655 310 πᾶσιν
1671 283 1772 315 ἄϐατος
1789 283 1819 320 (ἰ)
1840 284 1911 319 μετὰ

1118 327 1169 363 τὴν
1182 327 1236 354 τῶν
1255 328 1359 363 νοητῶν
1375 328 1510 364 μυστικὴν
1522 327 1639 363 θεωρίαν
1656 328 1721 362 περὶ
1741 328 1804 355 νοῦν
1818 328 1909 362 ἀγνὼ·

1120 381 1191 404 στως
1211 373 1395 408 συνισταμένη
1415 372 1461 399 τοῦ
1477 371 1544 399 Θεοῦ
1559 372 1725 407 κατανόησις
1740 381 1746 389 ·
1765 373 1800 408 ἢν
1823 381 1910 409 προσ-

1120 418 1200 454 φέρει
1216 418 1330 450 δεόντως
1343 420 1357 444 ὁ
1377 419 1408 445 ἐκ
1423 418 1476 444 τῶν
1498 417 1603 452 ὁρατῶν
1623 419 1669 444 καὶ
1696 418 1822 454 ἀοράτων
1850 427 1910 446 κτι-

1120 464 1230 500 σμάτων
1248 465 1331 497 ἀξὶως
1351 464 1490 501 γεραίρων
1503 464 1549 490 τὸν
1564 464 1715 490 Κτίσαντα.

1155 511 1207 546 μδ¹.
1223 511 1302 538 Ἐστι
1318 511 1365 538 καὶ
1382 511 1446 538 ἄλλο
1467 510 1727 546 πνευματικώτερον
1754 510 1846 546 θέρος,
1863 511 1913 537 αὗ-

1118 557 1164 584 τοῦ
1190 557 1336 592 λεγόμενον
1357 555 1428 584 εἷναι
1443 557 1491 583 τοῦ
1508 556 1576 583 Θεοῦ
1591 565 1598 572 ·
1617 557 1664 583 καὶ
1679 557 1745 592 ἄλλη
1769 566 1912 592 μυστικω-

1118 604 1185 639 τέρα
1201 605 1336 638 περιτομή
1351 612 1358 619 ο
1375 604 1420 630 καὶ
1435 603 1499 630 ἄλλο
1509 603 1702 638 κρυφιώτερον
1711 603 1864 636 Σαϐϐαῖον,
1879 606 1908 631 ἐν

1117 646 1139 684 ᾧ
1155 650 1208 676 ἀπὸ
1233 650 1287 676 τῶν
1303 650 1376 676 ἰδίων
1401 649 1489 684 ἔργων
1521 648 1694 681 σαῦΰατίζων
1709 650 1723 676 ὁ
1747 649 1816 680 Θεὸς
1845 650 1914 676 ἁνα-

1118 697 1218 728 παὺει,
1238 696 1308 723 κατὰ
1325 696 1365 728 τὸ,
1389 695 1420 722 Ὀ
1439 695 1498 730 μὲν
1518 695 1676 729 θερισμὸς,
1692 695 1790 728 πολύς
1803 703 1811 710 ·
1828 697 1858 722 oI
1873 695 1909 722 δὲ

1118 743 1245 778 ἐργάται.
1263 743 1370 777 ὀλ.’γσι.
1386 742 1441 769 Καὶ
1451 761 1458 773 ,
1471 740 1617 776 Περιτομὴ
1634 741 1759 775 καρδίας
1771 740 1807 767 ἐν
1817 741 1911 767 πνεύ-

1114 797 1196 822 ματι.
1216 788 1281 818 Καὶ,
1307 788 1484 821 Εὺλότησεν
1500 788 1517 814 ὁ
1533 786 1604 819 Θεὸς
1635 785 1693 820 τὴν
1721 785 1838 821 ἡμέραν
1854 785 1912 820 τὴν

274 835 337 870 quia
353 835 379 862 in
395 833 441 861 illo
457 837 603 860 cessaverat
620 832 652 859 ab
669 831 788 859 omnibus
805 831 925 867 operibus
941 831 994 858 suis
1009 839 1066 866 qui:

1124 833 1256 868 ἑϐδόμην,
1273 833 1321 859 καὶ
1339 833 1469 867 ἡγίασεν
1497 832 1595 866 αὑτήν
1608 841 1614 847 ·
1631 832 1675 859 ὅτι
1692 831 1727 858 ἐν
1742 831 1821 865 αὑτῇ
1837 841 1910 858 κατ-

274 880 343 906 υειιε
357 879 444 914 facere
461 882 574 914 mperat
591 877 625 904 ".

309 973 353 1000 45.
370 973 418 1000 Dei
435 971 534 1000 messis
547 975 599 1004 est,
621 978 682 1005 quae
703 970 731 997 in
750 969 821 1006 ipso,
839 970 868 997 in
885 969 939 997 ﬁne
953 969 1067 997 srcculo-

274 1018 507 1054 rum,‘dignorum
523 1025 637 1053 prorsus
653 1017 746 1044 futura
762 1016 841 1043 ﬁrma
861 1009 968 1042 mansio
980 1022 1011 1042 ac
1023 1022 1067 1042 se—

275 1064 324 1092 des
337 1068 389 1091 est.

310 1109 358 1136 ιθ.
370 1108 551 1136 Circumcisio
564 1107 656 1135 cordis
670 1107 698 1134 in
715 1107 814 1142 spiritu
829 1110 882 1140 est,
900 1105 1067 1134 naturalium

275 1162 374 1182 sensus
399 1153 553 1188 mentisque
575 1153 779 1188 operationum,
802 1153 875 1179 circa
892 1160 924 1179 ca
946 1160 1007 1187 qua:
1024 1152 1066 1179 vel

276 1206 359 1226 sensu
377 1198 568 1233 percipiuntur
585 1197 628 1224 vel
645 1199 736 1223 mente
756 1195 959 1231 intelliguntur,
976 1195 1066 1230 plena,

276 1252 325 1279 per
342 1242 461 1278 Spiritus
474 1241 657 1277 pratsentiam,
674 1241 842 1276 amputatio;
855 1248 908 1279 qua
929 1245 985 1267 tum
1007 1247 1071 1266 cor~

277 1296 328 1324 pus
344 1293 400 1315 tum
416 1287 535 1320 animus,
557 1287 585 1314 in
601 1287 628 1314 id
650 1286 723 1322 quod
746 1286 868 1314 divinius
881 1278 934 1318 est,
958 1286 1069 1321 penitus

277 1333 517 1360 transformentur.

311 1379 355 1406 47.
382 1378 430 1406 Dei
457 1378 643 1405 sabbatismus
665 1381 724 1409 est,
749 1384 841 1404 rerum
864 1381 1018 1404 crcatarum
1040 1376 1068 1404 in

277 1428 365 1461 ipsum
399 1425 478 1459 plena
508 1424 646 1457 reductio;
677 1431 738 1458 qua:
765 1423 964 1450 divinissimam
991 1431 1068 1451 suam

276 1471 476 1506 operationem,
501 1478 602 1497 arcana
633 1470 771 1501 nullisque
798 1469 890 1496 verbis
912 1469 1069 1504 explicabili

278 1517 394 1548 ratione,
412 1524 427 1542 a
442 1515 561 1542 naturali
579 1515 606 1542 in
630 1515 672 1542 eis
687 1515 847 1550 operatione
868 1522 975 1542 cessare
990 1515 1065 1542 facit.
1081 1534 1102 1563 ϐ

275 1562 371 1589 Cessat
383 1561 456 1588 enim
472 1560 586 1587 forsitan
600 1560 673 1587 Deus
686 1564 715 1587 et
729 1559 847 1594 quiescit
867 1567 882 1587 a
903 1560 1020 1587 naturali
1038 1559 1066 1586 in

277 1608 433 1643 quibusque
449 1606 533 1633 rebus
549 1605 720 1641 operatione,
737 1614 791 1641 qua
809 1613 852 1634 res
867 1606 989 1641 singulas
1007 1613 1067 1633 mo-

277 1654 335 1682 veri
350 1657 448 1680 natura
459 1657 647 1687 comparatum
659 1655 717 1684 est;
731 1659 793 1679 cum
813 1651 943 1679 nimirum
957 1659 1007 1687 pro
1019 1659 1068 1680 sua

276 1707 391 1736 qumque
409 1698 516 1725 ratione
531 1701 680 1732 eaptuque,
701 1697 794 1724 divina
815 1697 987 1732 apprehensa
1003 1704 1069 1732 ope-

275 1744 382 1772 ratione
393 1741 549 1770 naturalem
559 1749 637 1768 suam
649 1741 721 1769 circa
735 1741 824 1776 ipsum
836 1741 921 1768 Deum
939 1742 1068 1769 termina-

275 1790 357 1818 verit.

311 1835 356 1862 48.
372 1834 469 1869 Opera:
486 1833 604 1869 pretium
625 1832 765 1867 inquirant
780 1832 833 1860 viri
852 1832 979 1865 studiosi,
995 1840 1069 1867 qua:-

277 1888 340 1908 nam
355 1879 534 1915 intelligenda
558 1879 613 1906 sint
637 1885 732 1913 opera,
758 1886 819 1913 qua:
841 1878 914 1905 Deus
928 1878 1011 1913 etrapit
1026 1878 1068 1906 fa-

277 1934 357 1959 cere;
374 1933 406 1953 ac
422 1933 551 1960 qurenam
570 1932 667 1951 rursus
691 1924 746 1956 illa,
772 1932 833 1958 quat
850 1931 905 1951 non
929 1924 1021 1958 coepit.
1040 1924 1068 1951 Si

278 1972 389 2006 quidem
403 1972 476 1998 enim
499 1970 636 2005 requievit
650 1970 684 1997 ab
700 1970 829 1997 omnibus
849 1971 991 2005 operibus,
1008 1978 1069 2005 quae

279 2022 400 2053 cmperat
415 2017 523 2049 facere;
538 2016 624 2051 liquet
639 2017 673 2043 ab
688 2016 728 2044 eis
744 2024 798 2043 non
816 2016 994 2051 requievissc,
1009 2024 1070 2051 qum

279 2071 334 2091 non
347 2067 468 2098 cmperat
484 2062 584 2089 facere.
599 2061 638 2089 Ne
653 2061 725 2089 forte
738 2062 822 2096 igitur
843 2061 891 2088 Dei
907 2069 991 2096 opera
1008 2069 1070 2096 quae

280 2113 456 2143 tcmporanee
478 2111 623 2142 coeperunt
646 2106 726 2143 47],
749 2115 820 2139 esse,
836 2115 882 2134 res
897 2114 993 2134 omnes
1014 2107 1070 2134 sint

284 2162 345 2188 quat
361 2153 539 2188 participant,
565 2157 641 2187 puta.
666 2153 782 2180 diversa:
798 2161 889 2180 rerum
910 2153 1070 2180 substantia:

1084 865 1104 892 Β
1117 879 1252 906 ἐπαυσεν
1262 879 1320 905 ἀπὸ
1332 877 1452 905 πάντων
1460 877 1518 905 τῶν
1527 877 1621 913 ἔργων
1631 878 1735 911 αὑτοῦ,
1746 875 1791 904 ὧν
1798 878 1911 913 ἤρξατο

1118 927 1134 953 o'
1150 926 1222 958 Θεὸς
1236 925 1372 958 ποιῆσαι.

1154 970 1205 1006 με’.
1221 971 1287 998 Θεοῦ
1302 971 1382 1006 θέρος
1399 971 1472 997 ἐστὶν
1483 991 1491 1003 ,
1509 971 1526 1006 ἡ
1541 972 1582 1003 εις
1598 971 1680 998 αὑτὸν
1700 971 1772 998 κατὰ
1784 971 1835 1007 τὴν
1855 971 1911 998 τῶν

1117 1016 1223 1043 αἰώνων
1241 1016 1452 1050 ἀποπερὼτωσιν
1460 1015 1591 1052 γινομένη
1607 1015 1661 1043 τῶν
1680 1015 1764 1048 ἀξίων
1792 1016 1911 1043 καθόλου

1118 1062 1186 1097 μονή
1203 1070 1233 1088 τε
1248 1061 1296 1088 καὶ
1315 1061 1430 1097 ἵδρυσις.

1154 1107 1213 1142 pg’.
1234 1108 1278 1134 'Ev
1294 1107 1430 1143 πνεύματι
1444 1107 1581 1143 περιτομὴ
1595 1107 1710 1143 καρδίας
1726 1107 1813 1139 ἐστὶν,
1827 1107 1845 1142 ἡ
1862 1115 1907 1140 γι-

1118 1154 1218 1189 νομένη
1236 1153 1290 1180 τῶν
1304 1153 1363 1181 κατ’
1375 1153 1502 1188 αἴσθησιν
1515 1154 1561 1180 καὶ
1576 1153 1638 1180 νοῦν
1652 1153 1715 1189 περὶ
1731 1153 1766 1180 τὰ
1783 1152 1906 1188 αἰσθητὰ

1117 1199 1164 1225 καὶ
1180 1198 1214 1224 τὰ
1226 1198 1310 1233 νοητὰ
1325 1198 1447 1232 φυσικῶν
1470 1198 1617 1234 ἐνεργειῶν
1635 1197 1770 1232 παντελὴς
1799 1198 1910 1233 περιαί-

1120 1254 1193 1281 ρεσις
1209 1253 1215 1260 ·
1234 1245 1278 1271 διὰ
1290 1243 1341 1279 τῆς
1357 1244 1468 1280 ἀμέσως
1495 1244 1526 1270 τό
1544 1253 1573 1270 τε
1587 1244 1667 1280 σῶμα
1685 1245 1732 1271 καὶ
1754 1244 1804 1279 τὴν
1818 1244 1910 1279 ψυχὴν

1117 1289 1215 1322 ὑλικῶς
1231 1289 1460 1325 μεταμορφούσης
1478 1289 1545 1325 πρὸς
1572 1289 1603 1316 τδ
1629 1289 1768 1325 θειότερον
1779 1310 1786 1322 ,
1802 1297 1910 1325 παρου-

1119 1333 1180 1366 σίας
1191 1334 1237 1360 τοῦ
1256 1334 1426 1368 Πνεῦματος.

1156 1378 1208 1415 μξ.
1227 1379 1295 1406 Θεοῦ
1323 1379 1507 1414 σαῦδατισμός
1524 1378 1609 1412 ἔστιν,
1624 1379 1642 1415 ἡ
1657 1379 1697 1411 είς
1712 1379 1796 1405 αὐτὸν
1819 1379 1910 1406 διόλου

1118 1425 1173 1452 τῶν
1199 1424 1393 1459 πεποιημένων
1417 1424 1583 1459 κατάντησις
1595 1431 1602 1439 ·
1619 1423 1681 1451 καθ’
1696 1424 1730 1458 ἢν
1753 1423 1911 1450 καταπαύει

1118 1470 1169 1505 τῆς
1183 1470 1226 1496 ἐπ’
1242 1470 1335 1501 αὐτοῖς
1345 1470 1465 1505 φυσικῆς
1474 1470 1628 1506 ἐνεργείας,
1643 1469 1693 1507 τὴν
1705 1469 1790 1498 αὐτοῦ
1803 1470 1912 1497 θειοτά-

1119 1525 1169 1552 την
1197 1516 1325 1552 ἀρρήτως
1361 1515 1563 1552 ἐνεργουμένην
1586 1516 1651 1554 [Fr.
1673 1518 1910 1553 ὲνεργουμένοις]

1118 1563 1270 1599 ἐνέργειαν.
1285 1562 1406 1590 [latis-rat
1420 1562 1474 1598 γὰρ
1492 1563 1507 1589 ὸ
1523 1562 1590 1594 Θεὸς
1605 1564 1657 1598 τῆς
1681 1563 1711 1589 ἐν
1726 1562 1835 1597 ἑκάστῳ
1855 1563 1911 1589 τῶν

1121 1609 1206 1636 δντων
1226 1609 1308 1644 τυχὸν
1335 1608 1453 1643 φυσικῆς
1478 1608 1638 1644 ἐνεργείας,
1653 1609 1716 1635 καθ’
1727 1608 1762 1644 ἢν
1789 1609 1910 1636 ἕκαστον

1118 1655 1173 1681 τῶν
1190 1654 1276 1681 ὄντων
1290 1653 1412 1688 φυσικῶς
1426 1653 1561 1680 κινεῖσθαι
1579 1653 1711 1688 πέφυκεν,
1723 1654 1826 1681 ὁπόταν
1841 1655 1911 1682 ἐκα-

1119 1708 1182 1726 στον
1199 1701 1248 1736 τῆς
1271 1699 1348 1731 Θείας
1371 1699 1510 1733 ἀναλόγως
1535 1699 1730 1734 ἐπιλαϐόμενον
1756 1700 1911 1735 ἐνεργείας,

1118 1745 1168 1781 τὴν
1180 1745 1252 1772 κατὰ
1264 1744 1345 1780 φύσιν
1356 1744 1459 1771 οίκείαν
1475 1744 1540 1780 περὶ
1557 1744 1639 1772 αὐτὴν
1662 1745 1743 1780 ὁρίσῃ
1776 1745 1822 1771 τδν
1844 1745 1912 1772 Θεὸν

1118 1791 1270 1827 ἐνέργειαν.

1156 1836 1213 1872 μη¹.
1227 1836 1363 1872 Ζητητέον
1373 1837 1431 1868 τοῖς
1448 1836 1613 1869 σπουδαίοις,
1627 1837 1688 1863 τὶνα
1705 1836 1824 1872 καθήκει
1835 1838 1912 1865 ,νοεῖν

1119 1880 1190 1910 εἶναι
1202 1883 1236 1909 τὰ
1255 1882 1324 1918 ἔργα
1340 1880 1377 1908 ὢν
1390 1881 1556 1919 ἧρξατοΙτῆς
1570 1882 1704 1916 γενέσεως
1727 1883 1742 1909 ὁ
1756 1882 1824 1914 Θεὸς
1840 1892 1846 1897 ·
1863 1883 1912 1909 καὶ

1118 1930 1180 1956 τίνα
1197 1929 1288 1961 πάλιν,
1306 1925 1343 1955 ὧν
1356 1929 1407 1955 οὐκ
1426 1928 1538 1964 ἤρξατο.
1572 1929 1605 1956 Εἰ
1629 1928 1683 1964 γὰρ
1707 1928 1817 1955 πάντων
1843 1937 1910 1955 χατ-

1120 1975 1224 2001 έπαυσε
1237 1973 1291 2000 τῶν
1302 1973 1401 2009 ἔργων,
1421 1970 1459 2000 ὧν
1473 1973 1575 2009 ἤρξατο
1598 1973 1720 2008 ποιῆσαι,
1735 1973 1816 2009 δῆλον
1840 1975 1914 2000 ὲκεί-

1120 2027 1174 2046 νων
1189 2019 1220 2045 οὐ
1236 2015 1463 2051 κατέπαυσεν,ὦν
1472 2019 1522 2045 οὐκ
1534 2018 1636 2053 ἦρξατο
1654 2019 1780 2053 ποιῆσαι.
1795 2019 1911 2054 Μήποτε

1119 2061 1177 2095 οὖν,
1189 2063 1258 2100 ἔργα
1273 2063 1323 2098 μὲν
1333 2062 1401 2089 Θεοῦ
1414 2062 1549 2098 χρονικῶς
1560 2063 1685 2098 ἡργμένα
1695 2063 1741 2089 τοῦ
1753 2062 1826 2089 εἷναί
1838 2064 1910 2094 ἐστι,

1120 2108 1210 2136 πάντα
1224 2108 1260 2134 τὰ
1283 2108 1347 2135 ὄντα
1367 2108 1516 2143 μετέχοντα
1536 2116 1542 2122 ·
1562 2105 1618 2134 οἷον
1650 2109 1678 2134 αξ
1700 2108 1825 2144 διάφοροι
1855 2109 1912 2134 τῶν

1120 2154 1205 2180 ὅντων
1219 2154 1319 2180 οὐσίαι.
1335 2153 1373 2180 Τὸ
1387 2154 1442 2189 γὰρ
1461 2153 1497 2189 μὴ
1517 2153 1557 2186 ὃν,
1579 2154 1686 2188 ἔχουσιν
1705 2154 1796 2180 αὐτῶν
1814 2154 1860 2181 τοῦ
1873 2153 1911 2181 εἷ-

283 2206 331 2225 scu
357 2201 460 2225 natum:
484 2205 516 2224 ac
537 2197 672 2224 essentia.
699 2197 805 2225 Habent
827 2197 900 2226 enim
929 2205 985 2224 non
1010 2205 1066 2224 esse

1124 2209 1167 2227 ναι
1189 2200 1385 2236 πρεσὸὑτερον.
1402 2197 1457 2226 Ἦν
1472 2200 1525 2236 γάρ
1550 2209 1626 2232 ποτε,
1640 2201 1684 2226 ὅτε
1701 2200 1734 2226 τὰ
1750 2200 1816 2227 ἧνται
1845 2209 1910 2236 μετ-

283 2244 408 2279 (nihilnm
429 2242 539 2278 vocant)
562 2243 704 2278 antiquius
726 2243 785 2279 ipso
801 2251 894 2271 earum
911 2251 982 2271 esse.
1005 2244 1071 2271 Erat

282 2290 355 2318 enim
377 2289 543 2324 aliquando,
569 2297 632 2316 cum
657 2297 704 2316 res
727 2297 789 2324 qua:
811 2289 991 2324 participant,
1013 2297 1069 2317 non

282 2339 370 2363 erant.
385 2335 433 2362 Dei
445 2339 536 2362 autem
549 2334 664 2362 forsitan
676 2342 770 2369 opera,
784 2342 845 2369 qua:
854 2342 909 2361 non
924 2339 1069 2370 coeperunt

283 2389 456 2416 temperance
478 2389 549 2413 esse,
567 2389 598 2408 ca
615 2385 680 2408 sunt
695 2389 756 2416 qum
773 2381 828 2408 vim
842 2381 945 2408 habent
960 2386 990 2408 ut
1007 2389 1070 2416 par-

282 2427 441 2461 ticipentur,
454 2434 572 2460 quarunt
585 2434 630 2453 res
641 2426 687 2453 Dei
699 2433 815 2453 munere
829 2430 893 2453 sunt
905 2425 1066 2461 participes;

281 2472 433 2508 eujusmodi
451 2476 525 2504 sunt,
541 2472 658 2507 exempli
674 2480 766 2503 causa,
786 2472 903 2505 bonitas,
918 2480 949 2499 ac
964 2473 986 2499 si
1002 2472 1068 2507 quid

281 2518 411 2545 bonitatis
428 2518 534 2545 ratione
554 2517 820 2553 comprehenditur:
837 2518 1004 2553 omninoque
1016 2518 1071 2546 vita

281 2563 371 2590 omnis
392 2569 421 2591 et
441 2564 632 2591 immortalitas
652 2567 680 2592 et
695 2563 857 2598 simplicitas
872 2569 900 2590 et
913 2564 1072 2591 immutabi-

281 2609 343 2636 iitas
360 2615 387 2636 et
401 2610 538 2642 inﬁnitas;
557 2615 657 2637 cuncta
669 2609 788 2645 denique
807 2617 868 2644 qum
889 2610 962 2637 circa
984 2610 1073 2645 ipsum

281 2656 468 2684 cssentialitcr
486 2656 690 2691 intelliguntur;
709 2663 770 2690 qua:
787 2660 815 2683 et
831 2655 878 2682 Dei
898 2662 980 2690 opera
998 2661 1072 2689 sunt,

316 2737 339 2752 "
352 2736 418 2762 Luc.
442 2745 469 2767 χ,
479 2736 506 2762 2.
545 2735 567 2751 ²⁶
580 2737 658 2763 Rom.
671 2744 700 2768 ιι,
713 2736 758 2763 29.
797 2736 818 2751 ⁸⁷
829 2735 898 2762 Gen.
911 2743 941 2767 ιι,
952 2735 980 2762 2.

1128 2246 1227 2281 έχοντα
1240 2246 1290 2272 οὐκ
1301 2244 1346 2280 ἦν.
1360 2245 1425 2272 Θεοῦ
1441 2246 1469 2272 δὲ
1485 2246 1553 2281 ἔργα
1569 2246 1648 2281 τυχὸν
1659 2247 1710 2273 οὐκ
1725 2247 1850 2282 ἡργμὲνα
1862 2247 1910 2272 τοῦ

1121 2289 1192 2318 εἶναι
1214 2291 1360 2327 χρονικῶς,
1376 2291 1412 2318 τὰ
1432 2291 1497 2319 ὄντα
1530 2291 1661 2327 μεθεκτὰ,
1681 2290 1718 2318 ὢν
1736 2292 1809 2319 κατὰ
1828 2293 1909 2328 χάριν

1123 2337 1268 2373 μετέχουσι
1289 2337 1322 2364 τὰ
1348 2337 1412 2364 ὄντα
1440 2337 1588 2373 μετέχοντα
1603 2346 1610 2354 ·
1631 2335 1727 2372 clomi]
1761 2338 1911 2372 ἀγαθότης,

1121 2384 1169 2411 καὶ
1196 2384 1250 2410 πᾶν
1266 2384 1292 2410 εἴ
1306 2391 1333 2409 τι
1354 2383 1526 2418 ἀγαθὸτητος
1543 2383 1738 2419 ἐμπεριέχεται
1757 2383 1841 2420 λόγῳ.
1857 2385 1912 2410 Καὶ

1122 2428 1215 2460 ἁπλῶς
1238 2429 1314 2454 πᾶσα
1339 2427 1406 2463 ζωὴ,
1423 2428 1469 2454 καὶ
1497 2428 1631 2454 ἀθανασία
1662 2429 1708 2456 καί
1727 2429 1850 2463 ἁπλότης
1867 2430 1911 2455 καὶ

1123 2473 1241 2509 ὰτρεψία
1252 2474 1299 2500 καὶ
1316 2473 1441 2509 ἀπειρία,
1458 2473 1504 2500 καὶ
1525 2473 1575 2500 ὅσα
1592 2474 1658 2509 περὶ
1673 2474 1756 2500 αὑτὸν
1773 2475 1910 2505 οὐσιωδῶς

1121 2519 1264 2554 θεωρεῖται
1283 2526 1290 2533 ·
1307 2518 1386 2545 ἃτινα
1407 2518 1454 2544 καὶ
1465 2517 1535 2553 ἔργα
1551 2518 1620 2544 Θεοῦ
1631 2519 1694 2549 εἱσι,
1713 2518 1762 2544 κα⁴ι
1777 2518 1829 2545 οὐκ
1842 2518 1909 2552 ὴργ-

1124 2566 1191 2602 μένα
1205 2565 1350 2600 χρονικιῖκ.
1367 2565 1405 2592 Οὺ
1429 2565 1482 2601 γάρ
1499 2573 1564 2592 ποτε
1584 2564 1771 2600 πρεσόύτερον
1793 2564 1909 2600 ἀρετῆς,

1122 2611 1152 2638 τὺ
1168 2611 1218 2637 οὐκ
1229 2609 1281 2646 ἦν’
1297 2610 1356 2637 οὐδέ
1368 2619 1440 2642 τινος
1456 2610 1536 2637 ἄλλου
1551 2610 1606 2636 τῶν
1621 2610 1774 2645 εἰρημένων
1789 2618 1796 2625 ·
1815 2609 1866 2636 κᾶν
1878 2609 1912 2634 1'1

1126 2657 1273 2692 μετέχοντα
1287 2656 1377 2683 αὐτῶν
1387 2655 1448 2683 καθ’
1462 2655 1543 2687 αὐτὰ,
1554 2653 1654 2691 ἦρκται
1668 2655 1715 2682 τοῦ
1731 2652 1805 2683 εἶναι
1818 2663 1911 2691 χρονι-

318 2802 353 2839 (ἱ),
372 2803 400 2828 Ἡ
419 2802 514 2830 πᾶσιν
535 2802 652 2839 ἄϐατος.
670 2803 714 2839 Et
732 2803 778 2830 hic
802 2803 885 2830 Marci
901 2810 962 2837 cap.
981 2801 1008 2836 '5,
1024 2810 1066 2830 εει(

1124 2810 1142 2829 ι)
1169 2802 1320 2837 νηπτικῶν,
1347 2811 1398 2831 nec
1413 2804 1503 2839 ipsum
1534 2804 1574 2832 illi
1591 2804 1658 2832 satis
1677 2804 1867 2836 emendatum,
1882 2808 1912 2830 ut

282 2837 355 2872 quod
370 2838 459 2872 primo
472 2842 528 2871 est,
549 2838 580 2864 'll
597 2839 670 2864 πᾶσα
686 2838 794 2870 ἄϐατος,
808 2843 862 2865 etc.
