1951 3076
108 167 172 201 1101

531 158 698 194 CAPITUM
717 161 853 191 THEOL.
875 158 923 189 ET
941 159 1059 189 (ECON.
1080 154 1274 188 CENTL'RIA
1296 158 1319 188 Ι.

1668 154 1737 186 1102

103 223 171 255 χῶς.
191 223 326 258 Ἀναρχος
351 221 405 256 γὰρ
438 222 511 248 πᾶσα
536 220 632 256 ἀρετὴ,
663 219 700 254 μὴ
725 218 824 253 ἔλουσα
850 216 915 247 cev,

965 221 974 242 t
990 220 1166 250 temperance
1180 223 1235 242 non
1252 218 1404 249 empernnt.
1421 213 1567 248 Nunquam
1588 213 1662 241 enim
1682 221 1737 241 non

104 269 200 304 χρόνον
222 269 322 303 ἑαυτῆς
343 267 549 304 πρεσϐύτερον
570 263 614 292 οἶα
643 265 688 291 τὸν
704 264 771 291 Θεδν
795 263 893 298 ἔχουσα

103 315 152 342 τοῦ
168 313 238 342 εἶναι
255 314 411 350 μονώτατον
427 313 519 345 ἁῖδὶως
535 313 696 348 γεννήτορα.

945 266 1016 292 erat,
1030 261 1132 288 virtute
1147 260 1288 294 antiquius
1303 259 1365 291 fuit,
1380 259 1472 286 ultore
1489 259 1544 286 alio
1559 266 1656 286 corum
1674 266 1739 294 qua:

945 307 1020 334 dicta
1047 311 1126 339 sunt;
1147 305 1254 333 tametsi
1269 313 1301 332 ea
1323 312 1385 340 qua:
1406 304 1582 339 participant,
1607 304 1665 339 ipsa
1687 311 1735 331 sua

106 363 214 390 ratione
239 367 416 397 temperance
444 369 504 390 esse
532 361 676 396 coeperint.
702 358 797 387 Omnis
822 357 897 384 enim
917 355 1005 382 virtus
1021 360 1123 382 :etcrna
1140 359 1191 386 est,
1207 361 1268 388 qua:
1282 357 1433 387 tempusse
1462 351 1604 386 antiquius
1631 352 1736 379 nullum

105 411 207 439 habeat
221 418 228 436 :
247 396 350 444 ut
366 409 451 436 Deum
470 405 719 443 singularissimum
740 404 801 439 ejus
824 401 897 438 quod
913 404 965 433 est,
983 405 1126 435 parentem
1142 399 1169 426 in
1183 399 1382 433 sempiternum
1398 396 1507 424 habeat.

143 457 198 493 μθ’.
214 458 327 485 Πάντων
340 456 393 484 τῶν
412 456 498 482 ὅντων
515 456 561 482 καὶ
577 453 745 490 μετεχόντων
766 452 813 479 καὶ
832 450 896 486 μεθ-

106 505 205 534 εκτῶν,
223 502 372 538 ἀπειράκις
394 502 516 538 ἀπείρως
531 503 544 528 ὁ
558 501 624 532 Θεὸς
644 499 823 534 ὑπεξῄρηται.
838 497 896 523 Πᾶν

105 551 162 585 γὰρ
179 550 241 576 εἴτι
255 549 301 575 τὸν
311 548 357 575 τοῦ
377 546 448 574 εἶναι
463 547 541 581 λνὶγοιι
558 546 615 581 ἔχει
636 543 894 580 κατηγορούμενον,

109 596 192 630 ἔργον
207 593 276 620 Θεοῦ
290 593 419 627 τυγχάνει
432 600 439 607 ·
460 592 511 618 κᾶν
520 591 551 618 τὸ
565 592 615 626 μὲν
631 590 702 617 κατὰ
716 589 822 622 γένεσιν
844 585 895 622 ἦρ-

105 650 171 668 κται
189 640 220 675 (j)
236 639 283 666 τοῦ
301 637 372 665 εἶναι
387 637 520 673 χρονικῶς
533 645 540 653 ·
560 636 591 662 τὸ
604 635 644 666 δὲ,
660 634 732 662 κατὰ
742 634 828 669 ,χάριν
841 634 897 664 τοῖς

105 687 249 721 γεγονόσιν
280 680 517 720 ἑμπέφυκεν,οἶά
547 690 590 713 τις
621 681 734 716 δύναμις
761 679 896 714 ἔμφυτος,

105 732 154 758 τὸν
180 732 210 757 ὲν
235 731 318 756 πᾶσιν
341 729 406 755 ὄντα
429 728 498 754 Θεὸν
522 726 692 762 διαπρυπίως
715 724 897 760 κηρύττουσα.

147 817 184 844 ν’.
197 817 238 844 Τὰ
252 817 375 844 ἀθάνατα
395 816 495 847 πάντα,
510 814 558 841 καὶ
571 812 641 848 αὑτὴ
658 813 674 848 ἠ
688 811 821 838 ἀθανασία
832 818 840 826 ο
852 809 900 836 καὶ

106 864 143 891 τὰ
171 864 262 896 ζῶντα
289 862 388 894 πάντα,
417 861 464 887 καὶ
490 859 559 895 αὑτὴ
575 859 680 895 ήζωή’
699 858 746 884 καὶ
770 857 806 883 τὰ
833 856 899 889 ἅγια

983 449 1029 476 49.
1055 449 1128 476 Deus
1153 448 1237 475 rebus
1259 446 1387 474 omnibus
1412 453 1473 480 qua:
1489 445 1670 480 participant,
1689 449 1738 473 aut

946 495 1001 522 vim
1015 495 1117 522 habent
1131 497 1162 521 ut
1176 493 1387 528 participentur,
1404 491 1535 518 inlinities
1549 492 1655 519 inﬁnite
1667 492 1739 519 emi-

946 545 1002 568 net.
1021 539 1160 575 Quidquid
1183 539 1256 566 enim
1272 542 1325 570 est,
1339 538 1373 566 de
1387 546 1442 572 quo
1459 538 1518 573 ejus
1532 538 1605 572 quod
1625 543 1667 565 est
1678 546 1739 565 esse

945 587 1016 614 ratio
1030 587 1205 621 praedicetur,
1221 585 1269 612 Dei
1288 592 1358 619 opus
1377 589 1434 616 est;
1457 584 1566 611 tametsi
1579 584 1655 612 aliud
1679 585 1741 620 qui-

947 632 1008 659 dem
1024 637 1200 666 temporanee
1217 634 1278 658 ortu
1301 630 1417 665 πωροι-ῆι
1435 637 1511 662 esse,
1529 630 1605 657 aliud
1617 630 1665 657 Dei
1680 639 1741 657 mu-

947 686 1014 705 nere
1028 678 1129 705 creatis
1144 677 1256 704 insitum
1271 676 1317 707 sit,
1331 683 1381 703 ccu
1395 675 1436 702 vis
1447 675 1570 710 qumdam
1587 675 1621 703 iis
1635 676 1738 709 innata,

947 732 1008 758 quae
1033 724 1119 750 Deum
1148 723 1178 750 in
1205 721 1334 750 omnibus
1366 721 1544 749 cxsistentem
1568 722 1642 749 clare
1669 730 1739 757 prae-

947 770 1030 797 dicet.

983 815 1027 842 50.
1059 815 1226 842 immortalia
1253 815 1363 847 omnia,
1393 814 1507 850 ipsaque
1530 814 1740 848 immortalitas;

948 861 1124 896 virentiaque
1138 860 1242 892 omnia,
1260 860 1373 895 ipsaque
1394 861 1507 893 vita;'et
1528 865 1622 888 sancta
1638 860 1741 892 omnia,

107 911 210 941 πάντα,
225 909 273 936 καὶ
287 908 356 944 αὐτὴ
374 909 390 943 ἠ
407 907 520 941 ἁγιότης
531 914 539 922 ‘
557 906 605 932 καὶ
619 905 654 931 τὰ
670 904 784 938 ὲνάρετα
800 903 898 934 πάντα,

962 915 1064 942 psaquc
1079 906 1228 939 sanctitas;
1251 907 1409 941 virtuteque
1429 906 1543 941 praedita
1560 907 1652 934 omnia
1674 907 1744 942 (stu-

109 957 159 983 καὶ
177 955 277 990 αὑτὴή
295 954 380 990 ἀρετή
396 962 403 968 ’
422 954 469 980 καὶ
485 952 520 978 τὰ
530 951 621 986 ἀγαθὰ
639 950 741 981 πάντα,
757 949 805 975 καὶ
827 948 897 982 αὑτὴ

107 1004 124 1038 ἠ
146 1001 286 1036 ἀγαθότης
302 1009 308 1015 ⁸
324 1001 371 1027 καὶ
387 1000 421 1026 τὰ
439 1000 504 1026 ὄντα
516 999 604 1025 πάντα
617 1019 624 1030 ,
641 997 688 1023 καὶ
709 996 778 1030 αὐτὴ
793 996 809 1030 ἡ
825 993 896 1021 ὀντό-

107 1057 171 1084 της,
192 1047 258 1074 θεοῦ
285 1045 426 1083 προδήλως
455 1044 523 1081 ἔργα
544 1043 724 1078 τυγχάνουσιν
737 1050 744 1057 ·
761 1040 829 1068 ἀλλὰ
841 1060 848 1072 ,
865 1039 900 1066 τὰ

109 1095 174 1130 μὲν,
185 1094 232 1121 τοῦ
247 1091 317 1120 εἶναι
329 1092 462 1128 χρονικᾶκ
478 1090 603 1126 ὴργμένα
617 1099 623 1104 ·
642 1087 676 1125 ἦν
692 1088 746 1124 γάρ
757 1095 822 1114 ποτε
832 1107 840 1119 ,
855 1086 900 1112 ὅτε

109 1142 162 1167 οὐκ
177 1138 212 1175 ἧν
225 1149 232 1156 -
254 1140 289 1167 τὰ
312 1139 352 1171 δὲ,
365 1138 414 1165 τοῦ
435 1135 508 1164 εἶναι
527 1135 662 1172 χρονιχῶς
685 1135 735 1161 οὐκ
762 1132 900 1169 ὴργμὲνα.

109 1187 170 1213 Οὐκ
185 1184 220 1222 ἦν
237 1186 291 1221 γάρ
310 1193 386 1217 ποτε,
402 1185 447 1211 ὅτε
464 1183 514 1210 οὐκ
536 1180 571 1218 ἦν
591 1181 676 1217 ἀρετὴ
701 1181 748 1208 καὶ
763 1178 901 1213 ἀγαῡότης

110 1234 160 1260 καὶ
183 1233 296 1268 ἁγιότης
321 1233 370 1258 καὶ
395 1229 546 1257 ἀθανασία.
567 1228 622 1254 Καὶ
643 1227 678 1254 τὰ
705 1226 755 1261 μὲν
776 1224 903 1260 ὴργμένα

109 1278 260 1314 χρονικὼς,
278 1278 312 1312 τῇ
328 1277 429 1311 μετοχῇ
454 1274 510 1301 τῶν
531 1273 582 1300 οὒκ
601 1272 747 1309 ἡργμένων
769 1270 903 1307 χρονικῶς

111 1325 168 1351 εἰσὶ
190 1324 238 1351 καὶ
257 1323 382 1356 λέγονται
394 1320 466 1347 τοῦθ’
476 1320 544 1355 ὅπερ
559 1319 607 1346 καὶ
625 1318 678 1344 εἰσὶ
693 1318 742 1344 καὶ
766 1317 902 1351 λέγονται.

112 1370 210 1405 Πάσης
237 1369 291 1404 γὰρ
312 1368 384 1403 ζωῆς
404 1367 452 1393 καὶ
472 1364 633 1397 ἀθανασίας,
652 1363 794 1399 ἅγιότητός
810 1371 840 1389 τε
858 1362 905 1388 καὶ

111 1417 238 1452 ἀρετῆς,
267 1413 432 1450 δημιουργός
464 1413 536 1438 ὲστιν
558 1412 572 1438 ὁ
599 1410 665 1442 Θεός
681 1417 688 1424 ·
717 1409 788 1445 ὑπὲρ
811 1408 905 1435 οὐσίαν

111 1463 169 1498 γὰρ
187 1462 297 1489 πάντων
323 1460 378 1486 τῶν
401 1467 431 1486 τε
445 1457 602 1493 νοουμένων
627 1457 674 1484 καὶ
692 1456 846 1490 λεγομένων
863 1453 905 1486 ἑξ-

112 1509 228 1544 ῄρηται.
403 1507 408 1513 ”

152 1597 205 1626 να’.
228 1598 262 1624 Ἦ
283 1597 350 1632 ἕκτη
369 1595 440 1623 κατά
451 1595 501 1631 τὴν
524 1594 635 1630 Γραφὴν
657 1593 759 1629 ἡμέρα,
776 1591 826 1627 τὴν
852 1590 905 1617 τῶν
919 1593 941 1622 c

114 1645 172 1673 ὑπὸ
193 1644 275 1679 φύσιν
302 1642 388 1669 ὄντων
415 1642 567 1677 εἰσηγεῖται
595 1640 794 1674 συμπλήρωσιν
810 1645 818 1653 ⁸
838 1638 855 1672 ὴ
878 1637 906 1663 δὲ

115 1691 232 1725 ἑὸδόμη.
244 1690 294 1724 τῆς
310 1687 442 1730 χρονικῆς
458 1687 590 1721 ἰδιότητος
611 1685 778 1730 περιγράφει
802 1683 852 1718 τὴν
865 1683 907 1709 κί-

116 1745 196 1771 νησιν
213 1743 220 1750 ·
238 1736 255 1770 ἡ
269 1734 297 1760 δὲ
307 1728 398 1768 ὀγδόή,
413 1732 463 1767 τῆς
481 1731 552 1766 ὑπὲρ
567 1730 648 1764 φύσιν
667 1730 714 1756 καὶ
727 1728 824 1764 χρόνον
841 1728 907 1753 ὐπο-

117 1782 194 1817 δηλοί
210 1779 404 1809 καταστάσεως
421 1778 466 1804 τὸν
479 1777 589 1813 τρόπον.

159 1868 212 1904 νβ’.
230 1869 260 1894 '0
288 1867 338 1901 τὴν
364 1867 448 1902 ἕκτην
468 1866 549 1901 μόνον
580 1864 651 1891 κατὰ
670 1865 716 1891 τὸν
731 1864 812 1900 νόμον
836 1864 910 1898 ἄγων

120 1918 240 1953 ἡμέραν,
267 1916 317 1951 τὴν
342 1915 402 1941 κατ’
416 1914 557 1948 ἐνέργειαν
585 1913 763 1940 ὲκθλίϐουσαν
786 1913 836 1948 τὴν
859 1912 911 1947 ψυ-

120 1965 173 1999 χὴν
205 1963 260 1988 τῶν
298 1961 391 1988 παθῶν
432 1961 540 1996 φεύγων
575 1960 751 1991 δυναστείαν,
784 1960 827 1986 διὰ
862 1960 912 1994 τῆς

121 2009 263 2042 Θαλάσσης
291 2007 401 2041 ἀφόϐως
424 2007 471 2032 ἐπὶ
490 2006 540 2041 τὴν
565 2006 669 2041 ἔρημον
691 2005 824 2032 διαΰαῖνει
841 2013 847 2020 ·
861 2006 912 2040 τὴν

120 2053 177 2081 τῶν
204 2053 300 2080 παθῶν
319 2052 421 2087 ἀργίαν
449 2051 533 2087 μόνην
556 2050 738 2083 σαϐϐατιζων.
763 2051 835 2077 Ὀὁὲ
867 2051 912 2078 τὴν

128 2100 268 2135 Ἰορδάνην
280 2098 387 2129 διαὸὰς,
402 2099 450 2124 καὶ
466 2097 551 2132 αὐτὴν
565 2097 707 2124 ἀπολιπὼν
722 2097 771 2132 τὴν
788 2097 842 2124 τῶν
860 2106 912 2124 πα-

121 2146 178 2172 θῶν
199 2145 280 2180 μόνον
291 2143 429 2180 ἀργοῦσαν
443 2143 621 2176 κατάστασιν,
635 2141 716 2177 ἦλθεν
738 2143 777 2175 εἰς
796 2144 846 2178 τὴν
859 2143 913 2170 τῶν

121 2192 230 2227 ἀρετῶν
247 2190 440 2226 κληρονομίαν.
463 2221 465 2224 _

158 2283 210 2314 νγν.
232 2280 262 2307 '0
279 2280 327 2314 τὴν
341 2279 422 2315 ἕκτην
433 2279 618 2313 εὐαγγελικῶς
632 2279 706 2314 ἄγων
719 2279 836 2315 ἡμέραν,
846 2281 912 2307 ὁπο-

122 2327 234 2358 κτεινας
248 2326 378 2361 πρότερον
397 2325 431 2352 τὸ.
445 2325 495 2360 τῆς
511 2325 649 2360 ἁμαρτίας
675 2326 773 2361 πρῶτα
793 2327 913 2362 κινήμα-

121 2380 168 2403 τα,
186 2371 236 2405 τὴν
253 2371 343 2403 πάσης
353 2370 453 2401 κακίας
469 2369 573 2405 ἔρημον
587 2370 632 2396 διὰ
641 2370 695 2396 τῶν
710 2371 816 2406 ἀρετῶν
827 2381 914 2398 κατα-

122 2417 260 2452 λαμϐάνει
282 2416 332 2450 τῆς
358 2416 493 2447 ἀπαθείας
524 2416 691 2442 κατάστασιν
706 2424 713 2430 ·
744 2417 916 2450 σαϐϐατίζων

122 2463 198 2490 κατὰ
213 2462 276 2489 νοῦν
291 2462 338 2488 καὶ
354 2462 439 2496 αὐτῆς
454 2461 535 2496 ψιλῆς
550 2461 599 2496 τῆς
614 2461 669 2487 τῶν
689 2461 786 2489 παθῶν
812 2472 914 2497 φαντα-

161 2552 207 2587 (j)
239 2551 273 2578 Τὸ
302 2551 361 2585 μὲν
387 2551 463 2577 κατὰ
489 2551 611 2586 γένεσιν
638 2549 753 2586 ἦρκται.
781 2553 841 2580 Alte
870 2553 915 2580 hic

122 2588 244 2615 Maximo
261 2587 384 2622 exposita
407 2587 478 2612 ratio
498 2587 572 2613 entis
594 2587 690 2619 creati,
714 2592 743 2614 et
767 2589 915 2622 perfectio—

122 2630 192 2649 num
221 2629 290 2656 quas
319 2621 502 2655 perfectiones
536 2622 698 2656 simpliciter
725 2621 835 2650 vocant.
861 2624 915 2650 Ens

121 2662 261 2686 creatum.
279 2657 368 2691 ipsum
386 2661 427 2683 est
448 2657 526 2690 cujus
547 2657 657 2691 proprie
676 2658 784 2691 genesis
796 2663 823 2685 et
836 2664 915 2686 ortus

120 2699 174 2719 seu
186 2692 343 2726 procreatio
362 2697 403 2718 est
416 2699 447 2718 ac
468 2692 650 2725 depcmlentia
665 2699 679 2718 a
694 2693 749 2720 Deo
762 2699 885 2725 auctore,
898 2702 913 2720 a

119 2735 180 2761 qua
195 2727 274 2762 nulla
286 2734 330 2753 res
344 2727 480 2753 exsistens
497 2726 523 2752 in
542 2734 591 2752 sua
613 2727 719 2754 ratione
737 2728 840 2755 absolvi
864 2737 913 2762 po—

120 2766 196 2797 test,
210 2761 399 2788 Pcrfcetiones
413 2769 478 2797 vero
492 2761 665 2795 simpliciter,
682 2768 746 2789 sunt
766 2763 830 2797 ipsa!
845 2761 915 2790 divi-

119 2805 168 2823 na:
182 2796 272 2827 dotes,
287 2804 356 2830 quas
370 2797 441 2823 Deus
456 2796 550 2823 intime
566 2796 648 2823 rebus
661 2796 789 2831 prmsens,
804 2798 912 2829 iisdem.

119 2839 158 2867 ac
173 2832 251 2867 quasi
277 2831 397 2861 easdem.
415 2831 487 2867 quod
512 2831 610 2867 attinet
631 2832 664 2858 ad
687 2838 850 2867 conceptum
873 2834 915 2860 sic

120 2866 346 2899 abstrahentem,
361 2866 570 2901 impartitzquo
593 2865 632 2899 ﬁt,
647 2871 675 2893 ut
690 2867 729 2894 sic
756 2865 803 2895 Dci
830 2876 914 2903 opera
942 2890 947 2896 κ

950 953 1050 985 diosa),
1061 953 1189 981 ctvirtus
1200 953 1274 988 ipsa;
1288 952 1415 988 bonaque
1427 953 1529 983 omnia,
1544 956 1572 980 et
1590 952 1648 987 ipsa
1662 952 1742 980 boni-

951 1003 1007 1032 tas;
1023 1007 1084 1035 quae
1106 1004 1169 1027 sunt
1191 999 1293 1030 omnia,
1314 999 1427 1034 ipsaque
1451 998 1553 1026 entitas
1570 998 1613 1034 (ut
1632 999 1742 1034 vocant)

950 1046 1011 1081 ejus
1025 1045 1096 1080 quod
1112 1049 1154 1073 est
1169 1045 1239 1072 ratio
1249 1065 1257 1076 ,
1274 1045 1322 1072 Dei
1336 1045 1425 1080 palam
1443 1049 1508 1072 sunt
1528 1051 1610 1079 opera
1624 1053 1631 1071 :
1645 1053 1679 1071 ει
1699 1045 1744 1072 his

951 1096 1054 1124 tamen,
1069 1092 1122 1119 alia
1143 1097 1319 1127 temperance
1338 1095 1484 1126 coeperunt
1502 1098 1563 1119 esse
1579 1090 1650 1126 (erat
1666 1092 1743 1119 enim

950 1138 1102 1173 aliquando
1122 1138 1233 1173 quando
1255 1145 1310 1165 non
1323 1137 1426 1172 erant),
1439 1136 1492 1164 alia
1511 1143 1544 1163 ex
1560 1136 1637 1164 nullo
1651 1144 1745 1172 coepe-

953 1189 1018 1211 runt
1039 1189 1174 1218 tempore.
1191 1183 1338 1218 Nunquam
1353 1182 1427 1210 enim
1448 1182 1500 1209 fuit
1522 1188 1585 1208 cum
1607 1182 1696 1209 virtus
1717 1186 1746 1208 ct

953 1229 1062 1257 bonitas
1073 1233 1102 1256 et
1115 1227 1245 1256 sanctitas
1261 1232 1290 1255 et
1305 1226 1499 1254 immortalitas
1516 1233 1574 1253 non
1589 1230 1693 1253 essent.
1706 1227 1745 1253 Ac

953 1274 1066 1310 quidem
1087 1281 1137 1306 ea,
1160 1281 1221 1308 quae
1243 1277 1418 1308 temperance
1439 1276 1528 1307 empta
1553 1275 1632 1303 sunt,
1647 1278 1745 1298 eorum

954 1329 1014 1356 quas
1040 1328 1096 1348 non
1128 1324 1193 1347 sunt
1220 1323 1308 1354 empta
1332 1323 1509 1353 temperance
1536 1317 1746 1353 participatione

953 1371 1019 1394 sunt
1044 1374 1076 1394 ac
1100 1365 1243 1397 dicuntur,
1265 1364 1303 1396 id,
1320 1363 1394 1399 quod
1415 1368 1443 1392 et
1466 1368 1532 1390 sunt
1553 1368 1582 1391 et
1604 1363 1747 1390 dicuntur.

955 1413 1027 1439 Deus
1042 1419 1160 1446 namque
1174 1410 1265 1438 omnis
1276 1414 1304 1437 et
1316 1410 1379 1437 vitae
1393 1413 1421 1437 et
1443 1409 1664 1442 immortalitatis,
1685 1417 1750 1436 san-

955 1457 1113 1491 ctitatisque
1131 1462 1155 1484 et
1171 1455 1287 1490 ‘virtutis
1301 1455 1428 1482 conditor
1443 1460 1487 1482 est
1500 1463 1506 1481 τ
1519 1455 1620 1490 quippe
1634 1455 1681 1489 qui
1703 1462 1750 1481 su-

955 1511 1004 1539 pra
1025 1503 1172 1531 essentiam
1188 1502 1311 1530 onmium
1324 1509 1384 1537 qua:
1398 1501 1600 1537 intelliguntur,
1620 1506 1668 1529 aut
1688 1509 1749 1536 qua:

959 1549 1103 1581 dicuntur,
1122 1548 1237 1576 eminet.

993 1595 1036 1622 5L
1061 1594 1143 1622 Sexta
1157 1594 1228 1626 dies,
1244 1594 1322 1629 juxta
1343 1592 1523 1628 Seripturam,
1549 1600 1646 1620 eorum
1669 1593 1750 1621 docet

957 1641 1200 1675 complementum,
1216 1647 1277 1674 qua:
1291 1643 1356 1666 sunt
1375 1639 1427 1666 sub
1441 1643 1538 1666 natura
1552 1647 1559 1665 :
1572 1639 1688 1673 septima
1700 1647 1749 1666 au~

958 1691 1023 1717 tem,
1038 1690 1220 1719 temporanca-
1229 1684 1310 1720 4⁵12
1322 1684 1498 1719 proprietatis
1512 1688 1616 1711 motum
1630 1685 1749 1712 circum-

957 1731 1073 1758 scribit:
1089 1735 1184 1757 oetara
1207 1729 1327 1760 demum,
1349 1729 1408 1764 cjus
1424 1733 1511 1756 status
1527 1730 1573 1764 qui
1595 1733 1694 1757 natura
1708 1735 1744 1757 at-

958 1785 1012 1812 que
1027 1781 1149 1811 tempore
1171 1776 1296 1811 superior
1313 1780 1364 1807 est,
1384 1775 1496 1803 modum
1519 1776 1650 1804 subnotat
1668 1781 1751 1811 atque

960 1823 1061 1850 innuit.

995 1868 1039 1895 5‘2.
1060 1867 1112 1901 Qui
1134 1871 1237 1895 sextam
1260 1866 1392 1895 duntaxat
1406 1867 1481 1894 diem
1503 1866 1584 1902 legali
1600 1868 1655 1896 ritu
1676 1868 1750 1904 agit.

961 1913 1174 1949 opprimentium
1200 1916 1257 1948 Ipsa
1283 1921 1313 1940 re
1337 1918 1454 1948 actuque
1478 1913 1626 1941 all‘ectuum
1643 1921 1674 1941 ac
1687 1922 1752 1950 pcr-

961 1960 1149 1987 turbationum
1170 1959 1341 1986 dominatum
1364 1959 1482 1994 fugiens,
1508 1959 1644 1994 intrepide
1669 1961 1753 1988 maris

963 2005 1070 2033 tramite
1085 2005 1112 2032 in
1128 2005 1268 2033 desertum
1286 2005 1398 2038 transit;
1412 2005 1460 2040 qui
1475 2005 1580 2033 scilicet
1594 2006 1691 2033 borum
1706 2014 1753 2034 so-

962 2051 1102 2078 lummodo
1112 2051 1211 2082 otium,
1223 2059 1271 2078 seu
1283 2050 1373 2078 abhis
1383 2050 1574 2084 cessationem,
1587 2051 1751 2080 sabbatizct.

963 2097 1006 2129 At,
1023 2096 1071 2132 qui
1090 2100 1220 2131 superato
1235 2096 1365 2128 Jordane,
1386 2096 1475 2131 ipsum
1491 2103 1601 2131 quoque
1626 2097 1693 2124 solis
1712 2099 1753 2124 al—

963 2143 1081 2171 fectibus
1097 2151 1128 2170 ac
1141 2141 1395 2178 perturbationibus
1408 2142 1543 2169 otiantem
1558 2147 1639 2177 atqtte
1656 2151 1754 2170 tiaran-

962 2194 1019 2223 tem
1036 2194 1138 2216 statum
1156 2189 1277 2224 reliquit,
1293 2189 1379 2224 ipsam
1401 2188 1534 2215 virtutum
1551 2189 1754 2223 possessionem

964 2235 1043 2262 adiit.

1001 2279 1045 2309 53.
1065 2280 1116 2314 Qui
1133 2284 1196 2307 ante
1213 2279 1364 2315 peremptis
1380 2279 1476 2314 primis
1495 2280 1598 2314 peccati
1623 2281 1754 2312 motibus.

964 2331 1068 2355 sextam
1089 2326 1162 2353 diem
1178 2325 1334 2360 evangelice
1354 2325 1419 2360 agit,
1435 2325 1508 2352 omni
1524 2326 1657 2360 pravitate
1673 2332 1755 2362 atque

965 2373 1033 2400 vitio
1051 2376 1205 2403 vacantem,
1232 2371 1307 2398 velut
1331 2371 1480 2404 desertum,
1507 2371 1640 2399 virtutum
1667 2374 1754 2405 cultu,

966 2417 1222 2453 imperturbationis
1245 2416 1342 2451 arripit
1367 2421 1483 2448 statutn,
1506 2417 1540 2444 ab
1563 2418 1622 2452 ipsa
1645 2426 1756 2454 quoque

967 2464 1040 2491 nuda
1055 2463 1292 2499 perturbationum
1311 2462 1516 2497 alfectuumque
1529 2463 1694 2498 cogitatione
1707 2472 1753 2492 seu

969 2554 1168 2588 intelligantur,
1189 2557 1216 2579 et
1237 2560 1251 2579 a
1273 2553 1339 2584 Deo,
1357 2551 1530 2588 emanationc
1553 2553 1587 2579 ab
1605 2553 1675 2588 ipso.
1698 2555 1756 2582 sive

971 2575 1128 2616 virtuafiuin
1149 2575 1250 2622 seipse,
1272 2575 1413 2614 sive7reali
1436 2587 1463 2613 in
1484 2575 1756 2619 creatis-trit’utariiciii

969 2628 1058 2658 empta
1075 2623 1218 2660 χρονικῶς,
1233 2627 1262 2649 ιιι
1276 2622 1318 2660 sic
1333 2622 1494 2660 formaliter,
1511 2628 1539 2660 et
1556 2623 1583 2650 in
1599 2624 1644 2652 illa
1666 2626 1757 2660 perfe-

969 2659 1069 2685 ctionis
1084 2659 1214 2694 absoluta:
1232 2658 1348 2694 ratione.
1372 2665 1427 2684 non
1451 2658 1757 2694 intelliganturfquod

968 2702 1031 2721 vere
1044 2693 1195 2720 secundum
1210 2697 1295 2719 totutn
1310 2692 1386 2718 illttm
1402 2692 1564 2726 conceptum
1578 2702 1609 2720 ac
1623 2692 1758 2722 rationem

968 2729 1049 2755 etiam
1066 2729 1092 2755 in
1108 2729 1164 2755 Deo
1177 2728 1252 2755 sint:
1268 2728 1294 2754 in
1309 2727 1376 2758 Deo,
1392 2727 1450 2762 ipse
1467 2728 1551 2760 Deus;
1567 2730 1594 2755 in
1610 2730 1756 2761 creaturis,

967 2765 1027 2798 ejus
1043 2763 1175 2790 bonitatis
1189 2763 1315 2793 euectus,
1341 2762 1413 2789 unde
1436 2767 1479 2790 est
1500 2767 1573 2790 utet
1595 2763 1680 2790 Deum
1705 2765 1758 2792 sub

968 2800 1067 2825 talibus
1089 2799 1268 2833 conceptibus
1293 2802 1324 2825 ut
1348 2802 1488 2825 auctorem
1516 2798 1701 2834 intelligamus
1727 2806 1759 2826 ac

967 2841 1150 2861 nominemus.
