1951 3076
235 120 304 154 1103

819 114 848 143 S.
867 113 1010 142 ΜΛΧΙΜΙ
1032 113 1291 144 CONFESSORIS

1803 114 1875 146 1.04

231 173 440 206 informatione,
465 175 558 199 mente
582 169 767 198 sabbatizans.
792 168 842 201 At,
858 169 905 204 qui
928 168 1015 196 Jorda

1081 169 1151 200 σίας.
1175 171 1204 196 ὐ
1221 170 1249 195 δὲ
1274 170 1319 196 τὸν
1344 169 1483 205 Ἰορδάνην
1499 169 1678 205 διαπεράσας,
1693 171 1733 203 εἰς
1755 171 1805 207 τὴν
1824 172 1876 205 τῆς

230 231 294 252 nem
312 219 475 251 transmisit,
491 219 520 246 in
542 215 666 245 scientia:
690 216 852 250 commigrat
867 215 1024 251 regionem;

231 270 259 297 in
275 276 330 304 qua
346 273 423 294 mens
437 264 553 300 mystice
568 263 644 298 pacis
660 261 852 294 mditicatione,
866 261 894 288 in
910 262 957 289 Dei
976 261 1026 289 lia—

229 313 381 342 bitaculum
397 311 424 338 in
440 310 539 345 spiritu
552 307 653 336 evadit.

263 360 308 388 54.
322 358 374 392 Qui
397 357 490 384 divine
511 353 707 383 consentaneis
729 352 861 390 operibus
884 351 1025 387 animique

228 405 393 437 rationibus,
411 403 463 431 sibi
484 403 542 437 ipse
559 401 631 428 diem
651 403 758 428 sextum
782 398 943 433 complevit;
967 398 1024 433 ipse

228 458 339 486 quoque
353 457 406 476 una
421 456 483 476 cum
497 448 554 475 Deo
570 446 714 474 absolutus
736 444 866 480 praeclare
882 443 941 471 suis
957 451 1024 478 ope-

227 499 314 530 ribus,
331 503 441 523 omnem
463 501 557 521 rerum
578 497 683 520 natura:
698 494 780 526 atque
797 489 913 524 tempori
934 489 1025 525 subje-

226 549 333 571 ctarum
351 540 533 569 substantiam
553 538 655 566 mentis
670 536 890 565 consideratione
907 535 1022 570 trajecit,

225 595 308 624 atque
327 588 360 615 ad
379 587 553 617 saeculorum,
568 590 721 618 eorumque
737 590 797 617 quze
815 582 842 608 in
861 582 901 608 eis
920 585 1023 608 aeterna

225 638 302 666 sunt,
319 632 460 668 mysticam
481 629 740 664 contemplationem
765 626 909 662 migravit,
931 626 1024 660 ignota

226 679 344 715 quadam
367 677 485 708 ratione,
503 675 578 711 quod
596 682 640 702 res
664 681 761 702 omnes
784 680 901 708 prorsus
923 670 1023 699 dereli-

226 726 286 761 qui‘t
302 732 333 752 ac
347 722 497 759 superavit,
512 721 604 748 animo
617 719 800 748 sabbatizans.
819 719 862 751 At,
874 718 922 753 qui
939 718 1022 745 etiam

225 775 350 799 octavam
373 768 494 796 nancisci
514 767 625 799 meruit,
650 774 666 793 a
684 764 804 793 mortuis
826 763 964 796 surrexit;
986 763 1021 790 ab

225 817 355 846 omnibus
366 815 473 843 scilicet
484 822 544 849 qua:
558 821 573 841 a
587 814 644 840 Deo
655 811 778 840 secunda
791 815 866 843 sunt,
881 817 1021 844 sensuque

1077 216 1208 251 γνώσεως
1226 216 1401 252 μετατίθεται
1417 216 1509 252 χώραν
1527 224 1534 230 ·
1556 216 1618 244 καθ’
1634 218 1667 253 ἢν
1686 218 1700 244 ὀ
1712 217 1786 249 νοῦς,
1805 219 1872 249 ναὸς

1078 261 1219 297 μυστικῶς
1248 263 1300 289 ὑπὸ
1327 262 1377 297 τῆς
1402 263 1516 298 εἰρήνης
1538 263 1786 299 οἰκοδομούμενος,
1802 263 1872 290 Θεοῦ

1075 309 1288 345 κατοικητήριο)
1301 308 1408 343 γίνεται
1427 310 1456 336 ὲν
1473 309 1620 345 πνεύματι.

1112 354 1158 380 νδ¹.
1184 354 1213 380 '0
1229 354 1277 389 τὴν
1291 354 1375 390 ἕκτην
1405 353 1504 385 eam;
1533 355 1604 390 μετὰ
1629 355 1684 381 τῶν
1702 357 1873 392 προσφόρων

1075 400 1164 436 ἔργων
1179 400 1227 427 καὶ
1243 399 1352 426 ἐννοιῶν
1367 399 1456 435 ἑαυτῷ
1473 400 1679 435 συμπληρώσας
1689 403 1809 437 ἡμέραν,
1824 405 1874 429 καὶ

1075 446 1158 478 αὐτὸς
1176 445 1246 480 μετὰ
1262 445 1309 472 τοῦ
1326 445 1395 472 Θεοῦ
1418 446 1509 477 καλῶς
1533 446 1566 472 τὰ
1589 447 1687 474 ἑαυτοῦ
1706 449 1873 479 συντελέσας

1075 492 1156 526 ἔργα,
1168 491 1244 526 διέϐη
1257 494 1290 527 τῇ
1308 492 1472 526 κατανοήσει
1486 493 1577 518 πᾶσαν
1589 493 1639 527 τὴν
1652 493 1706 519 τῶν
1721 494 1774 520 ὑπὸ
1787 494 1873 528 φύσιν

1075 539 1122 565 καὶ
1140 539 1235 573 χρόνον
1260 538 1409 564 ὑπόστασιν
1425 538 1472 573 (Ir),
1487 539 1534 565 ml
1561 539 1600 570 είς
1625 539 1675 573 τὴν
1692 539 1746 565 τῶν
1764 540 1873 566 αἰώνων

1074 585 1122 611 καὶ
1147 584 1201 611 τῶν
1227 584 1344 610 αἰωνίων
1366 584 1533 619 μετετάξατο
1562 585 1698 620 μυστικὴν
1725 585 1845 621 θεωρίαν
1862 595 1872 602 ο

1075 630 1248 662 σαϐϐατίςων
1267 629 1415 663 ἀγνώστοις
1443 630 1513 657 κατὰ
1536 630 1608 663 νοῦν,
1627 631 1676 666 τὴν
1693 631 1787 667 ὀλικὴν
1816 625 1873 658 τῶν

1073 675 1158 702 ὄντων
1179 675 1324 709 ἀπόλειψίν
1347 683 1376 701 τε
1400 675 1448 701 καὶ
1473 675 1637 711 ὑπέρϐασιν.
1659 676 1688 702 ὐ
1708 677 1735 703 δὲ
1755 678 1804 704 καὶ
1821 678 1872 713 τῆς

1073 721 1170 756 ὀγδόης
1192 720 1329 753 ἀξιωθεὶς,
1347 721 1378 746 ὲκ
1393 720 1448 747 τῶν
1465 721 1571 756 νεκρῶν
1587 721 1687 757 ἀνέστη
1703 730 1710 737 ·
1728 723 1782 749 τῶν
1800 724 1872 758 μετὰ

1073 767 1140 794 Θεὸν
1153 766 1226 801 λέγω
1241 766 1361 799 πάντων,
1379 767 1517 802 αἰσθητῶν
1530 776 1561 794 τε
1577 768 1624 794 καὶ
1637 769 1752 803 νοητῶν,
1765 770 1812 796 καὶ
1826 770 1870 797 λό-

1072 820 1130 847 γων
1146 812 1195 839 καὶ
1217 811 1362 847 νοημάτων
1372 819 1379 826 ⁸
1398 813 1446 838 καὶ
1459 812 1541 847 ἔζησε
1555 813 1605 848 τὴν
1621 813 1669 840 τοῦ
1691 814 1758 840 Θεοῦ
1778 824 1870 849 μακα-

225 863 418 899 percipiuntur
428 868 460 888 ac
472 865 563 888 mente
576 858 778 894 intelliguntur,
791 856 946 883 rationibus
955 863 1015 882 eon-

1073 859 1134 895 ρίαν
1154 858 1238 893 ζωὴν,
1254 857 1301 885 τοῦ
1330 858 1412 893 μόνον
1437 858 1497 886 κατ’
1513 859 1646 894 ἀλήθειαν
1667 859 1771 895 κυρίως
1794 861 1868 897 ζωῆς

224 909 422 944 eeptibusque;
437 906 540 941 Deique
556 906 664 933 beatam
678 904 762 931 vitam
783 902 861 935 vixit,
876 901 924 936 qui
945 901 1021 929 solus

226 955 377 984 secundum
398 953 544 981 veritatem
566 950 677 986 proprie
692 949 747 976 vita
769 953 826 975 tum
844 947 946 975 dicitur
962 951 1019 974 tum

225 1001 353 1033 exsistit,
386 1003 417 1026 ut
447 997 496 1033 qui
528 1001 557 1025 et
581 997 639 1032 ipse
663 994 837 1022 deificatione
861 993 930 1020 deus
952 1000 1018 1020 eva-

224 1047 302 1075 serit.

260 1093 305 1120 55.
329 1092 411 1120 Sexta
434 1090 494 1117 dies
516 1092 568 1122 est,
585 1095 681 1115 eorum
698 1086 746 1122 qui
767 1085 869 1114 actioni
895 1084 1018 1118 student,

223 1137 392 1166 naturalium
404 1135 596 1171 operationum
604 1133 719 1161 colenda
727 1132 830 1159 virtute
838 1132 918 1167 plena
929 1131 1017 1158 adim-

223 1185 309 1220 pletio
324 1192 331 1210 :
349 1182 465 1218 septima
489 1185 592 1212 autem,
608 1187 705 1209 eorum
721 1178 770 1215 qui
792 1177 1019 1213 contemplationi

224 1230 310 1258 dediti
328 1234 404 1261 sunt,
417 1227 586 1255 naturalium
606 1226 730 1254 omnium
746 1225 942 1260 cogitationum
958 1224 1019 1251 ³ῃί-

224 1276 317 1311 mique
344 1275 483 1302 rationum
508 1273 580 1301 circa
599 1280 727 1300 arcanam
749 1270 1019 1305 reconditioremque

224 1321 368 1349 scientiam
383 1319 540 1347 terminatio
556 1326 588 1346 ac
601 1318 680 1353 quies
695 1326 700 1344 :
716 1322 811 1345 octava
828 1325 905 1350 vero,
921 1325 1018 1344 eorum

224 1367 271 1402 qui
288 1366 364 1402 digni
387 1366 443 1392 sint
466 1365 494 1392 in
511 1364 713 1392 deiﬁcationem
728 1363 861 1390 transitus
882 1371 913 1390 ac
930 1367 1019 1390 muta-

224 1413 273 1440 tio.
291 1412 341 1444 Ae,
357 1419 391 1438 ne
408 1411 480 1438 forte
501 1410 645 1442 Dominus,
663 1409 808 1444 septimam
831 1409 911 1436 istam
936 1414 1018 1444 atque

224 1464 348 1488 octavam
365 1459 520 1487 abstrusius
543 1458 670 1490 innuens,
697 1457 930 1484 consummationis
948 1456 1017 1483 diem

223 1506 368 1540 horamque
382 1503 562 1539 appellaverit
574 1503 607 1536 νδ,
621 1507 651 1530 ιιι
665 1511 726 1538 qua:
744 1503 867 1530 omnium
887 1502 1017 1538 mysteria

223 1551 400 1586 rationesque
424 1550 506 1586 473
530 1549 748 1578 circumscribat.
761 1548 816 1576 Has
837 1555 920 1583 porro
940 1548 1017 1575 nulla

222 1602 337 1630 prorsus
361 1594 515 1621 caelestium
544 1601 577 1620 ac
601 1593 772 1621 terrestrium
797 1593 931 1620 virtutum
953 1596 1017 1620 ante

222 1640 372 1667 delibatam
397 1639 553 1674 passionem
577 1639 693 1675 ejusque
720 1638 821 1666 factum
845 1638 1015 1673 periculum,

223 1694 304 1714 nosse
317 1685 429 1720 poterit,
447 1691 561 1720 excepta
582 1685 714 1712 duntaxat
733 1685 812 1712 beata
829 1684 942 1717 deitate,
955 1692 1016 1720 quae

222 1731 281 1759 iure
301 1730 376 1758 facit.

258 1777 302 1804 56.
315 1777 396 1804 Sexta
409 1776 478 1809 dies,
491 1778 551 1812 ejus
562 1775 636 1812 quod
648 1779 762 1803 estesse
774 1783 866 1803 rerum
879 1776 1014 1803 rationem

222 1824 326 1857 innuit;
343 1824 458 1859 septima
471 1828 574 1855 autem,
587 1823 648 1858 ejus
661 1823 734 1857 quod
748 1827 791 1850 est
804 1822 874 1849 bene
890 1830 922 1850 ac
935 1823 1014 1850 beate

221 1878 282 1897 esse
293 1878 396 1902 rerum,
410 1869 521 1896 modum
532 1869 675 1904 subaperit
687 1877 694 1896 ε
707 1872 801 1896 octava
813 1868 943 1904 denique,
954 1869 1014 1904 ejus

221 1914 295 1949 quod
309 1919 348 1942 est
361 1915 430 1942 bene
444 1922 553 1949 semper
563 1922 596 1941 ac
608 1914 686 1941 beate
699 1922 759 1942 esse
772 1922 903 1942 arcanum
914 1919 1014 1950 myste-

221 1960 293 1988 rium
307 1960 421 1996 detegit.

257 2008 291 2035 57
315 2007 366 2041 Qui
385 2012 489 2035 sextam
505 2007 591 2040 diem,
603 2007 663 2042 ejus
677 2007 846 2042 operationis
859 2006 1012 2042 symbolum

220 2063 281 2082 csse
299 2056 469 2087 noverimus,
483 2063 545 2090 quae
561 2055 663 2082 actioni
682 2062 844 2089 morumque
861 2053 1012 2088 disciplinae

221 2101 405 2136 impenditur,
422 2108 504 2128 omne
526 2100 555 2127 in
575 2108 607 2127 ea
628 2100 738 2127 virtutis
758 2108 872 2135 operum
895 2107 1011 2134 pensum

220 2147 398 2181 impleamus;
412 2150 442 2173 ut
453 2146 486 2173 de
501 2146 582 2173 nobis
592 2146 674 2174 etiam
686 2146 794 2174 dicatur
805 2146 872 2174 illud
885 2155 891 2172 :
903 2146 938 2172 Et
947 2145 1011 2172 vidit

219 2191 289 2217 Deus
302 2195 395 2217 cuncta
408 2198 466 2226 qua:
480 2191 588 2226 fecerat,
601 2195 625 2218 et
637 2196 713 2218 erant
726 2191 802 2218 ualde
817 2191 884 2218 bona
896 2192 929 2218 ".

254 2236 298 2263 58.
314 2236 379 2270 Ejus
397 2236 461 2264 boni
478 2236 661 2272 operis,quod
680 2237 788 2264 laudem
807 2245 821 2264 a
840 2237 895 2264 Deo
912 2237 1010 2271 habet,

219 2290 334 2316 pensum
346 2282 450 2317 implet,
460 2283 507 2318 qui
519 2283 624 2310 varium
636 2283 728 2310 animo
738 2283 870 2310 virtutum
883 2288 1010 2311 ornatum

219 2332 330 2354 strenue
343 2335 392 2362 per
403 2335 503 2363 corpus
515 2329 639 2356 elaborat
650 2336 682 2355 ac
697 2328 817 2355 coniicit.

253 2372 296 2400 59.
311 2372 363 2406 Qui
377 2382 491 2408 operum
505 2374 618 2409 justitia:
630 2375 807 2401 Parascevcm
823 2374 1009 2410 (praeparatio—

219 2426 277 2445 nem
301 2418 440 2454 dicamus)
465 2419 605 2454 implevit,
625 2419 658 2446 ad
683 2420 816 2455 sapientis
839 2429 871 2448 ac
894 2421 1008 2449 erudita:

253 2495 274 2511 "‘
284 2495 362 2523 Joan.
376 2504 430 2529 xxx,
441 2497 486 2524 50.
524 2497 546 2513 ²⁹
557 2497 626 2526 Gen.
639 2506 658 2530 ι,
670 2498 699 2525 5i
708 2518 715 2525 .

254 2564 290 2598 (k)
306 2565 412 2601 Πᾱᾳαν
427 2560 484 2598 tiu;
499 2566 557 2593 τῶν
567 2567 628 2594 ὑπὸ
640 2567 735 2601 φύσιν
748 2566 797 2594 καὶ
812 2566 923 2601 χρόνον
936 2567 1008 2594 ιύπόι

216 2607 339 2626 στασιν.
353 2600 427 2637 Istud
444 2601 526 2629 Marci
548 2610 608 2637 cap.
626 2600 767 2637 νηπτικῶν
789 2600 884 2635 ς’,εςι
899 2610 904 2627 :
924 2601 1009 2629 Paulo

217 2639 280 2662 ante
294 2643 353 2670 cap.
367 2636 411 2668 55,
428 2637 546 2670 dixerat,
560 2638 612 2673 siqu
622 2636 676 2665 τῶν
689 2637 875 2672 φθειρομένων
891 2636 1009 2663 ὑπόστα-

217 2678 276 2707 σινῄ
289 2678 344 2705 quo
359 2676 475 2706 utroque
494 2673 553 2700 loco
570 2672 681 2700 videtur
696 2673 821 2707 accipere
838 2679 898 2699 eam
910 2679 1007 2698 vocem

218 2706 292 2742 utsit
303 2706 374 2733 idem
387 2715 417 2734 ac
432 2707 571 2740 σύστασις,
584 2708 641 2735 sive
652 2708 735 2735 etiam
748 2706 837 2742 ᾡύσις.
849 2707 930 2734 Malui
947 2707 1005 2742 ipse

218 2715 292 2733 utstl
303 2715 374 2733 luem
387 2715 417 2734 ac
432 2716 571 2740 συστασις,
584 2716 641 2735 sne
652 2715 735 2735 etiam
748 2716 837 2742 φυσις.
849 2715 930 2734 manu:
947 2715 954 2733 l
977 2715 1004 2734 se

217 2741 332 2778 reddere
342 2742 518 2778 substantiam
529 2751 537 2774 ;
547 2751 608 2778 quae
617 2744 732 2778 voxipsa
741 2743 821 2770 nobis
834 2750 911 2769 suam
921 2715 1004 2769 habet

215 2777 434 2811 amplitudinem.
460 2778 540 2806 Picus
558 2777 790 2806 Graecam’voeem
801 2786 856 2805 non
874 2777 1001 2809 mutavit,

216 2811 346 2850 reddens
358 2813 517 2850 ὑπόστασιψ
536 2814 650 2850 quam,
662 2813 827 2850 spiritalium
844 2820 1002 2850 mensuram

215 2846 344 2881 intelligit
356 2848 473 2883 tempori
485 2847 650 2884 oppositam,
665 2846 738 2883 quod
752 2853 839 2876 totum
853 2848 1005 2876 mutatione

1071 904 1119 931 καὶ
1130 904 1280 938 λεγομένου
1298 904 1345 931 καὶ
1361 903 1438 936 ὄντος
1456 913 1462 921 ·
1481 902 1526 931 οἷα
1545 905 1594 931 καὶ
1611 905 1693 938 αὐτὸς
1720 906 1868 942 γενόμενος

1071 953 1105 988 τῇ
1119 951 1216 979 ῦεώσει
1231 950 1303 982 θεός.

1107 1094 1153 1118 ve’.
1173 1090 1260 1126 Ἔκτη
1279 1090 1371 1126 ἡμέρα
1402 1089 1488 1123 ἐστὶν,
1501 1091 1518 1125 ἡ
1534 1090 1589 1117 τῶν
1618 1091 1779 1126 πρακτικῶν
1800 1093 1867 1127 περὶ

1069 1135 1120 1171 τὴν
1142 1135 1243 1170 ἀρετὴν
1264 1135 1318 1161 τῶν
1350 1135 1422 1161 κατὰ
1448 1135 1530 1170 φύσιν
1559 1136 1716 1171 ἐνεργειῶν,
1729 1137 1866 1172 παντελὴς

1069 1181 1267 1217 ἀπο-πλήρωσις
1285 1189 1292 1197 ·
1311 1181 1412 1217 ἑϐδόμη
1430 1181 1458 1207 δέ
1476 1182 1561 1215 ἐστιν,
1579 1183 1596 1218 ἡ
1615 1183 1670 1210 τῶν
1684 1183 1866 1220 θεωρητικῶν

1070 1227 1135 1262 περὶ
1152 1227 1202 1263 τὴν
1219 1228 1340 1263 ἄρρητον
1365 1228 1468 1262 γνῶσιν
1484 1228 1580 1256 πασῶν
1597 1229 1652 1256 τῶν
1672 1230 1798 1264 φυσικῶν
1820 1232 1865 1257 ὲν-

1069 1273 1150 1300 νοιῶν
1176 1273 1391 1308 ἀποπεράτωσις
1419 1274 1468 1300 καὶ
1487 1274 1645 1307 ἁπόπαυσις
1659 1285 1666 1291 ·
1681 1275 1763 1311 ὀγδόη
1782 1276 1811 1303 δὲ
1822 1296 1830 1308 ,
1847 1278 1866 1312 ἠ

1069 1319 1139 1354 πρὸς
1155 1319 1255 1346 θέωσιν
1271 1319 1328 1346 τῶν
1345 1319 1432 1352 ἀξίων
1445 1319 1594 1355 μετάταξίς
1606 1330 1635 1348 τε
1660 1322 1708 1349 καὶ
1741 1323 1866 1358 μετάϐα-

1070 1373 1123 1397 σις.
1139 1365 1194 1393 Καὶ
1213 1366 1318 1401 μήποτε
1332 1365 1436 1401 ταύτην
1451 1366 1501 1402 τὴν
1512 1367 1632 1403 ἑϐδόμην
1643 1369 1690 1395 καὶ
1701 1369 1750 1404 τὴν
1765 1369 1867 1404 ὀγδόην

1068 1410 1148 1446 τυχὸν
1164 1410 1367 1446 μυστικώτερον
1383 1411 1542 1446 ὑποφαίνων
1555 1413 1569 1439 ό
1591 1413 1705 1449 Κύριος,
1722 1416 1867 1450 προσηγό-

1070 1464 1168 1491 ρευσεν
1196 1456 1305 1492 ἡμέραν
1333 1456 1492 1489 συντελείας
1515 1458 1562 1484 καὶ
1592 1458 1677 1494 ὥραν,
1695 1459 1732 1491 ὼς
1752 1460 1869 1487 πάντων

1068 1501 1296 1535 περιγράφουσαν
1311 1500 1345 1527 τὰ
1364 1502 1505 1537 μυστήρια
1527 1503 1576 1529 καὶ
1596 1503 1660 1535 τοὺς
1684 1503 1793 1538 λόγους.
1815 1506 1867 1538 'A;

1071 1546 1149 1574 οὐδὲν
1173 1547 1301 1582 οὐδαμῶς
1327 1547 1357 1573 τὸ
1388 1549 1521 1583 παράπαν
1547 1549 1602 1575 τῶν
1626 1549 1798 1586 ἐπουρανίων
1818 1552 1868 1578 καὶ

1070 1592 1200 1627 ἐπιγείων
1210 1592 1357 1627 Δυνάμεων
1372 1592 1475 1627 γνῶναι
1490 1594 1544 1629 πρὸ
1565 1593 1663 1629 πείρας
1690 1595 1739 1622 τοῦ
1766 1595 1866 1622 παθεῖν

1069 1638 1226 1674 δυνήσεται,
1243 1638 1312 1674 πλὴν
1327 1639 1414 1675 αὐτῆς
1437 1640 1487 1675 τῆς
1510 1640 1598 1668 ταῦτα
1626 1641 1759 1676 ποιούσης
1775 1650 1869 1676 μακα-

1071 1685 1131 1721 ρίας
1144 1685 1280 1721 θεότητος.

1105 1772 1159 1801 νςν.
1176 1769 1210 1796 Ἠ
1221 1769 1289 1805 ἕκτη
1302 1769 1404 1805 ἡμέρα,
1415 1769 1462 1797 τὸν
1476 1769 1524 1796 τοῦ
1537 1766 1608 1796 εἶναι
1620 1770 1675 1797 τῶν
1688 1771 1774 1798 ὅντων
1785 1772 1868 1807 λόγον

1069 1814 1197 1850 ὑποδηλοῖ
1211 1823 1217 1829 ”
1238 1815 1254 1850 ἡ
1270 1814 1300 1841 δὲ
1316 1814 1432 1849 ἑϐδόμη,
1445 1814 1491 1841 τὸν
1502 1814 1550 1841 τοῦ
1563 1812 1592 1842 εὖ
1606 1812 1678 1843 εἶναι
1693 1817 1748 1844 τῶν
1776 1817 1866 1845 ὄντων

1068 1861 1170 1896 τρόπον
1187 1861 1372 1897 ὑποσημαίνει
1384 1869 1392 1877 ·
1405 1862 1422 1893 ἡ
1433 1861 1462 1888 δὲ
1476 1862 1569 1898 ὀγδόη,
1586 1863 1616 1889 τὺ
1631 1863 1678 1890 τοῦ
1689 1863 1733 1889 ἀεὶ
1744 1862 1775 1890 εὖ
1793 1863 1866 1891 εἶναι

1067 1907 1123 1933 τῶν
1138 1907 1222 1933 ὀντων
1240 1906 1360 1942 ἄρρητον
1375 1906 1524 1942 μυστήριον
1541 1906 1717 1942 ὑπαγορεύει.

1102 2009 1152 2041 νζ’.
1167 2009 1328 2045 Πρακτικῆς
1353 2009 1495 2044 ἐνεργείας
1522 2009 1658 2044 σύμϐολον
1683 2009 1865 2045 ὑπάρχουσαν

1065 2055 1114 2091 τὴν
1131 2054 1216 2090 ἕκτην
1232 2055 1341 2091 ἡμέραν
1354 2055 1547 2090 γινώσκοντες,
1564 2054 1655 2081 πᾶσαν
1675 2056 1704 2082 ὲν
1718 2056 1791 2092 αὐτῇ
1806 2057 1865 2083 τῶν

1066 2100 1154 2134 ἔργων
1179 2100 1229 2135 τῆς
1251 2100 1354 2136 ἀρετῆς
1379 2099 1427 2135 τὴν
1450 2099 1561 2135 ὀφειλὴν
1585 2099 1838 2134 ἀποπληρώσωμεν
1853 2110 1860 2115 -

1064 2146 1139 2178 ὅπως
1156 2146 1203 2172 καὶ
1224 2145 1266 2180 ἐφ’
1288 2146 1367 2181 ἡμῶν
1392 2145 1491 2181 ῥηθείη
1508 2145 1556 2177 τὸ,
1571 2144 1628 2172 Καὶ
1649 2143 1730 2172 εἶδεν
1751 2147 1769 2172 ό
1786 2146 1862 2179 θεὸς

1065 2192 1162 2219 πάντα
1177 2193 1236 2220 ὅσα
1247 2192 1383 2226 ἐποίησε,
1400 2193 1450 2219 καὶ
1470 2192 1535 2218 ὶδοὺ
1548 2191 1627 2218 καλὰ
1640 2192 1722 2218 λίαν.

1101 2241 1152 2274 νη¹.
1176 2239 1344 2275 Ἀποπληροί
1360 2239 1408 2275 τὴν
1437 2238 1550 2274 ὀφειλὴν
1573 2239 1622 2273 τῆς
1657 2238 1863 2274 ἐπαινουμένης

1065 2284 1104 2319 τῷ
1117 2284 1177 2320 Θεῷ
1194 2285 1280 2320 καλῆς
1307 2284 1451 2320 ἐργασίας,
1469 2285 1483 2311 ὀ
1502 2284 1547 2310 διὰ
1570 2284 1697 2318 σώματος
1724 2285 1758 2319 τῇ
1785 2284 1862 2321 ψυχῇ

1064 2330 1219 2364 φιλοπονῶν
1235 2331 1285 2366 τὴν
1301 2330 1436 2366 εὔκοσμον
1457 2329 1594 2357 ποικιλίαν
1606 2329 1660 2356 τῶν
1675 2330 1794 2365 ἀρετῶν.

1099 2376 1147 2404 νϐ’.
1174 2377 1204 2402 ’0
1220 2377 1270 2413 τὴν
1288 2376 1470 2413 παρασκευὴν
1491 2377 1546 2403 τῶν
1569 2375 1659 2411 ἔργων
1679 2376 1730 2411 τῆς
1755 2376 1861 2404 δικαιο-

1064 2421 1147 2458 σύνης
1164 2422 1332 2458 πληρώσας,
1347 2422 1422 2458 διέϐη
1451 2423 1520 2458 πρὸς
1547 2421 1597 2458 τὴν
1621 2421 1777 2450 ἀνάπαυσιν
1809 2422 1862 2458 τῆς

1058 2567 1184 2604 consistit
1199 2577 1205 2595 :
1218 2569 1315 2595 αἰώνια
1330 2569 1472 2601 dicuntur,
1491 2578 1553 2604 qua:
1565 2575 1630 2598 sunt
1643 2570 1672 2596 in
1689 2568 1744 2596 illis
1760 2569 1859 2603 νοητὰ,

1057 2602 1142 2639 Paulo
1158 2603 1191 2630 τὰ
1215 2603 1253 2638 μὴ
1276 2604 1447 2639 ϐλεπόμενα·
1463 2605 1485 2632 ll
1500 2602 1566 2633 Cor.
1584 2614 1610 2632 iv
1632 2614 1640 2631 :
1669 2603 1734 2636 Qum
1750 2602 1859 2631 nonni-

1056 2638 1162 2675 dentur,
1186 2643 1304 2671 (clama;
1318 2638 1377 2666 sive
1395 2644 1425 2666 ut
1436 2640 1588 2675 proclivius
1600 2640 1752 2675 loquuntur
1768 2639 1861 2666 nostri

1055 2673 1214 2709 scholastici
1225 2693 1232 2704 .
1253 2676 1389 2702 wt'iterna.
1410 2673 1494 2703 Fme
1511 2684 1608 2703 errore
1628 2673 1655 2701 in
1672 2675 1776 2705 Marco,
1793 2682 1858 2709 pro,

1055 2708 1103 2745 τοῦ
1125 2709 1217 2745 μένον,
1234 2709 1280 2736 τοῦ
1297 2710 1380 2745 νόμου
1397 2715 1450 2743 est,
1473 2711 1547 2745 quod
1569 2715 1597 2738 et
1614 2711 1696 2738 Picus
1712 2708 1860 2743 decoquit,

1056 2742 1130 2781 dum
1145 2743 1182 2771 ita
1208 2744 1309 2781 reddit,
1328 2742 1394 2781 Cum
1418 2742 1459 2772 ίεζτ
1481 2742 1574 2773 ret-cra
1591 2745 1697 2781 proprie
1711 2745 1765 2781 vita
1781 2742 1815 2770 sit
1833 2749 1860 2771 et

1057 2778 1163 2818 dicatur
1176 2787 1185 2806 :
1200 2780 1273 2818 quod
1289 2780 1324 2818 de
1337 2780 1393 2818 Deo
1409 2781 1513 2818 dictum
1526 2786 1578 2818 est,
1591 2778 1780 2818 qui‘unussie
1792 2787 1859 2818 vere

1058 2814 1115 2841 vita
1132 2819 1175 2841 est
1192 2819 1224 2852 et
1243 2814 1355 2852 dicitur,
1379 2816 1506 2850 imperite
1535 2814 1649 2852 ipsaQue
1675 2814 1762 2842 invita
1786 2814 1859 2841 scri-

1059 2853 1152 2883 ptura,
1169 2849 1203 2877 ad
1217 2849 1306 2886 legem
1321 2849 1500 2886 detorquens.
