1951 3076
82 159 151 190 1105

508 162 676 195 CAPITUM
695 163 831 194 THEOL.
852 166 898 196 ET
918 167 1037 199 (ECON.
1059 169 1255 202 CENTURIA
1277 172 1301 203 Ῐ.

1651 173 1720 207 1106

79 215 233 251 γνωστικῆς
255 215 373 252 θεωρίας
389 225 395 233 ·
410 217 472 244 καθ’
486 219 519 254 ἣν
543 220 607 252 τοὺς
629 220 726 255 λόγους
744 221 797 248 τῶν
825 222 869 248 ἥν-

933 227 1165 261 :ontemplatlonis
1182 229 1307 264 requiem
1327 231 1470 265 transivit;
1488 239 1542 267 qua
1560 239 1656 260 rerum
1674 240 1721 260 ra-

79 269 135 288 των
163 261 322 295 περιλασὼν
348 262 529 299 θεοπρεπῶς,
547 265 600 301 τῆς
626 267 702 293 κατὰ
725 266 789 294 νοῦν
810 268 875 303 περὶ

80 307 167 341 αὐτὴν
183 307 319 342 κινήσεως
336 308 518 336 ἀναπαύεται.

114 353 146 385 ξ’.
166 353 197 380 '0
222 355 272 389 τῆς
288 355 323 381 δι’
344 356 420 390 ἡμᾶς
437 356 623 393 ἐὸδοματικῆς
644 358 692 385 τοῦ
712 359 781 386 Θεοῦ
807 368 873 394 μετ-

78 398 206 433 εσχηκὼς
226 399 424 433 ἀναπαύσεως,
439 401 487 428 καὶ
502 401 554 437 τῆς
570 403 653 429 αὐτοῦ
666 403 700 430 δι’
715 404 791 439 ἡμᾶς
810 404 875 440 μεθ-

78 445 134 477 έξει
146 445 218 471 κατᾶ
233 446 284 480 τὴν
303 445 403 473 θέωσιν
426 447 590 482 ὀγδοατικῆς
619 449 773 484 ἐνεργείας,
789 451 876 477 είτουν

80 491 216 526 μυστικῆς
231 491 407 523 ἀναστάσεως
417 501 423 507 ·
440 493 521 528 ἀφεὶς
536 493 584 520 καὶ
598 493 680 526 αὐτὸς
698 496 726 522 ὲν
743 495 782 531 τῷ
798 496 877 532 τάφῳ

78 537 197 571 κείμενα
212 538 246 564 τὰ
261 537 365 570 ὀθόνια,
380 539 428 565 καὶ
455 539 485 565 τὸ
505 539 552 565 ἐπὶ
577 540 627 574 τῆς
640 540 761 576 κεφαλῆς
779 542 876 569 σουδά-

79 591 137 618 ριον
151 592 157 598 ·
174 584 246 619 άπερ
260 583 428 619 θεωροῦντες
445 585 472 611 εἴ
488 594 531 617 τις
551 585 714 621 Πέτροςκαὶ
736 587 876 624 Ἰωάννης,

78 628 254 655 πιστεύουσιν
272 629 421 664 ἐγηγέρθαι
440 630 486 657 τὸν
499 630 613 666 Κύριον.

114 732 167 766 ξα’.
179 733 323 769 Μνημεῖόν
338 733 413 760 ἐστιν
435 734 501 767 ἴσως
514 734 693 767 Δεσποτικὺν,
711 736 727 771 ἦ
742 736 756 762 ὁ
774 737 877 771 κόσμος

78 776 169 811 οὗτος,
185 780 201 815 ἢ
218 781 234 815 ἡ
255 780 372 807 ἑκάττου
389 781 444 808 τῶν
462 781 568 808 πιστῶν
588 782 688 817 καρδία
701 791 707 798 ·
723 783 757 809 τὰ
771 783 800 809 δὲ
816 782 876 810 606-

78 835 133 857 νια,
154 827 179 852 οἱ
193 827 246 854 τῶν
263 826 401 862 αἰσθητῶν
414 828 483 862 μετὰ
500 828 555 854 τῶν
576 829 635 856 κατ’
646 830 747 866 ἀρετὴν
767 831 876 867 τρόπων

78 872 236 908 ὑπάρχουσι
253 871 327 906 λόγοι
344 880 350 887 ·
367 872 398 898 τὺ
411 873 439 899 δὲ
471 874 626 910 σουδάριον,
641 875 657 911 ἡ
685 875 740 903 τῶν
770 876 875 911 νοητῶν

78 903 145 943 ἔστι·
305 918 485 954 ἐνδεχομένης
501 903 640 954 θεολογίας
650 903 724 957 άπλῆ
737 922 784 948 καὶ
795 903 874 948 ἀστοί·
892 903 912 931 Β

78 963 156 993 κιλος
177 963 289 996 γνῶσις,
307 963 342 990 δι’
357 961 395 991 ὧν
411 964 575 1000 ἐγνωρίζετο
596 966 728 1002 πρότερον
747 967 761 993 ό
776 967 874 1001 Λόγος.

81 1008 227 1043 ἀχώρητον
260 1009 325 1043 ἡμῖν
347 1009 417 1045 ἔχων
434 1010 594 1038 παντάπασι
616 1011 678 1047 δίχα,⁵
694 1012 807 1045 τούτων,
824 1013 874 1048 τὴν

78 1054 93 1079 ὐ
101 1053 151 1088 πὲρ
168 1053 254 1080 ταῦτα
270 1055 435 1090 κατάληψιν.

115 1098 165 1134 ξβἌ
183 1101 214 1126 Ol
230 1100 379 1133 θάπτοντες
398 1102 515 1136 ἐντίμως
535 1103 581 1130 τὸν
601 1103 714 1140 Κύριον,
732 1105 780 1132 καὶ
801 1105 875 1133 ἐνδό-

79 1145 134 1177 ξως
165 1146 322 1174 ἀναστάντα
346 1147 512 1175 θεάσονται·
546 1150 629 1177 πᾶσιν
655 1151 720 1177 ίεντα
748 1153 805 1184 τοῖς
837 1152 875 1187 μὴ

78 1192 213 1225 τοιούτοις
226 1193 350 1221 ἀθέατον.
370 1195 427 1222 Οὐκ
450 1195 489 1222 ἔτι
505 1195 560 1232 γὰρ
579 1198 635 1229 τοῖς
651 1197 875 1225 ἐπιϐουλεύουσῐν

78 1240 156 1265 ἐστιν
174 1239 286 1272 άλωτδς,
300 1241 350 1267 οὒκ
373 1241 442 1276 ἔχων
456 1241 512 1268 τῶν
526 1243 607 1274 ἐκτὸς
623 1243 657 1270 τὰ
671 1244 874 1280 προκαλύμμα-

78 1293 122 1313 τα,
146 1285 181 1311 δι’
199 1282 235 1312 ὤν
252 1286 338 1313 ἐδόκει
359 1288 443 1314 θέλων
461 1288 622 1317 ἁλίσκεσθαι
641 1291 716 1326 παρὰ
731 1291 786 1318 τῶν
813 1292 876 1327 βουη

78 1331 215 1366 λομὲνων,
229 1333 275 1359 καὶ
303 1333 418 1369 πάσχειν
442 1334 512 1371 ὑπὲρ
534 1336 584 1371 τῆς
603 1336 712 1363 πάντων
735 1338 875 1374 σωτηρίας

78 1378 126 1413 ﬁve
132 1378 215 1413 ἔχετο.
399 1382 401 1387 ⁴

118 1422 171 1458 Ey’.
195 1424 223 1452 '0
241 1425 353 1453 θάπτων
365 1427 484 1463 ἐντίμως
502 1428 549 1454 τὸν
567 1427 682 1463 Κύριον,
704 1429 787 1456 πᾶσίν
816 1429 876 1456 ἐστι

80 1470 140 1501 τοῖς
170 1470 305 1504 φιλοθέοις
333 1473 474 1508 αἰδέσιμος
492 1483 498 1489 ·
514 1474 649 1510 θριάμϐου
662 1475 715 1511 γὰρ
731 1475 812 1502 αὑτὸν
829 1476 877 1502 καὶ

80 1513 203 1546 ὀνείδους
212 1515 387 1551 καθηκόντως
399 1517 546 1553 ἐρρύσατο.
558 1518 733 1555 βλασφημίας
747 1520 877 1548 ὑπόθεσιν

81 1560 134 1586 οὐκ
147 1560 228 1595 ἀφεὶς
242 1562 298 1593 τοῖς
308 1563 447 1596 ἀπίστοις,
461 1564 510 1600 τὴν
522 1565 550 1591 ἐν
563 1564 602 1600 τῷ
611 1565 683 1600 ξύλῳ
692 1566 774 1593 αὑτοῦ
789 1575 876 1601 προσ-

85 1606 200 1640 ήλωσιν.
215 1607 248 1634 Οἱ
263 1608 292 1635 δὲ
310 1610 461 1645 σφραγῖδας
489 1611 656 1644 ἐπιτιθέντες
671 1612 711 1648 τῷ
724 1612 811 1649 τάφῳ,
829 1613 877 1640 καὶ

82 1652 256 1687 στρατιώτας
280 1655 529 1690 προκαθιστῶντες,
552 1658 662 1693 μισητοὶ
679 1657 729 1693 τῆς
748 1659 873 1694 ἐγχειρή-

83 1706 156 1730 σεως
173 1706 181 1713 ⁸
197 1700 222 1726 οἳ
247 1700 294 1726 καὶ
315 1702 472 1729 ἀναστάντα
487 1703 533 1729 τδν
547 1703 646 1738 Λόγον,
670 1703 708 1735 ὡς
739 1704 879 1731 κλαπέντα

83 1745 278 1772 διαϐάλλουσιν
293 1755 300 1761 ·
318 1748 456 1783 ἀργυρίῳ,
474 1748 570 1785 ὥσπερ
583 1749 628 1776 τὸν
651 1749 728 1777 νόθον
752 1750 879 1786 μαθητὴν

83 1792 125 1822 εἰς
141 1792 291 1824 προδοσίαν
304 1802 310 1808 ’
324 1793 396 1827 λέγω
413 1794 441 1821 δὲ
452 1794 497 1821 τὸν
512 1795 697 1822 ἐπιδεικτικὸν
716 1796 817 1831 τρόπον
828 1797 879 1832 τῆς

85 1837 188 1873 ἀρετῆς
203 1845 210 1853 ·
225 1837 296 1865 οὕτω
314 1839 437 1871 καὶτοὺς
458 1840 627 1876 στρατιώτας
649 1841 717 1877 προς
740 1851 879 1878 συκοφαν-

84 1882 148 1908 τίαν
160 1883 208 1909 τοῦ
222 1884 386 1916 ἀναστάντος
414 1885 541 1921 Σωτῆρος
555 1886 720 1921 ὠνούμενοι.
747 1887 879 1915 Γινώσκει

85 1929 141 1956 τῶν
170 1928 326 1965 λεγομένων
353 1931 403 1966 τὴν
425 1931 566 1967 ἔμφασιν,
589 1934 603 1960 ό
627 1934 779 1967 γνωστικός
794 1943 802 1951 ·
829 1935 879 1962 οὐκ

85 1974 196 2008 ἀγνοῶν
216 1974 275 2006 πῶς
301 1984 331 2002 τε
346 1975 393 2002 καὶ
405 1976 534 2011 ποσαχῶς
553 1977 719 2012 σταυροῦται
735 1979 748 2005 ὁ
764 1978 879 2014 Κύριος,

86 2020 135 2047 καὶ
167 2019 301 2047 θάπτεται
324 2022 371 2048 καὶ
397 2021 562 2049 ἀνίσταται·
592 2023 659 2050 ὡσεὶ
689 2025 804 2061 νεκροὺς
830 2024 880 2060 μὲν

86 2064 174 2092 ποιῶν
185 2065 249 2097 τοὺς
261 2065 313 2092 ὑπὸ
325 2065 460 2102 δαιμόνων
471 2069 504 2103 τῇ
517 2067 616 2104 καρδίᾳ
628 2069 880 2105 παρακαθημένους

86 2110 225 2145 ἐμπαθεῖς
250 2111 397 2148 λογισμούς
412 2122 419 2129 ·
435 2113 499 2146 τοὺς
520 2114 763 2151 διαμεριζομένους
781 2116 810 2142 ὲν
823 2116 879 2147 τοῖς

87 2158 256 2192 πειρασμοῖς
280 2157 376 2194 ὥσπερ
396 2159 507 2194 ἱμάτια,
523 2160 587 2193 τοὺς
605 2161 723 2197 τρόπους
746 2161 797 2197 τῆς
822 2162 881 2197 ἠθι-

87 2203 139 2237 κῆς
153 2202 338 2238 εὐπρεπείας·
355 2205 402 2231 καὶ
415 2205 589 2240 ὑπερϐαίνων
606 2206 702 2243 ὥσπερ
727 2207 879 2242 σφραγῖδας

86 2249 151 2279 τοὺς
166 2248 360 2283 ἐπικειμένους
372 2251 406 2285 τῇ
424 2251 497 2287 ψυχῇ
517 2252 630 2286 τύπους,
648 2252 704 2279 τῶν
715 2253 788 2280 κατὰ
811 2253 876 2288 πρό-
893 2258 916 2286 D

86 2292 170 2328 ληψιν
183 2294 404 2329 ἁμαρτημάτων.

88 2341 167 2374 quasi
185 2341 337 2376 signacula,
353 2342 469 2380 injectas
503 2345 602 2373 animo:
636 2345 731 2381 illique
750 2346 916 2375 inhaerentes

89 2391 204 2421 superet
217 2395 249 2415 ac
263 2389 410 2419 transiliat.

122 2434 170 2467 ξδ’.
184 2434 244 2466 Πᾶς
263 2435 431 2472 φιλάργυρος
449 2436 499 2472 (2),
528 2437 562 2463 δι’
581 2436 724 2471 εὐλαϐείας
743 2439 793 2474 τὴν
817 2439 882 2475 ἀρε-

88 2480 136 2515 τὴν
153 2480 380 2517 ὑποκρινόμενος,
400 2483 511 2510 ἐπειδὰν
541 2483 611 2521 εὕρῃ
639 2485 692 2521 τὴν
710 2485 882 2522 ποθουμένην

88 2525 156 2560 ὓλην
166 2526 345 2561 πορίσασθαι,
359 2527 405 2554 τὸν
419 2528 520 2564 τρόπον
534 2529 701 2565 ὲξώμνυται,
715 2531 776 2558 καθ’
785 2530 817 2559 ὃν
831 2541 882 2568 μα-

88 2570 174 2607 θητὴς
192 2569 263 2599 εἶναι
278 2573 325 2600 τοῦ
338 2573 425 2609 Λόγου
438 2574 468 2601 τὸ
483 2575 548 2610 πρὶν
562 2576 714 2611 ἐνομίζετο.

124 2615 171 2650 is‘.
189 2618 275 2645 Ὅταν
299 2619 358 2654 ἴδῃς
379 2621 456 2653 τινὰς
486 2622 680 2658 ὑπερηφάνους
696 2623 733 2658 μὴ
749 2623 882 2659 φέροντας

87 2662 261 2691 ἐπαινεῖσθαι
278 2665 342 2697 τοὺς
355 2667 524 2701 κρείττονας,
537 2668 696 2703 ἀκήρυκτόν
707 2677 737 2695 τε
753 2677 882 2704 μηχανω-

87 2708 187 2742 μένους
202 2711 290 2737 ποιεῖν
303 2710 352 2746 τὴν
371 2711 540 2748 λαλουμένην
559 2713 701 2746 ἀλήθειαν,
717 2713 883 2750 μυρίοιςαύ-

85 2754 136 2790 τὴν
144 2755 331 2791 ἀπείργοντας
343 2760 517 2794 πειρασμοῖς,
525 2759 572 2785 xui.
582 2759 721 2795 ἀθεμίτοις
732 2759 880 2792 διαϐολαῖς*

85 2799 141 2825 νόει
157 2808 204 2835 μοι
221 2801 303 2829 πάλιν
322 2802 375 2830 ὑπὸ
385 2803 489 2831 τούτων
501 2803 687 2838 σταυροῦσθαι
709 2804 755 2831 τὸν
777 2804 880 2841 Κύριον

120 2888 144 2906 ⁸⁸
155 2889 235 2917 Joan.
248 2899 292 2923 xx,
305 2892 321 2919 5
335 2900 410 2927 seqq.
450 2893 470 2910 ³¹
485 2892 579 2920 Matth.
592 2899 674 2926 xxv",
685 2892 718 2920 57
731 2900 808 2929 seqq.

928 270 1019 298 tiones
1035 271 1128 300 divine
1147 275 1317 310 complexus,
1332 283 1348 303 a
1362 276 1464 304 mentis
1478 276 1552 304 circa
1567 285 1627 304 eam
1644 283 1722 306 motu

927 316 1062 351 quiescit.

963 362 1007 390 60.
1029 363 1080 397 Qui
1104 365 1228 400 septimm
1250 367 1353 402 quietis
1374 368 1422 396 Dei
1446 368 1473 395 in
1495 369 1583 396 nostri
1605 369 1721 405 gratiam

927 409 1066 446 particeps
1075 411 1163 440 factus
1174 417 1232 446 est;
1245 414 1305 449 ejus
1315 422 1425 450 quoque
1438 419 1551 450 propter
1559 423 1609 442 nos
1620 419 1722 442 octava;

927 454 1095 488 operationis
1113 464 1162 491 per
1176 457 1381 486 'deilicationem
1402 460 1538 496 (mystica:
1554 460 1660 488 scilicet
1677 467 1722 487 re-

928 501 1120 539 surrectionis)
1137 502 1185 532 ﬁet
1200 505 1352 540 particeps;
1372 506 1429 541 ipse
1445 507 1528 534 etiam
1549 507 1576 534 in
1593 507 1723 542 sepulcro

927 545 1088 575 linteamina
1102 550 1202 583 posita,
1215 558 1247 578 ac
1262 552 1405 580 sudarium
1421 553 1494 588 quod
1512 553 1593 588 capiti
1613 553 1724 588 imposi—

930 596 988 618 tum
1008 592 1113 628 fuerat,
1130 595 1300 631 relinquens.
1317 596 1381 625 Haec
1400 605 1484 633 porro
1503 602 1683 630 contuentes,
1700 597 1724 624 si

928 638 990 673 quis
1005 639 1103 668 Petrus
1120 648 1152 669 ac
1165 641 1286 671 Joannes
1302 648 1358 677 est,
1375 643 1521 672 Dominum
1540 643 1724 672 resurrexisse

928 685 1045 713 credent
1056 687 1088 714 ³³.

964 733 1009 760 61.
1023 733 1198 762 Dominicum
1215 734 1286 763 forte
1304 739 1530 769 monumentum,
1543 740 1590 763 aut
1604 735 1724 764 mundus

929 777 980 805 iste
1002 783 1061 812 est,
1083 782 1132 806 aut
1154 780 1276 815 cujusvis
1301 780 1426 808 ﬁdelium
1451 789 1499 809 cor
1523 782 1581 809 sive
1603 781 1722 809 animus.

928 823 1075 852 Sudarium
1086 846 1093 858 ,
1110 826 1275 861 spiritalium
1291 831 1350 861 est,
1365 834 1428 854 cum
1449 834 1482 854 ea
1501 834 1583 862 quam
1603 827 1725 855 nancisci

930 871 1010 905 licet,
1026 872 1179 908 theologia,
1196 872 1312 908 simplex
1330 873 1461 909 omnique
1476 881 1577 901 vacans
1592 873 1725 900 varietate

928 917 1059 952 scientia;
1075 918 1177 954 quibus
1193 919 1271 954 prius
1281 918 1403 946 Verbum
1416 919 1592 952 noscebatur,
1605 919 1664 947 sine
1681 919 1725 946 his

928 971 1042 999 prorsus
1059 964 1141 992 nobis
1158 964 1427 1000 incomprehensam,
1444 973 1506 1001 qua:
1522 965 1576 993 illis
1592 965 1724 998 emineat,

928 1010 1206 1046 comprehensionem
1222 1011 1338 1040 habens.

963 1102 1008 1131 62.
1030 1102 1083 1136 Qui
1107 1102 1260 1131 honoriﬁce
1283 1104 1430 1131 Dominum
1455 1103 1608 1139 sepeliunt,
1632 1103 1723 1138 ipsum

928 1157 1038 1184 quoque
1050 1149 1169 1184 gloriose
1182 1153 1374 1185 resurgentem
1385 1148 1472 1178 visuri
1486 1153 1564 1182 sunt,
1578 1156 1640 1176 cum
1656 1148 1724 1176 alio-

928 1196 976 1230 qui
987 1195 1126 1230 omnibus,
1138 1196 1185 1232 qui
1197 1204 1251 1224 non
1269 1201 1333 1224 sunt
1347 1196 1496 1232 ejusmodi,
1510 1195 1658 1223 invisibilis
1676 1195 1721 1222 sit.

928 1241 988 1269 Non
1008 1242 1083 1269 enim
1102 1242 1221 1278 amplius
1237 1242 1380 1278 expositus
1398 1247 1441 1270 est
1460 1242 1636 1270 inimicorum
1655 1240 1722 1268 insi—

929 1287 997 1320 diis,
1011 1288 1058 1322 qui
1075 1287 1159 1315 nullis
1175 1289 1343 1316 exteriorum
1361 1288 1511 1316 involucris
1528 1287 1655 1315 obtectus
1671 1286 1722 1318 sit,

929 1331 1031 1366 quibus
1047 1337 1144 1367 sponte
1157 1340 1173 1359 a
1185 1332 1343 1360 volentibus
1357 1333 1418 1368 capi
1431 1332 1587 1366 videbatur,
1602 1330 1722 1359 sustine-

929 1379 1031 1413 batque
1047 1379 1171 1406 omnium
1184 1386 1266 1406 causa
1279 1380 1375 1407 salutis
1389 1379 1455 1414 pati.

964 1424 1010 1451 6'5.
1027 1423 1080 1457 Qui
1100 1423 1252 1451 honoriﬁce
1273 1423 1420 1451 Dominum
1440 1423 1552 1459 sepelit,
1570 1423 1652 1460 474
1671 1423 1724 1458 piis

929 1469 1060 1496 omnibus
1078 1476 1111 1496 ac
1130 1468 1268 1504 religiosis
1293 1469 1460 1496 venerabilis
1478 1469 1600 1502 exsistit;
1622 1469 1724 1504 quippe

930 1515 977 1550 qui
992 1515 1044 1542 rite
1060 1522 1093 1542 eo
1107 1514 1270 1550 perfunctus
1283 1514 1394 1550 pietatis
1404 1514 1504 1548 omcio,
1516 1515 1590 1550 quod
1606 1515 1634 1542 in
1649 1514 1724 1550 ligno

931 1561 1017 1589 clavis
1034 1560 1159 1589 conﬁxus
1177 1561 1223 1594 sit,
1237 1560 1396 1596 ignominiaa
1411 1561 1578 1597 publicoque
1596 1559 1725 1588 dedecori

929 1607 1085 1642 expositum
1100 1602 1156 1634 non
1173 1607 1329 1642 reliquerit,
1343 1607 1391 1635 sed
1408 1615 1442 1635 eo
1457 1607 1618 1635 liberaverit
1628 1607 1660 1634 ".
1672 1606 1726 1640 Qui

929 1658 1023 1681 autem
1039 1653 1180 1689 signacula
1197 1653 1392 1688 imposuerunt
1407 1653 1545 1688 sepulcro,
1561 1660 1593 1680 ac
1608 1653 1656 1688 qui
1671 1653 1724 1680 mi-

929 1699 993 1727 lites
1007 1699 1172 1734 pmﬁciunt,
1185 1699 1246 1734 ejus
1260 1699 1301 1726 rei
1315 1698 1469 1731 molimine,
1481 1699 1556 1726 omni
1570 1698 1646 1734 digni
1661 1699 1725 1726 odio

929 1749 1005 1778 sunt,
1018 1745 1066 1780 qui
1077 1750 1106 1772 et
1118 1745 1241 1773 Verbum
1256 1751 1317 1772 cum
1333 1745 1496 1778 surrexerit,
1508 1749 1638 1779 tanquam
1652 1744 1726 1772 furto

929 1792 1071 1819 sublatum
1089 1792 1134 1824 sit,
1150 1796 1311 1827 suspectum
1327 1791 1467 1819 reddunt:
1484 1791 1524 1819 sic
1540 1791 1681 1823 nimirum,
1696 1796 1726 1819 ut

931 1838 1003 1866 sicut
1020 1838 1118 1866 falsum
1136 1838 1303 1874 discipulum
1324 1838 1390 1874 (quo
1407 1837 1520 1865 nomine
1536 1837 1648 1865 virtutis
1664 1846 1725 1864 mo-

931 1884 997 1912 dum
1013 1884 1190 1912 ostentationi
1205 1885 1383 1920 conjunctum
1395 1883 1541 1920 intelligo),
1555 1884 1596 1911 sic
1612 1888 1640 1911 et
1654 1884 1726 1911 mili-

930 1935 973 1959 tes
987 1930 1021 1958 ad
1034 1931 1202 1958 calumniam
1215 1930 1328 1959 Christo
1343 1930 1516 1962 struendam,
1529 1929 1647 1964 pecunia
1660 1937 1727 1957 con-

930 1976 1046 2004 ducunt.
1060 1976 1149 2004 Porro
1162 1976 1206 2004 vir
1220 1976 1352 2012 spiritalis
1367 1983 1399 2003 ac
1415 1975 1550 2010 sapientia
1567 1979 1725 2010 provectus,

929 2029 1026 2050 eorum
1039 2030 1100 2057 quae
1118 2022 1250 2050 dicuntur
1268 2022 1322 2049 vim
1343 2021 1435 2055 novit;
1458 2028 1540 2056 quem
1556 2028 1610 2048 non
1625 2021 1726 2053 lateat,

930 2068 1069 2104 quomodo
1083 2076 1115 2097 ac
1129 2072 1198 2104 quot
1211 2068 1300 2096 modis
1314 2067 1448 2095 Dominus
1465 2067 1651 2102 cruciﬂgatur,
1668 2070 1725 2094 tra-

930 2115 1068 2150 daturque
1090 2115 1238 2150 sepultura:
1262 2119 1345 2150 atque
1369 2117 1509 2149 resurgat;
1532 2113 1570 2140 ita
1594 2113 1727 2140 nimirum

931 2166 963 2189 ut
985 2161 1148 2189 libidinosas
1170 2161 1353 2197 cogitationes
1374 2160 1535 2188 auctoribus
1555 2159 1726 2187 daemonibus

932 2206 1021 2241 iisque
1047 2206 1267 2241 praeﬁcientibus
1295 2204 1372 2233 cordi
1400 2204 1569 2237 assidentes,
1593 2212 1625 2232 ac
1650 2204 1727 2231 velut

933 2251 1108 2283 vestimenta,
1119 2251 1233 2279 moralis
1247 2251 1403 2279 honestatis
1415 2256 1497 2286 atque
1508 2251 1617 2279 decoris
1630 2249 1726 2277 modos

935 2297 1135 2326 tentationibus
1151 2297 1320 2330 dividentes,
1332 2298 1410 2325 velut
1425 2302 1547 2326 mortuas
1564 2297 1674 2330 reddat;
1694 2303 1726 2323 ac

936 2351 1113 2382 peccatorum
1140 2349 1275 2381 occupata
1301 2345 1433 2381 opinione
1460 2345 1563 2381 ﬁguras
1591 2348 1726 2380 notasque

965 2438 1010 2466 6L
1026 2437 1134 2465 Avarus
1150 2437 1240 2466 omnis
1258 2437 1388 2473 religioso
1404 2437 1499 2465 habitu
1518 2441 1650 2472 motuque
1666 2438 1725 2465 vir—

931 2489 1018 2512 tutem
1033 2484 1177 2517 simulans,
1190 2484 1237 2511 ubi
1253 2484 1388 2519 pecuniae,
1401 2484 1480 2519 cujus
1493 2483 1632 2512 desiderio
1648 2488 1725 2512 tene-

930 2531 1024 2564 batur,
1039 2530 1168 2566 paranda:
1182 2530 1226 2558 via
1242 2530 1368 2566 ratioque
1383 2530 1547 2563 occurrerit,
1560 2538 1651 2558 mores
1665 2531 1726 2566 eju-

931 2581 975 2604 rat
989 2576 1092 2612 quibus
1106 2576 1254 2611 putabatur
1267 2584 1328 2604 esse
1339 2576 1422 2605 Verbi
1437 2576 1600 2611 discipulus.

967 2623 1011 2651 65.
1025 2622 1094 2650 Cum
1111 2623 1219 2658 aliquos
1233 2623 1369 2658 superbos
1383 2622 1551 2655 adverteris,
1566 2630 1621 2650 non
1635 2622 1725 2650 feren-

930 2672 974 2696 tes
997 2668 1105 2696 laudari
1128 2676 1180 2696 eos
1200 2669 1249 2703 qui
1273 2669 1342 2703 ipsis
1367 2668 1497 2696 meliores
1522 2668 1593 2701 sint,
1615 2668 1724 2704 hocque

930 2715 1076 2743 molientes
1093 2718 1123 2742 ut
1136 2714 1280 2742 veritatem
1296 2723 1357 2750 quae
1371 2715 1516 2750 evulgatur
1532 2714 1559 2742 in
1575 2714 1722 2742 obscurum

929 2764 1040 2797 cogant,
1054 2759 1263 2795 innumerisque
1278 2759 1479 2787 tentationibus
1490 2766 1550 2786 eam
1563 2758 1722 2790 cobibeant,

930 2813 963 2833 ac
980 2803 1108 2833 nefandis
1130 2804 1277 2833 calumniis
1297 2804 1470 2840 opprimant;
1490 2804 1579 2840 cogita
1601 2803 1669 2831 mihi
1687 2802 1725 2834 al)
