1951 3076
210 141 277 173 ιιοτ

796 136 826 166 S.
846 135 989 165 ΜΑΧΙΜΙ
1009 134 1279 166 ΟΟΝΡΕΞΞΟΒΙΒ

1776 134 1847 168 1108

210 197 250 224 eis
267 197 366 223 iterum
381 192 504 228 cruciﬁgi
520 191 666 219 Dominum
685 199 716 218 ac
733 191 855 226 sepeliri,
868 190 1002 217 militum-

1063 192 1101 218 ια).
1121 192 1293 219 ϐάπτεσθαι·
1311 193 1357 219 καὶ
1384 191 1565 228 στρατιώταις
1578 193 1623 219 καὶ
1636 193 1767 228 σφραγῖσι
1792 203 1848 227 φυ-

211 248 264 275 que
276 239 400 267 adhibita
413 245 494 265 manu
508 244 541 264 ac
554 236 702 272 signaculis
716 235 859 263 custodiri.
871 235 926 263 Hos
936 235 1003 263 Ver-

211 286 276 312 bum
301 284 360 312 suis
378 284 500 319 ipsorum
518 282 746 310 machinamentis
762 285 900 314 evertens,
912 288 1004 308 resur-

210 331 249 365 git
263 339 269 356 ε
286 338 341 364 quo
359 330 547 365 impugnatur,
560 336 594 356 eo
610 328 697 364 magis
710 328 912 360 inclarescens;
930 326 1006 362 quod

211 375 342 402 nimirum
370 374 413 402 his
439 383 499 410 quia
528 374 683 409 perpetitur
708 374 742 401 ad
770 373 1003 408 impatibilitalem

211 421 542 457 imperturbationemque
561 420 689 448 duretur.
705 420 753 449 Est
772 419 846 446 enim
867 418 1005 446 universis

212 466 321 499 fortius,
335 471 366 494 ut
381 466 455 501 quod
470 466 574 494 veritas
589 470 647 493 tum
662 465 786 497 exsistat,
801 469 913 499 tumque
927 464 1004 491 dica-

213 517 258 539 tur
267 512 339 539 II_II.

247 559 292 586 66.
307 559 375 594 Ejus
392 558 469 594 quod
487 562 530 585 est
551 557 671 585 Verbum
692 563 793 591 corpus
811 554 1008 590 assumpsisse,

213 605 391 641 mysterium,
409 603 534 633 omnium
558 603 586 630 in
609 602 752 637 Scriptura
773 601 948 636 aanigmatum
974 607 1006 626 ac

213 651 363 686 figurarum
382 650 438 677 vim
457 650 541 677 habet
562 657 569 675 :
592 653 748 676 creatorum
771 648 851 678 item,
869 651 927 673 tum
946 653 1006 680 quae

213 697 304 724 oculis
318 696 540 731 conspiciuntur,
550 700 607 722 tum
622 702 683 729 quae
697 698 788 721 mente
801 693 1004 727 intelliguntur,

214 744 370 771 scientiam.
388 743 477 778 Atque
502 743 524 770 is
543 742 655 779 quidem
684 741 731 776 qui
753 739 844 768 crucis
866 744 894 767 et
916 738 1008 774 sepul-

215 795 284 816 tura:
296 789 372 816 novit
392 789 571 827 mysterium,
583 795 679 816 eorum
697 795 758 822 quae
771 785 843 815 dicta
857 789 921 813 sunt
942 793 1006 820 per-

215 839 324 870 spectas
351 835 436 862 habet
456 834 578 862 rationes
606 843 613 860 :
636 833 683 870 qui
706 838 797 860 autem
817 839 946 860 arcanam
963 839 1006 858 re-

215 882 396 909 surrectionis
420 881 501 918 5.75
519 880 670 916 potentiam
688 879 796 911 didicit,
822 878 904 905 tinem
928 877 1007 913 cujus

215 929 300 963 gratia
314 929 386 956 Deus
400 932 498 956 cuncta
519 928 610 963 primo
626 925 788 955 condiderat
803 925 941 960 pernovit.

250 975 294 1002 67.
316 974 383 1007 Quae
404 973 535 1001 videntur
558 972 665 1004 omnia,
686 979 768 998 cruce
792 974 887 1006 egent;
910 969 1006 996 habitu

215 1021 321 1048 scilicet
332 1018 480 1054 ejusmodi,
492 1017 539 1053 qui
554 1025 650 1045 eorum
663 1025 724 1052 quae
735 1017 761 1043 in
774 1017 815 1043 eis
828 1024 909 1042 sensu
923 1023 1008 1050 agun-

217 1071 271 1098 tur,
286 1065 462 1095 attentionem
481 1063 727 1097 habitudinemquc
743 1066 871 1089 coerceat
886 1071 892 1088 :
908 1066 1007 1088 cuncta

216 1119 282 1138 vero
307 1118 368 1146 quae
396 1114 488 1137 mente
514 1109 723 1144 intelliguntur,
745 1113 828 1144 egent
852 1107 1006 1143 sepultura,

216 1156 296 1190 plena
320 1154 424 1186 scilicet
447 1154 481 1185 ab
504 1154 553 1185 iis,
572 1162 632 1189 quae
656 1154 683 1180 in
708 1153 749 1180 eis
773 1158 864 1180 mente
890 1158 1009 1187 aguntur

217 1201 372 1229 cessatione
389 1208 422 1228 ac
440 1201 542 1236 quiete.
555 1200 614 1228 Una
631 1200 704 1227 enim
721 1207 782 1227 cum
799 1198 945 1226 aﬂectione
960 1206 1007 1225 seu

217 1247 380 1277 habitudine
391 1267 404 1279 ,,
422 1246 529 1274 sublata
557 1245 676 1273 naturali
706 1253 771 1280 erga
798 1252 843 1271 res
870 1243 1009 1279 quaslibet

216 1294 377 1330 operatione
393 1297 536 1328 motuque,
552 1292 673 1319 Verbum
690 1291 778 1319 solum
796 1290 885 1325 ipsum
905 1298 953 1324 per
967 1297 1006 1320 se,

216 1340 294 1376 quasi
307 1349 340 1367 ex
352 1339 469 1367 mortuis
480 1339 643 1366 suscitatam
658 1341 781 1373 apparet,
794 1341 892 1363 cuneta
905 1336 1010 1363 habens

217 1393 278 1421 qua:
302 1393 339 1414 ex
360 1385 420 1420 ipso
445 1389 510 1412 sunt
533 1384 685 1414 secundum
708 1381 1007 1419 circumscriptionem,

217 1439 279 1457 enm
296 1431 371 1457 nulla
388 1438 502 1465 prorsus
520 1438 564 1456 res
581 1429 699 1456 naturali
716 1428 879 1459 habitudine
897 1436 958 1455 cum
976 1434 1010 1454 eo

218 1475 450 1503 necessitudinem
473 1475 583 1505 habeat.
603 1475 656 1502 Per
673 1474 793 1510 gratiam
808 1482 942 1509 namque,
954 1482 1009 1502 non

218 1529 267 1556 per
277 1526 406 1552 naturam
419 1524 461 1547 est
473 1524 503 1546 ut
514 1519 595 1546 electi
608 1519 723 1550 salutem
734 1510 949 1554 consequantur.

254 1565 297 1592 68.
310 1565 412 1596 Eorum
428 1572 489 1599 qua:
502 1567 565 1590 sunt
578 1563 612 1590 ad
626 1563 737 1598 aliquid,
751 1567 808 1590 tum
822 1563 919 1590 szeeula
933 1567 1008 1594 sunt,

220 1617 277 1637 tum
295 1615 418 1645 tempora
436 1610 569 1645 locaque;
586 1614 663 1636 extra
680 1617 740 1643 quae
756 1609 824 1635 nihil
842 1612 884 1636 est
899 1616 1009 1640 eorum,

220 1664 280 1690 qum
302 1648 437 1687 una‘cum
459 1655 512 1683 illis
533 1655 735 1691 intelliguntur.
751 1655 825 1682 Deus
845 1660 936 1681 autem
956 1662 1011 1681 non

219 1710 313 1729 eorum
330 1706 381 1734 est,
395 1710 456 1737 qua:
471 1706 534 1733 sunt
549 1702 584 1728 ad
601 1701 714 1736 aliquid,
732 1709 795 1728 cum
812 1701 881 1727 nihil
897 1708 1012 1736 prorsus

220 1747 258 1774 illi
277 1755 371 1775 comes
390 1748 568 1783 intelligatur.
583 1746 611 1774 Si
630 1746 741 1781 quidem
760 1746 844 1781 igitur
861 1746 934 1773 Deus
950 1753 1012 1773 san-

219 1799 326 1821 ctorum
340 1793 488 1821 haereditas
500 1798 542 1821 est
555 1801 587 1821 ac
600 1793 748 1828 possessio,
760 1792 807 1827 qui
823 1793 876 1819 hoc
889 1791 1013 1818 muneris

220 1840 351 1874 consequi
364 1840 508 1872 meruerit,
522 1847 609 1875 super
618 1839 709 1866 omnia
722 1838 820 1866 saecula
835 1842 1012 1873 temporaque

221 1889 249 1913 et
263 1886 324 1913 loca
341 1886 410 1919 erit,
427 1886 506 1921 cujus
525 1885 604 1913 locus
619 1885 693 1913 Deus
710 1884 768 1920 ipse
782 1885 833 1916 sit,
849 1885 923 1920 iuxta
939 1884 1012 1919 quod

220 1931 353 1966 scriptum
367 1936 410 1959 est
423 1940 430 1958 :
443 1931 508 1958 Esto
526 1931 588 1958 mihi
605 1931 632 1958 in
647 1930 732 1958 Deum
747 1935 930 1966 protectorem,
944 1934 969 1956 et
985 1931 1012 1956 in

222 1977 307 2004 locum
322 1978 463 2010 munitum,
478 1982 508 2004 ut
519 1977 622 2005 salvum
638 1985 678 2004 me
691 1977 773 2011 facias
785 1976 819 2003 ³⁵.

257 2023 300 2050 69.
316 2023 392 2051 Finis
414 2023 488 2051 nihil
502 2031 616 2058 prorsus
630 2031 692 2051 cum
708 2022 798 2050 medio
812 2022 896 2050 habet
908 2022 1011 2056 simile,

221 2069 324 2104 alioqui
341 2069 404 2097 tlnis
420 2077 475 2096 non
492 2073 574 2096 esset.
590 2068 660 2095 Sunt
676 2071 768 2095 autem
788 2068 920 2099 medium,
937 2075 1012 2102 quae-

221 2123 331 2150 cunque
349 2115 501 2142 secund'um
518 2113 684 2149 principium
702 2117 777 2141 retro
794 2113 875 2140 tinem
893 2117 966 2140 sunt.
984 2113 1012 2141 Si

222 2161 334 2195 quidem
359 2160 442 2195 igitur
464 2163 562 2186 cuncta
582 2159 681 2186 saecula
701 2162 728 2186 et
746 2163 869 2192 tempora
889 2162 917 2186 et
937 2158 1010 2192 loca,

1056 236 1210 264 λάττεσοαι.
1231 237 1284 269 Οὒς
1311 239 1417 269 ἑαυτοῖς
1448 239 1622 274 περιτρέπων
1637 239 1650 265 ὁ
1665 239 1752 273 Λόγος
1766 259 1774 272 ,
1795 239 1846 265 ἁν-

1056 280 1160 307 ίσταται
1178 288 1184 295 ·
1203 281 1284 308 πλέον
1300 283 1339 317 τῷ
1351 282 1538 317 πολεμεῖσθαι,
1556 283 1763 318 διαφαινόμενος
1777 292 1783 297 ·
1806 283 1847 315 ὡς

1055 327 1124 363 πρὸς
1150 328 1285 355 ἀπάθειαν
1312 328 1355 356 διὰ
1375 329 1429 356 τῶν
1455 330 1626 366 παθημάτων
1645 332 1845 366 στομούμενος.

1056 374 1167 400 Πάντων
1183 374 1238 409 γάρ
1254 375 1328 401 ἐστιν
1355 375 1538 412 ίσχυρότερος,
1554 377 1593 409 ὼς
1609 377 1723 413 ἀλήθεια
1739 377 1789 404 καὶ
1806 377 1850 405 ὢν

1056 421 1103 449 καὶ
1115 421 1295 456 καλούμενος.⁴

1093 558 1147 590 Eg’.
1163 558 1201 585 Τὸ
1216 558 1268 593 τῆς
1285 559 1509 593 ὲνσωματώσεως
1523 559 1571 586 τοῦ
1586 559 1675 594 Λόγου
1685 559 1848 595 μυστήριον,

1057 605 1165 630 πάντων
1182 603 1238 639 ἔχει
1258 604 1312 631 τῶν
1333 613 1363 630 τε
1388 606 1460 632 κατὰ
1479 606 1529 641 τὴν
1544 605 1656 641 Γραφὴν
1672 606 1847 641 αἰνιγμάτων

1057 649 1106 675 καὶ
1120 649 1215 675 τύπων
1229 649 1279 685 τὴν
1300 650 1427 685 δύναμιν,
1450 651 1497 677 καὶ
1524 651 1579 678 τῶν
1604 651 1777 686 φαινομένων
1800 652 1850 678 καὶ

1057 696 1211 730 νοουμένων
1242 696 1400 732 κτισμάτων
1423 697 1473 731 τὴν
1501 697 1671 733 ἐπιστήμην.
1690 698 1747 724 Καὶ
1764 698 1779 724 ὁ
1798 697 1850 732 μὲν

1057 741 1139 774 γνοὺς
1161 741 1279 776 σταυροῦ
1307 742 1354 769 καὶ
1365 743 1455 777 ταφῆς
1475 742 1507 769 τὸ
1524 744 1684 779 μυστήριον,
1701 743 1772 778 ἔγνω
1794 743 1850 770 τῶν

1059 788 1267 823 προειρημένων
1291 788 1353 819 τοὺς
1375 788 1472 822 λόγους
1490 796 1497 803 ’
1518 789 1531 815 ὁ
1553 789 1582 815 δὲ
1601 789 1650 824 τῆς
1672 790 1849 820 ἀναστάσεως

1023 858 1046 888 Β
1062 834 1177 869 μυηθεὶς
1204 833 1254 870 τὴν
1280 834 1436 871 ἀπόῤῥητον
1464 835 1600 870 δύναμιν,
1630 835 1702 870 ἕγνω
1729 835 1775 862 τὸν
1803 835 1849 869 ἐφ’

1057 882 1080 917 ᾧ
1108 882 1143 910 τὰ
1172 883 1262 910 πάντα
1292 883 1508 920 προηγουμένως
1535 885 1548 910 ό
1574 883 1642 917 Θεὸς
1674 885 1851 920 ὑπεστήσατο

1058 929 1169 956 σκοπόν.

1093 974 1140 1008 ξςκ
1161 978 1169 985 ”
1183 976 1222 1001 Τὰ
1234 976 1386 1012 φαινόμενα
1398 976 1486 1002 πάντα
1499 976 1585 1002 δεῖται
1599 976 1716 1011 σταυροῦ
1731 976 1763 1010 (ι)
1773 984 1780 990 '
1795 976 1848 1011 τῆς

1057 1021 1111 1048 τῶν
1144 1022 1187 1048 ἐπ’
1214 1023 1306 1054 αὺτοῖς
1334 1024 1394 1048 κατ’
1420 1023 1548 1057 αἴσθησιν
1575 1022 1780 1057 ἐνεργουμένων
1800 1023 1851 1049 ἑπ-

1058 1067 1173 1101 εχούσης
1188 1067 1237 1100 τὴν
1253 1067 1354 1101 σχέσιν,
1367 1066 1451 1099 ἕξεως
1464 1074 1471 1081 ·
1499 1066 1533 1093 τὰ
1549 1067 1578 1093 δὲ
1594 1067 1729 1102 νοούμενα
1746 1067 1849 1099 πάντα..

1039 1145 1041 1147 ἓ
1058 1111 1154 1146 χρῄζει
1169 1112 1256 1146 ταφῆς
1270 1111 1342 1146 ’τῆς
1359 1112 1415 1138 τῶν
1438 1112 1481 1139 ἐπ’
1497 1112 1589 1144 αὐτοῖς
1609 1112 1680 1139 κατὰ
1694 1112 1758 1139 νοῦν
1771 1113 1850 1148 ἐνερ-

1058 1158 1199 1193 γουμένων
1214 1158 1308 1193 ὑλικῆς
1321 1158 1475 1194 ἀκινησίας.
1494 1159 1533 1194 Τῇ
1542 1158 1595 1194 γὰρ
1614 1158 1706 1193 σχέσει
1718 1167 1851 1186 συναναι-

1060 1203 1195 1240 ρουμένης
1212 1203 1262 1237 τῆς
1275 1204 1338 1239 περὶ
1350 1204 1439 1230 πάντα
1451 1205 1570 1240 φυσικῆς
1590 1205 1731 1240 ἐνεργείας
1744 1213 1774 1230 τε
1801 1205 1853 1231 καὶ

1059 1250 1203 1284 κινήσεως,
1219 1251 1232 1276 ό
1246 1249 1325 1284 λόγος
1333 1250 1414 1286 μόνος
1430 1251 1474 1285 ἐφ’
1487 1251 1585 1277 ἑαυτὸν
1597 1250 1740 1286 ὑπάρχων.
1754 1250 1852 1285 ὥσπερ

1059 1297 1092 1323 ἐκ
1111 1295 1216 1331 νεκρῶν
1238 1296 1425 1332 ἐγηγερμένος
1447 1297 1639 1330 ἀναφαίνεται,
1664 1296 1754 1323 πάντα
1778 1296 1851 1322 κατὰ

1060 1341 1235 1376 περιγραφὴν
1248 1341 1318 1376 ἔχων
1331 1342 1366 1368 τὰ
1385 1340 1415 1373 ἐξ
1430 1341 1524 1374 αὑτοῦ,
1543 1341 1656 1377 μηδενὸς
1671 1342 1774 1377 φυσικῇ
1792 1341 1854 1376 σχὲ-

1061 1395 1102 1413 σει
1119 1386 1168 1421 τὴν
1186 1387 1254 1423 πρὸς
1270 1387 1352 1414 αὐτὸν
1371 1387 1528 1423 οἰκειότητα
1547 1387 1577 1414 τὸ
1598 1387 1709 1414 σύνολον
1729 1387 1850 1422 ἔχοντος.

1060 1432 1140 1459 Κατὰ
1159 1433 1240 1468 χάριν
1263 1434 1328 1468 γὰρ,
1350 1433 1407 1460 ἀλλ’
1429 1434 1460 1460 οὺ
1479 1434 1549 1460 κατὰ
1566 1433 1647 1469 φύσιν
1662 1433 1735 1461 ἐστὶν
1758 1434 1776 1468 ἡ
1795 1433 1853 1460 τῶν

1061 1479 1222 1514 σωζομένων
1240 1479 1372 1514 σωτηρία.

1098 1563 1148 1599 ξη’.
1165 1563 1225 1591 Τῶν
1242 1565 1317 1598 πρός
1335 1573 1373 1595 τι,
1394 1564 1441 1590 καὶ
1451 1565 1475 1590 οί
1488 1563 1587 1595 αίῶνές
1604 1564 1669 1596 εἰσι,
1681 1564 1727 1590 καὶ
1744 1563 1770 1590 οἱ
1786 1563 1852 1599 χρό-

1061 1620 1114 1643 νοι,
1127 1611 1173 1637 καὶ
1192 1611 1217 1637 οἱ
1230 1611 1325 1637 τόποι·
1345 1607 1382 1637 ὧν
1401 1611 1476 1642 ἄνευ,
1497 1610 1574 1637 οὐδὲν
1600 1610 1654 1636 τῶν
1677 1618 1852 1636 συνεπινοου-

1064 1656 1152 1691 μένων
1172 1656 1275 1688 τούτοις
1290 1657 1374 1683 ἐστίν.
1404 1657 1433 1682 '0
1455 1656 1483 1682 δὲ
1502 1655 1578 1688 Θεὸς,
1596 1656 1626 1682 οὐ
1648 1655 1702 1682 τῶν
1724 1656 1801 1689 πρός
1825 1664 1854 1682 τι

1061 1703 1154 1730 ἐστίν·
1178 1703 1208 1729 οὗ
1234 1703 1287 1738 γὰρ
1311 1702 1367 1738 ἔχει
1392 1711 1419 1729 τι
1442 1701 1558 1729 καθόλου
1590 1701 1850 1736 συνεπινοοῦμενον.

1062 1748 1146 1783 Εἴπερ
1163 1746 1209 1775 οὖν
1222 1748 1275 1783 ἄρα
1296 1747 1463 1784 κληρονομία
1478 1748 1531 1774 τῶν
1551 1747 1633 1780 ἀξίων
1649 1747 1730 1778 αὑτός
1743 1748 1818 1773 ἐστιν
1837 1748 1853 1774 6

1062 1793 1139 1826 Θεὸς,
1156 1793 1226 1828 ὑπὲρ
1242 1794 1346 1825 πάντας
1360 1793 1461 1825 αἰῶνας
1478 1794 1526 1820 καὶ
1539 1793 1651 1829 χρόνους
1668 1793 1715 1819 καὶ
1724 1792 1826 1824 τόπους
1837 1792 1853 1819 ό

1061 1839 1164 1874 ταύτης
1182 1839 1342 1874 ἀξιούμενος
1362 1839 1414 1872 τῆς
1438 1839 1550 1874 χάριτος
1571 1838 1657 1870 ἔσται,
1678 1838 1759 1864 τόπον
1780 1837 1853 1872 ἔχων

1063 1885 1143 1912 αὑτὸν
1162 1885 1207 1912 τὸν
1218 1885 1296 1918 Θεὸν,
1320 1885 1392 1912 κατὰ
1406 1885 1436 1911 τὸ
1448 1884 1640 1920 γεγραμμένον
1652 1892 1659 1899 ·
1683 1884 1781 1911 Γενοῡ
1799 1892 1853 1918 μοι

1062 1932 1106 1963 εις
1127 1930 1201 1958 Θεὸν
1221 1930 1465 1965 ὑπερασπιστὴν,
1486 1931 1535 1958 καὶ
1553 1932 1597 1963 εὶς
1611 1931 1704 1957 τόπον
1726 1930 1851 1964 ὀχυρὸν,

1063 1976 1116 2003 τοῦ
1135 1976 1235 2003 σῶσαί
1247 1985 1296 2011 με.

1099 2023 1147 2056 ξθν.
1180 2022 1216 2048 Τὸ
1242 2022 1318 2054 τέλος
1341 2022 1416 2049 οὐδὲν
1440 2023 1470 2048 τὸ
1497 2023 1629 2058 παράπαν
1653 2021 1771 2057 ἐμφερὲς
1793 2020 1853 2056 ἔχει

1065 2069 1211 2103 μεσότητι·
1228 2067 1290 2094 ἐπεὶ
1300 2068 1362 2094 οὐδὲ
1380 2068 1468 2100 τέλος.
1482 2068 1608 2103 Μεσότης
1622 2067 1651 2094 δέ
1672 2068 1741 2100 ἐστι,
1760 2067 1852 2093 πάντα

1063 2115 1097 2141 τὰ
1115 2114 1183 2148 μετὰ
1205 2114 1256 2150 τὴν
1281 2114 1367 2149 ἀρχὴν
1388 2115 1504 2140 κατόπιν
1526 2114 1591 2140 ὄντα
1609 2113 1657 2140 τοῦ
1684 2112 1789 2143 τέλους,
1819 2113 1852 2138 Et

1064 2159 1153 2186 τοίνυν
1164 2159 1265 2190 πάντες
1284 2160 1308 2185 ot
1327 2159 1422 2191 αἰῶνες
1444 2159 1492 2186 καὶ
1506 2160 1531 2185 οἱ
1553 2159 1644 2193 χρόνοι
1659 2158 1707 2184 καὶ
1725 2158 1751 2183 οἰ
1773 2157 1852 2183 τόποι

223 2212 286 2232 cum
302 2204 431 2231 omnibus
445 2211 506 2238 qua:
521 2211 575 2230 una
591 2210 655 2230 cum
671 2203 713 2230 eis
728 2202 930 2238 intelliguntur,
943 2202 1007 2229 illis-

1065 2206 1134 2241 μετὰ
1161 2205 1216 2232 τῶν
1230 2206 1481 2240 συνεπινοουμένων
1502 2206 1594 2237 αὐτοῖς
1615 2205 1752 2235 ἁπάντων,
1783 2203 1854 2238 μετὰ.

224 2258 278 2285 que
295 2253 501 2284 comparantur,
515 2255 579 2276 sunt
597 2249 747 2276 secundum
764 2248 918 2283 Deum,qui
937 2248 1012 2283 prin-

223 2295 326 2331 cipium
344 2295 380 2322 sit
396 2295 525 2330 principii
542 2303 650 2331 expers,
665 2294 902 2329 remotissimeque
918 2294 953 2321 ab
969 2302 1013 2326 eo,

224 2347 254 2369 ut
269 2342 304 2369 ab
320 2342 428 2369 inﬁnito
443 2342 507 2374 ﬁne,
523 2347 692 2376 sequuntur;
711 2341 791 2375 plane
807 2348 822 2367 a
839 2340 930 2367 medio
944 2340 1018 2367 nihil.

223 2387 357 2415 differunt
376 2396 383 2414 :
403 2395 520 2422 cumque
540 2387 608 2413 adeo
625 2387 698 2413 Deus
714 2385 776 2413 ﬁnis
792 2386 944 2412 electorum
962 2386 1012 2418 sit,

223 2433 296 2460 nulla
309 2432 392 2460 medii
405 2432 475 2459 ratio
485 2432 526 2459 eis
536 2439 628 2459 centes
640 2431 816 2466 intelligetur,
825 2431 872 2466 qui
884 2438 1012 2466 supremo

223 2478 271 2506 fini
284 2478 386 2505 similes
396 2478 562 2505 exstiterint.

258 2536 318 2558 ³¹-³³
329 2536 363 2564 lll
378 2536 457 2564 Esdr.
468 2545 504 2569 iv,
517 2536 608 2563 35—58.
646 2537 669 2552 ³⁸
680 2537 752 2564 Psal.
768 2544 828 2569 Lxx,
841 2536 868 2564 5.

1062 2251 1108 2278 τὸν
1120 2251 1186 2277 Θεόν
1198 2251 1277 2284 εἰσιν,
1292 2251 1380 2286 ἀρχὴν
1394 2252 1511 2286 ἄναρχον
1526 2251 1590 2277 ὄντα
1599 2258 1607 2266 ο
1628 2251 1675 2277 καὶ
1685 2250 1722 2280 ὡς
1734 2249 1853 2284 ἀπείρου

1062 2296 1157 2327 τέλους
1182 2295 1266 2322 αὑτοῦ
1291 2295 1360 2322 πολὺ
1379 2296 1496 2323 κατόπιν
1511 2296 1675 2331 ὑπάρχουσι,
1701 2294 1855 2329 μεσότητος

1062 2341 1138 2369 οὐδὲν
1155 2342 1334 2377 διαφέρουσι·
1357 2342 1434 2373 τέλος
1452 2341 1480 2368 δὲ
1497 2341 1551 2368 τῶν
1575 2340 1736 2376 σωζομένων
1753 2339 1828 2365 ἐστὶν
1839 2340 1855 2366 ό

1063 2388 1139 2420 Θεὸς,
1167 2387 1244 2414 οὐδὲν
1272 2387 1348 2414 ἔσται
1371 2387 1519 2423 μεσότητος
1548 2387 1620 2414 κατὰ
1641 2387 1673 2413 τὸ
1700 2386 1854 2421 ἀκρότατον

1065 2433 1141 2464 τέλος
1179 2433 1337 2468 γενομένοις
1378 2434 1434 2465 τοῖς
1475 2432 1641 2467 σωζομένοις
1684 2429 1854 2465 συνθεωρού-

1068 2487 1157 2514 μενον.

258 2596 267 2605 “
279 2595 363 2631 Marg.
387 2595 432 2623 Fr.
454 2596 500 2622 τοὺ
528 2596 579 2630 πρὸ
603 2595 699 2622 τούτου
730 2596 878 2630 κεφαλαίου
905 2596 1010 2632 σκόλιον
1028 2597 1122 2627 ὥσπερ
1139 2595 1319 2631 σαφέστατον,
1336 2596 1460 2623 τουτέστι
1473 2597 1503 2623 τὸ
1516 2596 1673 2632 κεφάλαιον.

260 2653 291 2687 (Ι)
318 2653 413 2679 Δεῖται
441 2653 585 2685 σταιιροῦ.
615 2652 684 2679 Sunt
709 2653 768 2680 inec
795 2653 928 2680 altissime
954 2661 1012 2688 my-

224 2688 307 2720 stica;
330 2692 358 2714 et
374 2696 434 2721 qua:
451 2692 547 2714 auctor
564 2687 736 2714 Scholiorum
762 2688 813 2715 rite
836 2692 940 2719 monet,
957 2687 1012 2715 cla-

224 2723 364 2750 rissimum
380 2722 514 2749 scholium
530 2730 590 2749 esse
600 2722 750 2757 superioris
764 2723 871 2757 capitis.
888 2723 917 2749 In
931 2723 1011 2750 nobis

223 2765 290 2792 ergo
299 2757 402 2785 Christi
416 2757 576 2792 mysterium
596 2758 788 2792 exprimimus,
801 2758 847 2792 qui
868 2762 896 2784 et
915 2765 1013 2785 sensus

224 2793 299 2833 omni
311 2793 465 2833 operationi
480 2793 639 2833 moriamur,
654 2793 794 2833 ipsiusque
807 2793 906 2832 mentis
916 2800 1002 2833 opera

225 2827 308 2854 tionis
326 2827 478 2854 cessatione
496 2835 580 2853 unum
604 2827 723 2855 Verbum
746 2836 760 2853 a
783 2827 900 2854 mortuis
916 2827 1012 2855 vivens

227 2861 387 2893 habeamus,
403 2861 430 2888 in
447 2869 501 2896 quo
516 2862 607 2889 omnia
623 2863 693 2889 κατᾶ
708 2864 890 2897 περιγραφήν,
905 2862 941 2889 ita
957 2863 1012 2890 sei-

1065 2654 1130 2680 licet
1144 2658 1173 2679 ut
1189 2653 1276 2687 ipsum
1295 2653 1363 2680 nihil
1380 2660 1476 2680 eorum
1494 2653 1539 2683 sit,
1559 2660 1609 2679 nec
1627 2659 1689 2678 cum
1704 2651 1759 2687 ullo
1776 2651 1858 2678 habi-

1066 2688 1188 2715 tudinem
1199 2686 1320 2719 rhabeat,
1336 2688 1384 2715 sed
1399 2688 1506 2714 cunctis
1522 2687 1651 2718 emineat,
1669 2686 1856 2720 omnibusque

1065 2723 1221 2750 absolutum
1237 2724 1360 2750 exsistat.
1379 2723 1426 2749 Est
1448 2730 1508 2757 cap.
1533 2723 1613 2749 Marci
1631 2729 1712 2757 νηπτ.
1729 2729 1760 2757 ος.
1778 2721 1854 2755 quod

1065 2759 1153 2792 primo
1173 2758 1300 2789 latuerat,
1318 2758 1398 2792 longe
1414 2757 1468 2786 hic.
1481 2756 1566 2792 quam
1583 2758 1609 2784 in
1627 2756 1709 2784 editis
1722 2756 1855 2790 Oltsopcei

1066 2791 1108 2820 vel
1123 2793 1178 2820 Pici
1194 2791 1377 2824 emendatius,
1393 2791 1515 2828 exceptis
1527 2792 1621 2825 Incvis,
1635 2799 1705 2826 quos
1717 2791 1856 2826 interpre-

1066 2833 1123 2855 tum
1140 2827 1276 2863 imperitia
1291 2828 1418 2863 aspersit.
