1951 3076
126 141 194 174 illi}

546 141 714 172 CAPITUM
731 140 868 171 THEOL.
889 141 936 170 ET
957 140 1076 172 (ECON.
1097 141 1293 172 CENTURIA
1314 144 1341 174 Ι.

1694 145 1763 177 1114

124 200 196 234 ὑπὲρ
206 198 259 234 γὰρ
274 196 311 234 (ο)
330 198 379 233 τὴν
394 198 583 234 μετρουμένην
603 198 650 224 τοῦ
667 198 763 233 χρόνου
779 197 914 233 περίοδον,

971 197 1024 233 ςιίι)
1039 202 1146 226 natura:
1160 203 1265 232 autem,
1280 200 1388 229 ratione
1401 201 1521 237 quinarii
1539 202 1648 239 (natura
1659 204 1764 240 quippe

123 247 140 279 ὴ
155 245 211 271 τῶν
225 243 327 279 νοητῶν
341 244 399 270 ἐστι
412 244 533 278 γένεσις·
563 244 717 280 προνοητὴν
739 244 779 275 δὲ.
802 243 847 270 διὰ
869 243 916 270 τοῦ

122 290 211 316 δέκα·
228 290 273 316 διά
293 298 324 316 τε
340 289 390 325 τὴν
411 290 466 317 τῶν
489 290 605 317 ἐντολῶν
630 289 711 324 ἁγίαν
733 290 844 322 δεκάδα,
868 289 918 324 τὴν

125 335 196 371 πρὸς
214 335 245 361 τὸ
265 333 297 362 εὖ
320 334 384 366 τοὺς
403 334 563 370 ἀνθρώπους
583 335 745 370 ὲνάγουσαν.
765 336 814 362 καὶ
829 334 874 362 διὰ
887 334 918 361 τὸ

124 381 222 408 τούτου
255 380 301 408 τοῦ
327 381 492 417 γράμματος
522 381 662 416 μυστικῶς
695 381 834 417 ἀπῆρχθαι
867 380 918 416 τῆς

126 427 316 463 τροσηγορίας
334 428 379 454 τὸν
397 428 511 461 Κύριον,
531 428 612 463 ἡνίκα
631 427 743 462 γέγονεν
762 427 915 463 ἄνθρωπος.

127 474 254 508 Συνάψας
267 471 315 500 οὖν
331 473 378 500 τὸν
391 473 481 506 πέντε,
499 474 545 500 καὶ
555 473 602 500 τὸν
618 473 696 506 ἑπτὰ,
715 474 763 499 καὶ
779 473 824 500 τὸν
835 472 918 505 ὀκτὼ,

127 519 175 545 καὶ
191 519 236 545 τὸν
253 518 330 551 δέκα,
355 519 400 545 τὸν
424 518 572 554 τριάκοντα
599 519 713 554 πληροῖς
735 518 864 554 ἀριθμόν.
889 518 919 544 ’0

126 565 218 591 τοίνυν
235 565 272 596 ὼς
287 564 403 601 ἀρχηγῷ
420 565 459 600 τῷ
473 565 569 601 Κυρίῳ
593 565 684 596 καλῶς
707 564 820 594 ἔπεσθαι
837 564 919 597 γινώ-

128 620 213 642 σκων,
234 611 285 637 οὐκ
304 611 434 647 ἀγνοήσει
457 611 503 638 τὸν
519 611 609 646 λόγον,
633 611 694 639 καθ’
715 611 745 638 ὃν
769 612 815 638 καὶ
839 611 920 642 αὐτὸς

127 656 339 692 τριακοντούτης
359 657 575 693 ἀναφανήσεται,
605 657 751 693 κηρύττειν
771 657 920 692 δυνάμενος

126 704 158 730 τὸ
173 703 341 737 Εὐαγγέλιον
360 704 411 738 τῆς
435 703 585 738 βασιλείας.
602 704 666 730 Ὀτε
680 703 733 739 γὰρ
756 703 920 739 ἀμέμπτως,

126 751 223 786 ὥσπερ
232 750 293 777 τινὰ
307 750 388 784 φύσιν
400 751 512 786 ὁρατὴν,
528 750 573 777 τὸν
585 750 657 777 κατά
674 750 773 786 πρᾶξιν
787 750 841 776 τῶν
858 750 922 785 ἀρε-

126 797 183 824 τῶν
200 797 397 833 δημιουργήσει
413 797 525 832 κόσμον,
538 796 587 832 τὴν
602 797 645 823 ἐπ’
659 796 744 831 αὐτῆς
756 796 806 831 τῆς
819 796 919 831 ψυχῆς,

127 843 223 878 ὥσπερ
236 843 298 869 τινὰ
311 843 406 879 χρόνον
430 843 473 869 διὰ
495 842 549 869 τῶν
565 842 694 868 ἐναντίων
720 842 921 877 συμϐαίνουσαν

131 888 170 923 μὴ
192 887 343 920 ἀλλοιώσας
367 888 502 924 περίοδον,
522 888 568 915 καὶ
589 887 634 914 διὰ
655 887 773 923 Θεωρίας
795 888 845 922 τὴν
866 887 920 914 τῶν

125 935 232 970 νοητῶν
249 935 406 965 ἀπταίστως
422 935 550 970 δρέψεται
569 933 680 968 γνῶσιν,
703 934 750 960 καὶ
766 933 816 968 τὴν
834 933 920 968 αὐτὴν

125 983 174 1009 καὶ
200 982 290 1013 ἄλλοις
316 981 373 1013 ἕξιν
397 980 586 1017 προνοητικῶς
614 980 731 1006 ἐνθεῖναι
761 979 919 1015 δεδύνηται·

124 1029 187 1055 τότε
207 1027 254 1055 καὶ
267 1027 359 1060 αὐτὸς,
377 1027 415 1058 ὡς
440 1027 462 1052 δ’
490 1027 523 1053 ἂν
548 1026 597 1060 ἔχῃ
622 1025 783 1060 σωματικῆς
801 1025 920 1059 ἡλικίας,

124 1074 338 1110 τριακοντούτης
350 1073 408 1100 ἐστὶ
426 1072 464 1108 τῷ
488 1071 633 1106 πνεύματι,
658 1071 846 1106 συνεμφαίνων
866 1070 920 1096 τῶν

124 1119 235 1146 οἰκείων
246 1118 357 1152 ἀγαθῶν
368 1118 416 1153 τὴν
428 1118 457 1144 ὲν
472 1116 564 1148 ἄλλοις
581 1117 734 1151 ἐνέργειαν.

967 244 1095 279 quinaria
1117 249 1175 277 est,
1193 245 1228 273 ob
1244 253 1356 274 sensum
1373 248 1467 282 quinis
1484 249 1610 284 partibus
1626 250 1763 278 distribu-

968 290 1037 326 tum)
1053 299 1148 318 eorum
1161 299 1227 320 vero
1239 300 1301 327 qua:
1315 294 1408 322 mente
1425 295 1619 330 intelliguntur
1633 304 1666 324 ac
1681 296 1763 332 spiri-

969 337 1075 369 talium,
1090 337 1197 365 ratione
1214 339 1350 367 octonarii
1367 340 1581 375 (intellectilium
1597 342 1671 369 enim
1686 346 1765 370 ortus

968 390 999 410 ac
1012 383 1099 418 origo,
1111 392 1269 412 commensa
1282 386 1415 420 temporis
1427 387 1543 421 periodo
1556 388 1682 422 superior
1692 388 1765 415 exsi-

968 430 1028 460 stit)
1046 430 1221 464 providentia
1239 435 1332 459 autem
1350 437 1495 465 rectorem,
1514 433 1622 460 ratione
1641 433 1763 467 denarii;

970 480 1028 503 tum
1045 476 1080 503 ob
1096 477 1288 504 mandatorum
1304 483 1427 505 sanctam
1444 479 1587 510 decadem,
1601 487 1662 513 qum
1675 479 1765 506 homi-

969 529 1018 549 nes
1029 521 1112 557 478
1125 522 1158 550 ad
1171 523 1256 550 vitam
1271 523 1342 551 bene
1359 524 1558 552 instituendam
1575 525 1692 557 inducit,
1705 529 1764 552 tum

970 567 1043 603 quod
1062 568 1097 594 ab
1113 575 1146 595 eo
1164 569 1316 602 elemento,
1331 570 1404 605 quod
1424 571 1484 606 ejus
1500 570 1609 598 numeri
1627 575 1691 598 nota
1707 575 1765 603 est,

969 613 1078 641 Domini
1093 622 1206 647 nomen,
1222 618 1290 647 tum,
1304 623 1367 643 cum
1385 616 1469 643 homo
1483 616 1573 644 factus
1586 621 1639 649 est,
1653 616 1765 644 initium

971 658 1058 686 duxit.
1075 659 1237 692 Quinarium
1254 661 1348 696 igitur,
1363 663 1562 697 seplenarium,
1578 662 1764 696 octonarium,

971 703 1117 731 denarium
1145 713 1277 733 numeros
1306 707 1329 734 si
1361 708 1557 742 conjunxeris,
1588 708 1765 736 tricenarium

972 750 1136 785 complebis.
1148 751 1200 784 Qui
1216 759 1282 787 ergo
1296 753 1443 781 Dominum
1460 758 1490 780 ut
1503 754 1601 782 ducem
1616 758 1698 789 atque
1715 762 1766 782 au-

971 800 1075 824 ctorem
1092 797 1144 824 rite
1159 797 1238 832 sequi
1253 798 1340 830 novit,
1357 807 1409 826 nec
1425 800 1482 834 ipse
1498 800 1634 828 rationem
1649 800 1764 833 nesciet,

972 850 1026 877 qua
1044 842 1155 878 triginta
1173 851 1308 871 annorum
1325 844 1414 872 factus
1431 845 1648 873 manifestandus
1665 846 1712 878 sit,
1726 846 1767 873 sic

938 875 959 904 Β
974 875 1149 923 comparatus
1165 894 1195 917 ut
1210 889 1389 925 Evangelium
1406 891 1484 926 regni
1503 891 1651 926 praedicare
1668 875 1765 927 possit.

973 934 1026 962 Ubi
1043 935 1118 962 enim
1136 935 1196 963 sine
1214 935 1330 963 crimine
1347 944 1378 964 ac
1396 937 1535 971 inculpate
1550 938 1626 964 velut
1639 942 1766 964 naturam

970 979 1118 1013 quamdam
1135 979 1285 1012 visibilem,
1298 980 1415 1007 actionis
1432 981 1508 1007 cultu
1527 986 1697 1008 constantem
1712 981 1768 1007 vir-

971 1027 1060 1052 tutum
1086 1025 1222 1052 mundum
1246 1025 1420 1058 condiderit,
1441 1033 1516 1056 eam,
1536 1035 1596 1061 quae
1619 1026 1690 1053 inest
1715 1026 1767 1061 ipsi

971 1070 1079 1103 animae,
1091 1071 1167 1098 velut
1180 1071 1320 1107 quoddam
1335 1076 1443 1107 tempus
1456 1080 1490 1100 ex
1505 1072 1539 1099 iis
1552 1080 1613 1107 quae
1628 1073 1768 1099 contraria

971 1115 1117 1148 accidunt,
1135 1117 1282 1151 periodum
1302 1125 1358 1145 non
1378 1123 1501 1150 mutans;
1523 1125 1556 1144 ac
1575 1125 1625 1152 per
1641 1121 1767 1145 eontem-

125 1166 275 1201 plationem
295 1174 391 1193 earum
412 1173 506 1192 rerum
527 1173 588 1199 quae
607 1168 699 1192 mente
721 1163 914 1199 intelliguntur
934 1163 1077 1191 scientiam
1110 1165 1244 1193 inoﬂ'ense
1258 1165 1421 1200 decerpens,
1439 1166 1568 1193 eumdem
1603 1166 1687 1192 etiam
1705 1165 1767 1193 aliis

125 1211 395 1246 habitum,provida
411 1210 524 1238 illorum
541 1217 622 1242 cura,
659 1209 785 1245 ingerere
818 1209 950 1241 valuerit;
972 1213 1038 1236 tunc
1059 1214 1087 1236 et
1106 1210 1165 1244 ipse
1185 1215 1287 1245 quotus
1309 1215 1430 1245 quantus
1453 1212 1490 1238 sit
1510 1212 1648 1246 corporali
1672 1215 1764 1238 aetate,

126 1261 239 1295 triginta
264 1265 401 1286 annorum
427 1257 527 1293 spiritu
557 1257 684 1290 exsistit,
705 1265 760 1292 qua
786 1256 919 1283 nimirum
955 1263 1067 1283 suorum
1109 1257 1246 1285 bonorum
1267 1258 1324 1285 vim
1346 1262 1494 1293 actumque
1522 1258 1551 1285 in
1577 1258 1639 1285 aliis
1663 1257 1767 1292 pariter

125 1305 261 1334 ostendit.

162 1354 200 1381 π’.
218 1354 227 1363 ⁸
246 1353 275 1380 ’0
298 1354 359 1385 ταῖς
382 1353 489 1388 ἡδοναῖς
512 1350 680 1387 παρειμένος
704 1349 751 1376 τοῦ
780 1349 918 1384 σώματος,

126 1399 190 1427 οὒτε
208 1399 277 1435 πρὸς
297 1399 397 1434 ἀρετήν
418 1399 493 1425 ἐστιν
512 1397 634 1433 ἐνεργὸς,
653 1395 715 1423 οὔτε
732 1395 801 1430 πρὸς
817 1395 919 1429 γνῶσιν

126 1445 283 1480 εὐκίνητος.
313 1444 396 1471 Ὅθεν
418 1443 478 1470 οὐδὲ
500 1443 643 1479 ἄνθρωπον
671 1441 744 1476 ἔχει’
768 1441 917 1473 τουτέστιν,

1006 1349 1049 1377 80.
1071 1349 1123 1383 Qui
1149 1351 1274 1385 corporis
1297 1351 1489 1386 voluptatibus
1517 1359 1549 1379 ac
1574 1351 1690 1378 libidine
1714 1358 1766 1378 ceu

968 1397 1086 1432 paralysi
1101 1398 1251 1425 dissolutus
1266 1403 1308 1426 est
1318 1398 1351 1431 “,
1365 1399 1389 1426 is
1404 1406 1493 1433 neque
1508 1398 1542 1426 ad
1557 1399 1689 1426 virtutem
1706 1399 1762 1426 eili-

971 1450 1033 1474 cax,
1047 1451 1137 1478 neque
1151 1443 1184 1470 ad
1200 1443 1343 1471 scientiam
1362 1452 1392 1471 ac
1406 1444 1667 1478 contemplationem
1683 1451 1767 1478 expe-

126 1491 252 1526 ἐμφρονα
267 1489 414 1524 λογισμόν·
431 1489 475 1516 ἶνα
488 1488 552 1515 ὅταν
564 1487 688 1523 ταραχθῇ
701 1487 732 1513 τὸ
752 1487 833 1521 ὕδωρ,
851 1486 919 1522 βάλῃ

971 1486 1045 1514 ditus
1063 1488 1205 1522 probeque
1224 1488 1335 1515 mobilis
1352 1493 1405 1516 est.
1422 1488 1500 1516 Unde
1518 1496 1608 1523 neque
1627 1488 1767 1516 hominem

125 1537 209 1563 αὐτὸν
234 1537 274 1567 εις
295 1535 345 1570 τὴν
374 1534 582 1570 κολυμϐήθραψ
617 1534 768 1566 τουτέστιν,
800 1533 840 1564 είς
868 1532 917 1567 τὴν

126 1582 256 1617 δεκτικὴν
278 1582 328 1616 τῆς
353 1581 482 1615 γνώσεως
508 1580 619 1616 ἀρετὴν,
656 1579 705 1615 τὴν
742 1579 919 1614 ἱατρεύουσαν

127 1629 218 1655 πᾶσαν
234 1628 320 1660 νόσον,
342 1628 367 1654 εί
389 1628 425 1662 μή
440 1636 491 1654 που
506 1627 550 1654 διά
571 1626 708 1662 ῥᾳθυμίαν
724 1627 738 1653 ὁ
753 1626 840 1653 νοσῶν
853 1627 919 1653 ἀνα-

127 1674 304 1709 ϐαλλόμενος,
319 1674 365 1700 ὑπ’
377 1673 456 1700 ἄλλον
469 1673 613 1709 προληφθῇ
627 1672 674 1699 τοῦ
684 1671 836 1703 κωλύοντος
846 1671 920 1706 αὐτῷ

127 1719 334 1755 παραγενέσθαι
348 1719 397 1755 τὴν
412 1720 495 1746 ῐασιν.
510 1719 556 1746 Διὸ
570 1719 617 1745 καὶ
629 1719 775 1754 τριάκοντα
788 1718 835 1745 καὶ
847 1718 920 1744 ὀκτὼ

127 1768 175 1802 Ετη
191 1768 225 1802 τῇ
238 1766 308 1801 νόσῳ
325 1765 584 1800 συγκατακλίνεται.
605 1765 634 1791 '0
648 1764 703 1799 γὰρ
713 1764 750 1800 μὴ
761 1764 830 1800 πρὸς
840 1764 919 1796 δόξαν

127 1811 195 1840 Θεοῦ
223 1811 272 1847 τὴν
296 1811 397 1847 ὁρατὴν
424 1810 561 1845 θεώμενος
583 1810 682 1841 κτίσιν,
709 1811 756 1837 καὶ
779 1809 848 1844 πρὸς
865 1809 919 1845 Ιτὴν

127 1858 229 1893 νοητὴν
260 1857 341 1892 φύσιν
369 1856 490 1888 εὐσεϐῶς
520 1856 693 1887 ἀναϐιϐάζων
725 1855 774 1891 τὴν
803 1855 918 1886 ἔννοιαν,

127 1904 243 1935 εἰκότως
269 1903 355 1930 νοσῶν
383 1902 505 1937 διαμένει
531 1901 578 1928 τὸν
606 1901 750 1937 εἰρημένον
770 1901 824 1927 τῶν
851 1900 919 1927 ἑτῶν

127 1948 257 1984 ἀριθμόν.
286 1948 314 1974 ’0
329 1947 383 1982 γὰρ
401 1947 548 1982 τριάκοντα
567 1946 690 1981 φυσικῶς
713 1945 918 1980 λαμϐανόμενος

127 1993 258 2030 ἀριθμὸς,
273 1991 322 2027 τὴν
337 1991 470 2026 αἰσθητὴν
491 1991 619 2026 σημαίνει
637 1990 737 2024 φύσιν·
759 1990 853 2025 ὥσπερ
872 1990 920 2016 και¹

127 2037 290 2074 πρακτικῶς
303 2036 500 2072 σκοπούμενος,
521 2036 571 2071 τὴν
582 2035 739 2071 πρακτικὴν
751 2035 863 2070 ἀρετήν.
889 2035 918 2061 ’0

126 2085 156 2111 δὲ
184 2083 256 2111 ὀκτὼ
282 2082 404 2117 φυσικῶς
432 2081 661 2117 κατανοούμενος,
684 2081 733 2116 τὴν
753 2081 850 2117 νοητὴν
863 2081 918 2109 τῶν

127 2130 283 2166 ἀσωμάτων
294 2129 445 2164 παραδηλοῖ
459 2128 539 2163 φύσιν
550 2135 557 2142 ·
582 2127 677 2163 ὥσπερ
697 2128 744 2155 καὶ
759 2127 918 2162 γνωστικῶς

971 1533 1055 1560 habet
1071 1533 1167 1569 (animi
1184 1533 1292 1561 scilicet
1307 1535 1473 1569 prudentem
1491 1535 1626 1562 rationem
1643 1542 1676 1562 ac
1692 1534 1768 1569 cogi-

972 1579 1083 1615 tatum),
1093 1585 1124 1607 ut
1135 1588 1198 1608 cum
1211 1581 1321 1609 turbata
1331 1581 1417 1609 fuerit
1427 1589 1508 1617 aqua,
1519 1589 1583 1609 eum
1594 1581 1620 1608 in
1633 1581 1768 1616 piscinam

969 1626 1074 1659 mittat;
1097 1627 1229 1655 virtutem
1251 1628 1384 1655 nimirum
1403 1628 1526 1656 scientia
1545 1635 1691 1663 capacem,
1707 1636 1768 1663 qua:

970 1679 1079 1699 omnem
1093 1673 1219 1700 morbum
1234 1678 1327 1706 sanet;
1342 1673 1396 1700 nisi
1408 1673 1490 1705 forte,
1503 1681 1557 1708 qua
1568 1673 1684 1708 segnitie
1696 1681 1768 1708 aeger

971 1717 1088 1748 laborat,
1103 1717 1316 1745 cunctabundus
1329 1725 1477 1752 morasque
1494 1718 1617 1750 trahens,
1633 1718 1763 1752 occupari

970 1773 1000 1793 se
1013 1765 1048 1793 ab
1062 1766 1117 1793 alio
1131 1766 1215 1798 sinat,
1228 1766 1395 1800 prohibente
1411 1773 1446 1793 ne
1463 1766 1522 1800 ipse
1536 1773 1650 1800 compos
1663 1765 1768 1792 sanita-

971 1812 1006 1839 tis
1020 1811 1075 1838 iiat.
1087 1811 1173 1846 quue
1186 1812 1271 1839 etiam
1287 1819 1376 1839 causa:
1389 1815 1442 1844 est,
1454 1819 1504 1838 cur
1516 1815 1545 1838 et
1556 1818 1643 1838 annos
1656 1810 1768 1846 triginta

970 1861 1033 1885 octo
1058 1862 1179 1893 aegrotus
1207 1857 1366 1885 decumbat.
1391 1857 1444 1890 Qui
1472 1857 1546 1884 enim
1572 1864 1628 1884 non
1657 1856 1691 1883 ad
1718 1857 1768 1884 Dei

970 1903 1085 1937 gloriam
1095 1923 1102 1935 ,
1116 1902 1272 1931 creaturam
1288 1902 1376 1930 oculis
1393 1902 1545 1937 subjectam
1563 1901 1652 1933 videt,
1665 1909 1717 1928 nec
1733 1901 1767 1928 ad

972 1955 1066 1975 rerum
1082 1956 1144 1982 quae
1160 1953 1252 1976 mente
1268 1948 1462 1983 intelliguntur
1477 1950 1604 1973 naturam
1619 1945 1664 1980 pie
1680 1944 1767 1980 perci-

970 1993 1102 2029 piendam-
1116 1994 1209 2021 animo
1226 1993 1356 2030 assurgit,
1373 1994 1396 2021 is
1415 1993 1525 2024 merito,
1541 1999 1623 2027 quem
1642 1991 1767 2018 dicebam

970 2045 1108 2065 annorum
1139 2046 1304 2070 numerum,
1331 2046 1403 2073 aeger
1431 2037 1565 2072 persistit.
1590 2036 1768 2063 Tricenarius

971 2083 1045 2112 enim
1059 2092 1192 2113 numerus
1207 2084 1372 2112 naturaliter
1387 2088 1527 2119 acceptus,
1540 2087 1667 2110 naturam
1683 2081 1767 2116 signi-

971 2129 1054 2162 ﬁcat,
1079 2137 1140 2164 qua:
1169 2130 1197 2156 in
1222 2137 1333 2156 sensum
1359 2129 1449 2162 cadit;
1477 2128 1517 2156 uti
1540 2128 1622 2155 etiam
1646 2127 1768 2162 practice

129 2176 326 2212 θεωρούμενος,
346 2175 397 2211 τὴν
423 2175 561 2210 πάνσοφον
589 2174 746 2208 θεολογίαν·
779 2171 823 2205 αἷς
845 2175 858 2201 ὀ
883 2174 920 2210 μὴ

974 2176 1105 2212 (actionis
1128 2176 1235 2204 scilicet
1256 2175 1373 2211 ratione)
1397 2175 1602 2208 consideratus,
1620 2174 1765 2204 virtutem,

128 2222 289 2258 κινούμενος
315 2221 382 2256 πρὸς
399 2221 481 2251 Θεὸν.
508 2221 625 2256 πάρετος
651 2221 736 2255 μένει.
765 2219 862 2256 μέχρις
886 2220 920 2247 ἂν

129 2267 214 2294 ἐλθὼν
239 2269 254 2294 ὁ
277 2267 374 2301 Λόγος,
398 2265 491 2301 διδάξῃ
518 2265 601 2293 αὑτὸν
623 2265 670 2292 τὸν
703 2265 834 2301 σύντομον
870 2265 921 2300 τῆς

130 2315 228 2345 lia-3w;
241 2313 351 2348 τρόπον,
366 2313 495 2347 φάσκωνο
513 2312 660 2347 Ἐγειραι·
678 2309 753 2347 ἆρον
767 2313 821 2339 τὸν
832 2311 920 2346 κράϐ-

129 2361 221 2387 ϐίιτιτν
243 2366 313 2391 σου,
336 2360 384 2386 καὶ
406 2358 578 2393 περιπάτει’
594 2358 770 2393 διαναστῆναι
790 2358 836 2384 τὸν
856 2358 918 2385 νοῦν

129 2406 178 2439 τῆς
188 2403 359 2439 κατεχούσης
375 2404 541 2439 φιληδονίας,
566 2403 612 2430 καὶ
629 2401 695 2438 ἆραι
708 2403 740 2429 τὸ
764 2403 843 2438 σῶμα
862 2403 918 2434 τοῖς

128 2451 216 2486 ὠμοῖς
244 2450 300 2477 τῶν
326 2450 443 2485 ἀρετῶν,
465 2450 513 2477 καὶ
535 2449 663 2477 ἀπελθεῖν
689 2450 729 2481 εις
750 2450 797 2476 τὸν
826 2447 918 2476 οἷκον·

129 2497 229 2532 δηλαδὴ
246 2496 291 2523 τὸν
304 2496 429 2532 οὐρανὸν,
445 2495 666 2531 ἐγκελευόμενος.
685 2495 776 2522 Καλὸν
790 2495 845 2531 γὰρ
868 2495 920 2522 ὑπὸ

165 2576 188 2594 ’⁸⁸
198 2579 277 2607 Joan.
289 2586 316 2611 ν,
328 2577 344 2604 5
357 2583 434 2611 seqq.

166 2652 175 2660 ‘
190 2649 274 2684 Marg.
287 2649 331 2675 Fr.
353 2648 400 2679 Εἰς
410 2646 455 2684 τρν
471 2645 656 2684 παραλυτικόί
667 2653 674 2661 ·
699 2645 747 2672 καὶ
761 2645 835 2684 ὅπως
851 2645 921 2679 μᾶλ-

130 2687 175 2712 λην
191 2680 272 2719 ἡμεῖς
288 2685 384 2719 ἐσμεν,
407 2682 432 2708 οἱ
450 2681 684 2719 τοσούτοιςέτεσι
709 2680 920 2719 κατακείμενον

130 2721 168 2752 ὠς
272 2715 433 2753 τὸνήτρὸπον
446 2718 495 2752 τῆς
515 2715 637 2751 ἰατρείας
656 2715 806 2751 δεχόμενοι.
824 2715 854 2742 In
874 2724 924 2750 par

167 2788 204 2824 (o)
224 2787 308 2824 Ὑπὲρ
336 2786 401 2824 γᾴρ.
425 2786 548 2824 insinuat
570 2786 726 2824 Grzccorum
744 2793 917 2824 communem

131 2821 293 2851 sententiam
314 2821 493 2849 exsistcntiaa'
509 2821 669 2857 angelorum
692 2826 755 2848 ante
778 2821 917 2857 mundum

131 2866 294 2894 corporeum
309 2867 315 2884 :
331 2858 388 2885 haec
399 2857 472 2885 cnim
486 2855 596 2892 proprie
607 2858 623 2891 ἡ
637 2856 743 2890 γένεσις
755 2855 853 2883 αὐτῶν.
873 2855 919 2883 Sic

972 2230 1034 2257 qua:
1056 2222 1173 2250 actionis
1193 2223 1269 2249 cultu
1292 2222 1429 2250 consistit.
1445 2221 1609 2249 Octonarius
1629 2224 1720 2248 autem
1739 2223 1768 2246 et

972 2267 1030 2302 ipse
1048 2267 1213 2294 naturaliter
1229 2267 1401 2299 intellectus,
1417 2266 1566 2301 spirituum
1576 2286 1583 2298 ,
1599 2273 1659 2300 quae
1675 2268 1767 2292 mente

971 2313 1150 2348 intelligitur,
1172 2312 1287 2340 denotat
1313 2316 1461 2345 naturam;
1490 2312 1529 2339 uti
1556 2315 1584 2338 et
1609 2310 1768 2345 γνωπικῶς

972 2358 1088 2394 (altiore
1112 2358 1217 2386 scilicet
1239 2365 1272 2386 ac
1296 2357 1414 2392 sapienti
1439 2356 1539 2392 sensu)
1562 2356 1766 2388 consideratus,

973 2405 1048 2431 omni
1072 2404 1206 2438 repletam
1229 2403 1365 2438 sapientia
1388 2402 1545 2430 divinorum
1567 2402 1710 2429 scientiam
1735 2409 1767 2429 ac

974 2450 1152 2484 theologiam.
1169 2448 1289 2482 Quibus,
1305 2447 1431 2483 quisquis
1447 2447 1481 2474 ad
1498 2447 1584 2474 Deum
1602 2454 1657 2474 non
1675 2454 1762 2473 move-

974 2499 1031 2529 tur,
1047 2490 1130 2531 479
1146 2495 1312 2531 paralyticus
1329 2497 1422 2521 manet
1438 2493 1625 2528 membrisque
1644 2492 1766 2519 dissolu-

975 2643 1138 2680 ralylicum;
1156 2651 1260 2680 nosque
1278 2642 1452 2680 potius_eue,
1475 2641 1520 2680 qui
1538 2644 1575 2667 tot
1598 2640 1675 2667 annis
1689 2639 1770 2675 jacet

976 2676 1050 2712 mus;
1063 2683 1092 2705 ut
1105 2687 1150 2705 nec
1169 2676 1304 2704 medicina:
1320 2677 1424 2704 modum
1440 2676 1607 2711 recipiamus.

971 2785 1099 2820 superior
1115 2783 1245 2819 temporis
1260 2790 1400 2817 mensura,
1418 2790 1466 2810 seu
1491 2781 1554 2809 vita
1572 2781 1618 2808 illa
1638 2778 1768 2816 periodo,_

972 2828 1032 2856 quae
1046 2825 1169 2855 tempore
1182 2823 1369 2847 mensuratur.
