1951 3076
180 141 251 175 1115
776 143 805 173 S.
827 143 970 174 MAXIMI
987 143 1241 175 CONFESSOBIS
1739 141 1748 170 1
1759 141 1767 170 i
1778 141 1809 170 16

180 205 236 232 tus,
251 199 337 227 donec
352 199 465 226 veniens
480 199 586 231 Sermo,
601 199 826 234 compendiosum
841 199 970 234 paranda:

1029 200 1067 226 τοῦ
1085 201 1239 236 κρείττονος
1249 202 1286 238 (ρ)
1298 204 1354 235 τοῖς
1370 203 1455 239 ὤμοις
1468 204 1516 239 τῆς
1530 196 1666 239 πράξεως,
1682 201 1712 228 τι
1723 201 1817 236 χεῖρον

180 245 278 273 salutis
295 246 405 272 modum
423 253 486 272 cum
502 245 637 278 docuerit,
653 245 748 272 dicens
767 254 773 272 :
792 245 886 280 Surge,
903 244 968 271 tolle

1029 245 1148 280 ιῐρεσθαι
1162 247 1230 282 πρὸς
1246 249 1358 285 ἀρετὴν,
1385 249 1401 285 ἢ
1421 250 1452 276 τὸ
1474 251 1598 285 κρεῖττον
1619 248 1665 274 διὰ
1687 247 1817 283 θρύψεως

180 292 336 327 ³μἀόιιαιιιηι
356 295 440 322 tuum,
457 295 482 317 ct
501 288 608 318 ambula
622 291 646 306 "
663 299 669 317 :
689 291 790 326 jubens
809 291 926 323 scilicet,
941 295 972 318 ut

1029 290 1093 326 πρὸς
1112 291 1267 327 φιληδονίαν
1281 294 1333 321 ὑπὸ
1348 295 1395 321 ¹τοῦ
1410 295 1532 332 χείρονος
1546 293 1689 330 φέρεσθαι.

179 338 215 365 ab
234 345 266 364 ea
283 345 337 371 qua
357 340 467 364 tenetur
488 336 628 377 voluptate
649 343 681 364 ac
701 336 832 369 libidine,
850 343 973 364 animum
993 335 1120 368 dirimat,
1155 345 1188 365 ac
1208 338 1343 367 virtutum
1365 340 1489 368 humeris
1511 347 1612 375 corpus
1635 339 1727 371 tollat,
1766 337 1818 365 do-

180 391 309 418 mumque
324 383 363 418 (in
377 383 477 409 cmlum
492 382 607 417 scilicet)
620 383 710 410 vadat.
723 383 836 410 Prastat
849 383 924 410 enim
940 382 968 410 id
987 382 1061 417 quod
1075 383 1200 412 deterius
1214 390 1266 418 est,
1280 386 1314 413 ab
1327 394 1361 414 eo
1388 387 1462 422 quod
1495 385 1681 422 praestantius,
1697 384 1817 412 actionis

180 428 302 455 numeris
315 428 348 455 ad
361 428 489 455 virtutem
506 427 576 458 tolli,
593 435 675 462 quam
689 427 762 462 quod
777 427 951 463 praestantius
969 434 1019 462 per
1031 428 1174 456 mollitiem
1187 430 1304 466 vitaeque
1320 432 1430 465 luxum,
1453 439 1468 458 a
1494 431 1625 459 deteriori
1657 431 1690 458 ad
1720 429 1817 457 libidi-

179 482 241 502 nem
258 474 333 501 ferri.

215 521 258 548 8|.
276 520 402 552 Quandiu
425 526 519 549 nostra
545 522 647 556 pariter
666 531 819 558 eorumque
842 521 968 550 omnium

181 573 242 600 qua:
264 573 279 592 a
297 566 353 593 Deo
374 567 496 594 secunda
521 571 597 599 sunt,
624 568 777 595 substantia
803 575 836 595 ac
861 572 971 598 natura,

180 612 282 638 mentis
299 611 481 647 intelligentia
496 620 551 639 non
563 613 676 639 omnino
687 613 898 644 excesserimus,
907 618 972 638 ncc-

180 657 246 684 dum
261 657 494 685 immutabilitatis
507 659 644 690 habitum,
662 666 724 693 quae
742 659 846 685 virtute
859 662 973 692 praesta-

182 707 236 734 tur,
254 703 396 730 consecuti
412 711 517 730 sumus.
540 704 591 731 Ubi
609 708 701 730 autem
724 711 774 738 per
794 703 971 730 dilectionem

181 748 252 776 hanc
268 749 340 776 nacti
358 749 520 784 dignitatem
537 749 682 782 fuerimus,
702 749 802 776 divinae
813 748 974 784 promissio-

183 793 227 820 nis
241 793 295 820 vim
312 801 519 828 pernoscemus.
536 794 577 821 lbi
591 793 666 821 enim
685 793 763 820 ﬁrma
786 801 819 820 ac
840 792 973 820 immobili

182 839 300 866 statione
316 839 372 866 fore
381 839 551 867 credendum
565 844 617 871 est,
630 847 677 867 eos
688 839 736 874 qui
752 839 827 874 digni
844 846 876 866 ac
892 837 971 872 probi

181 888 256 916 sunt,
270 885 379 920 ubijam
392 893 441 920 per
450 885 623 917 cbaritatem,
636 892 713 912 suam
724 892 802 912 mens
816 884 974 911 facultatem

182 931 316 958 radicitus
327 931 396 958 ﬁxit.
410 931 462 964 Qui
473 931 547 958 enim
559 931 660 966 seipse,
673 931 836 965 cunctisque
847 937 907 964 quze
919 929 974 956 ullo

185 977 267 1004 modo
291 977 407 1012 intelligi
435 982 551 1012 possunt
573 985 628 1004 non
652 977 812 1007 excesserit,
841 980 924 1010 atque
947 976 974 1002 in

182 1023 305 1055 silentio,
329 1023 403 1057 quod
425 1031 536 1050 onmem
561 1023 663 1051 mentis
687 1023 838 1057 cogitatum
862 1026 976 1057 superat

182 1069 347 1101 constiterit,
370 1068 430 1096 ﬁeri
455 1077 510 1096 non
528 1072 619 1104 potest
635 1072 666 1096 ut
681 1068 716 1096 ab
729 1068 804 1095 omni
821 1068 975 1095 mutatione

183 1114 313 1141 immunis
328 1114 373 1141 sit.

221 1160 265 1187 εἳ.
288 1160 388 1187 Mentis
411 1160 502 1187 omnis
519 1159 650 1195 cogitatio
668 1167 717 1187 seu
736 1158 898 1191 intellectio,
914 1159 977 1193 plu-

183 1207 255 1233 rium
268 1206 404 1241 prol'ecto,
423 1209 471 1233 aut
486 1205 762 1233 duorum-minimum
776 1205 831 1233 vim
850 1205 935 1233 habet
946 1208 976 1232 et

183 1251 399 1285 expressionem.
421 1251 470 1278 Est
485 1250 559 1278 enim
573 1250 663 1278 media
686 1250 758 1278 inter
768 1254 891 1277 extrema
903 1257 978 1284 quae-

187 1297 250 1324 dam
267 1296 400 1324 habitudo
417 1304 465 1323 seu
485 1297 593 1328 relatio,
609 1296 681 1323 inter
693 1304 722 1324 se
739 1300 836 1323 mutuo
850 1299 975 1328 nectens,

184 1346 243 1370 tum
264 1342 337 1376 quod
358 1341 487 1376 intelligit
510 1346 657 1376 menteque
674 1341 801 1376 percipit,
827 1346 885 1368 tum
904 1341 977 1376 quod

184 1395 217 1415 ca
229 1388 393 1423 percipitur.
404 1388 501 1415 Neutri
513 1392 605 1415 autem
618 1392 648 1415 ut
659 1387 863 1422 simplicitatem
875 1391 976 1419 servet,

181 1439 226 1461 est
241 1439 443 1469 comparatum.
462 1433 532 1460 Tum
550 1435 625 1461 enim
647 1433 720 1468 quod
738 1433 876 1467 intelligit,
889 1433 978 1467 quod-

183 1481 246 1508 dam
259 1481 372 1507 omnino
390 1479 545 1513 subjectum
562 1483 616 1511 est,
632 1486 693 1513 quae
711 1478 749 1505 illi
767 1486 860 1505 comes
875 1478 977 1505 intelli-

1055 528 1110 550 1ra'.
1129 525 1202 556 Ἕως
1218 525 1268 559 τῆς
1283 525 1361 561 ἡμῶν
1369 534 1398 552 τε
1413 526 1459 552 καὶ
1472 525 1582 552 πάντων
1596 524 1650 551 τῶν
1665 524 1734 558 μετὰ
1749 523 1820 550 Θεὸν

1019 569 1114 602 οὐσίας
1128 571 1197 597 κατὰ
1210 571 1329 598 διάνοιαν
1343 571 1470 607 καθαρῶς
1491 571 1541 598 οὐκ
1559 569 1749 604 ὲκϐεὸἠκαμεν
1765 569 1816 603 (q).

1020 616 1097 643 οὔπω
1112 617 1161 652 τὴν
1177 618 1226 653 τῆς
1247 619 1307 644 κατ’
1331 619 1433 653 ἀρετὴν
1463 617 1596 653 ἁτρεψὶας
1628 616 1686 649 ἕξιν
1720 615 1818 641 ἐλάϐο-

1024 671 1084 697 μεν.
1110 663 1245 699 Ὀπηνίκα
1262 663 1290 690 δὲ
1304 663 1382 690 τοῦτο
1394 664 1426 690 δι’
1443 663 1554 698 ἀγάπης
1568 663 1634 698 ἡμῖν
1655 661 1817 696 κατορθωθῇ

1025 708 1056 734 τὸ
1067 708 1175 743 ἀξίωμα
1195 708 1245 743 (5),
1269 709 1329 735 τότε
1352 708 1513 744 γνωσόμεθα
1526 710 1576 744 τῆς
1595 708 1670 740 θείας
1696 707 1817 740 ἐπαγγε-

1026 751 1086 782 λίας
1110 751 1160 786 τὴν
1188 751 1313 786 δύναμιν.
1326 752 1401 778 Ἑκεῖ
1414 752 1469 786 γὰρ
1496 749 1566 777 εἶναι
1593 751 1646 786 χρὴ
1675 748 1818 776 πιστεύειν

1027 792 1087 819 καθ’
1104 793 1210 828 ἵδρυσιν
1223 793 1390 828 ἀμετάθετον
1403 794 1467 825 τοὺς
1479 793 1580 825 ἀξίους,
1592 793 1656 819 ἔνθα
1672 790 1818 827 προλαϐὼν

1027 838 1113 870 όνοῦς
1131 839 1167 865 δι’
1182 838 1293 874 ἀγάπης
1318 839 1368 874 τὴν
1392 839 1526 875 σφετέραν
1550 837 1714 873 ὲνεῤῥίζωσε
1734 836 1818 863 δύνα-

1028 892 1084 919 μιν.
1099 883 1128 910 ’0
1138 883 1193 919 γὰρ
1207 884 1245 920 μὴ
1255 884 1338 916 ἐκϐὰς
1351 884 1457 916 ἑαυτοῦ,
1471 884 1518 911 καὶ
1535 884 1644 910 πάντων
1654 883 1708 909 τῶν
1722 883 1818 908 ὁπωσ-

1025 930 1072 957 οῦν
1091 930 1213 957 νοεῖσθαι
1231 931 1401 966 δυναμένων,
1426 931 1473 958 καὶ
1496 931 1535 962 εἰς
1556 930 1606 965 τὴν
1624 928 1695 965 ὑπὲρ
1717 928 1814 962 νόησιν

1026 976 1105 1011 σιγὴν
1127 977 1275 1010 καταστὰς,
1299 977 1330 1004 οὐ
1347 977 1458 1005 δύναται
1468 979 1571 1014 τροπῆς
1600 975 1670 1004 εἶναι
1697 975 1817 1012 πάμπαν

1025 1023 1117 1050 ὲλεύθε
1123 1032 1177 1058 ρος.

1062 1155 1116 1191 πβν.
1130 1155 1209 1182 Πᾶσα
1222 1155 1324 1190 νόησις,
1341 1155 1475 1190 πλήθων
1487 1154 1504 1190 ἢ
1517 1153 1705 1189 τούλάχιστον,
1719 1153 1819 1186 δυάδος

1026 1200 1137 1232 πάντως
1154 1199 1274 1236 ἔμφασιν
1293 1199 1363 1235 ἔχεις
1384 1199 1463 1235 Μέση
1478 1199 1533 1235 γάρ
1554 1200 1613 1226 ἐστι
1629 1199 1710 1227 τινῶν
1731 1197 1818 1236 ἀκρο-

1026 1248 1116 1283 τήτων
1139 1246 1246 1281 σχέσις,
1262 1245 1388 1280 ἀλλήλοις
1419 1245 1603 1278 συνάπτουσα,
1627 1246 1658 1273 τό
1680 1255 1710 1273 τε
1739 1247 1819 1274 νοοῦν

1027 1295 1075 1322 καὶ
1087 1294 1117 1320 τὸ
1130 1294 1277 1328 νοούμενον
1294 1293 1340 1328 (r).
1363 1291 1512 1327 Οὐδέτερον
1524 1291 1552 1318 δὲ
1565 1292 1653 1319 διόλου
1663 1293 1713 1328 τὴν
1734 1293 1819 1320 ἁπλό-

1026 1348 1097 1376 τητα
1123 1340 1230 1373 πέψυκε
1256 1338 1364 1370 σώζειν.
1392 1338 1429 1364 Τό
1446 1346 1476 1364 τε
1497 1337 1552 1373 γὰρ
1567 1337 1654 1371 νοοῦν,
1671 1339 1820 1374 ὑποκείμε-

1026 1385 1072 1412 νόν
1083 1384 1108 1412 τί
1125 1385 1195 1416 ἐστι,
1211 1384 1320 1416 πάντως
1345 1383 1595 1419 συνεπινοουμένην
1607 1383 1682 1418 αὺτῷ
1701 1384 1751 1419 τὴν
1768 1384 1818 1410 τοῦ

1027 1430 1098 1456 νοεῖν
1114 1428 1174 1463 ἔχον
1196 1428 1321 1462 δύναμιν.
1341 1427 1395 1454 Καὶ
1415 1427 1446 1454 τὸ
1471 1427 1616 1462 νοούμενον
1638 1428 1822 1461 ὑποκείμενόν

1027 1482 1055 1500 τι
1069 1473 1179 1504 πάντως
1191 1473 1274 1504 ἐστὶν,
1300 1472 1316 1507 ἢ
1345 1473 1374 1498 ἐν
1394 1471 1582 1507 ὑποκειμένῳ·
1605 1473 1820 1508 συνεπινοουμέ-

183 1530 273 1560 galur,
290 1524 462 1559 intelligendi
477 1525 532 1551 vim
549 1524 674 1556 habens;
689 1528 748 1550 tum
764 1528 792 1551 et
806 1523 880 1558 quod
896 1523 976 1550 intel-

1030 1528 1078 1556 νην
1096 1518 1169 1554 αὺτῷ
1184 1518 1234 1553 τὴν
1246 1517 1292 1545 τοῦ
1304 1517 1424 1545 νοεῖσθαι
1439 1517 1554 1553 δύναμιν
1571 1517 1647 1553 ἕχον·
1661 1518 1677 1554 ἦ
1693 1520 1818 1553 προῦπτο-

183 1571 287 1606 ligitur,
303 1569 414 1604 aliquod
429 1577 542 1604 prorsus
561 1569 718 1604 subjectum
738 1569 781 1596 vel
802 1569 830 1595 in
852 1569 976 1604 subjecto

183 1621 237 1647 est,
260 1623 321 1650 qua:
346 1623 399 1642 una
422 1622 485 1641 cum
510 1615 570 1649 ipso
593 1614 775 1649 intelligatur,
795 1614 851 1641 vim
868 1614 977 1648 passive

185 1660 367 1696 intelligendi,
384 1660 474 1695 ipsum
493 1667 604 1695 quoque
618 1659 745 1692 habens;
764 1666 812 1686 seu
829 1659 908 1694 cujus
931 1658 976 1686 illa

184 1707 274 1734 virtus
295 1711 338 1734 est
361 1715 394 1734 ac
416 1706 542 1738 facultas,
564 1706 757 1741 prmjacentem
782 1704 975 1732 ubstantiam.

185 1753 259 1780 Nihil
273 1753 348 1780 enim
363 1760 477 1787 prorsus
496 1752 525 1779 in
547 1752 630 1779 rebus
647 1752 736 1786 ipsum
752 1759 802 1786 per
815 1758 844 1778 se
861 1750 977 1785 simplex

184 1797 339 1833 substantia
353 1801 401 1824 aut
415 1797 567 1824 intellectio
586 1802 640 1828 est,
655 1801 685 1823 ut
700 1801 727 1823 et
749 1796 840 1823 unitas
859 1795 977 1824 indivisa

185 1844 230 1870 sit.
254 1844 326 1870 Deus
341 1847 445 1875 autem,
462 1842 521 1870 sive
537 1842 721 1869 substantiam
742 1841 904 1873 dixerimus,
921 1849 978 1868 non

185 1887 321 1923 ejusmodi
347 1892 400 1921 est,
422 1893 454 1916 ut
475 1888 517 1916 vis
545 1888 652 1923 passive
678 1887 849 1923 intelligendi
873 1895 928 1914 una
952 1887 979 1915 ei

220 1966 243 1982 ⁸⁸
254 1966 334 1994 Joan.
350 1975 377 2000 ν,
390 1967 416 1995 8.

223 2047 260 2081 (pl
277 2047 350 2072 ’Υπὸ
362 2046 415 2074 τοῦ
425 2047 603 2080 κρείττονος.
613 2047 649 2073 Τὸ
660 2048 781 2080 κρεῖττον
791 2048 838 2075 hic
845 2047 972 2080 Maximo,

186 2082 295 2118 animus
316 2085 359 2118 est
382 2086 464 2118 atque
487 2090 578 2118 "iens;
601 2082 631 2108 co
652 2084 752 2117 χεῖρον,
774 2091 895 2118 corpus:
912 2091 975 2117 pars

187 2116 291 2144 scilicet
305 2117 394 2151 potior
407 2122 435 2143 et
449 2116 582 2148 deterior,
603 2125 719 2150 quarum
741 2116 831 2145 altera
849 2116 973 2148 alteram,

187 2152 229 2178 vel
251 2151 276 2178 in
296 2152 406 2182 caelum,
426 2159 487 2185 qtue
511 2151 630 2178 hominis
645 2152 744 2179 domus
762 2157 814 2183 est,
831 2153 917 2183 tollat,
933 2153 975 2179 vel

1026 1565 1155 1600 κειμένην
1171 1564 1236 1599 τὴν,
1250 1561 1280 1591 οὗ
1304 1565 1362 1590 ὲστι
1387 1563 1512 1599 δύναμις,
1534 1563 1641 1590 οὐσίαν.
1663 1564 1700 1590 Οὐ
1715 1564 1770 1599 γάρ
1791 1573 1822 1590 τι

1026 1611 1080 1637 τῶν
1097 1611 1182 1637 όντων
1196 1610 1226 1636 τὸ
1239 1609 1349 1636 σύνολον
1372 1610 1438 1636 αὐτὸ
1452 1609 1513 1636 καθ’
1528 1609 1594 1636 αὐτὸ
1609 1608 1682 1644 ἁπλῆ
1707 1617 1752 1641 τις
1772 1609 1821 1636 οὐ-

1029 1656 1074 1684 σία
1087 1656 1103 1692 ἢ
1117 1656 1209 1691 νόησίς
1223 1656 1307 1689 ἐστιν,
1322 1656 1366 1682 ἵνα.
1381 1655 1427 1682 καὶ
1444 1655 1530 1690 μονὰς
1543 1655 1706 1690 ἀδιαίρετος.
1721 1654 1774 1681 Τὸν
1787 1654 1818 1681 δὲ

1028 1702 1105 1736 Θεὸν,
1117 1703 1172 1729 εἴτε
1196 1701 1292 1728 οὐσίαν
1311 1702 1450 1736 εἴπωμεν,
1470 1701 1521 1728 οὐκ
1535 1700 1592 1736 ἔχει
1614 1699 1737 1735 φυσικῶς
1757 1709 1823 1727 συν-

1031 1749 1228 1784 επινοουμένην
1242 1747 1316 1784 αὐτῷ
1327 1748 1376 1783 τὴν
1387 1747 1434 1775 τοῦ
1449 1747 1568 1774 νοεῖσθαι
1581 1745 1706 1782 δύναμιν,
1717 1747 1763 1773 ἴνα
1781 1747 1822 1782 μὴ

1032 1795 1175 1827 σύνθετος·
1199 1795 1255 1822 εἴτε
1270 1795 1373 1831 νόησιν,
1394 1795 1444 1821 οὐκ
1463 1794 1520 1829 ἔχει
1549 1793 1674 1828 φυσικῶς
1691 1793 1823 1828 δεκτικὴν

1031 1841 1080 1876 τῆς
1095 1842 1213 1876 νοήσεως
1236 1841 1421 1876 ὑποκειμένην
1449 1840 1560 1868 οὐσίαν·
1579 1840 1637 1867 ἀλλ’
1653 1840 1734 1871 αὐτὸς
1759 1841 1823 1866 κατ’

1032 1886 1126 1914 οὐσίαν
1145 1887 1239 1922 νόησις
1264 1887 1338 1914 ἐστιν
1357 1886 1372 1912 ὁ
1390 1887 1472 1919 Θεός·
1498 1886 1545 1914 καὶ
1568 1886 1629 1918 ὅλος
1649 1886 1754 1921 νόησις,
1774 1885 1824 1913 καὶ

1024 2048 1249 2089 ambagessunt';
1265 2049 1359 2089 nullus
1372 2056 1480 2089 sensus.
1497 2048 1623 2083 llincque
1634 2046 1756 2089 ‘l'orsitan
1779 2050 1824 2089 est

1025 2083 1098 2118 quod
1112 2082 1139 2110 in
1156 2083 1239 2110 Marci
1250 2084 1388 2118 capitibus
1400 2092 1454 2110 non
1468 2083 1538 2111 bene
1550 2082 1716 2117 quandoque
1727 2082 1802 2118 sapit
1814 2103 1822 2115 ,

1017 2125 1073 2145 'aut
1085 2122 1160 2145 certe
1175 2126 1240 2152 pars
1255 2117 1351 2153 magna
1368 2119 1432 2146 inde
1447 2119 1499 2150 sit;
1517 2118 1676 2153 laceretque
1688 2125 1704 2144 e
1727 2124 1755 2143 re
1775 2117 1824 2144 lit-

1027 2154 1126 2180 teraria
1142 2151 1272 2185 et’sacra,
1289 2151 1336 2188 qui
1351 2154 1424 2180 bono
1439 2153 1523 2180 fultus
1539 2151 1636 2180 codice
1653 2151 1713 2188 ejus
1728 2153 1824 2188 omnia

189 2186 215 2228 in
234 2186 394 2228 voluptaria:
408 2187 470 2213 vitae
484 2193 516 2212 ac
531 2186 654 2213 libidinis
672 2187 833 2215 barathrum
849 2187 975 2222 praecipi-
993 2202 1014 2228 ι)
1029 2188 1159 2228 castigate
1185 2186 1404 2228 reprmse'ntaret.
1418 2187 1595 2228 _Ab_scederet
1621 2187 1726 2228 scilicet
1740 2187 1823 2228 ‘lumi

189 2225 242 2248 tem
259 2226 332 2254 agat.

224 2255 262 2290 (ᾳ)
280 2257 340 2282 οὐκ
353 2255 562 2290 ἑκϐεϐήκαμεν.
578 2255 626 2283 Est
639 2256 778 2289 νηπτικῶν
793 2256 877 2284 Marci
899 2256 977 2291 capi-

189 2295 247 2317 tnm
261 2291 287 2321 7,
299 2291 370 2325 apud
391 2298 472 2325 quem
484 2291 553 2319 male
567 2291 631 2318 Pico
642 2291 758 2322 editum,
772 2292 976 2326 ὲμὸεΰήκαμεν.

189 2325 242 2353 Sed
263 2325 328 2353 illud
347 2327 434 2361 pejus,
448 2326 521 2361 quod
538 2326 576 2353 illi
595 2326 780 2361 verbojungit
794 2325 874 2360 quod
884 2327 977 2361 sequi-

190 2365 244 2392 tur,
259 2360 307 2396 τὴν
321 2361 391 2393 ἕξιν,
406 2360 467 2388 cum
483 2366 511 2388 et
523 2361 580 2396 ipse
596 2360 785 2396 ὲκϐεϐήκαμεν
801 2361 907 2396 legerit,
919 2360 980 2396 qua:

189 2404 240 2422 vox
255 2396 383 2431 gignendi
401 2404 465 2423 casu
480 2397 590 2430 gaudet,
615 2404 669 2423 non
691 2396 837 2423 accusandi
854 2405 860 2423 :
874 2404 908 2423 ex
923 2405 978 2430 qna

190 2431 279 2458 littera
301 2432 340 2458 sic
370 2433 531 2465 composita,
557 2431 630 2466 quod
653 2431 688 2458 sit
714 2431 888 2458 commodum
909 2431 979 2458 nihil

190 2466 288 2493 reddit.
307 2466 361 2501 Τὴν
375 2466 433 2491 κατ’
448 2466 546 2501 ἀρετὴν
562 2466 703 2501 ἀτρεψίαν,
718 2466 791 2500 quod
809 2467 909 2498 reddit,
926 2467 978 2492 im—

190 2502 345 2536 munitatem
357 2502 498 2528 eversionis
511 2510 526 2527 a
537 2501 641 2532 virtute,
655 2501 792 2528 liberioris
806 2501 980 2536 paraphrasis

189 2539 240 2577 est.
257 2534 427 2577 Scholiastes
442 2537 536 2577 paucis
548 2537 718 2577 perstrinxit,
741 2534 834 2577 ἄλλως,
850 2534 979 2577 ἄῆρερτοι

192 2571 282 2604 μένειν
294 2573 321 2596 ἐν
333 2571 370 2605 τῷ
385 2571 458 2606 καλῷ
473 2572 504 2598 οὐ
517 2571 653 2605 δυνάμεθα
664 2581 669 2586 ·
685 2571 860 2598 immutabile:
875 2572 901 2597 in
914 2572 979 2598 bono

190 2605 340 2639 honestique
361 2606 446 2633 studio
467 2614 521 2633 esse
542 2615 593 2632 non
615 2614 760 2638 possumus,
778 2607 830 2633 nisi
852 2613 934 2632 carne
952 2610 980 2632 ct

190 2640 304 2681 mundo,
321 2648 368 2674 per
385 2641 546 2668 charitatem
562 2641 589 2667 in
608 2642 692 2668 Deum
706 2641 918 2675 proximumque
933 2649 980 2668 ex-

191 2683 367 2702 ουςεοτιηιυε.

227 2709 263 2745 (r)
281 2711 317 2737 Td
334 2719 366 2737 τε
388 2709 482 2736 νοοῦν
498 2710 545 2737 καί
557 2713 589 2737 τὸ
600 2711 773 2744 νοούμενον.
792 2711 826 2738 Et
837 2711 889 2738 hoc
898 2714 981 2745 caput

190 2745 273 2780 hlarci
289 2745 427 2780 νηπτικῶν
449 2745 475 2778 8,
497 2745 525 2772 in
550 2753 605 2780 quo
629 2746 698 2772 nihil
715 2745 821 2773 felicius
837 2745 981 2773 desudavit

192 2779 282 2816 Picus,
302 2781 361 2815 ipso
375 2780 473 2816 multis
483 2779 582 2816 vitioso
598 2781 658 2814 ejus
671 2781 746 2816 c_od.,
758 2786 788 2808 ut
801 2780 873 2815 quod
890 2781 980 2816 ipsum

192 2813 244 2841 hoc
260 2813 445 2851 lticrelatum,
469 2815 562 2847 habet,
584 2815 644 2851 tota
665 2814 726 2842 οὗν·
748 2813 881 2851 sequente
897 2813 980 2843 etiam

193 2857 254 2876 mox
269 2850 355 2882 hiatu,
373 2858 406 2877 ex
421 2851 522 2885 quibus
538 2850 670 2885 quidquid
693 2850 839 2883 redditum,
857 2851 981 2878 obscura:

1030 2222 1187 2258 plurimum,
1197 2223 1392 2257 elucerentque
1407 2223 1548 2257 theologia:
1559 2226 1586 2250 et
1599 2222 1720 2258 probatae
1735 2222 1823 2258 ασκήῗ

1030 2256 1098 2289 σεως
1116 2258 1230 2284 lumina.
1245 2258 1301 2285 Nec
1314 2256 1488 2285 SIMaximus
1505 2256 1566 2293 ejus
1583 2256 1823 2293 tanta_a0'=o).t:§a‘.

1029 2297 1170 2320 mutuatus
1182 2297 1265 2325 esset,
1287 2293 1339 2320 nisi
1360 2294 1450 2320 virum
1473 2291 1613 2328 magnum,
1634 2291 1824 2328 solertemque

1031 2328 1187 2366 theologum
1211 2328 1413 2366 adprobatum
1439 2325 1557 2366 asa-tam
1583 2326 1747 2366 agnovisset.
1772 2325 1826 2353 Hie

1030 2363 1114 2397 igitur
1128 2363 1220 2400 divina
1235 2363 1407 2400 simplicitas,
1422 2363 1470 2400 qui
1488 2363 1524 2389 sit
1538 2366 1623 2400 actus
1631 2363 1706 2388 omni
1722 2368 1825 2400 vacans

1030 2395 1240 2432 compositione,
1254 2395 1357 2432 suaque
1378 2395 1580 2432 ipsi—operatio,
1596 2395 1823 2432 rritegexplicala.

1030 2433 1063 2459 ad
1087 2430 1169 2467 quam
1190 2430 1507 2467 quoquomodo'aniuius
1521 2431 1637 2463 accedit,
1661 2430 1689 2457 in
1711 2430 1824 2457 silentio

1030 2468 1077 2494 illo
1098 2475 1212 2494 versans
1230 2467 1304 2502 quod
1328 2467 1498 2502 intelligendi
1519 2467 1575 2493 vim
1593 2473 1701 2502 omnem
1716 2469 1825 2502 actum-

1030 2510 1083 2537 que
1105 2503 1223 2534 cxcedit,
1240 2501 1270 2530 ut
1287 2501 1428 2537 superiori
1441 2510 1501 2536 cap.
1520 2507 1638 2536 uterque
1661 2501 1823 2537 theologus;

1032 2535 1145 2572 ipsoque
1161 2537 1223 2569 hoc,
1241 2537 1289 2573 τὴν
1304 2535 1351 2563 τοῦ
1374 2538 1444 2564 νοεῖν
1465 2535 1635 2572 ὗπεροχικῶς
1655 2535 1825 2573 ᾁπθέμενος

1029 2569 1153 2606 δῖᾶναμιν,
1177 2572 1256 2606 quasi
1268 2569 1388 2599 'excussa
1409 2569 1567 2607 armataque
1579 2570 1721 2607 secundum
1735 2569 1823 2596 excel-

1032 2607 1118 2634 lentia:
1136 2608 1265 2634 rationem
1281 2607 1445 2642 intelligendi
1466 2608 1490 2634 vi
1508 2606 1539 2634 ac
1554 2606 1682 2642 facultate
1697 2613 1712 2642 :_
1723 2612 1824 2642 nempe

1030 2642 1178 2682 quominus
1192 2640 1524 2682 intelligit‘acsuspensus
1533 2640 1651 2682 caligine
1661 2645 1688 2682 et
1701 2640 1825 2682 ᾁγνῳσξᾳ

1031 2675 1139 2713 animus
1153 2682 1195 2713 est
1217 2675 1374 2713 (ardoribus
1390 2675 1505 2713 scilicet
1517 2675 1671 2710 charitatis)
1687 2675 1732 2713 gsic
1745 2675 1825 2713 altis-

1031 2712 1100 2739 sime
1110 2709 1291 2752 intelligens;
1306 2712 1352 2739 ubi
1367 2713 1460 2752 Picus,
1472 2711 1671 2752 Aliqttantisper
1682 2711 1711 2737 in
1721 2709 1826 2752 unitate

1031 2755 1091 2774 eum
1106 2747 1270 2783 intelligendi
1286 2748 1503 2783 prastantissime
1524 2747 1657 2783 deposuit;
1680 2753 1733 2783 non
1746 2747 1826 2783 satis

1031 2786 1093 2817 apte
1112 2782 1169 2809 htee
1183 2780 1374 2817 superioribus
1386 2783 1514 2818 iungens,
1532 2780 1627 2818 γέγονε
1642 2781 1731 2818 ποσῶς
1745 2780 1774 2805 ὲν
1788 2781 1823 2813 τῇ

1033 2814 1140 2853 μὀνάδι,Δ
1160 2825 1192 2844 ac
1211 2814 1334 2852 utrisque
1358 2814 1395 2845 id'
1410 2814 1527 2845 reddens
1539 2814 1623 2853 'quod
1646 2814 1824 2853 mysticorum

1033 2860 1113 2880 nemo
1135 2851 1308 2880 intellexerit.
