1951 3076
116 154 182 186 ΗΠ

530 156 697 186 CAPITUM
716 157 857 187 THEOL.
878 157 925 187 ET
942 157 1060 188 (ECON.
1079 159 1273 191 CENTURIA
1292 162 1316 194 Ι.

1677 163 1745 195 1128

114 216 210 248 μονον·
232 211 279 238 καὶ
302 211 383 244 αὐτὸς
406 211 477 239 κατὰ
490 211 539 247 τὴν
555 212 648 247 νόησιν
669 212 759 246 οὐσία,
779 212 827 239 καὶ
845 213 905 244 ὅλος

957 221 1049 241 comes
1066 214 1247 251 intelligatur,
1265 225 1300 244 ne
1321 218 1490 254 compositus
1513 221 1568 254 sit;
1590 219 1648 248 sive
1669 220 1752 248 intel-

111 257 194 284 οὐσία
223 258 271 285 καὶ
294 257 392 293 μόνον’
413 258 460 285 καὶ
471 258 541 294 ὑπὲρ
568 259 662 285 οὐσίαν
690 259 760 291 ὅλος,
778 261 824 286 καὶ
836 259 906 295 ὑπὲρ

111 303 208 339 νόησιν
220 304 290 336 ὅλος,
305 304 373 331 διότι
387 305 434 332 καὶ
450 305 534 340 μονὰς
552 305 705 341 ἀδιαίρετος
731 306 779 332 καὶ
799 306 907 341 ἀμερὴς

112 350 162 377 καὶ
176 351 261 386 ἁπλῆ.
280 352 309 378 'O
334 352 423 378 τοίνυν
441 352 503 378 καθ’
518 352 608 379 ὁτιοῦν
622 352 716 387 νόησιν
732 351 814 387 ἔχων,
830 351 907 379 οὔπω

111 396 165 431 τῆς
181 397 278 429 δυάδος
294 397 406 433 ἐξῆλθεν
419 406 426 413 ·
440 399 454 425 ὁ
466 398 495 425 δὲ
507 399 609 433 ταύτην
620 398 737 433 πάμπαν
754 398 904 431 ἀπολιπὼν,

112 443 210 477 γέγονε
241 443 331 476 ποσῶς
349 444 377 471 ὲν
398 445 431 480 τῇ
457 445 562 480 μονάδι,
588 444 634 480 τὴν
659 444 707 472 τοῦ
725 446 797 472 νοεῖν
818 445 904 481 ὑπερ-

111 491 214 524 οχικῶς
232 490 401 526 ἀποθέμενος
414 491 540 526 δύναμιν.

959 265 1117 299 lectionem,
1137 275 1193 294 non
1216 268 1299 296 habet
1324 274 1422 298 natura
1444 271 1597 306 subjeelam
1619 271 1750 299 substan-

961 311 1037 343 tiatn,
1052 320 1113 346 quae
1126 313 1162 339 sit
1175 321 1260 348 capax
1272 315 1470 344 intellectionis
1486 324 1603 352 eamque
1619 317 1749 352 recipiat:

955 355 1003 383 sed
1016 356 1088 384 Deus
1102 357 1161 392 ipse
1180 366 1231 393 per
1249 360 1398 387 essentiam
1417 360 1571 388 intellectio
1588 366 1645 394 est;
1661 366 1749 389 totus-

954 410 1019 437 que.
1028 410 1061 429 ac
1076 403 1165 430 solum
1178 403 1348 438 intellectio;
1360 406 1475 441 ipseque
1484 415 1538 441 qua
1549 407 1656 434 ratione
1667 406 1751 442 480

955 446 1106 474 Entelleetio
1124 451 1177 479 est,
1195 448 1349 476 substantia
1369 457 1417 476 seu
1439 455 1552 482 natura;
1567 455 1709 485 totusque,
1721 455 1750 478 et

953 492 1042 519 solum
1063 493 1234 526 substantia;
1253 498 1381 530 totusque
1410 496 1592 524 substantiam
1612 496 1750 524 excedens

110 542 161 563 seu
173 536 322 563 essentiam
339 541 368 564 et
383 541 520 569 naturam,
556 544 588 564 ae
608 541 682 565 totus
713 537 849 565 excedens
880 536 1030 572 cogitatum
1051 545 1083 564 ac
1104 537 1333 571 intellectioncm,
1349 541 1451 575 quippe
1473 549 1534 576 qua;
1564 541 1657 569 unitas
1678 541 1750 569 indi-

110 583 172 610 visa
185 583 329 617 nullasque
344 582 492 610 admittens
506 588 597 617 partes
612 591 644 610 ac
669 583 785 618 simplex
808 581 926 610 exsistit.
947 581 1076 616 Quisquis
1095 582 1178 618 igitur
1196 584 1251 611 ulla
1268 585 1375 612 ratione
1396 585 1612 613 intellectionem
1633 593 1681 614 seu
1702 594 1749 614 co-

110 629 227 664 gitatum
242 628 335 660 habet,
352 628 474 655 nondum
492 629 600 656 binario
616 628 733 656 excessit
764 636 810 655 seu
832 628 964 655 dualitate
986 637 992 654 :

1033 628 1079 663 qui
1107 633 1199 656 autem
1227 629 1303 656 hunc
1334 638 1448 665 prorsus
1486 631 1635 664 abdicavit,
1658 635 1687 658 ut
1720 631 1749 659 in

111 675 219 701 unitate
233 678 359 701 versetur
373 674 505 708 tantisper
519 679 617 702 nactus
625 679 678 706 est,
692 674 739 709 qui
751 674 903 701 secundum
922 674 1091 701 excellentiae
1103 675 1239 703 rationem
1257 677 1430 712 intelligendi
1447 678 1500 705 vim
1515 679 1677 706 excusserit.

147 722 205 753 πγ’.
228 719 273 745 Ἐν
290 718 339 753 μὲν
360 719 417 749 τοῖς
437 718 556 750 πολλοῖς,
573 719 702 754 ἑτερότης
717 719 765 745 καὶ
780 718 905 754 ἀνομοιό-

110 775 162 801 της
174 766 232 792 ἐστὶ
246 765 293 792 καὶ
301 765 430 800 διαφοράν
445 766 474 791 ὲν
490 765 518 791 δὲ
535 765 573 800 τῷ
586 765 655 800 Θεῷ,
673 766 775 801 κυρίως
798 765 838 791 ἐνὶ
852 765 900 791 καὶ

988 719 1032 745 85.
1061 719 1089 746 ln
1116 720 1226 753 multis,
1255 721 1403 749 diversitas
1429 727 1471 750 est
1495 726 1523 750 et
1550 723 1748 752 dissimilitudo

951 767 1035 798 atque
1054 763 1221 798 discrimen;
1238 764 1267 792 in
1286 766 1342 793 Deo
1361 771 1452 793 autem
1463 767 1509 801 qui
1528 775 1592 794 vere
1611 776 1682 795 unus
1701 775 1747 796 so-

113 813 189 847 μόνῳ
210 813 384 847 τυγχάνοντι,
411 811 546 846 ταυτότης
561 812 609 838 καὶ
630 811 750 846 ἁπλότης
773 811 853 846 μόνον
870 811 904 845 (ε)

955 809 1048 843 [usque
1064 810 1188 842 exsistat,
1205 810 1338 838 identitas
1352 816 1380 838 et
1394 811 1557 846 simplicitas
1574 813 1748 842 solummodo

111 858 181 891 ἐστὶ,
199 858 244 885 καὶ
260 857 397 893 ὁμοιότης.
416 858 472 884 Οὐκ
489 858 610 892 ἀσφαλὲς
624 856 669 884 οὖν
687 859 749 893 πρὶν
761 858 812 890 ἔξω
827 857 904 892 γενέ-

952 862 984 882 ac
997 855 1160 883 similitudo.
1177 856 1254 884 Haud
1270 857 1353 892 igitur
1370 861 1460 884 tutum
1475 863 1523 885 aut
1543 860 1611 886 satis
1624 865 1746 893 cautum,

112 903 174 929 σθαι
189 902 244 928 τῶν
259 902 375 935 πολλῶν,
400 902 556 928 ἐπιϐάλλειν
576 904 637 933 ταῖς
652 902 718 937 περὶ
742 902 810 928 Θεοῦ
833 902 902 929 θεω-

955 905 986 928 ιιι
1004 903 1298 937 contemplationibus,
1321 913 1383 939 qua:
1403 905 1437 932 de
1459 906 1515 933 Deo
1538 911 1612 938 sunt,
1634 907 1748 942 adjicias

112 949 203 984 ρὶαις’
227 949 273 975 καὶ
287 948 364 983 δηλοῖ
389 948 469 974 τοῦτο
497 949 630 984 Μωῡσῆς,
649 947 701 980 ἔξω
728 949 777 983 τῆς
794 957 904 983 παρεμ-

111 994 195 1029 ϐολῆς
212 994 387 1029 πηγνύμενος
401 994 451 1029 τὴν
466 994 569 1029 σκηνὴν
580 995 628 1029 τῆς
638 994 770 1027 διανοίας,
784 994 830 1021 καὶ
842 994 902 1021 τότε

114 1038 288 1073 προσομιλῶν
306 1037 345 1073 τῷ
367 1038 436 1073 Θεῷ.
456 1038 492 1064 Τὸ
505 1038 560 1073 γὰρ
582 1039 651 1074 μετὰ
666 1039 745 1073 λόγου
768 1039 816 1065 τοῦ
832 1039 903 1065 κατὰ

111 1085 254 1119 προφορὰν
274 1084 422 1119 πειρᾶσθαι
442 1085 526 1118 φάναι
542 1084 587 1111 τὸν
601 1084 730 1120 ᾶρῤητον,
763 1085 903 1112 ἐπικίνδυ-

109 1139 172 1157 νον·
199 1132 239 1158 ὅτι
258 1130 334 1162 δυὰς,
357 1131 406 1159 καὶ
428 1131 511 1157 πλέον
535 1131 609 1157 ἐστὶν
633 1132 647 1158 ὁ
663 1131 736 1158 κατὰ
760 1132 902 1167 προφορὰν

109 1177 200 1212 λόγος.
221 1177 258 1204 Th
272 1177 300 1203 δὲ
315 1176 378 1203 ἄνευ
405 1177 497 1211 φωνῆς
516 1177 585 1214 μόνῃ
600 1178 633 1212 τῇ
648 1177 721 1213 ψυχῇ
739 1178 769 1204 τὸ
780 1177 810 1204 ὃν
832 1178 903 1204 θεωιι

110 1223 179 1258 ρεϊν,
197 1223 384 1258 ἰσχυρότατον·
403 1223 444 1249 ὅτι
459 1222 530 1249 κατὰ
557 1222 607 1258 τὴν
625 1223 779 1259 ἀδιαίρετον
793 1223 903 1250 ἵσταται

111 1269 216 1304 μονάδα
227 1290 234 1301 ,
247 1270 294 1296 καὶ
309 1269 358 1296 οὒκ
373 1270 401 1296 ὲν
416 1270 472 1301 τοῖς
491 1269 610 1301 πολλοῖς.
629 1269 658 1295 Ὁ
675 1269 728 1304 γὰρ
745 1270 900 1305 ἀρχιερεὺς,

113 1315 189 1348 ἅπαξ
201 1315 248 1341 τοῦ
261 1314 385 1341 ἐνιαυτοῦ
403 1316 441 1346 εἰς
459 1315 489 1342 τὰ
502 1315 586 1349 Ἂγια
602 1315 656 1342 τῶν
673 1315 758 1350 ἁγίων
774 1315 840 1342 εῐσω
853 1315 902 1342 τοῦ

110 1362 362 1396 καταπετάσματος
397 1361 512 1387 εἰσιέναι
539 1361 616 1396 μόλις
652 1362 900 1397 προστεταγμένος,

109 1408 232 1435 διδάσκει
259 1408 337 1442 μόνον
361 1408 418 1434 δεῖν
443 1407 558 1440 ἐκεῖνον,
574 1407 619 1433 τὸν
633 1407 684 1441 τὴν
705 1407 789 1443 αὐλὴν
807 1408 854 1434 καὶ
868 1407 902 1434 τὰ

110 1454 175 1488 ἅγια
187 1453 329 1484 διαϐάντα,
346 1453 393 1480 καὶ
408 1454 449 1485 εὶς
466 1452 500 1479 τὰ
513 1453 597 1487 ’Ἀγια
609 1453 664 1480 τῶν
676 1453 762 1486 ἁγίων
777 1454 842 1480 εἴσω
854 1463 901 1488 γε-

109 1500 237 1534 νόμενον·
251 1499 385 1531 τουτέστι,
401 1499 450 1534 τὴν
467 1498 576 1526 ἃπασαν
589 1499 643 1525 τῶν
662 1499 800 1534 αἰσθητῶν
811 1508 841 1526 τε
854 1500 902 1526 καὶ

109 1545 215 1580 νοητῶν
228 1545 397 1580 παρελθόντα
408 1546 500 1579 φύσιν,
518 1545 566 1593 καλ
578 1545 669 1593 πᾴσης
681 1545 731 1580 τῆς
743 1545 814 1572 κατὰ
826 1546 902 1580 γένε-
915 1564 937 1593 c

110 1598 154 1617 σιν
181 1590 311 1624 ἰδιότητος
333 1590 480 1625 γενόμενον
513 1589 671 1625 καθαρὸν“,
703 1590 826 1625 ἀνείμονι
854 1591 902 1617 καὶ

109 1638 201 1671 γυμνῇ
213 1638 246 1671 τῇ
263 1635 366 1672 διανοίᾳ
387 1635 567 1671 προσϐάλλειν
584 1636 645 1667 ταῖς
674 1635 739 1671 περὶ
753 1636 822 1663 Θεοῦ
835 1645 903 1672 φαν-

110 1681 228 1713 τασίαις.

145 1815 199 1841 πδ¹.
214 1813 337 1848 Μωῦσῆς
347 1815 361 1840 ὁ
376 1813 473 1848 μέγας,
487 1813 540 1847 ἔξω
557 1813 608 1848 τῆς
623 1813 800 1849 παρεμϐολῆς
812 1812 900 1848 πηξά-

111 1869 191 1895 μενος
203 1860 299 1886 ὲαυτοῦ
318 1860 367 1895 τὴν
381 1860 482 1895 σκηνήν
491 1867 499 1876 ·
513 1859 647 1892 τουτέστι,
669 1860 719 1894 τὴν
733 1861 845 1894 γνώμην
854 1859 902 1886 καὶ

109 1906 159 1941 τὴν
177 1905 297 1932 διάνοιαν
318 1905 495 1941 ἱδρυσάμενος
509 1904 562 1937 ἔξω
578 1904 633 1931 τῶν
650 1904 806 1940 ὁρωμένων,
821 1913 906 1940 προσ-

111 1952 204 1978 κυνεῖν
217 1951 264 1978 τὸν
279 1951 346 1978 Θεὸν
363 1951 496 1986 ἄρχεται·
513 1952 560 1978 καὶ
577 1952 618 1982 εἰς
639 1951 685 1977 τον
704 1951 803 1985 γνόφου
816 1951 899 1977 εἰσελ-

111 1997 177 2028 θὼν,
195 1996 242 2022 τὸν
256 1996 335 2030 ἀειδῆ
347 1997 395 2024 καὶ
402 1997 484 2024 ᾰῡλον
497 1997 547 2031 τῆς
559 1996 684 2031 γνώσεως
695 1996 777 2023 τόπον
793 1996 835 2032 (ι),
848 1997 906 2024 ἐκεῖ

111 2042 190 2077 μένει
207 2040 257 2073 τὰς
266 2041 415 2077 tepentia;
429 2041 591 2077 τελούμενος
606 2041 726 2072 τελετάς.

955 945 1087 980 animum,
1116 948 1278 982 priusquam
1304 956 1320 975 e
1349 950 1444 977 multis
1471 951 1634 979 excesseris.
1663 952 1748 987 quue

954 991 1060 1026 Moyses
1082 993 1206 1022 declarat
1228 994 1262 1026 “,
1287 1003 1349 1022 cutn
1369 1001 1445 1022 extra
1465 1002 1556 1024 castra
1578 997 1631 1024 ﬁxo
1648 998 1748 1026 mentis

954 1037 1143 1071 tabernaculo,
1161 1043 1256 1074 postea
1273 1047 1335 1066 cum
1354 1040 1410 1067 Deo
1431 1041 1457 1068 in
1482 1042 1649 1077 colloquium
1661 1043 1746 1070 venit.

953 1081 1013 1108 Non
1026 1082 1098 1109 enim
1114 1087 1192 1110 vacat
1206 1083 1341 1118 periculo,
1361 1092 1394 1111 co
1410 1087 1546 1113 sermonis
1562 1094 1662 1122 genere
1674 1088 1747 1122 quod

953 1135 1001 1155 ore
1017 1128 1169 1162 profertur,
1193 1137 1257 1156 eum
1281 1133 1388 1158 tentare
1410 1131 1460 1158 fari
1481 1136 1564 1167 atque
1581 1132 1685 1167 eloqui,
1700 1133 1747 1167 qui

952 1173 1008 1200 vim
1038 1181 1148 1202 omnem
1178 1176 1316 1203 sermonis
1343 1177 1478 1205 excedit:
1510 1178 1583 1213 quod
1616 1179 1747 1205 nimirum

952 1218 1089 1253 ejusmodi
1108 1228 1200 1247 sermo
1220 1221 1311 1248 dualis
1333 1221 1379 1254 sit,
1393 1226 1421 1249 et
1441 1223 1506 1258 quid
1526 1223 1666 1258 amplius:
1689 1224 1749 1251 solo

952 1269 1044 1292 autem
1060 1266 1152 1293 animo
1167 1267 1272 1302 absque
1285 1276 1364 1301 voce,
1384 1277 1446 1296 eum
1459 1269 1560 1304 quiest.
1573 1269 1750 1298 considerare

952 1317 984 1338 ac
997 1312 1189 1346 contemplari,
1204 1313 1231 1340 id
1243 1321 1311 1341 vero
1331 1314 1531 1342 validissimum
1551 1319 1609 1347 est;
1624 1315 1697 1350 quod
1707 1315 1749 1342 ni-

952 1357 1053 1384 mirum
1077 1358 1106 1384 in
1123 1358 1241 1386 indivisa
1262 1360 1379 1392 unitate,
1403 1364 1431 1387 et
1454 1368 1508 1388 non
1532 1361 1560 1388 in
1587 1361 1681 1388 multis
1703 1361 1749 1388 ille

952 1400 1088 1428 consistit.
1105 1401 1231 1429 Pontifex
1251 1401 1381 1438 namque,
1402 1404 1449 1439 qui
1467 1404 1512 1431 vix
1526 1405 1610 1432 semel
1632 1405 1659 1431 in
1675 1412 1749 1432 anno

952 1447 1024 1474 intra
1050 1447 1142 1475 velqu
1165 1448 1192 1475 in
1214 1448 1314 1476 Sancta
1331 1454 1490 1477 sanctorum
1520 1450 1626 1485 ingredi
1649 1451 1748 1486 jubea-

953 1495 998 1519 tur
1009 1492 1042 1525 ⁸⁷,
1056 1493 1110 1520 hoc
1120 1493 1220 1526 docet;
1235 1501 1346 1529 nempe,
1369 1503 1433 1522 eum
1457 1495 1591 1523 duntaxat
1610 1496 1657 1530 qui
1677 1495 1749 1523 atria

953 1542 1105 1573 sanctaque
1129 1540 1281 1574 superavit,
1301 1544 1384 1575 atque
1410 1540 1439 1567 in
1463 1540 1563 1568 Sancta
1591 1545 1748 1568 sanctorum

953 1584 1109 1619 penetravit
1127 1584 1191 1620 (hoc
1206 1589 1259 1618 est,
1284 1585 1331 1620 qui
1352 1586 1476 1613 omnium
1494 1594 1597 1619 rerum,
1618 1591 1675 1613 tum
1687 1594 1749 1621 qua:

954 1636 1036 1656 sensu
1050 1630 1256 1664 percipiuntur,
1274 1634 1332 1657 tum
1353 1638 1414 1665 quae
1429 1635 1521 1658 mente
1543 1631 1746 1666 intelliguntur,

953 1679 1082 1702 naturam
1099 1675 1251 1703 excesserit
1272 1680 1355 1710 atque
1368 1676 1403 1703 ab
1426 1676 1500 1703 omni
1519 1684 1607 1711 purus
1620 1681 1700 1704 ortus
1716 1684 1749 1704 ac

953 1725 1059 1748 naturae
1073 1721 1243 1756 proprietate
1252 1721 1382 1757 evaserit)
1398 1721 1498 1749 investi
1512 1722 1640 1756 nudaque
1655 1727 1747 1750 mente

954 1766 1064 1793 divinas
1079 1767 1201 1794 visiones
1217 1775 1249 1794 ac
1259 1768 1507 1802 contemplationes
1522 1768 1640 1802 assequi.

991 1812 1035 1839 84.
1051 1811 1165 1847 Magnus
1186 1812 1232 1840 ille
1243 1812 1353 1845 Moses,
1369 1812 1421 1840 ﬁxo
1434 1817 1513 1840 extra
1531 1818 1621 1840 castra
1637 1821 1687 1840 suo
1705 1817 1747 1841 ta-

954 1857 1104 1885 bernaculo
1129 1858 1233 1893 (mente
1259 1858 1366 1885 scilicet
1386 1863 1468 1893 atque
1490 1858 1582 1886 animo
1603 1863 1679 1886 extra
1703 1866 1749 1886 res

954 1903 1043 1930 oculis
1062 1903 1202 1939 subjectas
1224 1903 1303 1930 ﬁrma
1322 1903 1441 1931 statione
1459 1904 1558 1940 locata)
1576 1904 1662 1931 Deum
1679 1903 1747 1931 ado-

953 1957 1016 1976 rare
1037 1950 1138 1984 cmpit;
1156 1950 1352 1985 ingressusque
1380 1951 1408 1977 in
1424 1950 1568 1986 caliginem
1588 1950 1747 1985 (obscurum

954 1995 1063 2022 scilicet
1083 1995 1259 2030 invisumque
1279 2004 1313 2023 ac
1329 1996 1451 2024 materia:
1466 2000 1608 2031 expertem
1625 1995 1748 2023 scientiae

954 2041 1058 2077 locum)
1073 2042 1258 2069 sacratissima
1274 2050 1408 2078 peragens
1428 2042 1561 2078 mysteria
1582 2041 1671 2077 iisque
1691 2041 1746 2068 ini-

956 2087 1078 2120 tiandus,
1093 2087 1151 2114 illic
1166 2091 1291 2115 moratur
1305 2087 1338 2115 ⁵⁸.

146 2154 170 2169 ⁵⁸
182 2153 269 2181 Exod.
280 2160 372 2186 χχχιιι,
386 2153 411 2180 7.
451 2152 472 2169 ⁸⁷
484 2152 569 2180 Hebr.
581 2161 617 2187 Ix,
631 2154 656 2180 7.
694 2153 716 2170 ⁸⁸
727 2153 814 2181 Exod.
827 2161 920 2187 xxxttl,
933 2155 964 2188 7;
979 2163 1024 2188 xx,
1036 2155 1081 2182 2L

149 2227 157 2235 '
171 2225 257 2260 Marg.
273 2224 318 2252 Fr.
336 2224 418 2260 Ὅρα,
436 2224 539 2260 ἡνκατὰ
547 2223 824 2260 γένεσιννῐδιότηςηή
847 2224 901 2260 τῶν

111 2258 252 2294 αἰσθητῶν
272 2260 319 2285 καὶ
335 2258 520 2294 νοητῶνἾὲστι
542 2259 639 2293 φύσις·
655 2259 737 2294 ἠτουν
761 2259 849 2286 πάντα
869 2258 905 2285 τὰ

113 2293 262 2330 μετάθεόν
271 2302 277 2309 ·
292 2294 363 2327 Vide,
377 2293 456 2321 Ortus
469 2295 630 2330 proprietas,
641 2293 740 2321 natura
754 2298 790 2321 est
803 2302 905 2326 eorum,

147 2354 194 2390 (3)7
212 2353 358 2390 Ταυτότης
376 2353 426 2380 καὶ
449 2353 584 2390 tigride-nc
605 2354 718 2390 μονοις.Δ
738 2353 826 2380 Etiam
853 2353 906 2381 hoc

111 2388 196 2416 Marci
215 2389 364 2423 νηπτικῶν,
388 2396 446 2423 cap.
470 2389 496 2415 9.
516 2389 565 2416 Est
586 2394 614 2415 et
631 2388 676 2415 hic
693 2388 794 2420 hiatus,
822 2397 904 2423 quem

112 2433 164 2452 nec
188 2423 310 2450 advertit
331 2424 428 2455 Picus;
456 2423 496 2450 sic
525 2428 627 2450 temere
654 2423 739 2457 rapit,
764 2427 905 2458 certatque

113 2459 230 2486 reddere
243 2458 378 2493 quidquid
391 2458 559 2491 occurrerit;
576 2458 618 2485 vel
640 2458 662 2486 si
678 2458 783 2484 nullttm
800 2458 906 2485 invenit

112 2501 236 2524 sensum,
258 2494 419 2528 nullumque
447 2493 505 2527 ipse
521 2493 627 2520 meliori
649 2493 806 2527 conjectura
823 2493 904 2521 resti-

113 2530 182 2561 tuit,
200 2528 249 2555 sed
274 2528 357 2555 verba
382 2528 470 2555 solum
495 2528 595 2555 fundit.
619 2528 766 2555 Altissimze
784 2529 902 2563 mystica

114 2564 258 2598 theologia:
269 2563 351 2590 Marci
362 2563 420 2590 haec
427 2563 530 2598 omnia,
543 2564 601 2598 ipsa
608 2563 784 2595 solidissima,
798 2563 902 2591 omnis-

113 2607 166 2634 que
195 2598 368 2634 labispura;
387 2597 487 2625 merito
506 2597 622 2633 proinde
643 2597 761 2625 Maximo
783 2599 841 2626 suis
860 2598 904 2626 his

113 2633 253 2669 capitibus
270 2633 381 2669 inserta.

149 2667 181 2704 (ι)
201 2669 258 2695 Τὸν
276 2667 359 2704 ἀειδῆ
383 2668 432 2704 καὶ
450 2667 546 2704 limior
560 2668 616 2703 τῆς
639 2669 776 2703 γνώσεως
799 2669 902 2704 τόπον.

115 2703 162 2731 llic
171 2702 287 2738 quoque
312 2703 392 2739 Piens
415 2703 441 2729 in
459 2703 567 2739 Marco,
590 2704 668 2739 cujus
688 2709 731 2732 est
754 2702 903 2739 νηπτικῷ,

115 2747 173 2773 cap.
184 2737 237 2769 '10,
251 2738 319 2771 ἀηδῆ
333 2737 399 2772 legit
410 2743 438 2765 et
451 2738 590 2773 decoquit,
603 2737 774 2766 iiiamwnum.
790 2738 818 2764 ld
830 2737 905 2764 enim

113 2774 205 2808 ἀηδὲς,
226 2773 349 2806 στυγνὸν,
374 2773 496 2809 λυπηρὸν
518 2773 634 2809 Hesych.
656 2775 740 2806 triste,
756 2773 904 2809 molestum.

116 2808 168 2835 sed
184 2816 240 2836 non
260 2807 406 2841 ejusmodi,
423 2807 455 2835 ex
473 2816 527 2842 quo
543 2807 615 2836 Deus
628 2809 737 2836 videtur
755 2808 783 2835 in
797 2811 904 2835 secreto

115 2842 365 2878 contemplationis,
389 2843 472 2877 inque
498 2843 569 2870 nube
601 2848 629 2870 ct
652 2844 778 2878 caligine,
802 2843 900 2870 locus:

116 2885 191 2912 nam,
203 2882 271 2906 teste
286 2877 436 2910 Bernardo,
453 2878 541 2906 Brevis
556 2879 631 2911 liora,
647 2878 709 2912 {clix
722 2879 792 2906 ineo
806 2886 880 2905 mora
893 2886 902 2904 :

956 2232 1015 2258 quae
1029 2232 1107 2252 sensu
1125 2224 1316 2258 percipiuntur,
1333 2227 1357 2249 et
1369 2231 1429 2258 qua:
1443 2227 1530 2250 mente
1542 2222 1746 2258 intelliguntur;

957 2257 1052 2286 cuncta
1067 2257 1166 2286 scilicet
1177 2266 1236 2294 qua:
1252 2267 1269 2286 a
1279 2258 1334 2286 Deo
1347 2257 1461 2286 secunda
1472 2262 1544 2285 sunt.

956 2354 1014 2387 sed,
1025 2354 1122 2386 ἀειδὲς,
1131 2353 1231 2385 eidem,
1243 2353 1354 2387 ἀφανὲς,
1363 2352 1486 2387 ἄμορφον
1495 2360 1502 2368 ν
1518 2352 1666 2384 obscurum,
1677 2352 1747 2387 quod

956 2389 1039 2416 videri
1062 2397 1115 2416 non
1137 2393 1228 2424 potest,
1253 2387 1322 2423 quod
1345 2388 1415 2414 omni
1430 2387 1516 2422 [arma
1533 2391 1623 2424 caret;
1641 2387 1746 2415 idcirco

955 2424 1029 2458 quod
1045 2422 1141 2454 ἇῡλον,
1159 2422 1320 2458 ἀσώματονο
1338 2426 1419 2458 extra
1447 2422 1585 2448 materiam
1606 2425 1631 2448 et
1652 2430 1745 2458 corpus

956 2456 1003 2485 est.
1024 2458 1071 2485 [lis
1083 2457 1156 2485 enim
1173 2457 1287 2484 excedat
1301 2457 1409 2483 animus
1424 2464 1536 2483 necesse
1549 2460 1600 2487 est,
1619 2456 1665 2491 qui
1682 2464 1744 2484 cum

957 2494 1012 2520 Deo
1026 2493 1080 2520 alta
1093 2491 1323 2526 contemplatione
1335 2491 1490 2525 amorisque
1502 2491 1747 2526 commerciocon-

957 2535 1085 2555 suescere
1097 2527 1189 2554 habet.
1202 2526 1334 2560 Quodque
1350 2526 1376 2552 in
1389 2526 1445 2553 Pici
1460 2525 1600 2559 σφάλμασι
1613 2525 1746 2559 tantisper

956 2570 1068 2594 versor,
1085 2569 1135 2590 nec
1153 2562 1218 2588 illud
1237 2568 1293 2589 non
1310 2569 1420 2595 possum
1437 2560 1590 2591 advertere,
1605 2560 1677 2593 quod
1693 2561 1746 2588 He-

956 2597 1043 2632 sychii
1060 2595 1255 2632 Antirrltetiwn
1280 2594 1353 2632 cent.
1368 2595 1398 2632 i,
1409 2603 1434 2632 c.
1450 2594 1604 2632 ‘25,_habet,
1619 2595 1689 2632 Ὦρα
1707 2595 1745 2630 μὴ

915 2636 918 2639 ”
956 2629 1052 2667 οέηθῇς
1066 2633 1137 2658 κατὰ
1153 2630 1197 2657 τὸν
1211 2631 1294 2657 πάλαι
1316 2631 1434 2666 Ἰσραὴλ,
1445 2629 1607 2667 redditque”
1621 2629 1745 2667 adserva,

958 2664 1056 2702 net/ita
1071 2667 1178 2694 ducaris
1188 2667 1308 2702 opinione
1321 2664 1497 2702 more‘papuli
1511 2664 1669 2702 {araeiitick
1684 2672 1744 2702 pro,

957 2699 1089 2742 giverﬁg,_
1098 2710 1131 2728 ne
1144 2699 1211 2742 pirro
1225 2700 1376 2742 implearis,
1393 2699 1445 2728 seu
1467 2704 1492 2727 te
1517 2700 1563 2740 illo
1585 2699 1745 2742 ingurgites.

956 2736 994 2763 De
1013 2735 1089 2764 vituli
1108 2737 1181 2764 enim
1199 2735 1302 2764 fabrica
1319 2743 1409 2763 sermo
1425 2739 1477 2767 est,
1491 2735 1535 2762 cui
1556 2735 1664 2768 praaivit
1689 2742 1745 2762 non

956 2771 1059 2805 quaevis
1073 2772 1249 2809 opinio_,_sed
1265 2771 1438 2809 temulenti-5t,
1460 2775 1490 2797 ut
1511 2769 1598 2809 liquet
1616 2776 1749 2809 οτι-διιοιο

956 2803 1042 2838 textu,
1055 2803 1143 2841 exque
1161 2807 1212 2834 PP.
1232 2806 1332 2833 Basilio
1346 2810 1374 2833 et
1394 2805 1464 2841 aliis,
1481 2803 1582 2841 quibus
1595 2803 1673 2841 nihil_
1684 2811 1745 2830 (ιι-ε-

956 2841 1033 2868 brius
1053 2838 1106 2868 hoc
1126 2846 1297 2878 argumento,
1316 2845 1346 2869 ut
1371 2841 1405 2868 ab
1429 2838 1562 2868 ebrietate
1584 2838 1748 2878 poculisque

955 2876 1123 2904 deterreant.

974 2881 1123 2908 cterreant.
