1951 3076
201 141 270 173 1119

784 137 815 167 S.
836 136 979 167 ΜΑΧΙΜῙ
1000 135 1256 166 CONFESSORIS

1770 132 1838 166 1120

237 193 282 222 85.
295 194 400 230 Caligo,
421 193 555 221 obscurus
570 195 612 220 est
629 200 678 219 seu
704 191 821 224 invisus,
839 198 994 225 expersque

1085 193 1135 217 πε¹.
1158 190 1188 216 ’0
1200 189 1297 224 γνόφος
1309 189 1392 221 ἐστὶν,
1405 190 1421 224 ἡ
1436 188 1529 223 ἁειδὴς
1543 187 1590 214 καὶ
1605 186 1686 219 ἄῦλος
1701 186 1749 213 καὶ
1765 187 1839 214 ἀσώ-

201 241 325 268 materire
340 248 371 267 ac
387 240 567 274 incorporeus
579 243 680 270 status,
693 238 878 273 exemplarem
901 244 995 264 rerum

201 286 347 314 scientiam
363 285 469 313 habens
485 293 492 312 :
508 285 534 312 in
563 292 646 320 quam
663 284 709 319 qui
729 284 870 318 ingressus
884 287 936 314 est,
950 281 994 309 vel

202 336 231 358 ιιι
247 332 318 359 alius
331 331 469 366 quispiam
486 331 584 362 Moses,
601 330 712 358 mortali
730 335 837 357 naturae
853 329 995 363 inaspecta

201 377 377 409 considerat;
401 377 454 404 hac
474 377 617 409 nimirum,
641 376 799 403 divinarum
818 375 899 411 481
922 375 950 402 in
966 382 996 402 se

199 421 335 447 virtutum
348 420 477 447 decorem
493 420 656 452 inlormans.
675 425 804 454 tanquam
820 420 921 447 tabella
932 427 995 455 gra-

200 465 282 500 pllice
297 465 369 499 picta
389 465 541 497 descendit,
557 465 692 500 principis
707 465 803 492 formae
821 465 937 500 ejusque
950 463 996 490 de-

200 511 274 539 coris
297 519 455 546 expressam
478 511 594 546 pulchre
616 511 828 539 similitudinem
850 511 993 543 referens;

201 558 261 591 ipse
277 565 306 584 se
329 557 384 584 illis
407 558 563 592 exemplum
583 557 751 592 producens,
772 557 874 592 quibus
892 561 921 584 ut
938 557 996 584 vir-

202 607 289 630 lutem
311 603 455 630 imitentur
476 603 570 630 animo
590 603 774 631 constitutum
789 608 850 636 est;
875 603 996 637 hincque

201 649 272 676 adeo
299 654 437 685 percepta:
467 650 560 685 gratia:
590 654 672 685 atque
699 650 823 677 muneris
849 650 996 685 benignam

201 695 378 730 largitionem
393 700 476 730 atque
491 696 659 723 allluentiam
675 695 834 723 ostendens.

237 742 282 769 86.
299 741 350 774 Qui
363 742 434 769 labis
449 742 522 776 puri,
535 741 662 777 religiosa
677 742 781 777 pietate
798 742 933 769 nitentem
951 749 997 769 co-

203 787 265 813 lunt
293 787 518 822 philosophiam,
547 787 699 814 maximum
727 795 760 814 ex
788 788 850 822 ejus
880 787 995 815 scientia

203 833 312 860 lucrum
335 834 555 866 nanciseuntur;
582 833 635 861 hoc.
657 841 768 868 nempe,
790 837 821 860 ut
842 841 920 860 mens
942 841 996 860 una

203 887 266 906 cum
293 880 387 913 rebus,
410 888 563 915 earumque
586 880 780 907 immutatione
801 887 857 906 non
877 880 997 914 amplius

203 929 342 959 mutetur;
360 926 407 953 sed
420 927 558 953 constanti
575 925 717 957 ﬁrmitate,
736 925 871 960 quidquid
888 925 998 953 virtutis

204 971 304 998 rationi
321 976 466 1007 congruat,
488 976 616 1007 prompto
631 972 723 999 animo
738 976 822 1006 atque
843 971 928 999 alacri
952 979 999 1007 ag-

180 1024 183 1027 '
203 1017 376 1052 grediantur.

239 1064 283 1091 87.
300 1064 352 1097 Qui
370 1072 421 1100 per
437 1063 572 1099 Spiritum
589 1063 714 1099 primain
728 1063 840 1092 Christo
857 1073 941 1093 carne
957 1065 998 1092 in-

204 1111 383 1145 corruptione
399 1111 531 1145 baptizati
551 1118 657 1143 sumus,
675 1118 832 1145 supremam
846 1111 997 1138 secundum

205 1156 295 1191 ipsum
310 1157 336 1184 in
352 1157 463 1192 spiritu,
483 1161 631 1191 augmento
652 1156 759 1184 scilicet
775 1156 911 1183 honorum
931 1164 998 1191 ope-

205 1210 277 1233 rum,
292 1202 445 1236 mortisque
462 1201 538 1228 illius
551 1209 613 1236 qua:
629 1200 714 1228 animi
729 1200 873 1235 proposito
887 1205 1000 1235 prmsta-

205 1253 261 1280 tur,
283 1248 377 1283 priore
401 1247 618 1275 incontaminata
641 1252 760 1280 servata,
782 1251 997 1282 exspectamus:

204 1301 288 1328 quam
304 1294 431 1328 quisquis
446 1293 565 1328 adeptus
583 1297 636 1326 est,
655 1300 752 1321 eorum
774 1300 836 1328 quae
850 1292 935 1320 habet
947 1292 998 1319 bo-

204 1347 305 1367 norum
317 1340 456 1376 jacturam
473 1347 530 1367 non
544 1340 633 1367 timet.

241 1428 285 1456 88.
296 1428 364 1456 Cum
376 1429 433 1456 Deo
446 1429 629 1457 constitutum
640 1433 724 1460 esset,
738 1432 768 1455 ut
780 1428 940 1456 mortalium
951 1436 999 1464 ge-

204 1474 277 1506 neri,
295 1482 350 1509 qua
369 1475 397 1502 in
411 1475 501 1510 ipsum
517 1474 709 1502 misericordia
723 1479 776 1507 est,
791 1474 891 1502 divinae
903 1483 919 1503 e
929 1475 1000 1503 caelo

205 1521 318 1548 virtutis
339 1529 441 1548 munus
457 1521 637 1554 demitteret,
658 1528 768 1548 sacrum
790 1521 941 1557 symbolice
957 1526 1000 1549 ta-
1013 1536 1037 1567 ε

205 1567 399 1600 bernaculum,
421 1567 537 1602 ejusque
560 1575 625 1595 vasa
647 1568 740 1595 omnia
765 1567 917 1596 fabricatus
937 1573 999 1601 est;

206 1613 279 1649 quod
300 1613 431 1640 nimirum
450 1621 580 1648 expressa
598 1613 740 1649 sapientiai
756 1613 846 1649 imago
860 1614 1001 1650 ﬁguraque

206 1668 239 1688 ac
251 1661 430 1688 simulacrum
440 1665 525 1689 esset.

241 1707 286 1735 89.
303 1707 372 1734 Novi
392 1707 562 1735 Testamenti
585 1706 675 1742 gratia
703 1706 818 1742 mystice
844 1707 872 1734 in
894 1707 1001 1736 Veteris

207 1752 378 1780 Testamenti
394 1753 486 1780 littera
499 1752 663 1780 abscondita
677 1756 720 1780 est
736 1760 743 1779 :
759 1752 865 1779 idcirco
874 1753 912 1780 ait
929 1753 1002 1788 Apo~

206 1799 294 1826 stolas
323 1798 411 1834 legem
437 1799 592 1834 spiritalem
614 1808 676 1828 esse
689 1800 722 1827 δ’.
747 1801 805 1829 Lex
826 1801 931 1836 itaque,
952 1803 1001 1830 lit—

207 1849 273 1872 terae
289 1845 402 1879 quidem
422 1845 528 1874 ratione
553 1847 726 1881 antiquatur,
747 1847 923 1882 senescitque
934 1856 1001 1875 eva-

207 1891 361 1925 euanda”;
378 1891 478 1926 spiritu
501 1900 567 1920 vero
579 1900 690 1928 semper
706 1892 802 1920 eﬂicax
819 1892 903 1929 viget.
924 1893 1003 1929 Ejus

208 1936 283 1964 modi
295 1936 369 1964 enim
380 1941 423 1964 est
437 1937 536 1972 gratia,
546 1941 577 1965 ut
591 1938 667 1966 nulla
678 1937 793 1966 omnino
802 1938 906 1966 sentiat
921 1942 1004 1966 vetu-

208 1982 288 2010 statis
309 1982 468 2018 dispendia.

243 2027 288 2055 90.
311 2027 369 2055 Lex
389 2027 512 2064 quidem,
531 2028 673 2064 Evangelii
694 2028 821 2056 umbram
845 2029 949 2062 habet;
973 2034 1003 2057 at

208 2072 399 2108 Evangelium,
416 2073 572 2101 futurorum
585 2074 723 2101 bonorum
740 2074 830 2108 imago
840 2077 900 2108 est;
919 2078 1003 2109 atque

210 2118 258 2146 illa
271 2119 396 2154 quidem,
417 2120 489 2147 mala
499 2120 611 2155 operari
635 2119 782 2154 prohibet;
807 2120 871 2154 hoc,
894 2119 1000 2156 agenda

209 2165 281 2193 bona
297 2166 429 2201 proponit
442 2170 525 2202 atque
537 2166 662 2194 exhibet.

244 2211 289 2239 91.
306 2212 467 2240 Universam
485 2212 658 2247 Scripturam
679 2221 795 2244 sacram,
810 2213 897 2241 instar
917 2212 1002 2248 spiri-
1018 2211 1040 2238 ι)

211 2256 276 2284 talis
294 2257 440 2292 cujusdam
465 2258 598 2290 hominis,
619 2267 703 2287 carne
730 2259 816 2286 dividi
843 2267 876 2286 ae
901 2258 1002 2294 spiritu

211 2302 340 2333 dicimus.
353 2303 422 2332 Nam
437 2306 485 2340 qui
502 2304 575 2333 dicat
590 2304 740 2340 Scriptura;
755 2310 928 2337 contextum,
943 2313 1004 2332 ver-

246 2382 269 2399 ”
279 2383 359 2412 Rom.
370 2391 415 2410 vn.
430 2383 474 2411 u.
511 2384 534 2399 '°
546 2382 630 2411 Hebr.
641 2392 698 2417 vui,
711 2385 755 2413 l3.

246 2463 255 2472 ‘
271 2461 356 2498 Marg.
371 2461 487 2498 FrLKal
495 2462 582 2489 ταῦτα
600 2462 670 2498 κατὰ
681 2462 745 2498 Ῠτῶν
764 2463 1000 2498 Χριστιανοκατη-

248 2469 255 2472 '
272 2469 329 2489 mar
349 2482 356 2489 .
372 2469 416 2489 r‘r.
432 2469 487 2488 nat
495 2470 582 2489 ταυτα
600 2469 670 2490 κατα
691 2470 745 2489 των
764 2469 1000 2498 λριστιανοκατη-

211 2497 311 2533 γόρων,
326 2469 387 2532 gem
410 2497 642 2524 Εἱκονοκαυστῶν.
674 2497 737 2525 Haec
759 2506 861 2534 quoque
877 2499 1004 2526 adversus

250 2574 288 2609 (ιι)
304 2575 373 2601 Μετ’
389 2575 557 2608 εὐσταθοῦς
567 2575 773 2609 βεϐαιότητος.
791 2575 948 2604 Obscurum
962 2576 1005 2604 vi-

213 2609 271 2636 deri
286 2613 379 2644 queat,
394 2617 450 2644 quo
460 2617 493 2637 ex
508 2610 598 2644 capite
615 2611 817 2638 existimaverit
835 2611 1006 2640 Scholiastcs

214 2644 359 2680 Dulrenii,
384 2645 442 2672 haec
468 2645 608 2672 adversari
632 2645 783 2680 imaginum
815 2647 1005 2679 eversoribus,

214 2687 277 2706 cum
292 2679 424 2706 Maximus
438 2680 507 2707 nihil
521 2680 655 2708 hactenus
674 2679 783 2708 lecutus
804 2682 841 2709 sit
860 2682 894 2709 de
912 2682 1010 2709 imaei-

214 2714 307 2741 nibus.
318 2714 359 2741 An
368 2715 432 2749 quia
443 2715 483 2742 illi
493 2715 680 2743 causabantur
689 2716 839 2745 descivisse
851 2717 884 2744 ad
898 2714 1010 2744 idolola-

214 2749 296 2776 triam
310 2749 482 2787 Christianos
495 2757 590 2787 earum
610 2751 696 2787 cultu,
710 2752 782 2786 quod
799 2752 881 2787 longe
905 2756 949 2779 est
975 2751 1010 2779 ab

215 2791 312 2824 eorum
337 2785 502 2824 constantia,
526 2785 573 2820 qui
605 2785 726 2813 divinam
752 2785 868 2824 strenue
885 2787 1009 2822 philoso-

217 2818 311 2854 phiam
335 2820 440 2852 colunt,
465 2827 517 2847 nec
536 2818 634 2848 rerum
662 2822 815 2849 mutatione
845 2818 1008 2854 mutantur;

219 2854 316 2889 quales
328 2855 480 2891 praesertim
493 2855 639 2883 eluxerunt
652 2864 701 2891 pcr
715 2857 772 2885 haec
805 2863 940 2894 tempora,
958 2857 1005 2893 qui

1048 244 1132 270 ματος
1145 236 1322 267 κατάστασις,
1338 236 1355 271 ἡ
1371 235 1422 270 τὴν
1437 233 1695 269 παραδειγματικὴν
1713 233 1769 261 τῶν
1795 233 1841 260 ὃν·

1046 289 1100 307 των
1114 280 1213 316 ἔχουσα
1228 280 1329 314 γνῶσιν
1339 288 1346 295 ·
1360 281 1388 307 ἐν
1403 277 1420 317 ᾖ
1437 281 1451 306 ὁ
1471 279 1616 314 γενόμενος
1636 279 1725 311 ἐντὸς,
1751 279 1839 306 καθά-

1047 335 1100 362 περ
1114 335 1156 358 τις
1170 326 1249 358 ἄλλος
1274 325 1404 361 Μωῦσῆς,
1431 323 1513 360 φύσει
1543 325 1628 360 θνητῇ
1654 326 1783 351 κατανοεῖ
1807 324 1841 351 τὰ

1047 373 1166 400 ἀθέατα·
1181 373 1216 399 δι’
1229 369 1263 408 ἦς
1288 372 1342 399 τῶν
1362 371 1443 399 θείων
1460 371 1566 405 ἀρετῶν
1579 371 1608 397 ὲν
1626 370 1715 406 ἐαυτῷ
1731 370 1837 406 ζωγρα-

1047 419 1139 455 φήσας
1154 419 1185 446 τὸ
1208 419 1316 452 κάλλος,
1336 418 1431 453 ὥσπερ
1451 418 1562 454 γραφὴν
1575 417 1737 452 εὐμιμήτως
1758 416 1842 452 [unus

1048 466 1112 502 Reg.
1135 465 1298 501 εὐμίμητον]
1315 465 1428 500 ἔχουσαν
1444 464 1492 491 τοῦ
1507 463 1663 500 ἀρχετύπου
1680 462 1798 494 κάλλους
1812 462 1844 488 τὸ

1047 511 1243 546 ἀπεικόνισμα,
1270 511 1393 538 κάτεισιν
1406 519 1413 526 ο
1425 510 1523 537 ὲαυτδν
1541 508 1761 544 προῦαλλὸμενος
1785 509 1844 539 τοῖς

1049 556 1222 592 βουλομένοις
1253 554 1396 591 μιμεῖσθαι
1422 555 1472 589 τὴν
1496 553 1611 590 ἁρετὴν,’
1634 553 1682 579 καὶ
1699 554 1728 579 ἐν
1752 552 1845 587 τούτῳ

1047 602 1165 634 δεικνὺς,
1182 598 1216 637 ἧς
1247 600 1404 636 μετειλήφει
1421 600 1542 636 χάριτος,
1559 599 1590 626 τὸ
1605 598 1798 634 φιλάνθρωπόν
1814 606 1844 624 τε

1048 647 1094 674 καὶ
1107 647 1232 682 ἄφθονον.

1084 735 1144 768 σις’.
1158 736 1166 745 “
1194 735 1226 762 οι
1248 735 1371 766 ἀσπίλως
1386 734 1435 770 τὴν
1463 734 1534 761 κατὰ
1554 734 1622 761 Θεὸν
1643 734 1843 770 μετερχόμενοι

1048 781 1218 816 φιλοσοφίαν,
1237 780 1365 816 μέγιστον
1377 780 1410 806 ὲκ
1428 780 1479 814 τῆς
1509 780 1571 807 κατ’
1586 780 1671 815 αὐτὴν
1684 780 1844 815 ἐπιστήμης

1049 826 1144 860 κέρδος
1169 827 1347 862 εὑρίσκουσι·
1377 825 1418 857 τὸ,
1445 825 1543 861 μηκέτι
1568 825 1619 860 τὴν
1652 824 1767 860 γνώμην
1786 826 1843 856 τοῖς

1049 873 1193 908 πράγμασι
1217 871 1509 907 συμμεταϐάλλεσθαι·
1534 871 1602 898 ἀλλὰ
1623 871 1682 906 μετ’
1694 871 1844 902 εὐσταθοῦς

1050 918 1222 954 βεϐαιότητος
1232 921 1311 954 [unus
1322 917 1386 952 Reg.
1396 916 1597 953 γενναιότητος]
1611 917 1649 953 (u)
1664 917 1746 944 πᾶσιν
1757 917 1844 952 ἐγχει-

1051 967 1108 1001 ρεῖν
1131 963 1279 1001 προθύμως
1295 965 1351 995 τοῖς
1375 963 1526 999 ἀρμόζουσι
1552 963 1591 998 τῷ
1616 963 1688 998 λόγῳ
1709 963 1759 995 τῆς
1778 963 1847 999 ἀρεο

1049 1019 1110 1042 της.

1063 1019 1139 1088 ἠξέξν.
1168 1055 1224 1090 Τὴν
1251 1055 1323 1081 κατά
1348 1054 1438 1090 σάρκα
1465 1053 1577 1089 πρώτην
1605 1053 1634 1080 ὲν
1661 1053 1773 1090 Χριστῷ
1800 1054 1846 1081 διὰ

1050 1103 1210 1138 Πνεύματος
1236 1101 1431 1137 βαπτισθέντες
1459 1100 1515 1136 [ton
1541 1100 1699 1136 κτηθέντες,
1728 1101 1846 1135 primani

1050 1150 1122 1177 nacti
1146 1147 1381 1184 incorruptionem]
1399 1147 1565 1183 ἀφθαρσίαν,
1588 1147 1637 1183 τὴν
1653 1147 1773 1182 ἐσχάτην
1782 1147 1846 1174 κατ’

1049 1197 1130 1225 αὑτὸν
1150 1198 1179 1223 ὲν
1197 1195 1356 1232 Πνεύματι·
1385 1194 1419 1221 δι’
1439 1195 1587 1226 ἐπιδόσεως
1616 1194 1705 1229 ἔργων
1732 1193 1847 1228 ἀγαθῶν

1050 1243 1183 1279 δηλονότι,
1196 1242 1304 1269 καὶτοῦ
1324 1241 1395 1268 κατὰ
1413 1241 1543 1277 πρόθεσιν
1559 1241 1686 1274 θανάτου,
1704 1241 1754 1277 τὴν
1777 1249 1847 1275 προ-

1050 1291 1132 1325 τέραν
1154 1289 1322 1324 φυλάξαντες
1357 1288 1534 1321 ὰκηλίδωτον,
1565 1287 1751 1323 ὲκδεχόμεθα·
1781 1288 1846 1314 καθ’

1049 1337 1083 1372 ἦν
1098 1336 1151 1362 τῶν
1169 1335 1295 1370 ἐχόντων,
1318 1333 1406 1366 οὐδεὶς
1431 1333 1568 1369 ἀποϐολὴν
1586 1333 1689 1360 δέδοικε
1705 1333 1759 1360 τῶν
1774 1341 1846 1368 κτη-

1051 1382 1150 1409 θέντων
1168 1381 1290 1416 ἀγαθῶν.

1088 1431 1142 1463 πη¹.
1156 1428 1217 1460 Τοῖς
1234 1428 1281 1454 ὲπὶ
1299 1428 1362 1463 γῆς,
1378 1426 1429 1461 τῆς
1453 1425 1528 1456 θείας
1542 1425 1643 1461 ἀρετῆς
1667 1425 1713 1451 ἀπ’
1727 1423 1846 1459 οὐρανοῦ

1050 1474 1084 1500 δι’
1097 1474 1171 1501 ἔλεον
1183 1473 1230 1500 τὸν
1241 1473 1309 1510 πρὸς
1319 1474 1392 1510 ἡμᾶς
1404 1473 1453 1508 τὴν
1468 1472 1549 1508 χάριν
1556 1471 1735 1507 καταπέμψαι
1744 1471 1846 1506 βουλη-

1052 1519 1108 1552 θεὶς
1132 1521 1147 1547 ὁ
1172 1520 1248 1553 Θεὸς,
1283 1520 1455 1556 συμϐολικῶς
1471 1519 1521 1555 τὴν
1538 1518 1614 1554 ἱερὰν
1631 1517 1734 1553 σκηνὴν
1749 1518 1797 1544 καὶ
1811 1517 1847 1544 τὰ

1052 1567 1081 1593 ἐν
1096 1566 1164 1602 αὐτῇ
1183 1566 1272 1594 πάντα
1285 1566 1489 1594 κατεσκεύασε·
1507 1565 1604 1600 σοφίας
1624 1561 1707 1591 οὖσαν
1730 1562 1847 1590 ἀπεικό-

1051 1621 1135 1647 νισμα
1147 1613 1193 1639 καὶ
1202 1613 1289 1639 τύπον
1301 1612 1349 1639 καὶ
1361 1611 1487 1648 μίμημα.

1087 1704 1142 1730 πθ’.
1163 1703 1194 1730 Ἦ
1208 1702 1288 1739 χάρις
1304 1703 1353 1737 τῆς
1372 1702 1446 1733 Νέας
1460 1701 1610 1737 Διαθήκης,
1638 1699 1778 1735 μυστικῶς
1803 1699 1845 1734 τῷ

1051 1751 1100 1786 τῆς
1128 1749 1251 1781 Παλαιᾶς
1288 1749 1442 1784 κέκρυπται
1476 1748 1636 1783 γράμματι·
1664 1747 1705 1774 διό
1731 1754 1814 1781 φησιν
1833 1747 1848 1772 ὁ

1057 1796 1228 1827 Ἀπόστολος,
1243 1797 1282 1823 ὅτι
1309 1796 1323 1822 ό
1336 1795 1419 1830 νόμος
1435 1794 1628 1830 πνευματικῶς
1642 1795 1727 1821 ἐστιν.
1756 1793 1786 1819 ὐ
1799 1791 1848 1819 οὖν

1051 1843 1143 1878 νόμος,
1157 1842 1197 1878 τῷ
1215 1842 1266 1878 μὲν
1284 1841 1441 1877 γράμματι,
1459 1841 1623 1868 παλαιοῦται
1638 1840 1685 1867 καὶ
1708 1838 1848 1875 γηράσκει

1052 1887 1275 1924 καταργούμενος
1301 1896 1308 1904 ·
1344 1887 1383 1922 τῷ
1416 1887 1444 1914 δὲ
1468 1887 1617 1922 πνεύματι,
1656 1884 1748 1917 νεάζει
1789 1885 1849 1912 διας

1052 1934 1154 1966 παντὸς
1179 1934 1388 1970 ὲνεργούμενος.
1407 1935 1439 1962 Ἦ
1451 1934 1506 1971 γὰρ
1520 1934 1602 1970 χάρις
1614 1932 1754 1965 παντελῶς
1774 1933 1850 1960 ἀπα-

1052 1981 1176 2013 λαίωτος.

1089 2030 1125 2061 ιη’.
1145 2027 1176 2054 '0
1204 2027 1254 2062 μὲν
1273 2027 1366 2063 νόμος,
1378 2028 1458 2055 σκιὰν
1472 2027 1529 2064 ἔχει
1545 2027 1594 2055 τοῦ
1614 2026 1785 2062 Εὑαγγελῐου
1795 2035 1802 2043 ·
1818 2027 1850 2054 τ’)

1050 2073 1081 2100 δὲ
1096 2072 1275 2107 Εὑαγγέλιον,
1289 2072 1372 2100 εἰκών
1390 2074 1448 2100 ἐστι
1467 2074 1521 2100 τῶν
1546 2073 1698 2109 μελλόντων
1722 2072 1848 2108 ἀγαθῶν,

1057 2120 1088 2145 Ὀ
1104 2118 1154 2153 μὲν
1181 2119 1236 2154 γὰρ
1265 2119 1365 2146 κωλύει
1392 2119 1443 2151 τὰς
1475 2119 1529 2146 τῶν
1554 2119 1649 2146 κακῶν
1679 2119 1849 2156 ὲνεργείαςι

1054 2165 1084 2192 τὺ
1097 2165 1135 2196 δὲ,
1146 2163 1196 2196 τὰς
1210 2165 1325 2200 πράξεις
1347 2165 1401 2192 τῶν
1420 2165 1531 2200 ἀγαθῶν
1549 2166 1738 2201 παρατίθεται.

1090 2211 1146 2245 ια’.
1171 2211 1324 2247 Τὴν-ἁγίαν
1341 2212 1407 2248 ὅλην
1432 2211 1555 2247 Γραφὴν,
1583 2213 1666 2247 σαρκὶ
1684 2213 1850 2248 διαιρεῖσθαι

1056 2258 1173 2293 λέγομεν
1188 2258 1233 2284 καὶ
1250 2257 1385 2293 πνεύματι
1398 2266 1406 2274 '
1438 2257 1564 2293 καθάπερ
1586 2257 1647 2284 τινὰ
1663 2259 1850 2293 πνευματικὸν

1057 2304 1199 2340 ἄνθρωπον
1213 2301 1306 2332 οὖσαν.
1325 2304 1354 2331 '0
1370 2303 1426 2339 γὰρ
1437 2303 1468 2330 τὸ
1480 2303 1562 2340 ῥητὸν
1579 2303 1627 2338 τῆς
1640 2303 1751 2340 Γραφῆς
1763 2304 1852 2331 εἰπὼν

1053 2461 1269 2500 Christianorum
1285 2464 1493 2500 eimperatores,
1511 2472 1556 2492 eos
1577 2463 1675 2491 scilicet
1691 2465 1736 2500 qui
1757 2473 1854 2493 sacras

1056 2499 1185 2535 imagines
1199 2499 1256 2534 igni
1272 2499 1423 2526 absumunt.

1059 2576 1196 2605 sanctiore
1213 2576 1341 2604 instituto
1360 2583 1410 2610 per
1429 2575 1571 2604 Orientem
1601 2576 1741 2604 vixerunt.
1770 2577 1852 2610 Quod

1059 2611 1095 2639 de
1107 2611 1286 2639 tabernaculo
1299 2611 1383 2647 refert
1408 2611 1553 2647 Maximus
1569 2611 1596 2638 in
1610 2619 1668 2646 seq.
1693 2612 1742 2639 Dei
1772 2613 1853 2647 jussu

1061 2647 1202 2682 conditum
1212 2654 1272 2674 esse
1279 2650 1310 2674 ut
1323 2646 1418 2681 sapien
1423 2646 1467 2673 tia;
1474 2646 1855 2682 simillacrumﬁmtxdwoyz

1058 2683 1106 2708 καὶ
1117 2681 1202 2718 τύπον
1218 2682 1266 2708 καὶ
1280 2681 1407 2718 μίμημα.
1422 2689 1486 2718 eum
1500 2681 1694 2718 illisomnibus
1703 2689 1764 2716 qua:
1779 2681 1854 2710 ineo

1059 2716 1285 2749 continebantur,
1296 2716 1410 2752 propius
1426 2717 1460 2744 ad
1480 2717 1613 2752 imagines
1624 2721 1851 2752 speetat,earum-

1057 2758 1113 2786 que
1127 2752 1232 2779 cultum
1248 2760 1255 2785 ;
1274 2751 1337 2779 nam
1361 2756 1390 2778 et
1416 2751 1623 2779 tabernaculum
1642 2751 1853 2780 venerationem

1060 2787 1189 2819 habebat,
1211 2792 1243 2814 ut
1260 2787 1326 2822 quid
1341 2786 1447 2822 scilicet
1462 2787 1509 2814 Dei
1527 2791 1609 2821 atque
1622 2786 1746 2814 divinum
1763 2795 1857 2822 σχετι-

1060 2822 1126 2884 κᾶἲς,
1145 2822 1193 2857 qui
1210 2821 1283 2850 unus
1295 2821 1434 2858 legitimus
1445 2826 1488 2849 est
1514 2822 1678 2850 Christianis
1701 2821 1853 2858 imaginum

1060 2866 1093 2884 eu
1109 2862 1162 2884 tus.

1060 2862 1162 2885 cultus.
