1951 3076
109 155 177 186 1121

528 154 695 186 CAPITUM
714 154 851 184 ’ῙἮΕΟΙΑΔ
870 154 917 183 ΕΤ
938 154 1055 184 (ΕΕΟΝ.
1076 154 1270 184 CENTURIA
1291 155 1317 185 Ι.

1678 155 1746 188 11°22

106 207 179 235 εἶναι
193 208 283 244 σάρκα
297 217 306 224 ·
326 209 372 236 τὸν
387 208 416 236 δὲ
442 208 543 244 ταύτης
567 208 640 240 νοῠν,
669 208 788 243 πνεῦμα,
818 208 903 242 ἤγουν

955 209 1045 244 baquc
1072 210 1130 244 ipsa
1156 217 1266 237 carnem
1293 217 1372 244 esse;
1398 210 1570 238 intellectum
1597 215 1690 238 autem
1715 220 1747 240 ac

106 253 209 289 ψυχὴν,
239 254 289 289 τῆς
309 254 439 290 ἀληθείας
466 251 512 280 οὖν
540 254 742 289 ἁμαρτήσεται.
764 253 849 288 Σοφὸς
872 252 900 279 δὲ

107 299 263 334 προδήλως,
274 301 288 326 ό
303 300 334 326 τὸ
361 300 410 336 μὲν
436 299 616 335 φθειρόμενον
633 300 713 334 ἀφείς
723 308 730 314 ⁸
744 300 804 331 ὅλος
822 298 900 335 [unus

110 343 175 380 Reg.
192 345 273 381 ὅλως]
288 346 317 373 δὲ
330 346 379 372 τοῦ
388 345 529 381 ἀφθάρτου
547 345 704 381 γενόμενος.

146 434 200 469 ιιβι.
222 435 252 461 '0
267 435 316 469 μὲν
341 434 435 470 νόμος,
449 434 519 470 σάρξ
533 435 591 461 ἐστι
605 434 652 461 τοῦ
668 433 739 461 κατὰ
761 433 809 469 τὴν
821 433 902 468 ἀγίαν

108 481 224 516 Γραφὴν
252 481 440 516 πνευματικοῦ
463 480 628 516 ἀνθρώπου·
653 480 780 516 αἴσθησις
803 480 842 512 δὲ,
876 480 901 506 ot

108 527 252 562 προφῆται
265 537 271 542 ·
284 527 315 553 τὸ
327 527 356 554 δὲ
372 527 546 561 Εὐαγγέλιον,
566 527 640 563 ψυχὴ
655 527 749 562 νοερὰ·
764 526 808 553 διὰ
837 534 903 561 σαρ-

109 573 157 604 ab;
169 573 217 600 τοῦ
242 573 338 609 νόμου,
362 574 409 600 καὶ
441 574 475 600 δι’
499 573 654 609 αἰσθήσεως
681 573 737 600 τῶν
754 572 902 608 προφητῶν

109 619 261 655 ὲνεργοῦσα
273 627 280 635 ί
299 621 345 647 καὶ
355 619 405 656 τὴν
418 620 520 655 ἑαυτῆς
541 619 654 656 δύναμιν
670 621 731 651 ταῖς
749 618 901 654 ἐνεργείαις

107 667 121 692 ὲ
126 666 289 701 μφαίνουσα.

147 713 201 745 ια’.
215 712 300 738 Σκιὰν
313 712 362 747 μὲν
377 709 450 747 εἶχεν
466 712 579 746 ὑνόμος,
592 711 683 737 εἰκόνα
698 710 726 736 δὲ
743 710 769 736 οἱ
794 709 898 744 προξρῆ-

108 766 155 784 ται
176 757 232 784 τῶν
249 758 279 784 ἐν
293 757 333 793 τῷ
358 757 518 792 Εὐαγγελίῳ
536 757 615 783 θείων
641 757 688 783 καὶ
707 755 903 790 πνευματικῶν

109 802 232 836 ἀγαθῶν.
252 802 324 828 Αὐτὸ
338 802 366 829 δὲ
391 802 422 829 τὺ
448 802 623 836 Εὑαγγέλιον,
651 801 737 835 αὐτὴν
763 801 904 837 παροῦσαν

109 848 178 883 ἡμῖν
193 848 237 875 διὰ
254 848 309 875 τῶν
331 849 504 884 γραμμάτων
518 847 602 880 ἔδειξε
617 847 667 883 τὴν
688 847 832 882 ἀλήθειαν·
853 847 903 882 τὴν

952 263 1076 287 sensum,
1095 256 1226 290 spiritum
1244 256 1436 291 appellaverit,
1461 256 1485 284 is
1505 264 1520 283 a
1541 258 1659 284 veritate
1676 257 1746 285 nihil

952 301 1135 328 aberraverit.
1153 301 1302 336 Perspicuc
1323 306 1415 328 autem
1430 301 1475 328 ille
1495 301 1576 336 sapit,
1595 302 1642 336 qui
1661 302 1750 331 misso,

951 355 986 375 eo
1002 347 1075 382 quod
1088 347 1276 382 corrumpitur
1287 352 1371 382 atque
1390 347 1495 379 interit,
1511 352 1586 374 totus
1599 348 1637 374 illi
1651 348 1746 375 adha-

954 396 1007 423 ret,
1022 391 1096 426 quod
1112 391 1180 418 nulli
1196 391 1368 426 corruptioni
1381 391 1530 418 obnoxium
1545 396 1598 418 est.

987 437 1031 465 92.
1050 437 1116 470 Lex,
1131 445 1196 464 caro
1208 441 1260 469 est,
1276 438 1337 472 ejus
1353 437 1486 472 spiritalis
1504 438 1635 469 hominis,
1654 438 1701 472 qui
1719 438 1746 465 in

953 484 1097 519 Scriptura
1116 484 1329 515 consideratur;
1348 483 1501 518 prophetat,
1523 491 1635 516 sensus;
1656 484 1745 510 Evan-

953 531 1066 566 gelium,
1083 531 1174 557 anima
1195 530 1368 565 intelligens;
1384 530 1466 565 482
1481 537 1542 564 qua:
1554 530 1684 557 videlicet
1696 538 1746 564 per

957 585 1070 604 carnem
1084 577 1194 611 (nempe
1204 576 1316 611 legem),
1330 581 1357 603 et
1368 585 1416 611 per
1433 584 1544 603 sensum
1558 576 1595 612 (id
1611 580 1663 607 est,
1678 584 1746 610 pro-

954 623 1063 659 phetas)
1079 627 1221 658 operetur,
1241 630 1374 658 suamque
1391 623 1449 658 ipsa
1461 623 1516 650 vim
1532 622 1642 649 actibus
1655 622 1745 648 mani-

953 669 1045 696 festet.

987 711 1031 739 95.
1051 711 1116 743 Lex,
1140 711 1268 738 umbraut
1283 711 1459 739 solummodo
1475 711 1590 744 habuit;
1605 712 1748 747 propheta:

954 765 1032 789 vero,
1049 757 1210 784 divinorum
1233 764 1266 784 ac
1285 757 1450 792 spiritalium
1472 757 1619 789 bonorum,
1639 765 1700 791 quae
1717 758 1745 785 in

954 803 1106 838 Etiangelio
1127 803 1317 835 continentur,
1334 803 1492 838 imaginem.
1515 799 1607 837 Ipsum
1626 803 1747 838 denique

955 849 1147 884 Evangelium,
1167 849 1254 884 ipsam
1267 849 1348 875 nobis
1366 849 1452 876 rebus
1466 853 1630 883 praesentem
1644 850 1746 876 verita-

109 895 149 929 τῷ
173 894 250 930 νόμῳ
291 895 534 930 προσκιασθεῖσαν,
573 895 621 921 καὶ
655 896 711 926 τοῖς
747 894 902 929 προφήταις

955 898 1009 921 tem
1023 894 1160 926 exhibuit,
1172 901 1254 929 quam
1270 893 1315 921 lex
1330 893 1519 928 przeeuntibus
1535 894 1631 928 ﬁguris
1643 894 1745 922 obscu—

109 939 373 974 προεικονισθεῖσαν.

146 1030 196 1063 ιδ’.
221 1030 250 1057 ὐ
265 1029 310 1057 τθιν
326 1030 406 1066 νόμον
414 1031 459 1058 διὰ
473 1031 530 1066 βίου
552 1031 599 1058 καὶ
611 1031 750 1063 πολιτείας
758 1031 900 1063 ἐπιτελῶν,

111 1077 202 1111 μόνων
215 1076 269 1103 τῶν
282 1076 332 1112 τῆς
351 1077 453 1109 κακίας
479 1077 562 1114 ἀργεῖ
585 1078 827 1114 συμπερασμάτων
854 1077 902 1113 (ιι),

109 1121 258 1148 καταθύων
279 1121 319 1156 τῷ
335 1121 395 1157 Θεῷ
423 1122 478 1149 τῶν
503 1122 609 1157 ἀλόγων
641 1123 736 1150 παθῶν
751 1123 800 1158 τὴν
826 1122 901 1158 ἐνέρ-

107 1176 198 1202 γειαν·
213 1168 261 1194 καὶ
270 1168 359 1203 τούτῳ
369 1168 437 1204 πρὸς
450 1169 587 1205 σωτηρίαν
598 1169 726 1205 ἀρκεῖται
742 1169 782 1204 τῷ
794 1168 899 1204 τρόπῳ,

107 1213 154 1242 διὰ
169 1214 219 1250 τὴν
229 1215 258 1241 ἐν
274 1214 348 1250 αὐτῷ
364 1215 554 1251 πνευματικὴν
572 1215 735 1251 νηπιότητα.

145 1301 197 1336 ιβ’.
218 1301 248 1328 '0
266 1301 305 1336 τῷ
331 1300 496 1337 προφητικῷ
521 1301 593 1336 λόγῳ
630 1301 899 1337 παιδαγωγούμενος,

108 1347 180 1383 πρὸς
189 1348 223 1382 τῇ
240 1346 361 1382 ἀποϐολῇ
373 1347 422 1382 τῆς
438 1347 493 1374 τῶν
510 1347 605 1374 παθῶν
624 1348 777 1383 ἐνεργείας,
791 1349 838 1374 κάι
852 1349 901 1380 τὰς

109 1392 182 1419 κατὰ
199 1392 289 1427 ψυχὴν
308 1392 508 1427 συνισταμένας
536 1392 626 1419 αὐτῶν
648 1393 784 1420 ἐκτίθεται
798 1402 900 1428 συγκα-

110 1438 238 1469 ταθέσεις
249 1447 257 1453 ·
284 1438 328 1465 ἵνα
353 1439 390 1473 μὴ
407 1438 446 1473 τῷ
473 1438 592 1474 χείρονι,
616 1440 689 1473 φημὶ
705 1438 737 1473 δὴ
753 1440 786 1474 τῇ
805 1439 899 1474 σαρκὶ,

109 1484 196 1511 δοκῶν
225 1484 324 1517 κακίας
337 1484 505 1520 ἀπέχεσθαι·
522 1484 561 1520 τῷ
581 1485 726 1520 κρείττονι,
742 1485 814 1519 λέγω
826 1485 855 1511 δὲ.
866 1486 899 1520 τῇ

108 1529 195 1566 ψυχῇ,
210 1530 280 1566 λάθῃ
292 1530 394 1566 ταύτην
406 1530 528 1565 δαψιλῶς
542 1530 749 1566 ἐνεργούμενος.

145 1632 204 1663 ῑιςκ
223 1628 252 1656 '0
265 1630 315 1664 τὴν
336 1629 518 1664 εὐαγγελικὴν
539 1629 612 1664 ζωὴν
632 1629 752 1664 γνησίως
777 1628 900 1661 ἀσπαζό-

110 1683 203 1710 μενος,
220 1675 268 1702 καλ⁸
291 1675 380 1710 ἀρχὴν
399 1675 447 1701 καί⁹
462 1675 538 1706 τέλος
556 1675 652 1701 ἑαυτοῦ
673 1675 721 1709 τῆς
735 1675 834 1706 κακίας
855 1675 899 1707 ἐξ-

108 1721 208 1755 έτεμε·
227 1719 273 1746 καὶ
288 1720 378 1747 πᾶσαν
397 1720 499 1754 ἀρετὴν
513 1719 585 1754 ἔργῳ
599 1727 628 1745 τε
646 1719 693 1746 καὶ
714 1719 785 1754 λόγῳ
802 1719 899 1754 μετέρ-

108 1772 187 1798 χεται
197 1771 204 1778 ”
219 1763 291 1790 θύων
302 1763 396 1795 θυσίας
408 1763 534 1796 αίνέσεως
548 1764 595 1790 καὶ
605 1763 835 1799 ἐξομολογήσεως,
847 1764 899 1791 πά-

110 1818 162 1845 σης
177 1810 230 1844 τῆς
250 1809 310 1836 κατ’
330 1810 470 1845 ἐνέργειαν
496 1809 550 1836 τῶν
569 1809 664 1836 παθῶν
689 1809 899 1845 ἀπηλλαγμένος

107 1854 258 1891 ὀχλήσεως,
271 1856 318 1882 καὶ
331 1856 381 1891 τῆς
392 1855 463 1882 κατά
476 1854 538 1882 νοῦν
545 1855 615 1891 πρὸς
628 1855 697 1882 αὐτά
708 1855 795 1890 μάχης
810 1856 898 1890 ὺπέρ-

108 1910 164 1936 χων
187 1900 348 1937 ἐλεύθερος·
377 1901 426 1928 καὶ
453 1901 538 1936 μόνην
567 1900 638 1936 ἔχων
662 1901 711 1936 τὴν
734 1901 779 1927 ἐπ’
812 1900 899 1928 ἐλπίδι

106 1946 162 1973 τῶν
183 1946 338 1981 μελλόντων
364 1947 476 1981 ἀγαθῶν
501 1946 551 1983 τὴν
577 1947 668 1984 ψυχὴν
689 1947 898 1983 διατρέφουσαν,

106 1992 258 2028 ἀκόρεστον
276 1993 384 2029 ἡδονήν.

145 2089 198 2122 ιζ’.
213 2089 275 2121 Τοῖς
290 2090 512 2126 σπουδαιοτέροις
529 2089 585 2117 τῶν
604 2089 684 2118 θείων
698 2090 814 2126 Γραφῶν
837 2091 899 2117 ἑπι-

109 2134 251 2171 μιληταίς,
284 2135 332 2162 δύο
361 2135 431 2170 ἔχων
452 2135 630 2170 ἀναφαίνεται
666 2136 773 2171 μορφὰς
790 2137 804 2162 ὁ
828 2135 898 2163 κατά

109 2180 212 2214 Κύριον
227 2180 330 2214 Λόγος·
358 2181 408 2216 τὴν
426 2181 476 2216 μὲν
500 2180 594 2216 κοινὴν
619 2181 664 2208 καὶ
688 2181 898 2216 δημωδεστέραν

953 938 1013 966 rius
1022 938 1246 972 adumbraverit;
1261 939 1403 974 prophetae
1413 946 1480 966 vero
1491 939 1567 966 velut
1581 939 1663 967 ducta
1676 940 1747 966 ima-

952 983 1015 1019 gine
1031 984 1198 1012 clarioribus
1217 985 1302 1012 lineis
1316 985 1451 1019 tantisper
1472 985 1745 1019 reprtesentaverint.

988 1030 1032 1057 94.
1041 1030 1093 1063 Qui
1109 1031 1165 1058 vita
1180 1038 1212 1059 ac
1225 1031 1434 1058 conversatione
1447 1031 1535 1066 legem
1547 1030 1720 1066 exsequitur,
1729 1038 1745 1058 a

952 1077 1019 1104 solis
1031 1081 1110 1104 vacat
1130 1077 1194 1104 mali
1210 1077 1327 1112 vitiique
1343 1078 1571 1105 conclusionibus
1589 1077 1628 1113 (id
1645 1081 1688 1105 est
1698 1085 1746 1105 ex—

951 1122 1058 1158 tremis)
1069 1123 1216 1150 immolans
1224 1123 1291 1156 Deo,
1299 1123 1373 1158 quod
1385 1123 1587 1150 irrationalium
1596 1123 1744 1151 aﬂectuum

952 1176 985 1195 ac
999 1168 1146 1195 libidinum
1163 1172 1243 1200 nutu,
1256 1173 1318 1196 actu
1330 1169 1446 1204 geritur.
1463 1169 1578 1203 Hocque
1596 1169 1636 1196 illi
1649 1169 1743 1201 modo,

951 1214 988 1242 ob
1012 1215 1165 1250 spiritalem
1190 1215 1219 1242 in
1240 1222 1275 1242 eo
1300 1214 1458 1248 infantiam,
1477 1215 1511 1242 ad
1535 1216 1655 1243 salutem
1677 1215 1746 1242 satis

951 1260 1118 1288 consulitur.
1284 1284 1287 1289 ,

986 1307 1030 1334 95.
1047 1306 1099 1340 Qui
1114 1307 1281 1342 prophetico
1293 1314 1421 1334 sermone
1434 1307 1572 1338 eruditur,
1588 1307 1691 1334 nedum
1705 1307 1746 1335 af—

951 1353 1075 1381 fectuum
1098 1353 1286 1388 vitiorumque
1309 1357 1401 1380 actum
1422 1353 1518 1388 abjicit
1532 1361 1582 1380 seu
1603 1353 1743 1386 effectum,

951 1408 1047 1428 verum
1071 1400 1155 1427 etiam
1174 1399 1221 1434 qui
1242 1399 1337 1426 animo
1357 1399 1524 1431 conﬂantur,
1546 1407 1644 1426 eorum
1667 1399 1746 1434 ponit

952 1453 1114 1478 consensus,
1127 1453 1162 1472 ne
1178 1445 1244 1472 dum
1259 1445 1390 1472 deteriori
1420 1449 1497 1479 parte
1514 1444 1607 1480 (carne
1626 1444 1745 1479 scilicet)

952 1499 968 1518 a
979 1491 1052 1518 malo
1065 1498 1097 1517 ac
1104 1490 1240 1524 pravitate
1252 1490 1392 1517 abstinere
1404 1490 1526 1521 videtur,
1547 1497 1590 1521 ea,
1603 1497 1665 1524 quae
1676 1497 1747 1524 pra:-

952 1537 1069 1565 stantior
1082 1541 1125 1564 est
1139 1536 1249 1571 (nempe
1273 1535 1388 1571 animo),
1402 1535 1470 1563 illud
1490 1535 1653 1570 imprudens
1670 1535 1746 1571 large

951 1587 1093 1619 operetur.

986 1630 1030 1658 96.
1054 1629 1106 1662 Qui
1128 1637 1193 1656 vere
1208 1637 1241 1656 ex
1258 1628 1350 1656 animo
1368 1628 1555 1663 evangelicam
1576 1628 1661 1656 vitam
1685 1637 1745 1656 am-

951 1675 1091 1709 plectitur,
1111 1681 1126 1701 a
1145 1681 1175 1701 se
1198 1673 1262 1700 mali
1285 1677 1367 1708 atque
1385 1673 1445 1700 vitii
1463 1681 1525 1700 cum
1549 1673 1670 1704 initium.
1685 1678 1743 1701 tum

951 1720 1033 1748 tinem
1056 1720 1219 1754 amputavit,
1243 1726 1410 1754 omnemque
1432 1723 1460 1746 et
1479 1727 1564 1753 opere
1585 1724 1614 1747 et
1636 1720 1744 1748 ratione

950 1775 998 1794 seu
1012 1774 1140 1794 sermone
1160 1766 1292 1793 virtutem
1307 1765 1374 1792 colit
1385 1785 1392 1797 ,
1406 1773 1507 1800 nempe
1526 1765 1670 1792 immolans
1686 1765 1745 1793 Deo

950 1813 1055 1840 hostias
1070 1812 1160 1839 laudis
1174 1817 1203 1839 et
1215 1811 1409 1843 confessionis.
1430 1811 1476 1846 qui
1499 1811 1573 1838 omni
1593 1811 1742 1838 atl‘ectuum

950 1867 982 1886 ac
995 1858 1142 1886 libidinum
1159 1858 1188 1884 in
1207 1861 1271 1884 actu
1283 1862 1366 1892 atque
1386 1864 1470 1891 opere
1491 1856 1598 1883 solutus
1615 1855 1741 1884 molestia

949 1906 996 1938 sit,
1020 1909 1103 1940 atque
1126 1912 1140 1932 a
1163 1911 1254 1939 pugna
1275 1911 1337 1938 qua:
1356 1910 1418 1930 cum
1442 1902 1497 1929 illis
1517 1902 1610 1929 animo
1625 1902 1741 1937 geritur,

949 1951 1021 1978 liber
1044 1960 1050 1977 :
1077 1950 1181 1985 quique
1203 1951 1261 1977 sola
1279 1950 1390 1977 demum
1419 1948 1568 1975 insatiabili
1588 1948 1739 1982 voluptate,

949 1998 1107 2024 futurorum
1135 1996 1270 2023 bonorum
1294 2002 1343 2029 spe
1363 1997 1492 2028 pascente
1516 2001 1549 2020 ac
1573 1992 1739 2025 delectante,

949 2043 1082 2079 praeditus
1093 2042 1139 2069 sit.

984 2088 1030 2116 97.
1055 2087 1164 2114 Divinis
1178 2085 1332 2121 Scripturis
1344 2084 1507 2120 impensiori
1525 2083 1668 2119 diligentia
1688 2091 1740 2110 na—

948 2135 1080 2162 vantibus
1108 2141 1232 2168 operam,
1264 2132 1368 2167 duplici
1400 2131 1479 2167 quasi
1510 2131 1599 2158 forma
1630 2129 1740 2157 Domini

950 2179 1047 2207 Sermo
1061 2182 1175 2215 apparet
1199 2186 1247 2206 seu
1268 2177 1458 2213 conspicitur;
1478 2177 1564 2203 altera
1588 2175 1739 2207 communi,

106 2225 155 2251 καὶ
175 2225 226 2250 οὐκ
239 2225 341 2258 ὀλίγοις
357 2224 472 2260 θεατὴν,
494 2225 555 2252 καθ’
572 2225 606 2261 ἢν
620 2225 730 2260 λέγεται
748 2226 795 2258 τὸ,
813 2226 897 2253 Εἶδο-

955 2226 1092 2261 magisquc
1111 2233 1145 2252 ex
1169 2232 1220 2252 usu
1237 2223 1312 2258 vulgi
1335 2229 1387 2250 nec
1406 2221 1501 2257 paucis
1522 2220 1694 2256 aspectabili,
1707 2227 1742 2246 ex

105 2277 164 2303 μεν
183 2269 288 2302 αὑτὸν,
306 2270 356 2296 καὶ
380 2271 436 2297 οὐκ
462 2268 545 2304 εῖχεν
569 2271 650 2304 εἶδος
670 2271 742 2299 οὐδὲ
766 2271 896 2305 κάλλος·

105 2314 157 2350 τὴν
180 2315 209 2341 δὲ
226 2316 418 2351 κρυφιωτέραν
445 2317 492 2343 καὶ
515 2317 615 2351 ὀλίγοις
631 2317 755 2352 ἑφικτὴν,
775 2319 829 2349 τοῖς
846 2319 897 2354 ἤδη

106 2361 180 2388 κατὰ
218 2361 322 2397 Πέτρον
345 2362 390 2389 καὶ
428 2363 556 2389 Ἰάκωϐον
584 2363 631 2389 καὶ
664 2363 802 2398 Ἰωάννην,
836 2363 900 2395 τοὺς

107 2406 205 2440 ἁγίους
224 2407 392 2438 ἀποστόλους
406 2408 557 2442 γεγονόσιν,
579 2408 622 2442 ἐφ’
637 2404 674 2434 ὧν
688 2409 703 2435 ὀ
717 2407 820 2444 Κύριος
835 2417 900 2444 μετ-

105 2446 258 2488 εμορφώθη
288 2453 358 2488 πρὸς
384 2453 464 2486 δόξαν
486 2454 605 2480 νικῶσαν
619 2454 669 2490 τὴν
684 2454 820 2489 αῖσθησιν·
838 2455 899 2482 καθ’

105 2498 142 2532 ἣν
155 2497 244 2524 ἔστιν
258 2498 365 2532 ὡραῖος
379 2498 484 2526 κάλλει
495 2499 575 2533 παρὰ
588 2499 660 2532 τοὺς
675 2499 760 2533 υἱοὺς
773 2499 834 2527 τῶν
848 2500 900 2527 ἀν-

144 2566 166 2582 ⁵¹
180 2566 232 2593 lsa.
244 2567 300 2598 Lui,
311 2567 339 2594 2.

145 2621 183 2657 (υ)
197 2622 304 2648 Μ’όνων
320 2621 380 2648 τῶν
392 2621 447 2654 τῆς
464 2623 570 2655 κακίας
588 2622 673 2656 ἀργεῖ
683 2622 898 2657 συμπερασμά-

107 2656 178 2684 των-ζ
205 2656 262 2684 Hoc
281 2664 391 2697 quoque
401 2657 490 2697 _Marci
505 2657 644 2697 νηπτικῶν
658 2665 718 2692 cap.
736 2657 779 2697 ii.
798 2656 901 2697 sensus

107 2698 162 2722 est,
178 2699 243 2718 cum
254 2692 300 2726 qui
315 2692 365 2719 soli
381 2692 444 2720 vitm
459 2692 551 2719 studet
567 2701 599 2719 ac
611 2693 824 2723 convcrsalioni.
852 2701 899 2720 seu

107 2727 156 2761 qui
183 2734 233 2761 pro
255 2727 448 2761 incipientium
474 2728 590 2759 ratione,
623 2728 753 2755 exteriori
789 2727 903 2755 virtutis

106 2763 197 2789 cultui
208 2762 486 2798 solumimpenditur,
503 2763 555 2790 hoc
570 2771 653 2789 unum
666 2771 773 2794 cavere,
788 2771 822 2790 ne
834 2763 901 2798 quid

107 2804 192 2831 opere
209 2802 315 2831 peccet,
332 2797 445 2831 ipsaque
463 2798 527 2824 vitia
539 2802 567 2824 et
581 2798 705 2829 atIectus,
733 2806 780 2824 seu
799 2797 901 2825 concu-

108 2832 262 2867 piscentias
272 2832 464 2866 exsequendo:
477 2841 537 2867 quzc
547 2837 611 2860 sunt
620 2833 675 2859 τῶν
685 2833 788 2866 ἀλόγων
806 2833 901 2859 παθῶν

110 2868 344 2903 συμπεράσματα,
363 2868 433 2894 velut
448 2869 643 2902 conclusiones;
659 2876 712 2903 quo
722 2876 820 2903 nempe
833 2869 901 2896 irra-

950 2272 1031 2307 cujus
1054 2271 1160 2298 ratione
1179 2271 1283 2298 dicitur
1303 2270 1372 2297 illud
1388 2279 1395 2296 :
1414 2270 1530 2297 Vidimus
1554 2277 1625 2302 eum,
1647 2272 1671 2294 et
1689 2275 1742 2294 nou

950 2318 1061 2346 habebat
1080 2318 1192 2353 speciem
1214 2324 1297 2353 neque
1317 2317 1435 2343 decorem
1450 2316 1471 2332 ⁸¹
1494 2324 1501 2342 ι
1520 2316 1607 2342 altera
1629 2315 1742 2342 abstru—

949 2364 1034 2396 siore,
1053 2371 1086 2391 ac
1103 2370 1185 2398 quam
1203 2363 1283 2398 pauci
1298 2366 1499 2397 assequuntur;
1523 2361 1541 2388 ii
1564 2361 1673 2388 scilicet
1693 2359 1742 2394 qui

946 2409 1003 2444 jam
1014 2409 1118 2436 sanctis
1129 2408 1273 2444 apostolis,
1287 2408 1368 2435 Petro
1378 2411 1407 2435 et
1420 2407 1522 2435 Jacobo
1534 2411 1563 2434 et
1574 2405 1685 2438 Joanni,
1705 2407 1745 2433 si-

949 2455 1030 2483 miles
1046 2455 1219 2487 exstiterint;
1239 2454 1292 2482 sub
1305 2461 1424 2488 quorum
1445 2452 1591 2488 praesentia
1606 2451 1745 2478 Dominus

949 2500 1162 2528 transformatus
1171 2505 1223 2533 est,
1240 2507 1273 2527 ea
1288 2499 1413 2526 claritate
1425 2506 1486 2534 quae
1500 2506 1612 2526 sensum
1626 2505 1744 2532 exsupe-

954 2622 1072 2650 tionales
1090 2623 1206 2650 aﬂ‘cctus
1222 2627 1247 2650 ct
1269 2622 1398 2650 libidines
1416 2622 1561 2649 innectunt
1576 2626 1602 2649 et
1617 2621 1741 2654 trahunt,

953 2658 993 2685 uti
1007 2662 1119 2692 exponit
1136 2658 1193 2685 Jac.
1210 2667 1229 2691 ι,
1251 2658 1295 2685 Η.
1319 2658 1406 2685 Ducta
1431 2658 1588 2692 metaphora
1617 2665 1632 2683 a
1658 2657 1741 2691 syllo-

953 2693 1051 2728 gismo,
1074 2693 1100 2720 in
1129 2701 1184 2728 quo
1216 2693 1255 2720 sic
1290 2693 1438 2727 prmmisszn
1464 2693 1498 2720 ad
1534 2692 1742 2728 conclusionem

954 2727 1069 2763 ejusque
1109 2736 1252 2755 ascensum
1288 2728 1423 2755 inducunt
1459 2735 1491 2754 ac
1524 2731 1640 2763 cogunt._
1667 2727 1741 2753 Nihil

954 2761 1125 2796 bene‘l’icus,
1143 2764 1169 2790 in
1193 2764 1291 2790 vitiosis
1315 2763 1446 2790 duntaxat
1475 2761 1678 2789 connexionibus
1696 2770 1743 2788 va-

955 2803 1021 2830 cat;
1052 2802 1109 2825 tum
1130 2799 1202 2832 quod
1226 2798 1310 2826 verbo
1330 2799 1410 2833 ἀργεῖ
1437 2797 1604 2826 contrarium
1631 2797 1742 2824 videtur

955 2841 1067 2860 sensum
1097 2833 1246 2868 atlingere;
1286 2839 1343 2860 tum
1369 2833 1442 2868 quod
1471 2839 1566 2860 vocem
1597 2839 1742 2868 συμπερα-

955 2869 1066 2904 σμάτων
1081 2877 1135 2897 non
1151 2870 1217 2897 satis
1228 2869 1351 2904 exponit.
