1951 3076
222 137 291 170 ι123

807 137 837 166 S.
859 136 1001 166 MAXIM]
1022 136 1278 167 CUNFESSORIS

1787 138 1856 171 1124

221 198 278 225 rat;
299 201 354 228 qua
373 196 410 220 est
425 193 556 228 speciosus
572 192 658 227 [arma
680 199 736 228 prie
748 190 813 226 ﬁliis
827 191 963 218 hominum
978 191 1012 217 ".

1065 191 1198 225 0pdmwr.
1213 191 1323 219 Τούτων
1337 191 1366 218 δὲ
1380 191 1434 218 τῶν
1442 192 1489 219 δύο
1498 193 1621 229 μορφῶν,
1635 193 1652 228 ἡ
1663 193 1714 229 μὲν
1726 194 1856 230 προτέρα,

221 239 308 266 Porro
325 238 444 273 duplicis
460 238 543 273 hujus
555 238 660 270 formae,
679 238 758 272 prior
776 237 890 272 quidem
903 237 947 264 his
963 236 1010 271 qui

220 285 392 312 inducuntur
424 291 457 311 ac
485 284 625 311 tironibus
649 283 817 310 conveniens
842 287 900 316 est;
926 282 1013 309 altera

221 338 285 358 vero
304 338 338 357 ex
355 337 451 356 eorum
474 334 518 357 est
543 329 663 361 ratione,
687 329 735 364 qui
759 328 874 364 perfecti
897 328 1015 356 scientia

219 379 284 402 sunt
305 383 337 403 ac
360 375 557 406 consummati,
579 375 669 410 quoad
691 375 751 410 ejus
775 375 849 401 licet.
873 374 953 409 483
975 374 1015 401 Ac

218 420 332 454 quidem
357 421 456 455 prima,
481 421 588 448 Domini
616 421 718 455 prioris
736 420 872 447 adventus
894 419 1015 455 speciem

219 465 313 497 refert,
335 466 368 492 ad
398 473 477 500 quem
501 465 646 493 referenda
674 465 814 500 Evangelii
838 465 942 498 littera,
964 465 1012 500 qui

219 518 318 544 nempe
340 511 476 537 malorum
501 517 533 537 ac
556 517 741 537 aerumnarum
764 510 942 544 perpessione
964 517 1012 536 cos

220 556 360 589 emundet,
374 556 421 590 qui
437 555 540 583 actioni
557 556 671 583 student
686 565 691 583 :
710 555 808 587 altera,
821 555 935 583 secundi
951 555 1011 590 glo-

219 602 342 636 riosique
364 602 502 629 adventus
521 601 675 636 designatio
696 606 739 629 est
759 606 841 636 atque
862 601 960 637 ﬁgura,
977 601 1012 628 ad

219 654 301 681 quem
319 651 445 682 spectare
459 647 640 682 intelligimus
651 647 799 682 spiritum;
820 647 868 681 qui
883 647 1014 674 videlicet

219 693 357 728 spiritales
375 701 407 721 ac
426 693 585 721 divinorum
608 693 724 721 scientia
747 693 1013 731 excultosh'sapien-

1059 239 1117 269 τοῖς
1143 239 1332 272 εἰσαγομένοις
1358 238 1486 274 ἁρμόδιος
1503 248 1509 254 ·
1536 239 1553 273 ή
1586 239 1701 275 δευτέρα
1732 240 1772 271 δὲ,
1801 242 1858 272 τοῖς

1062 283 1132 310 κατὰ
1147 283 1195 318 τὴν
1210 283 1311 318 γνῶσιν
1322 283 1360 316 ὠς
1370 285 1482 319 ἐφικτὸν
1498 284 1682 311 τελειωθεῖσιν
1712 285 1857 320 ἀνάλογος.

1063 328 1119 356 Καὶ
1132 330 1148 364 ή
1165 328 1225 364 μὲν,
1237 329 1285 365 τῆς
1296 329 1409 365 πρώτης
1426 330 1472 356 τοῦ
1492 331 1594 366 Κυρίου
1611 331 1763 367 παρουσίας
1778 333 1858 359 ἐστὶν

1063 374 1156 406 εἰκὼν,
1172 375 1215 408 ἐφ’
1234 372 1267 411 ἦς
1281 375 1312 401 τὺ
1330 375 1411 410 ῥητὸν
1430 376 1478 402 τοῦ
1505 377 1673 411 Εὐαγγελίου
1697 377 1789 405 θετέον
1808 380 1859 412 τῆς

1064 420 1107 447 διὰ
1122 420 1293 456 παθημάτων
1308 421 1494 457 καθαιροὺσης
1508 423 1571 453 τοὺς
1583 424 1752 458 πρακτικούς
1763 433 1770 439 ·
1785 426 1802 460 ἡ
1818 425 1858 456 δὲ,

1065 466 1114 500 τῆς
1125 465 1255 500 δευτέρας
1279 467 1324 492 καὶ
1349 466 1455 499 ἐνδόξου
1471 468 1622 503 παρουσίας
1637 469 1696 496 ἐστὶ
1711 470 1859 505 προδιατὺ-

1064 519 1164 543 πωσις,
1192 510 1234 544 ἐφ’
1252 508 1286 546 ἦς
1302 511 1332 538 τὸ
1357 512 1466 547 πνεῦμα
1480 514 1580 540 νοεῖται
1592 520 1600 527 ⁹
1625 514 1678 549 τῆς
1694 515 1738 541 διὰ
1760 515 1860 550 σοφίας

1065 557 1127 588 τοὺς
1158 558 1326 590 γνωστικοὺς
1351 560 1582 595 μεταμορφούσης
1607 560 1677 595 πρὸς
1696 560 1860 587 θέωσιν-ἐκ

1065 603 1114 638 τῆς
1137 603 1166 629 ὲν
1177 604 1269 636 αὐτοῖς
1281 603 1328 630 τοῦ
1341 604 1420 638 λόγου
1437 606 1686 641 μεταμορφώσεως,
1717 607 1858 633 ἀνακεκα-

1066 648 1197 684 λυμμένῳ
1221 649 1361 685 προσώπῳ
1389 649 1439 685 τὴν
1452 650 1531 684 δόξαν
1553 652 1657 687 Κυρίου
1676 652 1860 688 κατοπτριζο-

1069 692 1175 728 μένους.

221 740 265 767 tize
280 748 396 768 munere
411 741 445 768 ad
456 740 663 768 deiﬁcationem
677 739 868 772 transformet;
884 747 918 767 ex
929 738 1011 767 Verbi
1031 739 1060 766 in
1073 739 1115 768 eis
1129 739 1383 772 transformatioue,
1416 739 1528 768 Domini
1559 741 1713 768 claritatem
1737 741 1860 769 revelata

220 786 290 815 facie
301 787 476 822 speculantes
491 786 525 814 ".

255 831 300 858 98.
326 831 380 864 Qui
407 833 520 860 immota
550 833 705 860 constantia
737 835 852 867 propter
880 832 1010 859 virtutem

1103 831 1157 867 ι-ιη’.
1176 832 1205 859 ’0
1215 833 1263 868 μὲν
1273 833 1478 865 άκατασείστως
1488 833 1558 868 ὑπὲρ
1571 833 1672 869 ἀρετῆς
1682 832 1861 868 ὲγκαρτεριῖιν

221 876 291 905 mala
315 877 424 910 tolerat,
449 878 571 912 primum
598 878 626 905 in
648 886 678 905 se
701 878 784 905 Verbi
805 877 1012 909 adventum,ab

179 913 182 918 ’
221 923 296 950 omni
309 923 508 951 emundantem
526 924 599 956 labe,
613 923 752 952 eﬁicacem
769 923 929 958 habetzqui
948 931 1013 950 vero

220 977 271 1004 per
297 969 559 1004 contemplationem
584 969 618 997 ad
643 973 744 997 statum
772 969 878 1004 angelis
903 968 1012 996 affinem

221 1015 343 1042 animum
356 1015 490 1048 traduxit,
505 1015 620 1043 secundi
634 1016 690 1042 vim
702 1015 838 1043 adventus
849 1019 947 1042 nactus
960 1019 1012 1047 cst,

222 1061 262 1089 illi
283 1069 297 1089 a
321 1061 401 1089 malis
419 1061 623 1089 immunitatem
645 1066 822 1096 praestantem
843 1066 872 1089 et
896 1067 926 1088 ut
951 1061 1012 1089 laedi

222 1107 370 1134 contrariis
387 1114 442 1134 non
459 1107 556 1141 possit.

255 1162 301 1189 99.
330 1162 434 1190 Sensus
457 1162 495 1189 illi
519 1170 612 1190 comes
633 1167 686 1194 est,
706 1163 753 1197 qui
774 1163 911 1190 actionem
929 1163 1011 1195 colit;

221 1208 270 1242 qui
284 1216 383 1243 nempe
400 1208 496 1235 labore
510 1209 661 1236 virtutibus
676 1209 817 1244 fungitur;
832 1209 951 1244 sapienti
962 1216 1013 1235 au-

222 1257 276 1279 tem
296 1260 328 1279 ac
352 1251 480 1286 spiritali,
502 1259 600 1279 sensus
621 1252 746 1280 absentia
768 1260 800 1279 ac
829 1257 936 1287 stupor,
966 1252 1014 1287 qui

221 1302 342 1325 mentem
357 1305 372 1325 a
395 1305 477 1325 carne
500 1302 528 1325 et
553 1297 657 1325 mundo
677 1298 705 1325 in
725 1299 811 1326 Deum
834 1297 1012 1325 contraxerit.

221 1344 289 1371 Nam
308 1343 383 1378 prior
397 1343 519 1378 quidem,
536 1344 583 1379 qui
601 1344 737 1371 actionem
753 1344 918 1379 praestando,
934 1349 1015 1371 natu-

223 1388 290 1415 ralis
309 1387 343 1414 ad
361 1396 472 1416 carnem
489 1388 660 1416 habitudinis
677 1389 796 1416 vinculis
811 1390 934 1416 animum
957 1389 1014 1417 sol-

221 1441 286 1460 vere
299 1433 469 1465 crmnitatur,
478 1434 606 1461 eumdem
620 1434 718 1462 crebro
728 1435 871 1462 laboribus
884 1434 1013 1462 fatiscen-

223 1484 277 1506 tem
291 1479 374 1505 habet
394 1487 400 1505 :
419 1479 490 1506 alter
502 1487 578 1511 vero,
601 1480 648 1514 qui
663 1480 723 1515 ejus
734 1481 908 1508 babitudinis
922 1481 1014 1509 clavos

221 1523 463 1557 contemplationis
489 1524 515 1550 vi
542 1524 687 1557 evulserit,
716 1525 785 1552 nulli
815 1527 869 1560 jam
900 1534 1014 1560 prorsus

223 1568 415 1603 mancipabilis
432 1573 484 1601 est,
507 1570 542 1597 ab
563 1578 596 1597 eo
616 1571 671 1606 jam
693 1572 814 1599 mundus
831 1572 957 1605 eﬂ‘ectus,
980 1581 1014 1600 ex

223 1615 302 1649 cujus
316 1614 408 1642 indole
423 1619 466 1642 est
480 1619 511 1642 ut
528 1615 665 1643 afﬁciatur
677 1625 710 1644 ac
722 1621 850 1645 teneatur
867 1626 914 1646 seu
936 1618 1013 1645 subi-

223 1665 314 1696 gatur,
331 1660 366 1688 ab
383 1661 435 1694 eis,
453 1662 501 1696 qui
515 1669 615 1697 capere
630 1670 662 1690 ac
674 1671 832 1699 expugnare
845 1664 942 1691 velint.

259 1706 318 1733 100.
336 1706 414 1739 Quod
428 1707 456 1734 in
468 1707 579 1735 deserto
592 1708 727 1736 Israelitis
741 1717 839 1736 manna
852 1710 947 1737 datum
960 1715 1011 1741 est,

224 1750 272 1778 Dei
285 1758 375 1778 sermo
386 1755 438 1784 est,
450 1752 503 1785 his,
518 1752 565 1787 qui
578 1753 625 1780 illo
636 1757 797 1786 vescuntur,
811 1754 845 1780 ad
861 1754 1012 1789 spiritalem

223 1804 332 1824 omnem
351 1797 521 1832 voluptatem
543 1798 694 1831 sufﬁciens,
714 1807 820 1834 proque
842 1799 1011 1827 sumentium

223 1843 332 1870 diversa
366 1843 536 1878 cupiditate,
570 1844 604 1871 ad
639 1853 749 1873 omnem
787 1849 1011 1880 contemperatus

223 1894 335 1925 gustum
367 1890 390 1906 ⁵⁵
417 1899 424 1917 :
451 1890 554 1926 quippe
584 1891 632 1926 qui
671 1891 762 1919 omnis
791 1891 847 1919 cibi
878 1891 1010 1926 spiritalis

224 1940 333 1971 gustum
357 1936 458 1964 habeat
480 1945 513 1964 ac
533 1938 704 1972 qualitatem.
726 1938 793 1965 Eam
814 1938 850 1965 ob
872 1945 940 1970 rem,
965 1938 1009 1966 his

223 1982 337 2017 quidem
349 1983 397 2018 qui
408 1983 501 2011 denuo
511 1991 545 2011 ex
556 1984 721 2019 incorrupto
732 1984 837 2012 semine
858 1992 908 2019 per
920 1984 1010 2019 Spiri-

227 2033 283 2055 tum
296 2029 351 2056 nati
370 2033 445 2062 sunt,
458 2030 593 2057 rationale
607 2030 666 2058 sine
682 2030 746 2057 dolo
768 2030 811 2057 lac
829 2030 949 2058 efﬁcitur
967 2031 1007 2064 ⁵³;

226 2075 280 2102 illis
300 2079 392 2102 autem
413 2075 461 2110 qui
481 2079 546 2102 sunt
567 2075 680 2107 inﬁrmi,
703 2075 765 2102 olus
786 2075 819 2108 ⁸⁸,
838 2075 1012 2103 laborantem

224 2120 280 2147 vim
300 2121 386 2148 animi
407 2121 608 2155 aﬁectibusque
629 2121 775 2148 obnoxiam
796 2129 923 2150 recreans
946 2131 952 2149 :
977 2122 1012 2150 iis

1063 878 1119 908 τοῖς
1132 877 1241 909 δεινοῖς,
1253 878 1452 913 ἐνεργουμένην
1465 879 1509 912 ἐφ’
1528 878 1626 906 ἑαυτὸν
1639 877 1698 913 ἔχει
1713 877 1763 913 τὴν
1780 876 1859 912 πρῶ-

1063 931 1112 958 την
1119 922 1166 949 τοῦ
1173 923 1260 957 Λόγου
1269 923 1432 958 παρουσίαν,
1441 924 1531 959 πάσης
1541 923 1623 950 αὑτὸν
1634 922 1742 958 κηλίδος
1756 922 1859 949 καθαί-

1065 977 1163 1003 ρουσαν
1176 977 1182 984 ·
1199 969 1214 995 ὁ
1232 969 1261 995 δὲ
1279 969 1324 996 τὸν
1343 969 1406 996 νοῦν
1431 969 1500 1005 πρὸς
1522 969 1571 1004 τὴν
1589 969 1645 995 τῶν
1667 968 1791 1003 ἀγγέλων
1813 968 1860 994 διὰ

1064 1013 1181 1049 θεωρίας
1196 1015 1383 1050 μεταϐιϐάσας
1397 1015 1575 1046 κατάστασιν,
1594 1015 1643 1050 τῆς
1657 1015 1787 1049 δευτέρας
1798 1014 1859 1050 ἔχει

1064 1060 1214 1094 παρουσίας
1230 1060 1279 1096 τὴν
1290 1060 1416 1096 δύναμιν,
1440 1060 1607 1097 ἐνεργοῦσαν
1619 1061 1694 1096 ἀυτῷ
1707 1061 1738 1088 τὺ
1750 1060 1859 1092 ἀπαθὲς

1063 1105 1111 1132 καὶ
1125 1105 1273 1133 ἀνάλωτον.
1323 1138 1326 1141 t

1098 1162 1149 1196 ιιιθν.
1167 1162 1298 1198 Αἴσθησις
1316 1163 1365 1199 μὲν
1381 1163 1478 1190 ἕπεται
1492 1163 1531 1198 τῷ
1547 1163 1705 1199 πρακτικῷ,
1718 1163 1763 1190 διὰ
1776 1164 1860 1190 πόνον

1064 1207 1240 1242 κατορθοῦντι
1252 1209 1303 1240 τὰς
1313 1209 1422 1244 ἀρετάς·
1436 1208 1602 1244 ἀναισθησία
1612 1209 1641 1235 δὲ
1652 1208 1691 1244 τῷ
1701 1209 1858 1244 γνωστικῷ,

1063 1253 1109 1280 τὸν
1122 1253 1184 1281 νοῦν
1200 1254 1253 1280 ἀπὸ
1267 1254 1315 1289 τῆς
1330 1254 1431 1290 σαρκὸς
1446 1254 1494 1281 καὶ⁵
1506 1255 1553 1280 τοῦ
1568 1254 1671 1289 κόσμου
1685 1255 1860 1282 συστείλαντι

1064 1298 1133 1334 πρὸς
1147 1298 1223 1325 Θεόν.
1247 1299 1276 1324 '0
1299 1298 1348 1334 μὲν
1372 1299 1427 1335 γὰρ
1452 1299 1533 1326 λῦσαι
1549 1299 1598 1334 τὴν
1612 1299 1701 1334 ψυχὴν
1717 1299 1773 1326 τῶν
1785 1300 1861 1326 κατὰ

1065 1345 1145 1379 φύσιν
1168 1346 1217 1379 τῆς
1234 1345 1354 1380 σχέσεως
1379 1345 1448 1380 πρὸς
1461 1345 1510 1380 τὴν
1525 1345 1615 1380 σάρκα
1629 1345 1736 1380 δεσμῶν
1750 1345 1794 1372 διὰ
1806 1345 1860 1381 τῆς

1065 1391 1220 1425 πρακτικῆς
1235 1390 1435 1425 ἀγωνιζόμενος
1445 1410 1453 1422 ,
1479 1390 1535 1426 ἔχει
1548 1390 1598 1426 τὴν
1609 1389 1722 1426 γνώμην
1737 1392 1794 1423 τοῖς
1807 1392 1858 1417 πό-

1064 1444 1120 1467 νοις
1135 1436 1254 1471 συνεχῶς
1271 1438 1279 1447 '
1293 1436 1509 1468 ὲποκλάζουσαν·
1527 1437 1542 1463 ό
1554 1437 1594 1470 δὲ,
1610 1437 1712 1471 ταύτης
1727 1438 1777 1473 τῆς
1791 1438 1858 1474 σχέ-

1065 1489 1136 1513 σεως
1147 1481 1310 1514 ἀνασπάσας
1324 1482 1368 1509 διὰ
1383 1482 1434 1516 τῆς
1448 1482 1565 1517 θεωρίας
1579 1482 1664 1518 [unus
1676 1482 1740 1518 Reg.
1752 1483 1861 1519 θεωρη-

1064 1526 1155 1562 τικῆς]
1177 1528 1241 1558 τοὺς
1252 1528 1344 1562 ἥλους,
1360 1523 1449 1554 οὖδενὶ
1463 1528 1494 1555 τὸ
1510 1528 1621 1555 σύνολόν
1633 1529 1692 1555 ἐστι
1706 1529 1858 1561 καθεκτός’

1064 1573 1185 1608 καθαρὸς
1211 1573 1261 1608 ήδη
1290 1573 1337 1599 τοῦ
1366 1574 1483 1609 πάσχειν
1504 1582 1534 1601 τε
1560 1575 1607 1601 καὶ
1630 1574 1791 1609 κρατεῖσθαι
1807 1583 1859 1601 πε-

1063 1619 1182 1653 φυκότος
1198 1619 1274 1654 παρὰ
1288 1620 1343 1646 τῶν
1357 1619 1427 1646 ἑλεῖν
1443 1619 1624 1656 βουλομένων,
1643 1620 1800 1656 γενόμενος.

1100 1708 1133 1744 ρ’.
1150 1708 1187 1735 Τὸ
1203 1708 1290 1744 μάννα
1306 1707 1383 1735 δοθὲν
1399 1707 1439 1744 τῷ
1456 1707 1564 1743 Ἰσραὴλ
1579 1708 1652 1735 κατὰ
1665 1708 1716 1743 τὴν
1739 1707 1857 1743 ἔρημον,

1063 1754 1078 1781 ὁ
1090 1754 1136 1781 τοῦ
1149 1753 1218 1780 Θεοῦ
1229 1754 1310 1788 λόγος
1322 1754 1381 1780 ἐστὶ
1393 1774 1400 1787 ,
1426 1754 1495 1789 πρὸς
1517 1754 1607 1780 πᾶσαν
1618 1754 1715 1790 ἡδονὴν
1731 1763 1858 1789 πνευμα-

1065 1799 1145 1836 τικὴν
1162 1800 1259 1835 ἁρμῶν
1274 1802 1331 1832 τοῖς
1351 1800 1487 1831 ἐσθίουσιν
1503 1801 1594 1832 αὑτὸν,
1617 1801 1665 1827 καὶ
1678 1801 1747 1836 πρὸς
1763 1803 1858 1828 πᾶσαν

1060 1845 1161 1880 ’γεῦσιν
1176 1846 1246 1873 κατὰ
1260 1847 1309 1882 τὴν
1328 1846 1460 1881 διαφορὰν
1475 1846 1523 1881 τῆς
1536 1846 1591 1873 τῶν
1605 1846 1749 1873 ἐσθιόντων
1760 1847 1856 1874 ἐπιθυ-

1068 1891 1142 1926 μίας,
1156 1892 1402 1928 μετακιρνώμενος.
1421 1893 1514 1928 Πάσης
1528 1893 1582 1928 γάρ
1597 1892 1654 1927 ἔχει
1664 1894 1855 1929 πνευματικῆς

1065 1937 1193 1972 βρώσεως
1210 1939 1351 1973 ποιότητα.
1366 1937 1411 1964 Διδ
1430 1939 1486 1969 τοῖς
1509 1937 1559 1972 μὲν
1580 1937 1731 1970 ἄνωθεν-ὲκ
1750 1939 1854 1973 σπόρου

1065 1983 1204 2018 ἀφθάρτου
1221 1984 1264 2010 διὰ
1289 1983 1443 2019 πνεύματος
1453 1983 1607 2018 γεννηθεῖσι
1618 2004 1625 2016 ,
1642 1984 1749 2018 λογικὸν
1759 1984 1854 2011 άδολον

1067 2029 1172 2064 γίνεται
1194 2030 1264 2064 γάλα
1276 2038 1282 2045 ·
1299 2031 1356 2062 τοῖς
1378 2030 1408 2056 δὲ
1422 2029 1576 2062 ἀσθενοῦσι,
1590 2029 1718 2065 λάχανον,
1731 2028 1781 2066 τήν
1799 2040 1854 2058 πα-

1063 2075 1164 2102 θοῦσαν
1182 2075 1232 2110 τῆς
1252 2075 1343 2110 ψυχῆς
1366 2076 1613 2111 παραμυθούμενος
1637 2076 1752 2112 δύναμιν
1765 2084 1774 2092 ⁸
1796 2079 1855 2109 τοῖς

1061 2119 1090 2146 δὲ
1102 2119 1146 2146 διὰ
1161 2120 1210 2153 τὴν
1224 2119 1281 2151 ἕξιν
1296 2119 1330 2146 τὰ
1350 2119 1514 2155 αἰσθητήρια
1535 2121 1583 2155 τῆς
1603 2120 1691 2155 ψυχῆς
1713 2128 1854 2156 γεγυμνα-

225 2168 345 2202 denique
361 2167 409 2201 qui
432 2171 546 2201 propter
566 2166 701 2200 habitum,
718 2175 815 2196 sensus
831 2168 916 2195 animi
933 2176 1012 2196 exer-

1065 2165 1151 2200 σμένα
1176 2164 1267 2200 ἔχουσι
1282 2165 1350 2200 πρὸς
1377 2164 1515 2199 διάκρισιν
1541 2165 1625 2192 καλοῦ
1639 2174 1668 2192 τε
1681 2165 1728 2192 καὶ
1750 2166 1851 2197 κακοῦ,

224 2213 325 2240 citatos
346 2212 450 2239 habent
475 2212 509 2239 ad
534 2211 729 2239 discretionem
750 2213 815 2240 boni
838 2217 866 2241 et
887 2214 953 2241 mali
976 2214 1011 2247 ⁸⁷,

224 2257 345 2292 seipsum
364 2257 490 2291 pratbens
504 2257 621 2284 solidum
643 2257 746 2285 cibum.
761 2258 832 2291 Quin
847 2263 875 2286 et
891 2258 1013 2287 inﬁnitas

225 2302 293 2329 alias
306 2303 424 2330 virtutes
437 2302 487 2330 Dei
499 2310 590 2330 sermo
604 2303 697 2336 habet,
714 2311 782 2338 quas
798 2304 926 2338 praesenti
941 2312 1010 2338 aevo,

224 2356 307 2376 nemo
321 2348 430 2383 capiat;
451 2356 520 2383 quas
542 2349 616 2383 ipsas
639 2356 745 2381 omnes,
769 2356 817 2376 seu
839 2349 957 2384 aliquas,
977 2358 1011 2378 eo

224 2393 298 2428 quod
317 2394 345 2420 in
366 2394 474 2420 modico
496 2393 585 2420 ﬁdelis
605 2395 752 2425 exstiterit,
770 2399 935 2429 accepturus
956 2399 1010 2428 est,

224 2440 271 2474 qui
285 2439 394 2466 mortali
413 2439 520 2466 solutus
534 2439 601 2471 vita,
621 2440 721 2474 dignus
741 2440 890 2468 habebitur
905 2442 953 2476 qui
967 2449 1013 2469 su-

224 2493 273 2519 pra
287 2485 382 2516 multa,
396 2485 455 2512 sive
470 2485 563 2512 omnia
577 2486 764 2513 constituatur
782 2487 815 2513 ⁸³.
828 2486 923 2514 Omnis
938 2488 1011 2515 enim

225 2530 368 2564 praesentis
380 2530 442 2557 vita:
457 2530 593 2557 donorum
613 2531 766 2562 summitas.
787 2532 931 2559 minimum
944 2533 1010 2568 quid

224 2579 266 2601 est
280 2579 307 2602 et
323 2575 472 2606 modicum,
491 2575 698 2610 comparatione
715 2576 884 2604 futurorum.

223 2660 307 2697 484
330 2661 491 2689 CENTENA
520 2662 654 2690 ITERUM
681 2662 847 2691 GNOSTICA
873 2663 1008 2693 οΑΡιτΑ.

259 2707 285 2734 1.
307 2708 383 2736 Uuus
393 2708 476 2741 Deus,
492 2709 566 2743 quod
584 2717 638 2736 una
650 2709 739 2736 deitas
752 2718 759 2736 :
773 2710 865 2738 unitas
880 2711 1009 2747 principii

259 2768 281 2784 "
292 2769 363 2796 Psal.
376 2777 445 2800 κων,
458 2769 484 2795 5.
523 2769 546 2786 ⁵³
556 2768 578 2795 ll
590 2768 654 2796 Cor.
668 2777 707 2799 ιιι,
721 2769 763 2796 18.
802 2769 825 2785 ⁸⁵
838 2769 902 2804 Sap.
916 2778 968 2802 xt’t,
979 2770 1026 2797 20.

224 2804 320 2832 Matth.
336 2812 407 2836 μιν,
420 2804 470 2837 47;
488 2812 549 2836 xxv,
562 2804 607 2830 21.

1065 2211 1178 2246 στερεὰν
1202 2212 1297 2239 ἑαυτὸν
1320 2211 1412 2238 δίδωσι
1434 2213 1549 2248 τροφήν.
1568 2213 1645 2248 Ἔχει
1657 2213 1685 2239 δὲ
1707 2214 1754 2240 καὶ
1768 2213 1853 2247 ἄλλας

1063 2257 1193 2292 ἀπείρους
1203 2257 1332 2293 δυνάμεις
1345 2259 1359 2284 ό
1371 2258 1418 2285 τοῦ
1431 2258 1499 2285 Θεοῦ
1511 2259 1600 2292 λόγος,
1614 2258 1732 2286 ἐνταῦθα
1748 2259 1786 2295 μὴ
1798 2269 1853 2295 χω-

1064 2303 1199 2339 ρουμένας
1211 2311 1218 2318 '
1251 2303 1388 2336 ἀναλύσας
1411 2304 1439 2331 δέ
1460 2313 1502 2336 τις
1514 2325 1521 2338 ,
1549 2304 1597 2331 καὶ
1616 2304 1689 2337 άξιος
1704 2305 1852 2340 γενόμενος

1062 2351 1108 2377 ἐπὶ
1124 2351 1228 2377 πολλῶν
1238 2371 1245 2384 ,
1270 2352 1287 2387 ἢ
1305 2352 1351 2379 ἐπὶ
1365 2353 1474 2378 πάντων
1489 2352 1710 2387 κατασταθῆναι,
1733 2352 1854 2388 λήψεται

1063 2396 1192 2427 κάκείνας
1214 2396 1277 2428 ὅλας
1290 2417 1298 2430 ,
1328 2397 1345 2432 ἦ
1367 2405 1443 2428 τινας
1468 2396 1514 2422 τοῦ
1537 2396 1618 2430 λόγου
1640 2396 1690 2428 τάς
1707 2396 1851 2431 δυνάμεις,

1061 2441 1105 2468 διὰ
1118 2441 1150 2467 τὸ
1164 2443 1192 2468 ὲν
1206 2441 1341 2476 ἐλαχίστῳ
1357 2442 1439 2468 αὐτὸν
1455 2441 1573 2468 ἐνταῦθα
1588 2441 1681 2469 πιστὺν
1692 2442 1851 2476 γεγονέναι.

1060 2487 1140 2514 Πᾶσα
1153 2487 1208 2522 γὰρ
1220 2488 1273 2514 τῶν
1286 2487 1406 2514 ἐνταῦθα
1419 2487 1566 2522 διδομένων
1581 2487 1662 2514 θείων
1673 2487 1853 2522 χαρισμάτων

1060 2534 1192 2568 ἀκρότης,
1222 2533 1363 2568 συγκρίσει
1389 2533 1444 2559 τῶν
1467 2532 1636 2567 μελλόντων.
1663 2532 1805 2568 ἐλάχιστόν
1824 2540 1852 2559 τι

1060 2579 1107 2606 καὶ
1124 2578 1234 2614 μέτριόν
1245 2579 1330 2605 ἐστιν.

1109 2666 1179 2694 ΕΚΑ
1186 2666 1320 2693 ΤΟΝΤΑΣ
1335 2668 1364 2693 B'
1378 2665 1586 2694 ΓΝΩΣΤῙΚΩΝ
1598 2666 1801 2695 ΚΕΦΛΛΑΙΩΝ

1100 2717 1135 2740 α’.
1160 2711 1207 2745 Εἷς
1219 2713 1295 2746 Θεὸς,
1312 2713 1352 2740 ὅτι
1366 2712 1415 2748 μία
1426 2712 1532 2748 θεότηςο
1561 2713 1644 2748 μονὰς
1655 2711 1737 2747 [deest
1749 2712 1789 2745 τὸ,
1803 2720 1855 2747 μω

1063 2772 1537 2804 ωιὴωυβ.κηωλωε
1575 2771 1789 2807 υωωπΛι
1829 2765 1853 2781 ”

260 2861 268 2870 ⁸
286 2859 364 2887 Unus
385 2860 451 2895 Reg.
470 2859 576 2894 σαφῶς·
603 2859 682 2890 alter,
702 2858 816 2894 συχνῶς,
833 2866 894 2894 qua:
911 2859 1012 2897 ctvvidi

1065 2869 1090 2888 ll'
1104 2861 1202 2888 melior
1213 2860 1305 2888 lectio.
