  <div class='ocr_page' id='page_1' title='image "/cluster/home/n/w/nwhite01/storage/ocr_20150623/90/njp.32101077772828/580.png"; bbox 0 0 1951 3076; ppageno 0'>
   <div class='ocr_carea' id='block_1_1' title="bbox 143 145 212 180">
    <p class='ocr_par' dir='ltr' id='par_1_1' title="bbox 143 145 212 180">
     <span class='ocr_line' id='line_1_1' title="bbox 143 145 212 180; baseline 0.029 -2"><span class='ocrx_word' id='word_1_1' title='bbox 143 145 212 180; x_wconf 75' lang='lat'><strong>1125</strong></span> 
     </span>
    </p>
   </div>
   <div class='ocr_carea' id='block_1_2' title="bbox 564 145 1363 177">
    <p class='ocr_par' dir='ltr' id='par_1_2' title="bbox 564 145 1363 177">
     <span class='ocr_line' id='line_1_2' title="bbox 564 145 1363 177; baseline 0.001 -1"><span class='ocrx_word' id='word_1_2' title='bbox 564 145 731 176; x_wconf 77' lang='lat' dir='ltr'><strong>CAPITUM</strong></span> <span class='ocrx_word' id='word_1_3' title='bbox 750 145 885 176; x_wconf 82' lang='lat' dir='ltr'><strong>THEOL.</strong></span> <span class='ocrx_word' id='word_1_4' title='bbox 904 145 950 175; x_wconf 86' lang='lat' dir='ltr'><strong>ET</strong></span> <span class='ocrx_word' id='word_1_5' title='bbox 970 145 1088 176; x_wconf 73' lang='lat' dir='ltr'><strong>(ECON.</strong></span> <span class='ocrx_word' id='word_1_6' title='bbox 1107 146 1301 177; x_wconf 72' lang='lat' dir='ltr'><strong>CENTUth</strong></span> <span class='ocrx_word' id='word_1_7' title='bbox 1323 148 1363 177; x_wconf 90' lang='lat' dir='ltr'><strong>II.</strong></span> 
     </span>
    </p>
   </div>
   <div class='ocr_carea' id='block_1_3' title="bbox 1703 148 1773 180">
    <p class='ocr_par' dir='ltr' id='par_1_3' title="bbox 1703 148 1773 180">
     <span class='ocr_line' id='line_1_3' title="bbox 1703 148 1773 180; baseline 0 0"><span class='ocrx_word' id='word_1_8' title='bbox 1703 148 1773 180; x_wconf 72' lang='grc' dir='ltr'><strong>Πῗὸ</strong></span> 
     </span>
    </p>
   </div>
   <div class='ocr_carea' id='block_1_4' title="bbox 140 200 943 239">
    <p class='ocr_par' dir='ltr' id='par_1_4' title="bbox 140 200 935 239">
     <span class='ocr_line' id='line_1_4' title="bbox 140 200 935 239; baseline -0.004 -9"><span class='ocrx_word' id='word_1_9' title='bbox 140 203 200 234; x_wconf 69' lang='grc' dir='ltr'>νὰς.</span> <span class='ocrx_word' id='word_1_10' title='bbox 222 204 248 230; x_wconf 83' lang='lat' dir='ltr'><strong>in</strong></span> <span class='ocrx_word' id='word_1_11' title='bbox 262 203 348 230; x_wconf 73' lang='lat' dir='ltr'><strong>tribus</strong></span> <span class='ocrx_word' id='word_1_12' title='bbox 365 202 465 239; x_wconf 66' lang='lat' dir='ltr'><strong>Regiis]</strong></span> <span class='ocrx_word' id='word_1_13' title='bbox 480 203 600 238; x_wconf 73' lang='grc' dir='ltr'>ἄναρχος</span> <span class='ocrx_word' id='word_1_14' title='bbox 613 203 660 229; x_wconf 73' lang='grc' dir='ltr'><strong>καὶ</strong></span> <span class='ocrx_word' id='word_1_15' title='bbox 672 202 747 236; x_wconf 79' lang='grc' dir='ltr'><strong>ἁπλῆ</strong></span> <span class='ocrx_word' id='word_1_16' title='bbox 759 201 805 228; x_wconf 76' lang='grc' dir='ltr'><strong>καὶ</strong></span> <span class='ocrx_word' id='word_1_17' title='bbox 820 200 935 236; x_wconf 78' lang='grc' dir='ltr'>ὑπερθύ-</span> 
     </span>
    </p>
   </div>
   <div class='ocr_carea' id='block_1_5' title="bbox 988 200 1775 239">
    <p class='ocr_par' dir='ltr' id='par_1_5' title="bbox 988 202 1775 239">
     <span class='ocr_line' id='line_1_5' title="bbox 988 202 1775 239; baseline 0.005 -11"><span class='ocrx_word' id='word_1_18' title='bbox 988 209 1096 236; x_wconf 83' lang='lat' dir='ltr'><strong>expers,</strong></span> <span class='ocrx_word' id='word_1_19' title='bbox 1111 202 1281 237; x_wconf 79' lang='lat' dir='ltr'><strong>simplexque</strong></span> <span class='ocrx_word' id='word_1_20' title='bbox 1296 207 1324 230; x_wconf 90' lang='lat' dir='ltr'><strong>et</strong></span> <span class='ocrx_word' id='word_1_21' title='bbox 1344 203 1601 237; x_wconf 87' lang='lat' dir='ltr'><strong>superessentialis;</strong></span> <span class='ocrx_word' id='word_1_22' title='bbox 1621 203 1775 239; x_wconf 78' lang='lat' dir='ltr'><strong>impartibi-</strong></span> 
     </span>
    </p>
   </div>
   <div class='ocr_carea' id='block_1_6' title="bbox 142 246 936 285">
    <p class='ocr_par' dir='ltr' id='par_1_6' title="bbox 142 246 936 285">
     <span class='ocr_line' id='line_1_6' title="bbox 142 246 936 285; baseline -0.003 -11"><span class='ocrx_word' id='word_1_23' title='bbox 142 256 208 278; x_wconf 73' lang='grc' dir='ltr'><strong>ιτιος⁵</strong></span> <span class='ocrx_word' id='word_1_24' title='bbox 227 250 274 275; x_wconf 72' lang='grc' dir='ltr'><strong>καὶ</strong></span> <span class='ocrx_word' id='word_1_25' title='bbox 289 248 396 285; x_wconf 71' lang='grc' dir='ltr'>ἀμερὴς</span> <span class='ocrx_word' id='word_1_26' title='bbox 414 248 462 275; x_wconf 80' lang='grc' dir='ltr'><strong>καὶ</strong></span> <span class='ocrx_word' id='word_1_27' title='bbox 477 247 648 282; x_wconf 70' lang='grc' dir='ltr'>ἀδιαίρετος*</span> <span class='ocrx_word' id='word_1_28' title='bbox 666 248 682 282; x_wconf 85' lang='grc' dir='ltr'><strong>ἡ</strong></span> <span class='ocrx_word' id='word_1_29' title='bbox 698 247 767 282; x_wconf 83' lang='grc' dir='ltr'>αὑτὴ</span> <span class='ocrx_word' id='word_1_30' title='bbox 789 246 873 281; x_wconf 83' lang='grc' dir='ltr'>μονὰς</span> <span class='ocrx_word' id='word_1_31' title='bbox 890 246 936 272; x_wconf 75' lang='grc' dir='ltr'><strong>καὶ</strong></span> 
     </span>
    </p>
   </div>
   <div class='ocr_carea' id='block_1_7' title="bbox 141 291 934 329">
    <p class='ocr_par' dir='ltr' id='par_1_7' title="bbox 141 291 934 329">
     <span class='ocr_line' id='line_1_7' title="bbox 141 291 934 329; baseline -0.001 -10"><span class='ocrx_word' id='word_1_32' title='bbox 141 293 229 328; x_wconf 83' lang='grc' dir='ltr'>Τριάς</span> <span class='ocrx_word' id='word_1_33' title='bbox 243 301 250 308; x_wconf 65' lang='grc'><strong><em>⁵</em></strong></span> <span class='ocrx_word' id='word_1_34' title='bbox 278 294 328 328; x_wconf 89' lang='grc' dir='ltr'><strong>ὅλη</strong></span> <span class='ocrx_word' id='word_1_35' title='bbox 352 294 436 329; x_wconf 78' lang='grc' dir='ltr'>μονὰς</span> <span class='ocrx_word' id='word_1_36' title='bbox 452 295 469 329; x_wconf 80' lang='grc' dir='ltr'><strong>ὴ</strong></span> <span class='ocrx_word' id='word_1_37' title='bbox 483 293 564 329; x_wconf 81' lang='grc' dir='ltr'>αὑτὴ,</span> <span class='ocrx_word' id='word_1_38' title='bbox 589 293 636 320; x_wconf 76' lang='grc' dir='ltr'><strong>καὶ</strong></span> <span class='ocrx_word' id='word_1_39' title='bbox 651 293 699 328; x_wconf 89' lang='grc' dir='ltr'><strong>ὅλη</strong></span> <span class='ocrx_word' id='word_1_40' title='bbox 714 292 800 328; x_wconf 81' lang='grc' dir='ltr'>Τριὰς</span> <span class='ocrx_word' id='word_1_41' title='bbox 814 293 831 327; x_wconf 84' lang='grc' dir='ltr'>ἡ</span> <span class='ocrx_word' id='word_1_42' title='bbox 845 291 914 326; x_wconf 87' lang='grc' dir='ltr'>αὑτὴ</span> <span class='ocrx_word' id='word_1_43' title='bbox 927 300 934 307; x_wconf 75' lang='grc'><strong><em>⁸</em></strong></span> 
     </span>
    </p>
   </div>
   <div class='ocr_carea' id='block_1_8' title="bbox 143 336 936 375">
    <p class='ocr_par' dir='ltr' id='par_1_8' title="bbox 143 336 936 375">
     <span class='ocr_line' id='line_1_8' title="bbox 143 336 936 375; baseline -0.005 -9"><span class='ocrx_word' id='word_1_44' title='bbox 143 339 228 373; x_wconf 77' lang='grc' dir='ltr'>μονὰς</span> <span class='ocrx_word' id='word_1_45' title='bbox 253 339 302 374; x_wconf 76' lang='grc' dir='ltr'><strong>ὅλη</strong></span> <span class='ocrx_word' id='word_1_46' title='bbox 318 339 389 366; x_wconf 77' lang='grc' dir='ltr'>κατὰ</span> <span class='ocrx_word' id='word_1_47' title='bbox 403 339 454 375; x_wconf 82' lang='grc' dir='ltr'><strong>τὴν</strong></span> <span class='ocrx_word' id='word_1_48' title='bbox 468 339 562 366; x_wconf 85' lang='grc' dir='ltr'>οὑσίαν</span> <span class='ocrx_word' id='word_1_49' title='bbox 576 339 593 374; x_wconf 82' lang='grc' dir='ltr'>ὴ</span> <span class='ocrx_word' id='word_1_50' title='bbox 610 338 697 374; x_wconf 82' lang='grc' dir='ltr'>αὑτὴ,</span> <span class='ocrx_word' id='word_1_51' title='bbox 725 337 774 365; x_wconf 77' lang='grc' dir='ltr'><strong>καὶ</strong></span> <span class='ocrx_word' id='word_1_52' title='bbox 790 337 875 372; x_wconf 86' lang='grc' dir='ltr'>Τριὰς</span> <span class='ocrx_word' id='word_1_53' title='bbox 888 336 936 371; x_wconf 88' lang='grc' dir='ltr'><strong>ὅλη</strong></span> 
     </span>
    </p>
   </div>
   <div class='ocr_carea' id='block_1_9' title="bbox 142 381 934 419">
    <p class='ocr_par' dir='ltr' id='par_1_9' title="bbox 142 381 934 419">
     <span class='ocr_line' id='line_1_9' title="bbox 142 381 934 419; baseline -0.005 -9"><span class='ocrx_word' id='word_1_54' title='bbox 142 383 215 410; x_wconf 77' lang='grc' dir='ltr'>κατὰ</span> <span class='ocrx_word' id='word_1_55' title='bbox 229 384 280 415; x_wconf 77' lang='grc' dir='ltr'><strong>τὰς</strong></span> <span class='ocrx_word' id='word_1_56' title='bbox 293 384 457 415; x_wconf 77' lang='grc' dir='ltr'><strong>ὑποστάσεις</strong></span> <span class='ocrx_word' id='word_1_57' title='bbox 474 384 490 419; x_wconf 89' lang='grc' dir='ltr'>ὴ</span> <span class='ocrx_word' id='word_1_58' title='bbox 506 384 587 418; x_wconf 85' lang='grc' dir='ltr'>αὑτή.</span> <span class='ocrx_word' id='word_1_59' title='bbox 607 382 702 418; x_wconf 82' lang='grc' dir='ltr'>Πατὴρ</span> <span class='ocrx_word' id='word_1_60' title='bbox 717 382 783 417; x_wconf 78' lang='grc' dir='ltr'><strong>γὰρ,</strong></span> <span class='ocrx_word' id='word_1_61' title='bbox 800 382 848 408; x_wconf 74' lang='grc' dir='ltr'><strong>καὶ</strong></span> <span class='ocrx_word' id='word_1_62' title='bbox 861 381 934 412; x_wconf 82' lang='grc' dir='ltr'>Υἱὸς,</span> 
     </span>
    </p>
   </div>
   <div class='ocr_carea' id='block_1_10' title="bbox 142 425 934 465">
    <p class='ocr_par' dir='ltr' id='par_1_10' title="bbox 142 425 934 465">
     <span class='ocr_line' id='line_1_10' title="bbox 142 425 934 465; baseline -0.004 -10"><span class='ocrx_word' id='word_1_63' title='bbox 142 429 190 455; x_wconf 78' lang='grc' dir='ltr'>καὶ</span> <span class='ocrx_word' id='word_1_64' title='bbox 207 429 321 465; x_wconf 79' lang='grc' dir='ltr'><strong>Πνεῦμα</strong></span> <span class='ocrx_word' id='word_1_65' title='bbox 335 429 413 464; x_wconf 73' lang='grc' dir='ltr'>ἅγιον</span> <span class='ocrx_word' id='word_1_66' title='bbox 431 430 447 464; x_wconf 82' lang='grc' dir='ltr'><strong>ἡ</strong></span> <span class='ocrx_word' id='word_1_67' title='bbox 462 429 572 464; x_wconf 75' lang='grc' dir='ltr'>θεότης,</span> <span class='ocrx_word' id='word_1_68' title='bbox 587 429 636 455; x_wconf 79' lang='grc' dir='ltr'><strong>καὶ</strong></span> <span class='ocrx_word' id='word_1_69' title='bbox 649 429 679 454; x_wconf 82' lang='lat' dir='ltr'><strong>tv</strong></span> <span class='ocrx_word' id='word_1_70' title='bbox 693 428 792 462; x_wconf 75' lang='grc' dir='ltr'>Πατρὶ,</span> <span class='ocrx_word' id='word_1_71' title='bbox 808 427 856 454; x_wconf 72' lang='grc' dir='ltr'><strong>καὶ</strong></span> <span class='ocrx_word' id='word_1_72' title='bbox 868 425 934 461; x_wconf 81' lang='grc' dir='ltr'><strong>Υζῷ,</strong></span> 
     </span>
    </p>
   </div>
   <div class='ocr_carea' id='block_1_11' title="bbox 141 473 936 510">
    <p class='ocr_par' dir='ltr' id='par_1_11' title="bbox 141 473 936 510">
     <span class='ocr_line' id='line_1_11' title="bbox 141 473 936 510; baseline -0.004 -9"><span class='ocrx_word' id='word_1_73' title='bbox 141 475 189 501; x_wconf 74' lang='grc' dir='ltr'><strong>καὶ</strong></span> <span class='ocrx_word' id='word_1_74' title='bbox 205 475 278 510; x_wconf 84' lang='grc' dir='ltr'>ἁγίῳ</span> <span class='ocrx_word' id='word_1_75' title='bbox 290 475 429 510; x_wconf 81' lang='grc' dir='ltr'>Πνεὺματι</span> <span class='ocrx_word' id='word_1_76' title='bbox 447 476 464 510; x_wconf 80' lang='grc' dir='ltr'>ἡ</span> <span class='ocrx_word' id='word_1_77' title='bbox 477 475 584 510; x_wconf 81' lang='grc' dir='ltr'>θεότης.</span> <span class='ocrx_word' id='word_1_78' title='bbox 603 474 674 509; x_wconf 84' lang='grc' dir='ltr'>Ὀλη</span> <span class='ocrx_word' id='word_1_79' title='bbox 688 474 718 501; x_wconf 87' lang='lat' dir='ltr'><strong>tv</strong></span> <span class='ocrx_word' id='word_1_80' title='bbox 730 474 783 509; x_wconf 86' lang='grc' dir='ltr'><strong>ὅλῳ</strong></span> <span class='ocrx_word' id='word_1_81' title='bbox 795 473 835 508; x_wconf 83' lang='grc' dir='ltr'>τῷ</span> <span class='ocrx_word' id='word_1_82' title='bbox 849 473 936 507; x_wconf 76' lang='grc' dir='ltr'>Πατρὶ</span> 
     </span>
    </p>
   </div>
   <div class='ocr_carea' id='block_1_12' title="bbox 141 518 932 557">
    <p class='ocr_par' dir='ltr' id='par_1_12' title="bbox 141 518 932 557">
     <span class='ocr_line' id='line_1_12' title="bbox 141 518 932 557; baseline -0.003 -11"><span class='ocrx_word' id='word_1_83' title='bbox 141 521 158 555; x_wconf 81' lang='grc' dir='ltr'>ἡ</span> <span class='ocrx_word' id='word_1_84' title='bbox 173 521 243 556; x_wconf 85' lang='grc' dir='ltr'>αὑτή</span> <span class='ocrx_word' id='word_1_85' title='bbox 256 529 264 536; x_wconf 85' lang='grc'><strong>·</strong></span> <span class='ocrx_word' id='word_1_86' title='bbox 277 520 325 547; x_wconf 82' lang='grc' dir='ltr'>καὶ</span> <span class='ocrx_word' id='word_1_87' title='bbox 348 520 408 551; x_wconf 87' lang='grc' dir='ltr'>ὅλος</span> <span class='ocrx_word' id='word_1_88' title='bbox 422 521 452 547; x_wconf 82' lang='grc' dir='ltr'><strong>ὲν</strong></span> <span class='ocrx_word' id='word_1_89' title='bbox 478 521 528 557; x_wconf 79' lang='grc' dir='ltr'>ὅλῃ</span> <span class='ocrx_word' id='word_1_90' title='bbox 539 522 573 556; x_wconf 83' lang='grc' dir='ltr'><strong>τῇ</strong></span> <span class='ocrx_word' id='word_1_91' title='bbox 586 520 655 555; x_wconf 80' lang='grc' dir='ltr'>αὑτῇ</span> <span class='ocrx_word' id='word_1_92' title='bbox 671 521 685 546; x_wconf 85' lang='grc' dir='ltr'><strong>ὅ</strong></span> <span class='ocrx_word' id='word_1_93' title='bbox 696 520 791 554; x_wconf 79' lang='grc' dir='ltr'>Πατήρ</span> <span class='ocrx_word' id='word_1_94' title='bbox 805 527 811 535; x_wconf 89' lang='grc'><strong>·</strong></span> <span class='ocrx_word' id='word_1_95' title='bbox 823 519 870 545; x_wconf 74' lang='grc' dir='ltr'>καὶ</span> <span class='ocrx_word' id='word_1_96' title='bbox 884 518 932 553; x_wconf 88' lang='grc' dir='ltr'><strong>ὅλη</strong></span> 
     </span>
    </p>
   </div>
   <div class='ocr_carea' id='block_1_13' title="bbox 141 564 934 601">
    <p class='ocr_par' dir='ltr' id='par_1_13' title="bbox 141 564 934 601">
     <span class='ocr_line' id='line_1_13' title="bbox 141 564 934 601; baseline -0.001 -10"><span class='ocrx_word' id='word_1_97' title='bbox 141 566 171 591; x_wconf 87' lang='lat' dir='ltr'><strong>tv</strong></span> <span class='ocrx_word' id='word_1_98' title='bbox 187 566 242 601; x_wconf 86' lang='grc' dir='ltr'><strong>ὅλῳ</strong></span> <span class='ocrx_word' id='word_1_99' title='bbox 271 564 310 600; x_wconf 80' lang='grc' dir='ltr'>τῷ</span> <span class='ocrx_word' id='word_1_100' title='bbox 338 565 395 600; x_wconf 83' lang='grc' dir='ltr'><strong>Υἱῷ</strong></span> <span class='ocrx_word' id='word_1_101' title='bbox 422 566 439 601; x_wconf 76' lang='grc' dir='ltr'><strong>ἡ</strong></span> <span class='ocrx_word' id='word_1_102' title='bbox 460 565 530 600; x_wconf 80' lang='grc' dir='ltr'>αὐτή</span> <span class='ocrx_word' id='word_1_103' title='bbox 541 573 548 580; x_wconf 92' lang='grc'><strong>·</strong></span> <span class='ocrx_word' id='word_1_104' title='bbox 575 565 623 592; x_wconf 78' lang='grc' dir='ltr'>καὶ</span> <span class='ocrx_word' id='word_1_105' title='bbox 636 565 697 596; x_wconf 80' lang='grc' dir='ltr'>ὅλος</span> <span class='ocrx_word' id='word_1_106' title='bbox 710 565 739 591; x_wconf 88' lang='lat' dir='ltr'><strong>tv</strong></span> <span class='ocrx_word' id='word_1_107' title='bbox 753 564 800 599; x_wconf 85' lang='grc' dir='ltr'>ὅλῃ</span> <span class='ocrx_word' id='word_1_108' title='bbox 816 566 850 600; x_wconf 85' lang='grc' dir='ltr'>τῇ</span> <span class='ocrx_word' id='word_1_109' title='bbox 866 564 934 597; x_wconf 84' lang='grc' dir='ltr'>αὑτῇ</span> 
     </span>
    </p>
   </div>
   <div class='ocr_carea' id='block_1_14' title="bbox 140 609 936 646">
    <p class='ocr_par' dir='ltr' id='par_1_14' title="bbox 140 609 936 646">
     <span class='ocr_line' id='line_1_14' title="bbox 140 609 936 646; baseline -0.003 -8"><span class='ocrx_word' id='word_1_110' title='bbox 140 613 156 638; x_wconf 82' lang='grc' dir='ltr'><strong>ὅ</strong></span> <span class='ocrx_word' id='word_1_111' title='bbox 166 612 242 643; x_wconf 82' lang='grc' dir='ltr'><strong>Υἱός.</strong></span> <span class='ocrx_word' id='word_1_112' title='bbox 261 612 316 638; x_wconf 78' lang='lat' dir='ltr'><strong>Kal.</strong></span> <span class='ocrx_word' id='word_1_113' title='bbox 331 611 380 646; x_wconf 87' lang='grc' dir='ltr'><strong>ὅλη</strong></span> <span class='ocrx_word' id='word_1_114' title='bbox 396 611 426 638; x_wconf 81' lang='lat' dir='ltr'><strong>tv</strong></span> <span class='ocrx_word' id='word_1_115' title='bbox 440 611 493 646; x_wconf 82' lang='grc' dir='ltr'><strong>ὅλῳ</strong></span> <span class='ocrx_word' id='word_1_116' title='bbox 506 611 544 646; x_wconf 80' lang='grc' dir='ltr'>τῷ</span> <span class='ocrx_word' id='word_1_117' title='bbox 557 611 697 646; x_wconf 87' lang='grc' dir='ltr'>Πνεὺματι</span> <span class='ocrx_word' id='word_1_118' title='bbox 711 610 750 646; x_wconf 88' lang='grc' dir='ltr'>τῷ</span> <span class='ocrx_word' id='word_1_119' title='bbox 765 610 836 644; x_wconf 83' lang='grc' dir='ltr'><strong>ἁγίῳ</strong></span> <span class='ocrx_word' id='word_1_120' title='bbox 853 611 870 645; x_wconf 81' lang='grc' dir='ltr'>ἡ</span> <span class='ocrx_word' id='word_1_121' title='bbox 886 609 936 637; x_wconf 83' lang='grc' dir='ltr'><strong>αὺ-</strong></span> 
     </span>
    </p>
   </div>
   <div class='ocr_carea' id='block_1_15' title="bbox 141 654 934 692">
    <p class='ocr_par' dir='ltr' id='par_1_15' title="bbox 141 654 934 692">
     <span class='ocr_line' id='line_1_15' title="bbox 141 654 934 692; baseline -0.003 -9"><span class='ocrx_word' id='word_1_122' title='bbox 141 657 174 692; x_wconf 91' lang='grc' dir='ltr'>τή</span> <span class='ocrx_word' id='word_1_123' title='bbox 189 664 196 671; x_wconf 94' lang='grc'><strong>·</strong></span> <span class='ocrx_word' id='word_1_124' title='bbox 225 657 273 683; x_wconf 76' lang='grc' dir='ltr'><strong>καὶ</strong></span> <span class='ocrx_word' id='word_1_125' title='bbox 299 656 360 683; x_wconf 84' lang='grc' dir='ltr'>ὅλον</span> <span class='ocrx_word' id='word_1_126' title='bbox 383 657 412 682; x_wconf 82' lang='grc' dir='ltr'><strong>ὲν</strong></span> <span class='ocrx_word' id='word_1_127' title='bbox 437 655 486 692; x_wconf 80' lang='grc' dir='ltr'>ὅλῃ</span> <span class='ocrx_word' id='word_1_128' title='bbox 500 657 532 691; x_wconf 84' lang='grc' dir='ltr'>τῇ</span> <span class='ocrx_word' id='word_1_129' title='bbox 545 656 613 691; x_wconf 80' lang='grc' dir='ltr'>αὐτῇ</span> <span class='ocrx_word' id='word_1_130' title='bbox 628 656 659 682; x_wconf 83' lang='grc' dir='ltr'><strong>τὸ</strong></span> <span class='ocrx_word' id='word_1_131' title='bbox 674 655 787 690; x_wconf 80' lang='grc' dir='ltr'><strong>Πνεῦμα</strong></span> <span class='ocrx_word' id='word_1_132' title='bbox 802 654 833 681; x_wconf 85' lang='grc' dir='ltr'><strong>τὸ</strong></span> <span class='ocrx_word' id='word_1_133' title='bbox 848 655 934 688; x_wconf 79' lang='grc' dir='ltr'>ἆγιον.</span> 
     </span>
    </p>
   </div>
   <div class='ocr_carea' id='block_1_16' title="bbox 142 700 935 738">
    <p class='ocr_par' dir='ltr' id='par_1_16' title="bbox 142 700 935 738">
     <span class='ocr_line' id='line_1_16' title="bbox 142 700 935 738; baseline -0.004 -9"><span class='ocrx_word' id='word_1_134' title='bbox 142 702 212 737; x_wconf 85' lang='grc' dir='ltr'>Ὅλη</span> <span class='ocrx_word' id='word_1_135' title='bbox 228 702 335 738; x_wconf 78' lang='grc' dir='ltr'>Πατὴρ,</span> <span class='ocrx_word' id='word_1_136' title='bbox 351 702 399 729; x_wconf 73' lang='grc' dir='ltr'><strong>καὶ</strong></span> <span class='ocrx_word' id='word_1_137' title='bbox 417 703 446 728; x_wconf 90' lang='lat' dir='ltr'><strong>tv</strong></span> <span class='ocrx_word' id='word_1_138' title='bbox 459 702 513 737; x_wconf 85' lang='grc' dir='ltr'>ὅλῳ</span> <span class='ocrx_word' id='word_1_139' title='bbox 526 701 565 737; x_wconf 84' lang='grc' dir='ltr'>τῷ</span> <span class='ocrx_word' id='word_1_140' title='bbox 577 701 665 737; x_wconf 84' lang='grc' dir='ltr'>Πατρί</span> <span class='ocrx_word' id='word_1_141' title='bbox 677 709 683 717; x_wconf 91' lang='grc'>·</span> <span class='ocrx_word' id='word_1_142' title='bbox 713 703 761 727; x_wconf 74' lang='grc' dir='ltr'>καὶ</span> <span class='ocrx_word' id='word_1_143' title='bbox 775 700 834 732; x_wconf 81' lang='grc' dir='ltr'>ὅλος</span> <span class='ocrx_word' id='word_1_144' title='bbox 849 701 878 726; x_wconf 81' lang='lat' dir='ltr'><strong>tv</strong></span> <span class='ocrx_word' id='word_1_145' title='bbox 888 700 935 736; x_wconf 78' lang='grc' dir='ltr'>ὅλῃ</span> 
     </span>
    </p>
   </div>
   <div class='ocr_carea' id='block_1_17' title="bbox 141 746 936 784">
    <p class='ocr_par' dir='ltr' id='par_1_17' title="bbox 141 746 936 784">
     <span class='ocr_line' id='line_1_17' title="bbox 141 746 936 784; baseline -0.004 -9"><span class='ocrx_word' id='word_1_146' title='bbox 141 749 155 775; x_wconf 84' lang='lat'><strong>6</strong></span> <span class='ocrx_word' id='word_1_147' title='bbox 170 747 281 784; x_wconf 79' lang='grc' dir='ltr'>Πατὴρ,</span> <span class='ocrx_word' id='word_1_148' title='bbox 297 748 345 774; x_wconf 76' lang='grc' dir='ltr'><strong>καὶ</strong></span> <span class='ocrx_word' id='word_1_149' title='bbox 360 748 409 783; x_wconf 87' lang='grc' dir='ltr'><strong>ὅλη</strong></span> <span class='ocrx_word' id='word_1_150' title='bbox 423 747 484 779; x_wconf 85' lang='grc' dir='ltr'>ὅλος</span> <span class='ocrx_word' id='word_1_151' title='bbox 499 748 513 773; x_wconf 84' lang='lat'><strong>6</strong></span> <span class='ocrx_word' id='word_1_152' title='bbox 525 747 631 782; x_wconf 87' lang='grc' dir='ltr'>Πατήρ.</span> <span class='ocrx_word' id='word_1_153' title='bbox 649 746 704 774; x_wconf 76' lang='lat' dir='ltr'><strong>Kal.</strong></span> <span class='ocrx_word' id='word_1_154' title='bbox 717 746 765 782; x_wconf 83' lang='grc' dir='ltr'><strong>ὅλη</strong></span> <span class='ocrx_word' id='word_1_155' title='bbox 777 746 836 778; x_wconf 85' lang='grc' dir='ltr'>ὅλος</span> <span class='ocrx_word' id='word_1_156' title='bbox 850 747 864 773; x_wconf 91' lang='lat'><strong>6</strong></span> <span class='ocrx_word' id='word_1_157' title='bbox 875 746 936 778; x_wconf 85' lang='grc' dir='ltr'>Υἱὸς</span> 
     </span>
    </p>
   </div>
   <div class='ocr_carea' id='block_1_18' title="bbox 140 791 936 829">
    <p class='ocr_par' dir='ltr' id='par_1_18' title="bbox 140 791 936 829">
     <span class='ocr_line' id='line_1_18' title="bbox 140 791 936 829; baseline -0.004 -8"><span class='ocrx_word' id='word_1_158' title='bbox 140 794 158 829; x_wconf 82' lang='grc' dir='ltr'><strong>ὴ</strong></span> <span class='ocrx_word' id='word_1_159' title='bbox 180 794 249 829; x_wconf 82' lang='grc' dir='ltr'>αὑτή</span> <span class='ocrx_word' id='word_1_160' title='bbox 263 802 269 809; x_wconf 92' lang='grc'><strong>·</strong></span> <span class='ocrx_word' id='word_1_161' title='bbox 297 793 346 820; x_wconf 77' lang='grc' dir='ltr'><strong>καὶ</strong></span> <span class='ocrx_word' id='word_1_162' title='bbox 366 793 415 829; x_wconf 86' lang='grc' dir='ltr'><strong>ὅλη</strong></span> <span class='ocrx_word' id='word_1_163' title='bbox 439 793 469 819; x_wconf 87' lang='lat' dir='ltr'><strong>tv</strong></span> <span class='ocrx_word' id='word_1_164' title='bbox 488 793 542 828; x_wconf 85' lang='grc' dir='ltr'>ὅλῳ</span> <span class='ocrx_word' id='word_1_165' title='bbox 558 793 597 828; x_wconf 88' lang='grc' dir='ltr'>τῷ</span> <span class='ocrx_word' id='word_1_166' title='bbox 612 791 668 828; x_wconf 84' lang='grc' dir='ltr'><strong>Υῑῷ</strong></span> <span class='ocrx_word' id='word_1_167' title='bbox 685 793 702 827; x_wconf 81' lang='grc' dir='ltr'>ἡ</span> <span class='ocrx_word' id='word_1_168' title='bbox 717 792 798 828; x_wconf 79' lang='grc' dir='ltr'>αὑτή’</span> <span class='ocrx_word' id='word_1_169' title='bbox 817 791 864 818; x_wconf 73' lang='grc' dir='ltr'><strong>καὶ</strong></span> <span class='ocrx_word' id='word_1_170' title='bbox 876 792 936 823; x_wconf 86' lang='grc' dir='ltr'>ὅλος</span> 
     </span>
    </p>
   </div>
   <div class='ocr_carea' id='block_1_19' title="bbox 141 836 935 874">
    <p class='ocr_par' dir='ltr' id='par_1_19' title="bbox 141 836 935 874">
     <span class='ocr_line' id='line_1_19' title="bbox 141 836 935 874; baseline -0.003 -9"><span class='ocrx_word' id='word_1_171' title='bbox 141 839 190 873; x_wconf 92' lang='grc' dir='ltr'><strong>ὅλη</strong></span> <span class='ocrx_word' id='word_1_172' title='bbox 203 859 210 870; x_wconf 93' lang='grc'><strong><em>,</em></strong></span> <span class='ocrx_word' id='word_1_173' title='bbox 239 838 288 866; x_wconf 75' lang='grc' dir='ltr'><strong>καὶ</strong></span> <span class='ocrx_word' id='word_1_174' title='bbox 311 839 341 866; x_wconf 81' lang='grc' dir='ltr'><strong>ὲν</strong></span> <span class='ocrx_word' id='word_1_175' title='bbox 361 839 410 874; x_wconf 79' lang='grc' dir='ltr'><strong>ὅλη</strong></span> <span class='ocrx_word' id='word_1_176' title='bbox 426 839 460 874; x_wconf 80' lang='grc' dir='ltr'>τῇ</span> <span class='ocrx_word' id='word_1_177' title='bbox 473 838 542 874; x_wconf 80' lang='grc' dir='ltr'>αὑτῇ</span> <span class='ocrx_word' id='word_1_178' title='bbox 555 837 570 864; x_wconf 85' lang='lat'><strong>6</strong></span> <span class='ocrx_word' id='word_1_179' title='bbox 582 837 656 870; x_wconf 84' lang='grc' dir='ltr'>Υἱός.</span> <span class='ocrx_word' id='word_1_180' title='bbox 687 838 742 864; x_wconf 75' lang='grc' dir='ltr'><strong>Καὶ</strong></span> <span class='ocrx_word' id='word_1_181' title='bbox 763 837 811 872; x_wconf 88' lang='grc' dir='ltr'><strong>ὅλη</strong></span> <span class='ocrx_word' id='word_1_182' title='bbox 824 836 935 872; x_wconf 83' lang='grc' dir='ltr'><strong>Πνεῦμα</strong></span> 
     </span>
    </p>
   </div>
   <div class='ocr_carea' id='block_1_20' title="bbox 143 883 935 920">
    <p class='ocr_par' dir='ltr' id='par_1_20' title="bbox 143 883 935 920">
     <span class='ocr_line' id='line_1_20' title="bbox 143 883 935 920; baseline -0.004 -8"><span class='ocrx_word' id='word_1_183' title='bbox 143 884 224 919; x_wconf 73' lang='grc' dir='ltr'>ἅγιον</span> <span class='ocrx_word' id='word_1_184' title='bbox 238 886 254 920; x_wconf 86' lang='grc' dir='ltr'><strong>ἡ</strong></span> <span class='ocrx_word' id='word_1_185' title='bbox 271 885 352 920; x_wconf 82' lang='grc' dir='ltr'>αὑτὴ,</span> <span class='ocrx_word' id='word_1_186' title='bbox 369 885 417 911; x_wconf 75' lang='grc' dir='ltr'><strong>καὶ</strong></span> <span class='ocrx_word' id='word_1_187' title='bbox 433 885 461 911; x_wconf 87' lang='lat' dir='ltr'><strong>tv</strong></span> <span class='ocrx_word' id='word_1_188' title='bbox 473 884 527 920; x_wconf 84' lang='grc' dir='ltr'><strong>ὅλῳ</strong></span> <span class='ocrx_word' id='word_1_189' title='bbox 537 883 576 918; x_wconf 85' lang='grc' dir='ltr'>τῷ</span> <span class='ocrx_word' id='word_1_190' title='bbox 589 883 727 918; x_wconf 80' lang='grc' dir='ltr'>Πνεύματι</span> <span class='ocrx_word' id='word_1_191' title='bbox 741 883 780 919; x_wconf 83' lang='grc' dir='ltr'>τῷ</span> <span class='ocrx_word' id='word_1_192' title='bbox 790 883 870 918; x_wconf 80' lang='grc' dir='ltr'>ἁγίῳ·</span> <span class='ocrx_word' id='word_1_193' title='bbox 888 883 935 910; x_wconf 75' lang='grc' dir='ltr'>καὶ</span> 
     </span>
    </p>
   </div>
   <div class='ocr_carea' id='block_1_21' title="bbox 142 929 933 966">
    <p class='ocr_par' dir='ltr' id='par_1_21' title="bbox 142 929 933 966">
     <span class='ocr_line' id='line_1_21' title="bbox 142 929 933 966; baseline -0.003 -9"><span class='ocrx_word' id='word_1_194' title='bbox 142 931 176 957; x_wconf 87' lang='grc' dir='ltr'><strong>τὸ</strong></span> <span class='ocrx_word' id='word_1_195' title='bbox 192 932 306 966; x_wconf 81' lang='grc' dir='ltr'><strong>Πνεῦμα</strong></span> <span class='ocrx_word' id='word_1_196' title='bbox 320 931 351 957; x_wconf 86' lang='grc' dir='ltr'><strong>τὸ</strong></span> <span class='ocrx_word' id='word_1_197' title='bbox 364 931 442 965; x_wconf 65' lang='grc' dir='ltr'>ἅγιον</span> <span class='ocrx_word' id='word_1_198' title='bbox 453 931 514 957; x_wconf 84' lang='grc' dir='ltr'>ὅλον</span> <span class='ocrx_word' id='word_1_199' title='bbox 524 930 584 965; x_wconf 79' lang='grc' dir='ltr'>ὅλη,</span> <span class='ocrx_word' id='word_1_200' title='bbox 592 930 640 956; x_wconf 74' lang='lat' dir='ltr'><strong>xa‘.</strong></span> <span class='ocrx_word' id='word_1_201' title='bbox 647 930 707 957; x_wconf 82' lang='grc' dir='ltr'>ὅλον</span> <span class='ocrx_word' id='word_1_202' title='bbox 717 930 746 956; x_wconf 82' lang='lat' dir='ltr'><strong>tv</strong></span> <span class='ocrx_word' id='word_1_203' title='bbox 756 930 805 966; x_wconf 80' lang='grc' dir='ltr'>ὅλῃ</span> <span class='ocrx_word' id='word_1_204' title='bbox 817 931 850 964; x_wconf 82' lang='grc' dir='ltr'>τῇ</span> <span class='ocrx_word' id='word_1_205' title='bbox 865 929 933 964; x_wconf 83' lang='grc' dir='ltr'>αὑτῇ</span> 
     </span>
    </p>
   </div>
   <div class='ocr_carea' id='block_1_22' title="bbox 141 973 934 1011">
    <p class='ocr_par' dir='ltr' id='par_1_22' title="bbox 141 973 934 1011">
     <span class='ocr_line' id='line_1_22' title="bbox 141 973 934 1011; baseline -0.004 -9"><span class='ocrx_word' id='word_1_206' title='bbox 141 975 293 1011; x_wconf 78' lang='grc' dir='ltr'>τὸΠνεῦμα</span> <span class='ocrx_word' id='word_1_207' title='bbox 303 975 334 1002; x_wconf 85' lang='grc' dir='ltr'><strong>τὸ</strong></span> <span class='ocrx_word' id='word_1_208' title='bbox 349 975 438 1010; x_wconf 72' lang='grc' dir='ltr'>ἅγιον.</span> <span class='ocrx_word' id='word_1_209' title='bbox 453 974 491 1002; x_wconf 82' lang='grc' dir='ltr'><strong>οὐ</strong></span> <span class='ocrx_word' id='word_1_210' title='bbox 510 975 566 1010; x_wconf 81' lang='grc' dir='ltr'>γὰρ</span> <span class='ocrx_word' id='word_1_211' title='bbox 575 976 608 1001; x_wconf 78' lang='grc' dir='ltr'><strong>ὲκ</strong></span> <span class='ocrx_word' id='word_1_212' title='bbox 621 974 720 1010; x_wconf 82' lang='grc' dir='ltr'><strong>μέρους</strong></span> <span class='ocrx_word' id='word_1_213' title='bbox 731 975 748 1010; x_wconf 79' lang='grc' dir='ltr'><strong>ἡ</strong></span> <span class='ocrx_word' id='word_1_214' title='bbox 757 974 852 1009; x_wconf 82' lang='grc' dir='ltr'>θεότης</span> <span class='ocrx_word' id='word_1_215' title='bbox 861 975 888 1000; x_wconf 83' lang='lat' dir='ltr'><strong>tv</strong></span> <span class='ocrx_word' id='word_1_216' title='bbox 895 973 934 1010; x_wconf 84' lang='grc' dir='ltr'>τῷ</span> 
     </span>
    </p>
   </div>
   <div class='ocr_carea' id='block_1_23' title="bbox 141 1019 934 1056">
    <p class='ocr_par' dir='ltr' id='par_1_23' title="bbox 141 1019 934 1056">
     <span class='ocr_line' id='line_1_23' title="bbox 141 1019 934 1056; baseline -0.004 -8"><span class='ocrx_word' id='word_1_217' title='bbox 141 1022 241 1056; x_wconf 61' lang='lat' dir='ltr'><strong>Ila-:91,</strong></span> <span class='ocrx_word' id='word_1_218' title='bbox 251 1021 268 1056; x_wconf 84' lang='grc' dir='ltr'>ἢ</span> <span class='ocrx_word' id='word_1_219' title='bbox 279 1022 311 1047; x_wconf 81' lang='grc' dir='ltr'><strong>ὲκ</strong></span> <span class='ocrx_word' id='word_1_220' title='bbox 326 1020 426 1056; x_wconf 75' lang='grc' dir='ltr'>μέρους</span> <span class='ocrx_word' id='word_1_221' title='bbox 438 1020 504 1052; x_wconf 85' lang='grc' dir='ltr'><strong>Θεὸς</strong></span> <span class='ocrx_word' id='word_1_222' title='bbox 517 1021 532 1047; x_wconf 86' lang='grc' dir='ltr'>ὁ</span> <span class='ocrx_word' id='word_1_223' title='bbox 546 1021 651 1056; x_wconf 82' lang='grc' dir='ltr'>Πατήρ·</span> <span class='ocrx_word' id='word_1_224' title='bbox 663 1019 726 1046; x_wconf 79' lang='grc' dir='ltr'>οὗτε</span> <span class='ocrx_word' id='word_1_225' title='bbox 742 1020 774 1046; x_wconf 79' lang='grc' dir='ltr'><strong>ὲκ</strong></span> <span class='ocrx_word' id='word_1_226' title='bbox 791 1019 890 1054; x_wconf 85' lang='grc' dir='ltr'>μέρους</span> <span class='ocrx_word' id='word_1_227' title='bbox 906 1019 934 1045; x_wconf 89' lang='lat' dir='ltr'><strong>tv</strong></span> 
     </span>
    </p>
   </div>
   <div class='ocr_carea' id='block_1_24' title="bbox 141 1064 934 1101">
    <p class='ocr_par' dir='ltr' id='par_1_24' title="bbox 141 1064 934 1101">
     <span class='ocr_line' id='line_1_24' title="bbox 141 1064 934 1101; baseline -0.004 -8"><span class='ocrx_word' id='word_1_228' title='bbox 141 1066 181 1101; x_wconf 82' lang='grc' dir='ltr'>τῷ</span> <span class='ocrx_word' id='word_1_229' title='bbox 197 1065 254 1101; x_wconf 82' lang='grc' dir='ltr'><strong>Υἱῷ</strong></span> <span class='ocrx_word' id='word_1_230' title='bbox 269 1067 285 1101; x_wconf 81' lang='grc' dir='ltr'>ἡ</span> <span class='ocrx_word' id='word_1_231' title='bbox 299 1065 406 1100; x_wconf 82' lang='grc' dir='ltr'>θεότης,</span> <span class='ocrx_word' id='word_1_232' title='bbox 422 1066 439 1101; x_wconf 76' lang='grc' dir='ltr'>ἢ</span> <span class='ocrx_word' id='word_1_233' title='bbox 453 1065 486 1092; x_wconf 70' lang='grc' dir='ltr'><strong>ἐκ</strong></span> <span class='ocrx_word' id='word_1_234' title='bbox 506 1065 606 1101; x_wconf 85' lang='grc' dir='ltr'>μέρους</span> <span class='ocrx_word' id='word_1_235' title='bbox 621 1065 687 1096; x_wconf 88' lang='grc' dir='ltr'>Θεὸς</span> <span class='ocrx_word' id='word_1_236' title='bbox 702 1065 716 1091; x_wconf 97' lang='lat'><strong>6</strong></span> <span class='ocrx_word' id='word_1_237' title='bbox 730 1064 793 1096; x_wconf 84' lang='grc' dir='ltr'>Υἱός</span> <span class='ocrx_word' id='word_1_238' title='bbox 804 1073 811 1080; x_wconf 67' lang='grc'><strong><em>⁸</em></strong></span> <span class='ocrx_word' id='word_1_239' title='bbox 828 1064 889 1092; x_wconf 81' lang='grc' dir='ltr'>οὕτε</span> <span class='ocrx_word' id='word_1_240' title='bbox 902 1065 934 1090; x_wconf 82' lang='grc' dir='ltr'><strong>ὲκ</strong></span> 
     </span>
    </p>
   </div>
   <div class='ocr_carea' id='block_1_25' title="bbox 142 1110 934 1147">
    <p class='ocr_par' dir='ltr' id='par_1_25' title="bbox 142 1110 934 1147">
     <span class='ocr_line' id='line_1_25' title="bbox 142 1110 934 1147; baseline -0.001 -9"><span class='ocrx_word' id='word_1_241' title='bbox 142 1113 244 1147; x_wconf 80' lang='grc' dir='ltr'>μέρους</span> <span class='ocrx_word' id='word_1_242' title='bbox 262 1113 292 1138; x_wconf 83' lang='grc' dir='ltr'><strong>ὲν</strong></span> <span class='ocrx_word' id='word_1_243' title='bbox 307 1111 345 1146; x_wconf 82' lang='grc' dir='ltr'>τῷ</span> <span class='ocrx_word' id='word_1_244' title='bbox 358 1111 428 1146; x_wconf 81' lang='grc' dir='ltr'><strong>ἁγίῳ</strong></span> <span class='ocrx_word' id='word_1_245' title='bbox 440 1111 578 1146; x_wconf 82' lang='grc' dir='ltr'>Πνεύματι</span> <span class='ocrx_word' id='word_1_246' title='bbox 594 1112 612 1146; x_wconf 82' lang='grc' dir='ltr'>ὴ</span> <span class='ocrx_word' id='word_1_247' title='bbox 627 1110 733 1146; x_wconf 84' lang='grc' dir='ltr'>οεότης,</span> <span class='ocrx_word' id='word_1_248' title='bbox 751 1110 767 1146; x_wconf 81' lang='grc' dir='ltr'>ἢ</span> <span class='ocrx_word' id='word_1_249' title='bbox 787 1111 821 1137; x_wconf 76' lang='grc' dir='ltr'><strong>ἐκ,</strong></span> <span class='ocrx_word' id='word_1_250' title='bbox 834 1111 934 1146; x_wconf 82' lang='grc' dir='ltr'>μέρους</span> 
     </span>
    </p>
   </div>
   <div class='ocr_carea' id='block_1_26' title="bbox 141 1155 934 1192">
    <p class='ocr_par' dir='ltr' id='par_1_26' title="bbox 141 1155 934 1192">
     <span class='ocr_line' id='line_1_26' title="bbox 141 1155 934 1192; baseline -0.001 -9"><span class='ocrx_word' id='word_1_251' title='bbox 141 1157 209 1188; x_wconf 74' lang='grc' dir='ltr'>Θεὸς</span> <span class='ocrx_word' id='word_1_252' title='bbox 223 1157 253 1183; x_wconf 87' lang='grc' dir='ltr'><strong>τὸ</strong></span> <span class='ocrx_word' id='word_1_253' title='bbox 271 1156 381 1192; x_wconf 80' lang='grc' dir='ltr'><strong>Πνεῦμα</strong></span> <span class='ocrx_word' id='word_1_254' title='bbox 393 1156 427 1183; x_wconf 80' lang='grc' dir='ltr'>’τὸ</span> <span class='ocrx_word' id='word_1_255' title='bbox 440 1156 526 1190; x_wconf 69' lang='grc' dir='ltr'>ἅγιον.</span> <span class='ocrx_word' id='word_1_256' title='bbox 555 1156 625 1183; x_wconf 84' lang='grc' dir='ltr'>Οὑτε</span> <span class='ocrx_word' id='word_1_257' title='bbox 639 1155 693 1192; x_wconf 75' lang='grc' dir='ltr'><strong>γὰρ</strong></span> <span class='ocrx_word' id='word_1_258' title='bbox 709 1156 825 1191; x_wconf 84' lang='grc' dir='ltr'>μεριστὴ</span> <span class='ocrx_word' id='word_1_259' title='bbox 840 1157 857 1190; x_wconf 79' lang='grc' dir='ltr'><strong>η</strong></span> <span class='ocrx_word' id='word_1_260' title='bbox 873 1155 934 1182; x_wconf 82' lang='grc' dir='ltr'>θεό-</span> 
     </span>
    </p>
   </div>
   <div class='ocr_carea' id='block_1_27' title="bbox 140 1201 934 1237">
    <p class='ocr_par' dir='ltr' id='par_1_27' title="bbox 140 1201 934 1237">
     <span class='ocr_line' id='line_1_27' title="bbox 140 1201 934 1237; baseline -0.001 -9"><span class='ocrx_word' id='word_1_261' title='bbox 140 1211 191 1237; x_wconf 86' lang='grc' dir='ltr'><strong>της</strong></span> <span class='ocrx_word' id='word_1_262' title='bbox 203 1210 209 1216; x_wconf 91' lang='grc'><strong>·</strong></span> <span class='ocrx_word' id='word_1_263' title='bbox 238 1202 300 1228; x_wconf 73' lang='grc' dir='ltr'>οὗτε</span> <span class='ocrx_word' id='word_1_264' title='bbox 326 1201 424 1237; x_wconf 80' lang='grc' dir='ltr'>ἀτελὴς</span> <span class='ocrx_word' id='word_1_265' title='bbox 447 1202 516 1233; x_wconf 81' lang='grc' dir='ltr'>Θεὸς</span> <span class='ocrx_word' id='word_1_266' title='bbox 539 1202 553 1227; x_wconf 88' lang='lat'><strong>6</strong></span> <span class='ocrx_word' id='word_1_267' title='bbox 575 1201 672 1237; x_wconf 88' lang='grc' dir='ltr'>Πατὴρ</span> <span class='ocrx_word' id='word_1_268' title='bbox 685 1221 693 1233; x_wconf 88' lang='lat'><strong>,</strong></span> <span class='ocrx_word' id='word_1_269' title='bbox 720 1201 736 1236; x_wconf 88' lang='grc' dir='ltr'>ἢ</span> <span class='ocrx_word' id='word_1_270' title='bbox 752 1202 766 1227; x_wconf 85' lang='grc'>6</span> <span class='ocrx_word' id='word_1_271' title='bbox 782 1201 856 1233; x_wconf 76' lang='grc' dir='ltr'>Υἱὸς,</span> <span class='ocrx_word' id='word_1_272' title='bbox 873 1201 890 1236; x_wconf 80' lang='grc' dir='ltr'>ἢ</span> <span class='ocrx_word' id='word_1_273' title='bbox 904 1202 934 1227; x_wconf 85' lang='grc' dir='ltr'><strong>τὸ</strong></span> 
     </span>
    </p>
   </div>
   <div class='ocr_carea' id='block_1_28' title="bbox 141 1247 935 1283">
    <p class='ocr_par' dir='ltr' id='par_1_28' title="bbox 141 1247 935 1283">
     <span class='ocr_line' id='line_1_28' title="bbox 141 1247 935 1283; baseline 0 -9"><span class='ocrx_word' id='word_1_274' title='bbox 141 1247 256 1282; x_wconf 78' lang='grc' dir='ltr'><strong>Πνεῦμα</strong></span> <span class='ocrx_word' id='word_1_275' title='bbox 271 1248 301 1274; x_wconf 79' lang='grc' dir='ltr'><strong>τὸ</strong></span> <span class='ocrx_word' id='word_1_276' title='bbox 315 1248 394 1282; x_wconf 75' lang='grc' dir='ltr'>ἆγιον</span> <span class='ocrx_word' id='word_1_277' title='bbox 406 1256 412 1264; x_wconf 93' lang='grc'>·</span> <span class='ocrx_word' id='word_1_278' title='bbox 428 1248 486 1274; x_wconf 86' lang='grc' dir='ltr'>ἀλλ’</span> <span class='ocrx_word' id='word_1_279' title='bbox 506 1247 555 1283; x_wconf 84' lang='grc' dir='ltr'><strong>ὅλη</strong></span> <span class='ocrx_word' id='word_1_280' title='bbox 571 1247 674 1283; x_wconf 72' lang='grc' dir='ltr'><strong>ἐστ).νὴ</strong></span> <span class='ocrx_word' id='word_1_281' title='bbox 694 1248 763 1283; x_wconf 80' lang='grc' dir='ltr'>αὑτὴ</span> <span class='ocrx_word' id='word_1_282' title='bbox 782 1247 873 1274; x_wconf 85' lang='grc' dir='ltr'>τελεία</span> <span class='ocrx_word' id='word_1_283' title='bbox 893 1256 935 1274; x_wconf 84' lang='grc' dir='ltr'>τε·</span> 
     </span>
    </p>
   </div>
   <div class='ocr_carea' id='block_1_29' title="bbox 139 1293 934 1329">
    <p class='ocr_par' dir='ltr' id='par_1_29' title="bbox 139 1293 934 1329">
     <span class='ocr_line' id='line_1_29' title="bbox 139 1293 934 1329; baseline 0.001 -9"><span class='ocrx_word' id='word_1_284' title='bbox 139 1293 221 1325; x_wconf 76' lang='grc' dir='ltr'>λείως</span> <span class='ocrx_word' id='word_1_285' title='bbox 234 1294 262 1320; x_wconf 88' lang='lat' dir='ltr'><strong>tv</strong></span> <span class='ocrx_word' id='word_1_286' title='bbox 277 1293 372 1329; x_wconf 78' lang='grc' dir='ltr'>τελείῳ</span> <span class='ocrx_word' id='word_1_287' title='bbox 386 1293 425 1329; x_wconf 83' lang='grc' dir='ltr'><strong>τῷ</strong></span> <span class='ocrx_word' id='word_1_288' title='bbox 440 1293 528 1329; x_wconf 85' lang='grc' dir='ltr'>Πατρί</span> <span class='ocrx_word' id='word_1_289' title='bbox 537 1302 543 1308; x_wconf 84' lang='grc'><strong>·</strong></span> <span class='ocrx_word' id='word_1_290' title='bbox 558 1294 606 1320; x_wconf 80' lang='grc' dir='ltr'>καὶ</span> <span class='ocrx_word' id='word_1_291' title='bbox 620 1293 667 1329; x_wconf 83' lang='grc' dir='ltr'><strong>ὅλη</strong></span> <span class='ocrx_word' id='word_1_292' title='bbox 680 1294 770 1321; x_wconf 84' lang='grc' dir='ltr'>τελεία</span> <span class='ocrx_word' id='word_1_293' title='bbox 781 1295 890 1326; x_wconf 84' lang='grc' dir='ltr'>τελείως</span> <span class='ocrx_word' id='word_1_294' title='bbox 904 1295 934 1320; x_wconf 88' lang='lat' dir='ltr'><strong>tv</strong></span> 
     </span>
    </p>
   </div>
   <div class='ocr_carea' id='block_1_30' title="bbox 141 1339 934 1375">
    <p class='ocr_par' dir='ltr' id='par_1_30' title="bbox 141 1339 934 1375">
     <span class='ocr_line' id='line_1_30' title="bbox 141 1339 934 1375; baseline 0 -9"><span class='ocrx_word' id='word_1_295' title='bbox 141 1340 239 1375; x_wconf 77' lang='grc' dir='ltr'>τελείῳ</span> <span class='ocrx_word' id='word_1_296' title='bbox 252 1340 291 1375; x_wconf 84' lang='grc' dir='ltr'>τῷ</span> <span class='ocrx_word' id='word_1_297' title='bbox 306 1340 362 1375; x_wconf 78' lang='grc' dir='ltr'><strong>Υὲῷ</strong></span> <span class='ocrx_word' id='word_1_298' title='bbox 378 1341 394 1375; x_wconf 82' lang='grc' dir='ltr'>ἡ</span> <span class='ocrx_word' id='word_1_299' title='bbox 407 1340 488 1375; x_wconf 80' lang='grc' dir='ltr'>αὑτή-</span> <span class='ocrx_word' id='word_1_300' title='bbox 505 1339 553 1366; x_wconf 65' lang='lat' dir='ltr'><strong>ttat</strong></span> <span class='ocrx_word' id='word_1_301' title='bbox 566 1340 613 1375; x_wconf 89' lang='grc' dir='ltr'><strong>ὅλη</strong></span> <span class='ocrx_word' id='word_1_302' title='bbox 626 1340 717 1366; x_wconf 78' lang='grc' dir='ltr'>τελεία</span> <span class='ocrx_word' id='word_1_303' title='bbox 732 1341 843 1372; x_wconf 81' lang='grc' dir='ltr'>τελείως</span> <span class='ocrx_word' id='word_1_304' title='bbox 856 1342 872 1375; x_wconf 85' lang='grc' dir='ltr'><strong>ἡ</strong></span> <span class='ocrx_word' id='word_1_305' title='bbox 884 1340 934 1367; x_wconf 84' lang='grc' dir='ltr'>αὑ-</span> 
     </span>
    </p>
   </div>
   <div class='ocr_carea' id='block_1_31' title="bbox 139 1380 934 1421">
    <p class='ocr_par' dir='ltr' id='par_1_31' title="bbox 139 1380 934 1421">
     <span class='ocr_line' id='line_1_31' title="bbox 139 1380 934 1421; baseline 0.003 -10"><span class='ocrx_word' id='word_1_306' title='bbox 139 1386 174 1421; x_wconf 81' lang='grc' dir='ltr'>τὴ</span> <span class='ocrx_word' id='word_1_307' title='bbox 201 1386 230 1411; x_wconf 83' lang='grc' dir='ltr'><strong>ἐν</strong></span> <span class='ocrx_word' id='word_1_308' title='bbox 252 1385 349 1420; x_wconf 82' lang='grc' dir='ltr'>τελείῳ</span> <span class='ocrx_word' id='word_1_309' title='bbox 366 1385 405 1420; x_wconf 78' lang='grc' dir='ltr'>τῷ</span> <span class='ocrx_word' id='word_1_310' title='bbox 418 1385 488 1420; x_wconf 81' lang='grc' dir='ltr'>ἁγίῳ</span> <span class='ocrx_word' id='word_1_311' title='bbox 504 1380 654 1420; x_wconf 82' lang='grc' dir='ltr'>Πνεύματι.</span> <span class='ocrx_word' id='word_1_312' title='bbox 672 1385 751 1417; x_wconf 84' lang='grc' dir='ltr'>Ὀλος</span> <span class='ocrx_word' id='word_1_313' title='bbox 764 1386 818 1421; x_wconf 78' lang='grc' dir='ltr'><strong>γὰρ</strong></span> <span class='ocrx_word' id='word_1_314' title='bbox 837 1387 865 1413; x_wconf 81' lang='grc' dir='ltr'><strong>ὲν</strong></span> <span class='ocrx_word' id='word_1_315' title='bbox 881 1386 934 1421; x_wconf 87' lang='grc' dir='ltr'>ὅλῳ</span> 
     </span>
    </p>
   </div>
   <div class='ocr_carea' id='block_1_32' title="bbox 140 1428 932 1464">
    <p class='ocr_par' dir='ltr' id='par_1_32' title="bbox 140 1428 932 1464">
     <span class='ocr_line' id='line_1_32' title="bbox 140 1428 932 1464; baseline 0 -9"><span class='ocrx_word' id='word_1_316' title='bbox 140 1429 180 1464; x_wconf 74' lang='grc' dir='ltr'>τῷ</span> <span class='ocrx_word' id='word_1_317' title='bbox 208 1429 265 1464; x_wconf 80' lang='grc' dir='ltr'>Υἱῷ</span> <span class='ocrx_word' id='word_1_318' title='bbox 290 1429 338 1456; x_wconf 73' lang='grc' dir='ltr'>καὶ</span> <span class='ocrx_word' id='word_1_319' title='bbox 364 1429 401 1464; x_wconf 86' lang='grc' dir='ltr'>τῷ</span> <span class='ocrx_word' id='word_1_320' title='bbox 424 1428 564 1464; x_wconf 84' lang='grc' dir='ltr'>Πνεὺματι</span> <span class='ocrx_word' id='word_1_321' title='bbox 587 1428 697 1460; x_wconf 80' lang='grc' dir='ltr'>τελείως</span> <span class='ocrx_word' id='word_1_322' title='bbox 710 1429 783 1455; x_wconf 76' lang='grc' dir='ltr'>ἐστὶν</span> <span class='ocrx_word' id='word_1_323' title='bbox 800 1429 813 1454; x_wconf 91' lang='lat'><strong>6</strong></span> <span class='ocrx_word' id='word_1_324' title='bbox 827 1429 932 1464; x_wconf 82' lang='grc' dir='ltr'>Πατήρ’</span> 
     </span>
    </p>
   </div>
   <div class='ocr_carea' id='block_1_33' title="bbox 141 1472 933 1509">
    <p class='ocr_par' dir='ltr' id='par_1_33' title="bbox 141 1472 933 1509">
     <span class='ocr_line' id='line_1_33' title="bbox 141 1472 933 1509; baseline -0.003 -9"><span class='ocrx_word' id='word_1_325' title='bbox 141 1474 189 1500; x_wconf 71' lang='grc' dir='ltr'><strong>καὶ</strong></span> <span class='ocrx_word' id='word_1_326' title='bbox 212 1474 271 1505; x_wconf 74' lang='grc' dir='ltr'>ὅλος</span> <span class='ocrx_word' id='word_1_327' title='bbox 288 1474 316 1500; x_wconf 87' lang='lat' dir='ltr'><strong>tv</strong></span> <span class='ocrx_word' id='word_1_328' title='bbox 331 1474 384 1509; x_wconf 85' lang='grc' dir='ltr'><strong>ὅλῳ</strong></span> <span class='ocrx_word' id='word_1_329' title='bbox 398 1473 437 1508; x_wconf 85' lang='grc' dir='ltr'>τῷ</span> <span class='ocrx_word' id='word_1_330' title='bbox 449 1472 537 1508; x_wconf 80' lang='grc' dir='ltr'>Πατρὶ</span> <span class='ocrx_word' id='word_1_331' title='bbox 557 1473 603 1499; x_wconf 78' lang='grc' dir='ltr'><strong>καὶ</strong></span> <span class='ocrx_word' id='word_1_332' title='bbox 618 1472 656 1507; x_wconf 84' lang='grc' dir='ltr'>τῷ</span> <span class='ocrx_word' id='word_1_333' title='bbox 670 1472 808 1508; x_wconf 80' lang='grc' dir='ltr'>Πνεύματι</span> <span class='ocrx_word' id='word_1_334' title='bbox 823 1472 933 1504; x_wconf 76' lang='grc' dir='ltr'>τελείως</span> 
     </span>
    </p>
   </div>
   <div class='ocr_carea' id='block_1_34' title="bbox 141 1517 933 1554">
    <p class='ocr_par' dir='ltr' id='par_1_34' title="bbox 141 1517 933 1554">
     <span class='ocr_line' id='line_1_34' title="bbox 141 1517 933 1554; baseline -0.003 -8"><span class='ocrx_word' id='word_1_335' title='bbox 141 1521 216 1546; x_wconf 72' lang='grc' dir='ltr'>ἐστὶν</span> <span class='ocrx_word' id='word_1_336' title='bbox 229 1520 244 1545; x_wconf 90' lang='lat'><strong>6</strong></span> <span class='ocrx_word' id='word_1_337' title='bbox 261 1519 324 1551; x_wconf 76' lang='grc' dir='ltr'>Υἱός</span> <span class='ocrx_word' id='word_1_338' title='bbox 336 1528 342 1534; x_wconf 91' lang='grc'><strong>·</strong></span> <span class='ocrx_word' id='word_1_339' title='bbox 361 1519 408 1546; x_wconf 71' lang='grc' dir='ltr'><strong>καὶ</strong></span> <span class='ocrx_word' id='word_1_340' title='bbox 420 1519 481 1545; x_wconf 87' lang='grc' dir='ltr'>ὅλον</span> <span class='ocrx_word' id='word_1_341' title='bbox 496 1518 525 1545; x_wconf 92' lang='lat' dir='ltr'><strong>tv</strong></span> <span class='ocrx_word' id='word_1_342' title='bbox 538 1518 590 1554; x_wconf 79' lang='grc' dir='ltr'><strong>ὅλῳ</strong></span> <span class='ocrx_word' id='word_1_343' title='bbox 603 1517 639 1553; x_wconf 83' lang='grc' dir='ltr'>τῷ</span> <span class='ocrx_word' id='word_1_344' title='bbox 655 1518 741 1554; x_wconf 61' lang='lat' dir='ltr'><strong>Harp).</strong></span> <span class='ocrx_word' id='word_1_345' title='bbox 761 1518 809 1545; x_wconf 75' lang='grc' dir='ltr'><strong>καὶ</strong></span> <span class='ocrx_word' id='word_1_346' title='bbox 824 1518 862 1554; x_wconf 80' lang='grc' dir='ltr'>τῷ</span> <span class='ocrx_word' id='word_1_347' title='bbox 877 1517 933 1553; x_wconf 85' lang='grc' dir='ltr'><strong>Υἱῷ</strong></span> 
     </span>
    </p>
   </div>
   <div class='ocr_carea' id='block_1_35' title="bbox 142 1561 935 1599">
    <p class='ocr_par' dir='ltr' id='par_1_35' title="bbox 142 1561 935 1599">
     <span class='ocr_line' id='line_1_35' title="bbox 142 1561 935 1599; baseline -0.003 -7"><span class='ocrx_word' id='word_1_348' title='bbox 142 1566 254 1597; x_wconf 78' lang='grc' dir='ltr'>τελείως</span> <span class='ocrx_word' id='word_1_349' title='bbox 272 1566 332 1592; x_wconf 81' lang='grc' dir='ltr'>ἐστὶ</span> <span class='ocrx_word' id='word_1_350' title='bbox 346 1565 375 1592; x_wconf 87' lang='grc' dir='ltr'><strong>τὸ</strong></span> <span class='ocrx_word' id='word_1_351' title='bbox 390 1564 503 1599; x_wconf 81' lang='grc' dir='ltr'>Πνεῦμα</span> <span class='ocrx_word' id='word_1_352' title='bbox 519 1564 550 1590; x_wconf 84' lang='grc' dir='ltr'><strong>τὸ</strong></span> <span class='ocrx_word' id='word_1_353' title='bbox 567 1564 653 1597; x_wconf 77' lang='grc' dir='ltr'>ἅγιον.</span> <span class='ocrx_word' id='word_1_354' title='bbox 670 1563 716 1590; x_wconf 83' lang='grc' dir='ltr'>Διὸ</span> <span class='ocrx_word' id='word_1_355' title='bbox 726 1564 771 1590; x_wconf 78' lang='grc' dir='ltr'><strong>καὶ</strong></span> <span class='ocrx_word' id='word_1_356' title='bbox 787 1561 826 1596; x_wconf 76' lang='grc' dir='ltr'>εἷς</span> <span class='ocrx_word' id='word_1_357' title='bbox 841 1563 906 1595; x_wconf 84' lang='grc' dir='ltr'>Θεὸς</span> <span class='ocrx_word' id='word_1_358' title='bbox 920 1565 935 1590; x_wconf 92' lang='lat'><strong>6</strong></span> 
     </span>
    </p>
   </div>
   <div class='ocr_carea' id='block_1_36' title="bbox 143 1609 934 1647">
    <p class='ocr_par' dir='ltr' id='par_1_36' title="bbox 143 1609 934 1647">
     <span class='ocr_line' id='line_1_36' title="bbox 143 1609 934 1647; baseline -0.003 -9"><span class='ocrx_word' id='word_1_359' title='bbox 143 1612 240 1647; x_wconf 73' lang='grc' dir='ltr'>Πατὴρ</span> <span class='ocrx_word' id='word_1_360' title='bbox 257 1611 304 1638; x_wconf 75' lang='grc' dir='ltr'><strong>καὶ</strong></span> <span class='ocrx_word' id='word_1_361' title='bbox 317 1612 331 1638; x_wconf 87' lang='lat'><strong>6</strong></span> <span class='ocrx_word' id='word_1_362' title='bbox 347 1610 410 1642; x_wconf 75' lang='grc' dir='ltr'>Υἱὸς</span> <span class='ocrx_word' id='word_1_363' title='bbox 428 1611 474 1637; x_wconf 82' lang='grc' dir='ltr'><strong>καὶ</strong></span> <span class='ocrx_word' id='word_1_364' title='bbox 488 1609 517 1636; x_wconf 85' lang='grc' dir='ltr'>τὸ</span> <span class='ocrx_word' id='word_1_365' title='bbox 531 1609 645 1645; x_wconf 78' lang='grc' dir='ltr'><strong>Πνεῦμα</strong></span> <span class='ocrx_word' id='word_1_366' title='bbox 659 1609 690 1636; x_wconf 87' lang='grc' dir='ltr'><strong>τὸ</strong></span> <span class='ocrx_word' id='word_1_367' title='bbox 703 1610 790 1643; x_wconf 80' lang='grc' dir='ltr'>ἆγιον.</span> <span class='ocrx_word' id='word_1_368' title='bbox 808 1610 866 1636; x_wconf 84' lang='grc' dir='ltr'>Μία</span> <span class='ocrx_word' id='word_1_369' title='bbox 879 1610 934 1645; x_wconf 81' lang='grc' dir='ltr'><strong>γὰρ</strong></span> 
     </span>
    </p>
   </div>
   <div class='ocr_carea' id='block_1_37' title="bbox 144 1655 934 1692">
    <p class='ocr_par' dir='ltr' id='par_1_37' title="bbox 144 1655 934 1692">
     <span class='ocr_line' id='line_1_37' title="bbox 144 1655 934 1692; baseline -0.005 -8"><span class='ocrx_word' id='word_1_370' title='bbox 144 1659 193 1684; x_wconf 75' lang='grc' dir='ltr'><strong>καί</strong></span> <span class='ocrx_word' id='word_1_371' title='bbox 207 1657 223 1692; x_wconf 82' lang='grc' dir='ltr'><strong>ἠ</strong></span> <span class='ocrx_word' id='word_1_372' title='bbox 238 1656 306 1692; x_wconf 74' lang='grc' dir='ltr'>αὑτὴ</span> <span class='ocrx_word' id='word_1_373' title='bbox 322 1655 401 1682; x_wconf 83' lang='grc' dir='ltr'>οὑσῐα</span> <span class='ocrx_word' id='word_1_374' title='bbox 417 1656 464 1682; x_wconf 77' lang='grc' dir='ltr'>καὶ</span> <span class='ocrx_word' id='word_1_375' title='bbox 489 1655 602 1690; x_wconf 82' lang='grc' dir='ltr'>δύναμις</span> <span class='ocrx_word' id='word_1_376' title='bbox 625 1655 672 1682; x_wconf 79' lang='grc' dir='ltr'>καὶ</span> <span class='ocrx_word' id='word_1_377' title='bbox 687 1655 811 1690; x_wconf 78' lang='grc' dir='ltr'>ἐνέργεια</span> <span class='ocrx_word' id='word_1_378' title='bbox 826 1655 934 1690; x_wconf 78' lang='grc' dir='ltr'>Πατρὸς</span> 
     </span>
    </p>
   </div>
   <div class='ocr_carea' id='block_1_38' title="bbox 141 1700 933 1735">
    <p class='ocr_par' dir='ltr' id='par_1_38' title="bbox 141 1700 933 1735">
     <span class='ocr_line' id='line_1_38' title="bbox 141 1700 933 1735; baseline -0.004 -6"><span class='ocrx_word' id='word_1_379' title='bbox 141 1703 189 1729; x_wconf 76' lang='grc' dir='ltr'><strong>καὶ</strong></span> <span class='ocrx_word' id='word_1_380' title='bbox 212 1702 278 1729; x_wconf 81' lang='grc' dir='ltr'>Υῐοῦ</span> <span class='ocrx_word' id='word_1_381' title='bbox 296 1702 343 1728; x_wconf 77' lang='grc' dir='ltr'><strong>καὶ</strong></span> <span class='ocrx_word' id='word_1_382' title='bbox 367 1701 445 1735; x_wconf 79' lang='grc' dir='ltr'>ἁγίου</span> <span class='ocrx_word' id='word_1_383' title='bbox 469 1700 643 1735; x_wconf 77' lang='grc' dir='ltr'>Πνεύματος³</span> <span class='ocrx_word' id='word_1_384' title='bbox 663 1700 712 1727; x_wconf 81' lang='grc' dir='ltr'>οὐκ</span> <span class='ocrx_word' id='word_1_385' title='bbox 729 1700 806 1732; x_wconf 82' lang='grc' dir='ltr'>ὅντος</span> <span class='ocrx_word' id='word_1_386' title='bbox 827 1701 933 1732; x_wconf 78' lang='grc' dir='ltr'>οὐδενὸς</span> 
     </span>
    </p>
   </div>
   <div class='ocr_carea' id='block_1_39' title="bbox 140 1746 596 1784">
    <p class='ocr_par' dir='ltr' id='par_1_39' title="bbox 140 1746 596 1784">
     <span class='ocr_line' id='line_1_39' title="bbox 140 1746 596 1784; baseline -0.007 -9"><span class='ocrx_word' id='word_1_387' title='bbox 140 1748 189 1776; x_wconf 81' lang='grc' dir='ltr'>τοῦ</span> <span class='ocrx_word' id='word_1_388' title='bbox 203 1748 297 1784; x_wconf 81' lang='grc' dir='ltr'>ἑτέρου</span> <span class='ocrx_word' id='word_1_389' title='bbox 313 1748 397 1783; x_wconf 70' lang='grc' dir='ltr'>χωρὶς</span> <span class='ocrx_word' id='word_1_390' title='bbox 412 1747 428 1782; x_wconf 83' lang='grc' dir='ltr'><strong>ἢ</strong></span> <span class='ocrx_word' id='word_1_391' title='bbox 442 1746 596 1781; x_wconf 80' lang='grc' dir='ltr'>νοουμένου.</span> 
     </span>
    </p>
   </div>
   <div class='ocr_carea' id='block_1_40' title="bbox 178 1789 935 1827">
    <p class='ocr_par' dir='ltr' id='par_1_40' title="bbox 178 1789 935 1827">
     <span class='ocr_line' id='line_1_40' title="bbox 178 1789 935 1827; baseline -0.003 -9"><span class='ocrx_word' id='word_1_392' title='bbox 178 1792 212 1827; x_wconf 79' lang='grc' dir='ltr'><strong>β’.</strong></span> <span class='ocrx_word' id='word_1_393' title='bbox 241 1793 320 1818; x_wconf 72' lang='grc' dir='ltr'>Πᾶσα</span> <span class='ocrx_word' id='word_1_394' title='bbox 343 1791 457 1826; x_wconf 74' lang='grc' dir='ltr'><strong>νόησις¹</strong></span> <span class='ocrx_word' id='word_1_395' title='bbox 483 1791 538 1817; x_wconf 87' lang='grc' dir='ltr'><strong>τῶν</strong></span> <span class='ocrx_word' id='word_1_396' title='bbox 559 1789 691 1816; x_wconf 84' lang='grc' dir='ltr'>νοούντων</span> <span class='ocrx_word' id='word_1_397' title='bbox 715 1789 762 1816; x_wconf 77' lang='grc' dir='ltr'>καὶ</span> <span class='ocrx_word' id='word_1_398' title='bbox 781 1790 935 1825; x_wconf 79' lang='grc' dir='ltr'><strong>νοουμένων</strong></span> 
     </span>
    </p>
   </div>
   <div class='ocr_carea' id='block_1_41' title="bbox 142 1835 934 1868">
    <p class='ocr_par' dir='ltr' id='par_1_41' title="bbox 142 1835 934 1868">
     <span class='ocr_line' id='line_1_41' title="bbox 142 1835 934 1868; baseline -0.003 -4"><span class='ocrx_word' id='word_1_399' title='bbox 142 1838 227 1864; x_wconf 72' lang='grc' dir='ltr'>ἐστίν·</span> <span class='ocrx_word' id='word_1_400' title='bbox 247 1838 261 1864; x_wconf 86' lang='lat'><strong>6</strong></span> <span class='ocrx_word' id='word_1_401' title='bbox 273 1837 301 1864; x_wconf 81' lang='grc' dir='ltr'><strong>δὲ</strong></span> <span class='ocrx_word' id='word_1_402' title='bbox 317 1836 393 1868; x_wconf 83' lang='grc' dir='ltr'>Θεὸς,</span> <span class='ocrx_word' id='word_1_403' title='bbox 412 1836 472 1862; x_wconf 71' lang='grc' dir='ltr'>οὕτε</span> <span class='ocrx_word' id='word_1_404' title='bbox 489 1836 542 1863; x_wconf 82' lang='grc' dir='ltr'><strong>τῶν</strong></span> <span class='ocrx_word' id='word_1_405' title='bbox 555 1835 687 1862; x_wconf 82' lang='grc' dir='ltr'>νοούντων</span> <span class='ocrx_word' id='word_1_406' title='bbox 700 1835 786 1868; x_wconf 73' lang='grc' dir='ltr'>ἐστὶν,</span> <span class='ocrx_word' id='word_1_407' title='bbox 803 1835 864 1862; x_wconf 77' lang='grc' dir='ltr'>οὔτε</span> <span class='ocrx_word' id='word_1_408' title='bbox 881 1836 934 1862; x_wconf 82' lang='grc' dir='ltr'><strong>τῶν</strong></span> 
     </span>
    </p>
   </div>
   <div class='ocr_carea' id='block_1_42' title="bbox 142 1879 934 1918">
    <p class='ocr_par' dir='ltr' id='par_1_42' title="bbox 142 1879 934 1918">
     <span class='ocr_line' id='line_1_42' title="bbox 142 1879 934 1918; baseline -0.001 -10"><span class='ocrx_word' id='word_1_409' title='bbox 142 1881 315 1918; x_wconf 54' lang='grc' dir='ltr'>νοουμένων</span> <span class='ocrx_word' id='word_1_410' title='bbox 348 1881 418 1916; x_wconf 80' lang='grc' dir='ltr'>ὑπὲρ</span> <span class='ocrx_word' id='word_1_411' title='bbox 439 1880 526 1907; x_wconf 82' lang='grc' dir='ltr'>ταῦτα</span> <span class='ocrx_word' id='word_1_412' title='bbox 545 1879 599 1914; x_wconf 84' lang='grc' dir='ltr'><strong>γάρ</strong></span> <span class='ocrx_word' id='word_1_413' title='bbox 612 1888 619 1896; x_wconf 93' lang='grc'><strong>·</strong></span> <span class='ocrx_word' id='word_1_414' title='bbox 649 1880 710 1906; x_wconf 73' lang='grc' dir='ltr'>ἐπεὶ</span> <span class='ocrx_word' id='word_1_415' title='bbox 724 1881 934 1916; x_wconf 78' lang='grc' dir='ltr'>περιγράφεται,</span> 
     </span>
    </p>
   </div>
   <div class='ocr_carea' id='block_1_43' title="bbox 141 1925 934 1963">
    <p class='ocr_par' dir='ltr' id='par_1_43' title="bbox 141 1925 934 1963">
     <span class='ocr_line' id='line_1_43' title="bbox 141 1925 934 1963; baseline -0.004 -8"><span class='ocrx_word' id='word_1_416' title='bbox 141 1929 193 1963; x_wconf 75' lang='grc' dir='ltr'>τῆς</span> <span class='ocrx_word' id='word_1_417' title='bbox 207 1927 254 1954; x_wconf 85' lang='grc' dir='ltr'>τοῦ</span> <span class='ocrx_word' id='word_1_418' title='bbox 269 1927 414 1962; x_wconf 78' lang='grc' dir='ltr'>νοουμένου</span> <span class='ocrx_word' id='word_1_419' title='bbox 432 1926 560 1962; x_wconf 81' lang='grc' dir='ltr'>σχέσεως,</span> <span class='ocrx_word' id='word_1_420' title='bbox 579 1926 616 1957; x_wconf 80' lang='grc' dir='ltr'><strong>ὡς</strong></span> <span class='ocrx_word' id='word_1_421' title='bbox 631 1925 709 1958; x_wconf 85' lang='grc' dir='ltr'>νοῶν,</span> <span class='ocrx_word' id='word_1_422' title='bbox 726 1926 934 1961; x_wconf 80' lang='grc' dir='ltr'>προσδεόμενος·</span> 
     </span>
    </p>
   </div>
   <div class='ocr_carea' id='block_1_44' title="bbox 142 1971 936 2009">
    <p class='ocr_par' dir='ltr' id='par_1_44' title="bbox 142 1971 936 2009">
     <span class='ocr_line' id='line_1_44' title="bbox 142 1971 936 2009; baseline -0.003 -9"><span class='ocrx_word' id='word_1_423' title='bbox 142 1975 161 2009; x_wconf 74' lang='grc' dir='ltr'><strong>ἢ</strong></span> <span class='ocrx_word' id='word_1_424' title='bbox 184 1973 224 2009; x_wconf 77' lang='grc' dir='ltr'>τῷ</span> <span class='ocrx_word' id='word_1_425' title='bbox 245 1973 350 2001; x_wconf 78' lang='grc' dir='ltr'>νοοῦντι</span> <span class='ocrx_word' id='word_1_426' title='bbox 375 1972 497 2007; x_wconf 81' lang='grc' dir='ltr'>φυσικῶς</span> <span class='ocrx_word' id='word_1_427' title='bbox 521 1972 697 2003; x_wconf 82' lang='grc' dir='ltr'>ὑποπίπτων,</span> <span class='ocrx_word' id='word_1_428' title='bbox 726 1971 769 1998; x_wconf 76' lang='grc' dir='ltr'>διὰ</span> <span class='ocrx_word' id='word_1_429' title='bbox 783 1971 832 2008; x_wconf 79' lang='grc' dir='ltr'>τὴν</span> <span class='ocrx_word' id='word_1_430' title='bbox 844 1973 936 2008; x_wconf 82' lang='grc' dir='ltr'><strong>σχέσιν</strong></span> 
     </span>
    </p>
   </div>
   <div class='ocr_carea' id='block_1_45' title="bbox 143 2016 936 2056">
    <p class='ocr_par' dir='ltr' id='par_1_45' title="bbox 143 2016 936 2056">
     <span class='ocr_line' id='line_1_45' title="bbox 143 2016 936 2056; baseline -0.001 -9"><span class='ocrx_word' id='word_1_431' title='bbox 143 2021 300 2056; x_wconf 78' lang='grc' dir='ltr'>νοούμενος.</span> <span class='ocrx_word' id='word_1_432' title='bbox 318 2019 449 2046; x_wconf 85' lang='grc' dir='ltr'>Λείπεται</span> <span class='ocrx_word' id='word_1_433' title='bbox 460 2018 536 2053; x_wconf 83' lang='grc' dir='ltr'><strong>γοῦν,</strong></span> <span class='ocrx_word' id='word_1_434' title='bbox 557 2019 626 2054; x_wconf 84' lang='grc' dir='ltr'>μήτε</span> <span class='ocrx_word' id='word_1_435' title='bbox 637 2016 716 2050; x_wconf 64' lang='lat' dir='ltr'><strong>ver-Iv,</strong></span> <span class='ocrx_word' id='word_1_436' title='bbox 736 2018 804 2053; x_wconf 82' lang='grc' dir='ltr'>μήτε</span> <span class='ocrx_word' id='word_1_437' title='bbox 817 2019 936 2046; x_wconf 76' lang='grc' dir='ltr'>νοεῖσθαι</span> 
     </span>
    </p>
   </div>
   <div class='ocr_carea' id='block_1_46' title="bbox 142 2062 936 2101">
    <p class='ocr_par' dir='ltr' id='par_1_46' title="bbox 142 2062 936 2101">
     <span class='ocr_line' id='line_1_46' title="bbox 142 2062 936 2101; baseline -0.003 -8"><span class='ocrx_word' id='word_1_438' title='bbox 142 2067 190 2093; x_wconf 79' lang='grc' dir='ltr'><strong>τὸν</strong></span> <span class='ocrx_word' id='word_1_439' title='bbox 203 2067 269 2093; x_wconf 81' lang='grc' dir='ltr'>Θεὸν</span> <span class='ocrx_word' id='word_1_440' title='bbox 283 2065 500 2101; x_wconf 69' lang='grc' dir='ltr'>ὑπολαμϐάνειν·</span> <span class='ocrx_word' id='word_1_441' title='bbox 528 2064 585 2091; x_wconf 85' lang='grc' dir='ltr'>ἀλλ’</span> <span class='ocrx_word' id='word_1_442' title='bbox 597 2064 666 2099; x_wconf 78' lang='grc' dir='ltr'>ὑπὲρ</span> <span class='ocrx_word' id='word_1_443' title='bbox 678 2063 708 2090; x_wconf 85' lang='grc' dir='ltr'><strong>τὸ</strong></span> <span class='ocrx_word' id='word_1_444' title='bbox 720 2066 790 2090; x_wconf 82' lang='grc' dir='ltr'>νοεῖν</span> <span class='ocrx_word' id='word_1_445' title='bbox 805 2062 874 2091; x_wconf 81' lang='grc' dir='ltr'>εἶναι</span> <span class='ocrx_word' id='word_1_446' title='bbox 889 2066 936 2092; x_wconf 73' lang='grc' dir='ltr'><strong>καὶ</strong></span> 
     </span>
    </p>
   </div>
   <div class='ocr_carea' id='block_1_47' title="bbox 143 2110 936 2146">
    <p class='ocr_par' dir='ltr' id='par_1_47' title="bbox 143 2110 936 2146">
     <span class='ocr_line' id='line_1_47' title="bbox 143 2110 936 2146; baseline -0.003 -7"><span class='ocrx_word' id='word_1_447' title='bbox 143 2113 275 2140; x_wconf 78' lang='grc' dir='ltr'>νοεῖσθαι.</span> <span class='ocrx_word' id='word_1_448' title='bbox 293 2111 355 2138; x_wconf 81' lang='grc' dir='ltr'><strong>Τῶν</strong></span> <span class='ocrx_word' id='word_1_449' title='bbox 366 2111 421 2146; x_wconf 76' lang='grc' dir='ltr'>γὰρ</span> <span class='ocrx_word' id='word_1_450' title='bbox 438 2111 497 2146; x_wconf 83' lang='grc' dir='ltr'>μετ’</span> <span class='ocrx_word' id='word_1_451' title='bbox 508 2111 600 2142; x_wconf 75' lang='grc' dir='ltr'>αὑτὸν,</span> <span class='ocrx_word' id='word_1_452' title='bbox 618 2110 740 2144; x_wconf 80' lang='grc' dir='ltr'>φυσικῶς</span> <span class='ocrx_word' id='word_1_453' title='bbox 753 2110 812 2137; x_wconf 74' lang='grc' dir='ltr'>ἐστι</span> <span class='ocrx_word' id='word_1_454' title='bbox 825 2111 856 2137; x_wconf 86' lang='grc' dir='ltr'><strong>τὸ</strong></span> <span class='ocrx_word' id='word_1_455' title='bbox 867 2111 936 2137; x_wconf 82' lang='grc' dir='ltr'>νοεῖν</span> 
     </span>
    </p>
   </div>
   <div class='ocr_carea' id='block_1_48' title="bbox 142 2157 378 2185">
    <p class='ocr_par' dir='ltr' id='par_1_48' title="bbox 142 2157 378 2185">
     <span class='ocr_line' id='line_1_48' title="bbox 142 2157 378 2185; baseline -0.008 0"><span class='ocrx_word' id='word_1_456' title='bbox 142 2159 191 2185; x_wconf 73' lang='grc' dir='ltr'><strong>καί</strong></span> <span class='ocrx_word' id='word_1_457' title='bbox 206 2158 238 2185; x_wconf 75' lang='grc' dir='ltr'><strong>τὸ</strong></span> <span class='ocrx_word' id='word_1_458' title='bbox 249 2157 378 2185; x_wconf 76' lang='grc' dir='ltr'>νοεῖσθαι.</span> 
     </span>
    </p>
   </div>
   <div class='ocr_carea' id='block_1_49' title="bbox 986 247 1772 283">
    <p class='ocr_par' dir='ltr' id='par_1_49' title="bbox 986 247 1772 283">
     <span class='ocr_line' id='line_1_49' title="bbox 986 247 1772 283; baseline 0.005 -10"><span class='ocrx_word' id='word_1_459' title='bbox 986 247 1075 281; x_wconf 91' lang='lat' dir='ltr'><strong>lisque</strong></span> <span class='ocrx_word' id='word_1_460' title='bbox 1087 251 1115 274; x_wconf 90' lang='lat' dir='ltr'><strong>et</strong></span> <span class='ocrx_word' id='word_1_461' title='bbox 1132 247 1265 281; x_wconf 85' lang='lat' dir='ltr'><strong>indivisa;</strong></span> <span class='ocrx_word' id='word_1_462' title='bbox 1279 248 1375 275; x_wconf 90' lang='lat' dir='ltr'><strong>eadem</strong></span> <span class='ocrx_word' id='word_1_463' title='bbox 1391 248 1449 283; x_wconf 83' lang='lat' dir='ltr'><strong>ipsa</strong></span> <span class='ocrx_word' id='word_1_464' title='bbox 1460 252 1488 276; x_wconf 86' lang='lat' dir='ltr'><strong>et</strong></span> <span class='ocrx_word' id='word_1_465' title='bbox 1504 250 1595 276; x_wconf 81' lang='lat' dir='ltr'><strong>unitas</strong></span> <span class='ocrx_word' id='word_1_466' title='bbox 1603 250 1772 278; x_wconf 88' lang='lat' dir='ltr'><strong>etTrinitas:</strong></span> 
     </span>
    </p>
   </div>
   <div class='ocr_carea' id='block_1_50' title="bbox 986 293 1776 330">
    <p class='ocr_par' dir='ltr' id='par_1_50' title="bbox 986 293 1776 330">
     <span class='ocr_line' id='line_1_50' title="bbox 986 293 1776 330; baseline 0.008 -11"><span class='ocrx_word' id='word_1_467' title='bbox 986 293 1076 320; x_wconf 83' lang='lat' dir='ltr'><strong>unitas</strong></span> <span class='ocrx_word' id='word_1_468' title='bbox 1093 297 1147 320; x_wconf 85' lang='lat' dir='ltr'><strong>tota</strong></span> <span class='ocrx_word' id='word_1_469' title='bbox 1164 294 1271 327; x_wconf 90' lang='lat' dir='ltr'><strong>eadem,</strong></span> <span class='ocrx_word' id='word_1_470' title='bbox 1290 295 1441 330; x_wconf 86' lang='lat' dir='ltr'><strong>eademque</strong></span> <span class='ocrx_word' id='word_1_471' title='bbox 1453 299 1510 322; x_wconf 89' lang='lat' dir='ltr'><strong>tota</strong></span> <span class='ocrx_word' id='word_1_472' title='bbox 1522 295 1643 323; x_wconf 75' lang='lat' dir='ltr'><strong>Trinitas</strong></span> <span class='ocrx_word' id='word_1_473' title='bbox 1658 305 1664 323; x_wconf 90' lang='lat'><strong>:</strong></span> <span class='ocrx_word' id='word_1_474' title='bbox 1683 297 1776 325; x_wconf 84' lang='lat' dir='ltr'><strong>unitas</strong></span> 
     </span>
    </p>
   </div>
   <div class='ocr_carea' id='block_1_51' title="bbox 986 339 1776 378">
    <p class='ocr_par' dir='ltr' id='par_1_51' title="bbox 986 339 1776 378">
     <span class='ocr_line' id='line_1_51' title="bbox 986 339 1776 378; baseline 0.006 -13"><span class='ocrx_word' id='word_1_475' title='bbox 986 339 1083 366; x_wconf 89' lang='lat' dir='ltr'><strong>eadem</strong></span> <span class='ocrx_word' id='word_1_476' title='bbox 1109 344 1168 367; x_wconf 86' lang='lat' dir='ltr'><strong>tota</strong></span> <span class='ocrx_word' id='word_1_477' title='bbox 1186 340 1313 369; x_wconf 63' lang='lat' dir='ltr'><strong>essentite</strong></span> <span class='ocrx_word' id='word_1_478' title='bbox 1328 341 1445 374; x_wconf 88' lang='lat' dir='ltr'><strong>ratione,</strong></span> <span class='ocrx_word' id='word_1_479' title='bbox 1466 341 1619 376; x_wconf 85' lang='lat' dir='ltr'><strong>eademque</strong></span> <span class='ocrx_word' id='word_1_480' title='bbox 1635 343 1693 377; x_wconf 87' lang='lat' dir='ltr'><strong>ipsa</strong></span> <span class='ocrx_word' id='word_1_481' title='bbox 1712 351 1776 378; x_wconf 81' lang='lat' dir='ltr'><strong>per-</strong></span> 
     </span>
    </p>
   </div>
   <div class='ocr_carea' id='block_1_52' title="bbox 987 387 1775 418">
    <p class='ocr_par' dir='ltr' id='par_1_52' title="bbox 987 387 1775 418">
     <span class='ocr_line' id='line_1_52' title="bbox 987 387 1775 418; baseline 0.008 -7"><span class='ocrx_word' id='word_1_482' title='bbox 987 392 1117 412; x_wconf 86' lang='lat' dir='ltr'><strong>sonarum</strong></span> <span class='ocrx_word' id='word_1_483' title='bbox 1131 387 1238 414; x_wconf 88' lang='lat' dir='ltr'><strong>ratione</strong></span> <span class='ocrx_word' id='word_1_484' title='bbox 1250 392 1306 415; x_wconf 89' lang='lat' dir='ltr'><strong>tota</strong></span> <span class='ocrx_word' id='word_1_485' title='bbox 1314 388 1446 416; x_wconf 73' lang='lat' dir='ltr'><strong>Trinitas.</strong></span> <span class='ocrx_word' id='word_1_486' title='bbox 1467 389 1547 416; x_wconf 82' lang='lat' dir='ltr'><strong>Pater</strong></span> <span class='ocrx_word' id='word_1_487' title='bbox 1561 389 1635 416; x_wconf 88' lang='lat' dir='ltr'><strong>enim</strong></span> <span class='ocrx_word' id='word_1_488' title='bbox 1650 394 1678 416; x_wconf 90' lang='lat' dir='ltr'><strong>et</strong></span> <span class='ocrx_word' id='word_1_489' title='bbox 1690 390 1775 418; x_wconf 84' lang='lat' dir='ltr'><strong>Filius</strong></span> 
     </span>
    </p>
   </div>
   <div class='ocr_carea' id='block_1_53' title="bbox 989 429 1775 466">
    <p class='ocr_par' dir='ltr' id='par_1_53' title="bbox 989 429 1775 466">
     <span class='ocr_line' id='line_1_53' title="bbox 989 429 1775 466; baseline 0.009 -11"><span class='ocrx_word' id='word_1_490' title='bbox 989 434 1016 456; x_wconf 92' lang='lat' dir='ltr'><strong>et</strong></span> <span class='ocrx_word' id='word_1_491' title='bbox 1030 429 1152 464; x_wconf 73' lang='lat' dir='ltr'><strong>Spiritus</strong></span> <span class='ocrx_word' id='word_1_492' title='bbox 1167 436 1290 465; x_wconf 86' lang='lat' dir='ltr'><strong>sanctus,</strong></span> <span class='ocrx_word' id='word_1_493' title='bbox 1307 432 1411 466; x_wconf 86' lang='lat' dir='ltr'><strong>deitns;</strong></span> <span class='ocrx_word' id='word_1_494' title='bbox 1426 437 1454 459; x_wconf 91' lang='lat' dir='ltr'><strong>et</strong></span> <span class='ocrx_word' id='word_1_495' title='bbox 1473 433 1500 462; x_wconf 89' lang='lat' dir='ltr'><strong>in</strong></span> <span class='ocrx_word' id='word_1_496' title='bbox 1521 433 1602 460; x_wconf 85' lang='lat' dir='ltr'><strong>Patre</strong></span> <span class='ocrx_word' id='word_1_497' title='bbox 1619 439 1648 460; x_wconf 81' lang='lat' dir='ltr'><strong>et</strong></span> <span class='ocrx_word' id='word_1_498' title='bbox 1662 434 1732 461; x_wconf 84' lang='lat' dir='ltr'><strong>Filio</strong></span> <span class='ocrx_word' id='word_1_499' title='bbox 1747 439 1775 462; x_wconf 87' lang='lat' dir='ltr'><strong>et</strong></span> 
     </span>
    </p>
   </div>
   <div class='ocr_carea' id='block_1_54' title="bbox 989 474 1772 511">
    <p class='ocr_par' dir='ltr' id='par_1_54' title="bbox 989 474 1772 511">
     <span class='ocr_line' id='line_1_54' title="bbox 989 474 1772 511; baseline 0.006 -10"><span class='ocrx_word' id='word_1_500' title='bbox 989 474 1094 509; x_wconf 90' lang='lat' dir='ltr'><strong>Spiritu</strong></span> <span class='ocrx_word' id='word_1_501' title='bbox 1120 481 1226 510; x_wconf 87' lang='lat' dir='ltr'><strong>sancto,</strong></span> <span class='ocrx_word' id='word_1_502' title='bbox 1251 477 1355 510; x_wconf 88' lang='lat' dir='ltr'><strong>deitas;</strong></span> <span class='ocrx_word' id='word_1_503' title='bbox 1372 483 1428 505; x_wconf 88' lang='lat' dir='ltr'><strong>tota</strong></span> <span class='ocrx_word' id='word_1_504' title='bbox 1442 479 1469 505; x_wconf 90' lang='lat' dir='ltr'><strong>in</strong></span> <span class='ocrx_word' id='word_1_505' title='bbox 1485 483 1542 505; x_wconf 86' lang='lat' dir='ltr'><strong>toto</strong></span> <span class='ocrx_word' id='word_1_506' title='bbox 1562 479 1642 505; x_wconf 85' lang='lat' dir='ltr'><strong>Patre</strong></span> <span class='ocrx_word' id='word_1_507' title='bbox 1665 479 1772 511; x_wconf 85' lang='lat' dir='ltr'><strong>eadem,</strong></span> 
     </span>
    </p>
   </div>
   <div class='ocr_carea' id='block_1_55' title="bbox 986 521 1774 558">
    <p class='ocr_par' dir='ltr' id='par_1_55' title="bbox 986 521 1774 558">
     <span class='ocr_line' id='line_1_55' title="bbox 986 521 1774 558; baseline 0.008 -13"><span class='ocrx_word' id='word_1_508' title='bbox 986 523 1116 554; x_wconf 86' lang='lat' dir='ltr'><strong>totusque</strong></span> <span class='ocrx_word' id='word_1_509' title='bbox 1130 521 1158 548; x_wconf 91' lang='lat' dir='ltr'><strong>in</strong></span> <span class='ocrx_word' id='word_1_510' title='bbox 1172 525 1228 548; x_wconf 87' lang='lat' dir='ltr'><strong>tota</strong></span> <span class='ocrx_word' id='word_1_511' title='bbox 1245 522 1341 549; x_wconf 86' lang='lat' dir='ltr'><strong>eadem</strong></span> <span class='ocrx_word' id='word_1_512' title='bbox 1358 523 1457 555; x_wconf 83' lang='lat' dir='ltr'><strong>Pater;</strong></span> <span class='ocrx_word' id='word_1_513' title='bbox 1472 527 1583 558; x_wconf 89' lang='lat' dir='ltr'><strong>totaque</strong></span> <span class='ocrx_word' id='word_1_514' title='bbox 1594 524 1621 550; x_wconf 92' lang='lat' dir='ltr'><strong>in</strong></span> <span class='ocrx_word' id='word_1_515' title='bbox 1635 528 1692 550; x_wconf 88' lang='lat' dir='ltr'><strong>toto</strong></span> <span class='ocrx_word' id='word_1_516' title='bbox 1705 525 1774 551; x_wconf 84' lang='lat' dir='ltr'><strong>Filio</strong></span> 
     </span>
    </p>
   </div>
   <div class='ocr_carea' id='block_1_56' title="bbox 986 565 1773 601">
    <p class='ocr_par' dir='ltr' id='par_1_56' title="bbox 986 565 1773 601">
     <span class='ocr_line' id='line_1_56' title="bbox 986 565 1773 601; baseline 0.006 -9"><span class='ocrx_word' id='word_1_517' title='bbox 986 565 1094 597; x_wconf 87' lang='lat' dir='ltr'><strong>eadem,</strong></span> <span class='ocrx_word' id='word_1_518' title='bbox 1113 574 1145 594; x_wconf 90' lang='lat' dir='ltr'><strong>ac</strong></span> <span class='ocrx_word' id='word_1_519' title='bbox 1161 571 1234 594; x_wconf 90' lang='lat' dir='ltr'><strong>totus</strong></span> <span class='ocrx_word' id='word_1_520' title='bbox 1247 567 1275 594; x_wconf 93' lang='lat' dir='ltr'><strong>in</strong></span> <span class='ocrx_word' id='word_1_521' title='bbox 1291 572 1347 596; x_wconf 86' lang='lat' dir='ltr'><strong>tota</strong></span> <span class='ocrx_word' id='word_1_522' title='bbox 1364 568 1459 595; x_wconf 85' lang='lat' dir='ltr'><strong>eadem</strong></span> <span class='ocrx_word' id='word_1_523' title='bbox 1475 568 1577 601; x_wconf 87' lang='lat' dir='ltr'><strong>Filius;</strong></span> <span class='ocrx_word' id='word_1_524' title='bbox 1601 573 1655 596; x_wconf 86' lang='lat' dir='ltr'><strong>tota</strong></span> <span class='ocrx_word' id='word_1_525' title='bbox 1667 570 1731 597; x_wconf 86' lang='lat' dir='ltr'><strong>item</strong></span> <span class='ocrx_word' id='word_1_526' title='bbox 1746 571 1773 597; x_wconf 91' lang='lat' dir='ltr'><strong>in</strong></span> 
     </span>
    </p>
   </div>
   <div class='ocr_carea' id='block_1_57' title="bbox 987 612 1773 647">
    <p class='ocr_par' dir='ltr' id='par_1_57' title="bbox 987 612 1773 647">
     <span class='ocr_line' id='line_1_57' title="bbox 987 612 1773 647; baseline 0.006 -9"><span class='ocrx_word' id='word_1_527' title='bbox 987 615 1044 638; x_wconf 90' lang='lat' dir='ltr'><strong>toto</strong></span> <span class='ocrx_word' id='word_1_528' title='bbox 1055 612 1158 647; x_wconf 87' lang='lat' dir='ltr'><strong>Spiritu</strong></span> <span class='ocrx_word' id='word_1_529' title='bbox 1176 618 1272 641; x_wconf 89' lang='lat' dir='ltr'><strong>sancto</strong></span> <span class='ocrx_word' id='word_1_530' title='bbox 1293 614 1400 647; x_wconf 90' lang='lat' dir='ltr'><strong>eadem,</strong></span> <span class='ocrx_word' id='word_1_531' title='bbox 1417 623 1449 642; x_wconf 89' lang='lat' dir='ltr'><strong>ac</strong></span> <span class='ocrx_word' id='word_1_532' title='bbox 1462 620 1536 643; x_wconf 88' lang='lat' dir='ltr'><strong>totus</strong></span> <span class='ocrx_word' id='word_1_533' title='bbox 1551 616 1579 643; x_wconf 87' lang='lat' dir='ltr'><strong>in</strong></span> <span class='ocrx_word' id='word_1_534' title='bbox 1602 620 1658 643; x_wconf 88' lang='lat' dir='ltr'><strong>tota</strong></span> <span class='ocrx_word' id='word_1_535' title='bbox 1677 616 1773 643; x_wconf 89' lang='lat' dir='ltr'><strong>eadem</strong></span> 
     </span>
    </p>
   </div>
   <div class='ocr_carea' id='block_1_58' title="bbox 987 656 1774 692">
    <p class='ocr_par' dir='ltr' id='par_1_58' title="bbox 987 656 1774 692">
     <span class='ocr_line' id='line_1_58' title="bbox 987 656 1774 692; baseline 0.005 -9"><span class='ocrx_word' id='word_1_536' title='bbox 987 656 1107 690; x_wconf 86' lang='lat' dir='ltr'><strong>Spiritus</strong></span> <span class='ocrx_word' id='word_1_537' title='bbox 1123 662 1235 686; x_wconf 87' lang='lat' dir='ltr'><strong>sanctus</strong></span> <span class='ocrx_word' id='word_1_538' title='bbox 1249 667 1255 685; x_wconf 87' lang='lat'><strong>:</strong></span> <span class='ocrx_word' id='word_1_539' title='bbox 1281 663 1337 686; x_wconf 82' lang='lat' dir='ltr'><strong>tota</strong></span> <span class='ocrx_word' id='word_1_540' title='bbox 1358 659 1453 691; x_wconf 86' lang='lat' dir='ltr'><strong>Pater,</strong></span> <span class='ocrx_word' id='word_1_541' title='bbox 1466 664 1494 686; x_wconf 91' lang='lat' dir='ltr'><strong>et</strong></span> <span class='ocrx_word' id='word_1_542' title='bbox 1512 659 1540 686; x_wconf 94' lang='lat' dir='ltr'><strong>in</strong></span> <span class='ocrx_word' id='word_1_543' title='bbox 1552 664 1609 687; x_wconf 86' lang='lat' dir='ltr'><strong>toto</strong></span> <span class='ocrx_word' id='word_1_544' title='bbox 1625 660 1716 692; x_wconf 87' lang='lat' dir='ltr'><strong>Patre,</strong></span> <span class='ocrx_word' id='word_1_545' title='bbox 1731 665 1774 688; x_wconf 87' lang='lat' dir='ltr'><strong>to-</strong></span> 
     </span>
    </p>
   </div>
   <div class='ocr_carea' id='block_1_59' title="bbox 987 703 1774 741">
    <p class='ocr_par' dir='ltr' id='par_1_59' title="bbox 987 703 1774 741">
     <span class='ocr_line' id='line_1_59' title="bbox 987 703 1774 741; baseline 0.005 -11"><span class='ocrx_word' id='word_1_546' title='bbox 987 707 1085 738; x_wconf 88' lang='lat' dir='ltr'><strong>tusque</strong></span> <span class='ocrx_word' id='word_1_547' title='bbox 1101 703 1129 730; x_wconf 93' lang='lat' dir='ltr'><strong>in</strong></span> <span class='ocrx_word' id='word_1_548' title='bbox 1143 708 1199 731; x_wconf 87' lang='lat' dir='ltr'><strong>tota</strong></span> <span class='ocrx_word' id='word_1_549' title='bbox 1219 705 1310 737; x_wconf 87' lang='lat' dir='ltr'><strong>Pater,</strong></span> <span class='ocrx_word' id='word_1_550' title='bbox 1324 710 1353 732; x_wconf 87' lang='lat' dir='ltr'><strong>et</strong></span> <span class='ocrx_word' id='word_1_551' title='bbox 1368 709 1425 732; x_wconf 86' lang='lat' dir='ltr'><strong>tota</strong></span> <span class='ocrx_word' id='word_1_552' title='bbox 1441 709 1517 732; x_wconf 85' lang='lat' dir='ltr'><strong>totus</strong></span> <span class='ocrx_word' id='word_1_553' title='bbox 1533 706 1615 733; x_wconf 87' lang='lat' dir='ltr'><strong>Pater</strong></span> <span class='ocrx_word' id='word_1_554' title='bbox 1632 715 1638 733; x_wconf 91' lang='lat'>:</span> <span class='ocrx_word' id='word_1_555' title='bbox 1662 710 1774 741; x_wconf 88' lang='lat' dir='ltr'><strong>totaque</strong></span> 
     </span>
    </p>
   </div>
   <div class='ocr_carea' id='block_1_60' title="bbox 988 749 1772 784">
    <p class='ocr_par' dir='ltr' id='par_1_60' title="bbox 988 749 1772 784">
     <span class='ocr_line' id='line_1_60' title="bbox 988 749 1772 784; baseline 0.005 -9"><span class='ocrx_word' id='word_1_556' title='bbox 988 754 1061 776; x_wconf 88' lang='lat' dir='ltr'><strong>totus</strong></span> <span class='ocrx_word' id='word_1_557' title='bbox 1083 749 1169 777; x_wconf 86' lang='lat' dir='ltr'><strong>Filius</strong></span> <span class='ocrx_word' id='word_1_558' title='bbox 1186 750 1293 782; x_wconf 88' lang='lat' dir='ltr'><strong>eadem,</strong></span> <span class='ocrx_word' id='word_1_559' title='bbox 1309 755 1337 778; x_wconf 89' lang='lat' dir='ltr'><strong>et</strong></span> <span class='ocrx_word' id='word_1_560' title='bbox 1355 754 1411 778; x_wconf 86' lang='lat' dir='ltr'><strong>tota</strong></span> <span class='ocrx_word' id='word_1_561' title='bbox 1438 751 1467 778; x_wconf 89' lang='lat' dir='ltr'><strong>in</strong></span> <span class='ocrx_word' id='word_1_562' title='bbox 1493 755 1551 778; x_wconf 90' lang='lat' dir='ltr'><strong>toto</strong></span> <span class='ocrx_word' id='word_1_563' title='bbox 1573 751 1642 779; x_wconf 87' lang='lat' dir='ltr'><strong>Filio</strong></span> <span class='ocrx_word' id='word_1_564' title='bbox 1665 752 1772 784; x_wconf 79' lang='lat' dir='ltr'><strong>eadem,</strong></span> 
     </span>
    </p>
   </div>
   <div class='ocr_carea' id='block_1_61' title="bbox 987 796 1774 832">
    <p class='ocr_par' dir='ltr' id='par_1_61' title="bbox 987 796 1774 832">
     <span class='ocr_line' id='line_1_61' title="bbox 987 796 1774 832; baseline 0.004 -10"><span class='ocrx_word' id='word_1_565' title='bbox 987 799 1117 831; x_wconf 88' lang='lat' dir='ltr'><strong>totusque</strong></span> <span class='ocrx_word' id='word_1_566' title='bbox 1143 800 1209 828; x_wconf 87' lang='lat' dir='ltr'><strong>tota,</strong></span> <span class='ocrx_word' id='word_1_567' title='bbox 1233 802 1261 823; x_wconf 90' lang='lat' dir='ltr'><strong>et</strong></span> <span class='ocrx_word' id='word_1_568' title='bbox 1281 796 1309 823; x_wconf 91' lang='lat' dir='ltr'><strong>in</strong></span> <span class='ocrx_word' id='word_1_569' title='bbox 1333 800 1390 823; x_wconf 88' lang='lat' dir='ltr'><strong>tota</strong></span> <span class='ocrx_word' id='word_1_570' title='bbox 1416 796 1512 824; x_wconf 84' lang='lat' dir='ltr'><strong>eadem</strong></span> <span class='ocrx_word' id='word_1_571' title='bbox 1535 797 1636 830; x_wconf 82' lang='lat' dir='ltr'><strong>Filius;</strong></span> <span class='ocrx_word' id='word_1_572' title='bbox 1662 802 1774 832; x_wconf 84' lang='lat' dir='ltr'><strong>totaque</strong></span> 
     </span>
    </p>
   </div>
   <div class='ocr_carea' id='block_1_62' title="bbox 987 841 1772 878">
    <p class='ocr_par' dir='ltr' id='par_1_62' title="bbox 987 841 1772 878">
     <span class='ocr_line' id='line_1_62' title="bbox 987 841 1772 878; baseline 0.001 -9"><span class='ocrx_word' id='word_1_573' title='bbox 987 842 1108 877; x_wconf 83' lang='lat' dir='ltr'><strong>Spiritus</strong></span> <span class='ocrx_word' id='word_1_574' title='bbox 1125 847 1237 870; x_wconf 87' lang='lat' dir='ltr'><strong>sanctus</strong></span> <span class='ocrx_word' id='word_1_575' title='bbox 1248 841 1356 874; x_wconf 89' lang='lat' dir='ltr'><strong>eadem,</strong></span> <span class='ocrx_word' id='word_1_576' title='bbox 1374 847 1403 870; x_wconf 84' lang='lat' dir='ltr'><strong>et</strong></span> <span class='ocrx_word' id='word_1_577' title='bbox 1423 843 1450 870; x_wconf 94' lang='lat' dir='ltr'><strong>in</strong></span> <span class='ocrx_word' id='word_1_578' title='bbox 1466 847 1523 870; x_wconf 88' lang='lat' dir='ltr'><strong>toto</strong></span> <span class='ocrx_word' id='word_1_579' title='bbox 1539 843 1642 878; x_wconf 87' lang='lat' dir='ltr'><strong>Spiritu</strong></span> <span class='ocrx_word' id='word_1_580' title='bbox 1665 847 1772 874; x_wconf 85' lang='lat' dir='ltr'><strong>saneto,</strong></span> 
     </span>
    </p>
   </div>
   <div class='ocr_carea' id='block_1_63' title="bbox 985 885 1774 922">
    <p class='ocr_par' dir='ltr' id='par_1_63' title="bbox 985 885 1774 922">
     <span class='ocr_line' id='line_1_63' title="bbox 985 885 1774 922; baseline 0.001 -9"><span class='ocrx_word' id='word_1_581' title='bbox 985 894 1017 913; x_wconf 87' lang='lat' dir='ltr'><strong>ac</strong></span> <span class='ocrx_word' id='word_1_582' title='bbox 1039 885 1161 920; x_wconf 85' lang='lat' dir='ltr'><strong>Spiritus</strong></span> <span class='ocrx_word' id='word_1_583' title='bbox 1184 891 1296 914; x_wconf 88' lang='lat' dir='ltr'><strong>sanctus</strong></span> <span class='ocrx_word' id='word_1_584' title='bbox 1323 890 1398 914; x_wconf 92' lang='lat' dir='ltr'><strong>totus</strong></span> <span class='ocrx_word' id='word_1_585' title='bbox 1422 892 1488 919; x_wconf 88' lang='lat' dir='ltr'><strong>tota,</strong></span> <span class='ocrx_word' id='word_1_586' title='bbox 1515 891 1645 922; x_wconf 80' lang='lat' dir='ltr'><strong>totusque</strong></span> <span class='ocrx_word' id='word_1_587' title='bbox 1667 887 1695 914; x_wconf 93' lang='lat' dir='ltr'><strong>in</strong></span> <span class='ocrx_word' id='word_1_588' title='bbox 1715 891 1774 914; x_wconf 82' lang='lat' dir='ltr'><strong>tota</strong></span> 
     </span>
    </p>
   </div>
   <div class='ocr_carea' id='block_1_64' title="bbox 984 931 1772 967">
    <p class='ocr_par' dir='ltr' id='par_1_64' title="bbox 984 931 1772 967">
     <span class='ocr_line' id='line_1_64' title="bbox 984 931 1772 967; baseline 0.001 -9"><span class='ocrx_word' id='word_1_589' title='bbox 984 931 1079 958; x_wconf 86' lang='lat' dir='ltr'><strong>eadem</strong></span> <span class='ocrx_word' id='word_1_590' title='bbox 1092 931 1214 966; x_wconf 89' lang='lat' dir='ltr'><strong>Spiritus</strong></span> <span class='ocrx_word' id='word_1_591' title='bbox 1224 936 1346 958; x_wconf 88' lang='lat' dir='ltr'><strong>sanctus.</strong></span> <span class='ocrx_word' id='word_1_592' title='bbox 1358 931 1418 958; x_wconf 86' lang='lat' dir='ltr'><strong>Non</strong></span> <span class='ocrx_word' id='word_1_593' title='bbox 1435 932 1509 959; x_wconf 88' lang='lat' dir='ltr'><strong>enim</strong></span> <span class='ocrx_word' id='word_1_594' title='bbox 1523 932 1612 959; x_wconf 84' lang='lat' dir='ltr'><strong>deitas</strong></span> <span class='ocrx_word' id='word_1_595' title='bbox 1624 932 1726 967; x_wconf 82' lang='lat' dir='ltr'><strong>partim</strong></span> <span class='ocrx_word' id='word_1_596' title='bbox 1742 933 1772 959; x_wconf 81' lang='lat' dir='ltr'><strong>in</strong></span> 
     </span>
    </p>
   </div>
   <div class='ocr_carea' id='block_1_65' title="bbox 984 976 1773 1013">
    <p class='ocr_par' dir='ltr' id='par_1_65' title="bbox 984 976 1773 1013">
     <span class='ocr_line' id='line_1_65' title="bbox 984 976 1773 1013; baseline 0.004 -10"><span class='ocrx_word' id='word_1_597' title='bbox 984 976 1073 1009; x_wconf 84' lang='lat' dir='ltr'><strong>Patre,</strong></span> <span class='ocrx_word' id='word_1_598' title='bbox 1102 981 1149 1003; x_wconf 90' lang='lat' dir='ltr'><strong>aut</strong></span> <span class='ocrx_word' id='word_1_599' title='bbox 1178 977 1258 1004; x_wconf 85' lang='lat' dir='ltr'><strong>Pater</strong></span> <span class='ocrx_word' id='word_1_600' title='bbox 1278 977 1378 1012; x_wconf 83' lang='lat' dir='ltr'><strong>partim</strong></span> <span class='ocrx_word' id='word_1_601' title='bbox 1400 977 1489 1011; x_wconf 88' lang='lat' dir='ltr'><strong>Deus;</strong></span> <span class='ocrx_word' id='word_1_602' title='bbox 1510 985 1600 1012; x_wconf 84' lang='lat' dir='ltr'><strong>neque</strong></span> <span class='ocrx_word' id='word_1_603' title='bbox 1621 979 1719 1013; x_wconf 81' lang='lat' dir='ltr'><strong>partim</strong></span> <span class='ocrx_word' id='word_1_604' title='bbox 1743 979 1773 1006; x_wconf 78' lang='lat' dir='ltr'><strong>in</strong></span> 
     </span>
    </p>
   </div>
   <div class='ocr_carea' id='block_1_66' title="bbox 987 1022 1774 1057">
    <p class='ocr_par' dir='ltr' id='par_1_66' title="bbox 987 1022 1774 1057">
     <span class='ocr_line' id='line_1_66' title="bbox 987 1022 1774 1057; baseline 0.005 -9"><span class='ocrx_word' id='word_1_605' title='bbox 987 1022 1057 1049; x_wconf 90' lang='lat' dir='ltr'><strong>Filio</strong></span> <span class='ocrx_word' id='word_1_606' title='bbox 1078 1022 1178 1054; x_wconf 85' lang='lat' dir='ltr'><strong>deitas,</strong></span> <span class='ocrx_word' id='word_1_607' title='bbox 1201 1027 1283 1050; x_wconf 81' lang='lat' dir='ltr'><strong>autve</strong></span> <span class='ocrx_word' id='word_1_608' title='bbox 1299 1022 1386 1050; x_wconf 86' lang='lat' dir='ltr'><strong>Filius</strong></span> <span class='ocrx_word' id='word_1_609' title='bbox 1404 1024 1503 1057; x_wconf 89' lang='lat' dir='ltr'><strong>partim</strong></span> <span class='ocrx_word' id='word_1_610' title='bbox 1528 1024 1619 1057; x_wconf 86' lang='lat' dir='ltr'><strong>Deus;</strong></span> <span class='ocrx_word' id='word_1_611' title='bbox 1637 1032 1689 1052; x_wconf 86' lang='lat' dir='ltr'><strong>nec</strong></span> <span class='ocrx_word' id='word_1_612' title='bbox 1709 1031 1774 1053; x_wconf 88' lang='lat' dir='ltr'><strong>vero</strong></span> 
     </span>
    </p>
   </div>
   <div class='ocr_carea' id='block_1_67' title="bbox 985 1068 1774 1105">
    <p class='ocr_par' dir='ltr' id='par_1_67' title="bbox 985 1068 1774 1105">
     <span class='ocr_line' id='line_1_67' title="bbox 985 1068 1774 1105; baseline 0.004 -10"><span class='ocrx_word' id='word_1_613' title='bbox 985 1069 1086 1104; x_wconf 88' lang='lat' dir='ltr'><strong>partim</strong></span> <span class='ocrx_word' id='word_1_614' title='bbox 1106 1069 1134 1096; x_wconf 91' lang='lat' dir='ltr'><strong>in</strong></span> <span class='ocrx_word' id='word_1_615' title='bbox 1156 1068 1260 1104; x_wconf 88' lang='lat' dir='ltr'><strong>Spiritu</strong></span> <span class='ocrx_word' id='word_1_616' title='bbox 1281 1073 1376 1097; x_wconf 87' lang='lat' dir='ltr'><strong>sancto</strong></span> <span class='ocrx_word' id='word_1_617' title='bbox 1397 1069 1497 1102; x_wconf 85' lang='lat' dir='ltr'><strong>deitas,</strong></span> <span class='ocrx_word' id='word_1_618' title='bbox 1515 1075 1563 1097; x_wconf 88' lang='lat' dir='ltr'><strong>aut</strong></span> <span class='ocrx_word' id='word_1_619' title='bbox 1582 1070 1682 1105; x_wconf 85' lang='lat' dir='ltr'><strong>partim</strong></span> <span class='ocrx_word' id='word_1_620' title='bbox 1701 1071 1774 1098; x_wconf 83' lang='lat' dir='ltr'><strong>Deus</strong></span> 
     </span>
    </p>
   </div>
   <div class='ocr_carea' id='block_1_68' title="bbox 984 1113 1774 1150">
    <p class='ocr_par' dir='ltr' id='par_1_68' title="bbox 984 1113 1774 1150">
     <span class='ocr_line' id='line_1_68' title="bbox 984 1113 1774 1150; baseline 0.003 -10"><span class='ocrx_word' id='word_1_621' title='bbox 984 1113 1105 1149; x_wconf 86' lang='lat' dir='ltr'><strong>Spiritus</strong></span> <span class='ocrx_word' id='word_1_622' title='bbox 1124 1118 1246 1141; x_wconf 86' lang='lat' dir='ltr'><strong>sanctus.</strong></span> <span class='ocrx_word' id='word_1_623' title='bbox 1268 1114 1335 1141; x_wconf 82' lang='lat' dir='ltr'><strong>Nam</strong></span> <span class='ocrx_word' id='word_1_624' title='bbox 1351 1122 1441 1149; x_wconf 85' lang='lat' dir='ltr'><strong>neque</strong></span> <span class='ocrx_word' id='word_1_625' title='bbox 1461 1114 1549 1142; x_wconf 86' lang='lat' dir='ltr'><strong>deitas</strong></span> <span class='ocrx_word' id='word_1_626' title='bbox 1572 1115 1708 1150; x_wconf 87' lang='lat' dir='ltr'><strong>ejusmodi</strong></span> <span class='ocrx_word' id='word_1_627' title='bbox 1731 1120 1774 1142; x_wconf 83' lang='lat' dir='ltr'><strong>est</strong></span> 
     </span>
    </p>
   </div>
   <div class='ocr_carea' id='block_1_69' title="bbox 984 1159 1775 1196">
    <p class='ocr_par' dir='ltr' id='par_1_69' title="bbox 984 1159 1775 1196">
     <span class='ocr_line' id='line_1_69' title="bbox 984 1159 1775 1196; baseline 0.003 -10"><span class='ocrx_word' id='word_1_628' title='bbox 984 1167 1045 1194; x_wconf 74' lang='lat' dir='ltr'><strong>qua:</strong></span> <span class='ocrx_word' id='word_1_629' title='bbox 1060 1160 1148 1194; x_wconf 82' lang='lat' dir='ltr'><strong>possit</strong></span> <span class='ocrx_word' id='word_1_630' title='bbox 1169 1159 1267 1192; x_wconf 84' lang='lat' dir='ltr'><strong>dividi,</strong></span> <span class='ocrx_word' id='word_1_631' title='bbox 1291 1167 1382 1194; x_wconf 82' lang='lat' dir='ltr'><strong>neque</strong></span> <span class='ocrx_word' id='word_1_632' title='bbox 1406 1160 1488 1187; x_wconf 87' lang='lat' dir='ltr'><strong>Pater</strong></span> <span class='ocrx_word' id='word_1_633' title='bbox 1506 1160 1580 1188; x_wconf 89' lang='lat' dir='ltr'><strong>Deus</strong></span> <span class='ocrx_word' id='word_1_634' title='bbox 1595 1161 1775 1196; x_wconf 90' lang='lat' dir='ltr'><strong>imperfectus</strong></span> 
     </span>
    </p>
   </div>
   <div class='ocr_carea' id='block_1_70' title="bbox 984 1205 1773 1240">
    <p class='ocr_par' dir='ltr' id='par_1_70' title="bbox 984 1205 1773 1240">
     <span class='ocr_line' id='line_1_70' title="bbox 984 1205 1773 1240; baseline 0.004 -8"><span class='ocrx_word' id='word_1_635' title='bbox 984 1210 1036 1237; x_wconf 87' lang='lat' dir='ltr'><strong>est,</strong></span> <span class='ocrx_word' id='word_1_636' title='bbox 1047 1206 1089 1232; x_wconf 85' lang='lat' dir='ltr'><strong>vel</strong></span> <span class='ocrx_word' id='word_1_637' title='bbox 1100 1206 1197 1238; x_wconf 89' lang='lat' dir='ltr'><strong>Filius,</strong></span> <span class='ocrx_word' id='word_1_638' title='bbox 1210 1210 1256 1232; x_wconf 90' lang='lat' dir='ltr'><strong>aut</strong></span> <span class='ocrx_word' id='word_1_639' title='bbox 1269 1205 1388 1240; x_wconf 86' lang='lat' dir='ltr'><strong>Spiritus</strong></span> <span class='ocrx_word' id='word_1_640' title='bbox 1403 1211 1531 1240; x_wconf 88' lang='lat' dir='ltr'><strong>sanctus;</strong></span> <span class='ocrx_word' id='word_1_641' title='bbox 1545 1207 1592 1234; x_wconf 89' lang='lat' dir='ltr'><strong>sed</strong></span> <span class='ocrx_word' id='word_1_642' title='bbox 1607 1212 1663 1234; x_wconf 86' lang='lat' dir='ltr'><strong>tota</strong></span> <span class='ocrx_word' id='word_1_643' title='bbox 1678 1207 1773 1235; x_wconf 88' lang='lat' dir='ltr'><strong>eadem</strong></span> 
     </span>
    </p>
   </div>
   <div class='ocr_carea' id='block_1_71' title="bbox 984 1249 1774 1286">
    <p class='ocr_par' dir='ltr' id='par_1_71' title="bbox 984 1249 1774 1286">
     <span class='ocr_line' id='line_1_71' title="bbox 984 1249 1774 1286; baseline 0.004 -11"><span class='ocrx_word' id='word_1_644' title='bbox 984 1249 1042 1283; x_wconf 89' lang='lat' dir='ltr'><strong>ipsa</strong></span> <span class='ocrx_word' id='word_1_645' title='bbox 1065 1249 1186 1283; x_wconf 87' lang='lat' dir='ltr'><strong>perfecta</strong></span> <span class='ocrx_word' id='word_1_646' title='bbox 1211 1250 1332 1284; x_wconf 90' lang='lat' dir='ltr'><strong>perfecte</strong></span> <span class='ocrx_word' id='word_1_647' title='bbox 1355 1249 1383 1276; x_wconf 93' lang='lat' dir='ltr'><strong>in</strong></span> <span class='ocrx_word' id='word_1_648' title='bbox 1408 1250 1530 1284; x_wconf 85' lang='lat' dir='ltr'><strong>perfecto</strong></span> <span class='ocrx_word' id='word_1_649' title='bbox 1553 1251 1645 1283; x_wconf 83' lang='lat' dir='ltr'><strong>Patre,</strong></span> <span class='ocrx_word' id='word_1_650' title='bbox 1664 1255 1774 1286; x_wconf 87' lang='lat' dir='ltr'><strong>totaque</strong></span> 
     </span>
    </p>
   </div>
   <div class='ocr_carea' id='block_1_72' title="bbox 984 1294 1775 1330">
    <p class='ocr_par' dir='ltr' id='par_1_72' title="bbox 984 1294 1775 1330">
     <span class='ocr_line' id='line_1_72' title="bbox 984 1294 1775 1330; baseline 0.001 -9"><span class='ocrx_word' id='word_1_651' title='bbox 984 1295 1104 1329; x_wconf 85' lang='lat' dir='ltr'><strong>perfecta</strong></span> <span class='ocrx_word' id='word_1_652' title='bbox 1120 1294 1243 1329; x_wconf 80' lang='lat' dir='ltr'><strong>perfecte</strong></span> <span class='ocrx_word' id='word_1_653' title='bbox 1265 1294 1292 1321; x_wconf 84' lang='lat' dir='ltr'><strong>in</strong></span> <span class='ocrx_word' id='word_1_654' title='bbox 1311 1295 1437 1330; x_wconf 87' lang='lat' dir='ltr'><strong>perfecto</strong></span> <span class='ocrx_word' id='word_1_655' title='bbox 1461 1295 1530 1322; x_wconf 88' lang='lat' dir='ltr'><strong>Filio</strong></span> <span class='ocrx_word' id='word_1_656' title='bbox 1544 1295 1652 1327; x_wconf 87' lang='lat' dir='ltr'><strong>eadem,</strong></span> <span class='ocrx_word' id='word_1_657' title='bbox 1668 1303 1700 1322; x_wconf 90' lang='lat' dir='ltr'><strong>ac</strong></span> <span class='ocrx_word' id='word_1_658' title='bbox 1718 1299 1775 1322; x_wconf 81' lang='lat' dir='ltr'><strong>tota</strong></span> 
     </span>
    </p>
   </div>
   <div class='ocr_carea' id='block_1_73' title="bbox 983 1340 1775 1376">
    <p class='ocr_par' dir='ltr' id='par_1_73' title="bbox 983 1340 1775 1376">
     <span class='ocr_line' id='line_1_73' title="bbox 983 1340 1775 1376; baseline -0.001 -7"><span class='ocrx_word' id='word_1_659' title='bbox 983 1341 1107 1376; x_wconf 85' lang='lat' dir='ltr'><strong>perfecta</strong></span> <span class='ocrx_word' id='word_1_660' title='bbox 1120 1341 1241 1376; x_wconf 87' lang='lat' dir='ltr'><strong>perfecte</strong></span> <span class='ocrx_word' id='word_1_661' title='bbox 1258 1341 1285 1368; x_wconf 92' lang='lat' dir='ltr'><strong>in</strong></span> <span class='ocrx_word' id='word_1_662' title='bbox 1303 1341 1427 1376; x_wconf 83' lang='lat' dir='ltr'><strong>perfecto</strong></span> <span class='ocrx_word' id='word_1_663' title='bbox 1444 1340 1548 1375; x_wconf 85' lang='lat' dir='ltr'><strong>Spiritu</strong></span> <span class='ocrx_word' id='word_1_664' title='bbox 1565 1346 1670 1368; x_wconf 86' lang='lat' dir='ltr'><strong>sancto.</strong></span> <span class='ocrx_word' id='word_1_665' title='bbox 1689 1341 1775 1368; x_wconf 83' lang='lat' dir='ltr'><strong>Totus</strong></span> 
     </span>
    </p>
   </div>
   <div class='ocr_carea' id='block_1_74' title="bbox 983 1378 1775 1422">
    <p class='ocr_par' dir='ltr' id='par_1_74' title="bbox 983 1378 1775 1422">
     <span class='ocr_line' id='line_1_74' title="bbox 983 1378 1775 1422; baseline 0 -8"><span class='ocrx_word' id='word_1_666' title='bbox 983 1388 1058 1415; x_wconf 88' lang='lat' dir='ltr'><strong>enim</strong></span> <span class='ocrx_word' id='word_1_667' title='bbox 1083 1388 1111 1414; x_wconf 94' lang='lat' dir='ltr'><strong>in</strong></span> <span class='ocrx_word' id='word_1_668' title='bbox 1137 1391 1194 1414; x_wconf 88' lang='lat' dir='ltr'><strong>toto</strong></span> <span class='ocrx_word' id='word_1_669' title='bbox 1216 1387 1285 1414; x_wconf 84' lang='lat' dir='ltr'><strong>Filio</strong></span> <span class='ocrx_word' id='word_1_670' title='bbox 1303 1392 1332 1414; x_wconf 91' lang='lat' dir='ltr'><strong>et</strong></span> <span class='ocrx_word' id='word_1_671' title='bbox 1353 1387 1459 1422; x_wconf 86' lang='lat' dir='ltr'><strong>Spiritu</strong></span> <span class='ocrx_word' id='word_1_672' title='bbox 1478 1378 1574 1414; x_wconf 66' lang='lat' dir='ltr'><strong>saneto</strong></span> <span class='ocrx_word' id='word_1_673' title='bbox 1589 1386 1711 1422; x_wconf 82' lang='lat' dir='ltr'><strong>perfecte</strong></span> <span class='ocrx_word' id='word_1_674' title='bbox 1732 1391 1775 1414; x_wconf 85' lang='lat' dir='ltr'><strong>est</strong></span> 
     </span>
    </p>
   </div>
   <div class='ocr_carea' id='block_1_75' title="bbox 983 1431 1775 1467">
    <p class='ocr_par' dir='ltr' id='par_1_75' title="bbox 983 1431 1775 1467">
     <span class='ocr_line' id='line_1_75' title="bbox 983 1431 1775 1467; baseline -0.003 -7"><span class='ocrx_word' id='word_1_675' title='bbox 983 1433 1075 1464; x_wconf 87' lang='lat' dir='ltr'><strong>Pater,</strong></span> <span class='ocrx_word' id='word_1_676' title='bbox 1093 1436 1221 1467; x_wconf 86' lang='lat' dir='ltr'><strong>totusque</strong></span> <span class='ocrx_word' id='word_1_677' title='bbox 1245 1432 1273 1459; x_wconf 90' lang='lat' dir='ltr'><strong>in</strong></span> <span class='ocrx_word' id='word_1_678' title='bbox 1293 1435 1350 1459; x_wconf 90' lang='lat' dir='ltr'><strong>toto</strong></span> <span class='ocrx_word' id='word_1_679' title='bbox 1376 1433 1458 1459; x_wconf 87' lang='lat' dir='ltr'><strong>Patre</strong></span> <span class='ocrx_word' id='word_1_680' title='bbox 1481 1436 1509 1459; x_wconf 91' lang='lat' dir='ltr'><strong>et</strong></span> <span class='ocrx_word' id='word_1_681' title='bbox 1530 1431 1634 1466; x_wconf 87' lang='lat' dir='ltr'><strong>Spiritu</strong></span> <span class='ocrx_word' id='word_1_682' title='bbox 1652 1431 1775 1466; x_wconf 84' lang='lat' dir='ltr'><strong>perfecte</strong></span> 
     </span>
    </p>
   </div>
   <div class='ocr_carea' id='block_1_76' title="bbox 983 1476 1775 1511">
    <p class='ocr_par' dir='ltr' id='par_1_76' title="bbox 983 1476 1775 1511">
     <span class='ocr_line' id='line_1_76' title="bbox 983 1476 1775 1511; baseline 0 -7"><span class='ocrx_word' id='word_1_683' title='bbox 983 1481 1025 1505; x_wconf 84' lang='lat' dir='ltr'><strong>est</strong></span> <span class='ocrx_word' id='word_1_684' title='bbox 1045 1478 1143 1510; x_wconf 85' lang='lat' dir='ltr'><strong>Filius,</strong></span> <span class='ocrx_word' id='word_1_685' title='bbox 1165 1485 1198 1504; x_wconf 89' lang='lat' dir='ltr'><strong>ac</strong></span> <span class='ocrx_word' id='word_1_686' title='bbox 1212 1481 1285 1504; x_wconf 90' lang='lat' dir='ltr'><strong>totus</strong></span> <span class='ocrx_word' id='word_1_687' title='bbox 1303 1477 1330 1503; x_wconf 92' lang='lat' dir='ltr'><strong>in</strong></span> <span class='ocrx_word' id='word_1_688' title='bbox 1347 1480 1404 1504; x_wconf 89' lang='lat' dir='ltr'><strong>toto</strong></span> <span class='ocrx_word' id='word_1_689' title='bbox 1420 1477 1499 1504; x_wconf 83' lang='lat' dir='ltr'><strong>Patre</strong></span> <span class='ocrx_word' id='word_1_690' title='bbox 1515 1481 1543 1504; x_wconf 88' lang='lat' dir='ltr'><strong>et</strong></span> <span class='ocrx_word' id='word_1_691' title='bbox 1563 1476 1634 1503; x_wconf 86' lang='lat' dir='ltr'><strong>Filio</strong></span> <span class='ocrx_word' id='word_1_692' title='bbox 1650 1477 1775 1511; x_wconf 77' lang='lat' dir='ltr'><strong>perfecte</strong></span> 
     </span>
    </p>
   </div>
   <div class='ocr_carea' id='block_1_77' title="bbox 986 1520 1776 1556">
    <p class='ocr_par' dir='ltr' id='par_1_77' title="bbox 986 1520 1776 1556">
     <span class='ocr_line' id='line_1_77' title="bbox 986 1520 1776 1556; baseline -0.003 -7"><span class='ocrx_word' id='word_1_693' title='bbox 986 1526 1028 1549; x_wconf 89' lang='lat' dir='ltr'><strong>cst</strong></span> <span class='ocrx_word' id='word_1_694' title='bbox 1044 1521 1163 1556; x_wconf 78' lang='lat' dir='ltr'><strong>Spit-itus</strong></span> <span class='ocrx_word' id='word_1_695' title='bbox 1174 1525 1297 1548; x_wconf 87' lang='lat' dir='ltr'><strong>sanctus.</strong></span> <span class='ocrx_word' id='word_1_696' title='bbox 1312 1520 1499 1553; x_wconf 85' lang='lat' dir='ltr'><strong>Quamobrem</strong></span> <span class='ocrx_word' id='word_1_697' title='bbox 1514 1520 1596 1548; x_wconf 89' lang='lat' dir='ltr'><strong>etiam</strong></span> <span class='ocrx_word' id='word_1_698' title='bbox 1612 1528 1685 1547; x_wconf 92' lang='lat' dir='ltr'><strong>unus</strong></span> <span class='ocrx_word' id='word_1_699' title='bbox 1702 1521 1776 1547; x_wconf 82' lang='lat' dir='ltr'><strong>Deus</strong></span> 
     </span>
    </p>
   </div>
   <div class='ocr_carea' id='block_1_78' title="bbox 986 1564 1776 1600">
    <p class='ocr_par' dir='ltr' id='par_1_78' title="bbox 986 1564 1776 1600">
     <span class='ocr_line' id='line_1_78' title="bbox 986 1564 1776 1600; baseline -0.004 -6"><span class='ocrx_word' id='word_1_700' title='bbox 986 1566 1070 1594; x_wconf 91' lang='lat' dir='ltr'><strong>Pater</strong></span> <span class='ocrx_word' id='word_1_701' title='bbox 1085 1570 1113 1593; x_wconf 89' lang='lat' dir='ltr'><strong>et</strong></span> <span class='ocrx_word' id='word_1_702' title='bbox 1133 1566 1220 1593; x_wconf 86' lang='lat' dir='ltr'><strong>Filius</strong></span> <span class='ocrx_word' id='word_1_703' title='bbox 1236 1570 1264 1592; x_wconf 88' lang='lat' dir='ltr'><strong>et</strong></span> <span class='ocrx_word' id='word_1_704' title='bbox 1287 1565 1406 1600; x_wconf 86' lang='lat' dir='ltr'><strong>Spiritus</strong></span> <span class='ocrx_word' id='word_1_705' title='bbox 1425 1569 1548 1592; x_wconf 84' lang='lat' dir='ltr'><strong>sanctus.</strong></span> <span class='ocrx_word' id='word_1_706' title='bbox 1571 1564 1629 1592; x_wconf 91' lang='lat' dir='ltr'><strong>Una</strong></span> <span class='ocrx_word' id='word_1_707' title='bbox 1647 1565 1721 1592; x_wconf 89' lang='lat' dir='ltr'><strong>enim</strong></span> <span class='ocrx_word' id='word_1_708' title='bbox 1743 1571 1776 1592; x_wconf 89' lang='lat' dir='ltr'><strong>ac</strong></span> 
     </span>
    </p>
   </div>
   <div class='ocr_carea' id='block_1_79' title="bbox 986 1609 1776 1644">
    <p class='ocr_par' dir='ltr' id='par_1_79' title="bbox 986 1609 1776 1644">
     <span class='ocr_line' id='line_1_79' title="bbox 986 1609 1776 1644; baseline -0.001 -7"><span class='ocrx_word' id='word_1_709' title='bbox 986 1610 1083 1637; x_wconf 88' lang='lat' dir='ltr'><strong>eadem</strong></span> <span class='ocrx_word' id='word_1_710' title='bbox 1102 1610 1221 1637; x_wconf 87' lang='lat' dir='ltr'><strong>essentia</strong></span> <span class='ocrx_word' id='word_1_711' title='bbox 1241 1617 1294 1641; x_wconf 78' lang='lat' dir='ltr'><strong>est,</strong></span> <span class='ocrx_word' id='word_1_712' title='bbox 1311 1609 1455 1643; x_wconf 82' lang='lat' dir='ltr'><strong>virtusque</strong></span> <span class='ocrx_word' id='word_1_713' title='bbox 1468 1614 1496 1636; x_wconf 90' lang='lat' dir='ltr'><strong>et</strong></span> <span class='ocrx_word' id='word_1_714' title='bbox 1509 1609 1634 1644; x_wconf 82' lang='lat' dir='ltr'><strong>operatio</strong></span> <span class='ocrx_word' id='word_1_715' title='bbox 1645 1609 1735 1636; x_wconf 86' lang='lat' dir='ltr'><strong>Patris</strong></span> <span class='ocrx_word' id='word_1_716' title='bbox 1746 1612 1776 1636; x_wconf 87' lang='lat' dir='ltr'><strong>et</strong></span> 
     </span>
    </p>
   </div>
   <div class='ocr_carea' id='block_1_80' title="bbox 986 1654 1774 1690">
    <p class='ocr_par' dir='ltr' id='par_1_80' title="bbox 986 1654 1774 1690">
     <span class='ocr_line' id='line_1_80' title="bbox 986 1654 1774 1690; baseline -0.001 -7"><span class='ocrx_word' id='word_1_717' title='bbox 986 1656 1048 1684; x_wconf 84' lang='lat' dir='ltr'><strong>Filii</strong></span> <span class='ocrx_word' id='word_1_718' title='bbox 1063 1659 1091 1683; x_wconf 89' lang='lat' dir='ltr'><strong>et</strong></span> <span class='ocrx_word' id='word_1_719' title='bbox 1102 1655 1222 1690; x_wconf 90' lang='lat' dir='ltr'><strong>Spiritus</strong></span> <span class='ocrx_word' id='word_1_720' title='bbox 1235 1654 1343 1687; x_wconf 84' lang='lat' dir='ltr'><strong>sancti;</strong></span> <span class='ocrx_word' id='word_1_721' title='bbox 1360 1662 1423 1682; x_wconf 93' lang='lat' dir='ltr'><strong>cum</strong></span> <span class='ocrx_word' id='word_1_722' title='bbox 1438 1659 1538 1682; x_wconf 86' lang='lat' dir='ltr'><strong>neuter</strong></span> <span class='ocrx_word' id='word_1_723' title='bbox 1550 1662 1645 1682; x_wconf 89' lang='lat' dir='ltr'><strong>eorum</strong></span> <span class='ocrx_word' id='word_1_724' title='bbox 1660 1655 1720 1682; x_wconf 86' lang='lat' dir='ltr'><strong>sine</strong></span> <span class='ocrx_word' id='word_1_725' title='bbox 1733 1655 1774 1682; x_wconf 87' lang='lat' dir='ltr'><strong>al-</strong></span> 
     </span>
    </p>
   </div>
   <div class='ocr_carea' id='block_1_81' title="bbox 986 1695 1432 1736">
    <p class='ocr_par' dir='ltr' id='par_1_81' title="bbox 986 1695 1432 1736">
     <span class='ocr_line' id='line_1_81' title="bbox 986 1695 1432 1736; baseline -0.007 -6"><span class='ocrx_word' id='word_1_726' title='bbox 986 1707 1046 1730; x_wconf 87' lang='lat' dir='ltr'><strong>tero</strong></span> <span class='ocrx_word' id='word_1_727' title='bbox 1060 1695 1173 1730; x_wconf 74' lang='lat' dir='ltr'><strong>exsistat</strong></span> <span class='ocrx_word' id='word_1_728' title='bbox 1187 1705 1235 1728; x_wconf 88' lang='lat' dir='ltr'><strong>aut</strong></span> <span class='ocrx_word' id='word_1_729' title='bbox 1249 1700 1432 1736; x_wconf 79' lang='lat' dir='ltr'><strong>intelligatur.</strong></span> 
     </span>
    </p>
   </div>
   <div class='ocr_carea' id='block_1_82' title="bbox 1022 1787 1774 1823">
    <p class='ocr_par' dir='ltr' id='par_1_82' title="bbox 1022 1787 1774 1823">
     <span class='ocr_line' id='line_1_82' title="bbox 1022 1787 1774 1823; baseline -0.003 -6"><span class='ocrx_word' id='word_1_730' title='bbox 1022 1790 1049 1818; x_wconf 76' lang='lat'><strong>2.</strong></span> <span class='ocrx_word' id='word_1_731' title='bbox 1063 1788 1160 1817; x_wconf 89' lang='lat' dir='ltr'><strong>Omnis</strong></span> <span class='ocrx_word' id='word_1_732' title='bbox 1177 1788 1340 1820; x_wconf 85' lang='lat' dir='ltr'><strong>intellectio,</strong></span> <span class='ocrx_word' id='word_1_733' title='bbox 1361 1795 1458 1815; x_wconf 90' lang='lat' dir='ltr'><strong>eorum</strong></span> <span class='ocrx_word' id='word_1_734' title='bbox 1476 1791 1517 1814; x_wconf 88' lang='lat' dir='ltr'><strong>est</strong></span> <span class='ocrx_word' id='word_1_735' title='bbox 1531 1795 1591 1822; x_wconf 67' lang='lat' dir='ltr'><strong>qua:</strong></span> <span class='ocrx_word' id='word_1_736' title='bbox 1607 1787 1774 1823; x_wconf 77' lang='lat' dir='ltr'><strong>intelligunt,</strong></span> 
     </span>
    </p>
   </div>
   <div class='ocr_carea' id='block_1_83' title="bbox 986 1833 1775 1870">
    <p class='ocr_par' dir='ltr' id='par_1_83' title="bbox 986 1833 1775 1870">
     <span class='ocr_line' id='line_1_83' title="bbox 986 1833 1775 1870; baseline -0.001 -8"><span class='ocrx_word' id='word_1_737' title='bbox 986 1840 1013 1862; x_wconf 91' lang='lat' dir='ltr'><strong>et</strong></span> <span class='ocrx_word' id='word_1_738' title='bbox 1035 1843 1095 1870; x_wconf 76' lang='lat' dir='ltr'><strong>qua:</strong></span> <span class='ocrx_word' id='word_1_739' title='bbox 1113 1834 1305 1869; x_wconf 78' lang='lat' dir='ltr'><strong>intelliguntur</strong></span> <span class='ocrx_word' id='word_1_740' title='bbox 1329 1843 1335 1860; x_wconf 89' lang='lat'>:</span> <span class='ocrx_word' id='word_1_741' title='bbox 1361 1833 1435 1860; x_wconf 85' lang='lat' dir='ltr'><strong>Deus</strong></span> <span class='ocrx_word' id='word_1_742' title='bbox 1457 1841 1531 1865; x_wconf 81' lang='lat' dir='ltr'><strong>vero,</strong></span> <span class='ocrx_word' id='word_1_743' title='bbox 1552 1841 1641 1868; x_wconf 84' lang='lat' dir='ltr'><strong>neque</strong></span> <span class='ocrx_word' id='word_1_744' title='bbox 1663 1833 1775 1868; x_wconf 88' lang='lat' dir='ltr'><strong>horum,</strong></span> 
     </span>
    </p>
   </div>
   <div class='ocr_carea' id='block_1_84' title="bbox 986 1879 1777 1915">
    <p class='ocr_par' dir='ltr' id='par_1_84' title="bbox 986 1879 1777 1915">
     <span class='ocr_line' id='line_1_84' title="bbox 986 1879 1777 1915; baseline 0 -7"><span class='ocrx_word' id='word_1_745' title='bbox 986 1889 1076 1915; x_wconf 85' lang='lat' dir='ltr'><strong>neque</strong></span> <span class='ocrx_word' id='word_1_746' title='bbox 1094 1880 1202 1906; x_wconf 89' lang='lat' dir='ltr'><strong>illorum</strong></span> <span class='ocrx_word' id='word_1_747' title='bbox 1218 1884 1270 1907; x_wconf 87' lang='lat' dir='ltr'><strong>est.</strong></span> <span class='ocrx_word' id='word_1_748' title='bbox 1282 1879 1389 1914; x_wconf 87' lang='lat' dir='ltr'><strong>Quippe</strong></span> <span class='ocrx_word' id='word_1_749' title='bbox 1405 1879 1529 1914; x_wconf 88' lang='lat' dir='ltr'><strong>utrisque</strong></span> <span class='ocrx_word' id='word_1_750' title='bbox 1538 1880 1685 1914; x_wconf 87' lang='lat' dir='ltr'><strong>superior:</strong></span> <span class='ocrx_word' id='word_1_751' title='bbox 1706 1880 1777 1908; x_wconf 77' lang='lat' dir='ltr'><strong>alias</strong></span> 
     </span>
    </p>
   </div>
   <div class='ocr_carea' id='block_1_85' title="bbox 986 1925 1775 1961">
    <p class='ocr_par' dir='ltr' id='par_1_85' title="bbox 986 1925 1775 1961">
     <span class='ocr_line' id='line_1_85' title="bbox 986 1925 1775 1961; baseline 0 -8"><span class='ocrx_word' id='word_1_752' title='bbox 986 1934 1104 1961; x_wconf 85' lang='lat' dir='ltr'><strong>namque</strong></span> <span class='ocrx_word' id='word_1_753' title='bbox 1128 1925 1422 1958; x_wconf 83' lang='lat' dir='ltr'><strong>circumscriberetur;</strong></span> <span class='ocrx_word' id='word_1_754' title='bbox 1440 1926 1516 1952; x_wconf 74' lang='lat' dir='ltr'><strong>velut</strong></span> <span class='ocrx_word' id='word_1_755' title='bbox 1543 1925 1648 1953; x_wconf 83' lang='lat' dir='ltr'><strong>scilicet</strong></span> <span class='ocrx_word' id='word_1_756' title='bbox 1671 1925 1775 1953; x_wconf 87' lang='lat' dir='ltr'><strong>intelli—</strong></span> 
     </span>
    </p>
   </div>
   <div class='ocr_carea' id='block_1_86' title="bbox 986 1970 1775 2009">
    <p class='ocr_par' dir='ltr' id='par_1_86' title="bbox 986 1970 1775 2009">
     <span class='ocr_line' id='line_1_86' title="bbox 986 1970 1775 2009; baseline -0.001 -9"><span class='ocrx_word' id='word_1_757' title='bbox 986 1981 1064 2009; x_wconf 74' lang='lat' dir='ltr'><strong>gens,</strong></span> <span class='ocrx_word' id='word_1_758' title='bbox 1082 1973 1141 2008; x_wconf 74' lang='lat' dir='ltr'><strong>ejus</strong></span> <span class='ocrx_word' id='word_1_759' title='bbox 1154 1972 1229 2007; x_wconf 82' lang='lat' dir='ltr'><strong>quod</strong></span> <span class='ocrx_word' id='word_1_760' title='bbox 1252 1971 1416 2006; x_wconf 76' lang='lat' dir='ltr'><strong>intelligitur</strong></span> <span class='ocrx_word' id='word_1_761' title='bbox 1432 1970 1624 1998; x_wconf 87' lang='lat' dir='ltr'><strong>habitudinem</strong></span> <span class='ocrx_word' id='word_1_762' title='bbox 1647 1979 1775 2000; x_wconf 82' lang='lat' dir='ltr'><strong>necessa-</strong></span> 
     </span>
    </p>
   </div>
   <div class='ocr_carea' id='block_1_87' title="bbox 987 2016 1777 2051">
    <p class='ocr_par' dir='ltr' id='par_1_87' title="bbox 987 2016 1777 2051">
     <span class='ocr_line' id='line_1_87' title="bbox 987 2016 1777 2051; baseline -0.003 -4"><span class='ocrx_word' id='word_1_763' title='bbox 987 2021 1055 2047; x_wconf 90' lang='lat' dir='ltr'><strong>riam</strong></span> <span class='ocrx_word' id='word_1_764' title='bbox 1072 2020 1187 2051; x_wconf 87' lang='lat' dir='ltr'><strong>habens,</strong></span> <span class='ocrx_word' id='word_1_765' title='bbox 1202 2018 1245 2045; x_wconf 76' lang='lat' dir='ltr'><strong>vel</strong></span> <span class='ocrx_word' id='word_1_766' title='bbox 1257 2017 1307 2045; x_wconf 89' lang='lat' dir='ltr'><strong>sub</strong></span> <span class='ocrx_word' id='word_1_767' title='bbox 1327 2016 1507 2051; x_wconf 76' lang='lat' dir='ltr'><strong>intelligente,</strong></span> <span class='ocrx_word' id='word_1_768' title='bbox 1524 2017 1571 2051; x_wconf 86' lang='lat' dir='ltr'><strong>qui</strong></span> <span class='ocrx_word' id='word_1_769' title='bbox 1589 2017 1624 2044; x_wconf 93' lang='lat' dir='ltr'><strong>ob</strong></span> <span class='ocrx_word' id='word_1_770' title='bbox 1638 2017 1777 2045; x_wconf 86' lang='lat' dir='ltr'><strong>habitudi-</strong></span> 
     </span>
    </p>
   </div>
   <div class='ocr_carea' id='block_1_88' title="bbox 986 2062 1776 2098">
    <p class='ocr_par' dir='ltr' id='par_1_88' title="bbox 986 2062 1776 2098">
     <span class='ocr_line' id='line_1_88' title="bbox 986 2062 1776 2098; baseline -0.004 -6"><span class='ocrx_word' id='word_1_771' title='bbox 986 2073 1049 2092; x_wconf 84' lang='lat' dir='ltr'><strong>nem</strong></span> <span class='ocrx_word' id='word_1_772' title='bbox 1074 2064 1286 2098; x_wconf 80' lang='lat' dir='ltr'><strong>intelligeretur,</strong></span> <span class='ocrx_word' id='word_1_773' title='bbox 1314 2062 1478 2089; x_wconf 88' lang='lat' dir='ltr'><strong>naturaliter</strong></span> <span class='ocrx_word' id='word_1_774' title='bbox 1504 2062 1615 2090; x_wconf 86' lang='lat' dir='ltr'><strong>cadens.</strong></span> <span class='ocrx_word' id='word_1_775' title='bbox 1643 2062 1776 2097; x_wconf 85' lang='lat' dir='ltr'><strong>Superest</strong></span> 
     </span>
    </p>
   </div>
   <div class='ocr_carea' id='block_1_89' title="bbox 987 2107 1776 2147">
    <p class='ocr_par' dir='ltr' id='par_1_89' title="bbox 987 2107 1776 2147">
     <span class='ocr_line' id='line_1_89' title="bbox 987 2107 1776 2147; baseline -0.004 -9"><span class='ocrx_word' id='word_1_776' title='bbox 987 2111 1081 2147; x_wconf 79' lang='lat' dir='ltr'><strong>igitur,</strong></span> <span class='ocrx_word' id='word_1_777' title='bbox 1098 2114 1129 2137; x_wconf 89' lang='lat' dir='ltr'><strong>ut</strong></span> <span class='ocrx_word' id='word_1_778' title='bbox 1144 2117 1195 2136; x_wconf 87' lang='lat' dir='ltr'><strong>nec</strong></span> <span class='ocrx_word' id='word_1_779' title='bbox 1211 2108 1365 2144; x_wconf 76' lang='lat' dir='ltr'><strong>intelligere</strong></span> <span class='ocrx_word' id='word_1_780' title='bbox 1380 2115 1433 2135; x_wconf 88' lang='lat' dir='ltr'><strong>nec</strong></span> <span class='ocrx_word' id='word_1_781' title='bbox 1444 2107 1560 2143; x_wconf 80' lang='lat' dir='ltr'><strong>intelligi</strong></span> <span class='ocrx_word' id='word_1_782' title='bbox 1576 2108 1662 2136; x_wconf 87' lang='lat' dir='ltr'><strong>Deum</strong></span> <span class='ocrx_word' id='word_1_783' title='bbox 1681 2108 1776 2136; x_wconf 84' lang='lat' dir='ltr'><strong>existi-</strong></span> 
     </span>
    </p>
   </div>
   <div class='ocr_carea' id='block_1_90' title="bbox 987 2154 1779 2190">
    <p class='ocr_par' dir='ltr' id='par_1_90' title="bbox 987 2154 1779 2190">
     <span class='ocr_line' id='line_1_90' title="bbox 987 2154 1779 2190; baseline -0.004 -6"><span class='ocrx_word' id='word_1_784' title='bbox 987 2164 1093 2184; x_wconf 86' lang='lat' dir='ltr'><strong>memus</strong></span> <span class='ocrx_word' id='word_1_785' title='bbox 1103 2165 1109 2187; x_wconf 88' lang='lat'><strong>;</strong></span> <span class='ocrx_word' id='word_1_786' title='bbox 1120 2154 1200 2190; x_wconf 64' lang='grc'><strong>485</strong></span> <span class='ocrx_word' id='word_1_787' title='bbox 1214 2155 1263 2182; x_wconf 85' lang='lat' dir='ltr'><strong>sed</strong></span> <span class='ocrx_word' id='word_1_788' title='bbox 1272 2155 1402 2182; x_wconf 87' lang='lat' dir='ltr'><strong>utrolibet</strong></span> <span class='ocrx_word' id='word_1_789' title='bbox 1412 2155 1511 2182; x_wconf 89' lang='lat' dir='ltr'><strong>horum</strong></span> <span class='ocrx_word' id='word_1_790' title='bbox 1520 2155 1690 2190; x_wconf 83' lang='lat' dir='ltr'><strong>superiorem</strong></span> <span class='ocrx_word' id='word_1_791' title='bbox 1700 2159 1779 2190; x_wconf 77' lang='lat' dir='ltr'><strong>pute-</strong></span> 
     </span>
    </p>
   </div>
   <div class='ocr_carea' id='block_1_91' title="bbox 143 2201 1780 2239">
    <p class='ocr_par' dir='ltr' id='par_1_91' title="bbox 143 2201 1780 2239">
     <span class='ocr_line' id='line_1_91' title="bbox 143 2201 1780 2239; baseline -0.002 -7"><span class='ocrx_word' id='word_1_792' title='bbox 143 2212 216 2232; x_wconf 83' lang='lat' dir='ltr'><strong>mus.</strong></span> <span class='ocrx_word' id='word_1_793' title='bbox 239 2204 324 2232; x_wconf 80' lang='lat' dir='ltr'><strong>Ambo</strong></span> <span class='ocrx_word' id='word_1_794' title='bbox 336 2203 409 2230; x_wconf 89' lang='lat' dir='ltr'><strong>enim</strong></span> <span class='ocrx_word' id='word_1_795' title='bbox 432 2202 501 2239; x_wconf 91' lang='lat' dir='ltr'><strong>(tum</strong></span> <span class='ocrx_word' id='word_1_796' title='bbox 523 2202 654 2229; x_wconf 91' lang='lat' dir='ltr'><strong>nimirum</strong></span> <span class='ocrx_word' id='word_1_797' title='bbox 675 2201 827 2237; x_wconf 75' lang='lat' dir='ltr'><strong>intelligere</strong></span> <span class='ocrx_word' id='word_1_798' title='bbox 848 2207 906 2230; x_wconf 84' lang='lat' dir='ltr'><strong>tum</strong></span> <span class='ocrx_word' id='word_1_799' title='bbox 930 2202 1056 2238; x_wconf 80' lang='lat' dir='ltr'><strong>intelligi)</strong></span> <span class='ocrx_word' id='word_1_800' title='bbox 1072 2202 1106 2229; x_wconf 85' lang='lat' dir='ltr'><strong>ad</strong></span> <span class='ocrx_word' id='word_1_801' title='bbox 1126 2209 1158 2228; x_wconf 88' lang='lat' dir='ltr'><strong>ea</strong></span> <span class='ocrx_word' id='word_1_802' title='bbox 1178 2209 1239 2237; x_wconf 72' lang='lat' dir='ltr'><strong>qua:</strong></span> <span class='ocrx_word' id='word_1_803' title='bbox 1260 2209 1275 2228; x_wconf 91' lang='lat' dir='ltr'><strong>a</strong></span> <span class='ocrx_word' id='word_1_804' title='bbox 1299 2201 1354 2228; x_wconf 87' lang='lat' dir='ltr'><strong>Deo</strong></span> <span class='ocrx_word' id='word_1_805' title='bbox 1375 2201 1494 2228; x_wconf 87' lang='lat' dir='ltr'><strong>secunda</strong></span> <span class='ocrx_word' id='word_1_806' title='bbox 1518 2205 1592 2234; x_wconf 88' lang='lat' dir='ltr'><strong>sunt,</strong></span> <span class='ocrx_word' id='word_1_807' title='bbox 1614 2201 1780 2228; x_wconf 84' lang='lat' dir='ltr'><strong>naturaliter</strong></span> 
     </span>
    </p>
   </div>
   <div class='ocr_carea' id='block_1_92' title="bbox 143 2254 278 2285">
    <p class='ocr_par' dir='ltr' id='par_1_92' title="bbox 143 2254 278 2285">
     <span class='ocr_line' id='line_1_92' title="bbox 143 2254 278 2285; baseline -0.015 -7"><span class='ocrx_word' id='word_1_808' title='bbox 143 2254 278 2285; x_wconf 77' lang='lat' dir='ltr'><strong>spectant.</strong></span> 
     </span>
    </p>
   </div>
   <div class='ocr_carea' id='block_1_93' title="bbox 178 2294 974 2332">
    <p class='ocr_par' dir='ltr' id='par_1_93' title="bbox 178 2294 974 2332">
     <span class='ocr_line' id='line_1_93' title="bbox 178 2294 974 2332; baseline 0.004 -11"><span class='ocrx_word' id='word_1_809' title='bbox 178 2299 214 2328; x_wconf 82' lang='grc' dir='ltr'><strong>γ’.</strong></span> <span class='ocrx_word' id='word_1_810' title='bbox 242 2296 320 2322; x_wconf 82' lang='grc' dir='ltr'>Πᾶσα</span> <span class='ocrx_word' id='word_1_811' title='bbox 343 2296 453 2330; x_wconf 79' lang='grc' dir='ltr'>νόησις,</span> <span class='ocrx_word' id='word_1_812' title='bbox 480 2294 575 2329; x_wconf 80' lang='grc' dir='ltr'>ὧσπερ</span> <span class='ocrx_word' id='word_1_813' title='bbox 599 2294 628 2321; x_wconf 87' lang='lat' dir='ltr'><strong>tv</strong></span> <span class='ocrx_word' id='word_1_814' title='bbox 647 2294 726 2329; x_wconf 78' lang='grc' dir='ltr'>οὐσίᾳ</span> <span class='ocrx_word' id='word_1_815' title='bbox 750 2295 858 2328; x_wconf 82' lang='grc' dir='ltr'>πάντως</span> <span class='ocrx_word' id='word_1_816' title='bbox 879 2296 938 2332; x_wconf 78' lang='grc' dir='ltr'>ἔχει</span> <span class='ocrx_word' id='word_1_817' title='bbox 953 2301 974 2328; x_wconf 92' lang='lat' dir='ltr'><strong>D</strong></span> 
     </span>
    </p>
   </div>
   <div class='ocr_carea' id='block_1_94' title="bbox 141 2340 937 2377">
    <p class='ocr_par' dir='ltr' id='par_1_94' title="bbox 141 2340 937 2377">
     <span class='ocr_line' id='line_1_94' title="bbox 141 2340 937 2377; baseline 0.001 -9"><span class='ocrx_word' id='word_1_818' title='bbox 141 2342 193 2377; x_wconf 70' lang='grc' dir='ltr'><strong>τὴν</strong></span> <span class='ocrx_word' id='word_1_819' title='bbox 209 2342 282 2368; x_wconf 80' lang='grc' dir='ltr'>οέσιν</span> <span class='ocrx_word' id='word_1_820' title='bbox 298 2342 337 2374; x_wconf 78' lang='grc' dir='ltr'>ὡς</span> <span class='ocrx_word' id='word_1_821' title='bbox 352 2341 473 2376; x_wconf 72' lang='grc' dir='ltr'>ποιότης,</span> <span class='ocrx_word' id='word_1_822' title='bbox 489 2340 560 2367; x_wconf 82' lang='grc' dir='ltr'>οὑτω</span> <span class='ocrx_word' id='word_1_823' title='bbox 575 2341 622 2367; x_wconf 73' lang='grc' dir='ltr'>καὶ</span> <span class='ocrx_word' id='word_1_824' title='bbox 637 2341 700 2375; x_wconf 73' lang='grc' dir='ltr'>περὶ</span> <span class='ocrx_word' id='word_1_825' title='bbox 712 2341 806 2368; x_wconf 77' lang='grc' dir='ltr'>οὐσίαν</span> <span class='ocrx_word' id='word_1_826' title='bbox 820 2351 937 2369; x_wconf 76' lang='grc' dir='ltr'>πεποιω-</span> 
     </span>
    </p>
   </div>
   <div class='ocr_carea' id='block_1_95' title="bbox 144 2385 935 2422">
    <p class='ocr_par' dir='ltr' id='par_1_95' title="bbox 144 2385 935 2422">
     <span class='ocr_line' id='line_1_95' title="bbox 144 2385 935 2422; baseline 0 -8"><span class='ocrx_word' id='word_1_827' title='bbox 144 2387 230 2422; x_wconf 78' lang='grc' dir='ltr'>μένην</span> <span class='ocrx_word' id='word_1_828' title='bbox 248 2387 303 2422; x_wconf 81' lang='grc' dir='ltr'>ἔχει</span> <span class='ocrx_word' id='word_1_829' title='bbox 328 2388 376 2421; x_wconf 85' lang='grc' dir='ltr'>τὴν</span> <span class='ocrx_word' id='word_1_830' title='bbox 396 2387 512 2422; x_wconf 83' lang='grc' dir='ltr'>κίνησιν.</span> <span class='ocrx_word' id='word_1_831' title='bbox 543 2385 582 2413; x_wconf 89' lang='grc' dir='ltr'><strong>Οὺ</strong></span> <span class='ocrx_word' id='word_1_832' title='bbox 597 2385 651 2421; x_wconf 87' lang='grc' dir='ltr'>γὰρ</span> <span class='ocrx_word' id='word_1_833' title='bbox 667 2386 765 2420; x_wconf 81' lang='grc' dir='ltr'>ἄφετόν</span> <span class='ocrx_word' id='word_1_834' title='bbox 781 2395 806 2413; x_wconf 82' lang='grc' dir='ltr'><strong>τι</strong></span> <span class='ocrx_word' id='word_1_835' title='bbox 821 2388 935 2414; x_wconf 66' lang='grc' dir='ltr'>καθόλου</span> 
     </span>
    </p>
   </div>
   <div class='ocr_carea' id='block_1_96' title="bbox 143 2430 936 2470">
    <p class='ocr_par' dir='ltr' id='par_1_96' title="bbox 143 2430 936 2470">
     <span class='ocr_line' id='line_1_96' title="bbox 143 2430 936 2470; baseline 0.003 -12"><span class='ocrx_word' id='word_1_836' title='bbox 143 2434 190 2459; x_wconf 67' lang='grc' dir='ltr'>καὶ</span> <span class='ocrx_word' id='word_1_837' title='bbox 212 2432 314 2458; x_wconf 76' lang='grc' dir='ltr'>ἁπλοῦν</span> <span class='ocrx_word' id='word_1_838' title='bbox 330 2431 394 2458; x_wconf 65' lang='grc' dir='ltr'>καθ’</span> <span class='ocrx_word' id='word_1_839' title='bbox 403 2432 484 2458; x_wconf 75' lang='grc' dir='ltr'>ἑαυτὸ</span> <span class='ocrx_word' id='word_1_840' title='bbox 499 2430 622 2466; x_wconf 73' lang='grc' dir='ltr'>ὑφεστὼς</span> <span class='ocrx_word' id='word_1_841' title='bbox 637 2431 748 2457; x_wconf 60' lang='grc' dir='ltr'>δυνατοί</span> <span class='ocrx_word' id='word_1_842' title='bbox 762 2432 836 2458; x_wconf 79' lang='grc' dir='ltr'>ἐστιν</span> <span class='ocrx_word' id='word_1_843' title='bbox 851 2433 936 2470; x_wconf 68' lang='grc' dir='ltr'>αὐτὴν</span> 
     </span>
    </p>
   </div>
   <div class='ocr_carea' id='block_1_97' title="bbox 143 2477 935 2512">
    <p class='ocr_par' dir='ltr' id='par_1_97' title="bbox 143 2477 935 2512">
     <span class='ocr_line' id='line_1_97' title="bbox 143 2477 935 2512; baseline 0.001 -8"><span class='ocrx_word' id='word_1_844' title='bbox 143 2477 336 2511; x_wconf 76' lang='grc' dir='ltr'>ὐποδέξασθαι,</span> <span class='ocrx_word' id='word_1_845' title='bbox 348 2478 388 2504; x_wconf 80' lang='grc' dir='ltr'><strong>ὅτι</strong></span> <span class='ocrx_word' id='word_1_846' title='bbox 402 2477 440 2512; x_wconf 81' lang='grc' dir='ltr'>μὴ</span> <span class='ocrx_word' id='word_1_847' title='bbox 451 2477 548 2511; x_wconf 75' lang='grc' dir='ltr'>ἄφετός</span> <span class='ocrx_word' id='word_1_848' title='bbox 560 2478 619 2503; x_wconf 70' lang='grc' dir='ltr'>ἐστι</span> <span class='ocrx_word' id='word_1_849' title='bbox 631 2477 677 2504; x_wconf 73' lang='grc' dir='ltr'><strong>καὶ</strong></span> <span class='ocrx_word' id='word_1_850' title='bbox 687 2477 771 2512; x_wconf 80' lang='grc' dir='ltr'><strong>ἁπλῆ.</strong></span> <span class='ocrx_word' id='word_1_851' title='bbox 780 2479 810 2504; x_wconf 88' lang='lat'><strong>&#39;0</strong></span> <span class='ocrx_word' id='word_1_852' title='bbox 820 2478 848 2504; x_wconf 87' lang='grc' dir='ltr'><strong>δὲ</strong></span> <span class='ocrx_word' id='word_1_853' title='bbox 860 2479 935 2510; x_wconf 76' lang='grc' dir='ltr'>Θεὸς,</span> 
     </span>
    </p>
   </div>
   <div class='ocr_carea' id='block_1_98' title="bbox 142 2521 935 2557">
    <p class='ocr_par' dir='ltr' id='par_1_98' title="bbox 142 2521 935 2557">
     <span class='ocr_line' id='line_1_98' title="bbox 142 2521 935 2557; baseline 0.001 -8"><span class='ocrx_word' id='word_1_854' title='bbox 142 2521 205 2549; x_wconf 74' lang='grc' dir='ltr'>κατ’</span> <span class='ocrx_word' id='word_1_855' title='bbox 221 2522 304 2557; x_wconf 83' lang='grc' dir='ltr'>ἄμφω</span> <span class='ocrx_word' id='word_1_856' title='bbox 321 2523 438 2557; x_wconf 79' lang='grc' dir='ltr'>πάμπαν</span> <span class='ocrx_word' id='word_1_857' title='bbox 452 2522 584 2557; x_wconf 77' lang='grc' dir='ltr'>ὑπάρχων</span> <span class='ocrx_word' id='word_1_858' title='bbox 597 2521 711 2554; x_wconf 77' lang='grc' dir='ltr'>ἁπλοῦς,</span> <span class='ocrx_word' id='word_1_859' title='bbox 731 2522 778 2549; x_wconf 78' lang='grc' dir='ltr'>καὶ</span> <span class='ocrx_word' id='word_1_860' title='bbox 793 2523 872 2550; x_wconf 70' lang='grc' dir='ltr'>οὐσία</span> <span class='ocrx_word' id='word_1_861' title='bbox 889 2523 935 2550; x_wconf 80' lang='grc' dir='ltr'>τοῦ</span> 
     </span>
    </p>
   </div>
   <div class='ocr_carea' id='block_1_99' title="bbox 143 2566 935 2603">
    <p class='ocr_par' dir='ltr' id='par_1_99' title="bbox 143 2566 935 2603">
     <span class='ocr_line' id='line_1_99' title="bbox 143 2566 935 2603; baseline 0.001 -9"><span class='ocrx_word' id='word_1_862' title='bbox 143 2569 174 2594; x_wconf 85' lang='lat' dir='ltr'><strong>tv</strong></span> <span class='ocrx_word' id='word_1_863' title='bbox 186 2567 360 2603; x_wconf 77' lang='grc' dir='ltr'>ὑποκειμένῳ</span> <span class='ocrx_word' id='word_1_864' title='bbox 372 2567 468 2602; x_wconf 76' lang='grc' dir='ltr'>χωρὶς,</span> <span class='ocrx_word' id='word_1_865' title='bbox 495 2567 542 2593; x_wconf 77' lang='grc' dir='ltr'><strong>καὶ</strong></span> <span class='ocrx_word' id='word_1_866' title='bbox 555 2567 647 2602; x_wconf 79' lang='grc' dir='ltr'>νόησις</span> <span class='ocrx_word' id='word_1_867' title='bbox 664 2567 702 2602; x_wconf 81' lang='grc' dir='ltr'><strong>μὴ</strong></span> <span class='ocrx_word' id='word_1_868' title='bbox 715 2566 815 2602; x_wconf 74' lang='grc' dir='ltr'>ἔχουσά</span> <span class='ocrx_word' id='word_1_869' title='bbox 825 2577 851 2594; x_wconf 81' lang='grc' dir='ltr'><strong>τι</strong></span> <span class='ocrx_word' id='word_1_870' title='bbox 867 2568 935 2595; x_wconf 82' lang='grc' dir='ltr'><strong>καο-</strong></span> 
     </span>
    </p>
   </div>
   <div class='ocr_carea' id='block_1_100' title="bbox 143 2612 936 2648">
    <p class='ocr_par' dir='ltr' id='par_1_100' title="bbox 143 2612 936 2648">
     <span class='ocr_line' id='line_1_100' title="bbox 143 2612 936 2648; baseline -0.001 -7"><span class='ocrx_word' id='word_1_871' title='bbox 143 2614 218 2647; x_wconf 79' lang='grc' dir='ltr'><strong>ἀπαξ</strong></span> <span class='ocrx_word' id='word_1_872' title='bbox 234 2614 413 2648; x_wconf 75' lang='grc' dir='ltr'>ὑποκείμενον</span> <span class='ocrx_word' id='word_1_873' title='bbox 424 2621 430 2628; x_wconf 81' lang='grc'><em>’</em></span> <span class='ocrx_word' id='word_1_874' title='bbox 449 2613 499 2640; x_wconf 81' lang='grc' dir='ltr'>οὑκ</span> <span class='ocrx_word' id='word_1_875' title='bbox 511 2612 568 2639; x_wconf 78' lang='grc' dir='ltr'>ἐστι</span> <span class='ocrx_word' id='word_1_876' title='bbox 582 2612 635 2639; x_wconf 84' lang='grc' dir='ltr'>τῶν</span> <span class='ocrx_word' id='word_1_877' title='bbox 647 2613 779 2640; x_wconf 79' lang='grc' dir='ltr'>νοοὺντων</span> <span class='ocrx_word' id='word_1_878' title='bbox 796 2614 843 2640; x_wconf 78' lang='grc' dir='ltr'>καὶ</span> <span class='ocrx_word' id='word_1_879' title='bbox 859 2623 936 2640; x_wconf 75' lang='grc' dir='ltr'>νεου-</span> 
     </span>
    </p>
   </div>
   <div class='ocr_carea' id='block_1_101' title="bbox 146 2658 937 2695">
    <p class='ocr_par' dir='ltr' id='par_1_101' title="bbox 146 2658 937 2695">
     <span class='ocr_line' id='line_1_101' title="bbox 146 2658 937 2695; baseline 0 -9"><span class='ocrx_word' id='word_1_880' title='bbox 146 2660 253 2695; x_wconf 79' lang='grc' dir='ltr'>μὲνων,</span> <span class='ocrx_word' id='word_1_881' title='bbox 283 2659 320 2691; x_wconf 80' lang='grc' dir='ltr'><strong>ὡς</strong></span> <span class='ocrx_word' id='word_1_882' title='bbox 350 2659 421 2695; x_wconf 81' lang='grc' dir='ltr'>ὑπὲρ</span> <span class='ocrx_word' id='word_1_883' title='bbox 443 2659 536 2686; x_wconf 83' lang='grc' dir='ltr'>οὐσίαν</span> <span class='ocrx_word' id='word_1_884' title='bbox 567 2658 698 2694; x_wconf 81' lang='grc' dir='ltr'>ὑπάρχων</span> <span class='ocrx_word' id='word_1_885' title='bbox 736 2659 857 2694; x_wconf 79' lang='grc' dir='ltr'>δηλονότι</span> <span class='ocrx_word' id='word_1_886' title='bbox 891 2659 937 2686; x_wconf 68' lang='grc' dir='ltr'><strong>καὶ</strong></span> 
     </span>
    </p>
   </div>
   <div class='ocr_carea' id='block_1_102' title="bbox 143 2706 246 2740">
    <p class='ocr_par' dir='ltr' id='par_1_102' title="bbox 143 2706 246 2740">
     <span class='ocr_line' id='line_1_102' title="bbox 143 2706 246 2740; baseline -0.01 -8"><span class='ocrx_word' id='word_1_887' title='bbox 143 2706 246 2740; x_wconf 70' lang='grc' dir='ltr'>νᾶησιν.</span> 
     </span>
    </p>
   </div>
   <div class='ocr_carea' id='block_1_103' title="bbox 180 2795 935 2832">
    <p class='ocr_par' dir='ltr' id='par_1_103' title="bbox 180 2795 935 2832">
     <span class='ocr_line' id='line_1_103' title="bbox 180 2795 935 2832; baseline -0.003 -8"><span class='ocrx_word' id='word_1_888' title='bbox 180 2797 211 2825; x_wconf 82' lang='grc' dir='ltr'><strong>δ’.</strong></span> <span class='ocrx_word' id='word_1_889' title='bbox 223 2798 330 2832; x_wconf 79' lang='grc' dir='ltr'>’Ὠσπερ</span> <span class='ocrx_word' id='word_1_890' title='bbox 344 2797 372 2823; x_wconf 86' lang='lat' dir='ltr'><strong>tv</strong></span> <span class='ocrx_word' id='word_1_891' title='bbox 382 2795 421 2831; x_wconf 81' lang='grc' dir='ltr'><strong>τῷ</strong></span> <span class='ocrx_word' id='word_1_892' title='bbox 435 2795 540 2831; x_wconf 82' lang='grc' dir='ltr'>κέντρῳ</span> <span class='ocrx_word' id='word_1_893' title='bbox 554 2795 608 2823; x_wconf 85' lang='grc' dir='ltr'>τῶν</span> <span class='ocrx_word' id='word_1_894' title='bbox 619 2795 648 2828; x_wconf 73' lang='grc' dir='ltr'>ἐξ</span> <span class='ocrx_word' id='word_1_895' title='bbox 659 2795 742 2823; x_wconf 83' lang='grc' dir='ltr'>αὑτοῦ</span> <span class='ocrx_word' id='word_1_896' title='bbox 754 2796 814 2823; x_wconf 79' lang='grc' dir='ltr'>κατ’</span> <span class='ocrx_word' id='word_1_897' title='bbox 827 2795 935 2823; x_wconf 70' lang='grc' dir='ltr'>εὑοεῖαν</span> 
     </span>
    </p>
   </div>
   <div class='ocr_carea' id='block_1_104' title="bbox 143 2841 935 2878">
    <p class='ocr_par' dir='ltr' id='par_1_104' title="bbox 143 2841 935 2878">
     <span class='ocr_line' id='line_1_104' title="bbox 143 2841 935 2878; baseline -0.004 -8"><span class='ocrx_word' id='word_1_898' title='bbox 143 2843 331 2877; x_wconf 57' lang='lat' dir='ltr'><strong>titus-aptva</strong></span> <span class='ocrx_word' id='word_1_899' title='bbox 355 2841 492 2878; x_wconf 80' lang='grc' dir='ltr'>γραμμῶν</span> <span class='ocrx_word' id='word_1_900' title='bbox 519 2841 670 2877; x_wconf 81' lang='grc' dir='ltr'>ἀδιαίρετος</span> <span class='ocrx_word' id='word_1_901' title='bbox 699 2842 840 2876; x_wconf 73' lang='grc' dir='ltr'>θεωρεῖται</span> <span class='ocrx_word' id='word_1_902' title='bbox 870 2850 935 2868; x_wconf 80' lang='grc' dir='ltr'>παν-</span> 
     </span>
    </p>
   </div>
   <div class='ocr_carea' id='block_1_105' title="bbox 1021 2295 1775 2326">
    <p class='ocr_par' dir='ltr' id='par_1_105' title="bbox 1021 2295 1775 2326">
     <span class='ocr_line' id='line_1_105' title="bbox 1021 2295 1775 2326; baseline -0.004 -1"><span class='ocrx_word' id='word_1_903' title='bbox 1021 2298 1047 2326; x_wconf 77' lang='lat'><strong>5.</strong></span> <span class='ocrx_word' id='word_1_904' title='bbox 1064 2297 1159 2325; x_wconf 84' lang='lat' dir='ltr'><strong>Omnis</strong></span> <span class='ocrx_word' id='word_1_905' title='bbox 1188 2297 1339 2324; x_wconf 88' lang='lat' dir='ltr'><strong>intellectio</strong></span> <span class='ocrx_word' id='word_1_906' title='bbox 1353 2296 1425 2323; x_wconf 89' lang='lat' dir='ltr'><strong>sicut</strong></span> <span class='ocrx_word' id='word_1_907' title='bbox 1452 2295 1566 2323; x_wconf 90' lang='lat' dir='ltr'><strong>omnino</strong></span> <span class='ocrx_word' id='word_1_908' title='bbox 1579 2295 1607 2322; x_wconf 92' lang='lat' dir='ltr'><strong>in</strong></span> <span class='ocrx_word' id='word_1_909' title='bbox 1621 2295 1775 2323; x_wconf 84' lang='lat' dir='ltr'><strong>substantia</strong></span> 
     </span>
    </p>
   </div>
   <div class='ocr_carea' id='block_1_106' title="bbox 989 2341 1779 2378">
    <p class='ocr_par' dir='ltr' id='par_1_106' title="bbox 989 2341 1779 2378">
     <span class='ocr_line' id='line_1_106' title="bbox 989 2341 1779 2378; baseline -0.006 -6"><span class='ocrx_word' id='word_1_910' title='bbox 989 2344 1081 2372; x_wconf 82' lang='lat' dir='ltr'><strong>sedem</strong></span> <span class='ocrx_word' id='word_1_911' title='bbox 1095 2344 1187 2374; x_wconf 81' lang='lat' dir='ltr'><strong>habet,</strong></span> <span class='ocrx_word' id='word_1_912' title='bbox 1201 2343 1302 2378; x_wconf 84' lang='lat' dir='ltr'><strong>quippe</strong></span> <span class='ocrx_word' id='word_1_913' title='bbox 1320 2349 1382 2369; x_wconf 90' lang='lat' dir='ltr'><strong>cum</strong></span> <span class='ocrx_word' id='word_1_914' title='bbox 1407 2342 1442 2368; x_wconf 86' lang='lat' dir='ltr'><strong>sit</strong></span> <span class='ocrx_word' id='word_1_915' title='bbox 1455 2342 1591 2376; x_wconf 87' lang='lat' dir='ltr'><strong>qualitas;</strong></span> <span class='ocrx_word' id='word_1_916' title='bbox 1612 2341 1652 2368; x_wconf 91' lang='lat' dir='ltr'><strong>sic</strong></span> <span class='ocrx_word' id='word_1_917' title='bbox 1666 2348 1779 2376; x_wconf 80' lang='lat' dir='ltr'><strong>quoque</strong></span> 
     </span>
    </p>
   </div>
   <div class='ocr_carea' id='block_1_107' title="bbox 989 2385 1778 2421">
    <p class='ocr_par' dir='ltr' id='par_1_107' title="bbox 989 2385 1778 2421">
     <span class='ocr_line' id='line_1_107' title="bbox 989 2385 1778 2421; baseline -0.005 -5"><span class='ocrx_word' id='word_1_918' title='bbox 989 2390 1061 2416; x_wconf 85' lang='lat' dir='ltr'><strong>circa</strong></span> <span class='ocrx_word' id='word_1_919' title='bbox 1078 2386 1259 2416; x_wconf 82' lang='lat' dir='ltr'><strong>substantiam</strong></span> <span class='ocrx_word' id='word_1_920' title='bbox 1273 2387 1405 2421; x_wconf 85' lang='lat' dir='ltr'><strong>qualitate</strong></span> <span class='ocrx_word' id='word_1_921' title='bbox 1421 2386 1554 2412; x_wconf 87' lang='lat' dir='ltr'><strong>imbutam</strong></span> <span class='ocrx_word' id='word_1_922' title='bbox 1565 2388 1670 2412; x_wconf 88' lang='lat' dir='ltr'><strong>motum</strong></span> <span class='ocrx_word' id='word_1_923' title='bbox 1684 2385 1778 2412; x_wconf 85' lang='lat' dir='ltr'><strong>habet.</strong></span> 
     </span>
    </p>
   </div>
   <div class='ocr_carea' id='block_1_108' title="bbox 988 2430 1779 2466">
    <p class='ocr_par' dir='ltr' id='par_1_108' title="bbox 988 2430 1779 2466">
     <span class='ocr_line' id='line_1_108' title="bbox 988 2430 1779 2466; baseline -0.005 -5"><span class='ocrx_word' id='word_1_924' title='bbox 988 2435 1047 2462; x_wconf 78' lang='lat' dir='ltr'><strong>Non</strong></span> <span class='ocrx_word' id='word_1_925' title='bbox 1060 2433 1134 2460; x_wconf 91' lang='lat' dir='ltr'><strong>enim</strong></span> <span class='ocrx_word' id='word_1_926' title='bbox 1156 2431 1217 2459; x_wconf 83' lang='lat' dir='ltr'><strong>ﬁeri</strong></span> <span class='ocrx_word' id='word_1_927' title='bbox 1240 2436 1342 2466; x_wconf 87' lang='lat' dir='ltr'><strong>potest,</strong></span> <span class='ocrx_word' id='word_1_928' title='bbox 1356 2436 1386 2458; x_wconf 90' lang='lat' dir='ltr'><strong>ut</strong></span> <span class='ocrx_word' id='word_1_929' title='bbox 1397 2431 1463 2465; x_wconf 90' lang='lat' dir='ltr'><strong>quid</strong></span> <span class='ocrx_word' id='word_1_930' title='bbox 1487 2430 1600 2457; x_wconf 89' lang='lat' dir='ltr'><strong>omnino</strong></span> <span class='ocrx_word' id='word_1_931' title='bbox 1619 2431 1779 2457; x_wconf 85' lang='lat' dir='ltr'><strong>absolutum</strong></span> 
     </span>
    </p>
   </div>
   <div class='ocr_carea' id='block_1_109' title="bbox 990 2475 1780 2512">
    <p class='ocr_par' dir='ltr' id='par_1_109' title="bbox 990 2475 1780 2512">
     <span class='ocr_line' id='line_1_109' title="bbox 990 2475 1780 2512; baseline -0.004 -6"><span class='ocrx_word' id='word_1_932' title='bbox 990 2487 1022 2506; x_wconf 87' lang='lat' dir='ltr'><strong>ac</strong></span> <span class='ocrx_word' id='word_1_933' title='bbox 1044 2478 1159 2512; x_wconf 78' lang='lat' dir='ltr'><strong>simplex</strong></span> <span class='ocrx_word' id='word_1_934' title='bbox 1172 2484 1220 2512; x_wconf 90' lang='lat' dir='ltr'><strong>per</strong></span> <span class='ocrx_word' id='word_1_935' title='bbox 1240 2484 1269 2503; x_wconf 90' lang='lat' dir='ltr'><strong>se</strong></span> <span class='ocrx_word' id='word_1_936' title='bbox 1286 2477 1432 2506; x_wconf 77' lang='lat' dir='ltr'><strong>exsistens,</strong></span> <span class='ocrx_word' id='word_1_937' title='bbox 1455 2475 1528 2502; x_wconf 87' lang='lat' dir='ltr'><strong>illam</strong></span> <span class='ocrx_word' id='word_1_938' title='bbox 1553 2476 1702 2510; x_wconf 84' lang='lat' dir='ltr'><strong>suscipiat,</strong></span> <span class='ocrx_word' id='word_1_939' title='bbox 1715 2483 1780 2503; x_wconf 91' lang='lat' dir='ltr'><strong>cum</strong></span> 
     </span>
    </p>
   </div>
   <div class='ocr_carea' id='block_1_110' title="bbox 989 2522 1777 2559">
    <p class='ocr_par' dir='ltr' id='par_1_110' title="bbox 989 2522 1777 2559">
     <span class='ocr_line' id='line_1_110' title="bbox 989 2522 1777 2559; baseline -0.003 -8"><span class='ocrx_word' id='word_1_940' title='bbox 989 2532 1078 2559; x_wconf 87' lang='lat' dir='ltr'><strong>neque</strong></span> <span class='ocrx_word' id='word_1_941' title='bbox 1102 2523 1148 2551; x_wconf 91' lang='lat' dir='ltr'><strong>illa</strong></span> <span class='ocrx_word' id='word_1_942' title='bbox 1163 2523 1289 2551; x_wconf 80' lang='lat' dir='ltr'><strong>absoluta</strong></span> <span class='ocrx_word' id='word_1_943' title='bbox 1307 2530 1339 2550; x_wconf 89' lang='lat' dir='ltr'><strong>ac</strong></span> <span class='ocrx_word' id='word_1_944' title='bbox 1357 2523 1474 2557; x_wconf 79' lang='lat' dir='ltr'><strong>simplex</strong></span> <span class='ocrx_word' id='word_1_945' title='bbox 1490 2522 1613 2549; x_wconf 77' lang='lat' dir='ltr'><strong>exsistat.</strong></span> <span class='ocrx_word' id='word_1_946' title='bbox 1632 2522 1705 2549; x_wconf 89' lang='lat' dir='ltr'><strong>Deus</strong></span> <span class='ocrx_word' id='word_1_947' title='bbox 1730 2530 1777 2549; x_wconf 84' lang='lat' dir='ltr'><strong>au-</strong></span> 
     </span>
    </p>
   </div>
   <div class='ocr_carea' id='block_1_111' title="bbox 990 2567 1778 2605">
    <p class='ocr_par' dir='ltr' id='par_1_111' title="bbox 990 2567 1778 2605">
     <span class='ocr_line' id='line_1_111' title="bbox 990 2567 1778 2605; baseline -0.004 -8"><span class='ocrx_word' id='word_1_948' title='bbox 990 2575 1045 2598; x_wconf 84' lang='lat' dir='ltr'><strong>tem</strong></span> <span class='ocrx_word' id='word_1_949' title='bbox 1060 2575 1177 2605; x_wconf 85' lang='lat' dir='ltr'><strong>utroque</strong></span> <span class='ocrx_word' id='word_1_950' title='bbox 1189 2569 1270 2596; x_wconf 91' lang='lat' dir='ltr'><strong>modo</strong></span> <span class='ocrx_word' id='word_1_951' title='bbox 1287 2569 1344 2602; x_wconf 87' lang='lat' dir='ltr'><strong>ipse</strong></span> <span class='ocrx_word' id='word_1_952' title='bbox 1369 2576 1482 2603; x_wconf 89' lang='lat' dir='ltr'><strong>prorsus</strong></span> <span class='ocrx_word' id='word_1_953' title='bbox 1505 2567 1631 2602; x_wconf 78' lang='lat' dir='ltr'><strong>simplex,</strong></span> <span class='ocrx_word' id='word_1_954' title='bbox 1658 2575 1690 2594; x_wconf 89' lang='lat' dir='ltr'><strong>ac</strong></span> <span class='ocrx_word' id='word_1_955' title='bbox 1709 2567 1778 2594; x_wconf 74' lang='lat' dir='ltr'><strong>sub-</strong></span> 
     </span>
    </p>
   </div>
   <div class='ocr_carea' id='block_1_112' title="bbox 990 2613 1780 2650">
    <p class='ocr_par' dir='ltr' id='par_1_112' title="bbox 990 2613 1780 2650">
     <span class='ocr_line' id='line_1_112' title="bbox 990 2613 1780 2650; baseline -0.006 -6"><span class='ocrx_word' id='word_1_956' title='bbox 990 2616 1091 2644; x_wconf 80' lang='lat' dir='ltr'><strong>stantia</strong></span> <span class='ocrx_word' id='word_1_957' title='bbox 1111 2624 1166 2643; x_wconf 94' lang='lat' dir='ltr'><strong>non</strong></span> <span class='ocrx_word' id='word_1_958' title='bbox 1191 2615 1218 2642; x_wconf 90' lang='lat' dir='ltr'><strong>in</strong></span> <span class='ocrx_word' id='word_1_959' title='bbox 1238 2615 1381 2650; x_wconf 78' lang='lat' dir='ltr'><strong>subjecto,</strong></span> <span class='ocrx_word' id='word_1_960' title='bbox 1402 2614 1608 2647; x_wconf 83' lang='lat' dir='ltr'><strong>intellectioque</strong></span> <span class='ocrx_word' id='word_1_961' title='bbox 1631 2613 1700 2639; x_wconf 90' lang='lat' dir='ltr'><strong>nihil</strong></span> <span class='ocrx_word' id='word_1_962' title='bbox 1719 2613 1780 2646; x_wconf 84' lang='lat' dir='ltr'><strong>ipsa</strong></span> 
     </span>
    </p>
   </div>
   <div class='ocr_carea' id='block_1_113' title="bbox 989 2658 1778 2696">
    <p class='ocr_par' dir='ltr' id='par_1_113' title="bbox 989 2658 1778 2696">
     <span class='ocr_line' id='line_1_113' title="bbox 989 2658 1778 2696; baseline -0.005 -8"><span class='ocrx_word' id='word_1_963' title='bbox 989 2661 1104 2689; x_wconf 89' lang='lat' dir='ltr'><strong>omnino</strong></span> <span class='ocrx_word' id='word_1_964' title='bbox 1119 2661 1273 2696; x_wconf 84' lang='lat' dir='ltr'><strong>subjectum</strong></span> <span class='ocrx_word' id='word_1_965' title='bbox 1287 2660 1404 2692; x_wconf 88' lang='lat' dir='ltr'><strong>habens,</strong></span> <span class='ocrx_word' id='word_1_966' title='bbox 1424 2667 1479 2686; x_wconf 94' lang='lat' dir='ltr'><strong>non</strong></span> <span class='ocrx_word' id='word_1_967' title='bbox 1491 2667 1587 2686; x_wconf 89' lang='lat' dir='ltr'><strong>eorum</strong></span> <span class='ocrx_word' id='word_1_968' title='bbox 1602 2661 1646 2685; x_wconf 87' lang='lat' dir='ltr'><strong>est</strong></span> <span class='ocrx_word' id='word_1_969' title='bbox 1661 2665 1721 2693; x_wconf 63' lang='lat' dir='ltr'><strong>qua</strong></span> <span class='ocrx_word' id='word_1_970' title='bbox 1733 2658 1778 2684; x_wconf 93' lang='lat' dir='ltr'><strong>in-</strong></span> 
     </span>
    </p>
   </div>
   <div class='ocr_carea' id='block_1_114' title="bbox 989 2705 1778 2743">
    <p class='ocr_par' dir='ltr' id='par_1_114' title="bbox 989 2705 1778 2743">
     <span class='ocr_line' id='line_1_114' title="bbox 989 2705 1778 2743; baseline -0.006 -8"><span class='ocrx_word' id='word_1_971' title='bbox 989 2709 1119 2743; x_wconf 83' lang='lat' dir='ltr'><strong>telligunt</strong></span> <span class='ocrx_word' id='word_1_972' title='bbox 1131 2712 1179 2734; x_wconf 89' lang='lat' dir='ltr'><strong>aut</strong></span> <span class='ocrx_word' id='word_1_973' title='bbox 1198 2707 1404 2742; x_wconf 77' lang='lat' dir='ltr'><strong>intelliguntur,</strong></span> <span class='ocrx_word' id='word_1_974' title='bbox 1430 2710 1460 2733; x_wconf 91' lang='lat' dir='ltr'><strong>ut</strong></span> <span class='ocrx_word' id='word_1_975' title='bbox 1477 2705 1525 2740; x_wconf 90' lang='lat' dir='ltr'><strong>qui</strong></span> <span class='ocrx_word' id='word_1_976' title='bbox 1540 2705 1670 2733; x_wconf 89' lang='lat' dir='ltr'><strong>nimirum</strong></span> <span class='ocrx_word' id='word_1_977' title='bbox 1692 2711 1778 2738; x_wconf 80' lang='lat' dir='ltr'><strong>supra</strong></span> 
     </span>
    </p>
   </div>
   <div class='ocr_carea' id='block_1_115' title="bbox 991 2750 1595 2785">
    <p class='ocr_par' dir='ltr' id='par_1_115' title="bbox 991 2750 1595 2785">
     <span class='ocr_line' id='line_1_115' title="bbox 991 2750 1595 2785; baseline -0.005 -6"><span class='ocrx_word' id='word_1_978' title='bbox 991 2752 1172 2780; x_wconf 88' lang='lat' dir='ltr'><strong>substantiam</strong></span> <span class='ocrx_word' id='word_1_979' title='bbox 1185 2751 1458 2785; x_wconf 75' lang='lat' dir='ltr'><strong>intelleCtionemque</strong></span> <span class='ocrx_word' id='word_1_980' title='bbox 1471 2750 1595 2777; x_wconf 81' lang='lat' dir='ltr'><strong>exsistat.</strong></span> 
     </span>
    </p>
   </div>
   <div class='ocr_carea' id='block_1_116' title="bbox 1026 2792 1775 2828">
    <p class='ocr_par' dir='ltr' id='par_1_116' title="bbox 1026 2792 1775 2828">
     <span class='ocr_line' id='line_1_116' title="bbox 1026 2792 1775 2828; baseline -0.004 -6"><span class='ocrx_word' id='word_1_981' title='bbox 1026 2796 1052 2822; x_wconf 64' lang='grc'><strong>4.</strong></span> <span class='ocrx_word' id='word_1_982' title='bbox 1068 2795 1306 2828; x_wconf 88' lang='lat' dir='ltr'><strong>Quemadmodum</strong></span> <span class='ocrx_word' id='word_1_983' title='bbox 1333 2795 1470 2822; x_wconf 89' lang='lat' dir='ltr'><strong>linearum</strong></span> <span class='ocrx_word' id='word_1_984' title='bbox 1490 2798 1565 2821; x_wconf 90' lang='lat' dir='ltr'><strong>recta</strong></span> <span class='ocrx_word' id='word_1_985' title='bbox 1585 2801 1600 2820; x_wconf 90' lang='lat' dir='ltr'><strong>a</strong></span> <span class='ocrx_word' id='word_1_986' title='bbox 1613 2796 1710 2820; x_wconf 82' lang='lat' dir='ltr'><strong>centro</strong></span> <span class='ocrx_word' id='word_1_987' title='bbox 1724 2792 1775 2820; x_wconf 86' lang='lat' dir='ltr'><strong>du-</strong></span> 
     </span>
    </p>
   </div>
   <div class='ocr_carea' id='block_1_117' title="bbox 991 2838 1780 2878">
    <p class='ocr_par' dir='ltr' id='par_1_117' title="bbox 991 2838 1780 2878">
     <span class='ocr_line' id='line_1_117' title="bbox 991 2838 1780 2878; baseline -0.004 -10"><span class='ocrx_word' id='word_1_988' title='bbox 991 2846 1097 2869; x_wconf 85' lang='lat' dir='ltr'><strong>ctarum</strong></span> <span class='ocrx_word' id='word_1_989' title='bbox 1116 2841 1231 2869; x_wconf 72' lang='lat' dir='ltr'><strong>indivisa</strong></span> <span class='ocrx_word' id='word_1_990' title='bbox 1244 2841 1355 2878; x_wconf 87' lang='lat' dir='ltr'><strong>penitus</strong></span> <span class='ocrx_word' id='word_1_991' title='bbox 1368 2841 1394 2868; x_wconf 91' lang='lat' dir='ltr'><strong>in</strong></span> <span class='ocrx_word' id='word_1_992' title='bbox 1409 2848 1443 2868; x_wconf 80' lang='lat' dir='ltr'><strong>eo</strong></span> <span class='ocrx_word' id='word_1_993' title='bbox 1458 2839 1648 2867; x_wconf 84' lang='lat' dir='ltr'><strong>consideratur</strong></span> <span class='ocrx_word' id='word_1_994' title='bbox 1659 2838 1780 2876; x_wconf 75' lang='lat' dir='ltr'><strong>positio;</strong></span> 
     </span>
    </p>
   </div>
  </div>
