1951 3076
198 142 265 176 1127

796 140 827 169 S.
848 137 993 169 MAXIM!
1014 134 1270 166 CONFESSORIS

1770 130 1842 163 “‘28

196 206 238 234 sic
254 205 302 240 qui
327 203 432 232 versari
449 210 511 230 cum
537 201 594 229 Deo
624 200 769 232 meruerit,
793 207 891 227 omnes
917 198 943 225 in
959 205 989 225 eo

1045 194 1128 226 τελῶς
1142 196 1158 229 ὴ
1171 193 1245 224 θέσις
1256 201 1262 207 ·
1280 192 1367 224 οὕτως
1376 193 1390 219 ὀ
1402 191 1526 225 ἀξιωθεὶς
1537 191 1565 217 ὲν
1578 189 1616 225 τῷ
1628 188 1686 225 Θεῷ
1697 189 1839 224 γενέσθαι,

196 255 353 279 creatorum
368 249 593 284 praeexsistentes
603 248 733 279 rationes,
743 245 863 281 simplici
871 244 989 280 quadam

195 305 227 324 ac
248 297 366 323 indivisa
379 295 539 330 cognitione
554 293 700 329 intelliget.

231 342 256 369 5.
270 340 435 372 lntellectio,
450 340 484 367 iis
504 340 622 367 formata
638 346 699 374 quae
714 337 919 373 intelliguntur,
934 343 990 363 una

195 395 257 414 cum
286 386 331 418 sit,
360 394 411 421 pro
439 386 575 421 cujusque
601 393 698 413 corum
713 392 774 420 quae
799 383 988 417 intelliguntur

194 433 286 467 specie
314 433 480 466 formaque,
510 432 606 466 plures
631 430 835 458 intellectiones
859 427 988 456 ellicitur.

194 479 246 506 Ubi
274 483 366 505 autem
387 486 448 505 eam
480 477 660 505 formantinm
686 477 820 503 varietate
848 478 988 509 superata,

195 529 252 552 tum
267 525 374 552 scilicet
389 533 485 552 eorum
509 533 570 559 quae
593 532 675 551 sensu
699 523 908 558 percipiuntur,
930 525 989 549 tum

194 579 256 605 qum
267 571 323 599 sola
336 575 428 597 mente
443 570 647 605 intelliguntur,
661 569 774 596 omnino
784 568 879 595 formae
890 575 990 602 expers

195 617 315 644 evaserit
329 625 336 642 :
355 620 421 643 tunc
433 616 637 643 convenienter
650 614 751 642 mentis
762 621 872 641 omnem
884 612 989 648 cogita-

195 666 253 689 tum
276 669 414 696 superans
440 662 512 688 ratio
543 669 592 688 seu
615 660 739 688 Verbum
758 660 810 687 sibi
830 667 891 687 eam
917 658 988 686 asci-

195 715 286 739 scens,
309 707 343 734 ab
372 707 427 734 illis
452 714 563 734 cessare
589 709 720 741 prmstat,
739 714 800 741 qua:
823 713 872 740 per
894 712 989 732 rerum

195 754 288 780 animo
310 753 514 781 intellecturum
533 753 635 780 formas
657 761 691 780 ex
707 753 760 779 alia
785 752 866 779 aliam
886 751 989 778 immu—

195 802 265 825 tant.
282 797 332 825 Cui
344 806 412 825 vero
428 798 455 825 id
476 798 589 830 accidit,
603 799 732 833 requievit
746 802 771 825 et
783 799 838 833 ipse
854 798 887 824 ab
900 797 988 832 operi-

195 844 242 871 bus
258 845 323 877 suis,
341 845 408 871 sicut
425 844 494 872 Deus
510 852 526 872 a
541 845 596 871 suis
609 844 642 871 ”.

230 889 257 917 6.
275 889 327 922 Qui
339 890 373 917 ad
384 897 446 917 eum
459 889 547 916 evasit
557 889 736 924 perfectionis
744 888 867 921 modum,
880 888 926 923 qui
939 896 988 923 pro

194 936 247 964 hac
264 936 319 963 vita
332 943 482 964 concessus
499 935 663 963 mortalibus
683 939 736 967 est,
754 934 904 962 fructificat
921 935 987 966 Deo,

194 980 385 1013 dilectionem,
411 989 517 1016 pacem,
543 981 802 1016 longanimitatem:
819 988 869 1015 pro
895 979 989 1007 futuro

191 1031 286 1054 autem
303 1034 372 1059 tero,
391 1027 646 1062 incorruptionem.
659 1026 768 1054 essendi
776 1026 987 1067 perennitatem,

194 1073 294 1107 hisque
305 1073 418 1100 similia.
435 1073 476 1100 Ne
487 1073 559 1100 forte
569 1080 636 1100 vero
648 1073 737 1108 prima
753 1073 794 1099 illi
811 1072 988 1105 conveniant,

192 1119 242 1153 qui
270 1118 389 1146 actionis
414 1123 508 1153 partes
524 1118 662 1151 absolvit;
680 1118 804 1145 secunda
820 1125 886 1145 vero
900 1123 928 1146 et
946 1125 990 1145 se-

193 1164 319 1198 quentia,
348 1164 386 1197 ei,
400 1164 458 1199 ,qui
483 1172 535 1199 per
554 1172 649 1191 veram
675 1164 825 1192 scientiam
849 1173 864 1192 a
886 1164 989 1192 creatis

193 1210 322 1238 excessit.

230 1257 256 1283 7.
273 1256 350 1283 Sicut
373 1260 529 1291 peccatum,
543 1255 689 1291 proprium
709 1255 908 1284 inobedientia:
919 1264 989 1291 opus

193 1305 251 1334 est;
269 1301 310 1328 sic
331 1305 359 1328 et
375 1301 478 1334 virtus,
500 1301 643 1336 proprium
665 1308 735 1336 opus
754 1300 929 1328 obedientiae.
951 1301 990 1328 Ac

194 1347 267 1375 sicut
289 1347 487 1375 inobedientite
511 1355 605 1375 comes
628 1352 672 1375 est
687 1347 881 1374 mandatorum
898 1351 990 1375 trans-

194 1393 300 1429 gressio
310 1414 317 1425 ,
336 1397 419 1429 atque
430 1394 464 1421 ab
480 1401 524 1426 eo,
538 1394 587 1429 qui
605 1394 634 1421 in
647 1393 785 1421 mandatis
801 1393 924 1426 dederat,
946 1393 989 1421 di-

193 1440 279 1473 visio;
297 1441 337 1467 sic
362 1444 389 1467 et
409 1439 578 1467 obedientiae
605 1446 700 1467 comes
723 1443 767 1466 est
794 1439 989 1466 mandatorum

193 1485 371 1517 observatio,
395 1493 427 1512 ac
451 1493 514 1512 cum
532 1492 565 1512 eo
578 1484 626 1520 qui
641 1489 826 1520 praeceperat,
842 1485 918 1512 unio.
937 1485 989 1519 Qui

194 1531 281 1565 igitur
293 1530 450 1558 ohedicndo
466 1531 626 1557 mandatum
642 1531 771 1563 servavit,
783 1535 841 1557 tum
855 1531 989 1566 justitiam
1003 1547 1024 1575 ο

194 1580 328 1611 operatus
340 1576 424 1612 486
435 1579 487 1609 est,
503 1580 560 1603 tum
573 1584 636 1604 cum
651 1584 685 1603 eo
696 1577 742 1612 qui
754 1581 933 1612 przeceperat,
949 1577 991 1604 in-

194 1621 312 1649 divisam
323 1630 372 1657 per
385 1621 562 1649 dilectionem
578 1622 709 1649 unionem
720 1622 851 1650 servavit.
863 1622 915 1655 Qui
924 1630 990 1650 vero

195 1675 246 1702 per
276 1667 496 1695 inobedicntiam
524 1669 686 1695 mandatum
713 1672 902 1704 transgressus
926 1673 989 1701 est,

195 1716 253 1739 tum
270 1716 415 1747 peccatum
432 1712 507 1744 fecit,
521 1716 578 1740 tum
593 1721 623 1740 se
639 1713 674 1740 ab
684 1713 745 1748 ejus
757 1713 805 1747 qui
823 1718 991 1748 pneceperat

195 1759 302 1786 unitate
320 1759 455 1794 abjunxit.

230 1803 256 1830 8.
267 1804 317 1836 Qui
330 1812 345 1831 a
359 1804 504 1839 divisione,
515 1813 575 1840 qua:
585 1813 619 1832 ex
631 1805 851 1841 transgressione
864 1805 989 1839 inolevit,

195 1849 346 1885 colligitur,
360 1850 481 1885 primum
502 1851 537 1878 ab
552 1851 698 1879 affectibus
716 1852 848 1886 vitiisque
863 1851 990 1888 abjungi-

196 1900 242 1922 tur
259 1905 265 1922 :
278 1896 377 1923 exinde
393 1905 407 1923 a
419 1896 576 1924 libidinosis
587 1901 615 1924 et
629 1905 690 1932 quas
709 1897 778 1925 vitio
791 1897 907 1930 luerent,
917 1898 992 1933 cogi-

196 1941 348 1969 tationibus
362 1951 369 1968 :
384 1947 441 1969 tum
456 1950 470 1970 a
490 1948 589 1970 natura
601 1964 608 1976 ,
635 1943 745 1978 illisque
761 1943 917 1971 rationibus
929 1952 991 1979 quae

195 1988 270 2015 circa
286 1996 347 2015 eam
370 1993 536 2023 versantur;
566 1993 663 2025 postea
683 1997 698 2016 a
713 1989 796 2016 rebus
819 1989 990 2023 spiritalibus

194 2037 223 2060 et
242 2042 303 2068 qua:
317 2034 345 2061 in
360 2039 480 2063 mentem
500 2035 614 2068 cadunt,
635 2035 725 2070 iisque
739 2035 863 2063 scientiis
876 2043 937 2070 qua:
955 2035 990 2063 de

194 2077 249 2106 illis
262 2079 399 2107 habentur
417 2089 424 2107 :
438 2088 470 2108 ac
484 2086 636 2116 postremo,
652 2081 836 2108 Providentiae
849 2081 990 2108 rationum

195 2125 330 2153 varietate
350 2126 409 2161 ipsa
433 2132 574 2161 superata,
592 2126 625 2154 ad
651 2127 738 2162 ipsam
763 2127 855 2162 ignote
878 2126 991 2154 devenit

195 2170 311 2197 unitatis
331 2171 484 2204 rationem;
497 2177 531 2198 ex
545 2179 599 2206 qua
609 2171 667 2198 sola
677 2179 754 2198 suam
767 2179 845 2199 mens
862 2172 991 2199 immuta-

1043 241 1149 272 πάντας
1165 239 1266 266 εἴσεται
1280 239 1344 271 τοὺς
1359 240 1388 266 ὲν
1398 238 1472 273 αὐτῷ
1482 237 1536 264 τῶν
1551 236 1703 271 γεγονότων
1714 237 1840 270 προῦφε-

1043 286 1148 316 στῶτας
1165 285 1272 319 λόγους,
1292 284 1353 312 καθ’
1369 284 1459 320 ἁπλῆν
1477 292 1537 310 τινα
1549 282 1702 316 ἀδιαίρετον
1721 280 1838 315 γνῶσιν.

1077 333 1124 356 ε¹.σ
1140 329 1326 365 Μορξουμένη
1352 331 1407 361 τοῖς
1430 328 1587 363 νοουμένοις
1610 328 1713 362 νόῃσις,
1739 325 1840 353 πολλαὶ

1042 377 1149 411 νοήσεις
1163 377 1180 411 ἡ
1195 376 1244 411 μία
1259 375 1421 402 καθίσταται
1436 375 1540 410 νόησις,
1565 373 1626 400 κατ’
1639 370 1708 404 εἶδος
1722 372 1840 399 ἕκαστον

1043 424 1221 460 μορφουμένη
1244 422 1299 449 τῶν
1316 421 1481 457 νοουμένων.
1506 420 1641 454 Ὀπηνίκα
1653 419 1681 445 δὲ
1696 418 1752 445 τῶν
1769 426 1840 453 μορ-

1041 471 1164 506 φούντων
1187 469 1273 504 αὐτὴν
1293 468 1434 504 αἰσθητῶν
1455 475 1485 494 τε
1510 467 1558 494 καὶ
1572 466 1676 500 νοητῶν
1690 464 1721 491 τὸ
1735 464 1841 500 πλῆθος

1041 517 1208 553 περάσασα,
1241 514 1354 549 γένηται
1381 513 1498 548 πάμπαν
1523 511 1659 542 ἀνείδεος,
1684 509 1841 545 τηνικαῦτα

1042 561 1189 597 προσφυῶς
1213 559 1299 594 αὐτὴν
1322 560 1335 585 ό
1356 558 1426 591 ὑπὲρ
1451 557 1544 592 νόησιν
1565 555 1714 582 οἰκειοῦται
1738 555 1839 588 Λόγος,

1041 605 1209 634 καταπαύων
1235 605 1289 631 τῶν
1309 602 1432 630 ἀλλοιοῦν
1449 601 1535 636 αὐτὴν
1551 602 1612 631 ταῖς
1626 600 1680 626 τῶν
1692 599 1842 634 νοημάτων

1044 653 1164 689 μορφαῖς
1179 650 1351 685 πεφυκότων·
1367 649 1436 683 ὅπερ
1451 649 1465 674 ὁ
1477 647 1584 677 παθὼν,
1596 646 1645 673 καὶ
1659 645 1751 678 αὐτὸς
1766 654 1842 672 κατ-

1040 699 1178 726 έπαυσεν
1200 697 1260 724 ἀπὸ
1274 695 1333 723 τῶν
1346 695 1442 730 ἔργων
1457 693 1563 726 αὐτοῦ,
1578 692 1680 727 ὥσπερ
1694 691 1755 720 ἀπὸ
1779 691 1843 718 τῶν

1042 745 1124 772 ἰδίων
1139 746 1155 771 ὀ
1172 744 1254 776 Θεός.

1078 888 1115 917 ς’.
1139 885 1170 911 '0
1182 884 1232 919 τὴν
1245 882 1360 918 ὲφικτὴν
1374 879 1530 916 ἀνθρώποις
1547 878 1666 906 ἐνταῦθα
1681 877 1841 913 τελειότητα

1043 932 1159 967 φθάσας,
1178 930 1349 965 καρποφορεῖ
1373 927 1411 962 τῷ
1430 927 1490 962 Θεῷ
1510 927 1632 961 ἀγάπην,
1648 925 1746 959 χαρὰν,
1760 923 1841 959 εἰρή-

1042 974 1106 1014 νην,
1134 976 1324 1013 μακροθυμίαν
1335 983 1342 991 ·
1373 974 1441 1010 πρὸς
1457 973 1486 999 δὲ
1502 973 1533 999 τὸ
1551 971 1662 1007 μέλλον,
1682 969 1842 1005 ἀφθαρσίαν

1042 1025 1090 1052 καὶ
1113 1022 1252 1058 ἀῖδιότητα
1263 1042 1271 1054 ,
1300 1021 1348 1048 καὶ
1363 1020 1398 1047 τά
1411 1019 1518 1050 τούτοις
1533 1018 1617 1053 ὅμοια
1629 1024 1636 1031 ’
1664 1016 1712 1044 καὶ
1732 1016 1841 1051 μήποτε

1042 1071 1077 1098 τὰ
1091 1070 1140 1105 μὲν
1157 1068 1254 1105 πρῶτα
1269 1067 1406 1103 προσήκει
1431 1065 1471 1100 τῷ
1496 1064 1546 1100 τὴν
1559 1063 1716 1100 πρακτικὴν
1727 1062 1843 1090 τελειώ-

1043 1123 1122 1144 σαντι
1133 1124 1140 1131 ·
1170 1115 1205 1142 τὰ
1221 1113 1336 1149 δεύτερα
1351 1113 1389 1145 δὲ,
1412 1111 1452 1147 τῷ
1465 1111 1510 1138 διὰ
1521 1110 1648 1145 γνώσεως
1662 1108 1780 1144 ἀληθοῦς
1793 1109 1843 1136 ὲκ-

1043 1163 1136 1190 στάντι
1150 1162 1205 1189 τῶν
1219 1168 1321 1195 πεποιη
1326 1159 1425 1195 μένων.

1078 1254 1112 1287 ζ’.
1131 1254 1238 1288 Ὥσπερ
1250 1252 1318 1279 ἴδιον
1334 1250 1478 1286 παρακοῆς
1491 1249 1572 1286 ἔργον
1587 1248 1692 1283 suam
1705 1247 1840 1284 ἁμαρτία,

1042 1301 1129 1332 οὕτως
1139 1300 1205 1327 ῐδιον
1219 1297 1343 1332 ὑπακοῆς
1355 1297 1436 1332 ἔργον
1445 1295 1520 1323 ἐστὶν
1534 1296 1550 1330 ὴ
1565 1295 1665 1330 ἀρετὶγ
1679 1294 1727 1321 καὶ
1743 1295 1842 1330 ὥσπερ

1041 1348 1076 1383 τῇ
1095 1346 1143 1382 μὲν
1157 1345 1283 1380 παρακοῇ
1313 1341 1514 1380 παρακολουθεῖ
1536 1340 1693 1375 παράϐασις
1711 1341 1840 1372 ἐντολῶν,

1043 1394 1091 1421 καὶ
1101 1392 1149 1419 τοῦ
1162 1390 1352 1426 ἐντειλαμένου
1372 1388 1516 1424 διαίρεσις,
1533 1386 1605 1414 οὕτω
1621 1388 1654 1423 τῇ
1671 1388 1779 1422 ὑπακοῇ
1795 1387 1842 1421 ὲξρ-

1043 1441 1138 1468 έπεται
1154 1439 1320 1473 συντήρησις
1335 1435 1463 1467 ἐντολῶν,
1480 1434 1527 1461 καὶ
1543 1435 1560 1470 ἡ
1577 1433 1645 1468 πρὸς
1660 1434 1705 1460 τὸν
1718 1433 1844 1460 ἐντειλά-

1045 1494 1124 1522 μενον
1135 1485 1242 1515 ἓνωσις.
1265 1483 1294 1509 '0
1308 1481 1374 1516 γοῦν
1391 1480 1564 1516 συντηρήσας
1582 1480 1616 1506 δι’
1627 1479 1750 1515 ὑπακοῆς
1761 1480 1841 1506 ἐντυ-

1043 1534 1102 1570 λὴν,
1122 1533 1169 1560 καὶ
1185 1530 1359 1565 δικαιοσύνην
1373 1529 1531 1564 εἰργάσατο,
1547 1527 1595 1554 καὶ
1611 1527 1679 1562 πρὸς
1693 1526 1739 1553 τὸν
1754 1527 1844 1553 ἐντεια

1041 1581 1168 1616 λάμενον,
1179 1579 1275 1605 ἕνωσιν
1291 1576 1336 1604 διά
1349 1577 1399 1611 τῆς
1413 1575 1523 1610 ἀγάπης
1535 1573 1842 1609 ὲτήρησενάδιαίρετον·

1041 1628 1055 1654 ὁ
1065 1627 1093 1654 δὲ
1106 1625 1233 1661 παραϐὰς
1239 1623 1284 1651 διὰ
1290 1622 1433 1659 παρακοῆς
1448 1620 1568 1656 ἐντολὴν,
1578 1620 1626 1647 καὶ
1641 1620 1690 1655 τὴν
1699 1620 1842 1655 ἁμαρτίαν

1041 1672 1200 1708 εἰργάσατο,
1219 1671 1266 1697 καὶ
1279 1670 1329 1704 τῆς
1346 1669 1406 1695 κατ’
1417 1668 1528 1703 ἀγάπην
1543 1666 1640 1693 ἑαυτὸν
1657 1665 1725 1701 πρὸς
1740 1665 1788 1694 τὸν
1798 1666 1843 1692 ἐν-

1040 1719 1198 1754 τειλάμενον
1210 1715 1308 1743 διεῖλεν
1321 1714 1454 1746 ἑνώσεως.

1077 1809 1112 1842 η’.
1137 1805 1167 1832 '0
1193 1805 1226 1832 ἐκ
1252 1804 1302 1840 τῆς
1327 1803 1398 1830 κατὰ
1422 1803 1473 1839 τὴν
1497 1802 1654 1839 παράϐασιν
1679 1802 1841 1837 διαιρέσεως

1042 1852 1236 1887 συναγόμενος,
1254 1850 1362 1886 πρῶτον
1378 1849 1526 1885 χωρίζεται
1541 1849 1596 1876 τῶν
1610 1849 1704 1876 παθῶν
1715 1857 1722 1864 ·
1742 1849 1840 1875 ἔπειτα

1040 1899 1094 1925 τῶν
1109 1897 1242 1934 ὲμπαθῶν
1256 1896 1397 1932 λογισμῶν
1407 1903 1414 1912 ³
1444 1893 1504 1923 εἶτα
1519 1895 1627 1930 φύσεως
1641 1896 1689 1922 καὶ
1702 1895 1756 1921 τῶν
1773 1895 1841 1931 περὶ

1041 1944 1123 1979 φύσιν
1140 1944 1238 1978 λόγων·
1257 1940 1320 1969 εἶτα
1335 1942 1493 1977 νοημάτων,
1520 1941 1567 1968 καὶ
1591 1941 1646 1968 τῶν
1677 1941 1742 1975 περὶ
1768 1941 1840 1968 αὐτὰ

1041 1990 1172 2025 γνώσεων
1188 1998 1195 2005 ·
1226 1990 1274 2016 καὶ
1305 1988 1461 2015 τελευταῖον
1479 2007 1486 2020 ,
1521 1988 1577 2014 τῶν
1607 1988 1671 2024 περὶ
1704 1988 1840 2023 Προνοίας

1040 2036 1128 2071 λόγων
1142 2036 1253 2072 διαδρὰς
1268 2035 1298 2062 τὸ
1313 2035 1447 2068 ποικίλον,
1466 2036 1506 2067 εἰς
1519 2035 1600 2061 αὑτὸν
1612 2034 1759 2069 ἀγνώστοις
1772 2043 1840 2060 κειτ-

1041 2082 1110 2117 αντᾷ
1134 2081 1180 2108 τὸν
1205 2081 1269 2117 περὶ
1297 2081 1409 2117 μονάδος
1430 2081 1524 2115 λόγον·
1544 2081 1606 2108 καθ’
1625 2080 1655 2108 ὃν
1676 2081 1755 2115 μόνον
1768 2079 1839 2106 θεω-

1043 2128 1129 2164 ρήσας
1149 2127 1246 2154 ἑαυτοῦ
1262 2127 1395 2163 ἀτρεψίαν
1412 2127 1426 2153 ὁ
1440 2126 1503 2158 νοῦς
1516 2147 1523 2159 ,
1551 2127 1643 2163 χαίρει
1658 2127 1707 2161 τὴν
1722 2127 1841 2153 ἀνεκλά-

1040 2173 1120 2208 λητον
1134 2173 1234 2208 χαράν*
1253 2173 1292 2205 ὡς
1306 2173 1355 2208 τὴν
1369 2173 1481 2208 εἰρήνην
1494 2172 1613 2207 εἰληφὼς
1628 2172 1674 2198 τοῦ
1691 2172 1771 2203 Θεοῦ,
1789 2172 1840 2207 τὴν

194 2215 331 2242 bilitatem
341 2216 532 2249 considerans,
547 2216 646 2252 gaudio
655 2216 756 2252 gaudet
767 2217 944 2244 inenarrabili
954 2217 988 2251 ⁶⁰;

1045 2218 1230 2254 ὑπερέχουσαν
1243 2219 1332 2246 πάντα
1345 2218 1407 2245 νοῦν
1422 2227 1430 2234 υ
1457 2219 1504 2246 καὶ
1519 2219 1693 2254 φρουροῦσαν
1704 2218 1840 2254 διηνεκῶς

194 2265 225 2287 ιιι
238 2269 298 2295 quae
308 2269 403 2295 pacem
418 2266 495 2289 nacta
508 2262 554 2294 Sil,
568 2270 629 2297 quae
641 2267 788 2298 exsuperat
798 2270 909 2290 onmem
929 2271 993 2290 sen-

1045 2264 1170 2292 ἆπτωτον
1187 2264 1233 2291 τὸν
1248 2265 1334 2299 αὐτῆς
1349 2264 1520 2300 ἀξιούμενον.

193 2317 257 2336 sum
269 2309 303 2341 “,
322 2317 355 2336 ac
367 2317 428 2344 quae
443 2318 507 2337 eum
520 2310 567 2345 qui
597 2310 685 2345 ipsam
707 2311 819 2345 assequi
839 2311 986 2344 meruerit,
1003 2311 1038 2339 ab
1052 2313 1240 2349 omnijugiter
1253 2316 1367 2348 praestet
1380 2313 1461 2340 ruina
1478 2317 1567 2340 tutum
1582 2317 1667 2348 atque
1696 2321 1839 2340 securum.

229 2357 256 2384 9.
271 2356 411 2385 Gehennze
426 2363 526 2391 metus,
538 2359 672 2386 malitiam
686 2359 808 2394 vitiaque
825 2363 936 2394 praestat
949 2359 994 2387 fu-

193 2411 269 2438 gere,
290 2403 334 2431 his
351 2404 398 2438 qui
421 2404 593 2432 inducuntur
621 2412 654 2431 ac
678 2404 785 2432 tirones
806 2408 880 2432 sunt.
904 2404 994 2432 Bono-

195 2457 256 2476 rum
279 2455 373 2477 autem
398 2450 635 2477 remunerationis
657 2458 736 2477 amor
753 2459 785 2478 ac
807 2450 990 2483 desiderium,

193 2496 405 2530 proficientibus
435 2497 542 2529 tribuit,
567 2501 598 2524 ut
622 2497 762 2524 virutibus
787 2497 871 2525 alacri
896 2497 988 2524 animo

193 2541 353 2577 fungantur.
367 2543 403 2570 At
416 2543 563 2570 charitatis
576 2542 750 2579 mysterium,
775 2543 876 2571 creatis
899 2544 989 2570 omni-

229 2608 252 2623 "
266 2609 350 2637 Hebr.
364 2617 401 2643 tv,
421 2609 463 2637 l0.
503 2609 548 2636 ⁶⁰Ι
563 2610 637 2637 Petr.
651 2618 670 2643 t,
686 2611 712 2637 8.
751 2611 771 2627 "
786 2610 908 2645 Philipp.
921 2618 959 2643 iv,
978 2611 1006 2637 7.

232 2686 270 2722 (π)
288 2687 319 2713 '0
336 2686 370 2713 δὲ
393 2688 484 2720 πόθος
497 2687 553 2720 τῆς
569 2687 628 2715 τῶν
645 2687 763 2721 ἀγαθῶν
792 2688 986 2721 ἀντιδόσεως.

193 2721 228 2758 Et
246 2722 298 2749 hoc
309 2722 543 2758 Marciqumﬁv
566 2731 626 2758 cap.
644 2723 687 2754 15,
712 2723 738 2750 in
755 2731 810 2758 quo
834 2723 901 2750 nihil
928 2732 987 2750 sra-

192 2757 273 2783 brum
289 2762 335 2784 aut
355 2757 474 2784 difﬁcile.
496 2758 542 2785 Sic
555 2763 646 2785 tamen
663 2759 743 2792 plana
763 2757 855 2789 Picus,
877 2758 986 2785 Deside—

192 2792 263 2828 riqu
272 2797 367 2828 putem
381 2794 568 2820 remunerandi
585 2798 690 2828 accepta
711 2794 790 2820 bona.
804 2794 894 2826 Certe,
913 2794 987 2820 Desi-

193 2822 526 2863 geﬁuirtremtmeralionia
539 2822 682 2861 bonorum;
699 2836 793 2856 eorum
810 2822 915 2856 scilicet.
926 2837 987 2863 qua:

192 2860 250 2889 Deo
261 2861 387 2897 adjutorc
403 2863 537 2890 virtutum
555 2871 638 2898 opera
661 2868 834 2899 praestamus.
863 2860 985 2898 Quorum

1077 2360 1110 2388 θ’.
1135 2361 1165 2387 '0
1188 2361 1239 2396 τῆς
1260 2361 1375 2396 γεέννης
1391 2361 1483 2396 φόϐος,
1502 2361 1601 2387 κακίαν
1618 2362 1730 2396 φεύγειν
1745 2370 1840 2397 παρα-

1042 2406 1170 2438 σκευάζει
1197 2407 1260 2438 τοὺς
1283 2407 1493 2442 εἰσαγομένους·
1525 2407 1539 2433 ὁ
1557 2407 1586 2433 δὲ
1612 2407 1695 2439 πόθος
1715 2407 1767 2442 τῆς
1782 2408 1840 2434 τῶν

1039 2452 1151 2484 ἀγαθῶν
1166 2453 1327 2485 ἀντιδόσεως
1340 2453 1390 2489 (π),
1401 2455 1458 2485 τοῖς
1471 2453 1659 2488 προκόπτουσι
1673 2454 1722 2490 τὴν
1737 2454 1781 2480 ἐπ’
1792 2455 1839 2481 ὲν-

1042 2500 1138 2535 εργεῑᾳ
1155 2500 1209 2527 τῶν
1225 2500 1331 2535 ἀρετῶν
1341 2500 1484 2535 χαρίζεται
1503 2499 1658 2534 προθυμίαν
1669 2508 1676 2514 ·
1701 2500 1731 2526 τὸ
1743 2499 1772 2527 δὲ
1787 2500 1840 2534 τῆς

1042 2545 1153 2580 ἀγάπης
1170 2546 1320 2581 μυστήριον
1333 2566 1340 2578 ,
1375 2545 1485 2572 πάντων
1502 2545 1644 2580 ὑπεραίρει
1659 2545 1712 2572 τῶν
1725 2548 1843 2580 γεγονσο

1040 2688 1183 2722 pnemium
1202 2696 1313 2723 sperare
1331 2693 1359 2716 et
1371 2689 1531 2717 desiderare.
1551 2689 1716 2717 Christiana!
1738 2690 1837 2724 pietati

1040 2731 1095 2750 non
1123 2724 1220 2756 obest;
1249 2732 1337 2758 coque
1366 2725 1470 2752 motivo
1491 2726 1529 2752 uti
1551 2725 1584 2751 ad
1606 2725 1718 2752 humani
1743 2726 1839 2753 cordis

1038 2759 1377 2796 excitandumtorporem.
1400 2760 1439 2787 Eo
1463 2765 1570 2796 spectat
1594 2761 1671 2796 quod
1699 2760 1838 2796 Dominus

1038 2793 1204 2821 Christianae
1235 2793 1348 2828 pietatis
1379 2793 1696 2829 capita'llentiluitinum
1721 2795 1837 2822 nomine

1038 2830 1178 2890 Exponit.
1204 2829 1259 2857 Sed
1287 2830 1314 2857 in
1332 2838 1362 2858 re
1384 2830 1461 2858 facili
1492 2839 1548 2859 non
1579 2831 1697 2867 amplius
1727 2830 1838 2859 barren-
