1951 3076
116 153 182 185 1129

537 155 705 185 CAPITUM
723 154 860 184 TIIEOL.
877 155 928 185 .ET
947 155 1065 186 (ECON.
1086 156 1281 186 CEHTURIA
1299 157 1342 187 Il.

1681 158 1748 190 1130

107 218 162 236 των
187 209 234 236 τὸν
257 208 340 239 νοῦν,
373 208 440 244 πρὸς
462 208 551 235 πάντα
577 209 611 236 τὰ
635 209 704 244 μετὰ
721 209 787 235 Θεὸν
802 209 902 243 τυφλὸν

958 210 1006 238 bus
1021 211 1194 246 superiorem
1210 216 1331 239 mentem
1356 211 1495 243 attollens,
1522 211 1556 239 ad
1573 212 1665 240 omnia
1685 221 1747 249 qua:

108 254 343 290 ἀπεργαζόμενον.
356 255 461 286 Μόνους
472 254 526 290 γὰρ
536 255 598 286 τοὺς
607 254 724 288 τυφλοὺς
736 254 803 288 πρὸς
814 254 902 281 πάντα

108 299 144 326 τὰ
168 300 237 335 μετὰ
261 299 327 326 Θεὸν
351 301 552 336 γεγενημένους
567 301 581 326 ὁ
594 300 695 336 Κύριος
710 301 827 335 σοφίζει,
846 301 902 327 δει-

109 345 176 377 κνὺς
192 345 227 372 τὰ
244 345 378 380 θειότερα.

146 444 171 468 ι’.
195 440 226 467 'U
251 440 298 467 τοῦ
322 440 390 467 Θεοῦ
414 441 509 475 λόγος,
538 441 630 476 κόκκῳ
644 442 779 473 σινάπεως
796 441 902 473 ἐοικὼς,

107 486 161 522 πρὸ
176 486 227 520 τῆς
240 487 378 521 γεωργίας
394 486 464 513 πάνυ
479 484 550 514 εἶναι
561 487 635 514 δοκεί
651 487 761 523 μικρόςθ
792 487 903 514 ἐπειδὰν

107 532 138 558 δὲ
153 531 302 566 γεωργηθῇ
319 531 445 565 δεόντως,
462 532 589 559 τοσοῦτον
604 533 786 560 διαδείκνυται
804 534 902 568 μέγας,

107 577 179 603 ὥστε
194 578 257 608 τοὺς
271 578 327 603 τῶν
343 577 481 613 αἰσθητῶν
497 579 545 605 καὶ
560 579 615 605 τῶν
629 579 732 614 νοητῶν
746 579 903 614 κτισμάτων

109 621 293 656 μεγαλοφυεξ
313 622 409 656 λόγους
420 623 529 659 πτηνῶν
542 624 619 660 δίκην
635 624 710 660 αὐτῷ
727 625 904 652 ἐπαναπαύε-

109 667 183 693 σθαι.
204 667 318 694 Πάντων
331 668 386 704 γὰρ
401 669 426 695 οι
447 669 522 704 λόγοι
538 670 741 706 καθεστήκασιν
757 671 832 706 αὐτῷ
849 680 903 706 χωο

108 713 198 748 ρητοί·
224 714 304 745 αὐτὸς
323 715 370 747 δὲ,
387 715 442 743 τῶν
459 715 543 743 ὄντων
568 717 641 744 ἐστὶν
660 718 748 744 οὐδενὶ
770 718 902 754 χωρητόῖ.

106 760 152 786 Διὸ
173 759 220 786 τὸν
239 759 335 795 ἔχοντα
351 761 444 789 πίστιν
466 762 503 794 ὠς
526 762 627 790 κόκκον
649 764 806 797 σινάπεως,
825 764 905 791 δύνα-

107 805 169 832 σθαι
192 806 350 841 μεταθεῖναι
372 807 444 843 λόγῳ
469 808 500 835 τὸ
524 809 587 844 ὅρος
604 810 618 836 ὁ
631 809 731 845 Κύριος
745 810 808 846 ἔφη’
828 819 906 837 τουτο

107 851 167 878 ἐστι
179 871 188 885 ,
209 852 241 878 τὺ
257 853 317 879 καθ’
327 853 406 888 ἡμῶν
421 854 467 881 τοῦ
481 854 606 881 δωὸόλου
619 856 719 891 κράτος
731 855 904 889 ἀποδιώκειν,

105 899 154 925 καὶ
172 898 350 933 μετατιθέναι
364 899 415 934 τῆς
432 899 548 934 βάσεως.

143 990 190 1015 ια’.
220 987 330 1019 Κόκκος
351 987 399 1014 τοῦ
424 988 562 1021 σινάπεως
576 989 652 1016 ἐστιν
667 990 681 1016 ὁ
696 990 814 1025 Κύριος,
835 991 906 1017 κατὰ

106 1033 201 1060 πίστιν
230 1033 259 1060 ἐν
282 1033 423 1069 Πνεὺματι
449 1035 630 1071 σπειρόμενος
655 1036 684 1062 ὲν
706 1037 766 1068 ταῖς
781 1036 905 1072 καρδίαις

105 1080 160 1106 τῶν
175 1080 340 1115 δεχομένων·
356 1080 385 1107 ὃν
399 1082 414 1107 ό
428 1081 566 1116 ἐπιμελῶς
579 1081 623 1109 διὰ
635 1082 689 1109 τῶν
701 1082 808 1116 ἀρετῶν
821 1091 906 1118 γεωρ-

105 1127 195 1161 γήσας
205 1146 212 1158 ,
241 1126 272 1153 τὸ
285 1127 335 1162 μὲν
349 1127 413 1163 ὅρος
430 1127 476 1154 τοῦ
492 1127 585 1163 χοϊκοῦ
599 1129 774 1164 φρονήματος
791 1129 904 1164 μετατί-

105 1173 189 1208 θησι,
218 1173 269 1209 τὴν
290 1173 451 1210 δυσκίνητον
470 1175 527 1207 ἕξιν
548 1175 647 1202 ἑαυτοῦ
663 1176 714 1210 τῆς
730 1176 830 1209 κακίας
844 1177 905 1204 κατ’

105 1218 234 1251 ἐξουσίαν
258 1220 453 1257 ἀπωθούμενος
465 1229 472 1237 ·
501 1222 564 1254 τοὺς
583 1222 612 1250 δὲ
633 1222 729 1256 λόγους
746 1222 834 1258 ἑαυτῷ
849 1223 904 1250 τῶν

105 1264 224 1291 ἐντολῶν
241 1265 290 1292 καὶ
302 1266 366 1298 τοὺς
379 1266 508 1301 τρόπους,
522 1267 538 1302 ἢ
554 1267 602 1294 καὶ
615 1267 664 1299 τὰς
677 1267 750 1300 θείας
761 1267 902 1304 δυνάμεις,

105 1310 203 1345 ὥσπερ
220 1310 331 1337 πετεινὰ
345 1312 461 1347 οὐρανοῦ
476 1313 660 1340 ἐπαναπαύει.

142 1356 187 1391 ιβ’.
208 1356 254 1392 Τῷ
275 1357 370 1392 Κυρίῳ
393 1358 519 1394 καθάπερ
544 1359 598 1386 τινὶ
622 1358 741 1394 θεμελίῳ
769 1359 902 1392 πίστεως,

105 1402 137 1429 τὸ
150 1402 219 1438 ὕψος
233 1403 475 1438 ἐποικοδομοῦντες
493 1405 548 1432 τῶν
574 1405 696 1440 ἀγαθῶν,
715 1406 838 1441 χρυσίον,
853 1407 903 1442 ἀρ-

106 1448 214 1484 γύριον,
232 1448 322 1480 λίθους
335 1449 443 1485 τιμίους
463 1450 623 1486 ἐπιθώμεθα
634 1459 642 1465 θ
659 1451 795 1485 τουτέστι,
810 1451 901 1478 θεολο-

106 1495 170 1529 γίαν
196 1495 322 1530 καθαρὰν
348 1496 396 1522 καὶ
415 1495 572 1532 ἀκίϐδηλον,
584 1498 632 1524 καὶ
648 1497 705 1532 βίον
720 1497 837 1534 διαφανῆ
855 1497 903 1525 καὶ

106 1539 245 1576 λαμπρὸν.
266 1541 314 1567 καὶ
331 1540 420 1572 θείους
434 1540 583 1576 λογισμοὺς
599 1541 633 1568 τὰ
648 1534 817 1578 μαργαρώδη
837 1543 902 1579 νοή-
916 1556 937 1586 C

108 1594 200 1621 ματα·
225 1586 294 1613 ἀλλὰ
320 1586 357 1622 μὴ
379 1586 457 1619 ξύλα,
488 1587 525 1622 μὴ
548 1588 644 1623 χόρτον
671 1589 739 1624 μήτε
758 1589 900 1625 καλάμην·

106 1631 253 1663 τουτέστι,
284 1631 354 1666 μήτε
378 1631 620 1668 εἰδωλολατρείανο
645 1633 732 1668 ἠγουν
762 1634 813 1668 τὴν
838 1634 903 1670 περὶ

107 1677 142 1703 τὰ
166 1677 285 1712 αίσθητὰ
318 1677 450 1712 πτόησιν·
480 1678 549 1713 μήτε
573 1678 631 1713 βίον
660 1679 814 1713 ἀλόγιστον,
833 1680 903 1715 μήτε

104 1719 256 1757 λογισμοὺς
270 1722 415 1757 ἐμπαθεῖς,
426 1724 532 1758 καὶτῆς
548 1724 620 1751 κατὰ
643 1724 740 1758 σοφίαν
767 1726 903 1756 συνέσεως

107 1767 205 1803 ὥσπερ
224 1768 368 1804 ἀσταχύων
383 1769 592 1804 ἐστερημένους.

145 1849 192 1881 ιγ’.
218 1846 249 1873 ‘0
274 1846 402 1881 γνώσεως
425 1848 580 1883 ἐφιέμενος,
611 1850 829 1885 ἁμετακινήτους
854 1850 904 1882 τὰς

108 1891 204 1927 βάσεις
219 1892 270 1928 τῆς
285 1892 374 1929 ψυχῆς
391 1894 526 1929 ὲρεισάτω
551 1895 629 1931 παρά
656 1896 696 1931 τῷ
711 1896 816 1932 Κυρίῳ,
832 1895 904 1924 καθᾶ

107 1947 193 1973 φησιν
207 1939 221 1964 ὀ
234 1938 300 1970 Θεὸς
315 1939 353 1975 τῷ
367 1940 471 1976 Μωῦσῇ
481 1949 487 1956 ·
505 1941 547 1967 Σὺ
564 1940 598 1967 δὲ
613 1941 708 1969 αὑτοῦ
723 1941 814 1977 στῆθι
838 1942 903 1977 μετ’

106 1984 193 2018 ἐμοῦ.
215 1985 315 2012 ’ἰστέον
336 1985 374 2018 δὲ,
397 1987 438 2013 ὁτι
458 1987 506 2013 καὶ
520 1988 549 2014 ὲν
564 1987 656 2019 αὐτοῖς
669 1989 725 2020 τοῖς
746 1988 904 2023 ἱσταμένοις

106 2031 186 2066 παρὰ
198 2031 236 2066 τῷ
246 2032 338 2068 Κυρίῳ
354 2033 413 2060 ἐστὶ
427 2033 560 2069 διαφορά·
579 2034 659 2070 εἴπερ
671 2035 760 2063 ἐκεῖνο
777 2036 814 2070 μὴ
831 2044 904 2071 παρ-

106 2076 199 2112 έργως
229 2077 447 2108 ἀναγινώσκεται
477 2080 533 2110 τοῖς
558 2079 732 2114 φιλομαθέσι,
755 2079 805 2113 τὸ,
836 2080 904 2107 litat

105 2119 188 2155 ιινεὶο
201 2121 259 2149 τῶν
273 2120 331 2150 ὦδε
346 2123 492 2157 ἑστώτων,
511 2125 619 2158 οἵτινες
634 2127 670 2152 οὐ
682 2126 726 2160 μὴ
740 2127 905 2161 γεύσωνται

107 2170 253 2202 θανάτου,
273 2170 330 2203 ἕως
355 2171 395 2198 ἂν
417 2171 504 2199 ἴδωσι
516 2172 573 2206 τὴν
582 2173 748 2205 ,βασιλείαν
761 2174 814 2200 τοῦ
829 2173 903 2201 Θεοῦ

954 265 970 284 a
988 257 1045 284 Deo
1063 257 1186 285 secunda
1204 262 1280 290 sunt,
1304 265 1405 285 ctecam
1429 257 1532 285 reddit.
1551 258 1606 286 Eos
1629 267 1748 295 namque

956 310 1026 330 uuos
1041 303 1175 330 Dominus
1197 303 1338 338 sapientes
1352 303 1429 335 facit,
1446 303 1596 332 ostendens
1606 312 1666 339 quae
1685 299 1759 333 sunt:

955 348 1105 382 diviniora,
1123 349 1178 376 illis
1201 349 1250 384 qui
1272 349 1306 376 ad
1331 349 1422 376 omnia
1438 358 1499 384 qum
1515 357 1530 376 a
1548 350 1605 377 Deo
1628 352 1748 379 secunda

955 399 1030 425 sunt,
1045 394 1108 420 caeci
1122 395 1305 421 exsistunt“.

995 440 1036 467 10.
1050 440 1100 467 Dei
1115 448 1216 473 sermo,
1233 448 1319 476 grano
1338 441 1444 476 sinapis
1459 441 1567 474 similis,
1586 441 1748 477 priusquam

956 487 1075 519 colatur,
1100 486 1218 522 exiguus
1245 486 1394 514 admodum
1421 489 1536 522 apparet
1558 487 1631 514 :ubi
1657 492 1748 515 auten.-

955 541 1028 566 eam,
1045 540 1107 568 quae
1121 532 1228 565 deceat,
1241 533 1378 561 culturam
1393 533 1541 568 acceperit,
1558 536 1632 561 tanta
1650 541 1750 569 proce—

957 579 1038 607 ritate
1055 579 1200 610 excrescit,
1232 583 1264 605 ut
1292 583 1459 611 creatorum,
1486 583 1543 606 tum
1573 587 1635 613 qum
1665 587 1749 607 sensu

955 624 1157 660 percipiuntur,
1177 627 1233 650 tum
1257 630 1319 657 qua:
1345 623 1403 650 sola
1427 627 1520 650 mente
1543 623 1749 658 intelliguntur,

957 670 1107 705 magniﬁcae
1124 669 1247 696 rationes
1257 668 1404 695 volucrum
1420 668 1508 695 instar
1529 668 1558 695 in
1575 675 1609 695 eo
1639 668 1751 703 requie-

959 720 1038 744 scant
1050 716 1084 743 ⁶³.
1108 715 1237 743 Omnium
1253 715 1385 742 enimille
1408 714 1532 742 rationes
1546 714 1641 750 capit:
1659 714 1750 750 ipsum

956 767 1049 790 autem
1073 761 1147 797 quod
1172 762 1260 797 possit
1280 769 1390 796 capere,
1410 761 1480 788 nihil
1498 761 1526 788 in
1545 761 1630 789 rebus
1649 766 1749 789 exstat.

956 807 1022 835 Ideo
1046 807 1130 835 etiam
1151 806 1221 834 dixit
1244 806 1379 834 Dominus
1391 813 1466 839 eum,
1480 806 1528 841 qui
1545 805 1627 834 ﬁdem
1650 806 1751 834 habeat

957 853 1029 881 sicut
1044 860 1160 888 granum
1176 852 1282 887 sinapis
1307 859 1388 887 posse
1405 852 1555 880 transferre
1568 857 1690 880 montem
1702 852 1724 868 “
1741 861 1748 879 :

920 888 942 916 Β
957 897 1061 925 diaboli
1076 898 1182 925 scilicet
1195 897 1343 924 adversum
1359 905 1411 926 nos
1423 897 1614 932 imperium'ct
1627 901 1750 933 potesta-

958 947 1013 971 tem
1024 943 1130 979 fugare,
1143 951 1158 970 a
1176 943 1241 970 sede
1254 943 1386 978 dejicere.

993 989 1036 1015 Η.
1051 988 1174 1016 Granum
1199 987 1305 1022 sinapis
1330 988 1465 1015 Dominus
1487 992 1540 1021 est,
1556 996 1605 1023 per
1622 987 1703 1016 ﬁdem
1722 988 1750 1015 in

956 1035 1055 1069 spiritu
1068 1034 1096 1061 in
1112 1033 1325 1069 suscipientium
1336 1033 1468 1062 cordibus
1482 1034 1635 1062 seminatus
1648 1043 1654 1061 :
1667 1042 1749 1070 quem

955 1081 1002 1116 qui
1015 1080 1162 1115 diligenter
1175 1080 1294 1108 virtutes
1306 1080 1462 1115 praestando
1476 1080 1552 1113 colit,
1567 1081 1671 1108 terreni
1687 1088 1751 1109 sen-

956 1134 1003 1154 sus
1026 1131 1151 1154 montem
1169 1126 1311 1154 'transfert
1335 1125 1456 1162 (difﬁcile
1483 1126 1590 1154 scilicet
1617 1127 1749 1155 mobilem

955 1176 1038 1207 atque
1053 1172 1207 1199 haerentem
1222 1171 1335 1199 malitiae
1348 1171 1475 1199 habitum
1493 1171 1609 1208 Vitiique
1624 1180 1640 1200 a
1651 1180 1681 1200 se
1691 1173 1751 1208 ipse

955 1225 1006 1253 per
1021 1221 1188 1254 potestatem
1200 1216 1355 1253 depellens)
1367 1217 1617 1253 mandatorumque
1629 1219 1751 1246 rationes

954 1269 983 1293 et
994 1264 1076 1301 487
1091 1264 1198 1297 modos,
1215 1265 1272 1292 sive
1287 1263 1370 1292 etiam
1396 1263 1504 1292 divinas
1517 1264 1634 1292 virtutes
1644 1285 1651 1297 ,
1675 1265 1751 1292 velut

954 1311 1017 1339 cceli
1030 1311 1157 1338 volucres
1169 1311 1197 1338 in
1212 1318 1240 1338 se
1251 1310 1428 1345 requiescere
1444 1308 1520 1337 facit.
1673 1306 1675 1308 ’

995 1355 1040 1383 12.
1054 1355 1108 1388 Qui
1119 1362 1204 1390 super
1215 1355 1373 1388 Dominum,
1386 1359 1517 1390 tanquam
1535 1354 1599 1382 ﬁdei
1611 1354 1748 1390 quoddam

953 1401 1176 1434 fundamentum,
1193 1395 1485 1429 excelsum-bonorum
1496 1400 1606 1428 culmen
1622 1405 1749 1428 exstrua—

952 1454 1031 1479 mus;
1054 1453 1164 1479 aurum,
1189 1450 1344 1481 argentum,
1361 1445 1468 1481 lapides
1483 1446 1622 1481 pretiosos
1641 1447 1750 1482 (puram

953 1491 1059 1520 scilicet
1067 1495 1149 1526 atque
1158 1491 1296 1519 sinceram
1306 1490 1340 1518 de
1350 1491 1407 1519 Deo
1413 1490 1581 1522 doctrinam,
1593 1492 1750 1526 claramque

954 1542 1036 1573 atque
1053 1537 1189 1565 illustrem
1213 1538 1297 1565 vitam
1313 1533 1326 1570 ,’
1341 1544 1452 1565 necnon
1469 1544 1550 1565 sensa
1573 1537 1658 1565 animi
1669 1538 1750 1565 unio-

953 1591 1020 1611 num
1032 1583 1121 1611 nit0re
1131 1583 1275 1618 fulgentia)
1289 1591 1361 1616 ;non
1373 1582 1458 1618 ligna,
1470 1582 1575 1613 fenum.
1591 1583 1750 1618 stipulam“

955 1629 1058 1665 (neque
1085 1629 1193 1657 scilicet
1219 1629 1358 1656 idolorum
1380 1629 1496 1661 cultum,
1517 1628 1546 1655 id
1564 1633 1616 1661 est,
1634 1629 1751 1657 terrenis

953 1675 1093 1704 addictum
1113 1675 1236 1702 animum
1259 1674 1348 1709 iisque
1364 1674 1485 1702 deﬁxum
1510 1681 1599 1709 neque
1625 1681 1750 1702 aversam

953 1729 969 1748 a
987 1721 1095 1748 ratione
1105 1720 1202 1753 vitam,
1226 1727 1318 1755 neque
1333 1720 1443 1747 demum
1471 1719 1635 1748 libidinosas
1647 1719 1751 1755 cogita—

954 1765 1054 1798 tiones,
1071 1770 1102 1792 ut
1125 1773 1186 1800 quae
1202 1758 1333 1800 tanquam
1356 1763 1449 1800 spicis,
1477 1764 1619 1799 sapientiae
1645 1764 1750 1792 intelli-

953 1811 1047 1846 gentia
1063 1811 1186 1846 careant)
1203 1810 1243 1838 illi
1258 1811 1445 1846 imponamus.

988 1856 1032 1883 13.
1052 1856 1106 1889 Qui
1133 1855 1255 1883 scientiae
1281 1855 1422 1883 desiderio
1445 1860 1566 1887 tenetur,
1593 1855 1750 1883 immobiles

954 1902 1039 1929 animi
1054 1909 1165 1937 gressus
1179 1901 1251 1936 apud
1263 1902 1411 1929 Dominum
1433 1905 1547 1934 statuat,
1570 1901 1750 1936 quemadmo-

954 1948 1020 1975 dum
1045 1947 1083 1974 ait
1107 1948 1179 1975 Deus
1199 1947 1279 1981 Mosi,
1307 1948 1345 1975 Tu
1370 1952 1457 1975 autem
1474 1948 1515 1975 hic
1538 1952 1580 1975 sta
1604 1948 1747 1975 mecum“.

954 1992 1029 2020 Istud
1049 2001 1133 2028 porro
1150 1993 1366 2026 observandum,
1387 1994 1415 2020 in
1435 1993 1470 2021 iis
1490 1993 1573 2021 etiam
1597 1993 1746 2021 discrimen

954 2047 1015 2066 esse
1025 2039 1072 2074 qui
1085 2043 1159 2066 slant
1172 2039 1245 2074 apud
1258 2039 1416 2072 Dominum,
1429 2039 1451 2066 si
1472 2040 1554 2067 modo
1570 2039 1686 2067 studiosi
1699 2048 1748 2067 ve-

955 2086 1033 2121 rique
1048 2089 1186 2117 amantes,
1210 2085 1285 2121 quod
1301 2085 1337 2113 ita
1352 2086 1488 2120 scriptum
1509 2091 1562 2118 est,
1589 2093 1644 2113 non
1658 2086 1748 2113 obiter

955 2131 1092 2167 legimus:
1110 2131 1177 2159 Sunt
1201 2132 1311 2167 quidam
1340 2133 1372 2158 de
1395 2133 1437 2159 hic
1459 2133 1601 2165 stantibus,
1622 2133 1667 2168 qui
1695 2141 1749 2159 non

955 2180 1099 2212 gustabunt
1116 2182 1243 2210 mortem,
1261 2178 1344 2205 donec
1366 2178 1480 2205 viderint
1504 2187 1615 2214 regnum
1630 2179 1680 2206 Dei
1703 2187 1749 2206 ve-

107 2217 298 2251 ἐληλυθυῖαν
311 2218 345 2244 ἐν
359 2217 493 2253 δυνάμει.
515 2220 552 2246 Οὐ
580 2219 635 2255 γὰρ
660 2220 743 2247 πᾶσιν
769 2220 813 2247 ἀεὶ
835 2219 905 2255 μετὰ

958 2226 1031 2252 niens
1067 2226 1095 2252 in
1120 2226 1218 2252 virtute
1229 2225 1264 2252 ⁸⁷.
1289 2225 1349 2252 Νοιι
1377 2226 1450 2253 enim
1480 2225 1612 2252 Dominus
1640 2233 1749 2260 semper

107 2264 190 2296 ὃίξης
206 2263 219 2288 ὁ
233 2263 335 2298 Κύριος
346 2264 521 2298 ἐπιφαίνεται
539 2266 597 2297 τοῖς
613 2265 679 2301 παρ’
691 2265 767 2300 αὐτῷ
789 2265 903 2301 ἱσταμέ-

110 2318 176 2340 νοις,
196 2309 265 2336 ἀλλὰ
284 2311 340 2341 τοῖς
362 2310 412 2345 μὲν
429 2311 627 2345 εἰσαγομένοις,
645 2313 674 2337 ὲν
698 2311 791 2338 δούλου
811 2313 901 2348 μορφῇ

109 2356 312 2391 παραγίνεται·
330 2357 386 2388 τοῖς
408 2357 436 2383 δὲ
452 2357 611 2392 δυναμένοις
628 2358 810 2392 ἀκολουθῆσαι
828 2358 902 2393 αὐτῷ

107 2402 157 2427 ἐπὶ
164 2401 196 2428 τὺ
208 2401 311 2436 ὑψηλὸν
321 2402 495 2430 ἀναὸαίνοντι
504 2403 553 2438 τῆς
562 2403 645 2430 αὑτοῦ
658 2404 901 2440 μεταμορφώσεως

105 2448 182 2483 ἔρος,
204 2447 234 2473 ἐν
246 2449 337 2484 μορφῇ
350 2448 419 2475 Θεοῦ
435 2449 611 2484 ἐπιφαίνεται
628 2450 666 2486 (y)
679 2459 685 2464 ·
703 2451 734 2477 ἐν
781 2451 899 2486 ὑπῆρχε,

146 2525 170 2541 ⁶²
188 2525 262 2562 ξεει.
280 2535 357 2559 CXLV,
371 2513 397 2554 8;
436 2528 459 2543 ⁸³
467 2527 563 2555 Matth.
580 2536 637 2561 Xlll,
653 2528 697 2555 5i.
737 2528 759 2544 ⁸⁸
772 2529 867 2556 Matth.
881 2538 945 2562 xvu,

109 2568 168 2593 ml,
188 2561 234 2589 59.

148 2629 187 2666 (ῃ)
196 2629 438 2669 ’ἕνμορφῇιθεοῦ
447 2631 646 2669 ἐπιφαίνεται.
659 2633 690 2660 In
701 2633 748 2660 Dei
755 2637 841 2668 [arma
853 2643 902 2669 ap-

109 2671 201 2702 paret.
218 2666 366 2704 Estiﬂarpi
381 2667 520 2704 νῃπςιικῷν
529 2674 590 2702 cap.
608 2668 652 2699 ιιι,
664 2666 800 2704 suumque
819 2666 902 2696 Masi-

109 2708 178 2738 Inl!S_
186 2701 370 2738 exscriben-lo
390 2702 456 2738 fecit
470 2710 477 2728 :
492 2703 519 2728 in
537 2701 592 2737 quo
608 2704 745 2738 praecipua
758 2701 904 2731 dillicultas

110 2736 181 2774 quid
193 2737 229 2762 sit
241 2735 286 2763 illa
302 2737 414 2774 claritas
431 2737 489 2769 Dei,
502 2737 537 2774 in
546 2735 615 2772 qua
626 2735 754 2766 Christus
765 2740 902 2774 apparuit.

110 2771 221 2798 Idcirco
237 2771 310 2805 quod
330 2771 415 2799 Graeci
430 2771 583 2805 sequior-es,
597 2775 743 2801 occasione
766 2771 904 2802 dictorum

111 2806 298 2841 quorumdam
318 2807 440 2835 Patrum.
462 2806 497 2835 de
520 2808 659 2836 Thaborio
674 2809 778 2836 lumine
797 2810 837 2837 sic
861 2810 904 2837 di-

111 2841 226 2876 gladiati
242 2846 317 2873 sunt,
331 2846 361 2868 ut
377 2850 422 2869 res
433 2851 482 2877 per
496 2843 689 2871 Palamitarnm
701 2845 904 2872 contentionem

112 2880 139 2906 in
160 2877 364 2912 putidismmam
389 2878 516 2905 haeresim
538 2879 655 2913 abierit;
688 2880 905 2908 existimantium

252 2923 389 2955 PATROL.
412 2925 469 2956 Gtt.
490 2925 549 2956 XC.

956 2270 1086 2297 omnibus
1113 2277 1175 2298 cum
1208 2270 1335 2298 claritate
1362 2275 1492 2306 apparet,
1517 2272 1564 2306 qui
1587 2275 1661 2298 stant
1676 2271 1747 2306 apud

957 2316 1062 2351 ipsum;
1084 2316 1131 2343 sed
1148 2316 1182 2343 iis
1197 2315 1308 2351 quidem
1325 2317 1371 2351 qui
1399 2316 1570 2344 inducuntur
1595 2324 1626 2343 ac
1643 2316 1749 2344 tirones

956 2367 1035 2395 sunt,
1062 2362 1173 2390 advenit
1199 2362 1324 2389 informa
1352 2363 1424 2390 servi
1443 2363 1595 2390 :lisautem
1616 2362 1663 2397 qui
1683 2371 1746 2390 eum

956 2407 1033 2443 sequi
1047 2407 1342 2435 valentascendentem
1363 2408 1389 2434 iu
1405 2413 1525 2435 montem
1543 2409 1680 2436 excelsum
1691 2417 1747 2436 sua:

956 2452 1249 2488 transﬁgurationis,in
1263 2452 1310 2479 Dei
1324 2452 1410 2479 forma
1426 2457 1548 2487 apparet,
1567 2453 1594 2479 in
1610 2461 1661 2487 qua
1677 2457 1746 2487 crat,
1790 2463 1791 2466 η

962 2530 1005 2557 19.
1039 2531 1080 2556 "l
1094 2529 1157 2558 Cor.
1178 2530 1270 2563 "1,12.
1295 2531 1318 2547 “
1335 2530 1420 2557 Exod.
1440 2539 1521 2557 sum
1548 2531 1577 2556 ΞΕ.
1628 2531 1648 2545 ⁸⁷
1664 2531 1746 2558 Marc.

955 2634 1003 2662 Dei
1017 2634 1089 2661 illam
1105 2635 1268 2668 clarilatcm,
1284 2635 1331 2670 τὴν
1346 2636 1435 2669 δόξαν,
1446 2635 1547 2670 aliquid
1560 2636 1615 2663 Deo
1627 2643 1746 2663 comvum

959 2677 1030 2706 esse.
1045 2669 1138 2704 illique
1160 2674 1257 2698 natura
1273 2669 1469 2706 conjunctum;
1489 2669 1539 2698 nec
1556 2676 1647 2698 tamen
1662 2671 1747 2706 ipsam

959 2705 1006 2732 Dei
1025 2706 1173 2742 essentiam
1192 2713 1262 2742 esse,
1284 2705 1332 2733 sed
1344 2707 1422 2742 quasi
1444 2707 1518 2734 illius
1540 2705 1675 2742 virtutem
1697 2713 1746 2733 seu

960 2740 1128 2777 potentiam;
1146 2741 1219 2777 quod
1235 2745 1310 2769 certe
1326 2740 1460 2777 repugnat
1476 2741 1600 2769 maximae
1621 2741 1667 2768 Dci
1683 2741 1748 2769 sint:

959 2775 1086 2811 plicitati,
1103 2783 1186 2810 quam
1203 2776 1261 2811 ipse
1277 2775 1410 2805 Maximus
1435 2777 1516 2811 paulo
1539 2776 1666 2811 superius
1691 2783 1716 2803 c.
1730 2777 1747 2804 9

960 2815 988 2837 et
1015 2810 1042 2844 5,
1068 2810 1120 2846 rite
1144 2810 1308 2846 prosecutus
1332 2817 1385 2843 est,
1406 2810 1515 2839 omnem
1530 2810 1642 2840 omnino
1657 2819 1672 2839 a
1692 2812 1749 2840 Deo

960 2845 1187 2882 compositionem
1205 2847 1364 2875 cxcludens.
1375 2847 1453 2880 Quod
1469 2852 1560 2875 autem
1575 2847 1633 2882 ipsa
1661 2847 1708 2874 lux
1722 2851 1749 2874 et

961 2881 1082 2914 claritas,
1097 2883 1286 2918 corporalibus
1309 2883 1495 2918 apostolorum
1513 2881 1602 2910 oculis
1629 2882 1746 2918 objecta,

1517 2929 1556 2960 36
