1951 3076
234 159 300 193 1131

814 159 843 188 S.
865 159 1007 188 ΜᾹΧῙΜῙ
1027 158 1281 189 CONFESSORIS

1792 164 1863 196 ΗΕ

213 211 382 251 Ἀιιιιειιυιιιιι
405 214 526 242 mundus
551 218 634 242 esset.
654 213 726 241 Fieri
754 213 838 249 igitur
869 218 969 249 potest,
994 222 1009 240 ιι

1078 213 1130 248 rp}:
1138 213 1184 239 τοῦ
1204 213 1249 240 τὸν
1261 215 1362 249 κόσμον
1376 212 1454 242 εἶναι.
1468 216 1585 243 Δυνατὶν
1594 214 1640 244 οὖν
1652 218 1721 251 ἐστι,
1733 218 1770 254 μὴ
1788 222 1862 246 κατὰ

234 263 307 290 idem
330 262 388 296 ipse
407 260 539 287 Dominus
551 267 606 287 non
618 259 713 287 eadem
729 259 834 286 ratione
854 259 962 286 eunetis
974 266 1025 293 ap-

233 312 346 344 pareat,
366 307 413 343 qui
431 310 505 334 stant
526 306 597 341 apud
621 306 726 341 ipsum;
752 305 800 332 sed
821 305 876 332 alio
902 305 1021 339 alioque,

233 353 294 381 aliis
309 356 391 388 alque
414 352 476 379 aliis
491 352 584 385 modo,
603 360 654 387 pro
677 352 812 386 cujusque
835 350 940 378 scilicet
958 350 1022 376 lidei

232 398 345 426 modulo
364 397 499 425 visionem
515 397 636 424 varians.

267 445 311 472 H.
329 444 381 473 Ubi
397 443 424 471 in
439 444 520 471 nobis
537 443 584 470 Dei
598 451 689 471 sermo
707 443 867 478 splendidus
877 443 1021 478 clarusque

231 490 378 522 exstiterit,
392 490 507 525 ejusque
519 489 603 516 facies
618 489 684 516 solis
701 489 788 516 ittstar
801 489 946 520 cﬂ‘ulserit,
956 494 1021 516 tunc

231 543 343 572 quoque
359 536 419 571 ejus
431 534 594 562 vestimenta
616 538 749 568 apparent
773 533 889 561 candida
908 542 914 560 :
937 541 1020 561 saera:

231 581 363 609 nimirqu
379 581 591 616 Evangeliorum
607 580 758 615 Scriptura:
780 579 871 606 lucida
891 579 974 606 verba
992 584 1021 606 et

231 626 388 662 perspicua,
405 625 530 660 nihilque
544 624 682 651 occultum
697 623 904 657 abstrusiusquc
917 623 1021 649 haben-

233 673 280 699 tia.
298 671 352 699 Sed
373 675 401 698 et
419 671 525 706 Moyses
545 670 673 704 Eli-asque
692 677 746 696 una
759 668 910 696 adveniunt
922 688 929 698 ,
951 668 1019 702 legis

232 718 341 745 scilicet
351 721 379 744 et
398 716 597 752 prophetarum
610 715 792 750 spiritaliores
811 721 954 742 sermones
969 720 1017 741 seu

231 764 361 791 rationes.

265 810 308 838 l5.
327 808 563 843 Quemadmodum
576 811 711 835 venturus
725 811 767 833 est
786 806 871 834 Filius
886 806 1016 839 hominis,

229 856 301 884 sicut
315 855 449 890 scriptum
463 859 505 882 est
515 854 549 887 “,
563 862 625 882 cum
637 853 741 889 angelis
759 853 817 880 suis
831 853 858 879 in
871 853 956 887 gloria
967 853 1017 880 Pa-

1075 257 1104 283 τὸ
1118 257 1184 283 αὐτὸ
1198 258 1243 284 τὸν
1256 259 1336 285 αὐτὸν
1350 259 1416 286 πᾶσι
1436 261 1490 291 τοῖς
1503 261 1567 295 παρ’
1589 262 1662 298 αὑτῷ
1678 263 1861 298 τυγχάνουσιν

1073 302 1266 336 ἐπιφαίνεσθαι
1282 304 1400 339 Κύριον
1416 304 1483 332 ἀλλὰ
1498 307 1554 338 τοῖς
1570 307 1620 342 μὲν
1643 308 1740 340 οὕτως,
1758 312 1815 342 τοῖς
1831 311 1859 337 δὲ

1073 349 1185 384 ἑτέρως,
1200 350 1270 377 κατὰ
1289 352 1320 377 τὸ
1336 351 1435 387 μέτρον
1447 354 1497 388 τῆς
1509 355 1538 381 ἐν
1551 354 1660 389 ἑκάστῳ
1676 355 1796 387 atteram;
1811 356 1860 392 δη-

1074 394 1159 421 λονότι
1175 396 1319 423 ποικίλλων
1332 397 1381 432 τὴν
1397 397 1523 434 θεωρίαν.

1109 439 1151 467 ιδ’.
1173 441 1257 467 ’Ὸταν
1274 442 1427 478 περιφανὴς
1446 444 1495 470 καὶ
1511 444 1638 480 λαμπρὸς
1656 446 1684 471 ὲν
1703 447 1770 481 ἡμῖν
1783 447 1797 472 6
1811 447 1860 473 τοῦ

1071 484 1140 512 Θεοῦ
1152 486 1266 521 γένηται
1282 487 1369 521 λόγος,
1395 488 1441 515 καὶ
1453 490 1483 516 τὺ
1495 490 1641 525 πρόσωπον
1658 491 1741 517 αὑτοῦ
1755 491 1860 527 λάμψοι

1070 531 1198 567 καθάπερ
1215 533 1301 568 ἥλιος,
1320 534 1380 560 τότε
1399 535 1493 562 καὶτὰ
1512 536 1607 571 ἱμάτια
1630 537 1713 564 αὑτοῦ
1730 539 1860 572 φαίνεται

1070 576 1168 604 λευκά·
1185 578 1320 611 τουτέστι,
1339 580 1372 606 τὰ
1389 581 1500 616 ῥήματα
1515 582 1564 617 τῆς
1593 583 1672 616 ἁγίας
1697 583 1752 609 τῶν
1771 585 1860 618 Εὐαγ-

1070 624 1169 657 79.in
1186 625 1297 660 Γραφῆς
1311 645 1318 657 ,
1338 626 1422 661 τρανὰ
1436 627 1483 653 καὶ
1503 627 1585 662 σαφῆ,
1599 628 1645 653 καὶ
1661 628 1744 663 μηδὲν
1760 629 1860 664 ἔχοντα

1069 670 1286 705 κεκαλυμμένον.
1297 671 1376 697 Ἀλλὰ
1388 672 1434 698 καὶ
1442 673 1562 707 Μωῡσῆς
1573 673 1725 705 καὶίίὶλας
1739 676 1799 709 μετ’
1807 676 1859 701 αὺ-

1067 713 1115 739 τοῦ
1131 714 1343 748 παραγίνονται·
1360 716 1507 749 τουτέστιν,
1523 718 1547 743 οι
1562 717 1609 743 τοῦ
1629 718 1711 753 νόμου
1732 721 1778 746 καὶ
1802 720 1859 747 τῶν

1068 756 1214 794 ἦτροφητῶν
1228 761 1435 796 πνευματικώτε
1441 771 1481 797 ροι
1496 762 1580 798 λόγοι.

1105 807 1145 831 ιε’.
1169 805 1273 841 ’Ὠσπερ
1292 805 1401 841 ἔρχεται
1414 807 1429 833 ό
1443 808 1506 839 Υἱὸς
1520 808 1567 834 τοῦ
1581 809 1737 845 ἀνορώπου,
1754 811 1792 842 ὡς
1809 812 1858 846 γέ-

1068 858 1202 886 γραπται,
1219 851 1288 885 μετὰ
1308 852 1362 878 τῶν
1378 853 1502 886 ἀγγέλων
1527 854 1609 880 αὑτοῦ
1630 856 1659 881 ὲν
1680 857 1712 890 τῇ
1726 855 1788 891 δόξῃ
1806 857 1856 883 τοῦ

229 903 279 929 tris
291 910 298 928 ε
313 901 353 930 sic
368 885 416 929 Dei
430 908 521 929 sermo
543 900 659 935 singulis
668 899 823 934 quibusque
831 899 942 926 virtutis
951 906 1009 934 pro-

1067 896 1183 931 Πατρὺς,
1198 897 1283 929 οὕτως
1293 897 1353 925 καθ’
1367 885 1485 935 ἑκάστην
1498 900 1640 935 προκοπὴν
1655 885 1857 937 desistis-.3-

227 945 356 979 fectibus,
376 945 419 973 his
439 945 485 980 qui
500 944 575 980 digni
596 944 652 972 sint
668 943 890 975 transformatur,
901 943 1016 970 veniens

227 997 290 1020 cum
304 991 408 1027 angelis
418 991 476 1018 suis
487 990 515 1018 in
528 989 615 1026 gloria
628 989 726 1016 Patris.
742 989 930 1023 Spiritaliores
941 988 1014 1015 enint

227 1039 255 1065 in
266 1037 326 1072 lege
339 1040 367 1064 et
379 1035 522 1071 prophetis
538 1035 701 1062 exsistentes
715 1041 857 1061 sermones
876 1041 908 1061 ac
930 1034 1016 1062 ratio-

226 1091 287 1116 nes,
309 1090 428 1118 quorum
447 1081 552 1117 Moyses
570 1085 599 1109 et
615 1081 689 1108 Elias
703 1081 761 1107 suis
786 1080 838 1115 ipsi
862 1080 1016 1107 rationibus

225 1129 310 1165 488
329 1129 415 1164 ﬁgura
435 1127 612 1158 exstiterunt,
627 1134 689 1154 cum
711 1126 828 1153 Domino
839 1129 1014 1161 apparentes,

225 1183 282 1210 quo
299 1179 421 1209 tempore
441 1173 574 1200 Dominus
588 1171 800 1198 transformatus
811 1175 864 1203 est,
879 1171 940 1206 ejus
958 1171 1014 1198 cla-

226 1221 326 1253 ritatis,
341 1227 402 1255 qua:
419 1219 446 1246 in
460 1219 526 1254 ipsis
536 1222 588 1251 est,
600 1217 711 1245 modutn
723 1224 874 1251 congruum
887 1223 1012 1248 servant;

218 1275 308 1303 quam
325 1267 458 1294 hactenus
473 1265 547 1301 digni
566 1265 672 1300 possint
696 1271 806 1299 eaperc,
828 1263 958 1290 virtutem
982 1270 1014 1290 ac

225 1313 376 1348 potentiam
392 1311 599 1348 patelacientes.

260 1359 305 1387 l6.
322 1358 374 1392 Qui
393 1357 527 1392 tantisper
543 1357 657 1384 unitatis
683 1355 817 1383 rationem
842 1355 941 1382 doetus
959 1359 1012 1386 est,

223 1404 337 1433 omnino
348 1404 431 1432 etiant
445 1403 484 1430 illi
500 1403 660 1438 conjunctas
675 1401 857 1437 providentiae
873 1408 904 1428 ac
914 1400 1012 1435 judieii

223 1451 377 1485 exploratas
398 1450 481 1477 habet
503 1449 634 1476 rationes.
651 1448 741 1480 Quare
754 1447 849 1478 etiam,
862 1447 939 1473 velut
962 1446 1014 1473 Pe-

223 1500 294 1527 trus,
311 1501 420 1529 aequum
431 1492 567 1523 decernit,
585 1495 615 1519 ut
632 1492 686 1519 tria
700 1490 772 1525 apud
790 1490 879 1525 ipsum
898 1490 1013 1517 liantta~

223 1541 382 1572 bernaeula,
398 1540 442 1566 his
456 1539 503 1574 qui
514 1531 720 1573 apparuei-unt;
744 1541 800 1564 tres
813 1536 944 1563 nimirum
959 1536 1008 1562 ha-
1024 1549 1044 1578 ο

223 1586 310 1618 bitus,
329 1585 431 1620 quibus
449 1584 531 1611 saluti
556 1590 691 1618 propense
704 1583 880 1614 consulatur,
899 1582 1011 1609 virtutis

222 1631 328 1660 scilicet
338 1630 461 1658 scicntia:
480 1637 512 1657 ac
534 1629 689 1664 theologia.
710 1628 778 1655 Nam
794 1628 872 1662 prior
886 1627 1009 1662 quidem,

221 1676 340 1705 actionis
353 1675 453 1703 robore
470 1683 503 1702 ac
515 1675 640 1702 castitate
655 1679 726 1709 eget,
738 1674 817 1709 cujus
829 1674 915 1708 ligura
926 1674 1011 1701 exsti-

221 1721 255 1748 tit
268 1721 366 1748 beatus
387 1719 472 1747 Elias.
491 1719 616 1754 Sequens
630 1726 695 1745 vero
708 1739 714 1751 ,
736 1719 870 1745 naturalis
884 1723 1009 1745 contem-

221 1765 350 1801 plationis
366 1765 483 1800 justitia,
500 1772 581 1800 quant
599 1771 714 1799 magnus
738 1764 844 1800 Moyses
861 1768 925 1799 typo
937 1764 1004 1791 desi-

219 1811 323 1847 gnavit.
333 1810 444 1838 Tertius
452 1810 572 1842 dentum,
584 1818 648 1838 vera
663 1810 818 1845 prudentia:
827 1811 1007 1845 perfectione,

219 1864 302 1892 quam
319 1857 453 1884 Dominus
469 1855 652 1890 signiﬁcabat.
666 1855 743 1883 Dicta
756 1864 821 1883 vero
835 1861 900 1884 sunt
915 1857 1008 1883 taber-

219 1903 328 1934 nacula,
344 1902 417 1937 quod
433 1902 493 1929 alim
507 1902 564 1930 sitit
580 1902 623 1929 his
644 1902 774 1929 meliores
795 1910 826 1929 ac
842 1902 1008 1930 illustriores

219 1947 248 1974 in
262 1947 384 1974 futurum
400 1947 499 1982 dignos
511 1951 666 1981 exceptura:
677 1946 757 1974 sedes

251 2081 294 2108 17.
316 2080 366 2114 Qui
384 2081 486 2108 actioni
503 2087 616 2115 cperant
638 2080 727 2115 ponit,
751 2081 777 2107 in
800 2088 882 2108 carne
902 2081 1005 2108 advena

217 2135 296 2163 agere
307 2127 418 2160 dicitur,
431 2127 478 2162 qui
493 2127 600 2154 scilicet
610 2126 742 2153 virtutum
756 2127 843 2158 cultu,
864 2126 898 2153 ab
913 2126 1005 2153 animo

216 2172 368 2202 abscindat.
382 2180 435 2207 qua
447 2171 482 2199 ad
495 2179 604 2199 carnem
618 2171 764 2199 affectione
781 2180 814 2199 ac
829 2171 944 2198 libidine
955 2171 1004 2198 du-

1068 942 1220 977 μορφοῦται
1241 943 1298 974 τοῖς
1320 943 1405 976 ἀξίοις
1419 945 1433 970 ὸ
1448 944 1495 971 τοῦ
1509 944 1577 971 Θεοῦ
1597 946 1685 980 λόγος,
1704 948 1856 982 ἐρχόμενος

1068 987 1136 1022 μετὰ
1153 987 1206 1014 τῶν
1228 988 1351 1023 ἀγγέλων
1374 989 1455 1016 αὐτοῦ
1482 990 1512 1016 ἐν
1532 992 1563 1026 τῇ
1583 991 1645 1027 δόξῃ
1669 992 1716 1019 τοῦ
1735 994 1854 1028 Πατρός.

1065 1035 1098 1061 υἱ
1115 1036 1170 1071 γὰρ
1190 1036 1219 1062 ὲν
1245 1036 1320 1071 νόμῳ
1344 1037 1391 1064 καὶ
1415 1038 1569 1073 προφήταις
1599 1039 1855 1075 πνευματικώτεροι

1065 1080 1149 1115 λόγοι,
1161 1081 1208 1112 οὒς
1221 1082 1343 1117 Μωῠσῆς
1360 1084 1407 1110 καὶ
1426 1083 1518 1115 Ἠλίας
1534 1083 1568 1110 δι’
1582 1083 1686 1110 ἑαυτῶν
1701 1085 1856 1119 προτυποῦ-

1065 1134 1102 1157 σι,
1120 1127 1187 1161 μετὰ
1201 1127 1247 1152 τοῦ
1261 1128 1365 1163 Κυρίου
1378 1128 1547 1163 φαινόμενοι,
1561 1129 1632 1155 κατὰ
1713 1130 1856 1165 μεταμὸρ-

1065 1179 1152 1205 etus-AI
1173 1172 1221 1198 τοῦ
1238 1173 1350 1207 Κυρίου,
1370 1173 1419 1208 τὴν
1438 1173 1583 1207 ἀναλογίαν
1613 1174 1729 1205 σώζουσι
1747 1174 1796 1209 τῆς
1823 1176 1855 1200 ἐν

1063 1219 1156 1250 αὐτοῖς
1173 1218 1268 1253 δόξης,
1284 1219 1334 1254 τὴν
1348 1220 1417 1252 τέως
1431 1221 1558 1256 χωρητὴν
1573 1223 1629 1253 τοῖς
1642 1221 1726 1254 ἀξίοις
1743 1222 1854 1249 ἀποκα-

1064 1265 1209 1297 λύπτοντες
1224 1265 1339 1300 δύναμιν
1349 1285 1356 1291 .

1101 1358 1148 1387 ις’.
1174 1354 1210 1380 '0
1223 1354 1269 1381 τὸν
1282 1356 1346 1391 περὶ
1371 1356 1484 1391 μονάδος
1502 1357 1591 1389 ποσῶς
1617 1357 1730 1392 μυηθεὶς
1759 1357 1851 1392 λόγον,

1063 1399 1171 1432 πάντως
1186 1401 1233 1427 καὶ
1246 1401 1309 1433 τοὺς
1329 1402 1392 1436 περὶ
1409 1402 1536 1437 προνοίας
1551 1403 1596 1430 καὶ
1611 1404 1727 1438 κρίσεως
1742 1404 1853 1438 ἐπέγνω

1063 1445 1170 1479 λόγους,
1188 1447 1318 1477 συνόντας
1329 1447 1413 1482 αὐτῷ.
1427 1447 1473 1473 Διὸ
1488 1449 1534 1474 καὶ
1546 1449 1618 1484 τρεῖς
1635 1449 1760 1482 γενέσθαι
1781 1458 1853 1485 σκη-

1062 1491 1110 1523 νὶις
1134 1492 1199 1526 παρ’
1225 1492 1313 1526 ἑαυτῷ
1339 1492 1418 1528 [unus
1437 1485 1503 1528 Reg.
1528 1493 1591 1529 παρ’
1605 1494 1691 1530 αὐτῷ]
1711 1495 1781 1521 κατά
1802 1496 1853 1521 τὸν

1062 1537 1139 1570 ἅγιον
1151 1536 1263 1572 Πέτρον,
1280 1539 1336 1569 τοῖς
1352 1537 1473 1572 ὸραθεῖτι
1491 1538 1573 1565 καλὸν
1587 1537 1654 1565 εἶναι
1678 1539 1830 1574 ψηφίζεται
1841 1548 1849 1554 ”

1060 1582 1193 1615 τουτέστι,
1212 1582 1262 1614 τὰς
1283 1585 1358 1618 τρεῖς
1381 1584 1452 1616 ἕξεις
1479 1584 1529 1618 τῆς
1551 1585 1705 1620 σωτηρίας·
1721 1585 1771 1621 τὴν
1795 1587 1851 1620 τῆς

1060 1628 1161 1662 ἀρετῆς
1183 1628 1264 1662 λέγω,
1294 1630 1341 1656 καὶ
1368 1629 1418 1664 τὴν
1440 1629 1491 1664 τῆς
1512 1630 1648 1664 γνώσεως,
1674 1630 1721 1656 καὶ
1734 1631 1785 1665 τὴν
1796 1631 1852 1664 τῆς

1060 1673 1208 1708 θεολογίας.
1231 1674 1263 1700 'H
1281 1674 1329 1708 μὲν
1348 1674 1401 1709 γὰρ
1420 1675 1504 1701 δεῖται
1527 1675 1575 1710 τῆς
1591 1675 1661 1702 κατὰ
1685 1675 1785 1710 πρᾶξιν
1800 1676 1851 1702 ἁν-

1058 1718 1150 1754 δρείας
1162 1719 1209 1745 καὶ
1223 1719 1411 1754 σωφροσύνης,
1431 1717 1466 1755 ἦς
1480 1720 1494 1746 ό
1509 1720 1643 1755 μακάριος
1656 1720 1740 1751 τύπος
1755 1721 1849 1756 ὑπῆρ-

1059 1773 1105 1799 χεν
1125 1764 1234 1798 Ἠλίας·
1252 1765 1268 1799 ἡ
1289 1764 1328 1796 δὲ,
1347 1766 1396 1800 τῆς
1426 1765 1496 1791 κατὰ
1521 1765 1569 1799 τὴν
1590 1765 1706 1800 φυσικὴν
1728 1765 1849 1800 θεωρὶαν

1057 1809 1240 1844 δικαιοσύνης,
1259 1810 1292 1844 ἣν
1307 1810 1321 1835 ὁ
1334 1810 1421 1844 μέγας
1434 1810 1535 1845 ἐμήνυε
1550 1810 1583 1836 δι’
1600 1810 1697 1836 ἑαυτοῦ
1712 1811 1844 1845 Μωῡσῆς·

1057 1852 1074 1886 ἠ
1092 1851 1131 1882 δὲ,
1147 1852 1197 1886 τῆς
1212 1853 1282 1879 κατὰ
1293 1853 1342 1888 τὴν
1365 1854 1497 1888 φρόνησιν
1519 1853 1688 1888 ἀκραιφνοῦς
1708 1854 1846 1889 τελειότη-

1058 1905 1114 1928 τος,
1127 1897 1160 1933 ἢν
1173 1899 1186 1924 ὸ
1202 1898 1304 1933 Κύριος
1321 1899 1427 1934 ἐδήλου.
1442 1899 1543 1934 Σκηναὶ
1569 1899 1597 1926 δὲ
1618 1900 1846 1935 προσηγορεύθη-

1057 1951 1117 1974 σαν.
1135 1944 1178 1970 διὰ
1192 1945 1223 1971 τὸ
1240 1945 1323 1976 ἄλλας
1344 1943 1414 1972 εἶναι
1432 1946 1535 1973 τούτων
1551 1946 1692 1981 κρείττους
1705 1947 1752 1973 καὶ
1767 1956 1846 1982 περι-

1055 1990 1235 2025 φανεστέρας,
1249 1990 1299 2022 τὰς
1313 1991 1378 2022 τοὺς
1397 1991 1489 2025 ἀξίους
1510 1992 1581 2019 κατὰ
1604 1993 1635 2019 τὸ
1651 1993 1747 2028 μέλλον
1761 1994 1845 2020 διαδε-

1056 2035 1173 2070 ξομένας
1187 2035 1287 2071 λήξεις.

1092 2080 1134 2111 ιζ’.
1161 2080 1190 2106 ὐ
1212 2080 1261 2115 μὲν
1279 2080 1444 2116 πρακτικὸς,
1462 2081 1491 2108 ἐν
1515 2082 1598 2117 σαρκὶ
1625 2082 1732 2116 λέγεται
1749 2092 1844 2118 παροι-

1055 2126 1115 2152 κεῖν
1133 2125 1171 2161 (6)
1185 2134 1193 2141 ·
1212 2126 1250 2157 ὼς
1265 2127 1314 2161 τῆς
1329 2127 1417 2161 ψυχῆς
1431 2127 1481 2162 τὴν
1499 2127 1567 2162 πρὸς
1580 2127 1629 2163 τὴν
1644 2128 1732 2161 σάρκα
1748 2129 1844 2162 σχέσιν

1053 2171 1098 2197 διὰ
1109 2171 1163 2198 τῶν
1177 2172 1282 2206 ἀρετῶν
1310 2172 1460 2207 ἐκτέμνων,
1476 2173 1523 2200 καὶ
1543 2173 1597 2200 τῶν
1619 2173 1718 2200 ὑλικῶν
1744 2175 1844 2201 ἑαυτοῦ

193 2234 196 2243 1
216 2219 299 2250 citur,
327 2223 354 2245 et
375 2226 390 2245 a
406 2225 435 2245 se
452 2217 510 2252 ipse
532 2222 704 2245 terrenorum
721 2217 912 2252 deceptionem
926 2224 1003 2244 amo-

1062 2217 1247 2252 ντεριεΜμενος
1257 2217 1307 2252 τὴν
1322 2217 1441 2252 ἀπάτην.
1468 2218 1498 2244 'O
1521 2218 1549 2244 δὲ
1563 2219 1723 2252 γνωστικὸς,
1744 2220 1793 2246 καὶ
1815 2221 1844 2246 ἑν

217 2262 308 2290 liatur.
328 2263 380 2296 Qui
394 2267 485 2290 autent
503 2262 596 2290 studet
609 2262 834 2297 contemplationi
851 2263 1004 2296 doctusque

251 2342 274 2358 ⁸⁸
284 2342 377 2370 Matth.
399 2350 453 2374 ΠΙ,
465 2342 509 2370 27.

215 2412 335 2439 divinum
348 2412 436 2447 ipsum
453 2412 546 2438 lumen
562 2411 736 2439 intransitive
755 2419 786 2438 ac
800 2411 891 2439 l'atris
905 2412 997 2447 splen-

213 2448 264 2474 dor
279 2446 425 2478 exstiterit,
442 2454 523 2481 quem
537 2452 632 2473 eorum
647 2447 719 2474 oculi
740 2446 924 2479 intuerentur,
942 2455 996 2474 non

213 2483 289 2517 quasi
305 2482 354 2516 ipsi
370 2489 385 2508 a
399 2489 428 2508 se
443 2487 539 2508 natura
557 2481 736 2513 sutlicicntes,
756 2481 804 2508 sed
817 2482 964 2510 eonfortati
982 2490 996 2508 a

215 2519 269 2545 lteo
285 2522 313 2545 et
325 2517 433 2548 clevati,
448 2517 596 2544 absurdius
617 2521 669 2547 est,
693 2524 774 2552 quant
791 2522 820 2544 ut
841 2522 918 2551 egeat
933 2525 998 2544 eon-

215 2552 365 2584 l‘utatione;
383 2552 468 2578 Deum
484 2552 589 2579 scilicet
601 2551 713 2586 ejusque
730 2552 877 2578 cssentiani
894 2560 925 2579 ac
937 2552 1000 2578 Dei-

213 2588 276 2614 tatis
291 2594 432 2618 arcanum,
446 2587 547 2613 nedum
564 2586 651 2613 videri
662 2587 750 2614 oculis
775 2587 916 2621 corporeis
937 2594 998 2621 pos-

213 2631 250 2655 se.
274 2622 320 2649 sed
336 2626 363 2648 et
375 2621 463 2656 rcipsa
478 2622 565 2648 visunt
578 2629 638 2648 esse
654 2621 680 2648 in
705 2626 796 2648 monte
812 2621 1000 2656 Transligura-

213 2658 309 2689 tionis;
329 2656 462 2691 quidquid
477 2657 537 2684 viro
552 2656 633 2684 docto
651 2656 678 2683 itt
697 2665 745 2683 sua
759 2657 907 2684 Orientalis
920 2656 998 2684 Occi-

211 2692 384 2726 dentalisque
410 2691 538 2719 Ecclesia:
565 2696 696 2727 perpetua
707 2692 865 2722 concordia.
892 2700 952 2727 eam
970 2692 999 2718 itt

212 2735 268 2754 rem
279 2727 444 2762 obrepserit,
457 2727 615 2761 tribuatque
630 2726 767 2762 plerisque
781 2727 883 2754 sanctis
896 2726 999 2754 Grrccis

204 2761 380 2794 doctoribus,
393 2762 439 2796 qui
461 2762 564 2789 l'cstivis
579 2761 717 2789 Encomiis
729 2762 888 2796 mysterium
906 2765 997 2788 trans-

211 2770 380 2794 uoetortuus,
412 2770 439 2788 ιιι
461 2770 564 2789 tcsuvts
579 2770 717 2789 bncomtls
729 2770 888 2796 mysmrium
906 2770 996 2788 trans-

211 2797 380 2832 ﬁgurationis
393 2770 502 2824 %hristi
520 2801 698 2832 exornarunt,
710 2797 751 2823 vel
765 2797 812 2830 qui
834 2797 868 2832 de
886 2797 996 2832 illope-

210 2831 340 2859 cutiarius
378 2832 550 2866 strictimque
591 2831 762 2865 scripserunt
796 2840 802 2857 ;
835 2831 863 2858 in
894 2831 997 2866 quibus

210 2866 293 2893 etiam
305 2866 435 2898 Maximo;
448 2866 521 2893 hunc
537 2867 625 2900 ipsum
643 2867 712 2893 l’ortc
726 2866 785 2901 ejus
801 2866 891 2893 locum
908 2866 996 2900 respi-

1057 2263 1125 2298 αὐτῇ
1143 2264 1176 2298 τῇ
1194 2263 1277 2298 ἀρετῇ
1294 2263 1404 2297 λέγεται
1427 2265 1583 2299 παροικεῖν·
1601 2264 1638 2296 ὡς
1655 2266 1684 2291 ὲν
1699 2265 1844 2301 ἐσόπτροις

1046 2412 1122 2439 eiens
1136 2421 1141 2438 :
1157 2412 1183 2438 iu
1201 2419 1255 2446 quo
1272 2416 1362 2438 tanten
1379 2411 1452 2438 nulla
1468 2411 1678 2447 aliardillieultas
1691 2416 1743 2441 est.
1756 2420 1841 2447 quam

1047 2455 1108 2482 qum
1120 2447 1241 2482 ipsorum
1262 2447 1410 2474 verborum
1427 2446 1533 2473 Domitii
1546 2451 1598 2474 est.
1613 2446 1692 2473 ⁷Ιυιιιι.
1706 2446 1773 2478 xv",
1800 2448 1817 2474 5
1834 2458 1839 2474 :

1047 2456 1108 2482 qua:
1120 2456 1127 2473 ι
1138 2456 1241 2474 tsorum
1262 2456 1410 2474 verborum
1427 2456 1533 2473 unmtm
1546 2456 1598 2474 est.
1613 2456 1692 2473 man.
1706 2456 1771 2478 xvu,
1800 2456 1817 2474 ι)
1834 2458 1839 2474 :

1047 2456 1174 2516 (Ilarijira
1192 2490 1241 2513 me,
1258 2486 1286 2508 ιιι
1305 2482 1393 2512 Pater,
1412 2483 1482 2516 apud
1509 2482 1684 2516 tvntctipsum,
1713 2481 1841 2509 claritate

1047 2526 1129 2552 quam
1148 2517 1238 2548 habui,
1263 2517 1337 2552 prius
1356 2525 1436 2552 quam
1460 2516 1572 2544 mundus
1602 2521 1678 2552 eam.
1701 2517 1774 2551 apud
1797 2523 1839 2549 te;

1048 2551 1215 2587 exponitque
1236 2553 1363 2586 August,
1385 2555 1464 2578 tract.
1499 2552 1548 2578 105
1567 2552 1593 2578 in
1616 2551 1695 2578 Joau.
1714 2551 1838 2579 divinant

1048 2595 1109 2615 eaut
1128 2587 1292 2615 claritatem.
1323 2587 1436 2621 gloriam
1463 2587 1642 2613 humanitatis
1669 2594 1836 2620 exponens;

1047 2631 1128 2657 quam
1142 2622 1182 2649 sic
1197 2622 1294 2648 habuit
1306 2627 1452 2656 antequam
1474 2621 1595 2648 mundus
1608 2625 1682 2648 esset
1706 2626 1735 2648 et
1760 2623 1835 2656 apud

1046 2657 1164 2686 l‘atrcm.
1179 2657 1273 2684 divina
1294 2657 1399 2683 scilicet
1412 2656 1666 2691 przedestinatione,
1683 2664 1738 2683 non
1760 2657 1835 2690 quod

1047 2692 1092 2719 illa
1122 2693 1211 2726 reipsa
1229 2692 1298 2719 etin
1319 2699 1347 2718 se
1358 2691 1512 2718 exsisteret.
1533 2691 1595 2718 Fuit
1623 2692 1714 2725 itaque
1739 2691 1836 2718 divina

1045 2725 1171 2758 claritas,
1185 2727 1302 2761 gloriosa
1320 2727 1427 2761 species
1453 2734 1486 2753 ex
1503 2727 1607 2754 Christi
1627 2727 1728 2756 anima,
1753 2725 1836 2753 beata

1045 2762 1158 2788 Deitatis
1170 2762 1322 2793 consortio,
1344 2762 1371 2788 iu
1386 2769 1487 2796 corpus
1510 2769 1652 2791 emanans.
1672 2766 1700 2788 et
1721 2761 1835 2795 qualem

1044 2797 1160 2824 decebat
1174 2796 1296 2823 divinum
1315 2803 1415 2831 corpus
1429 2795 1462 2824 ac
1476 2797 1531 2823 Deo
1548 2796 1669 2828 unitunt;
1686 2803 1769 2830 quam
1791 2795 1835 2830 ip-

1044 2839 1101 2858 sam
1119 2832 1264 2863 miraculo,
1280 2837 1309 2858 ut
1323 2836 1395 2859 esset
1410 2831 1552 2864 passibile,
1577 2839 1626 2866 per
1640 2832 1776 2866 reliquam
1792 2831 1836 2858 vi-

1045 2871 1100 2893 tam
1117 2866 1307 2901 suspenderat.
