1951 3076
123 153 195 186 H33
529 155 696 185 CAPITUM
715 153 849 184 THEOL.
871 154 918 183 ET
936 151 1054 183 (ECON.
1075 153 1266 184 CENTURIA
1287 140 1328 183 I‘l.
1683 155 1750 187 1134

121 211 166 237 ἑτι
191 211 241 237 καὶ
263 210 406 245 αἰνίγμασι
422 211 533 246 θεωρῶν
546 211 596 246 τὴν
609 211 748 246 ἀλήθειαν.
762 209 845 236 Οὔπω
860 208 912 244 γὰρ

967 209 1097 244 spiritalis
1114 213 1167 242 est,
1180 209 1264 237 etiam
1282 210 1309 236 in
1326 209 1429 237 virtute
1444 210 1548 238 advena
1561 219 1621 239 esse
1633 212 1749 243 dicitur:

122 256 200 291 αὐτῷ
215 256 249 282 τὰ
262 256 315 282 τῶν
327 255 439 290 ἀγαθῶν
459 256 653 283 αὺθυπόστατα
664 255 721 291 εἴδη
737 255 826 286 καθώς
844 254 912 280 εἶσιν

967 258 993 281 ut
1004 254 1052 289 qui
1067 254 1201 282 hactenus
1214 255 1358 282 veritatem
1379 255 1408 282 in
1430 257 1550 290 speculis
1566 261 1594 284 et
1608 259 1750 294 aenigmate

119 302 305 336 ἐθεάσθησαν,
321 302 364 328 διὰ
378 302 428 336 τῆς
445 302 592 337 πρόσωπον
605 302 672 338 πρὸς
688 301 834 336 πρόσωπον
844 300 912 326 ἀπο-

967 299 1130 334 ipeculetur.
1147 300 1204 328 Nec
1219 300 1284 328 dum
1309 301 1382 328 enim
1397 309 1429 329 ea
1439 302 1614 336 jucunditate
1634 312 1695 338 quae
1709 310 1750 332 est

121 347 305 378 λάύσεως.Ὲν
317 346 398 373 είκόνι
414 346 468 382 γὰρ
480 347 532 372 τῶν
547 346 666 381 ἀγαθῶν,
676 347 713 377 ὡς
724 345 792 380 πρὸς
802 344 833 371 τὸ
848 344 912 379 μέλ-

120 395 181 425 λον,
197 393 250 424 πᾶς
270 393 347 426 ἆγιος
370 392 570 428 διαπορεύεται,
596 392 678 427 βοῶν·
696 391 841 426 Πάροιχός
856 391 913 424 εΙμι

120 439 172 465 και
194 437 400 472 παρεπίδημος
417 438 513 472 καθὼς
524 438 636 470 πάντες
659 439 685 464 οὶ
703 437 825 471 πατέρες
841 445 912 471 μου.

121 477 250 510 futurum
264 488 449 518 exspectatur,
463 484 491 511 in
507 484 642 512 bonorum
657 484 774 519 imagine
783 483 916 514 ambulat,

121 537 170 555 nes
184 532 273 564 patres
292 529 343 555 mei
351 529 384 555 ".

160 579 206 611 ιη’.
228 577 279 603 Τὸν
308 576 455 611 εὐχόμενον
482 578 512 604 οὐ
534 578 575 604 δεῖ
598 577 693 613 στῆναί
710 586 774 603 ποτε
790 577 839 612 τῆς
864 575 911 602 ἐπὶ

120 621 190 648 Θεὸν
210 622 331 657 ἀγούσης
352 622 457 658 ὑψηλῆς
481 623 649 655 ἀναϐάσεως.
671 623 713 654 Ὠς
731 623 786 658 γὰρ
811 621 913 648 ἀναῆά-

124 676 185 699 σεις
204 668 258 703 χρὴ
278 668 396 695 νοεῖσθαι
412 668 473 704 [duo
488 668 573 704 Regii,
593 668 744 698 ποιεῖσθαι,
759 672 788 694 ut
804 672 827 694 et
841 666 911 702 Fr.],

121 713 197 740 κατά
214 713 264 749 τὴν
283 715 315 740 ἐκ
331 715 472 749 δυνάμεως
483 715 522 746 εἰς
534 714 657 750 δύναμιν,
674 715 723 750 τὴν
738 715 766 740 ἐν
786 715 817 749 τῇ
838 722 910 749 πρα-

123 761 206 795 κτικῇ
226 760 281 786 τῶν
301 759 407 796 ἀρετῶν
418 761 574 796 προκοπήν·
590 761 636 786 καὶ
649 761 698 796 τὴν
710 760 764 787 ἀπὸ
781 760 858 795 δόξης
873 759 912 790 εὶς

121 807 216 840 δόξαν,
234 807 288 834 τῶν
306 807 500 842 πνευματικῶν
518 808 566 841 τῆς
584 807 701 843 Θεωρίας
720 806 847 842 γνώσεων
864 807 913 832 ἐπ-

961 344 1031 371 l‘acie
1056 345 1089 371 ad
1111 344 1221 378 faciem,
1248 345 1314 380 ipsae
1334 345 1471 374 bonorum
1498 355 1561 374 vere
1587 349 1750 378 exsistentes

961 389 1068 424 formae,
1085 391 1181 425 quales
1193 395 1267 424 sunt,
1284 391 1323 418 illi
1345 398 1504 427 patuerunt.
1523 394 1653 430 Quisquis
1677 396 1749 423 enim

963 436 1117 464 sanctitatis
1137 437 1221 464 radiis
1237 438 1332 473 fulget,
1345 439 1366 466 si
1385 447 1446 466 cum
1464 447 1497 467 eo
1509 448 1662 475 compares,
1677 440 1750 477 quod

937 482 1078 510 clamans:
1094 483 1202 511 Advena
1217 492 1263 519 ego
1281 493 1340 511 sum
1374 489 1398 511 et
1419 487 1590 521 peregrinus,
1609 488 1676 514 sicut
1696 496 1750 515 om-

1002 574 1045 601 18.
1059 574 1091 602 Ei
1105 574 1151 609 qui
1169 575 1298 610 precibus
1312 575 1457 608 incumbit,
1472 584 1611 611 nunquam
1623 579 1749 606 commit-

966 621 1078 648 tendum
1093 626 1123 649 ut
1136 630 1151 649 a
1168 622 1278 650 sublimi
1296 631 1412 651 ascensu
1425 624 1593 659 provehente
1614 625 1648 652 ad
1663 626 1749 654 Deum

964 672 1063 695 cesset.
1084 669 1165 696 Velut
1181 669 1254 696 enim
1275 677 1405 696 ascensus
1430 670 1616 706 intelligamus
1637 680 1750 700 necesse

965 718 1016 747 est,
1033 714 1080 749 qui
1093 718 1136 742 est
1155 715 1188 742 de
1203 715 1305 742 virtute
1317 715 1345 742 in
1360 715 1489 743 virtutem
1511 717 1624 745 colenda
1642 719 1750 746 actione

965 759 1097 786 virtutum
1112 760 1294 795 profectus”,
1307 761 1526 797 spiritaliumque
1543 765 1751 798 contemplatio—

966 805 1009 832 nis
1024 805 1182 833 notitiarum
1201 813 1216 833 a
1227 806 1350 833 claritate
1360 806 1387 833 in
1403 807 1556 835 claritatem
1572 807 1749 844 excessus";

125 852 262 879 ἀνάϐασιν
272 861 279 868 ·
293 853 340 879 καὶ
351 852 399 888 τὴν
412 853 464 879 ἀπὸ
474 852 521 880 τοῦ
531 852 613 888 ῥητοῦ
628 853 677 887 τῆς
689 852 767 886 ἁγίας
780 853 826 878 καὶ
839 851 912 883 θείας

967 853 1046 885 atque
1059 859 1074 878 a
1089 859 1172 879 sacrae
1188 851 1342 887 (.‘tvinteque
1357 853 1506 887 Scriptura:
1518 854 1619 887 littera,
1639 855 1674 882 ad
1691 856 1750 891 spi-

122 897 249 931 Γριφῆς,
264 898 310 923 ἐπὶ
321 897 351 924 τὸ
367 897 477 932 πνεῦμα
501 897 652 932 μετάϐασιν
662 906 669 912 ·
686 897 757 924 οὕτω
770 897 818 923 καὶ
833 897 861 923 ὲν
875 897 913 932 τῷ

123 943 191 978 περὶ
207 942 294 978 εὐχῶν
304 943 379 979 τὰπῳ
393 943 535 979 γινόμενον
554 942 606 979 χρὴ
619 944 720 969 ποιεῖν·
733 943 858 978 ἐπαίρειν
868 943 914 969 τὸν

122 989 189 1015 νοῦν
203 989 260 1025 aug
268 989 323 1015 τῶν
342 990 522 1025 ἀνθρωπίνων
534 998 540 1006 ’
554 990 602 1017 καὶ
615 990 645 1016 τὸ
659 989 787 1025 φρόνημα
799 990 849 1024 τῆς
861 988 914 1024 ψυ-

123 1035 186 1070 χῆς,
201 1018 295 1062 enim
310 1018 448 1071 θειότερα·
468 1037 511 1063 ἵνα.
526 1036 574 1062 καὶ
588 1018 688 1071 δυνηθῇ
701 1037 714 1062 ὁ
728 1018 790 1067 νοῦς
805 1018 914 1062 ἀκολου-

122 1082 208 1117 οῆσαι
221 1081 260 1117 τῷ
274 1082 442 1117 διεληλυθότι
459 1082 520 1114 τοὺς
533 1082 675 1117 οὐρανοὺς,
695 1081 781 1117 Ἰησοῦ
802 1081 840 1116 τῷ
856 1081 914 1116 Υῐῷ

124 1127 174 1153 τοῦ
189 1127 270 1159 Θεοῦ,
287 1127 427 1162 πανταχοῦ
446 1127 514 1160 δντι,
532 1127 580 1154 καὶ
593 1127 680 1154 πάντα
700 1126 868 1161 διερχομένῳ
880 1126 912 1152 δι’

124 1173 201 1208 ἡμᾶς
215 1174 405 1208 οἰκονομικῶς,
423 1173 466 1200 ἵνα
480 1173 527 1200 καὶ
541 1174 621 1208 ἡμεῖς
634 1172 842 1204 ἀκολουθοῦντες
866 1171 913 1197 αὑ-

122 1219 174 1254 τῷ,
191 1219 280 1246 πάντα
300 1219 449 1255 διέλθωμεν
463 1219 497 1245 τὰ
522 1220 581 1254 μετ’
596 1218 677 1246 αὐτόν
687 1227 693 1233 ·
710 1218 758 1245 καὶ
770 1217 913 1252 γενώμεθα

124 1265 196 1301 πρὸς
213 1265 305 1298 αὑτὸν,
321 1265 368 1293 ὲάν
381 1274 414 1300 γε
429 1265 533 1301 νοῶμεν
548 1264 641 1297 αὐτὸν,
656 1264 687 1291 οὐ
704 1264 775 1291 κατὰ
787 1264 835 1300 τὴν
852 1272 913 1299 σμι-

124 1311 248 1346 κρότητα
257 1311 308 1348 τῇς
321 1311 495 1346 οἰκονομικῆς
509 1311 750 1346 συγκαταὸάσεως,
766 1310 834 1339 ἀλλὰ
843 1311 914 1337 κατά

124 1357 175 1392 τὴν
190 1357 391 1393 μεγαλειότητα
404 1357 454 1393 τῆς
468 1355 587 1393 φύσικῆς
601 1356 753 1392 ἀοριστίας.

164 1447 206 1473 ιθ¹.
223 1446 312 1474 Καλὸν
333 1447 377 1474 ἀεὶ
400 1446 542 1482 σχολάζειν
555 1446 602 1473 καὶ
617 1445 708 1482 ζητεῖν
720 1445 767 1472 τὸν
783 1445 859 1477 Θεὸν,
875 1445 913 1477 ὡς

126 1493 347 1528 προσετάγημεν.
374 1493 434 1519 Κᾶν
449 1493 504 1528 γὰρ
520 1493 592 1519 κατά
614 1492 663 1528 τὴν
682 1491 823 1526 παροῦσαν
839 1491 912 1527 ζωὴν

126 1538 271 1573 ζητοῦντες
286 1538 332 1565 ἐπὶ
345 1538 374 1564 τὺ
391 1539 479 1574 πέρας
495 1538 582 1565 ἐλθεῖν
598 1538 644 1565 τοῦ
667 1538 766 1574 βάθους
778 1538 824 1565 τοῦ
844 1538 912 1564 Θεοῦ

126 1583 157 1609 οὐ
174 1583 328 1618 δυνάμεθά·
357 1583 414 1610 ἀλλ’
432 1583 496 1615 ἴσως
511 1583 559 1611 καὶ
585 1583 629 1610 ἐπ’
643 1583 733 1618 ὀλίγον
751 1583 798 1609 τοῦ
816 1583 914 1617 βάθους

126 1628 210 1655 αὐτοῦ
235 1628 392 1663 φθάνοντες,
409 1628 566 1664 θεωροῦμεν
591 1628 676 1663 ἀγίων
693 1628 842 1664 ἀγιώτερα.
867 1628 914 1655 καὶ

126 1673 319 1708 πνευματικῶν
336 1674 590 1711 πνευματικώτερα.
619 1675 673 1701 Καὶ
688 1674 764 1710 δηλοῖ
789 1673 913 1706 τυπικῶς

127 1720 143 1745 ὁ
155 1719 310 1755 ἀρχιερεὺς,
324 1720 379 1747 ἀπὸ
392 1720 445 1747 τῶν
460 1721 545 1755 ἁγίων
558 1720 613 1748 τῶν
626 1720 676 1755 τῆς
693 1720 779 1754 αὐλῆς
800 1720 913 1754 ἀγιωτέ-

127 1773 194 1800 ρων,
211 1765 258 1791 ἐπὶ
272 1764 306 1792 τά
319 1765 385 1800 ἅγια
397 1765 452 1793 τῶν
473 1766 581 1801 Ἁγίων,
604 1765 742 1801 ἀγιώτερα
757 1765 810 1792 τῶν
828 1765 912 1800 ἁγίων

128 1809 232 1837 εἰσιών.

161 1901 196 1925 κ’.
215 1899 271 1930 Πᾶς
286 1899 334 1926 τοῦ
350 1899 417 1926 Θεοῦ
433 1900 521 1934 λόγος,
538 1900 599 1928 οὕτε
616 1901 773 1935 πολύλογος,
787 1901 848 1928 οὗτε
864 1911 912 1929 πο-

126 1944 238 1979 λυλογία
255 1945 328 1972 ἐστίν
341 1953 348 1961 ·
375 1946 431 1972 ἀλλ’
449 1944 500 1978 εἷς,
516 1947 650 1979 συνεστὼς
667 1947 751 1983 [Regii
764 1948 871 1982 quidam
887 1953 912 1975 et

125 1989 172 2017 Fr.
197 1989 317 2026 συνετὸς]
337 1991 369 2017 ὲκ
388 1990 523 2027 διαφόρων
552 1991 755 2028 θεωρημάτων·
785 1990 822 2020 ὧν
847 1994 912 2020 ἕκα-

126 2046 189 2063 στον
213 2037 296 2072 μέρος
324 2038 382 2064 ἐστὶ
404 2038 451 2065 τοῦ
481 2038 570 2072 λόγου.
586 2040 667 2066 Ὥστε
693 2040 707 2066 ὁ
733 2040 818 2075 λέγων
841 2042 911 2078 ὑπὲρ

126 2079 266 2115 ἀληθείας,
283 2079 335 2107 κᾶν
361 2080 447 2113 οὕτως
466 2082 554 2109 εἰπεῖν
580 2083 683 2119 δυνηθῇ
708 2084 746 2116 ὡς
774 2085 857 2120 μηδὲν
872 2087 912 2118 είς

126 2125 159 2151 τὸ
174 2125 340 2161 ζητούμενον
365 2127 540 2163 παραλιπεῖν,
563 2127 610 2155 ἕνα.
637 2129 716 2164 λόγον
740 2130 834 2166 εἴρηκε
863 2131 911 2157 τοῦ

125 2170 205 2197 Θεοῦ.

161 2219 215 2243 κα¹.
241 2217 285 2243 Ἐν
304 2216 352 2252 μὲν
366 2217 405 2252 τῷ
420 2218 541 2254 Χριστῷ,
563 2218 623 2254 Θεῷ
639 2219 695 2246 ὅντι
711 2220 758 2247 καὶ
771 2221 850 2256 Λόγῳ
863 2222 910 2248 τοῦ

125 2262 243 2297 Ιιάτρὺς,
267 2261 328 2288 ὅλον
356 2263 415 2289 κατ’
443 2263 538 2290 οὐσίαν
554 2264 625 2290 οἰκεῖ
646 2265 677 2291 τὸ
700 2266 837 2302 πλήρωμα
861 2268 911 2302 τῆς

125 2308 252 2343 θεότητος
269 2308 450 2343 σωματικῶς’
474 2310 503 2335 ἐν
520 2311 586 2345 ἡμῖν
599 2311 627 2337 δὲ
643 2312 714 2338 κατὰ
736 2313 816 2346 χάριν
841 2313 911 2340 οἰκεῖ

124 2353 156 2379 ἰδ
171 2353 310 2388 πλήρωμα
327 2354 377 2389 τῆς
393 2355 529 2390 θεότητος,
553 2355 635 2390 ἡνίκα
651 2358 742 2384 πᾶσαν
757 2358 785 2384 ἐν
802 2359 909 2390 ἑαυτοῖς

125 2399 298 2434 ἀθροίσωμεν
310 2399 413 2435 ἀρετὴν
426 2401 471 2427 καὶ
485 2401 583 2435 σοφίαν
594 2422 601 2434 ,
621 2403 717 2438 μηδενὶ
729 2404 822 2440 τρόπῳ
839 2405 909 2432 κατά

126 2445 157 2472 τὸ
168 2445 281 2472 δυνατὸν
296 2445 433 2481 ἀνθρώπῳ
450 2446 614 2483 λειπομένην
630 2449 679 2482 τῆς
696 2449 764 2483 πρὸς
781 2449 812 2476 τὸ
826 2446 909 2486 ἄρχεο

127 2498 212 2516 τυπον
226 2490 343 2525 ἀληθοῦς
359 2491 548 2527 ὲκμιμήσεως.
578 2493 616 2519 Οὐ
641 2493 695 2529 γὰρ
712 2495 825 2526 ἀπεικὺς
840 2497 910 2523 κατὰ

127 2536 170 2562 τὸν
191 2535 265 2562 θέσει
280 2536 371 2570 λόγον,
388 2537 435 2563 καὶ
458 2538 487 2563 ὲν
501 2539 568 2573 ἡμῖν
584 2539 695 2573 οἰκῆσαι
717 2540 747 2566 τὸ
772 2541 910 2576 πλήρωμα

126 2581 173 2616 τῆς
185 2581 323 2616 θεότητος,
338 2582 368 2608 τὸ
381 2583 413 2609 ὲκ
426 2582 563 2618 διαφόρων
579 2586 744 2622 συνεστηκὸς
760 2595 910 2622 πνευματι-

127 2627 182 2654 κῶν
199 2627 398 2664 θεωρημάτων.

159 2757 213 2792 κβ.
228 2757 333 2794 Ὥσπερ
348 2760 362 2786 ὁ
381 2759 445 2795 παρ’
462 2761 527 2795 ἡμῖν
543 2759 630 2795 λόγος,
655 2762 686 2788 ἐκ
707 2762 754 2789 τοῦ
774 2763 820 2790 νοῦ
839 2764 910 2791 κατὰ

964 896 1047 923 ritum
1061 897 1192 924 transitus
1207 906 1213 924 :
1226 897 1266 925 sic
1281 906 1391 933 quoque
1405 907 1434 928 se
1452 905 1530 935 gerat
1541 905 1651 935 oportet
1662 903 1710 937 qui
1722 903 1750 930 in

963 943 1096 970 orationis
1117 943 1180 971 loco
1200 943 1368 971 constitutus
1390 949 1442 977 est,
1462 950 1582 974 mentem
1598 947 1704 975 scilicet
1715 948 1750 975 ab

964 988 1102 1021 humanis,
1120 989 1261 1024 animique
1282 997 1393 1017 sensum
1415 990 1449 1018 ad
1475 991 1612 1020 diviniora
1631 994 1748 1026 attollat,

964 1041 1018 1068 quo
1034 1042 1132 1069 nempe
1147 1035 1230 1062 etiam
1245 1035 1339 1063 Jesum
1359 1036 1458 1063 Filium
1479 1037 1538 1070 Dei,
1550 1038 1596 1073 qui
1609 1039 1692 1066 caelos
1704 1047 1751 1074 pc-

964 1079 1128 1113 netravit",
1142 1080 1220 1115 sequi
1237 1081 1344 1114 valeat;
1365 1081 1412 1116 qui
1427 1081 1558 1110 nimirum
1573 1083 1631 1118 ipse
1648 1084 1750 1119 ubique

963 1124 1110 1158 exsistens,
1133 1126 1225 1153 omnia
1240 1131 1353 1161 propter
1373 1135 1424 1155 nos
1438 1127 1590 1156 secundum
1604 1129 1750 1164 dispensa-

964 1169 1067 1198 tionem
1083 1171 1214 1205 (hominis
1230 1171 1313 1208 489
1322 1172 1428 1200 scilicet
1452 1174 1576 1205 ratione)
1601 1179 1746 1209 pertrans-

963 1220 1023 1248 eat;
1043 1220 1112 1244 utet
1125 1224 1175 1244 nos
1187 1217 1277 1252 ipsum
1288 1219 1440 1253 sequendo,
1464 1227 1526 1255 qua:
1540 1221 1574 1248 ab
1583 1229 1616 1249 eo
1628 1223 1749 1250 secunda

963 1265 1038 1293 sunt,
1069 1262 1161 1289 omnia
1186 1266 1370 1296 transeuntes,
1395 1264 1430 1291 ad
1455 1273 1518 1292 eum
1543 1265 1708 1301 evadamus;
1726 1267 1749 1295 si

964 1305 1046 1332 modo
1066 1314 1121 1334 non
1145 1315 1178 1334 ex
1193 1307 1293 1341 carnis,
1318 1316 1372 1343 qua
1397 1317 1427 1336 sc
1446 1309 1528 1337 nobis
1545 1310 1750 1346 dispensatione

964 1350 1074 1378 demisit
1093 1359 1125 1379 ac
1143 1352 1284 1380 inclinavit
1301 1354 1454 1388 parvitate,
1480 1355 1528 1383 sed
1548 1363 1582 1384 ex
1599 1358 1750 1390 majestatis

963 1397 1081 1423 naturali
1098 1397 1282 1426 immensitate
1295 1407 1358 1427 eum
1371 1400 1589 1430 intellexerimus
1599 1403 1632 1430 ⁷³.

1000 1442 1044 1470 19.
1063 1443 1187 1476 Prmstat,
1202 1452 1252 1479 pro
1263 1452 1295 1472 eo
1307 1453 1339 1472 ac
1357 1446 1438 1473 nobis
1454 1452 1621 1482 praaceptum
1634 1453 1686 1482 est,
1701 1457 1750 1477 va-

926 1511 947 1540 ϐ
964 1494 1027 1515 care
1044 1495 1153 1523 semper
1167 1489 1309 1524 Deumque
1320 1491 1481 1525 quazrere'".
1498 1492 1659 1528 Quanquam
1675 1495 1749 1523 enim

964 1532 1029 1560 dum
1044 1533 1153 1560 mortali
1173 1533 1224 1561 hac
1250 1535 1306 1562 vita
1325 1536 1489 1570 quaerimus,
1511 1537 1612 1566 divinae
1628 1540 1751 1568 altitudi-

964 1578 1008 1605 nis
1034 1577 1115 1606 tinem
1134 1579 1243 1614 assequi
1259 1588 1314 1607 non
1337 1588 1497 1615 possumus;
1519 1582 1632 1611 forsitan
1658 1589 1749 1613 tamen

963 1623 1103 1651 modicum
1130 1625 1226 1652 saltem
1250 1626 1439 1661 tantisperque
1465 1635 1525 1655 eam
1548 1634 1748 1664 assequentes,

963 1669 1067 1697 sanctis
1077 1670 1226 1704 sanctiora,
1239 1675 1267 1698 et
1279 1672 1449 1706 spiritalibus
1461 1673 1628 1708 spiritaliora
1637 1680 1749 1704 contue-

964 1714 1065 1742 bimur.
1085 1715 1169 1751 ldque
1191 1724 1241 1751 per
1256 1716 1370 1752 ﬁguram
1386 1718 1510 1747 declarat
1521 1728 1645 1749 summus
1656 1729 1748 1750 sacer-

963 1760 1024 1793 dos,
1038 1768 1100 1788 cum
1116 1769 1132 1788 a
1156 1762 1269 1793 sanctis,
1287 1770 1348 1797 qua:
1369 1768 1434 1791 sunt
1454 1765 1526 1792 atrio
1549 1767 1697 1800 sanctiora,
1713 1769 1747 1796 ad

964 1806 1063 1834 Sancta
1079 1811 1250 1840 sanctorum,
1274 1816 1336 1843 quae
1355 1813 1421 1836 sunt
1435 1810 1538 1838 sanctis
1553 1813 1690 1840 sanctiora
1706 1813 1749 1841 in-

963 1851 1096 1887 greditur.

997 1896 1041 1924 20.
1060 1897 1155 1926 Omnis
1172 1899 1220 1926 Dei
1244 1907 1346 1934 sermo,
1370 1908 1422 1928 nec
1440 1902 1614 1937 multiloquio
1628 1909 1747 1938 constat,

963 1949 1014 1970 nec
1030 1943 1234 1979 multiloquium
1255 1953 1304 1973 seu
1321 1946 1468 1981 garrulitas
1482 1951 1541 1981 est;
1557 1949 1605 1976 sed
1621 1957 1692 1978 unus
1714 1959 1747 1979 ex

962 1987 1079 2015 diversis
1089 1989 1267 2018 theorematis
1277 1998 1309 2018 ac
1321 1991 1591 2021 considerationibus
1604 1999 1746 2029 constans;

962 2043 1078 2070 quorum
1100 2036 1251 2071 quodlibet,
1278 2044 1342 2071 pars
1366 2038 1502 2066 sermonis
1516 2044 1567 2066 est.
1588 2039 1639 2073 Qui
1656 2041 1748 2077 itaque

962 2089 1044 2109 causa
1054 2081 1177 2109 veritatis
1189 2085 1259 2114 orat,
1269 2083 1312 2110 vel
1328 2082 1349 2110 si
1362 2083 1399 2110 ita
1409 2091 1537 2119 perorare
1548 2092 1611 2112 eum
1627 2087 1749 2123 contige-

963 2128 1009 2159 rit,
1027 2132 1058 2155 ut
1077 2128 1146 2155 nihil
1163 2128 1236 2162 quod
1254 2132 1360 2163 spectet
1373 2129 1406 2156 ad
1418 2130 1598 2164 quaestionem
1618 2131 1658 2158 illi
1674 2132 1747 2160 desi-

927 2179 948 2206 D
963 2173 1086 2204 deretur.
1103 2181 1188 2200 unum
1205 2174 1253 2200 Dei
1271 2181 1426 2202 sermonem
1441 2174 1521 2202 dixit.

997 2218 1042 2245 21.
1072 2218 1144 2245 Sane
1162 2219 1190 2245 in
1211 2218 1339 2251 Christo,
1367 2219 1414 2254 qui
1440 2219 1513 2246 Deus
1539 2220 1575 2247 sit
1599 2228 1631 2248 ac
1658 2222 1746 2249 Patris

964 2263 1070 2296 Sermo,
1088 2267 1143 2290 tota
1155 2264 1306 2291 secundum
1322 2265 1469 2292 essentiam
1486 2265 1591 2295 habitat
1604 2267 1747 2301 plenitudo

963 2308 1117 2336 divinitatis
1136 2309 1318 2343 corporaliter
1330 2309 1372 2335 τις
1389 2309 1418 2336 in
1442 2309 1522 2338 nobis
1542 2319 1608 2339 vere
1624 2319 1673 2346 per
1687 2321 1748 2347 gra-

964 2353 1028 2380 tiam
1044 2353 1151 2381 habitat
1175 2354 1318 2388 plenitudo
1333 2354 1502 2386 divinitatis;
1519 2359 1585 2383 tunc
1605 2357 1746 2391 nimirum,

962 2407 1024 2427 cum
1035 2399 1063 2426 in
1076 2400 1156 2427 nobis
1167 2407 1277 2426 omnem
1299 2399 1410 2426 cumulo
1431 2399 1561 2428 virtutem
1572 2402 1748 2436 sapientiam-

958 2453 1011 2479 que
1025 2445 1255 2475 acervaverimus,
1273 2452 1326 2479 qua
1345 2445 1414 2471 nihil
1429 2445 1511 2478 desit,
1527 2447 1618 2481 quoad
1641 2448 1745 2476 homini
1781 2455 1785 2471 ἱ

958 2499 1118 2518 concessum
1132 2495 1184 2523 est,
1196 2499 1251 2525 quo
1266 2499 1357 2518 veram
1373 2491 1527 2526 principem
1546 2491 1660 2520 formam
1683 2494 1746 2521 imi-

960 2541 1059 2564 temur.
1083 2537 1140 2564 Ncc
1163 2536 1236 2563 enim
1262 2536 1408 2571 quidquam
1442 2537 1572 2564 abhorret
1600 2539 1746 2573 quominus

959 2581 1079 2616 gratuito
1091 2581 1139 2609 Dei
1166 2589 1279 2609 munere
1303 2582 1419 2617 ejusque
1434 2583 1592 2616 voluntate,
1618 2585 1645 2611 in
1666 2586 1747 2613 nobis

962 2635 1070 2662 quoque
1087 2627 1222 2655 inhabitet
1246 2627 1387 2662 plenitudo
1409 2628 1571 2662 divinitatis,
1584 2638 1644 2664 qua:
1658 2638 1692 2658 ex
1706 2632 1747 2658 di-

962 2673 1049 2700 versis
1072 2673 1250 2701 theorematis
1280 2673 1422 2709 sensisque
1452 2674 1623 2710 spiritalibus
1647 2677 1745 2705 coalita

963 2723 1013 2746 est.

998 2764 1042 2791 22.
1060 2764 1293 2797 Quemadmodum
1309 2768 1402 2798 noster
1424 2765 1566 2798 hominum
1581 2773 1682 2797 sermo.
1697 2774 1746 2802 per

159 2818 181 2834 ⁸³
195 2818 266 2858 οξτο.
277 2827 385 2858 xxxviii,
396 2821 453 2858 _;l3_.
471 2855 478 2858 η
490 2820 513 2836 ’⁸
530 2820 726 2858 Ρεειιειηῃιι,
745 2824 770 2851 8.
810 2823 831 2839 ⁷¹
845 2823 866 2851 ll
880 2823 912 2852 Cc

969 2832 997 2857 ιι,
1018 2824 1058 2853 i8.
1099 2824 1121 2840 ⁷²
1134 2824 1217 2853 Hebr.
1234 2833 1269 2858 Iv,
1282 2825 1325 2852 14.
1364 2825 1387 2842 ⁷³
1403 2824 1424 2851 11
1436 2823 1498 2852 Cor.
1515 2833 1541 2857 v,
1559 2825 1600 2853 l6.
1621 2823 1645 2841 ⁷⁸
1673 2825 1745 2854 Psal.

127 2860 184 2886 xlv,
199 2854 228 2881 ll
241 2862 247 2887 ;
261 2861 313 2887 ειν,
330 2855 356 2881 4.
395 2855 417 2871 ⁷⁸
431 2855 535 2883 Coloss.
549 2864 578 2889 ιι,
594 2856 621 2883 9.
