1951 3076
84 173 148 205 Πότ

493 172 661 203 CAPITUM
679 172 816 203 TIIEOL.
835 170 883 201 ET
903 168 1022 202 CECON.
1042 173 1236 204 CENTURIA
1257 174 1297 204 II.

1638 171 1707 204 1138

82 229 113 261 ἠν
128 225 143 251 ό
159 225 278 260 ἀψευδὴς
292 224 358 256 Θεὸς
370 225 490 252 δείκνυσι
504 226 551 252 καὶ
563 226 762 260 ἐπαγγέλλεται
773 224 868 252 δώσειν
883 230 891 253 Α

937 228 992 252 heus
1006 227 1137 260 ostendit,
1152 235 1183 254 ac
1198 235 1227 255 se
1240 227 1369 255 daturum
1379 226 1458 262 quasi
1470 225 1581 254 virtutis
1594 227 1708 263 prmmio

82 270 175 306 ὥσπερ
190 271 307 298 ἔπαθλον
320 272 431 306 ἀρετῆς,
450 273 505 304 τοῖς
521 273 663 307 ἀγαπῶσιν
675 273 768 300 αὐτόν.

117 317 170 348 κζ’.
195 317 225 343 Et
243 317 402 353 ἐσταυριῦοη
417 318 450 344 δι’
466 319 541 353 ἡμᾶς
565 318 594 351 ἐξ
620 318 762 349 ἀσθενείας
783 317 797 344 ὁ
822 316 871 344 τοῦ

85 363 151 389 Θεοῦ
169 363 268 397 Λόγος,
289 364 335 390 καὶ
357 364 462 399 ἠγέρθη
478 364 511 390 ὲκ
526 364 666 399 δυνάμεως
688 364 768 398 Θεοῦ,
793 363 872 399 δῆλον

86 409 125 434 ὅτι
148 408 346 442 πνευματικῶς
370 409 404 435 δι’
430 409 504 444 ἡμᾶς
520 409 564 435 ἀεὶ
582 408 663 435 τοῦτο
677 408 724 435 καὶ
741 409 814 435 ποιεῖ
826 408 873 435 καὶ

86 454 187 489 πάσχει
199 461 207 468 ο
231 454 269 486 ὡς
290 455 359 482 πᾶσι
382 454 471 482 πάντα
487 455 640 489 γινόμενος,
661 455 705 481 ῐνα
722 453 796 490 σώσῃ
811 453 873 485 τοὺς

84 500 202 532 πάντας.
231 500 337 528 Οὐκοῦν
364 501 455 532 καλῶς
469 501 483 527 ό
502 500 572 532 θεῖος
590 499 749 532 Ἀπόστολος
773 501 802 526 ὲν
817 500 874 530 τοῖς

85 546 243 582 Κορινθίοις
260 546 429 579 ἀσθενοῦσιν,
447 546 523 574 οὐδὲν
539 547 645 581 ἔκρινεν
662 546 773 579 εἰδέναι,
789 547 814 572 εί
836 545 874 581 μὴ

91 591 197 627 Ἰησοῦν
217 591 345 626 Χριστὸν,
365 591 413 618 καὶ
437 590 532 617 τοῦτον
563 589 780 626 ἐσταυρωμένον.
795 590 874 623 Ἐφε-

87 639 155 670 σίοις
172 638 201 665 δὲ
226 638 337 673 γράφει,
353 637 465 669 τελείοις
478 635 549 670 οὖσι,
569 636 617 669 τὸ,
645 635 809 670 Συνήγειρε
825 634 874 661 καὶ

85 684 290 712 συνεκάθισεν
315 683 395 718 ἡμᾶς
411 685 427 711 ὁ
455 683 527 716 Θεὸς
551 683 586 710 ἐν
603 682 666 715 τοῖς
685 680 876 715 ἐποιψαγισις

85 732 120 757 ἐι·
134 730 253 765 Χριστῷ
274 730 372 762 Ἰησοῦ
383 738 390 745 ·
413 730 484 756 κατὰ
497 729 545 765 τὴν
559 728 747 762 ἀναλογοῦσαν
768 726 876 761 ἑκάστῳ

86 778 214 811 δύναμιν,
243 777 289 804 τὸν
311 776 358 802 τοῦ
384 775 453 802 Θεοῦ
483 776 569 809 Λόγον
599 773 723 809 γίνεσθαι
752 773 876 808 φάσκων.

87 823 259 859 Σταυροῦται
271 823 360 862 τοίνυν
375 824 432 854 τοῖς
447 822 487 849 ἔτι
508 822 575 856 πρὸς
593 820 735 848 εὐσέϐειαν
758 826 877 854 πρακτι-

87 872 144 903 κῶς
156 871 354 905 εἰσαγομένοις,
366 870 415 901 τὰς
426 869 560 904 ἐμπαθεῖς
572 867 661 894 αὐτῶν
672 866 710 902 τῷ
724 866 788 900 θείῳ
802 864 877 899 φόϐῳ

87 917 236 952 προσηλῶν
259 917 409 952 ἐνεργείας.
427 916 581 942 ’Λνίσταται
601 914 629 941 δὲ
647 914 694 941 καὶ
711 913 814 940 ἄνεισιν
838 913 878 943 εἰς

88 960 234 995 οὐρανοὺς,
252 961 307 992 τοῖς
322 959 382 986 ὅλον
398 959 444 986 τὸν
457 959 571 986 παλαιὸν
586 957 820 992 ἁπεκδυσαμένοις
832 956 878 983 ἅν-

88 1006 211 1042 θρωπον,
227 1005 272 1033 τὸν
291 1006 469 1041 φθειρόμενον
485 1005 556 1032 κατὰ
582 1004 632 1036 τὰς
657 1003 806 1039 ἐπιθυμίας
828 1003 880 1037 τῆς

89 1052 202 1086 ἀπάτης
212 1060 219 1066 ·
236 1052 282 1078 καὶ
294 1051 354 1078 ὅλον
369 1051 414 1078 τὸν
426 1051 485 1077 νέον
499 1050 700 1085 ἐνδυσαμένοις,
714 1049 760 1076 τὸν
775 1048 819 1076 διὰ
831 1048 879 1076 τοῦ

88 1098 249 1132 πνεύματος
265 1099 325 1125 κατ’
344 1097 437 1124 εἰκόνα
456 1097 525 1124 Θεοῦ
547 1097 720 1131 κτιζόμενον,
740 1095 789 1122 καὶ
810 1094 880 1130 πρὸς

88 1143 138 1169 τὸν
164 1142 275 1179 Πατέρα
307 1143 355 1177 τῆς
384 1143 414 1168 ἐν
439 1143 533 1174 αὐτοῖς
567 1142 678 1177 χάριτος
706 1140 879 1176 γενομένοις·

94 1188 251 1223 ’Υπεράνω
266 1188 370 1222 πάσης
388 1188 493 1223 Ἆρκῆς
510 1188 559 1215 καὶ
583 1186 743 1220 Ἐξουσίεις
758 1185 806 1213 καὶ
828 1186 881 1212 Δυ-

89 1233 210 1268 νάμεως
235 1233 285 1260 καὶ
311 1234 501 1267 Κυριότητος,
523 1233 570 1260 καὶ
591 1231 709 1264 παντὸς
736 1231 882 1265 ὀνόματος

90 1279 321 1314 ὀνομαζομένου,
338 1279 399 1306 εἴτε
426 1279 461 1306 ἐν
481 1279 521 1312 τῷ
538 1278 622 1306 αἰῶνι
635 1278 740 1311 τούτῳ,
761 1277 822 1305 εἴτε
847 1276 882 1303 ἐν

90 1323 133 1357 τῷ
143 1324 299 1359 μέλλοντι.
317 1326 410 1352 Πάντα
424 1326 479 1361 γὰρ
502 1325 537 1352 τὰ
561 1325 631 1360 μετὰ
642 1324 719 1356 Θεὸν,
745 1324 791 1350 καὶ
811 1322 883 1359 πρά-

91 1378 188 1403 γματα
213 1370 261 1396 καὶ
282 1370 401 1405 ὀνόματα
427 1371 474 1397 καὶ
497 1369 653 1405 ἀξιώματα,
669 1369 722 1396 ὐπδ
736 1368 781 1396 τὸν
800 1368 830 1395 ὲν
844 1368 884 1404 τῷ

92 1415 154 1452 Θεῷ
167 1416 212 1443 διὰ
225 1417 275 1451 τῆς
287 1416 400 1451 χάριτος
415 1416 598 1452 γενησόμενον
611 1415 698 1443 ἔσται.

131 1508 186 1540 κη’.
207 1505 315 1541 ’Ὥσπερ
330 1504 384 1541 πρὸ
399 1506 450 1540 τῆς
467 1504 607 1540 ἐμφανοῦς
631 1504 778 1532 καὶκκατὰ
795 1505 886 1541 σάρκα

921 271 1077 306 pollicetur,
1091 272 1134 301 his
1146 273 1194 308 qui
1207 273 1296 308 ipsum
1312 273 1439 308 diligunt.

957 317 1000 344 27.
1031 318 1174 353 Siquidem
1195 319 1244 346 Dei
1269 318 1366 346 Sermo
1383 326 1427 347 ex.
1442 318 1602 346 inﬁrmitate
1621 319 1710 347 nostri

923 373 1005 393 causa
1015 365 1165 394 cruciﬁxus
1178 369 1230 398 est,
1246 369 1274 393 et
1289 365 1439 393 resurrexit
1452 365 1480 395 in
1494 365 1598 392 virtute
1610 365 1659 393 Dei
1668 365 1709 398 είς

923 412 1003 447 plane
1019 411 1107 446 liquet
1118 411 1145 438 id
1159 419 1223 438 eum
1239 418 1347 445 semper
1359 415 1472 446 propter
1485 417 1536 438 nos
1549 410 1711 445 spiritaliter

923 465 1016 493 agere,
1033 461 1146 492 tumque
1161 457 1200 484 illi
1211 457 1351 489 accidere;
1365 460 1394 484 ut
1405 457 1452 492 qui
1472 456 1601 484 omnibus
1619 457 1712 485 omnia

924 504 981 536 ﬁat,
1005 509 1036 531 ut
1047 511 1144 531 omnes
1167 503 1256 531 salvos
1274 503 1365 530 faciat.
1386 503 1471 530 Recte
1497 502 1581 537 igitur
1603 502 1713 530 divinus

924 550 1092 586 Apostolus,
1115 549 1188 585 apud
1215 549 1390 581 Corinthios,
1411 549 1459 583 qui
1482 548 1584 576 inﬁrmi
1608 552 1710 581 essent,

924 596 995 624 nihil
1021 603 1050 623 se
1068 594 1202 631 judicavit
1222 594 1294 622 scire
1319 594 1373 622 nisi
1396 594 1488 622 Jesum
1504 594 1655 627 Christum,
1682 600 1712 622 et

926 642 1000 669 hunc
1026 641 1188 669 cruciﬁxum
1197 641 1231 668 ⁸³.
1246 640 1501 675 Εριιεείἱειοιιιοιη,
1523 640 1570 675 qui
1595 639 1711 675 perfecti

926 688 1005 725 49],
1018 692 1120 720 essent,
1136 687 1163 714 in
1180 687 1239 714 haec
1253 686 1335 714 verba
1359 686 1457 714 scribit
1471 695 1477 712 :
1496 685 1715 713 Conrcsuscitavit

927 743 974 762 nos
986 755 993 767 ,
1027 739 1052 761 et
1071 734 1212 761 consedere
1229 741 1276 761 nos
1302 733 1362 768 fecit
1382 733 1452 761 Deus
1479 733 1507 760 in
1522 733 1668 760 caelestibus
1687 733 1716 759 in

927 780 1030 809 Christo
1060 780 1170 813 Iesu“;
1189 787 1240 815 pro
1266 781 1400 815 cujusque
1427 779 1565 807 facultatis
1583 779 1714 811 modulo.

928 827 976 855 Dei
991 827 1152 854 Sermonem
1166 834 1200 854 ac
1212 826 1332 854 Verbum
1344 833 1373 853 se
1385 826 1486 853 habere
1501 825 1605 853 dicens.
1623 826 1717 860 Itaque

929 873 1110 909 cruciﬁgitur,
1125 873 1170 905 iis,
1184 872 1231 908 qui
1247 872 1364 900 actionis
1376 872 1452 900 cultu
1467 872 1502 899 ad
1521 871 1649 907 pietatem
1667 879 1717 898 ru-

930 921 1051 948 dimenta
1073 923 1195 955 ponunt,
1211 927 1270 953 seu,
1286 919 1334 954 qui
1351 919 1396 946 illa
1417 918 1601 950 inducuntur,
1619 925 1716 944 eorum

929 967 1091 995 libidinosas
1106 966 1228 1001 vitioque
1253 969 1397 993 concretas
1417 964 1540 992 actiones
1561 963 1656 991 divino
1681 963 1717 990 ti-

930 1020 1006 1040 more
1020 1011 1169 1047 eonﬁgens.
1185 1010 1388 1046 Rcsurgitvero
1399 1013 1426 1037 et
1442 1009 1470 1036 in
1480 1009 1565 1036 cales
1581 1006 1715 1038 ascendit,

931 1058 984 1091 his,
999 1057 1047 1093 qui
1068 1061 1188 1084 veterem
1215 1060 1303 1086 totum
1332 1055 1471 1083 hominem
1493 1057 1641 1085 cxuentes,
1669 1053 1718 1087 qui

931 1102 1120 1137 corrumpitur
1139 1100 1290 1129 secundum
1319 1099 1456 1127 desideria
1484 1098 1604 1131 erroris,
1631 1102 1726 1125 totum

932 1155 1032 1175 novum
1049 1146 1211 1178 induerunt,
1226 1144 1274 1180 qui
1291 1152 1340 1179 per
1353 1143 1485 1179 Spiritum
1501 1145 1610 1170 creatur
1618 1149 1719 1168 secun-

932 1193 997 1220 dum
1009 1193 1057 1220 Dei
1070 1192 1217 1227 imaginem
1229 1190 1270 1223 ";
1294 1195 1322 1218 et
1333 1189 1367 1217 ad
1380 1189 1450 1225 ejus,
1468 1196 1529 1224 qua:
1551 1187 1579 1214 in
1595 1187 1650 1214 illis
1666 1190 1718 1217 est,

932 1239 1025 1275 gratia:
1049 1238 1193 1266 Parentem
1206 1239 1354 1264 evaserunt
1370 1244 1376 1262 ι
1391 1235 1475 1270 Super
1490 1241 1593 1261 omnem
1613 1232 1720 1260 Princi-

933 1287 1025 1319 patum
1041 1286 1065 1309 et
1080 1282 1240 1309 Potestalem
1256 1280 1435 1315 Virtutemque
1455 1283 1479 1305 et
1495 1277 1719 1308 Dominationem,

934 1332 958 1355 et
974 1335 1050 1355 omne
1062 1335 1156 1354 nomen
1175 1326 1245 1361 quod
1263 1326 1417 1352 nominatur
1428 1324 1481 1351 sive
1496 1324 1524 1350 in
1547 1323 1594 1349 hoc
1613 1321 1720 1354 uacula,

932 1374 987 1401 sive
1003 1374 1031 1400 in
1043 1373 1132 1408 futuro
1141 1372 1174 1398 ⁸⁸.
1196 1370 1293 1399 Omnia
1308 1370 1383 1397 enim
1407 1377 1469 1404 qua:
1493 1377 1507 1396 a
1530 1369 1585 1395 Deo
1602 1366 1725 1394 secunda

934 1423 1009 1452 sunt,
1028 1427 1072 1447 res
1088 1419 1192 1454 pariter
1206 1422 1234 1445 et
1250 1417 1339 1452 capita
1356 1420 1385 1443 et
1399 1414 1558 1450 dignitates,
1575 1413 1625 1445 illi,
1636 1411 1721 1447 quiin

935 1467 991 1494 Deo
1009 1473 1058 1501 per
1073 1465 1187 1500 gratiam
1202 1463 1265 1496 erit,
1282 1461 1475 1497 subjicientur.

969 1511 1014 1538 28.
1034 1509 1272 1544 Quemadmodum
1291 1512 1354 1535 ante
1377 1506 1557 1540 conspicuum
1582 1512 1614 1532 ac
1640 1510 1725 1530 carne

94 1552 251 1587 παρουσίας
272 1551 320 1587 (9),
336 1551 442 1586 νοητῶς
466 1552 480 1578 ό
502 1551 549 1578 τοῦ
563 1550 638 1585 ίθεοῦ
658 1552 745 1586 Λόγος
755 1552 813 1583 τοίς
829 1560 884 1578 πα-

938 1557 1093 1585 exhibitum
1115 1555 1265 1583 adventum
1279 1574 1286 1586 ,
1308 1553 1357 1580 Dei
1376 1552 1474 1580 Sermo
1492 1550 1656 1586 spiritaliter
1675 1556 1725 1583 pa--

92 1598 243 1634 τριάρχαις
260 1598 308 1625 καὶ
332 1599 487 1634 προφήταις
513 1598 650 1633 ὲνεδήμει,
681 1598 830 1633 προτυπῶν
852 1597 885 1624 τὰ

96 1645 241 1680 μυστήρια
255 1644 305 1678 τῆς
330 1643 414 1670 αὑτοῦ
438 1644 611 1679 παρουσίας·
643 1643 715 1670 οὕτω
742 1643 790 1670 καὶ
818 1643 887 1678 μετὰ

95 1689 202 1725 ταὼην
223 1689 274 1724 τὴν
291 1689 433 1725 ἐνδημίαν,
449 1689 480 1716 οὐ
501 1689 582 1724 μόνον
599 1689 629 1716 ἐν
647 1690 703 1720 τοῖς
725 1688 765 1715 ἔτι
780 1688 886 1723 νηπίοις

96 1736 296 1771 παραγίνεται,
328 1735 482 1771 διατρέφων
512 1734 707 1770 πνευματικῶς
737 1735 785 1762 καὶ
814 1735 888 1768 ἄγων

97 1782 169 1817 πρὸς
187 1782 298 1817 ἠλικίαν
312 1782 361 1817 τῆς
374 1781 446 1809 κατὰ
461 1781 529 1808 Θεὸν
545 1781 718 1816 τελειότητος
730 1788 737 1796 ·
755 1779 825 1807 ἀλλὰ
839 1779 888 1807 καὶ

97 1830 128 1856 ιν
142 1831 198 1862 τοῖς
213 1830 340 1862 τελείοις,
359 1830 572 1866 προδιαγράφων
591 1829 686 1860 αὐτοῖς
699 1829 824 1865 κρυφίως
839 1829 889 1864 τῆς

99 1876 257 1911 μελλούσης
278 1876 363 1903 αὑτοῦ
389 1876 542 1910 παρουσίας
556 1875 594 1908 ὡς
617 1876 647 1903 ὲν
661 1876 745 1903 εικόνι
760 1875 824 1907 τοὺς
840 1883 890 1911 χα-

99 1922 256 1957 ρακτῆρας.

136 1968 188 1995 κο’.
198 1968 305 2004 ’Ὠσπερ
320 1968 345 1994 οἱ
361 1967 413 2000 τοῦ,
420 1967 505 2002 νόμου
517 1967 629 1995 καὶτῶν
644 1967 793 2004 προφητῶν
804 1968 888 2002 λόγοι,

98 2014 253 2050 πρόδρομοι
266 2014 448 2048 τυγχάνοντες
461 2014 511 2049 τῆς
536 2014 606 2041 κατὰ
622 2015 711 2050 σάρκα
728 2014 776 2041 τοῦ
803 2015 890 2049 Λόγου

98 2061 265 2097 παρουσίας,
282 2061 332 2093 τὰς
349 2061 441 2096 ψυχὰς
455 2061 495 2093 είς
518 2060 636 2096 Χριστὸν
664 2060 870 2095 ἐπαιδαγώγουν
882 2070 889 2076 ·

97 2108 173 2136 οὕτω
186 2107 237 2134 καὶ
249 2107 330 2138 αὐτὸς
342 2107 357 2133 ὁ
373 2107 568 2142 δεδοξασμένος
581 2106 628 2134 τοῦ
641 2106 708 2133 Θεοῦ
726 2107 813 2141 Λόγος
826 2115 892 2142 σαρ-

98 2153 213 2185 κωθεὶς,
239 2153 395 2189 πρόδρομος
408 2153 458 2188 τῆς
472 2154 663 2189 πνευματικῆς
678 2153 762 2180 αὑτοῦ
789 2162 892 2189 παρου-

101 2201 165 2231 σίας
182 2199 349 2234 γεγένηται·
382 2199 568 2233 παιδαγωγῶν
592 2199 642 2231 τὰς
655 2199 745 2234 ψυχὰς
765 2198 810 2226 διὰ
837 2198 892 2225 τῶν

99 2247 212 2274 οἰκείων
223 2246 322 2280 λόγων,
341 2245 409 2282 πρὸς
426 2245 559 2281 ὑποδοχὴν
580 2245 630 2280 τῆς
658 2245 796 2280 ἐμφανοῦς
810 2244 892 2271 αὑτοῦ

101 2292 199 2326 θεῖκῆς
216 2291 369 2327 παρουσίας
381 2300 388 2307 ·
405 2291 439 2327 ἢν
454 2291 497 2318 ἀεὶ
512 2291 562 2326 μὲν
576 2292 704 2323 ποιεῖται,
720 2290 894 2326 μεταῆάλ).ων

100 2338 159 2365 ἀπὸ
173 2338 223 2373 τῆς
247 2337 348 2372 σαρκὸς
374 2337 441 2373 πρὸς
467 2337 497 2364 τὺ
520 2336 631 2371 πνεῦμα
656 2336 702 2363 διὰ
717 2336 771 2364 τῶν
789 2336 894 2372 ἀρετῶν

100 2385 168 2415 τοὺς
193 2384 286 2416 ἀξίους
298 2391 306 2399 ⁸
330 2384 439 2419 ποιήσει
461 2383 491 2409 δὲ
515 2382 563 2410 καὶ
579 2383 625 2410 ἐπὶ
638 2383 711 2410 τέλει
724 2382 771 2410 τοῦ
784 2383 892 2416 αἰῶνος,

103 2429 237 2465 ἐμφανῶς
252 2427 457 2456 ἀποκαλύπτων
471 2428 506 2455 τὰ
522 2428 591 2460 τέως
604 2429 687 2455 πᾶσιν
702 2428 857 2464 ἀπόρρητα.

140 2518 175 2545 λ’,
188 2517 272 2544 Ὅσον
285 2516 341 2550 ἐγώ
356 2516 414 2551 ειμι
436 2515 535 2550 ἀτελὴς
558 2515 606 2542 καὶ
631 2515 828 2547 ἀνυπότακτος,
858 2515 895 2550 μὴ

104 2563 255 2590 ὑπακούων
275 2561 322 2588 τοῦ
346 2560 415 2588 Θεοῦ
440 2561 484 2588 διὰ
507 2561 559 2596 τῆς
585 2561 718 2596 ἐργασίας
747 2560 802 2588 τῶν
819 2561 896 2588 ἐντο-

103 2609 163 2637 λῶν
175 2609 223 2644 (11)·
253 2609 323 2646 μήτε
345 2609 486 2643 γινόμενος
502 2607 572 2634 κατὰ
599 2607 648 2643 τὴν
670 2601 771 2641 γνῶσιν
794 2607 897 2639 τέλειος

104 2657 169 2688 ταῖς
182 2655 298 2692 φρεσίν·
326 2655 425 2690 ἀτελὴς
449 2654 497 2681 καὶ
522 2653 711 2684 ἀνυπότακτος
726 2653 756 2679 τὸ
771 2654 830 2679 κατ’
846 2653 896 2688 ἐμὲ

106 2703 158 2730 καὶ
171 2701 290 2738 Χριστὸς
302 2700 442 2736 νομίζεται
459 2699 493 2736 6_v.‘
509 2700 561 2735 ἐμέ
572 2708 579 2715 ³
599 2698 669 2735 μειῶ
682 2699 738 2736 γὰρ
753 2698 835 2726 αὑτὸν
849 2699 898 2725 καὶ

938 1604 1068 1631 triarchis
1094 1606 1122 1630 et
1146 1600 1289 1637 prophetis
1312 1598 1498 1629 adveniebat,
1520 1597 1656 1624 adventus
1682 1594 1726 1622 sui

936 1648 1070 1684 mysteria
1084 1646 1263 1682 prmﬁgurans
1277 1653 1284 1672 :
1297 1644 1338 1671 sic
1355 1651 1468 1678 quoque
1485 1649 1519 1670 eo
1533 1642 1590 1677 jam
1606 1640 1726 1668 adventu

937 1694 1090 1729 completo,
1108 1700 1164 1720 non
1176 1691 1258 1719 modo
1271 1690 1325 1718 illis
1344 1689 1474 1722 advenit,
1491 1688 1537 1722 qui
1551 1687 1644 1714 adhuc
1663 1694 1727 1720 par-

937 1739 995 1767 vuli
1009 1742 1074 1766 sunt
1086 1758 1093 1769 .
1107 1745 1177 1773 quos
1190 1736 1353 1773 spiritaliter
1364 1735 1420 1762 alat
1432 1754 1441 1767 ,
1458 1737 1487 1761 et
1503 1733 1536 1760 ad
1552 1733 1613 1768 ejus
1634 1731 1726 1767 perfe-

938 1784 1039 1813 ctionis
1058 1787 1178 1815 aetatem,
1193 1789 1254 1817 qua:
1272 1785 1315 1809 est
1336 1779 1489 1808 secundum
1508 1778 1606 1810 Deum,
1626 1777 1727 1808 ducat;

938 1838 1036 1860 verum
1053 1832 1137 1858 etiam
1151 1828 1295 1864 perfectis,
1312 1826 1421 1855 occulte
1433 1826 1475 1853 eis
1488 1823 1577 1852 futuri
1591 1823 1728 1851 adventus

939 1877 982 1905 sui
996 1877 1171 1904 characteres
1181 1874 1259 1902 velut
1269 1873 1298 1901 in
1311 1872 1429 1908 imagine
1440 1871 1598 1907 designans.

974 1965 1020 1993 ἓξ).
1040 1962 1281 1997 Quemadmodum
1302 1961 1372 1998 legis
1394 1968 1428 1989 ac
1447 1960 1646 1996 prophetarum
1669 1966 1730 1986 ser-

942 2018 1048 2042 mones,
1060 2009 1109 2044 qui
1120 2008 1263 2036 Sermonis
1277 2007 1306 2034 in
1324 2013 1408 2034 carne
1421 2006 1481 2041 (seu
1498 2004 1594 2039 Verbi)
1610 2011 1731 2039 prtecur-

942 2061 1019 2081 seres
1028 2056 1132 2085 essent,
1148 2059 1198 2087 pro
1209 2050 1349 2086 paedagogi
1361 2049 1440 2085 quasi
1452 2057 1567 2077 munere
1580 2048 1686 2076 animas
1695 2047 1730 2074 ad

942 2100 1082 2128 Christum
1104 2098 1291 2127 erudiebant:
1315 2097 1356 2125 sic
1377 2101 1405 2124 et
1420 2096 1479 2131 ipse
1502 2094 1668 2123 clariﬁcatus
1681 2093 1730 2121 Dei

944 2145 1042 2173 Sermo
1062 2145 1241 2175 incarnatus,
1254 2142 1388 2177 spiritalis
1400 2141 1537 2168 adventus
1551 2139 1593 2167 sui
1609 2146 1731 2174 praecur-

944 2199 991 2220 sor
1003 2191 1119 2219 cﬂ‘cctus
1128 2194 1181 2223 est,
1193 2197 1243 2225 per
1251 2196 1395 2217 sermones
1403 2195 1469 2215 suos
1476 2190 1559 2221 atque
1567 2185 1731 2215 doctrinam.

909 2238 931 2267 D
946 2239 1004 2274 ipse
1027 2245 1139 2273 quoque
1163 2236 1197 2264 ad
1223 2235 1405 2270 conspicuum
1429 2233 1555 2261 divinum
1583 2232 1734 2260 adventant

945 2292 1026 2313 suum
1051 2282 1270 2318 suscipiendum,
1291 2281 1400 2307 animos
1425 2279 1566 2306 erudiens.
1596 2278 1676 2305 llunc
1689 2276 1735 2304 ille

945 2329 1094 2357 adventum
1121 2335 1231 2362 semper
1252 2325 1330 2358 facit,
1346 2324 1480 2352 virtutum
1510 2323 1586 2350 cultu
1612 2330 1660 2350 eos
1687 2320 1733 2356 qui

945 2375 1021 2411 digni
1037 2375 1095 2402 sint
1118 2381 1134 2401 a
1155 2380 1239 2400 carne
1261 2371 1296 2398 ad
1319 2370 1449 2405 spiritum
1475 2371 1652 2399 convertens,
1677 2370 1734 2393 tum

944 2429 1011 2450 vero
1035 2421 1120 2448 etiam
1148 2419 1177 2446 in
1198 2418 1254 2445 ﬁne
1276 2416 1370 2445 saeculi
1384 2416 1513 2443 facturus
1534 2418 1594 2446 est,
1620 2421 1652 2440 ea
1675 2420 1736 2447 quae

948 2467 1056 2498 cunctis
1068 2466 1204 2494 hactenus
1212 2471 1312 2491 arcana
1323 2466 1398 2495 sunt,
1411 2462 1500 2497 palam
1515 2460 1630 2487 faciens.

985 2514 1029 2542 50.
1049 2512 1178 2546 Quandiu
1194 2518 1246 2546 ego
1264 2509 1445 2544 imperfectus
1464 2514 1526 2534 sum
1542 2510 1570 2533 et
1589 2512 1645 2531 uon
1668 2503 1736 2531 sub-

947 2562 1048 2598 jectus,
1070 2558 1119 2594 qui
1141 2556 1267 2584 mandata
1289 2553 1428 2589 implendo
1440 2573 1448 2586 ,
1464 2552 1522 2579 Deo
1538 2558 1593 2578 non
1609 2557 1735 2585 paream;

949 2595 1014 2637 nec,
1043 2603 1116 2639 quod
1142 2602 1242 2630 attinet
1262 2600 1296 2628 ad
1318 2599 1475 2630 scientiam,
1502 2597 1586 2624 animi
1609 2595 1738 2624 sensibus

951 2651 1093 2687 perfectus
1111 2648 1191 2681 ﬁam;
1213 2647 1296 2675 etiam
1313 2645 1442 2674 Christus
1455 2643 1508 2671 mei
1521 2650 1603 2671 causa
1614 2662 1621 2674 ,
1643 2644 1738 2677 quate-

952 2706 1006 2725 nus
1016 2697 1111 2728 homo,
1128 2693 1307 2730 imperfectus
1320 2695 1349 2720 et
1360 2691 1419 2727 ipse
1431 2690 1509 2718 audit
1519 2693 1548 2717 et
1574 2697 1630 2716 non
1645 2687 1738 2722 subje-

140 2782 165 2797 ⁸’
182 2782 204 2809 Il
223 2781 288 2810 Cor.
305 2789 361 2814 xui,
375 2781 403 2809 4.
438 2779 484 2807 ⁸⁸1
503 2779 569 2808 Cor.
584 2787 614 2812 ιι,
628 2780 655 2807 2,
700 2779 723 2795 ³⁸
735 2779 836 2815 Ephcs.
853 2787 881 2811 ιι,

973 2777 995 2794 ⁵⁸
1009 2777 1110 2813 Ephcs.
1126 2784 1162 2809 tv,
1186 2771 1402 2807 2234;601055.
1420 2778 1461 2804 tu,
1476 2769 1503 2803 9,
1525 2768 1567 2797 i0.
1602 2767 1626 2784 "
1640 2765 1738 2801 Ephcs.

112 2816 188 2847 πεί.

145 2885 182 2917 ιω
198 2884 260 2911 lkec
271 2883 394 2918 pluribus
409 2883 557 2920 Gregorius
570 2883 647 2918 Naz.,
661 2888 732 2912 orat.
746 2885 762 2912 -ί
773 2884 810 2911 De
822 2882 961 2917 theologia.
