1951 3076
118 140 187 174 illd

119 239 205 272 ἔστὶν,
223 239 240 274 ἡ
255 239 294 274 τῷ
309 239 417 276 θανάτῳ
427 241 627 268 ταπεινωθεῖσα
650 241 730 277 σάρξ.
753 242 808 269 Καὶ
821 242 835 269 ὁ
859 242 909 277 μὲν

118 285 196 320 ἥλιός
207 287 292 318 ἐστιν,
308 287 322 313 ὁ
335 287 460 320 φωτίζων
475 287 520 314 τὸν
533 287 595 314 νοῦν
610 288 707 321 Λόγος,
721 289 769 315 καὶ
782 288 909 324 χορηγῶν

120 332 197 367 αὐτῷ
212 332 401 368 Θεωρημάτων
415 333 530 369 δύναμιν
540 341 547 348 ·
568 334 616 361 καὶ
631 334 723 370 πάσης
740 335 852 369 ἀγνοίας
866 335 912 361 αὺ-

120 377 168 404 τὸν
182 378 365 409 ἀπαλλάσσων
375 386 382 393 ”
406 379 423 414 ἡ
449 379 477 405 δὲ
493 379 602 415 σελήνη,
620 380 634 406 6
649 380 720 407 κατὰ
736 380 816 414 φύσιν
830 380 912 416 νόμος

120 425 209 455 ἐστὶν,
225 425 239 451 ὁ
255 425 358 452 πείθων
373 425 423 461 τὴν
441 425 530 460 σάρκα
546 426 670 462 νομίμως
686 427 856 463 ὑποταγῆναι
873 427 912 461 τῷ

120 470 270 505 πνεύματι,
285 472 354 506 πρὸς
367 471 398 497 τὸ
409 471 537 504 δέξασθαι
557 472 611 499 τῶν
624 473 741 500 ἐντολῶν
753 473 801 500 τὸν
817 473 910 508 ζυγόν.

119 516 233 548 Φύσεως
247 516 277 543 δὲ
295 517 432 551 σύμϐολον
445 518 462 553 ἡ
478 518 588 553 σελήνη.
600 518 643 545 διὰ
658 518 688 545 τὺ
702 519 834 554 τρεπτόνι
853 519 911 546 ἀλλ’

120 563 151 589 ἐν
168 564 224 594 τοῖς
236 563 326 595 ἁγίοις
343 564 479 599 ἄτρεπτος
493 565 629 600 διαμένει,
641 565 686 592 διὰ
699 565 749 601 τὴν
763 565 915 593 ἀναλλοίω⁶

120 616 169 634 τον
185 608 242 641 ἕξιν
259 610 308 644 τῆς
319 609 432 644 ἀρετῆς.

156 655 204 682 λε’.
218 655 274 682 Οὐκ
296 655 348 688 ἔξω
368 655 423 682 τῶν
445 656 599 691 ζητούντων
623 657 676 692 χρὴ
702 656 841 693 ζητεῖσθαι
868 657 913 684 τὸν

121 701 225 735 Κύριον
241 709 247 714 ·
258 700 317 727 ἀλλ’
333 701 363 726 ὲν
376 701 493 733 ἑαυτοῖς,
508 701 551 728 διὰ
564 702 614 735 τῆς
631 702 660 728 ὲν
682 701 773 737 ἔργοις
793 700 912 733 πίστεως

121 744 204 771 αὕτδν
216 745 268 779 χρὴ
289 744 381 779 ζητεῖν
395 745 458 776 τοὺς
479 744 637 779 ζητοῦντας.
657 745 763 781 Ἐγ-γνὺς
777 744 832 780 γάρ
843 752 913 776 σου,

120 790 199 825 φησὶ,
213 789 336 824 τὸρῆμά
351 790 436 817 ἐστιν
449 789 485 818 ἐν
499 790 540 823 τῷ
553 790 680 825 στόματί
693 798 752 818 σου
765 791 812 818 καί
829 790 864 817 ἑν
877 790 915 825 τῇ

120 835 229 869 καρδίᾳ
239 843 307 862 σου·
322 835 459 862 τουτέστι
472 836 506 862 τὸ
514 835 595 870 ῥῆμα
602 835 655 870 τῆς
664 836 803 869 πίστεως·
816 836 853 868 ὡς
865 836 914 863 αὺ-

119 881 169 908 τοῦ
187 881 264 912 ῦντος
283 880 331 907 τοῦ
345 881 463 918 Χριστοῦ
483 881 530 908 καὶ
543 882 664 916 ῥήματος
675 881 722 908 τοῦ
735 881 912 916 ζητουμένου.

155 926 212 958 λς’,
229 926 305 961 Μήτε
326 926 357 952 τὸ
371 925 439 961 ὕψος
452 927 502 961 τῆς
515 926 608 961 θεῖκῆς
622 926 752 961 ἀπειρίας
769 927 914 962 ἐννοήσαν-

119 980 176 1004 τες,
195 971 393 1006 ἀπελπίσωμεν
407 971 457 1006 τὴν
473 971 520 998 τοῦ
544 971 612 998 Θεοῦ
636 971 853 1008 φιλανθρωπίαν,
877 971 915 1002 ὡς

118 1017 150 1043 οὐ
169 1017 323 1051 φθάνουσαν
335 1017 380 1044 διὰ
395 1017 426 1043 τὸ
440 1016 506 1052 ὕψος
520 1017 616 1053 μέχρις
630 1017 709 1052 ἡμῶν
723 1026 730 1033 ο
752 1018 820 1054 μήτε
835 1018 914 1045 ἀπει-

122 1071 168 1097 ρον
189 1062 271 1097 βάθος
287 1063 338 1094 τῆς
354 1063 433 1098 ἡμῶν
449 1062 492 1090 διὰ
506 1063 555 1099 τὴν
571 1063 711 1098 ἁμαρτίαν
727 1063 857 1095 πτώσεως
873 1063 916 1090 ὲν-

119 1108 299 1143 θυμηθὲντες,
309 1109 457 1136 ἀνάστασιν
466 1107 590 1142 γίνεσθαι
608 1108 659 1143 τῆς
674 1109 703 1135 ὲν
721 1110 788 1144 ἡμῖν
813 1117 916 1144 νεκρω-

120 1153 217 1188 θείσης
231 1153 333 1190 ἀρετῆς
351 1154 557 1190 ἀπιστήσαιμεν.
578 1154 734 1190 ’Δμφότερα
749 1154 802 1189 γὰρ
816 1154 916 1182 δυνατά

120 1198 160 1233 τῷ
176 1198 235 1234 Θεῷ
248 1206 255 1214 ·
273 1198 320 1225 καὶ
331 1198 360 1225 τὺ
369 1198 510 1225 κατελθεῖν
524 1199 571 1225 καὶ
581 1199 696 1233 φωτίσαι
709 1199 753 1226 τὸν
765 1199 827 1226 νοῦν
838 1199 916 1235 ἡμῶν

119 1244 164 1270 διὰ
172 1244 300 1278 γνώσεως
311 1252 318 1260 ·
337 1244 384 1271 καὶ
395 1244 425 1271 τὸ
442 1244 595 1280 ἀναστῆσαι
609 1245 691 1272 πάλιν
708 1246 757 1281 τὴν
773 1245 873 1281 ἀρετὴν
887 1246 916 1273 ὲν

120 1291 197 1326 ἡμῖν,
217 1290 265 1317 καὶ
290 1291 379 1326 ἑαυτῷ
401 1291 556 1325 συνυψῶοαι
575 1291 618 1318 διὰ
634 1291 689 1318 τῶν
703 1291 792 1326 ἔργων
807 1292 856 1327 τῆς
876 1291 916 1319 δι-

121 1336 280 1372 καιοσύνης.
290 1338 318 1364 Μ
323 1336 339 1371 ὴ
354 1336 409 1372 γὰρ
420 1337 519 1371 εῑπῃς,
527 1337 621 1372 φησὶν,
632 1337 668 1364 ἐν
680 1337 718 1372 τῇ
727 1337 835 1372 καρδίᾳ
845 1346 914 1365 σουο

124 1383 174 1416 Τίς
196 1382 382 1416 ἀναϐήσεται
404 1384 448 1416 εις
464 1383 518 1410 τὸν
529 1383 680 1417 οὐρανόν;
693 1383 830 1410 τουτέστι
847 1384 916 1418 Χρι-

119 1429 199 1456 στὸν
222 1427 402 1464 καταγαγεῖν
415 1438 423 1445 ·
444 1429 476 1463 ἢ,
493 1429 541 1463 Τίς
565 1430 766 1463 καταϐήσεται
788 1432 832 1463 εις
859 1430 917 1464 τὴν

120 1475 261 1502 ἄϐυσσον
269 1484 279 1508 ;
294 1475 431 1502 τουτέστι
442 1475 572 1510 Χριστὸν
578 1475 612 1502 ἐκ
620 1475 736 1510 νεκρῶν
743 1476 915 1511 ἀναγαγεῖν.

539 143 707 174 CAPITUM
725 143 861 174 THEOL.
881 144 929 174 ET
949 144 1067 175 (ECON.
1089 126 1284 174 CENTUIilA
1303 143 1344 174 Il.

153 194 202 221 λδ⁷.
218 192 250 220 Ἦ
264 192 365 220 Γασαώ
377 193 462 227 ἔστιν,
478 194 492 220 ὸ
506 195 608 230 ὑψηλὸς
625 196 686 228 νοῦς
697 204 703 210 ·
721 196 782 230 ἡνδὲ
798 196 908 232 φαραγξ

997 198 1041 225 54.
1062 199 1185 229 Gabaon,
1214 205 1292 224 mens
1317 196 1440 226 sublimis
1471 202 1513 225 est
1538 207 1544 225 :

1683 143 1752 175 .114).

1568 199 1650 227 vallis
1674 209 1752 234 vero,

962 245 1060 273 mortis
1086 252 1186 272 oceasu
1209 244 1237 271 in
1261 243 1366 271 humile
1393 243 1524 278 depressa
1540 252 1616 273 caro.
1641 246 1680 274 Ac
1693 248 1741 282 qui

962 290 1025 318 dem
1043 290 1095 322 sol,
1120 289 1242 318 Verbum
1268 293 1310 316 est
1335 293 1456 316 mentem
1481 289 1652 323 illuminans,
1684 293 1754 328 spiri

963 337 1114 372 taliumque
1129 343 1274 364 sensorum
1290 336 1346 363 vim
1370 335 1410 363 illi
1432 336 1655 370 subministrans,
1672 343 1756 374 atque

962 382 1043 417 5.93
1068 381 1103 409 ab
1119 381 1194 408 omni
1212 380 1367 416 ignorantia
1385 388 1446 408 eam
1464 381 1604 412 liberans;
1620 382 1685 409 luna
1704 391 1755 410 au-

963 430 1028 457 tem,
1047 425 1091 452 lex
1108 425 1260 452 naturalis.
1274 425 1351 452 carni
1369 425 1490 453 suadens
1505 429 1536 452 ut
1560 426 1684 461 legitime
1697 427 1757 462 spi-

963 471 1030 498 ritui
1056 471 1232 507 subjiciatur,
1249 471 1283 498 ad
1301 471 1477 498 subeundum
1499 472 1692 499 mandatorum
1707 473 1755 508 ju-

963 523 1037 551 gum.
1060 516 1137 543 Luna
1153 521 1261 543 natura:
1284 515 1439 552 symbolum
1455 521 1508 550 est,
1524 517 1598 552 quod
1614 518 1756 546 mutabilis

962 565 1005 588 est
1020 569 1027 587 ε
1046 561 1073 588 in
1097 560 1201 588 sanctis
1213 565 1316 593 tamen,
1334 561 1370 588 ob
1382 561 1494 589 virtutis
1516 562 1705 590 invariabilem
1723 569 1756 590 ac

963 610 1137 634 constantem
1158 606 1296 638 habitum,
1324 606 1505 635 immutabilis
1528 612 1683 642 permanet.

998 652 1043 679 '55.
1066 652 1126 680 Non
1147 656 1225 680 extra
1246 652 1321 687 ipsos
1346 657 1512 687 quaerentes,
1532 653 1698 688 querendus
1714 657 1757 682 est

963 697 1118 725 Dominus:
1137 697 1184 725 sed
1209 697 1238 724 in
1257 697 1356 732 seipsis
1383 705 1432 733 per
1452 698 1591 726 ellicacem
1609 698 1690 726 ﬁdem
1703 699 1757 734 ipsi

965 743 1160 779 quiquzerunt,
1180 751 1294 771 necesse
1304 748 1347 771 est
1359 747 1389 770 ut
1402 751 1464 771 eum
1481 747 1615 778 qmerant.
1627 743 1713 778 Prope
1732 748 1757 771 te

965 789 1049 820 enim,
1068 788 1168 823 inquit,
1182 793 1220 815 est
1240 789 1346 816 uerbum
1360 789 1387 816 in
1401 797 1447 816 ore
1462 793 1516 821 tuo,
1530 789 1593 815 etin
1608 789 1685 815 cordo
1696 792 1757 821 tuo;

965 836 1012 862 hoc
1026 840 1064 862 est
1079 835 1185 862 verbum
1199 834 1262 869 ﬁdei
1282 835 1304 851 "
1324 844 1331 862 :
1347 843 1379 863 ac
1401 835 1423 862 si
1440 834 1568 862 Christus
1583 835 1672 871 ipsum
1687 834 1756 862 Ver—

965 881 1032 908 bum
1050 881 1095 912 sit,
1113 880 1188 915 quod
1205 880 1350 915 quaeritur.

1000 927 1045 954 56.
1062 926 1102 954 Ne
1117 926 1217 954 divinae
1233 925 1377 953 inﬁnitatis
1392 925 1586 953 celsitudinem
1603 925 1694 953 anima
1713 932 1757 952 re-

965 976 1104 1007 putantes,
1123 972 1224 999 divina:
1239 971 1438 999 misericordia:
1462 979 1494 999 ac
1510 971 1674 1003 clementiae,
1693 975 1754 998 tan-

965 1025 1049 1053 quam
1074 1017 1109 1045 ad
1133 1025 1185 1045 nos
1212 1024 1301 1052 usque
1325 1017 1361 1044 ob
1389 1021 1492 1045 tantam
1508 1017 1580 1044 illam
1601 1016 1757 1044 sublimita-

965 1067 1020 1091 tem
1055 1070 1111 1090 non
1145 1063 1338 1098 pertingentis,
1365 1070 1442 1098 spem
1475 1062 1652 1098 abjiciamus;
1686 1069 1757 1089 neve

965 1108 1103 1136 inﬁnitam
1131 1113 1233 1136 nostra;
1258 1117 1291 1136 ex
1307 1113 1420 1144 peccato
1442 1108 1531 1135 ruinae
1543 1107 1758 1143 profunditatem

965 1155 1185 1186 considerantes,
1217 1155 1275 1183 fore
1301 1161 1332 1183 ut
1355 1156 1492 1183 exstincta
1519 1155 1547 1182 in
1571 1154 1652 1182 nobis
1670 1154 1759 1182 virtus

966 1200 1138 1227 conviviscat
1162 1199 1329 1227 diﬂidamus.
1351 1200 1504 1234 Utrumque
1526 1199 1600 1226 enim
1619 1199 1674 1225 Deo
1694 1205 1758 1233 pos-

966 1245 1047 1272 sibile
1070 1249 1127 1278 est;
1145 1251 1204 1272 tum
1218 1252 1318 1280 nempe
1339 1248 1370 1271 ut
1386 1244 1444 1279 ipse
1458 1244 1492 1272 ad
1508 1251 1558 1271 nos
1579 1243 1759 1270 inclinatione

966 1295 1071 1323 utatur,
1084 1295 1265 1326 nostramque
1284 1295 1402 1318 mentem
1417 1290 1534 1318 scientia
1547 1290 1683 1322 illustret;
1700 1293 1759 1316 tum

967 1340 998 1364 ut
1023 1337 1051 1364 in
1069 1336 1151 1364 nobis
1174 1336 1266 1364 denuo
1293 1335 1426 1364 virtutem
1451 1336 1617 1367 exsuscitet.
1643 1343 1677 1363 ac
1704 1343 1759 1363 una

967 1390 1062 1410 secum
1094 1391 1144 1418 per
1160 1383 1274 1418 iustitiae
1293 1390 1376 1417 opera
1399 1390 1451 1410 nos
1477 1382 1588 1409 exaltet.
1611 1382 1650 1409 Ne
1677 1382 1758 1414 enim,

967 1428 1070 1463 inquit,
1094 1429 1192 1456 dixeris
1206 1430 1234 1456 in
1255 1429 1333 1456 corde
1351 1434 1395 1456 tuo
1411 1437 1420 1456 :
1440 1428 1504 1461 Qui:
1517 1428 1642 1456 ascendet
1660 1429 1688 1455 in
1708 1436 1759 1455 ca:-

968 1476 1023 1504 lum
1035 1476 1048 1503 Ρ
1060 1477 1107 1504 hoc
1122 1482 1160 1504 est
1173 1477 1306 1504 Christum
1322 1477 1448 1504 deducere
1464 1485 1473 1503 :
1487 1481 1533 1504 aut
1549 1477 1607 1511 quis
1623 1475 1760 1503 descendet

121 1520 209 1555 Τυχὸν
221 1519 249 1546 δὲ
265 1520 324 1547 κατ’
341 1519 425 1556 ἀλλην
440 1520 563 1556 ἐκδοχὴν,
586 1521 704 1552 ἀδυσσός
727 1521 796 1554 ἔστι,
823 1521 914 1549 πάντα

970 1523 996 1550 in
1013 1523 1159 1558 abyssum?
1174 1524 1225 1550 hoc
1235 1527 1283 1556 est,
1295 1522 1429 1551 Christum
1442 1531 1458 1550 a
1470 1524 1579 1550 mortuis
1594 1529 1715 1550 revocare
1726 1521 1760 1548 ’⁸.

120 1567 155 1593 τὰ
168 1566 238 1600 μετὰ
249 1566 316 1593 Θεόν
330 1574 337 1582 ³
354 1567 384 1593 ὲν
401 1564 442 1597 οἷς
462 1566 522 1598 ὅλος
545 1567 616 1599 ὅλοις
644 1566 716 1594 κατὰ
747 1566 876 1602 πρόνοιαν
900 1569 914 1595 ὸ

120 1612 168 1638 τοῦ
182 1611 251 1638 Θεοῦ
266 1613 372 1646 γίνεται
387 1612 484 1646 Λόγος,
502 1612 540 1644 ὡς
554 1612 610 1648 ζωὴ
625 1613 733 1648 νεκροῖς
747 1613 914 1647 ὲπιφοιτῶσα

121 1659 178 1690 τοῖς
204 1657 274 1685 οὖσι.
306 1658 401 1693 Νεκρά
429 1658 484 1692 γὰρ
508 1659 598 1686 πάντα
623 1658 659 1685 τὰ
689 1659 779 1691 ζῶντα
807 1659 914 1694 μεθέξει

122 1705 207 1740 ζωῆς.
233 1704 353 1740 Οὐρανὸν
380 1705 420 1737 δὲ,
448 1705 497 1740 τὴν
515 1705 633 1741 φυσικὴν
647 1705 694 1732 τοῦ
713 1705 782 1732 Θεοῦ
803 1705 915 1741 κρυιριό-

122 1741 321 1784 τητα,καθ’ἢν
337 1749 420 1777 πᾶσίν
440 1750 514 1776 ἐστιν
533 1750 734 1785 ἀκατάληπτος.
761 1751 792 1777 El
820 1750 849 1777 δέ
873 1759 915 1782 τις

122 1795 235 1822 ὲκλάϐοι
250 1795 464 1830 πάλιν,οὖρανὺν
481 1796 529 1830 μὲν
545 1794 614 1822 εἶναι
633 1795 679 1822 τὸν
703 1796 754 1832 τῆς
777 1796 915 1831 θεολογίας

122 1841 203 1875 λόγον
218 1848 226 1856 ο
251 1841 369 1868 ἄῧυσσον
390 1841 429 1872 δὲ,
453 1841 482 1868 τὸ
505 1842 556 1876 τῆς
573 1841 728 1877 οίκονομίας
756 1843 904 1878 μυστήριον

123 1887 173 1914 οὐκ
191 1886 344 1918 ἀπεικότως
362 1888 420 1921 ὲρεῖ
433 1887 504 1914 κατά
515 1888 560 1914 τὸν
574 1888 639 1923 ὲμὺν
651 1888 739 1922 λόγον.
762 1889 917 1924 Ἀμφότεροι

123 1934 177 1968 γὰρ
204 1933 373 1960 δυσεπίϐατα
400 1934 457 1965 τοῖς
483 1933 680 1965 ἀποδεικτικῶς
698 1934 790 1968 ζητεῖν
814 1935 918 1969 ἐπιχει-

125 1979 223 2013 ροῦσι·
243 1978 344 2013 μᾶλλον
367 1978 395 2005 δὲ
420 1978 560 2010 παντελῶς
585 1978 684 2010 ἄϐατα,
711 1979 774 2014 δίχα
799 1979 917 2011 πίστεως

124 2023 307 2059 ἐρευνώμῖνα.

965 1568 1069 1596 Forsan
1094 1577 1161 1596 vero
1188 1569 1243 1596 alio
1257 1577 1352 1601 sensu,
1377 1569 1492 1605 abyssus
1510 1573 1563 1601 est,
1587 1576 1760 1604 quzecunque

965 1622 981 1642 a
1006 1614 1064 1642 Deo
1094 1615 1219 1642 secunda
1239 1618 1315 1647 sunt,
1345 1614 1373 1642 in
1398 1615 1501 1649 quibus
1531 1614 1578 1642 Dei
1604 1622 1695 1642 sermo
1717 1621 1761 1642 se—

965 1661 1088 1688 cundum
1105 1660 1308 1695 providentiam
1324 1665 1397 1688 totus
1413 1661 1478 1688 totis
1490 1661 1612 1691 immeat,
1630 1663 1761 1694 tanquam

966 1701 1074 1734 scilicet
1090 1707 1146 1734 vita
1165 1707 1284 1734 mortuis
1301 1707 1385 1733 rebus
1409 1705 1571 1733 adveniens.
1593 1705 1665 1732 Sunt
1685 1705 1760 1732 enim

967 1756 1076 1779 mortua
1099 1752 1202 1783 omnia,
1232 1759 1293 1786 qua:
1315 1759 1348 1779 ea
1372 1751 1483 1786 ratione
1503 1751 1608 1782 vivant,
1627 1749 1702 1785 quod
1721 1750 1763 1776 vi-

967 1800 1022 1823 tam
1048 1796 1224 1831 participem.
1251 1795 1359 1823 leum
1375 1803 1459 1830 porro
1480 1803 1542 1823 cum
1569 1795 1660 1826 audis,
1689 1795 1762 1830 quod

968 1841 997 1869 in
1026 1841 1074 1868 Dei
1102 1846 1199 1868 natura
1226 1841 1366 1869 occultum
1399 1841 1532 1876 intelligo,
1557 1848 1614 1876 quo
1640 1849 1675 1869 ex
1697 1839 1761 1868 uni-

967 1887 1056 1915 versis
1071 1887 1319 1922 incomprehensus
1336 1892 1389 1914 cst.
1410 1887 1458 1915 Sin
1476 1888 1538 1923 quis
1555 1891 1646 1915 autem
1666 1894 1763 1914 rursus

968 1933 1051 1961 etiam
1076 1932 1114 1960 ita
1135 1937 1266 1968 exponat,
1294 1937 1324 1960 ut
1351 1933 1463 1966 malum,
1483 1941 1544 1968 qum
1568 1933 1601 1960 de
1629 1933 1685 1960 Deo
1707 1935 1761 1964 est,

971 1978 1124 2006 doctrinam
1148 1978 1296 2014 intelligat;
1332 1979 1460 2014 abyssum
1486 1982 1590 2010 autem,
1616 1978 1761 2013 dispensa-

972 2025 1055 2053 tionis
1076 2024 1235 2060 mysterium
1253 2024 1340 2057 dicat;
1357 2024 1390 2055 is,
1407 2024 1480 2052 haud
1494 2023 1625 2054 absurde.
1645 2027 1676 2050 ut
1694 2023 1762 2051 mihi

123 2079 191 2100 sane
217 2072 338 2104 videtur,
367 2072 497 2107 loquatur
527 2076 574 2100 ant
599 2073 711 2101 sentiat.
743 2073 815 2100 Sunt
840 2072 914 2100 enim
953 2072 1036 2100 ambo
1064 2073 1123 2100 bzec
1149 2079 1262 2100 accessu
1288 2071 1420 2103 dillicilia,
1456 2071 1478 2098 si
1503 2071 1566 2106 quis
1591 2071 1763 2098 demonstra-

125 2118 233 2147 tionum
255 2119 282 2146 vi
306 2127 430 2154 quaerere
454 2120 630 2153 connitatur;
658 2120 726 2156 quin
757 2125 785 2149 et
804 2121 917 2148 omnino
935 2121 1086 2153 inaccessa,
1113 2120 1169 2148 nisi
1195 2120 1329 2147 scrutanti
1348 2119 1415 2147 iidcs
1429 2126 1521 2147 comes
1533 2126 1587 2146 una
1602 2118 1725 2146 accedat.

158 2165 210 2198 λζ’.
232 2166 276 2192 Ἐν
288 2167 337 2201 μὲν
352 2166 507 2202 πρακτικῷ,
525 2168 581 2199 τοῖς
594 2167 650 2194 τῶν
673 2167 779 2203 ἀρετῶν
806 2167 919 2203 τρόποις

125 2211 314 2246 παχυνόμενος
328 2211 342 2237 ὁ
358 2211 449 2245 λόγος,
464 2211 569 2245 γίνεται
583 2211 654 2247 σάρξ
667 2220 674 2227 ·
692 2211 725 2238 ἐν’
740 2211 769 2238 δὲ
794 2211 834 2247 τῷ
857 2211 922 2238 Θεω-

126 2256 246 2293 ρητικῷ,
273 2258 328 2288 τοῖς
357 2258 552 2292 πνευματικοῖς
572 2257 689 2292 νοήμασι
708 2256 921 2292 λεπτυνόμενος,

124 2303 230 2335 γίνεται
241 2303 336 2338 ὥσπερ
345 2301 379 2338 ἦν
391 2304 419 2329 ὲν
433 2304 514 2339 ἀρχῇ,
528 2303 594 2335 Θεὸς
611 2303 707 2338 Λόγος.

162 2392 216 2427 λη’.
231 2392 309 2418 Ποιεῖ
328 2391 416 2426 σάρκα
431 2390 477 2417 τὸν
498 2390 587 2425 λόγον,
611 2391 625 2416 ὸ
647 2390 851 2426 παραδείγμασι
872 2391 919 2418 καὶ

127 2439 232 2474 ῥήμασι
247 2437 410 2472 παχυτέροις
428 2437 471 2464 διὰ
484 2437 534 2472 τὴν
548 2435 679 2471 ἀνάλογον
696 2436 751 2463 τῶν
765 2436 918 2464 ἀκουόντων

127 2484 255 2519 δύναμιν,
281 2483 380 2518 ἠθικὴν
404 2483 451 2510 τοῦ
474 2483 555 2517 λόγου
578 2482 627 2517 τὴν
642 2482 815 2509 διδασκαλίαν
829 2483 918 2510 ποιού-

128 2539 229 2566 μενος·
246 2530 293 2558 καὶ
316 2529 397 2556 πάλιν
416 2531 488 2556 ποιεῖ
498 2529 607 2564 πνεῦμα
632 2529 677 2556 τὸν
702 2529 791 2564 λόγον,
815 2530 829 2556 ὁ
859 2531 915 2562 τοῖς

128 2577 242 2611 ὑψηλοῖς
281 2576 440 2612 θεωρήμασι
484 2576 532 2611 τὴν
571 2575 706 2611 μυστικὴν
743 2575 917 2612 ἐκτιθέμενος

129 2623 282 2657 θεολογίαν.

165 2667 215 2694 λθ¹.
237 2668 267 2694 '0
287 2667 337 2703 μὲν
356 2668 388 2694 ἐκ
403 2666 458 2694 τῶν
480 2666 581 2693 θέσεων
609 2667 803 2702 Μταφατικῶς
831 2667 920 2694 θεολο-

130 2714 198 2748 γῶν,
223 2714 312 2748 σάρκα
335 2715 408 2740 ποιεῖ
426 2713 472 2739 τὸν
488 2713 568 2746 λόγον
581 2721 588 2727 ⁸
609 2713 659 2739 οὐκ
679 2713 748 2748 ἔχων
764 2713 884 2745 ἄλλοθεν,
903 2713 919 2747 ἢ

130 2759 162 2785 ὲκ
181 2757 235 2784 τῶν
251 2758 397 2793 ὁρωμένων
412 2757 460 2785 καὶ
478 2757 684 2793 ψηλαφωμῶνων
701 2758 747 2786 τὸν
762 2757 828 2785 Θεὸν
841 2757 921 2793 γινώ-

167 2849 189 2866 ⁹⁷
209 2849 288 2877 Rom.
312 2857 338 2882 Χ,
360 2850 385 2876 8.
424 2850 435 2866 ⁹
463 2850 530 2877 ibid.
549 2850 576 2883 6,
593 2850 619 2878 7.

1007 2168 1052 2196 '57.
1072 2167 1103 2194 In
1123 2175 1157 2194 eo
1182 2167 1296 2201 quidem
1319 2166 1364 2201 qui
1382 2165 1487 2193 actioni
1508 2165 1610 2198 studet,
1628 2165 1762 2192 virtutum

974 2213 1065 2240 modis
1082 2217 1222 2240 erassatus
1246 2220 1348 2244 sermo,
1375 2220 1440 2240 caro
1457 2211 1589 2243 edicitur;
1615 2211 1643 2238 in
1668 2218 1702 2238 eo
1715 2218 1764 2238 au-

976 2262 1031 2285 tem
1053 2258 1101 2293 qui
1127 2257 1353 2292 contemplationi
1372 2257 1494 2284 animum
1515 2256 1628 2288 addicit,
1653 2256 1764 2291 spirita-

972 2303 1047 2330 libus
1068 2302 1159 2330 sensis
1189 2309 1222 2330 ac
1243 2301 1425 2336 conceptibus
1455 2305 1594 2333 tenuatus,
1619 2300 1648 2328 id
1671 2299 1766 2328 evadit

971 2351 1045 2387 quod
1066 2351 1094 2378 in
1117 2350 1254 2386 principio
1276 2353 1346 2381 erat,
1371 2349 1444 2376 Deus
1464 2348 1597 2376 Verbum.

1004 2397 1049 2424 58.
1070 2396 1233 2424 Sermonem
1249 2403 1360 2422 carnem
1376 2394 1451 2426 facit,
1467 2394 1513 2428 qui
1534 2393 1617 2429 494
1630 2393 1762 2428 exemplis

968 2442 1116 2477 verbisque
1132 2441 1316 2469 crassioribus
1333 2440 1490 2467 auditorum
1513 2446 1542 2466 se
1557 2438 1681 2465 facultati
1694 2445 1761 2467 con-

969 2488 1115 2516 venienter
1130 2491 1326 2521 attemperans,
1353 2485 1486 2512 moralem
1503 2483 1639 2511 sermonis
1659 2483 1763 2510 doctri-

970 2542 1032 2562 nam
1044 2532 1175 2560 instituit.
1187 2532 1349 2565 Rursusque
1358 2537 1514 2557 sermonem
1524 2528 1650 2563 spiritum
1661 2527 1761 2560 reddit,

970 2578 1018 2613 qui
1039 2576 1205 2604 sublimibus
1222 2574 1401 2602 theorematis
1432 2581 1465 2601 ac
1489 2573 1588 2604 sensis,
1607 2572 1762 2600 abstrusio~

970 2629 1039 2653 rem,
1058 2628 1120 2655 quae
1137 2620 1170 2646 de
1191 2619 1248 2646 Deo
1263 2622 1316 2650 est,
1340 2617 1494 2645 doctrinam
1509 2615 1633 2651 exponit.

1004 2667 1048 2694 59.
1068 2666 1119 2699 Qui
1132 2674 1165 2693 ex
1177 2663 1364 2700 positionibus
1375 2662 1507 2690 afﬁrmate
1521 2662 1555 2690 de
1570 2661 1624 2689 Deo
1638 2660 1760 2692 disserit,

970 2719 1124 2740 sermonem
1143 2717 1254 2738 carnem
1274 2709 1355 2742 facit;
1371 2708 1418 2744 qni
1434 2715 1534 2742 nempe
1558 2706 1667 2734 nonnisi
1682 2713 1714 2732 cx
1728 2705 1763 2733 iis

971 2766 1032 2793 qua:
1050 2757 1136 2785 oculis
1163 2756 1286 2792 subjecta
1303 2760 1376 2784 sunt.
1393 2762 1424 2782 ac
1440 2761 1521 2782 manu
1538 2756 1761 2782 contreetanlur,
