1951 3076
190 132 257 164 1H3

778 133 808 163 S.
831 133 858 162 M
865 133 974 162 AXIMI
997 133 1252 165 CONFESSORIS

1764 134 1832 163 lj-u

189 189 276 217 Deum
296 192 325 216 ut
350 191 493 216 auctorem
517 196 686 223 cognoscere
702 189 799 223 possit.
817 188 868 221 Qui
887 194 980 216 autem

1044 197 1110 217 rxsw
1127 191 1164 223 ὡς
1175 190 1263 218 αἴτιον
1277 199 1282 205 ·
1307 191 1322 217 ὁ
1338 190 1365 217 δὲ
1386 189 1561 224 ἁποφατικῶς
1577 188 1609 215 ὲκ
1634 188 1687 215 τῶν
1714 188 1832 223 άιραιρέ-

190 235 346 262 Inlicianter
365 241 396 261 cx
419 233 612 269 ncgationihus
637 233 672 261 de
693 234 750 261 Deo
768 233 901 268 loquitur,
928 241 986 260 ser-

189 289 299 309 monem
327 280 454 315 spiritum
481 280 557 313 facit,
584 280 660 307 velut
677 280 704 307 in
728 280 868 319 principio
884 279 984 312 Deum,

189 334 221 354 ac
239 326 312 361 apud
336 326 443 358 Deum;
465 326 511 360 qui
530 325 582 353 rite
604 333 637 353 ex
653 325 730 353 nullo
747 333 861 360 prorsus
876 332 984 356 eorum,

188 380 249 406 qua:
263 371 393 407 cognosci
417 376 543 406 possunt,
559 372 649 407 ipsum
665 378 748 406 supra
763 378 846 406 quam
860 370 986 406 ignotum

188 416 275 452 probe
296 422 456 453 cognoscat.

223 463 268 492 40.
287 463 340 497 Qui
365 463 585 499 patriarcharum
612 471 691 491 more
710 463 828 490 actionis
855 463 930 490 cultu
955 469 987 490 ac

188 510 440 544 contemplationis,
474 511 502 536 in
536 510 596 545 ipso
625 509 792 537 exsistentes
817 509 929 536 virtutis
954 515 987 536 a'c

188 555 310 583 scientia:
326 559 425 591 puteos
448 556 528 583 nevit
551 555 658 589 fodere,
673 556 748 583 intus
766 555 906 583 Christum
927 554 987 582 fon-

187 606 244 629 tem
266 602 329 629 vita:
348 602 482 634 oil‘cndet,
511 610 544 629 ex
567 610 622 637 quo
639 602 780 637 Sapientia
804 601 884 637 jubet
899 605 929 628 ut
945 601 987 628 bi-

188 647 296 680 bamus,
314 647 412 676 dicens
424 656 431 675 :
443 648 508 675 Bibe
525 656 608 684 aquas
625 648 658 674 de
676 649 745 675 vasis
763 649 823 680 tuis,
839 653 863 674 et
879 648 910 674 de
921 656 987 674 vena

188 698 328 729 puteorum
357 698 465 721 tuorum
483 695 522 728 ⁹⁹;
539 694 625 729 ‘quod
649 694 715 721 dum
743 694 902 725 fecerimus,
927 693 988 728 ejus

189 741 261 768 intra
281 748 332 768 nos
350 741 516 768 exsistentes
541 741 686 768 thesauros
719 740 902 768 inveniemus.

223 829 269 857 Η.
291 829 343 863 Qui
356 829 500 857 brutarum
514 829 697 856 animantium
713 836 800 861 more,
819 827 987 856 demerendo

189 875 365 902 solummodo
391 874 486 902 sensui
510 874 595 901 vitam
623 875 782 906 instituunt,
808 873 906 910 grandi
934 873 986 901 sibi

190 921 314 955 periculo
335 928 494 948 sermonem
520 927 631 948 carnem
664 921 786 953 faciunt;
812 920 859 955 qui
887 928 987 955 nempe

192 971 222 994 ut
239 967 386 994 all‘ectibus
409 974 441 994 ac
460 966 570 994 libidini
598 973 704 994 morem
729 971 826 1002 gerant
851 966 952 994 creatis
972 974 987 994 a

191 1013 246 1040 Deo
271 1013 440 1046 abutantur;
469 1021 522 1040 nec
548 1013 700 1048 sapientiae,
719 1021 780 1048 quae
806 1013 835 1040 in
858 1013 988 1040 omnibus

192 1058 296 1091 elucet,
319 1059 454 1086 rationem
486 1058 675 1092 considerent,
704 1063 735 1086 ut
751 1058 838 1088 Deum
867 1067 902 1086 ex
928 1059 988 1094 ejus

190 1104 325 1140 operibus
351 1110 523 1141 cognoscant
537 1113 569 1133 ac
586 1105 752 1138 elariiicent;
768 1105 986 1140 inteiligantqne,

189 1154 274 1183 unde,
291 1157 323 1177 ac
347 1150 426 1185 quid,
455 1151 481 1177 in
506 1157 623 1185 quemve
645 1149 740 1182 ﬁnem,
765 1157 797 1176 ac
820 1157 875 1184 quo
899 1153 929 1176 ut
945 1148 986 1176 le-

189 1203 295 1228 ramur,
313 1203 364 1231 per
383 1203 416 1223 ea
433 1203 494 1230 quae
513 1195 603 1223 oculis
621 1197 770 1230 conspicua
791 1200 865 1227 sunt,
881 1194 986 1222 conditi

188 1238 294 1273 simus;
310 1239 359 1267 sed
379 1239 408 1267 in
426 1239 551 1267 tenebris
578 1243 667 1267 totum
681 1239 755 1274 quod
771 1240 879 1275 agimus
901 1246 988 1266 stccu-

189 1286 246 1313 lum
263 1285 448 1318 ambulantes,
471 1286 557 1313 solam
580 1285 629 1312 Dei
652 1286 835 1320 ignorantiam
850 1285 986 1313 ambabus

189 1332 318 1360 manibus
342 1332 465 1368 palpent.

223 1379 268 1406 42.
282 1379 334 1412 Qui
345 1379 412 1406 solis
429 1386 515 1406 sacros
528 1379 678 1414 Scriptura:
694 1379 787 1407 verbis
803 1379 924 1406 animum
939 1379 988 1406 ad-

189 1424 329 1463 hibentes,
345 1424 483 1459 corporali
507 1423 575 1459 legis
599 1425 675 1452 cultu
689 1424 773 1452 animi
790 1424 986 1459 ingenuitatem

189 1469 324 1504 obligant,
341 1469 527 1504 vituperando
541 1477 610 1497 ausu
626 1478 785 1497 sermonem
805 1470 859 1497 sibi
874 1477 986 1497 carnem

1039 244 1107 263 σεων
1127 236 1270 272 οεολογῶν,
1288 237 1396 271 πνεῦμα
1410 237 1483 262 ποιεῖ
1494 235 1540 262 τὸν
1552 235 1640 269 λόγον,
1656 234 1693 266 ὡς
1710 235 1738 260 ἐν
1756 235 1828 270 ἀρχῇ

1037 283 1105 309 Θεὸν
1117 283 1192 315 (οντα,
1208 283 1256 310 καὶ
1272 283 1340 319 πρὸς
1352 283 1418 309 Θεὸν
1430 282 1506 314 ὄντα,
1524 281 1553 314 ἐξ
1571 280 1678 312 οὐδενὸς
1694 281 1725 306 τὺ
1741 281 1832 315 παρά-

1037 337 1091 355 παν
1108 329 1163 356 τῶν
1176 329 1333 364 γνωσθῆναι
1345 328 1514 364 δυναμένων,
1530 326 1622 358 καλῶς
1632 325 1776 361 γινώσκων
1786 325 1832 352 τὸν

1038 375 1088 401 ὐπε
1093 375 1260 410 ράγνωστον.

1075 468 1112 500 μ’.
1131 465 1160 492 '0
1176 463 1268 500 μαθὼν
1283 464 1427 500 ὀρῤύσσειν
1441 462 1514 491 κατὰ
1523 463 1586 495 τοὺς
1599 462 1774 498 πατριάρχας
1787 462 1832 489 διὰ

1037 511 1165 547 πράξεως
1180 511 1228 538 καὶ
1242 511 1359 546 θεωρίας
1376 511 1410 537 τὰ
1435 511 1464 537 ὲν
1486 510 1562 545 αὐτῷ
1586 511 1636 545 τῆς
1661 509 1764 544 ἀρετῆς
1784 508 1833 535 καὶ

1037 557 1088 592 τῆς
1102 557 1230 592 γνώσεως
1243 557 1360 592 φρέατα,
1377 556 1424 582 τὸν
1437 555 1556 591 Χριστδν
1568 554 1642 581 ἔνδον
1653 554 1767 590 εὑρήσει
1783 553 1834 589 τὴν

1038 603 1128 639 ’πηγὴν
1142 604 1191 639 τῆς
1211 603 1284 638 ζωῆς
1300 611 1308 619 ·
1327 602 1373 637 ἀφ’
1388 599 1422 638 ἧς
1437 601 1525 628 πίνειν
1541 601 1614 637 ἡμᾶς
1628 601 1645 636 ἡ
1673 600 1755 633 σοφία
1778 608 1833 625 πα-

1040 647 1227 684 ρακελεύεται,
1253 649 1372 683 λέγουσα
1385 655 1392 663 ·
1413 648 1486 675 Πίτέ
1503 647 1598 674 ὕδατα
1616 646 1677 674 ἀπὸ
1692 646 1758 685 σᾶςν
1777 646 1833 680 ἀγ-

1038 697 1135 730 γεΙων,
1151 695 1200 722 καὶ
1212 694 1271 722 ἀπὸ
1288 694 1353 721 σῶν
1363 694 1498 728 φρεάτων
1509 693 1619 727 πηγῆς·
1638 692 1706 727 ὅπερ
1721 691 1833 718 ποιοῦν-

1040 751 1093 774 τες,
1106 742 1262 777 εὑρήσομεν
1275 741 1348 767 ἔνδον
1359 740 1439 776 ἡμῶν
1461 739 1542 770 ὄντας
1551 739 1615 771 τοὺς
1625 739 1709 774 αὐτῆς
1726 738 1759 773 θη
1765 747 1833 764 σαυ-

1040 789 1112 824 ρούς.

1076 837 1131 870 μα’.
1151 834 1182 860 Οί
1198 832 1343 869 κτηνωδῶς
1363 832 1431 867 πρὸς
1454 832 1537 867 μόνην
1553 831 1603 866 τὴν
1620 830 1747 865 αἴσθησιν
1761 829 1832 862 ζῶν-

1004 861 1024 888 Β
1038 890 1094 914 τες,
1113 881 1272 915 ἐπισφαλῶς
1295 880 1403 910 ἑαυτοῖς
1419 879 1510 914 σάρκα
1535 876 1641 904 ποιοῦσι
1667 876 1712 902 τὸν
1739 876 1831 910 λόγον-

1039 928 1079 960 είς
1092 927 1245 962 ὑπηρεσίαν
1262 926 1310 962 μὲν
1331 925 1437 956 παθῶν,
1458 925 1514 956 τοῖς
1534 923 1582 950 τοῦ
1598 921 1666 949 Θεοῦ
1685 921 1833 956 καταχρώ-

1040 983 1114 1010 μενοι
1127 973 1256 1008 κτίσμασι
1267 980 1274 988 ·
1293 971 1339 998 τδν
1354 971 1382 998 δὲ
1399 971 1449 1006 τῆς
1464 969 1559 1005 σοφίας
1568 969 1617 1004 τῆς
1628 969 1711 995 πᾶσιν
1725 968 1832 1003 ἐμφαι-

1038 1018 1204 1055 νομένης,οὒ
1213 1016 1407 1047 κατανοοῦντες
1422 1016 1512 1049 λόγον,
1541 1014 1612 1050 προς
1623 1013 1653 1040 τὸ
1667 1013 1769 1047 γνῶναι
1782 1013 1834 1039 καὶ

1038 1066 1148 1099 δοξάσαι
1162 1065 1207 1091 τὸν
1218 1063 1285 1090 Θεὸν
1299 1064 1331 1090 ὲκ
1344 1061 1398 1088 τῶν
1411 1060 1493 1088 αὐτοῦ
1507 1060 1667 1095 ποιημάτων
1681 1068 1687 1074 ·
1703 1059 1750 1085 καὶ
1768 1067 1833 1084 συνς

1040 1112 1108 1139 ιέναι
1133 1110 1227 1142 πόθεν,
1243 1110 1291 1136 καὶ
1306 1109 1343 1140 τί,
1361 1108 1409 1135 καὶ
1423 1107 1544 1138 ὲπὶτίνι,
1561 1106 1608 1132 καὶ
1625 1104 1677 1131 ποῦ
1697 1099 1832 1139 φέρεσθαι

1038 1157 1082 1184 διὰ
1097 1157 1151 1183 τῶν
1166 1156 1313 1192 ὁρωμένων
1324 1154 1478 1189 γεγόναμεν
1493 1161 1500 1168 ·
1526 1152 1584 1179 ἀλλ’
1610 1152 1639 1178 ἐν
1666 1150 1757 1177 σκότει
1784 1150 1832 1176 τὸν

1038 1203 1124 1230 αἰῶνα
1141 1202 1236 1229 τοῦτον
1248 1199 1484 1236 διαπορευόμενοι,
1503 1198 1587 1234 μόνην
1601 1197 1652 1233 τὴν
1677 1197 1743 1232 περὶ
1764 1196 1832 1223 Θεὸν

1039 1250 1140 1284 ἀμφοῖν
1154 1248 1213 1275 ταῖν
1226 1247 1316 1282 χεροῖν
1333 1244 1497 1281 ψηλαφῶσιν
1511 1243 1659 1278 ἀγνωσίαν.

1077 1384 1130 1420 μβ’-
1145 1383 1180 1409 οι
1195 1382 1269 1417 μένῳ
1287 1379 1326 1416 τῷ
1342 1378 1418 1416 ῥητῷ
1429 1379 1480 1412 τῆς
1503 1377 1582 1412 ἁγίας
1597 1375 1712 1412 Γραφῆς
1737 1383 1831 1410 παρα-

1039 1428 1257 1466 καθήμενοι,καὶ
1267 1428 1300 1462 τῇ
1317 1425 1461 1460 σωματικῇ
1473 1425 1520 1451 τοῦ
1540 1425 1624 1458 νόμου
1646 1421 1760 1457 λατρεία
1784 1421 1831 1448 δε-

1040 1476 1171 1512 σμοῦντες
1184 1474 1236 1509 τῆς
1247 1472 1336 1507 ψυχῆς
1346 1471 1377 1497 τὸ
1391 1470 1509 1505 ἀξίωμα,
1523 1468 1632 1504 ψεκτῶς
1640 1467 1760 1495 ποιοῦσιν
1769 1467 1832 1492 ἑαυ-

189 1515 314 1548 faciunt;
335 1515 375 1542 sic
401 1515 543 1548 nimirum,
574 1520 604 1543 ut
628 1517 773 1544 brutarum
802 1515 983 1548 animantium

1044 1523 1092 1553 τοῖς
1108 1521 1198 1556 σάρκα
1212 1519 1257 1546 τὸν
1272 1518 1350 1552 λόγον
1367 1525 1374 1532 ”
1391 1516 1497 1551 ἀλόγων
1514 1515 1591 1548 ζώων
1607 1514 1713 1545 Θυσίαις
1733 1513 1832 1547 εὐαρε-

189 1560 311 1588 victimis
333 1561 422 1588 Deum
448 1562 581 1589 delectari
598 1563 774 1594 existiment;
788 1561 915 1589 homines
930 1561 986 1588 sci-

189 1606 268 1638 licet,
293 1606 340 1640 qui
362 1606 474 1641 corpori
503 1607 629 1634 exterius
653 1607 798 1635 lustrando
821 1614 875 1634 non
898 1607 986 1634 levem

191 1660 288 1680 curam
314 1652 478 1686 adhibeant,
493 1653 578 1681 animi
595 1661 662 1681 vero
679 1653 928 1688 pulchritudinem,
945 1653 986 1680 vi—

191 1699 294 1726 tiorum
312 1699 429 1726 maculis
448 1700 618 1734 compuncti,
638 1700 795 1735 negligant;
810 1699 889 1735 cujus
903 1706 986 1726 causa

191 1744 282 1772 omnis
309 1752 404 1772 rerum
425 1745 514 1773 oculis
528 1745 717 1781 subjectarum
739 1745 829 1773 virtus
853 1744 986 1780 producta

189 1793 244 1822 est,
268 1790 416 1824 omnisque
441 1790 552 1818 divinus
577 1797 669 1818 sermo
685 1797 718 1817 ac
744 1790 787 1818 lex
806 1790 890 1817 edita.

225 1836 270 1864 45.
292 1837 322 1863 In
340 1837 448 1864 ruinam
472 1841 499 1864 et
520 1837 754 1864 resurrectionem
780 1837 930 1864 multorum
959 1836 986 1863 in

191 1883 293 1913 lsraele
316 1883 436 1918 positum
459 1891 520 1911 esse
547 1884 704 1915 Dominum,
733 1887 851 1911 testatur
877 1890 987 1911 sacrum

191 1930 370 1965 Evangelium
393 1931 413 1957 ‘.
445 1931 527 1966 495
560 1931 661 1958 Animo
687 1931 771 1966 igitur
797 1930 985 1962 attendamus,

191 1986 258 2005 num
277 1977 305 2004 in
330 1985 428 2005 eorum
452 1977 564 2012 quidem
591 1978 711 2010 ruinam,
735 1977 783 2012 qui
806 1977 863 2004 sola
889 1984 988 2004 sensus

190 2023 280 2060 gratia
309 2028 437 2051 naturam
460 2024 548 2051 oculis
568 2024 722 2060 subiectam
746 2027 926 2054 contuentur.
941 2030 988 2050 eo-

191 2077 310 2106 rumque
327 2071 374 2105 qui
390 2070 457 2098 solis
470 2069 623 2105 Scriptum
635 2070 731 2097 verbis
745 2069 870 2101 haerent;
885 2069 987 2104 quippe

190 2117 238 2152 qui
261 2124 310 2151 per
331 2115 480 2143 amentiam
494 2122 527 2142 ac
548 2115 742 2147 stoliditatem,
758 2114 792 2141 ad
805 2122 907 2141 novum
923 2121 987 2149 gra-

189 2164 237 2191 tia:
249 2163 378 2198 spiritum
398 2161 517 2188 transire
535 2168 590 2188 non
606 2161 734 2193 valeant;
754 2160 986 2188 resurrectionem

1039 1568 1161 1596 στεῖσοαι
1179 1566 1334 1602 νομίζοντες
1347 1565 1393 1592 τὸν
1417 1564 1484 1591 Θεόν
1499 1571 1506 1578 ο
1531 1561 1572 1593 οἷς
1597 1561 1664 1588 πολὺ
1689 1559 1719 1586 τὸ
1749 1558 1832 1593 σῶμα

1039 1611 1245 1646 πεφρόντιπαι,
1261 1611 1316 1641 τοῖς
1335 1609 1413 1640 ἐκτὸς
1431 1607 1591 1642 καθαρσίοις
1603 1614 1610 1622 ·
1631 1606 1679 1640 τῆς
1697 1603 1725 1630 δὲ
1741 1603 1832 1638 ψυχῆς

1039 1657 1233 1693 παρημέληται
1247 1656 1278 1683 τὺ
1289 1656 1397 1687 κάλλος,
1412 1655 1473 1686 ταῖς
1485 1654 1539 1680 τῶν
1555 1651 1649 1680 παθῶν
1664 1650 1756 1686 κηλίσι
1771 1657 1833 1676 στι-

1039 1703 1152 1738 ζόμενον
1168 1710 1175 1718 '
1189 1701 1258 1736 ὑπὲρ
1272 1700 1315 1738 ἧς,
1329 1703 1345 1736 ἡ
1363 1702 1439 1727 πᾶσα
1453 1699 1507 1726 τῶν
1517 1694 1816 1737 ὁρωμένων.προ6ἑ6λη

1038 1749 1281 1784 ταιδύναμις,καὶ
1299 1749 1353 1779 πᾶς
1374 1748 1454 1781 λόγος
1479 1746 1551 1777 θεῖος
1576 1745 1623 1771 καὶ
1645 1743 1728 1778 νόμος
1751 1742 1831 1769 ἐκδέ-

1038 1795 1122 1821 δοται.

1078 1843 1133 1876 μγ’.
1146 1841 1193 1872 Εἰς
1213 1839 1318 1866 πτῶσιν
1342 1839 1389 1866 καὶ
1415 1837 1565 1865 ἀνάστασιν
1592 1834 1697 1862 πολλῶν
1723 1833 1833 1861 κεῖσθαι

1039 1887 1084 1914 τὸν
1102 1886 1204 1922 Κύριον
1220 1886 1295 1919 λέγει
1310 1885 1341 1912 τὸ
1359 1885 1437 1918 ἆγιον
1455 1882 1633 1917 Εὐαγγὲλιον.
1647 1880 1752 1908 οὐκοῦν
1769 1887 1834 1906 σκο-

1039 1933 1182 1968 πήσωμεν,
1207 1932 1304 1966 μήπως
1323 1931 1363 1962 εἰς
1388 1930 1493 1956 πτῶσιν
1515 1929 1574 1964 μὲν,
1590 1927 1645 1954 τῶν
1656 1935 1684 1954 τε
1699 1925 1766 1962 πρὸς
1785 1925 1835 1960 μό-

1038 1987 1087 2013 νην
1102 1977 1152 2012 τὴν
1167 1976 1294 2012 αἴσθησιν
1305 1976 1354 2011 τὴν
1372 1974 1516 2010 ὁρωμένην
1537 1972 1712 2009 θεωρούντων
1730 1971 1835 2002 κτίσιν,

1039 2025 1086 2050 καὶ
1099 2023 1153 2050 τῶν
1168 2023 1241 2058 μόνῳ
1255 2022 1294 2058 τῷ
1311 2021 1388 2058 ρητῷ
1401 2020 1580 2056 στοιχούντων
1600 2019 1651 2054 τῆς
1663 2018 1744 2052 ἁγίας
1759 2017 1834 2052 Γρα-

1039 2071 1093 2104 φῆς
1105 2077 1112 2085 ·
1129 2068 1167 2100 ὡς
1188 2068 1226 2104 μὴ
1238 2068 1394 2102 δυναμένων
1401 2064 1480 2102 ’πρὸς
1493 2065 1524 2092 τὸ
1542 2065 1636 2092 καινὸν
1652 2063 1760 2097 πνεῦμα
1775 2062 1836 2089 δια-

1039 2115 1118 2149 ϐῆναι
1137 2115 1187 2149 τῆς
1209 2113 1322 2149 χάριτος
1341 2112 1386 2139 διὰ
1402 2111 1451 2148 τὴν
1477 2112 1593 2138 ἄνοιαν·
1618 2109 1768 2136 ἀνάστασιν
1792 2107 1833 2139 δὲ,

1038 2160 1093 2187 τῶν
1103 2158 1298 2195 πνευματικῶς
1311 2159 1347 2185 τά
1357 2166 1386 2185 τε
1400 2158 1540 2192 κτίσματα
1562 2156 1610 2182 τοῦ
1632 2154 1701 2181 Θεοῦ
1728 2154 1775 2180 καὶ
1798 2152 1834 2179 τὰ

189 2217 257 2237 vero
288 2215 398 2238 eorum,
421 2207 468 2242 qui
501 2206 618 2242 spiritali
644 2207 751 2234 ratione
779 2211 838 2234 tum
859 2214 904 2234 res
930 2207 986 2234 Deo

1044 2208 1073 2243 ρή
1079 2215 1151 2242 ματα
1165 2206 1341 2242 θεωρούντων
1352 2213 1382 2231 τε
1396 2204 1444 2231 καὶ
1457 2203 1622 2232 ἀκουόντων,
1638 2201 1685 2228 καὶ
1701 2200 1757 2231 τοῖς
1766 2198 1835 2225 καο-

190 2258 305 2282 auetore
318 2252 456 2285 conditas,
470 2257 528 2280 tum
540 2253 601 2289 ejus
618 2253 704 2281 verba
714 2253 890 2289 conspiciunt
904 2258 987 2289 atque

189 2299 326 2333 audiunt;
349 2298 470 2332 hincque
493 2297 564 2325 adeo
584 2298 635 2325 soli
655 2297 756 2326 divinre
780 2298 904 2334 imagini,
925 2306 987 2333 quae

190 2347 220 2374 in
239 2346 333 2374 animo
357 2345 472 2377 residet,
488 2344 618 2380 congruis
632 2344 758 2372 moribus
772 2352 868 2372 curam
881 2344 988 2380 impen-

191 2391 273 2419 dunL

226 2438 272 2466 Η.
292 2437 371 2470 Quod
389 2437 427 2464 ita
447 2436 583 2472 scriptum
604 2441 657 2469 est,
675 2436 796 2472 positum
813 2443 874 2464 esse
895 2435 988 2463 Domi-

189 2491 257 2512 num
280 2483 308 2510 in
332 2482 441 2509 ruinam
463 2487 492 2510 et
518 2482 754 2509 resurrectionem
782 2481 932 2508 multorum
959 2481 988 2508 in

188 2529 302 2561 lsraele,
325 2528 347 2556 si
376 2528 404 2555 in
426 2528 519 2556 laudis
544 2532 653 2563 partem
676 2529 765 2555 solum
794 2527 966 2563 intelligatur
980 2546 988 2559 ,

190 2575 221 2603 in
232 2574 341 2602 ruinam
353 2574 545 2609 accipiendum
561 2578 618 2600 tum
634 2573 765 2601 vitiorum
782 2577 810 2600 ct
829 2573 988 2605 libidinum,

190 2626 251 2649 tum
267 2627 414 2656 pravarum
428 2619 628 2655 cogitationum
644 2620 672 2647 in
697 2619 812 2654 singulis
829 2618 987 2654 quibusque

190 2667 330 2699 ﬁdelium;
357 2666 589 2694 resurrectionem
617 2673 683 2693 vero
703 2665 849 2697 virtutum,
864 2665 987 2699 piarum—

191 2721 246 2749 que
263 2713 388 2741 omnium
411 2720 441 2740 ac
466 2712 653 2747 religiosorum
678 2712 886 2748 cogitationum.

226 2758 271 2787 45.
292 2758 343 2792 Qui
359 2767 450 2785 rerum
465 2757 639 2786 solummodo
665 2757 863 2793 generabilium
881 2766 912 2785 ac
927 2766 987 2784 cor—

232 2841 251 2856 "
265 2846 337 2875 Prov
363 2856 388 2879 v,
405 2848 446 2875 15.
479 2848 485 2862 ‘
506 2848 571 2875 Luc.
592 2856 621 2880 ιι,
640 2848 674 2876 δί

1041 2256 1140 2291 ἡκουσι
1157 2254 1270 2290 τρόποις
1290 2253 1372 2288 μόνης
1400 2251 1450 2287 τῆς
1471 2251 1542 2277 κατὰ
1555 2249 1644 2284 ψυχὴν
1666 2248 1741 2279 θείας
1763 2244 1836 2273 simi-

1041 2309 1086 2332 νος
1100 2298 1334 2334 ἐπιμελουμένων.

1077 2437 1128 2474 μδῖ
1148 2437 1194 2470 Τὸ,
1212 2434 1320 2463 κεῖσθαι
1343 2434 1389 2461 τὴν
1414 2433 1517 2469 Κύριον
1536 2433 1577 2464 εις
1601 2430 1705 2458 πτῶσιν
1727 2429 1838 2457 πολλῶν

1040 2485 1087 2512 καὶ
1097 2484 1244 2512 ἀνάστασιν
1257 2483 1286 2509 ὲν
1301 2483 1339 2518 τῷ
1358 2481 1478 2517 Ἰσραὴλ,
1495 2479 1646 2510 ὲπαινετῶς
1663 2478 1743 2514 μόνον
1759 2477 1838 2504 νοού-

1041 2539 1132 2567 μενον,
1151 2531 1190 2561 εἰς
1200 2528 1304 2555 πτῶσιν
1327 2527 1376 2562 μὲν
1387 2527 1498 2558 νοεῖται,
1519 2525 1574 2552 τῶν
1599 2525 1628 2550 ὲν
1647 2522 1757 2556 ἑκάστῳ
1780 2521 1838 2548 τῶν

1041 2576 1223 2603 πιστευόντων
1240 2574 1294 2601 τῶν
1315 2573 1409 2600 παθῶν
1423 2581 1453 2599 τε
1468 2572 1516 2599 καὶ
1529 2571 1657 2606 πονηρῶν
1671 2568 1813 2604 λογισμῶν
1828 2574 1836 2582 ·

1040 2623 1190 2650 ἀνάστασιν
1205 2620 1243 2653 δὲ,
1269 2619 1324 2646 τῶν
1355 2617 1461 2655 ἀρετῶν
1489 2617 1538 2644 καὶ
1567 2615 1668 2646 παντὸς
1694 2613 1839 2648 θεοφιλοῦς

1037 2669 1178 2703 λογισμοῦ.

1077 2763 1126 2794 με’.
1149 2759 1180 2785 Ὀ
1203 2757 1282 2793 μόνον
1302 2756 1356 2783 τῶν
1369 2756 1400 2783 ἐν
1413 2754 1518 2789 γενέσει
1534 2753 1581 2780 καὶ
1601 2747 1694 2788 φοορᾷ
1706 2751 1839 2786 Euam?
