1951 3076
100 149 170 182 1H5

510 144 678 175 CAPITUM
697 142 834 173 TIIEOL.
854 142 901 171 ΕΤ
920 141 1039 172 (ECON.
1059 141 1255 171 CENTURIA
1273 141 1313 171 ΙΙ.

1664 142 1730 174 1146

97 207 149 242 γδν
162 206 281 242 νομίζων
297 205 342 232 τὸν
357 204 470 240 Κύριον,
493 203 533 233 είς
546 200 685 236 κηπουρον
701 199 782 226 αὑτὸν
798 206 890 232 παρα-

949 197 1116 232 'uptibilium
1141 201 1284 225 auctorem
1306 195 1455 224 Dominum
1479 203 1540 223 esse
1571 195 1735 229 arbitratur,

98 254 239 289 γνωρίζει,
267 253 337 279 κατὰ
360 251 410 286 τὴν
431 247 615 283 Μαγδαληνὴν
627 246 746 281 Μαρίαν.
763 244 808 270 Aio
823 243 906 279 πρὸς.

98 300 233 336 ὠφέλειαν
245 299 339 333 φεύγει
355 298 402 324 τοῦ
420 296 540 323 τοιούτου
555 295 604 329 τὴν
621 293 694 327 ἁφὴν
713 293 726 318 ὁ
741 291 891 325 Δεσπότης,

100 335 187 381 μήπω
199 345 264 379 παρ’
285 342 358 378 αὐτῷ
379 341 502 376 δυνηθεὶς
521 338 654 373 ἀναϐῆναι
678 336 746 372 πρὸς
764 336 810 362 τὸν
831 335 892 381 Vlla.-

98 380 178 427 τέρα,
192 391 280 424 λέγων
295 398 302 405 ’
322 388 370 422 Μή
385 396 444 422 μου
462 387 569 414 ἅπτου.
590 383 722 411 Γινώσχει
744 381 799 417 γὰρ
826 380 893 416 βλά-

100 436 235 468 πτεσθαι,
265 436 312 462 τὸν
336 435 404 470 μετὰ
429 433 555 468 τοιαύτης
579 430 653 466 αὐτῷ
673 427 892 464 προσερχόμενον

98 482 294 517 ταπεινοτέρας
302 479 474 516 προλήψεως.

138 612 198 649 μς’.
222 613 254 640 οι
274 612 319 638 διὰ
337 611 382 638 τὸν
412 610 494 645 φόϐον
515 609 570 636 τῶν
599 607 733 638 Ἰουδαίων
754 615 826 635 κατα
843 607 892 642 τὴν

101 659 250 687 Γαλιλαίαν
271 658 309 693 (d)
325 659 354 684 ὲν
371 657 410 692 τῷ
428 654 544 690 ὑπερῴῳ
562 654 718 686 κλείσαντες
737 654 788 685 τὰς
806 653 893 688 Θύρας

101 704 255 740 καθήμενοι
268 711 275 718 ’
291 702 425 733 τουτέστι,
440 702 465 727 οί
478 701 521 727 διὰ
536 700 580 727 τὸν
598 699 678 733 ςόϐον
694 700 749 726 τῶν
770 698 893 733 πνευμά-

101 759 158 778 των
170 750 222 785 τῆς
240 749 384 784 πονηρίας,
401 747 472 774 κατὰ
494 746 543 781 τὴν
567 745 658 781 χώραν
677 746 731 772 τῶν
753 744 893 771 ἀποκαλύ-

101 798 187 833 ψεων,
204 796 233 822 ὲν
247 795 286 830 τῷ
303 794 365 829 ὕψει
381 793 435 819 τῶν
457 791 535 819 θείων
555 791 742 827 Θεωρημάτων
765 789 893 824 ἀσφαλῶς

104 842 263 879 βεϐηκότες,
280 840 370 876 θυρῶν
392 840 470 874 δίκην
496 837 630 873 μύσαντες
651 837 700 868 τὰς
729 836 871 871 αἰσθήσεις
884 857 892 867 ,

941 243 1030 270 instar
1052 243 1145 271 Maria:
1174 243 1352 279 Magdalenen,
1370 243 1443 270 circa
1461 250 1523 269 eum
1543 242 1570 269 in
1594 242 1735 270 hortulnni

940 290 1034 323 specie
1062 288 1211 324 decipitur.
1225 289 1332 316 Idcirco
1353 288 1439 316 etiam
1463 287 1598 315 Dominus
1615 287 1643 314 id
1671 295 1737 322 spc-

941 339 1020 363 ctans
1046 335 1121 370 quod
1145 335 1212 362 utile
1240 335 1287 367 sit,
1312 334 1384 369 tangi
1406 342 1435 361 se
1458 338 1537 361 cavet
1567 333 1602 360 ab
1630 341 1664 360 eo
1688 334 1735 368 qui

941 381 1077 416 ejusmodi
1103 386 1155 413 est,
1173 381 1246 416 quod
1276 381 1392 408 necdum
1409 380 1484 408 illius
1503 379 1685 406 :estimatione
1705 388 1736 406 ac

941 434 1024 454 sensu
1045 427 1196 454 ascendere
1212 427 1245 454 ad
1266 428 1374 467 Patrem
1394 427 1526 462 potuerit,
1546 426 1660 453 dicens:
1675 425 1737 452 Noli

942 481 983 500 me
1011 477 1120 508 tangere
1143 474 1164 500 '.
1187 473 1245 500 Scit
1267 473 1341 500 enim
1363 473 1423 500 fore
1441 477 1472 500 ut
1490 472 1606 499 laedatur
1620 472 1736 498 damno-

941 525 995 553 quc
1012 517 1155 549 adiciatur,
1179 518 1226 552 qui
1247 518 1344 544 humili
1371 517 1416 545 illa
1444 521 1580 551 occupato
1606 516 1737 551 opinione

941 563 1072 591 laborans
1092 564 1124 591 ad
1145 571 1208 591 ettm
1232 564 1389 598 accesserit.

980 610 1023 636 46.
1044 609 1096 643 Qui
1117 610 1152 637 ob
1176 613 1280 636 metum
1297 610 1453 636 Judzeorum
1469 608 1496 635 in
1514 608 1624 635 Galilma
1640 607 1668 634 in
1682 614 1738 634 c03<

942 655 1042 682 naculo
1064 655 1157 690 januis
1178 655 1279 682 clausis
1298 655 1395 682 sedent
1413 655 1434 687 ⁸,
1452 654 1505 682 hoc
1521 659 1574 685 est,
1598 655 1645 689 qui
1662 657 1736 680 metu

943 699 1089 734 spirituum
1116 699 1257 734 nequitiaa,
1281 700 1309 726 in
1336 699 1535 726 revelationum
1559 699 1682 733 regione,
1709 698 1737 725 in

943 745 1055 773 sublimi
1079 745 1238 772 divinorum
1261 753 1406 772 sensorum
1423 752 1455 772 ac
1474 745 1737 780 eontemplationum

943 799 1006 819 arce
1021 795 1081 818 tuto
1105 792 1270 824 consistunt,
1287 792 1389 819 clausis
1414 793 1560 826 januarum
1580 799 1657 818 more
1673 799 1738 818 senv

945 835 1037 867 sibus;
1050 835 1088 868 hi,
1106 835 1199 870 ignota
1214 835 1331 867 ratione,
1351 835 1543 862 advenientem
1562 835 1609 862 Dei
1629 835 1739 862 Sermo-

102 888 323 924 παραγινόμενον
353 885 499 919 ἀγνώστως
528 884 650 918 δέχονται
677 884 722 909 τον
751 883 798 909 τοῦ
825 881 892 908 Θεοῦ

949 890 1006 909 rtem
1025 881 1190 916 suscipiunt,
1208 882 1314 916 absque
1343 882 1397 908 ulla
1416 889 1514 908 sensus
1530 881 1690 916 operatione
1709 888 1738 908 se

103 933 204 968 Λόγον,
220 933 283 961 ἄνευ
299 934 348 967 τῆς
360 932 420 958 κατ’
436 930 561 965 αίσθησιν
576 929 713 965 ἐνεργείας
725 929 815 959 αὐτοῖς
831 929 893 955 ἐπι-

104 979 289 1014 φαινόμενον·
312 976 447 1008 ἀπάθειάν
468 984 497 1002 τε
519 975 563 1001 διὰ
576 975 624 1009 τῆς
644 974 764 1009 εἰρήνης,
782 973 830 1000 καὶ
848 981 896 1007 με-

104 1024 224 1060 ρισμοὺς
251 1023 410 1058 Πνεὺματος
432 1022 511 1056 ἁγίου
534 1021 578 1047 διὰ
596 1020 646 1054 τῆς
657 1020 832 1055 ὲμπνεύσεως
845 1019 896 1045 δω-

105 1069 239 1105 ρούμενον
256 1075 262 1083 ·
280 1069 329 1094 καὶ
338 1069 390 1102 τὴν
409 1066 479 1094 κατὰ
496 1065 658 1100 πνευμάτων
678 1064 804 1099 πονηρῶν
820 1063 896 1096 ἔξου-

104 1115 166 1142 σίαν
181 1114 347 1149 παρέχοντα,
366 1113 414 1140 καὶ
425 1112 582 1139 δεικνύοντα
602 1109 656 1136 τῶν
680 1108 762 1136 αὑτοῦ
794 1115 897 1142 μυστη-

105 1160 173 1196 ρίων
185 1159 220 1186 τὰ
232 1159 365 1194 σύμϐολα.

143 1204 198 1240 μς.
214 1205 276 1235 Τοῖς
294 1204 343 1239 μὲν
357 1202 428 1229 κατὰ
443 1201 532 1236 σάρκα
543 1201 587 1227 τὸν
602 1199 665 1235 περὶ
677 1198 725 1226 τοῦ
738 1198 805 1225 Θεοῦ
818 1198 896 1232 λόγον

104 1250 267 1286 ἐρευνῶσιν,
282 1250 296 1275 ὁ
310 1249 411 1283 Κύριος
426 1248 475 1274 οὐκ
488 1246 627 1274 ἀναῦαίνει
638 1245 706 1280 πρὸς
719 1244 765 1271 τὸν
775 1243 894 1278 Πατέρα’

103 1297 161 1328 τοῖς
177 1296 206 1322 δὲ
223 1295 293 1321 κατὰ
309 1294 417 1329 πνεῦμα
441 1293 486 1320 διὰ
504 1292 559 1319 τῶν
578 1291 688 1326 ὑψηλῶν
711 1290 896 1326 θεωρημάτων

104 1340 270 1376 ἐκζητοῦσιν
280 1340 372 1370 αὐτὸν,
390 1338 530 1366 ἀναῦαίνει
544 1338 612 1373 πρὸς
633 1337 680 1363 τὸν
707 1336 828 1371 Πατέρα.
850 1335 896 1370 Μὴ

103 1388 196 1414 τοίνυν
212 1387 256 1414 διὰ
272 1386 372 1417 παντὸς
385 1386 532 1421 κρατῶμεν
547 1384 632 1415 κάτω,
652 1383 697 1409 τὺν
722 1382 792 1416 ὑπὲρ
817 1381 897 1417 ἡμῶν

104 1434 182 1461 κάτω
197 1432 243 1460 διὰ
256 1430 462 1467 φιλανθρωπίαν
477 1430 621 1465 γενόμενον
633 1437 640 1444 ·
664 1428 722 1455 ἀλλ1
747 1428 803 1454 ἅνω
829 1427 898 1462 πρὸς

103 1480 151 1507 τὸν
168 1479 280 1514 Πατέρα
295 1479 344 1504 σὺν
358 1476 434 1512 αὺτῷ
454 1475 608 1512 γενώμεθα,
631 1475 680 1510 τὴν
704 1473 756 1509 γῆν
783 1473 898 1508 ἀφέντες

104 1526 154 1552 καὶ
173 1524 210 1551 τὰ
230 1523 294 1559 περὶ
312 1523 361 1558 τὴν
382 1523 444 1557 γῆν,
464 1522 508 1549 ῐνα
526 1521 625 1557 μήκαὶ
641 1521 707 1556 ἡμῖν
723 1520 788 1556 εἴπῃ
801 1519 830 1545 τὺ
846 1519 897 1554 ρη-

107 1570 152 1597 Οὲν
175 1571 234 1602 τοῖς
269 1569 406 1599 Ἰουδαίοις
430 1567 603 1603 ἀδιορθώτοις
619 1566 752 1601 μείνασιν,
778 1560 932 1599 Tudri-ac

104 1616 183 1643 ὅπου
197 1614 282 1650 ὑμεῖς
297 1608 493 1642 οῠ’δύνασθε
522 1612 631 1639 ἐλθεῖν.
652 1611 743 1646 Χωρὶς
769 1611 824 1646 γὰρ
848 1610 895 1636 τοῦ

104 1663 206 1697 Λόγου,
224 1661 292 1697 πρὸς
305 1661 350 1688 τὸν
364 1661 473 1695 Πατέρα
486 1658 533 1685 τοῦ
558 1659 647 1693 Λόγου
669 1657 805 1692 γενέσθαι,
825 1656 896 1692 ἀμή-

103 1717 198 1745 χανον.

143 1758 201 1790 pr].
223 1754 258 1781 'H
272 1753 309 1789 γῆ
325 1753 379 1780 τῶν
393 1752 535 1780 Χαλδαίων
547 1752 631 1783 ἐστὶν,
645 1751 658 1777 ὁ
673 1749 799 1786 ἐμπαθὴς
815 1748 871 1784 βίος
888 1755 894 1764 ·

107 1801 136 1827 ὲν
152 1798 176 1835 ᾧ
195 1801 250 1828 τῶν
271 1800 476 1835 ἁμαρτημάτων
492 1799 697 1834 δημιουργεῖται
713 1796 761 1822 καὶ
775 1803 896 1829 προσκυ-

104 1848 193 1873 νεῖται
207 1847 242 1874 τὰ
253 1846 359 1873 εἴδωλα.
378 1846 409 1872 'H
428 1845 457 1871 δὲ
481 1845 558 1879 Μέση
578 1843 633 1870 τῶν
657 1842 786 1877 ποταμῶν
811 1843 895 1873 ἐστιν,

103 1893 120 1919 ὁ
134 1891 361 1927 ἐπαμφοτερίζων
372 1892 429 1923 τοῖς
443 1890 574 1921 ἐναντίοις
586 1889 693 1924 τρόπος.
714 1889 746 1915 Ἦ
759 1888 787 1914 δὲ
799 1888 835 1922 γῆ
847 1887 897 1921 τῆς

105 1937 275 1972 ἐπαγγελίας
302 1937 386 1970 ἐστὶν,
413 1938 429 1971 ἡ
457 1936 556 1967 παντὸς
573 1934 675 1969 ἀγαθοῦ
693 1933 897 1969 πεπληρωμένη

104 1985 288 2015 κατάστασις.
306 1984 363 2015 Πᾶς
388 1982 434 2009 οὖν
461 1984 475 2009 ὁ
497 1982 598 2016 ταύτης
623 1981 692 2007 κατὰ
718 1980 764 2006 τὸν
786 1979 898 2006 παλαιὸν

111 2028 225 2065 Ἶσραὴλ
243 2029 351 2064 ἀμελῶν
373 2029 423 2064 τῆς
443 2027 526 2060 ἕξεως
556 2027 622 2063 ill).
636 2026 703 2062 πρὸς
714 2025 836 2052 δουλείαν
846 2024 899 2052 πά-

103 2076 149 2103 ).ιν
171 2074 355 2109 κατασύρεται
383 2074 488 2106 παθῶν,
514 2073 564 2108 τῆς
591 2072 715 2107 δοθείσης
742 2070 899 2106 ἐλευθερίας

105 2131 154 2149 στε
158 2121 205 2158 poti
211 2129 302 2156 μενος.

144 2169 199 2203 μθ¹,
217 2167 400 2204 Σημειωτέον,
413 2167 452 2199 ὡς
468 2166 555 2198 οὐδεὶς
572 2165 627 2193 τῶν
657 2165 742 2199 ἁγίων
768 2165 900 2196 ἑκουσίως

945 928 1000 955 illis
1034 927 1214 962 conspicuum
1239 927 1413 959 reddentem,
1438 927 1570 962 pacisque
1602 927 1738 954 acclama-

944 975 1020 1001 tione
1040 974 1144 1001 sedatis
1155 974 1300 1001 all‘cctibus
1313 973 1600 1008 impcrturbationem,
1631 981 1739 1000 necnon

945 1020 1141 1052 insulllatione,
1160 1020 1280 1054 Spiritus
1300 1019 1385 1046 sancti
1404 1020 1617 1047 distributiones
1630 1020 1738 1046 donan-

946 1069 1020 1097 tem,
1052 1065 1240 1099 adversusque
1272 1064 1388 1098 spiritus
1423 1071 1539 1099 nequam
1571 1068 1738 1099 potestatem

946 1111 1125 1146 pmbentem,
1143 1119 1175 1138 ac
1191 1111 1386 1146 mysteriorum
1405 1118 1519 1137 suorum
1542 1110 1665 1145 symbola
1689 1117 1739 1136 ex-

946 1157 1100 1184 bibentem.

980 1203 1024 1230 47.
1046 1203 1098 1236 Qui
1116 1202 1222 1230 carnali
1242 1202 1361 1233 ratione,
1375 1211 1436 1237 quae
1447 1202 1482 1230 de
1496 1203 1553 1230 Deo
1567 1206 1621 1235 est,
1637 1202 1741 1230 doctri-

946 1256 1010 1275 nam
1040 1251 1210 1280 scrutantur,
1239 1247 1282 1275 ltis
1310 1247 1445 1274 Dominus
1476 1247 1511 1274 ad
1548 1247 1657 1275 Patrem
1682 1255 1738 1274 non

946 1294 1086 1326 ascendit;
1104 1294 1138 1321 iis
1149 1301 1216 1321 vero
1230 1294 1276 1328 qui
1289 1294 1406 1329 spiritali
1422 1295 1529 1321 ratione
1545 1302 1595 1329 per
1609 1293 1740 1321 sublimia

946 1347 1027 1367 sensa
1051 1340 1141 1374 ipsum
1167 1339 1326 1374 exquirunt,
1358 1340 1392 1367 ad
1412 1340 1522 1367 Patrem
1537 1339 1672 1367 ascendit.
1690 1338 1741 1366 Ca-

946 1392 1059 1412 veamus
1088 1392 1153 1420 ergo
1179 1392 1215 1412 ne
1243 1392 1354 1420 semper
1376 1385 1404 1412 in
1432 1389 1505 1412 terra
1530 1385 1614 1420 inque
1639 1384 1741 1412 inlimis

946 1438 1010 1458 eum
1035 1435 1188 1463 teneamus,
1206 1430 1254 1465 qui
1275 1435 1390 1465 propter
1408 1438 1460 1458 nos
1472 1431 1602 1457 elementi
1618 1431 1741 1457 bonitate

947 1476 976 1503 in
998 1480 1101 1503 terratn
1117 1476 1281 1508 descendit;
1313 1476 1361 1503 sed
1386 1483 1496 1503 sursum
1514 1475 1548 1502 ad
1565 1476 1674 1503 Patrem
1701 1475 1741 1503 illi

947 1527 1063 1550 comites
1078 1523 1173 1550 relicta
1194 1522 1278 1558 5.96
1293 1526 1368 1550 terra
1392 1530 1424 1549 ac
1439 1530 1500 1556 quae
1523 1526 1634 1550 terrena
1663 1526 1739 1555 sunt,

947 1568 1138 1598 ascendamus,
1159 1575 1194 1595 ne
1216 1567 1298 1595 nobis
1322 1568 1439 1602 perinde
1471 1576 1503 1595 ac
1531 1568 1644 1600 Judmis,
1677 1575 1741 1596 cum

946 1613 1017 1641 nihil
1039 1613 1178 1641 emendati
1199 1617 1302 1645 essent,
1325 1613 1419 1641 dicat:
1444 1613 1525 1646 Vada,
1547 1622 1598 1649 quo
1613 1622 1657 1641 vos
1688 1622 1742 1642 non

947 1661 1055 1696 potestis
1087 1661 1176 1686 uenire
1199 1659 1220 1686 ⁸.
1247 1660 1304 1687 Nisi
1330 1661 1404 1687 enim
1433 1660 1576 1687 Sermonis
1610 1668 1673 1696 ope,
1707 1661 1741 1688 ad

947 1705 1088 1733 Sermonis
1110 1705 1220 1732 Patrem
1244 1705 1338 1732 venire
1364 1705 1478 1733 minime
1507 1713 1670 1733 concessum
1687 1710 1740 1734 est.

981 1751 1026 1779 48.
1046 1751 1240 1779 Chaldaeorum
1260 1755 1344 1784 terra,
1364 1751 1420 1778 vita
1438 1756 1481 1779 cst
1504 1751 1580 1778 vitiis
1596 1750 1690 1778 dedita
1714 1755 1743 1779 et

946 1799 1105 1832 libidinosa,
1128 1800 1156 1826 in
1180 1807 1235 1834 qua
1262 1799 1436 1826 fabricantur
1458 1803 1486 1827 et
1509 1799 1660 1826 adorantur
1678 1807 1743 1834 pec-

948 1851 1071 1874 catorum
1095 1846 1178 1872 idola.
1205 1846 1402 1880 Mesopotamia
1430 1850 1534 1878 autem,
1564 1853 1656 1872 mores
1678 1849 1742 1872 sunt

948 1892 1093 1919 contrariis
1107 1891 1260 1919 connnistis
1273 1891 1418 1926 ancipites.
1439 1891 1525 1918 Terra
1539 1891 1661 1926 denique
1676 1899 1742 1926 pro-

948 1939 1041 1972 missa,
1068 1943 1156 1967 status
1177 1939 1259 1966 bonis
1281 1939 1412 1966 omnibus
1437 1939 1588 1966 confertus.
1611 1939 1742 1974 Quisquis

949 1993 1014 2020 ergo
1026 1993 1101 2013 more
1116 1985 1218 2013 veteris
1237 1985 1347 2012 lsraelis
1361 1986 1466 2012 huncce
1480 1986 1603 2013 habitum
1617 1987 1741 2021 negligit.

949 2032 976 2058 in
994 2031 1124 2059 vitiorum
1145 2040 1243 2060 rursus
1265 2040 1296 2060 ac
1317 2031 1557 2067 perturbationum
1580 2032 1742 2059 servitutem

951 2077 1079 2110 trahitur,
1100 2078 1212 2111 amissa,
1233 2086 1314 2113 quam
1341 2078 1497 2105 libertatem
1520 2077 1611 2105 fuerat
1644 2085 1742 2105 conse-

950 2128 1041 2151 cutus.

945 2188 949 2192 ι
985 2170 1029 2197 49.
1047 2169 1254 2198 Observandum
1268 2174 1320 2203 est,
1339 2178 1393 2197 non
1412 2170 1501 2198 videri
1517 2173 1676 2198 sanctorum
1692 2169 1742 2196 ali—

104 2215 232 2251 φαίνεται
244 2213 383 2241 κατελθὼν
393 2214 433 2245 εἰς
446 2213 496 2248 τὴν
508 2212 690 2239 Βαϐυλωνίαν.
701 2211 737 2239 Οὐ
748 2212 802 2247 γὰρ
810 2211 897 2246 θέμις,

950 2224 1032 2252 quem
1062 2216 1152 2251 ipsum
1176 2220 1274 2251 sponte
1302 2216 1330 2243 in
1360 2216 1527 2252 Babylonem
1555 2216 1742 2244 descendisse.

102 2259 168 2286 οὔτε
181 2258 315 2290 συνέσεώς
330 2259 387 2285 ἐστι
404 2258 532 2293 λογικῆς,
552 2257 606 2284 τῶν
626 2257 736 2292 ἀγαθῶν
760 2256 898 2292 ἀνθαιρεῖ-

106 2306 171 2332 σοαι
187 2305 222 2331 τὰ
241 2305 362 2340 χείρονα,
379 2306 442 2337 τοὺς
461 2305 506 2332 τὸν
521 2305 588 2331 Θεὸν
613 2303 787 2338 ἀγαπῶντας.
814 2304 846 2330 Et
870 2303 899 2329 δέ

103 2359 179 2383 τινες
192 2350 283 2377 αὐτῶν
296 2350 368 2378 κατὰ
383 2351 443 2386 βίαν
462 2352 522 2378 ἐκεῖ
543 2351 581 2386 τῷ
597 2350 655 2386 λαῷ
673 2350 896 2385 συναπήχοησαν,

104 2396 222 2432 νοοῦμεν
248 2396 292 2424 διὰ
317 2397 418 2423 τούτων
445 2397 508 2428 τοὺς
536 2397 572 2432 μὴ
590 2396 812 2431 προηγουμένως,
829 2396 898 2422 ἀλλὰ

104 2443 179 2470 κατὰ
193 2444 352 2479 περίστασιν
370 2443 416 2478 (ε),
435 2443 573 2479 σωτηρίας
594 2443 687 2469 ἕνεκεν
706 2442 761 2468 τῶν
781 2443 898 2478 χρῃζου-

151 2519 251 2549 'Joan.
267 2528 312 2554 xx,
333 2521 378 2548 17.
415 2521 426 2537 ³
442 2520 511 2548 ibid.
527 2520 570 2548 19.
610 2519 621 2536 ⁸
632 2520 712 2547 Joan.
725 2527 782 2552 vm,
800 2519 846 2547 21.

145 2587 184 2623 (d)
201 2587 282 2614 Κατὰ
293 2587 351 2621 τὴν
365 2587 544 2623 Γαλιλαίαν.
555 2586 637 2614 Gesta
658 2586 717 2613 haec
741 2585 899 2622 Hierosoly-

105 2621 178 2655 mis,"
190 2623 249 2657 ipsa
262 2622 485 2650 Resurreetionis
498 2621 602 2657 dictet.
616 2626 678 2656 post
693 2629 753 2648 eam
778 2621 877 2648 octava
890 2641 898 2654 ,

105 2666 160 2686 nec
169 2656 234 2684 ante
249 2658 363 2692 apostoli
374 2657 504 2684 videntur
516 2657 544 2683 in
555 2656 693 2684 Galilaeam
704 2657 875 2683 Concessisse.
890 2677 897 2687 ,

105 2693 182 2729 quod
195 2691 313 2729 Marcius,
327 2693 405 2728 cujus
422 2696 471 2729 est
497 2691 571 2718 istud
588 2696 680 2729 caput,
706 2692 781 2729 illius
799 2700 896 2729 marri-

106 2727 176 2760 idw,
192 2728 237 2759 17,
253 2736 308 2755 non
323 2727 389 2755 satis
402 2727 512 2754 videtur
529 2727 679 2754 attendisse
693 2735 699 2752 :
723 2727 782 2754 sive
807 2727 897 2754 noluit

107 2763 246 2791 Maximus
253 2763 413 2793 emendare.
430 2763 488 2790 sive
502 2762 542 2789 illi
558 2762 654 2789 arrisit
665 2761 746 2788 Marci
756 2762 898 2797 allegoria,

107 2806 172 2833 quae
190 2802 283 2825 tamen
299 2798 348 2825 niti
364 2798 462 2833 debuit
475 2797 534 2832 ipsa
547 2797 587 2833 rei
607 2800 690 2833 gestae
714 2797 840 2833 veritate.
867 2803 898 2824 ut.

107 2831 182 2860 esset
194 2833 320 2867 probata.
333 2833 369 2859 Τὸ
380 2833 408 2859 ὲν
424 2832 462 2866 τῷ
470 2831 598 2866 ὑπερῴῳ.
612 2831 684 2866 quod
697 2831 790 2858 reddit
804 2832 896 2864 Picus,

107 2868 136 2895 ἰι
146 2868 278 2902 tabulato,
292 2868 405 2896 minime
417 2868 517 2903 placet.
527 2867 668 2896 C(Bttaculi
680 2875 742 2902 vox,
753 2868 811 2902 ipsa
823 2872 895 2902 apta,

952 2262 1046 2297 Neque
1069 2262 1142 2289 enim
1162 2261 1204 2289 fas
1222 2265 1275 2294 est,
1305 2269 1355 2289 eve
1388 2262 1504 2289 rationis
1522 2263 1681 2297 prudentia,
1715 2268 1745 2289 ut

952 2308 1000 2342 qui
1024 2309 1111 2335 Deum
1135 2308 1263 2343 diligunt,
1294 2307 1374 2335 bonis
1400 2308 1577 2342 posthabitis,
1600 2316 1657 2343 qua
1681 2313 1745 2336 sunt

950 2353 1090 2381 deteriora
1111 2354 1162 2389 ipsi
1185 2354 1315 2389 deligant.
1340 2354 1387 2380 Sin
1411 2359 1504 2381 autem
1528 2362 1625 2382 eorum
1648 2355 1742 2389 aliqui,

951 2405 1006 2424 una
1021 2406 1083 2425 cum
1098 2398 1200 2433 populo
1214 2398 1240 2425 vi
1261 2399 1308 2425 illo
1329 2398 1419 2425 abacti
1440 2402 1504 2426 sunt
1523 2403 1605 2434 atque
1621 2399 1742 2431 abducti,

950 2443 1051 2470 horum
1071 2443 1158 2478 ﬁgura
1172 2443 1234 2471 illos
1250 2443 1445 2478 intelligamus,
1461 2443 1508 2478 qui
1525 2452 1581 2471 non
1595 2444 1647 2479 ipsi
1661 2445 1745 2472 desti-

950 2590 1125 2624 sacroque‘et
1140 2585 1256 2624 profano
1268 2594 1319 2614 usu
1334 2591 1445 2624 recepta
1455 2596 1462 2620 ;
1477 2587 1525 2615 sed
1538 2587 1612 2623 quod
1625 2595 1743 2624 sequen-

949 2622 1026 2649 tibus
1043 2621 1154 2658 reddit:
1168 2621 1242 2653 Quod
1256 2631 1303 2657 per
1324 2621 1555 2658 tranquillitatem
1567 2628 1590 2650 et
1614 2621 1738 2650 distribu-

950 2658 1047 2694 tionom
1064 2657 1178 2691 Spiritus
1198 2658 1284 2694 sancti
1297 2658 1441 2694 insit/flans
1456 2659 1556 2694 confert
1577 2659 1743 2694 a/feclionum

947 2693 1107 2719 vacuitatem
1119 2700 1128 2718 :
1141 2692 1285 2728 nesciocui
1296 2692 1378 2720 bilem
1390 2701 1445 2721 non
1457 2692 1574 2721 moveat.
1586 2692 1637 2721 Per
1649 2701 1742 2728 pacem

948 2732 976 2755 et
987 2727 1200 2754 insulllationem
1218 2727 1320 2762 (dando
1331 2728 1438 2755 scilicet
1450 2737 1544 2762 pacem
1556 2734 1584 2755 et
1601 2727 1744 2756 insulllan-

949 2763 995 2796 do)
1011 2763 1069 2790 haec
1085 2762 1202 2798 Domino
1229 2763 1368 2797 praestita;
1388 2763 1452 2790 data
1480 2764 1665 2798 tranquillitas
1693 2771 1742 2791 seu

949 2797 1173 2832 imperturbatio,
1188 2797 1259 2825 data:
1272 2797 1391 2832 Spiritus
1406 2800 1492 2826 sancti
1507 2797 1740 2832 distributiones;

949 2841 1003 2860 non
1021 2841 1070 2867 per
1084 2833 1142 2860 hmc
1158 2833 1266 2860 dicatur
1283 2833 1447 2861 insulllasse.

986 2867 1020 2904 (ι’)
1043 2867 1130 2895 Ἀλλὰ
1144 2867 1219 2895 κατὰ
1229 2869 1426 2906 περίστασιν.
1440 2870 1535 2905 Μαῖα,
1549 2878 1610 2906 cap.
1630 2869 1672 2898 l9.
1687 2867 1740 2904 0p-
