1951 3076
211 151 275 185 1147

796 152 826 181 S.
844 150 986 181 ΜΑΧΙΜΙ
1004 149 1255 180 CONFESSORIS

1765 151 1836 182 1H!

211 214 274 236 nata
305 209 458 241 voluntate,
489 209 537 237 sed
557 217 620 237 casu
637 209 730 244 aliquo
759 217 792 237 ac
819 209 995 240 necessitate,

1064 217 1101 234 ων
1118 207 1311 242 χειραγωγίας,
1328 206 1446 241 ἀςέντας
1462 206 1507 233 τὸν
1523 206 1687 242 ὑψηλότερον
1701 208 1751 242 τῆς
1760 207 1834 241 γνώ-

212 262 306 282 eorum
318 255 413 282 salutis
426 262 508 282 causa
522 255 568 290 qui
582 255 651 282 duce
664 258 762 290 egeant
775 263 806 282 ac
818 258 996 290 praeceptore,

212 300 366 328 sublimiori
386 300 508 328 scientiae
524 308 650 329 sermone
667 302 801 336 tantisper
814 301 925 332 omisso,
938 308 999 335 qua:

212 345 246 372 de
261 341 336 372 vitiis
349 349 390 372 est
408 350 437 373 et
455 346 611 380 aﬂ‘eetibus,
627 351 816 382 exsequuntur
835 347 997 374 doctrinam.

212 389 336 425 Iliaeque
353 391 423 418 adeo
442 397 486 419 est
502 400 551 420 cur
563 396 591 419 et
610 400 726 428 magnus
740 392 888 428 Apostolus
904 392 999 420 utilius

212 435 377 469 iudicaverit
391 444 452 464 esse
470 437 498 464 in
511 445 593 464 carne
609 438 759 473 (immorari
773 438 878 465 scilicet
891 445 1000 464 morum

212 480 346 508 doctrinae
365 481 393 508 in
408 482 606 516 discipulorum
620 483 748 519 gratiam)
766 491 827 510 cum
847 487 905 510 toto
926 483 1001 510 desi-

213 526 293 553 derio
319 531 426 561 optaret
445 535 478 554 ea
494 528 610 561 exsolvi,
632 535 664 555 ac
685 536 734 563 per
753 529 1001 563 supermundanam

214 570 421 607 simplicemque
434 573 535 600 mentis
552 574 822 608 contemplationem,
843 581 905 601 cum
920 574 1002 601 Chri-

214 619 256 642 sto
275 617 380 643 versari
399 617 422 644 ⁵.

250 661 293 689 50.
314 661 551 695 Quemadmodum
583 663 704 697 Saulem,
741 670 858 700 angente
884 666 1003 702 maligno

217 707 327 741 spiritu.
342 709 440 736 beatus
460 710 544 737 David
562 711 674 745 pulsans
697 710 842 743 citharam,
867 712 1002 746 psallens-

217 759 271 785 que
304 752 414 780 levabat
434 753 461 785 ⁸;
486 753 526 780 sic
544 758 572 781 et
590 754 679 781 omnis
695 755 825 789 spiritalis
840 763 941 788 Sermo,
962 764 1004 783 sa-

217 795 359 829 pientibus
382 796 525 832 doctisque
545 798 634 825 sensis
651 805 683 825 ac
707 798 886 826 theorematis
909 799 1005 826 condi-

217 843 273 871 tus,
289 841 367 874 quasi
382 841 478 868 morbo
490 841 597 869 sontico
608 842 777 869 laborantem
792 842 864 870 levat
880 843 1003 870 animum

216 888 298 918 atque
325 889 441 918 recreat,
460 886 495 913 ab
514 891 630 922 augente
647 895 711 914 eum
739 887 811 914 mala
836 888 1003 916 conscientia
1020 877 1041 904 Β

217 929 350 958 liberans.

253 976 296 1004 51.
316 976 414 1005 Colore
432 977 510 1006 rufus
520 986 582 1006 cum
597 979 741 1006 oculorum
759 984 912 1012 venustate,
931 979 1004 1007 haud

217 1028 297 1050 secus
313 1030 346 1049 ac
356 1030 470 1058 magnus
483 1024 580 1057 David,
596 1025 735 1057 exsistit',
752 1025 800 1059 qui
818 1033 880 1053 cum
896 1025 958 1053 vitae
972 1033 1006 1052 ex

217 1060 322 1094 divinis
333 1068 488 1096 rationibus
505 1069 638 1097 institutae
658 1069 794 1101 claritate,
811 1070 933 1097 scientim
946 1078 1005 1097 ser-

218 1119 327 1139 monem
345 1120 399 1140 una
419 1113 583 1140 allucentem
606 1113 745 1148 adiungit;
772 1114 872 1148 quibus
890 1114 1007 1149 geminis

217 1157 290 1185 actio
319 1159 447 1186 consistit
464 1163 493 1186 et
512 1159 726 1194 contemplatio:
748 1159 793 1186 illa
809 1159 931 1194 quidem,
951 1160 1008 1187 vir-

218 1208 308 1231 tutum
327 1205 457 1239 praeclare
483 1204 573 1232 modis
592 1206 703 1239 nitens;
719 1205 777 1233 inec
801 1213 877 1238 vero,
904 1205 1009 1234 divinis

217 1249 307 1277 seusis
324 1257 356 1277 ac
373 1250 561 1286 conceptibus‘
570 1251 775 1286 splendescens.

254 1296 299 1323 52.
315 1296 405 1324 Saulis
426 1305 550 1332 regnum,
573 1298 723 1333 corporalis
749 1297 817 1333 legis
833 1298 924 1326 cultus
936 1305 1009 1333 pra:-

219 1339 272 1367 fert
292 1339 453 1375 imaginem;
470 1348 551 1375 quem
571 1341 706 1370 Dominus
724 1341 874 1377 abrogavit,
888 1349 921 1369 eo
934 1341 1008 1377 quod

219 1385 287 1412 nulli
314 1390 459 1419 praestaret
484 1385 566 1421 497
588 1386 802 1414 absolutionem.
825 1386 897 1413 Nihil
922 1387 1006 1420 enim,

218 1430 319 1465 inquit,
337 1431 372 1458 ad
385 1432 528 1466 perfectum
538 1433 647 1460 adduxit
661 1432 702 1459 lea:
710 1433 731 1460 ⁸.
747 1433 835 1468 Magni
850 1438 941 1460 autem
958 1434 1010 1461 Da-

221 1476 291 1503 vidis
311 1485 436 1512 regnum,
456 1477 542 1512 ﬁgura
559 1482 602 1505 est
616 1479 707 1506 cultus
724 1479 892 1514 evangelici;
907 1479 1009 1514 quippe

220 1520 267 1555 qui
279 1528 374 1548 omnes
393 1521 421 1548 in
438 1522 520 1549 corde
532 1522 580 1549 Dei
595 1522 761 1551 exsistentes
774 1523 929 1551 voluntates
944 1532 1009 1558 per-
1022 1537 1043 1568 ο

221 1566 292 1593 recte
309 1567 507 1601 complectatur
516 1567 536 1594 θ.

255 1611 300 1638 55.
320 1611 396 1644 Saul,
407 1616 512 1640 natura:
524 1613 567 1640 lex
583 1617 634 1646 est.
648 1614 720 1642 cuia
737 1614 874 1649 principio
903 1619 1010 1642 natum

222 1655 367 1690 imperium
384 1663 398 1683 a
414 1656 471 1684 Deo
482 1657 670 1685 concreditum
685 1662 737 1685 est.
753 1659 778 1686 ls
797 1666 880 1693 pcrro
902 1666 951 1693 per
968 1658 1010 1686 in-

221 1702 407 1730 obedientiam
422 1702 545 1730 divinum
564 1706 752 1739 transgressus
763 1705 934 1737 mandatum,
948 1713 1010 1740 par-

222 1748 309 1776 cendo
321 1749 394 1783 Agag
408 1748 464 1783 regi
481 1748 592 1777 Amalec
607 1749 670 1785 (hoc
681 1754 732 1782 est,
749 1750 882 1785 corporis)
904 1751 1010 1785 lapsus-

222 1801 275 1828 que
290 1793 318 1820 in
330 1793 396 1821 vitia
414 1801 446 1821 ac
463 1794 604 1827 libidines,
620 1803 707 1830 regno
722 1796 827 1831 eiectus
842 1800 884 1823 est
898 1798 920 1812 ¹⁰
933 1805 940 1828 ;
955 1804 1010 1830 quo

223 1841 328 1867 scilicet
364 1840 449 1867 David
481 1840 610 1868 lsraelem
642 1842 792 1877 regendum
830 1842 1008 1877 susciperet:

223 1893 322 1920 nempe
348 1886 392 1912 lex
429 1886 554 1920 spiritus.
582 1887 640 1921 ipsa
674 1887 754 1914 Pacis
779 1889 788 1897 ‘
818 1895 918 1924 parens
950 1895 1011 1922 quae

224 1930 606 1966 contemplationistemplum
624 1931 681 1959 Deo
708 1932 851 1968 magniﬁce
877 1936 1010 1959 exstruat.

259 2019 302 2047 54.
314 2020 435 2054 Samuel,
451 2020 474 2048 si
490 2028 591 2048 nomen
608 2020 810 2055 interpreteris,
825 2020 871 2047 Dei
889 2020 1012 2047 obedien-

224 2067 262 2092 tia
276 2065 386 2093 dicitur.
409 2066 537 2099 Quandiu
561 2074 626 2101 ergo
637 2074 687 2101 per
710 2066 896 2093 obedientiam
917 2066 1011 2092 Sermo

225 2111 252 2138 in
263 2111 343 2138 nobis
369 2111 522 2138 sacerdotio
539 2111 673 2146 fungitur,
703 2111 812 2138 tametsi
836 2111 901 2138 Saul
921 2110 1012 2145 Agaga

225 2160 319 2191 parcat
335 2156 457 2195 (terreno
472 2156 579 2183 scilicet
598 2156 702 2191 sensui)
728 2157 786 2183 zelo
808 2161 898 2184 tamen
916 2164 1013 2184 accen-

225 2210 273 2229 sus
298 2202 394 2229 Sermo
419 2202 557 2234 sacerdos,
586 2202 662 2229 illum
685 2202 797 2236 perimit
819 2202 851 2234 “,
876 2202 1012 2229 animum-

226 2255 279 2282 que
305 2247 409 2281 peccati
431 2247 544 2274 libidine
567 2248 720 2282 impensum
745 2248 934 2280 confundens,
962 2256 1011 2275 ceu

226 2293 383 2320 divinorum
403 2294 757 2329 transgressoremjurium,
779 2294 906 2329 percellit
919 2301 950 2321 ac
973 2293 1012 2321 fe-

227 2338 273 2365 rit.
566 2342 570 2345 ‘

259 2383 372 2411 55.»Ubi
386 2384 493 2411 animus
504 2384 632 2419 superbia
646 2384 744 2416 elatus,
755 2384 890 2412 doctrina:
904 2391 1010 2411 serum-

225 2436 300 2461 ncm,
329 2436 411 2463 aquo
434 2428 566 2456 adversus
594 2428 660 2455 vilia
688 2429 857 2464 aﬂ‘ectusque
881 2428 1011 2455 inunctus

254 2519 263 2533 ⁵
276 2517 363 2552 Philip

227 2552 271 2580 "l
287 2553 353 2587 Reg.
370 2561 414 2585 xv,
430 2552 457 2580 9.
496 2553 517 2568 “
539 2552 549 2579 ῐ
567 2553 634 2587 Reg.
662 2560 706 2585 xv,
729 2552 772 2579 17.

1050 262 1117 285 σεως
1142 254 1230 287 λόγον,
1252 253 1300 280 καὶ
1316 253 1364 288 τὴν
1382 253 1445 288 περὶ
1456 252 1548 279 παθῶν
1566 252 1782 288 μετερχομένους
1793 252 1834 280 δι-

1048 299 1195 326 δασκαλίαν
1210 305 1217 313 ’
1245 298 1306 325 καθ’
1329 299 1362 334 ἣν
1390 299 1437 324 καὶ
1462 299 1476 324 6
1504 298 1589 333 μέγας
1618 297 1778 330 Ἀπὸστολος
1805 299 1834 324 ἐν

1049 346 1131 380 σαρκὶ
1143 344 1360 380 λυσιτελέστερον
1386 343 1492 379 ἔκρινεν
1517 341 1586 369 εἶναι
1602 351 1609 358 ·
1641 344 1774 374 τουτέστι,
1799 344 1833 377 τῇ

1048 391 1129 426 ἡθικῇ
1145 389 1312 425 διδασκαλίᾳ,
1327 390 1370 417 διὰ
1391 389 1453 420 τοὺς
1469 388 1592 424 μαθητάς
1606 397 1613 404 ⁸
1629 388 1688 414 ὅλον
1705 387 1774 422 ἔχω’·
1788 387 1835 413 τὸν

1050 434 1131 460 πόθον
1162 433 1294 461 ἀναλῦσαι
1320 434 1368 468 τῆς
1394 432 1493 468 ἠθικῆς
1515 432 1697 464 διδασκαλίας,
1723 433 1771 459 καὶ
1787 432 1835 458 σὺν

1049 479 1160 515 Χριστῷ
1174 480 1311 514 γενέσθαι,
1335 479 1380 506 διὰ
1401 479 1451 514 τῆς
1473 477 1544 506 κατὰ
1561 478 1624 505 νοῦν
1646 478 1835 514 ὑπερκοσμίου

1050 527 1098 553 καὶ
1114 526 1202 562 ἁπλῆς
1218 526 1343 561 θεωρίας.

1086 662 1117 685 ν’.
1139 658 1245 693 Ὥσπερ
1270 657 1433 692 πνιγόμενον
1454 655 1493 690 τῷ
1516 654 1625 690 πονηρῷ
1640 655 1776 689 πνεύματι
1791 652 1845 681 τὸν

1052 704 1145 736 Σαοὺλ,
1159 703 1267 738 ψάλλων
1284 703 1353 738 μετά
1370 702 1420 736 τῆς
1444 700 1574 736 κιννύρας
1595 700 1730 726 ἀνέπαυεν
1749 700 1764 725 6
1787 707 1842 733 μα-

1052 751 1147 786 κάριος
1170 749 1251 776 Δαὸίδ
1268 757 1275 766 ·
1299 749 1370 775 οὕτω
1394 748 1440 775 καὶ
1467 748 1521 778 πᾶς
1543 747 1621 780 λόγος
1644 745 1839 780 πνευματικὸς,

1052 797 1212 830 γνωστικοῖς
1234 795 1396 831 ὴδυνύμενος
1421 794 1606 829 θεωρήμασιν,
1633 791 1766 818 ἀναπαύει
1793 790 1841 816 τὸν

1054 841 1302 876 ἐπιληπτευόμενον
1313 840 1386 873 νοῦν,
1410 840 1459 874 τῆς
1478 838 1627 873 πνιγούσης
1649 836 1730 864 αὑτὸν
1754 845 1842 871 πονη-

1057 888 1107 923 ρᾶς
1123 886 1272 922 ἐλευθερῶν
1284 886 1475 920 συνειδήσεως.

1090 978 1141 1002 va’.
1158 973 1307 1010 Πυρῤάκης
1323 973 1392 1008 μετὰ
1403 972 1518 1003 κάλλους
1533 970 1681 1006 ὀφθαλμῶν
1696 970 1754 996 ἔστι
1770 969 1842 996 κατὰ

1055 1022 1100 1048 τὸν
1119 1022 1203 1056 μέγαν
1218 1020 1300 1047 Δαὸὶδ
1312 1020 1379 1055 (Η),
1396 1020 1410 1046 ὸ
1434 1019 1472 1053 τῷ
1494 1017 1600 1053 φαιδρῷ
1616 1016 1661 1043 τοῦ
1683 1016 1751 1042 κατὰ
1774 1015 1843 1042 Θεὸν

1058 1069 1127 1103 βίου,
1143 1067 1189 1094 τὸν
1205 1067 1255 1101 τῆς
1272 1065 1397 1100 γνώσεως
1411 1065 1488 1097 λόγον
1499 1064 1568 1098 ἔχων
1590 1062 1841 1096 συνεπιλάμπονταο

1057 1113 1117 1141 καθ’
1132 1112 1178 1145 οὓς
1191 1114 1208 1147 ἡ
1225 1112 1323 1148 πρᾶξίς
1337 1120 1367 1138 τε
1386 1111 1433 1136 καὶ
1459 1111 1475 1145 ή
1502 1109 1602 1145 θεωρία
1624 1107 1822 1143 συνεστήκασιν
1833 1115 1842 1122 ·

1057 1162 1073 1195 ἡ
1092 1160 1151 1195 μὲν,
1168 1158 1271 1194 ἀρετῶν
1283 1155 1497 1192 λαμπρυνομένη
1512 1156 1624 1191 τρόποις
1636 1163 1642 1170 ·
1659 1155 1676 1188 ἠ
1697 1153 1736 1185 δὲ,
1758 1152 1843 1184 θείοις

1058 1206 1228 1241 φωτιζομένη
1242 1205 1384 1240 νοήμασιν.

1092 1298 1142 1333 νβ’.
1165 1297 1198 1324 Ἦ
1217 1297 1266 1332 μὲν
1282 1295 1328 1323 τοῦ
1345 1295 1431 1322 Σαοὺλ
1447 1295 1580 1331 βασιλεία,
1606 1296 1655 1331 τῆς
1683 1295 1846 1330 σωματικῆς

1058 1343 1105 1370 τοῦ
1118 1344 1201 1378 νόμου
1216 1341 1341 1376 λατρείας
1363 1341 1436 1368 ἐστὶν
1455 1340 1537 1367 είκὼν
1552 1349 1559 1356 ·
1578 1341 1636 1376 ἢνὸ
1661 1340 1762 1375 Κύριος
1779 1349 1848 1367 κατ-

1059 1390 1191 1425 ήργησεν,
1218 1387 1255 1419 ὡς
1271 1387 1354 1422 μηδὲν
1372 1385 1567 1413 τελειώσασαν.
1583 1386 1679 1413 οὐδὲν
1697 1386 1763 1422 γὰρ,
1789 1395 1847 1422 φη-

1059 1437 1112 1467 σὶν,
1130 1433 1304 1461 ἐτελείωσεν
1317 1433 1334 1459 ό
1344 1433 1445 1466 νόμος.
1465 1433 1498 1458 Ἦ
1510 1432 1537 1458 δὲ
1553 1431 1600 1459 τοῦ
1620 1432 1736 1467 μέγαλου
1762 1432 1848 1458 Δαῆὶδ

1061 1481 1192 1517 βασιλεία,
1207 1480 1256 1514 τῆς
1271 1478 1451 1514 εὐαγγελικῆς
1464 1479 1523 1505 ἐστι
1547 1478 1674 1514 λατρείας
1699 1478 1848 1513 προδιατύ-

1059 1535 1146 1557 πωσις
1159 1534 1167 1541 ·
1183 1525 1272 1552 πάντα
1285 1524 1339 1559 γὰρ
1349 1523 1383 1550 τὰ
1398 1525 1427 1550 ὲν
1441 1523 1538 1560 καρδίᾳ
1552 1523 1600 1550 τοῦ
1618 1523 1685 1550 Θεοῦ
1703 1524 1848 1559 θελήματα

1062 1571 1170 1602 τελείως
1185 1570 1317 1606 περιέχει.

1100 1614 1148 1649 νγ’.
1171 1615 1199 1641 '0
1216 1614 1310 1645 Σαοὺλ,
1326 1615 1339 1642 6
1354 1614 1467 1648 φυσικός
1482 1614 1539 1652 ἐστι
1556 1612 1637 1647 νόμος
1651 1621 1658 1628 ·
1681 1613 1695 1639 6
1713 1613 1773 1639 κατ’
1795 1613 1849 1648 ἀρ-

1062 1661 1112 1697 χὰς
1132 1660 1269 1697 κυριεύειν
1286 1660 1336 1694 τῆς
1351 1659 1459 1694 φύσεως
1474 1659 1549 1695 παρὰ
1564 1659 1611 1686 τοῦ
1628 1659 1731 1694 Κυρίου
1744 1659 1848 1694 λαχών.

1066 1707 1113 1738 Ὃς
1133 1706 1225 1741 ἐπειδὴ
1241 1706 1348 1741 παρέϐη
1365 1706 1414 1740 τὴν
1431 1705 1540 1740 ἐντολὴν
1558 1706 1601 1732 διὰ
1616 1704 1770 1740 παρακοῆς,
1789 1714 1852 1738 (ρει-

1064 1751 1180 1786 σάμενος
1202 1749 1249 1777 τοῦ
1277 1749 1363 1784 ’Δγὰγ
1391 1749 1522 1784 βασιλέως
1552 1748 1674 1783 Ἀμάληκ
1690 1756 1698 1763 ·
1725 1748 1852 1774 τουτέστι

1062 1796 1109 1823 τοῦ
1123 1795 1250 1831 σώματος
1265 1804 1272 1810 ‘
1288 1795 1335 1822 καὶ
1349 1795 1417 1830 πρὸς
1433 1794 1467 1821 τὰ
1485 1794 1558 1830 πάθη
1576 1793 1741 1820 κατώλισοεν
1756 1801 1763 1807 ·
1782 1793 1850 1825 ἐξω-

1064 1842 1149 1869 θεῖται
1174 1842 1224 1876 τῆς
1249 1841 1396 1876 βασιλείας,
1423 1841 1466 1867 ῐνα
1483 1840 1627 1875 παραλάϐῃ
1647 1839 1692 1866 τὸν
1712 1839 1821 1873 Ἰσραὴλ
1835 1839 1852 1864 6

1063 1888 1146 1915 Δαόἱδ
1158 1896 1165 1902 ·
1182 1887 1320 1914 τουτέστιν
1339 1888 1353 1913 6
1368 1886 1449 1921 νόμος
1463 1885 1510 1912 τοῦ
1528 1885 1693 1920 πνεύματος,
1712 1884 1726 1910 ὁ
1746 1883 1852 1917 γεννῶν

1063 1933 1114 1968 τὴν
1128 1933 1241 1969 είρήνην
1261 1932 1309 1967 τὴν
1332 1932 1526 1968 οἰκοδομοῦσαν
1550 1930 1706 1966 περιφανῶς
1727 1929 1766 1964 τῷ
1790 1928 1852 1963 Θεῷ

1063 1979 1109 2005 τὸν
1119 1978 1167 2013 τῆς
1183 1978 1297 2013 θεωρίας
1307 1978 1379 2004 ναόν.

1102 2022 1148 2050 νδ’,
1166 2021 1292 2057 Σαμουὴλ
1304 2021 1424 2055 ὑπακοὴ
1446 2020 1519 2048 Θεοῦ
1537 2019 1727 2056 ἑρμηνεύεται.
1743 2017 1851 2044 Οὐκοῦν

1065 2069 1116 2100 ἕως
1139 2069 1172 2095 ἂν
1193 2068 1253 2095 καθ’
1265 2067 1387 2102 ὑπακοὴν
1402 2068 1416 2093 6
1428 2067 1504 2101 λόγος
1520 2067 1548 2093 ὲν
1564 2067 1629 2101 ἡμῖν
1644 2063 1781 2099 ἱερατεύῃ,
1798 2063 1851 2090 κᾶν

1066 2115 1191 2150 φείσηται
1207 2114 1254 2141 τοῦ
1276 2114 1361 2148 Ἀγὰγ
1379 2114 1393 2140 ὁ
1418 2113 1504 2140 Σαούλ
1519 2121 1527 2128 ·
1542 2112 1677 2143 τουτέστι,
1692 2110 1739 2137 τοῦ
1756 2109 1850 2144 χοῖ.κοῦ

1066 2161 1238 2196 φρονήματος
1250 2168 1257 2174 ·
1275 2159 1332 2186 ἀλλ’
1349 2157 1394 2186 οὖν
1407 2159 1552 2185 ἀποκτενεῖ
1573 2156 1669 2184 τοῦτον
1692 2155 1817 2191 ζηλώσας
1836 2155 1851 2181 6

1028 2212 1048 2239 ι)
1065 2206 1151 2241 ἱερεὺς
1162 2205 1257 2239 Λόγος,
1268 2206 1314 2232 καὶ
1327 2205 1437 2240 πλήττει
1453 2203 1639 2238 καταισχύνων
1649 2202 1694 2228 τὸν
1709 2202 1851 2236 φιλαμαρ-

1064 2253 1169 2287 στήμονα
1180 2252 1253 2283 νοῦν,
1269 2251 1306 2283 ὡς
1319 2251 1481 2287 παραϐάτην
1491 2249 1545 2277 τῶν
1554 2249 1633 2276 θείων
1644 2248 1850 2283 δικαιωμάτων.

1099 2384 1145 2408 νε’.
1165 2381 1250 2407 Ἐπὰν
1266 2381 1279 2406 6
1294 2379 1355 2410 νοῦς
1373 2378 1606 2414 ὑψηλοφρονήσας,
1618 2377 1662 2404 τὸν
1673 2377 1744 2403 κατέι
1755 2376 1854 2403 παθῶν
1871 2412 1874 2413 ν

1063 2427 1145 2454 αὐτὸν
1156 2426 1287 2462 χρίσαντα
1301 2427 1351 2461 τῆς
1364 2424 1536 2455 διδασκαλίας
1555 2423 1635 2458 λόγον
1656 2423 1723 2461 (l2).
1744 2422 1788 2448 διὰ
1801 2421 1854 2455 τῆς

366 2526 392 2552 p.
428 2518 503 2547 1.25.
542 2517 581 2544 ⁸1
605 2517 671 2552 Reg.
705 2525 759 2548 xvt,
782 2517 826 2544 23.
864 2516 958 2543 'ibid.
989 2517 1008 2543 it

1067 2515 1172 2542 “llebr.
1204 2522 1250 2546 vn,
1271 2513 1312 2542 19.
1351 2513 1382 2540 ’l
1401 2513 1467 2548 Reg.
1497 2512 1600 2545 “1,1;
1629 2511 1688 2538 Act.
1716 2518 1774 2543 xui,
1804 2509 1851 2536 22.

264 2631 273 2641 ‘
290 2630 393 2664 Nempe
409 2629 574 2662 Salomonis,
593 2629 666 2665 quod
685 2629 788 2656 dictum
816 2636 831 2656 a
860 2635 927 2663 pace
954 2635 1068 2654 nomen.

229 2708 307 2743 ponit
321 2708 370 2743 τῷ,
387 2708 608 2742 προηγουμένως⁸
623 2706 736 2742 Cogentc
745 2707 835 2742 aliqua
848 2707 1011 2743 necessitate,

229 2742 284 2770 non
304 2742 377 2771 ultro
389 2750 421 2769 ac
433 2743 570 2770 destinata
581 2743 735 2775 Noluntate.
754 2743 834 2769 Picus
853 2742 1013 2776 περίστασιν

231 2778 375 2812 σωτηρίας.
385 2778 582 2804 circumstantia
593 2777 709 2812 quadam
716 2776 822 2807 salutis,
836 2784 885 2812 pro
891 2775 929 2812 eo
940 2775 1014 2810 quod

233 2814 285 2840 cat,
297 2810 440 2847 οωτηρὶας
464 2812 557 2838 ἕνεκεν
571 2819 578 2826 '
599 2810 692 2838 salutis
703 2820 795 2838 causa.
811 2811 858 2847 Ὶίδ,
875 2810 924 2847 τὴν
947 2812 1012 2845 περὶ

233 2846 325 2873 παθῶν
338 2845 550 2882 μετερκομένους
562 2846 745 2879 διδασκαλίαν,
759 2845 832 2880 quod
848 2846 954 2878 reddit,
971 2849 1018 2878 ιιί⁴

1066 2708 1180 2748 [editum
1197 2705 1337 2747 disciplina
1357 2703 1496 2748 ‘prstterita
1505 2702 1609 2748 ilvalde

1066 2738 1210 2776 ipsumque
1221 2738 1281 2774 ejus
1292 2739 1365 2776 quod
1379 2739 1486 2776 Marcus
1505 2738 1690 2776 Maximusqne
1705 2739 1829 2775 statuunt
1844 2755 1852 2767 ,

1067 2771 1251 2806 contrarium}
1272 2771 1308 2801 ac'
1318 2774 1392 2801 velut
1404 2774 1462 2800 hau:
1480 2773 1537 2807 ipsa
1557 2773 1593 2799 sit
1610 2771 1781 2807 sublimioris
1795 2777 1853 2798 scr-

1067 2812 1156 2838 monis
1171 2810 1282 2837 dimissa
1293 2809 1417 2842 scientia,
1436 2806 1497 2835 non
1506 2807 1544 2834 illi
1556 2806 1691 2842 opposita.
