1951 3076
141 164 209 198 1149
245 175 249 178 ’

545 164 712 195 CAPITUM
729 163 866 195 THEOL.
886 164 934 194 ET
952 164 1072 194 (ECON.
1092 164 1288 195 CENTURIA
1308 164 1350 194 II.

1701 164 1770 195 1150

139 222 332 260 προσηκούσης
346 222 460 258 ἐρεύνης
487 222 633 257 ἐπερωτῶν
643 223 707 258 περὶ
721 222 774 249 τῶν
795 222 929 257 ποιητέων

982 221 1080 251 fuerat.
1095 230 1149 256 qua
1161 229 1210 256 par
1221 226 1263 248 est
1274 219 1417 255 diligentia
1440 227 1472 248 ac
1500 220 1641 248 scrutandi
1671 221 1774 248 seduli~

139 270 188 295 καὶ
212 267 242 294 οὐ
269 267 405 302 ποιητέων
422 266 567 300 παύσαιτο,
588 269 644 299 τοῖς
657 267 756 294 πάθεσι
772 268 880 299 πάντως
902 268 930 298 ἐξ

139 312 254 348 ἀγνοίας
280 312 421 339 ἁλίσκεται
436 319 444 327 θ
474 312 508 338 δι’
537 308 573 338 ὦν
597 312 669 339 κατὰ
692 313 775 348 μέρος
793 313 839 339 τοῦ
862 312 930 339 Θεοῦ

138 359 336 394 χωριζόμενος,
351 359 381 384 ὲν
395 359 454 389 ταῖς
464 358 601 390 ἀκουσίοις
613 359 790 394 περιστάσεσι
807 367 931 394 προσχω-

140 405 186 440 ρεῖ
197 405 253 434 τοῖς
280 403 400 438 δαίμοσι,
420 403 470 438 τὴν
486 404 590 431 κοιλίαν
603 404 733 430 θεοποιῶν
746 412 752 419 ·
770 403 874 431 ἐκεῖθεν
887 404 932 430 εὑ-

140 450 236 486 ρέσθαι
250 449 336 476 θέλων
353 449 407 476 τῶν
420 449 567 481 πιεζόντων
582 449 762 484 παράκλησιν.
789 449 843 475 Καὶ
869 457 931 475 πει-

139 496 212 523 θέτω
227 505 255 522 σε
272 495 368 528 Σαοὺλ,
383 497 411 522 ὲν
426 497 493 523 πᾶσι
506 495 656 531 σύμϐουλον
672 497 709 531 μὴ
727 496 871 531 λαμϐάνων
885 496 930 522 τὸν

139 541 279 576 Σαμουὴλ,
296 541 325 573 ἐξ
340 542 461 576 ἀνάγκης
474 541 542 576 πρὸς
557 540 764 575 εἱδωλολατρίαν
779 549 929 575 μεταστρε-

141 587 270 621 φόμενος,
286 587 333 613 καὶ
348 587 396 621 τὴν
419 587 654 623 Ἐγγαστρίμυθον
669 587 706 619 ὠς
728 587 760 622 δή
785 595 848 614 τινα
864 587 930 613 Θεὸν

141 633 154 658 ὲ
159 641 191 658 πε
195 633 284 668 ρωτᾷν
299 633 472 668 ἀνεχόμενος.

177 723 232 752 νς’.
264 720 292 746 '0
307 720 352 746 τὸν
364 720 446 755 ἄρτον
457 720 603 755 εὐχόμενος
613 719 706 747 λαϐεῖν
720 719 767 746 τὸν
781 719 928 751 ἐπιούσιον,

141 766 171 792 οὑ
190 766 298 798 πάντως
315 766 374 793 ὅλον
389 766 499 802 δέχεται
516 766 606 797 καθὼς
623 766 704 797 αὐτὸς
720 767 733 792 ὁ
749 765 830 799 ἄρτος
846 765 928 791 ἐστίν·

141 813 212 839 ἀλλὰ
241 813 332 845 καθὼς
357 813 438 845 αὐτὸς
461 814 475 840 ὁ
495 813 637 848 δεχόμενος
651 812 775 840 δύναται,
798 811 930 846 Πᾶσιμὲν

141 860 196 894 γὰρ
218 860 312 886 ἑαυτὸν
331 859 422 886 δίδωσι
440 861 495 891 τοῖς
514 859 619 886 αἰτοῦσι
630 860 644 885 ὁ
657 859 705 894 τῆς
718 860 788 894 ζωῆς
800 859 879 894 ἄρτος
892 857 929 889 ὡς

142 905 341 940 φιλάνθρωπος,
356 905 386 932 οὐ
401 905 472 932 κατα
488 905 518 932 τὸ
534 905 598 931 αὐτὸ
610 905 638 931 δὲ
659 906 740 931 πᾶσιν
754 913 762 920 σ
783 903 851 930 ἀλλὰ
873 904 929 935 τοῖς

142 950 193 985 μὲν
210 950 314 985 μεγάλα
326 951 499 986 δικαιοσύνης
515 950 583 986 ἔργα
599 950 770 985 πεποιηκόσι,
786 949 923 980 πλειόνως·

139 997 197 1027 τοῖς
220 995 249 1022 δὲ
263 995 365 1022 τούτων
381 996 502 1031 ἥττοσιν,
521 996 640 1029 ἡττόνως
651 1003 658 1011 ·
674 995 782 1031 ἑκάστῳ
803 994 893 1026 καθὼς
910 994 926 1029 ἡ

139 1041 212 1068 κατὰ
223 1040 284 1068 νοῦν
303 1041 367 1074 ἀξία
383 1041 511 1074 δέξασθαι
523 1041 644 1068 δύναται.

173 1176 225 1208 νε.
248 1175 278 1202 Ὀ
297 1175 400 1211 Κύριος
417 1174 483 1201 ποτὲ
501 1174 551 1209 μὲν
565 1174 711 1209 ἀποδημεῖ,
727 1173 791 1201 ποτὲ
804 1173 831 1200 δὲ
847 1173 927 1208 ὲνδη-

138 1223 196 1257 μεῖ.
219 1222 376 1256 ’Δποδημεϊ,
390 1221 461 1248 κατὰ
476 1220 525 1256 τὴν
537 1220 682 1256 πρόσωπον
697 1220 765 1254 πρὸς
782 1219 926 1255 πρόσωπον

137 1267 255 1302 θεωρίαν
269 1275 275 1281 ·
292 1267 413 1302 ἑνδημεῖ,
429 1266 499 1293 κατὰ
511 1267 562 1301 τὴν
587 1267 615 1293 ὲν
638 1266 763 1302 ἐσόπτρῳ
784 1261 832 1292 ita).
854 1265 926 1292 αἰνί-

136 1323 225 1350 γμασι
239 1314 366 1350 θεωρίαν.

172 1404 224 1440 νη’.
242 1405 288 1440 Τῷ
302 1406 351 1440 μὲν
370 1405 526 1441 πρακτικῷ,
548 1406 658 1440 ὲνδημεῑ
681 1405 725 1432 διὰ
748 1404 802 1430 τῶν
820 1403 925 1439 ἀρετῶν

137 1450 151 1476 δ
166 1450 269 1485 Κύριος
281 1459 289 1466 ο
305 1450 352 1477 τοῦ
367 1451 395 1478 δὲ
414 1453 516 1486 μηδένα
531 1452 609 1485 λόγον
623 1450 784 1485 ποιουμένου
797 1449 846 1484 τῆς
862 1450 926 1483 ἁρε-

136 1496 197 1530 τῆς,
211 1497 357 1532 ἀποδημεῖ.
371 1498 425 1523 Καὶ
441 1498 531 1530 πάλιν,
557 1497 595 1532 τῷ
623 1498 671 1532 μὲν
687 1494 856 1531 θεωρητικῷ,
881 1495 925 1522 διὰ

136 1544 264 1577 γνώσεως
276 1543 328 1569 τῶν
342 1544 426 1571 ὄντων
439 1543 556 1578 ἀληθοῦς
571 1544 632 1578 ὲνδη
638 1544 682 1578 μεῖ
694 1550 701 1558 ·
713 1541 760 1568 τοῦ
778 1540 807 1566 δὲ
825 1539 925 1575 ταύτης
939 1552 958 1579 C

136 1589 207 1616 κατά
219 1597 246 1615 τι
254 1589 486 1624 παρασφαλέντος,
497 1589 643 1624 ἀποδημεῖ.

171 1675 223 1703 νϐ’.
242 1675 392 1710 Ἀποδημεῖ
404 1676 514 1712 σαρκὸς,
531 1677 544 1702 ὁ
558 1676 626 1711 πρὸς
640 1676 689 1712 τὴν
705 1677 856 1713 γνωστικὴν
868 1677 926 1709 ἕξιν

139 1722 259 1756 μεταϐὰς
290 1722 343 1749 ἀπὺ
368 1723 417 1753 τῖες
441 1722 595 1757 πρακτικῆς
611 1731 617 1738 ·
635 1723 824 1758 ἁρπαζόμενος
841 1724 880 1755 ὼς
896 1725 925 1750 ὲν

136 1767 274 1800 νεφέλαις,
289 1768 345 1798 τοῖς
356 1767 531 1802 ὑψηλοτέροις
544 1768 688 1802 νοήμασιν,
701 1769 739 1799 εἰς
752 1769 797 1795 τὸν
808 1769 924 1804 διαφανῆ

136 1813 186 1846 τῆς
205 1813 338 1847 μυστικῆς
357 1813 474 1847 θεωρίας
493 1813 563 1848 ἀέρα
580 1822 586 1828 ·
615 1813 675 1840 καθ’
700 1813 729 1839 ὃν
756 1813 804 1839 σὺν
831 1813 925 1848 Κυρίῳ

136 1856 208 1884 εἶναι
237 1857 382 1892 δυνήσεται
406 1859 531 1885 πάντοτε.
552 1858 682 1893 Ἐκδημεί
698 1859 725 1884 δὲ
736 1858 790 1884 ἀπὸ
806 1857 852 1884 τοῦ
869 1859 924 1885 Κυ-

137 1904 209 1938 ρίου,
225 1904 239 1929 ὁ
257 1904 340 1938 μήπω
355 1903 416 1938 δίχα
431 1903 484 1930 τῶν
501 1904 561 1930 κατ’
574 1903 701 1938 αἴσθησιν
716 1903 860 1938 ἐνεργειῶν
873 1912 923 1930 κα-

137 1947 215 1983 θαρῷ
230 1948 271 1974 νοῒ
286 1948 424 1983 θεωρῆσαι
441 1948 511 1975 κατὰ
526 1948 555 1974 τδ
569 1949 678 1983 ἐφικτὸν
693 1948 726 1975 τὰ
745 1949 867 1983 νοήματα
880 1949 924 1975 δυ-

137 1994 265 2027 νάμενος,
281 1995 329 2020 καὶ
342 1994 388 2020 τὸν
400 1995 463 2029 περὶ
478 1994 524 2020 τοῦ
540 1994 643 2030 Κυρίου
657 1994 735 2028 λόγον
750 1994 853 2021 ἁπλοῦν
871 2003 926 2030 χω-

138 2037 182 2072 ρὶς
192 2038 360 2071 αἰνιγμάτων
376 2038 413 2073 μὴ
430 2038 537 2074 χωρῶν.

173 2123 203 2156 ξ’.
227 2123 256 2150 Ὀ
269 2123 315 2150 τοῦ
330 2124 398 2150 Θεοῦ
409 2125 494 2159 Λόγος
514 2126 556 2160 (Ῑ).
573 2126 603 2152 οὐ
622 2126 702 2161 μόνον
717 2125 813 2153 καθότι
826 2126 925 2161 σεσάρ-

136 2178 223 2196 κωται
235 2169 344 2204 λέγεται
361 2170 429 2206 σάρξ
438 2178 446 2187 ’
464 2171 533 2198 ἀλλὰ
543 2171 636 2198 καθότι
650 2172 715 2203 Θεὸς
729 2171 814 2205 Λόγος
832 2171 925 2204 ἁπλῶς

983 271 1048 298 tate,
1065 266 1099 294 de
1113 266 1228 301 agendis
1241 270 1334 293 etnon
1352 265 1465 300 agendis
1482 265 1636 299 percontari
1648 265 1771 297 desierit,

981 311 1094 339 omnino
1106 320 1139 339 ex
1152 311 1304 346 ignorantia
1320 311 1417 338 iisdem
1431 310 1569 338 obnoxius
1599 310 1646 343 fit;
1670 311 1773 345 quibus

982 365 996 385 a
1012 357 1066 384 Deo
1076 357 1208 392 paulatim
1227 357 1370 388 recedens,
1384 356 1510 383 adversis
1535 356 1646 383 casibus
1669 356 1773 390 quibus

982 401 1086 429 invitus
1118 402 1301 432 examinator,
1327 400 1360 428 ad
1394 401 1533 428 dzemoncs
1568 400 1690 433 accedit;
1724 401 1771 434 qui

981 447 1066 474 Deum
1092 451 1218 474 ventrem
1235 447 1321 474 faciat
1335 447 1367 478 ”,
1383 446 1502 481 indeque
1529 454 1545 473 a
1562 446 1650 478 malis,
1669 447 1771 480 quibus

980 493 1126 528 premitur.
1140 493 1263 520 levamen
1281 501 1313 520 ac
1331 492 1459 520 solatium
1477 496 1591 526 quaaraI.
1621 491 1770 526 Fidemun

980 538 1062 565 faciat
1074 539 1149 571 Sanl,
1169 539 1274 566 idcirco
1285 538 1358 573 quod
1373 546 1428 565 non
1446 538 1473 564 in
1488 537 1617 564 onmibus
1630 537 1770 564 consuluit

981 584 1146 617 Samuclem,
1162 584 1318 611 necessario
1329 583 1362 610 ad
1376 583 1512 610 idolorum
1526 582 1689 609 servitutem
1704 575 1771 609 con-

980 637 1086 661 versus,
1105 638 1136 656 ac
1151 630 1199 664 qui
1216 629 1419 663 ventriloquam
1432 636 1481 656 ceu
1502 636 1605 654 numen
1631 628 1769 662 quoddam

980 683 1012 702 ae
1022 675 1166 703 oraculum
1185 675 1330 703 consulere
1350 682 1404 701 non
1419 674 1547 701 abnuerit
1558 673 1590 700 ¹³.

1015 721 1058 749 56.
1079 721 1130 754 Qui
1143 729 1241 756 panem
1257 720 1450 756 quotidianum
1468 724 1546 755 rogat
1561 720 1696 755 accipere,
1713 728 1768 748 non

980 766 1093 793 omnino
1111 770 1196 792 totum
1210 765 1320 799 accipit,
1339 768 1458 799 quantus
1471 764 1528 798 ipse
1546 763 1625 798 panis
1641 767 1693 795 est,
1719 763 1768 790 sed

980 812 1069 847 quoad
1091 811 1236 846 accipienti
1266 819 1315 846 per
1335 810 1494 838 facultatem
1517 809 1592 837 licet.
1613 809 1682 836 Nam
1710 809 1768 844 ipse

980 857 1091 891 quidem
1103 857 1181 892 panis
1193 857 1256 884 vita:
1269 856 1300 887 ¹δ,
1314 863 1450 890 propensa
1474 855 1598 882 bonitate
1623 863 1683 887 sua,
1701 863 1770 882 cun-

979 902 1031 929 ctis
1060 909 1089 930 se
1119 901 1287 936 petentibus,
1304 901 1355 928 etsi
1378 909 1433 928 non
1460 900 1556 928 eadem
1582 900 1710 928 omnibus
1726 908 1769 927 ra-

980 947 1053 975 tione
1070 947 1185 982 parique
1196 947 1388 974 distributione
1400 946 1520 982 praebet;
1539 946 1598 978 sed,
1627 945 1681 973 illis
1703 945 1767 980 qui-

978 993 1040 1020 dem
1066 992 1192 1026 abunde,
1221 993 1269 1027 qui
1298 1000 1395 1027 magna
1421 991 1627 1027 designaverint
1651 991 1768 1026 justitias

977 1047 1076 1074 opera;
1101 1039 1146 1066 his
1172 1043 1264 1066 autem
1279 1038 1327 1073 qui
1346 1038 1468 1065 minores
1490 1037 1658 1068 exstiterint,
1684 1036 1767 1071 paulo

976 1085 1097 1119 parcius,
1113 1084 1213 1119 cuique
1230 1084 1347 1116 scilicet,
1359 1087 1491 1119 quantum
1505 1091 1554 1118 pro
1568 1083 1652 1110 animi
1678 1082 1768 1118 digni-

978 1134 1032 1158 tate
1047 1135 1130 1165 atque
1146 1131 1246 1158 merito
1263 1134 1351 1165 potest
1363 1137 1472 1164 capere.

1012 1177 1056 1204 57.
1070 1177 1213 1208 Dominus,
1224 1176 1323 1212 partim
1335 1175 1447 1210 quidem
1461 1174 1573 1207 absens,
1586 1174 1686 1209 partim
1698 1182 1767 1208 przr-

976 1229 1040 1249 sens
1058 1226 1111 1249 est.
1142 1221 1249 1248 Absens
1260 1225 1313 1253 est,
1335 1220 1409 1255 quod
1425 1220 1458 1247 ad
1479 1227 1539 1247 eam
1556 1219 1688 1246 visionem
1704 1217 1768 1245 atti-

975 1271 1033 1299 net,
1044 1274 1105 1302 quae
1120 1271 1161 1294 est
1172 1266 1238 1294 facie
1249 1267 1282 1294 ad
1290 1266 1373 1302 498
1384 1266 1498 1298 faciem;
1509 1269 1551 1292 est
1562 1265 1764 1299 vero’praasens,

976 1316 1108 1347 quantum
1121 1312 1153 1338 ad
1167 1319 1227 1338 eam
1240 1310 1497 1346 contemplationem
1505 1309 1600 1344 quaein
1610 1308 1723 1344 speculo
1734 1315 1767 1336 ac

975 1358 1118 1391 tenigmate
1130 1361 1172 1384 est
1183 1357 1216 1384 ".

1012 1403 1055 1430 58.
1075 1403 1179 1437 Ei,qni
1210 1410 1239 1429 Se
1258 1401 1360 1429 actioni
1384 1400 1530 1435 impendit,
1557 1399 1690 1426 Dominus
1717 1406 1766 1433 per

975 1449 1092 1476 virtutes
1117 1449 1210 1480 adest;
1227 1448 1261 1474 ab
1279 1455 1313 1474 eo
1334 1451 1427 1474 autem
1447 1445 1495 1481 qui
1524 1446 1627 1473 nullam
1654 1444 1766 1471 virtutis

976 1494 1113 1521 rationem
1142 1492 1234 1522 habet.
1263 1499 1378 1527 peregre
1398 1495 1451 1522 est.
1482 1482 1644 1523 Rursusque
1664 1488 1766 1515 colenti

975 1537 1131 1568 scientiam,
1149 1544 1180 1563 ac
1194 1535 1419 1570 contemplationi
1439 1534 1532 1562 dedito
1544 1542 1593 1568 per
1606 1541 1696 1560 veram
1723 1541 1766 1559 re-

976 1591 1035 1610 rum
1049 1582 1234 1616 cognitionem
1248 1588 1368 1615 przesens
1378 1580 1428 1613 fit;
1444 1580 1477 1606 ab
1501 1587 1535 1607 eo
1548 1583 1639 1606 autem
1668 1578 1767 1606 absens

976 1633 1028 1659 est,
1044 1627 1092 1662 qui
1106 1628 1161 1654 ulla
1175 1627 1281 1654 ratione
1296 1627 1330 1654 ab
1346 1634 1377 1653 ea
1390 1625 1571 1652 aberraverit.

1010 1674 1054 1701 59.
1072 1673 1190 1707 Peregre
1198 1676 1240 1698 est
1252 1679 1266 1698 a
1287 1679 1379 1702 carne,
1397 1671 1443 1705 qui
1462 1670 1496 1697 ab
1519 1669 1628 1696 actione
1650 1668 1767 1696 commi-

975 1718 1063 1753 gravit
1075 1717 1108 1744 ad
1124 1716 1247 1744 scientiae
1264 1716 1409 1747 habitum;
1440 1714 1487 1750 qui
1503 1714 1579 1741 velut
1597 1713 1624 1739 in
1643 1713 1765 1740 nubibus

975 1763 1099 1797 rapiatur
1128 1761 1304 1796 (sublimibus
1331 1760 1438 1787 scilicet
1460 1759 1560 1794 sensis)
1589 1759 1618 1785 in
1643 1758 1766 1794 mystica:

975 1807 1215 1842 contemplationis
1238 1806 1405 1841 pellucidum
1430 1813 1533 1836 acrem,
1548 1804 1596 1831 ubi
1620 1812 1680 1831 esse
1702 1811 1765 1830 cum

974 1853 1090 1882 Domino
1106 1860 1214 1887 semper
1227 1852 1329 1887 pot’erit
1345 1852 1378 1883 “_
1391 1851 1508 1886 Peregre
1520 1858 1587 1877 vero
1608 1853 1651 1877 est
1672 1857 1686 1875 a
1712 1849 1766 1876 Do-

974 1899 1059 1930 mino,
1077 1898 1124 1933 qui
1139 1898 1257 1934 necdum
1271 1897 1376 1924 otiante
1391 1904 1474 1923 sensu
1494 1896 1608 1931 ejusque
1636 1895 1765 1922 submota

974 1944 1092 1974 actione,
1119 1950 1188 1977 pura
1218 1946 1321 1974 mente,
1347 1949 1427 1968 sensa
1451 1941 1521 1976 ipsa,
1545 1939 1635 1975 quoad
1660 1939 1765 1967 homini

973 1993 1136 2015 concessum
1165 1990 1217 2018 est,
1247 1985 1429 2020 contemplari
1461 1984 1609 2019 potest;is
1631 1984 1763 2018 denique,

973 2033 1021 2067 qui
1040 2032 1193 2067 simplicem
1211 2032 1245 2059 de
1259 2032 1314 2058 Deo
1327 2039 1483 2060 sermonem
1497 2035 1580 2065 atque
1599 2029 1764 2062 doctrinam,

974 2078 1078 2112 absque
1097 2078 1273 2112 :enigmatum
1291 2076 1441 2103 involucris
1455 2083 1511 2102 non
1527 2075 1610 2109 capit.

1010 2124 1054 2152 60.
1072 2124 1120 2151 Dei
1135 2123 1267 2154 Verbum,
1285 2122 1386 2149 nedum
1399 2129 1453 2156 qua
1474 2121 1582 2149 ratione
1596 2128 1707 2148 carnem
1724 2128 1767 2148 as-

977 2169 1103 2203 sumpsit,
1119 2176 1184 2195 earo
1198 2169 1367 2203 appellatur;
1383 2167 1429 2195 sed
1447 2175 1501 2202 qua
1517 2167 1599 2194 etiam
1610 2167 1683 2194 Deus
1698 2166 1767 2194 Ver-

137 2216 281 2251 νοούμενος
296 2217 324 2243 ὲν
336 2217 406 2252 ἀρχῇ
425 2217 494 2253 πρὸς
506 2218 552 2244 τὸν
567 2217 632 2244 Θεὸν
647 2218 694 2245 καὶ
725 2218 845 2253 Πατέρα,
879 2218 926 2244 καὶ

981 2215 1042 2241 bum
1054 2214 1217 2248 simpliciter
1229 2214 1256 2240 in
1271 2213 1407 2248 principio
1423 2213 1495 2248 apud
1511 2213 1597 2239 Deum
1613 2216 1640 2239 et
1657 2212 1766 2239 Patrem

137 2264 235 2295 σαφεῖς
252 2271 298 2288 και
312 2264 433 2298 γυμνοὺς
446 2264 510 2295 τοὺς
520 2264 569 2298 τῆς
584 2264 713 2298 ἀληθείας
723 2264 848 2299 περὶτῶν
858 2264 927 2290 ὅλων

139 2308 210 2342 ἔχων
221 2308 334 2341 τύπους,
350 2309 380 2335 ού
394 2309 518 2344 περιέχει
534 2309 691 2344 παραϐολὰς
706 2310 752 2335 καὶ
768 2309 925 2343 αἰνίγματα·

139 2353 200 2379 οὐδὲ
213 2354 333 2389 ἱστορίας
348 2354 478 2388 δεομένας
491 2355 656 2390 ἀλληγορίας
669 2361 676 2369 ·
694 2355 763 2381 ὲπὶιν
779 2355 806 2381 δὲ
823 2355 928 2389 ἀνθρώ-

137 2405 201 2429 ποις
227 2398 386 2434 ὲπιδημήσῃ
418 2399 455 2434 μὴ
473 2399 632 2433 δυναμένοις
653 2399 748 2434 γυμνῷ
763 2398 802 2434 τῷ
823 2398 862 2425 νοῒ
878 2408 927 2433 γυ-

140 2444 216 2478 μνοῖς
236 2443 415 2478 προσϐάλλειν
427 2445 484 2475 τοῖς
498 2445 612 2478 νοητοί;’
626 2443 679 2470 ἀπὸ
696 2444 748 2470 τῶν
763 2444 853 2476 αὐτοῖς
867 2453 927 2471 συν-

138 2487 213 2522 ήθων
230 2488 433 2523 διαλεγόμενος,
449 2489 493 2516 διὰ
506 2490 555 2524 τῆς
572 2489 625 2515 τῶν
642 2490 767 2525 ἱστοριῶν
784 2490 829 2516 καὶ
855 2491 926 2516 αἰνι-

139 2533 253 2568 γμάτων
264 2534 311 2560 καὶ
324 2534 485 2569 παραϐολῶν
505 2535 554 2562 καὶ
573 2535 717 2562 σκοτεινῶν
734 2535 819 2570 λόγων
835 2544 925 2562 ποικι-

176 2609 201 2646 ¹¹ν
211 2610 330 2646 Philipp.
363 2618 401 2644 tu,
427 2610 470 2638 19.

526 2612 573 2639 ¹³Ι
596 2613 663 2648 Reg.
685 2620 777 2644 xxvm,
801 2612 817 2639 'l
838 2619 910 2647 seqq.

139 2652 177 2679 tv,
193 2645 235 2672 l6.

175 2724 212 2761 (ον
229 2725 262 2750 '0
277 2724 331 2751 τοῦ
350 2725 426 2761 βρεοᾷ
444 2725 549 2761 Δάτος.
564 2725 685 2753 Utuntur
700 2725 786 2753 Graeci
804 2725 922 2761 theologi

140 2759 259 2795 quadam
285 2759 465 2794 amplitudine
482 2759 533 2787 hac
557 2768 634 2792 voce,
662 2768 713 2787 nec
737 2768 807 2795 saepe
830 2759 924 2795 aptum

140 2794 254 2821 Omnino
281 2798 323 2821 est
348 2795 421 2829 quod
448 2795 566 2822 Verbum
596 2795 721 2822 redditur
743 2804 749 2822 :
775 2794 817 2822 uti
842 2794 924 2822 etiam

140 2836 203 2856 cum
219 2829 266 2856 hic
284 2829 428 2861 Maximus,
455 2837 505 2864 per
521 2830 628 2864 singula
651 2830 751 2864 scripta
768 2831 868 2861 verba,
890 2830 925 2856 δι’

142 2864 257 2892 ἑκάστου
268 2864 322 2891 τῶν
333 2865 585 2901 ἀναγεγραμμένων
601 2865 740 2900 ῥημάτων,
753 2865 790 2892 ait
803 2865 927 2892 incarna-

977 2260 1160 2291 intellectum,
1178 2259 1321 2292 clarasque
1337 2266 1369 2285 ac
1378 2258 1466 2285 nudas
1484 2258 1676 2285 universorum
1691 2257 1766 2284 veri-

977 2306 1041 2332 tatis
1054 2305 1158 2332 formas
1173 2304 1288 2337 habens,
1305 2303 1395 2330 nullas
1411 2303 1558 2337 parabolas
1575 2311 1606 2330 ac
1621 2302 1766 2337 aenigmata

976 2358 1038 2378 cum
1066 2350 1276 2384 complectatur,
1293 2356 1374 2377 easve
1392 2348 1523 2375 historias
1539 2355 1608 2382 quas
1632 2355 1682 2382 per
1697 2348 1766 2374 alle-

976 2396 1079 2431 goriam
1101 2403 1241 2430 exponere
1263 2402 1376 2422 necesse
1391 2393 1443 2426 sit;
1459 2393 1506 2420 ubi
1523 2393 1557 2420 ad
1577 2392 1704 2419 homines
1716 2400 1766 2420 ve-

979 2443 1030 2474 nit,
1043 2442 1091 2477 qui
1105 2441 1176 2468 nuda
1196 2445 1287 2468 tuente
1300 2448 1344 2467 res
1356 2439 1506 2475 spiritales,
1529 2438 1604 2473 ipsas
1618 2439 1707 2465 nudas
1723 2437 1766 2464 in-

980 2489 1101 2523 telligere
1116 2495 1172 2514 non
1198 2486 1321 2522 possint;
1347 2494 1381 2513 ex
1409 2485 1442 2512 iis
1468 2484 1609 2511 disserens
1634 2492 1694 2518 qua:
1712 2483 1766 2511 illis

978 2538 1110 2562 consueta
1137 2540 1224 2567 exque
1243 2539 1295 2559 usu
1315 2534 1418 2563 essent,
1437 2529 1616 2557 historiarum
1633 2529 1765 2565 :enigma-

1267 2609 1288 2626 "
1304 2610 1314 2636 Ι
1333 2609 1397 2637 Cor.
1424 2617 1482 2640 xm,
1504 2609 1548 2636 l2.

976 2610 997 2626 "
1008 2610 1085 2638 Joan.
1106 2618 1143 2642 vI,
1167 2609 1211 2637 55.
1267 2609 1288 2626 ’⁸
1304 2610 1314 2636 Ι
1333 2609 1397 2637 Cor.
1424 2617 1482 2640 xm,
1504 2609 1548 2636 l2.
1601 2609 1622 2624 "
1637 2608 1648 2635 Ι
1666 2607 1763 2636 Thess.

978 2723 1000 2751 ri
1018 2723 1062 2750 τὸν
1078 2723 1173 2757 Λόγον·
1193 2722 1230 2749 ita
1246 2726 1274 2748 ut
1288 2721 1371 2757 verba
1384 2724 1417 2757 et;
1425 2719 1576 2757 voces_sint
1590 2718 1666 2745 velut
1678 2724 1764 2757 caro,

978 2759 1054 2786 illius
1064 2751 1171 2785 eximite
1185 2758 1280 2791 Λόγου,
1294 2756 1380 2786 Verbi,
1398 2754 1543 2791 Sermonis,
1559 2760 1640 2791 quem
1652 2757 1679 2780 et
1692 2751 1765 2791 _Sgi-

979 2799 1067 2829 ptume
1085 2793 1148 2819 νοῦν
1166 2787 1242 2826 dicit,
1255 2787 1283 2820 et
1298 2791 1416 2820 Verbum
1435 2790 1463 2818 in
1478 2787 1614 2825 principio
1627 2787 1699 2823 apud
1714 2787 1765 2814 Pa-

980 2834 1059 2862 trem,
1072 2833 1127 2856 etc.
