1951 3076
188 163 253 198 1151

769 164 799 193 S.
821 161 962 192 ΜΛΧΙΜΙ
983 161 1240 193 CONFESSORIS

1758 159 1827 192 lli»?

187 222 301 253 tumque
318 222 346 246 et
354 216 545 252 parabolarum
558 215 808 250 obseuriorumque
820 224 976 244 sermonum

1031 215 1091 247 λίας
1104 217 1304 252 συντιθέμενος,
1315 216 1419 252 γίνεται
1435 217 1511 253 σάρξ.
1529 217 1609 244 Κατὰ
1619 216 1672 253 γὰρ
1685 216 1733 252 τὴν
1748 216 1819 252 πρώ-

187 266 320 292 varictate
347 263 550 297 conquisitum,
578 270 642 289 caro
670 262 798 290 efficitur.
823 263 882 290 Non
903 263 979 290 enim

187 311 276 345 prima
295 309 387 336 statim
401 308 639 341 consideratione,
666 317 746 336 mens
764 313 859 336 nostra
874 308 979 335 nudum

187 355 276 390 ipsum
296 356 415 382 Verbum
435 355 547 390 attingit
571 363 604 382 ac
635 355 781 390 intelligit,
798 354 846 381 sed
858 355 979 382 Verbum

187 403 373 434 iuearnatum,
384 401 543 428 dictionum
553 400 800 428 scilicetvarietate
811 400 978 435 implexum:

186 448 277 483 ipsum
301 448 413 483 quidem
435 451 533 474 natura
550 447 688 480 Verbum;
713 447 761 474 sed
786 446 860 482 quod
888 451 981 473 tamen

185 502 250 522 caro
265 494 462 529 conspiciatur,
491 493 531 520 sic
551 493 683 520 nimirum
705 497 736 520 ut
752 493 847 528 plures
869 500 980 519 carnem

185 549 241 568 non
270 541 392 568 Verbum
419 541 514 567 videre
537 540 590 567 sibi
613 539 779 572 videantur;
804 539 856 566 etsi
882 546 981 566 revera

185 586 305 614 Verbum
326 590 377 613 est.
397 586 457 613 Non
478 585 551 613 enim
566 585 613 620 qui
632 585 714 619 vulgo
727 585 847 615 videtur.
866 585 889 611 is
904 583 981 611 Scri-

185 637 273 668 ptor-ae
287 641 386 660 sensus
399 636 442 660 est
456 640 489 659 ac
504 633 673 664 intellectus,
689 631 737 658 sed
753 631 824 658 alius
838 638 919 665 quam
932 629 980 664 qui

1028 271 1077 297 την
1102 263 1266 298 προσϐολὴν,
1287 264 1318 290 οὺ
1334 263 1430 299 γυμνῷ
1452 263 1618 299 προσϐάλλει
1633 263 1712 298 Λόγῳ
1728 264 1741 289 ὁ
1755 263 1825 298 ἡμέ-

1027 317 1106 344 τερος
1120 308 1182 340 νοῦς
1197 318 1203 324 ·
1228 309 1298 335 ἀλλὰ
1319 309 1398 345 Λόγῳ
1417 309 1622 345 σεσαρκωμένῳ
1637 317 1644 324 ·
1662 308 1763 344 δηλαδὴ
1791 310 1825 344 τῇ

1029 354 1152 389 ποικιλίᾳ
1166 354 1221 380 τῶν
1243 354 1362 387 λέξεων·
1389 355 1468 390 Λόγῳ
1494 355 1542 390 μὲν
1567 355 1634 387 ὕντι,
1656 356 1689 389 τῇ
1718 354 1801 389 φύσει
1815 363 1823 370 ·

1030 400 1113 435 σαρκὶ
1127 399 1155 425 δὲ
1170 401 1203 434 τῇ
1220 399 1279 435 ὄψει
1295 408 1302 415 θ
1317 400 1388 427 ὥστε
1402 401 1466 432 τοὺς
1483 400 1608 433 πολλοὺς,
1628 401 1716 436 σάρκα
1731 401 1780 426 καὶ
1794 401 1826 427 οὗ

1029 444 1116 478 Λόγον
1127 445 1194 480 ὁρᾷν
1205 445 1294 472 δοκεῖν
1307 445 1360 472 κᾶν
1376 446 1400 472 εἰ
1416 445 1487 472 κατὰ
1505 445 1635 481 ἀλήθειάν
1651 446 1710 471 ἐστι
1725 445 1820 479 Λόγος-

1031 492 1067 518 UO
1093 492 1146 528 γὰρ
1165 493 1234 528 ὅπερ
1255 493 1329 519 δοκεί
1345 494 1401 526 τοῖς
1425 493 1545 525 πολλοῖς,
1557 493 1635 520 τοῦτο
1647 493 1695 528 τῆς
1710 493 1827 528 Γραφῆς

1029 538 1105 564 ἐστιν
1119 539 1133 564 ὁ
1148 538 1221 570 νοῦς,
1236 538 1294 565 ἀλλ’
1313 539 1408 575 ἓτερον
1430 540 1506 576 παρὰ
1522 540 1552 566 τὸ
1574 539 1682 566 δοκοῦν.
1714 540 1742 566 Ὀ
1770 540 1828 574 γάρ

1029 583 1126 617 Λόγος,
1148 584 1181 610 δι’
1200 585 1316 613 ἑκάστου
1338 585 1393 612 τῶν
1409 586 1666 622 ἀναγεγραμμένων
1691 587 1828 621 ῥημάτων

1030 629 1137 663 γίνεται
1158 630 1237 666 σάρξ.

185 679 225 706 ita
250 679 370 706 videtur.
389 680 456 707 Nam
481 680 602 707 Verbum
621 679 729 714 (Λόγος,
751 687 800 706 seu
822 677 930 713 Sermo)
950 684 1000 712 per
1019 676 1142 712 singulas
1165 685 1227 713 qua!
1264 679 1375 714 scriptae
1391 684 1458 707 sunt
1480 688 1563 708 voces
1587 679 1742 716 (ῥημάτων)
1757 688 1828 708 caro

185 724 314 752 efiicitur.

221 770 265 797 6|.
283 770 376 797 Prima
406 778 550 797 nominum
578 770 612 797 ad
641 770 772 805 pietatem
795 769 954 796 rudimenta
969 788 977 800 ,

185 817 263 852 quasi
276 816 309 843 ad
328 824 441 843 carnem
456 816 515 844 ﬁeri
532 820 748 844 consueverunt.
767 816 871 843 Littera
892 815 978 847 enim,

1068 768 1118 800 ξα’.
1151 769 1182 796 Ἦ
1206 769 1320 805 ἀπαρχὴ
1342 770 1392 805 τῆς
1419 770 1489 806 πρὸς
1508 771 1656 798 εὐσέϐειαν
1672 771 1828 807 μαθητείας

1030 812 1085 839 τῶν
1112 813 1274 848 ἀνθρώπων,
1303 814 1340 845 ὡς
1365 813 1434 849 πρὸς
1462 814 1552 850 σάρκα
1568 814 1691 849 γίνεσθαι
1706 816 1827 849 πέφυκε.

185 869 240 888 non
257 861 356 896 spiritu
381 861 607 894 consuescimus;
625 869 689 888 cum
707 861 827 896 primum
843 860 876 887 ad
891 859 976 895 pieta-

1031 857 1178 893 Γράμματι
1195 858 1260 893 γὰρ,
1281 858 1340 885 ἀλλ’
1355 859 1385 885 οὐ
1404 859 1540 895 πνεύματι
1554 860 1626 886 κατὰ
1642 860 1692 894 τὴν
1711 860 1828 896 πρώτην

186 911 240 934 tem
255 907 377 934 animum
397 907 551 942 adjieimus.
566 908 702 934 Paulatim
718 914 785 934 vero
799 906 833 934 ad
849 906 978 941 spiritum

186 953 382 988 provehentes,
402 952 650 988 subtilioribusque
671 953 755 989 499
771 953 860 980 sensis
880 951 980 979 dictio-

185 1007 252 1026 num
271 999 426 1026 crassitiem
444 999 610 1026 deradcntes
636 1007 668 1026 ac
685 1003 841 1030 tenuantes,
862 999 890 1026 in
907 1005 979 1033 puro

184 1053 253 1080 pure
267 1045 391 1078 Christo,
410 1045 501 1080 quoad
519 1053 569 1080 per
584 1045 744 1073 facultatem
768 1044 929 1072 hominibus
942 1044 978 1071 li-

184 1095 239 1123 cet,
255 1091 424 1124 invenimur;
442 1091 479 1118 ita
502 1096 534 1118 ut
552 1091 630 1126 juxta
657 1099 787 1126 magnum
812 1090 976 1126 Apostolum

184 1136 324 1170 possimus
339 1136 434 1165 dicere
450 1146 456 1163 :
472 1136 531 1163 Etsi
542 1138 709 1172 cognovimus
725 1136 859 1164 Christum
883 1144 978 1163 secun-

183 1181 246 1208 dum
259 1189 368 1208 carnem
378 1202 385 1214 ,
405 1181 451 1208 sed
464 1189 533 1208 nunc
554 1189 606 1208 non
628 1182 746 1208 novimus
758 1182 798 1214 ";
821 1188 855 1208 eo
870 1180 978 1208 scilicet

184 1227 257 1262 quod
285 1227 405 1263 simplici
430 1227 533 1254 mentis
551 1227 775 1255 consideratione
792 1227 912 1255 Verbum
934 1226 977 1253 iu-

183 1270 350 1306 telligamus,
375 1271 480 1306 absque
496 1271 551 1298 illis
575 1271 726 1298 involucris
747 1271 849 1306 quibus
863 1270 976 1306 tegitur;

183 1324 282 1352 nempe
298 1317 475 1353 proﬁcientes
490 1317 525 1344 ab
534 1324 568 1344 eo
581 1317 655 1352 quod
669 1321 711 1344 est
728 1317 848 1344 Verbum
863 1324 976 1344 carnem

182 1371 359 1398 cognoscere,
376 1363 410 1390 ad
432 1363 492 1399 ejus
507 1363 623 1398 gloriam
643 1363 722 1398 quasi
739 1362 881 1398 Unigeniti
895 1371 910 1390 a
923 1363 976 1391 Pa-

183 1414 225 1436 tre
244 1410 277 1437 “'.

217 1455 262 1482 62.
278 1455 330 1488 Qui
345 1455 430 1482 vitam
446 1463 508 1490 qua:
536 1459 579 1483 est
604 1455 633 1482 in
653 1453 768 1482 Christo
798 1453 936 1486 instituit,
953 1453 977 1481 is

182 1507 241 1530 tum
256 1501 364 1536 legalis,
380 1506 439 1528 tum
455 1501 591 1528 naturalis
604 1500 718 1535 justiti-se
735 1504 823 1527 metas
838 1499 974 1532 excessit;

1031 904 1071 935 εἰς
1087 903 1244 931 θεοσέϐειαν
1260 904 1416 940 προσϐολὴν
1429 905 1591 941 ὁμιλοῦμεν.
1604 905 1684 933 Κατὰ
1699 907 1783 942 μέρος
1796 906 1826 933 δὲ

1030 949 1242 984 προσϐαίνοντες
1253 949 1293 985 τῷ
1305 950 1453 986 πνεύματι,
1473 951 1520 978 καὶ
1532 952 1562 978 τὺ
1578 952 1651 987 παχὺ
1669 953 1725 979 τῶν
1737 952 1826 987 ῥημά-

1028 1004 1082 1022 των
1101 997 1159 1028 τοῖς
1185 996 1361 1032 λεπτοτέροις
1386 997 1564 1032 θεωρήμασιν
1588 998 1764 1032 ἀποξέοντες,
1795 999 1827 1025 ὲν

1029 1042 1142 1077 καθαρῷ
1157 1042 1287 1078 καθαρῶς
1301 1043 1341 1078 τῷ
1355 1043 1467 1079 Χριστῷ
1483 1044 1618 1079 γινόμεθα
1641 1045 1712 1072 κατὰ
1727 1045 1758 1072 τὺ
1778 1045 1828 1071 δυ·

1028 1087 1108 1114 νατὺν
1122 1087 1278 1123 ἀνθρώποις
1292 1095 1299 1102 '
1313 1089 1352 1120 είς
1368 1088 1398 1115 τὸ
1420 1088 1551 1116 δύνασθαι
1570 1089 1661 1124 λέγειν
1684 1090 1754 1117 κατὰ
1777 1091 1827 1118 τὸν

1035 1133 1196 1160 ’Δπόστολον
1212 1143 1218 1149 ·
1235 1134 1269 1161 El
1293 1134 1342 1161 καί
1361 1134 1534 1169 ἐγνώκαμεν
1550 1136 1624 1163 κατὰ
1639 1135 1738 1170 σάρκα
1754 1137 1826 1171 Χρι-

1028 1178 1114 1210 στὸν,
1144 1179 1226 1206 ἀλλὰ
1254 1179 1314 1207 νῦν
1338 1180 1440 1207 οὐκέτι
1468 1180 1673 1215 γινώσκομεν·
1701 1181 1746 1208 διὰ
1773 1181 1826 1216 τὴν

1029 1224 1120 1260 ἁπλῆν
1133 1225 1255 1261 δηλονότι
1271 1225 1339 1261 πρὸς
1356 1226 1401 1254 τὸν
1413 1226 1499 1261 Λόγον
1517 1226 1603 1263 χωρὶς
1619 1226 1674 1254 τῶν
1690 1227 1733 1254 ἐπ’
1747 1227 1827 1262 αὺτῷ

1028 1264 1217 1307 καλυμμάτων
1233 1271 1282 1298 τοῦ
1300 1271 1360 1304 νοὸς
1388 1273 1543 1308 προσϐολήν
1561 1282 1568 1290 υ
1589 1273 1644 1300 ἀπὸ
1666 1273 1712 1300 τοῦ
1733 1274 1827 1307 σάρκα

1027 1318 1072 1344 τὸν
1088 1318 1174 1352 Λόγον
1185 1317 1342 1352 γινώσκειν,
1361 1319 1401 1348 είς
1419 1319 1477 1354 τὴν,
1495 1319 1533 1351 ὡς
1550 1319 1722 1354 Μονογενοῦς
1747 1319 1826 1354 παρὰ

1029 1363 1134 1398 Πατρὺς
1150 1363 1233 1390 αὑτοῦ
1251 1363 1331 1397 δόξαν
1343 1364 1541 1400 προκόψαντες.

1064 1449 1113 1486 ξβ¹.
1134 1451 1164 1478 '0
1178 1451 1228 1487 τὴν
1249 1451 1279 1478 ὲν
1304 1452 1416 1488 Χριστῷ
1440 1453 1527 1488 ζήσας
1551 1453 1635 1489 ζωὴν,
1649 1455 1700 1489 τήν
1720 1463 1750 1481 τε
1773 1455 1826 1482 τοῦ

1027 1496 1111 1531 νόμον
1124 1496 1173 1524 καὶ
1188 1497 1238 1532 τῆς
1253 1497 1362 1532 φύσεως
1379 1498 1503 1534 ὑπερέϐη
1518 1498 1694 1534 δικαιοσύνην
1707 1509 1714 1515 ·
1730 1501 1798 1536 ὅπερ
1809 1503 1827 1528 ό

181 1548 255 1583 quod
272 1547 384 1575 divinus
409 1547 556 1582 Apostolus
573 1547 651 1574 hisce
675 1546 769 1574 verbis
791 1545 975 1581 signiﬁcavit:

1031 1544 1102 1576 θεῖος
1124 1544 1330 1580 ἐνδεικνύμενος
1353 1546 1514 1578 ’Δπόστολός
1543 1556 1626 1582 φησιν
1641 1555 1648 1563 ⁸
1683 1549 1735 1575 Ἐν
1767 1549 1827 1583 τὺρ

180 1592 213 1619 1η
229 1592 333 1620 Christo
347 1592 410 1619 Iesu
430 1600 514 1628 neque
529 1592 694 1619 circumcisio
707 1595 756 1624 est,
774 1599 858 1627 neque
871 1598 978 1626 prapn—

182 1638 248 1664 tium
259 1638 295 1671 ";
321 1638 546 1666 circumcisionis
575 1638 687 1673 quidem
712 1637 836 1670 nomine,
861 1637 977 1672 legalem

180 1683 316 1719 justitiam
339 1684 499 1718 declarans;
516 1684 646 1720 prteputii
662 1692 739 1718 vero,
759 1683 977 1719 aequabilitatem

181 1735 289 1757 natura:
307 1730 518 1758 convenientem
535 1730 727 1758 subindicans.

217 1776 260 1803 65.
276 1775 328 1803 Alii
350 1784 383 1804 ex
401 1784 472 1812 aqua
496 1780 524 1804 et
544 1776 644 1812 spiritu
669 1781 866 1809 renascuntur;
885 1775 932 1803 alii
949 1775 978 1803 in

181 1819 289 1856 Spiritu
305 1827 401 1850 sancto
409 1826 436 1850 et
448 1822 511 1858 igne
527 1822 665 1857 baptisma
678 1819 875 1856 suscipiunt".
890 1821 978 1849 Porro

181 1871 300 1903 quatuor
316 1868 386 1901 haec,
402 1876 502 1904 aquam
519 1868 627 1896 scilicet
641 1872 670 1896 et
690 1867 819 1904 spiritum
834 1872 864 1895 et
884 1868 975 1903 ignem

181 1918 209 1940 et
223 1912 357 1948 Spiritum
377 1918 515 1946 sanctum,
534 1922 622 1941 unum
638 1913 822 1948 eumdemque
840 1912 973 1948 Spiritum

181 1957 230 1985 Dei
245 1958 380 1994 intelligo.
404 1958 474 1986 Aliis
498 1966 618 1994 namque
633 1958 753 1994 Spiritus
767 1963 881 1986 sanctus
903 1966 974 1994 aqua

180 2009 233 2035 est,
249 2004 324 2032 velut
339 2004 385 2040 qui
410 2005 534 2033 exterius
559 2006 656 2033 sordes
679 2004 807 2040 corporis
832 2005 977 2041 detergere

181 2048 298 2082 habeat;
318 2049 380 2077 aliis
398 2058 464 2077 vero
479 2051 654 2078 solummodo
671 2050 796 2085 spiritus,
812 2053 842 2076 ut
859 2050 906 2085 qui
921 2049 978 2076 vir-

181 2094 248 2122 tutis
269 2095 340 2122 bona
356 2095 382 2122 vi
400 2103 449 2122 sua
464 2095 583 2129 eﬂiciat;
599 2095 662 2123 aliis
679 2099 771 2122 autem
791 2095 874 2131 ignis,
888 2099 919 2122 ut
929 2095 976 2131 qui

180 2140 255 2168 iutus
271 2141 330 2176 ipso
347 2141 433 2168 animi
450 2141 513 2168 sinu
530 2141 668 2169 hzerentes
689 2141 787 2169 sordes
805 2141 977 2169 emundandi

179 2186 206 2213 vi
223 2187 326 2222 polleat
346 2197 351 2213 :
366 2187 401 2214 iis
417 2187 538 2222 denique
552 2187 599 2223 qui
612 2195 742 2224 magnum
760 2188 902 2216 Danielem
915 2195 977 2215 mo-

180 2231 260 2258 ribus
281 2231 415 2264 referant,
432 2231 554 2267 Spiritus
568 2236 688 2265 sanctus,
703 2237 733 2260 ut
749 2232 797 2268 qui
813 2232 976 2268 sapientiam

179 2285 212 2304 ac
230 2277 375 2304 scientiam
390 2277 593 2306 subministret.
614 2279 654 2306 Ex
674 2278 782 2306 diversa
801 2278 875 2306 enim
903 2277 976 2306 circa

179 2323 334 2358 subjectum
357 2324 518 2359 operatione
535 2345 542 2357 ,
572 2325 640 2352 alias
656 2325 781 2360 aliasque
797 2332 869 2352 unus
893 2329 976 2360 atque

180 2369 254 2397 idem
272 2369 393 2405 Spiritus
403 2371 520 2399 sortitur
534 2371 743 2410 appellationes.

213 2418 258 2445 64.
276 2418 315 2446 Ea
331 2419 375 2446 lex
399 2419 507 2446 ratione
524 2418 678 2446 Sabbatum
698 2416 848 2448 concessit,
865 2415 908 2447 Ut,
931 2415 975 2442 in-

179 2463 250 2500 quit,
263 2465 408 2500 requiescat
428 2464 582 2499 jumentum
608 2469 683 2491 tuum
710 2469 734 2490 et
753 2471 843 2490 servus
865 2465 925 2488 tuus
938 2461 972 2487 ".

179 2508 267 2536 Porro
279 2509 362 2537 ambo
375 2510 434 2537 hmo
444 2509 594 2537 verborum
609 2509 727 2544 quadam
742 2508 857 2543 ambage
871 2508 974 2535 obscu-

179 2552 260 2588 rique.
286 2554 424 2581 sermonis
451 2554 646 2589 perplexitate,
676 2561 778 2589 corpus
805 2552 973 2588 signiﬁcant.

179 2598 287 2634 Corpus
307 2599 382 2626 enim
401 2599 557 2635 iumentum
574 2604 617 2626 est
643 2599 728 2626 animi
749 2598 867 2626 colentis
886 2597 975 2626 actio.

181 2653 254 2677 nem,
270 2645 344 2680 quod
357 2645 490 2672 nimirum
504 2650 633 2680 tanquam
645 2652 727 2676 onus,
737 2644 872 2671 virtutum
884 2642 975 2670 modis

181 2698 229 2723 per
243 2691 393 2721 actionem,
407 2691 433 2717 vi
449 2695 559 2725 portare
575 2694 700 2726 cogatur.
714 2690 781 2725 Ejus
796 2697 862 2716 vero
877 2696 974 2717 servus

181 2737 228 2771 qui
243 2736 336 2764 studet
362 2735 611 2772 contemplationi,
634 2736 712 2763 velut
725 2736 783 2771 jam
798 2734 972 2771 spiritalibus

184 2857 230 2886 .12.

219 2835 242 2869 θ’
261 2835 283 2863 ll
298 2835 362 2864 Cor.
377 2845 404 2869 γ,
432 2836 474 2863 16.
515 2836 534 2852 ¹ε
549 2836 626 2864 Joan.
648 2844 667 2869 ι,
689 2835 731 2864 15.
771 2836 791 2852 ¹⁹
831 2835 918 2863 Galat.
940 2843 976 2869 vr,
1005 2835 1047 2863 l5.

1027 1589 1144 1623 Χριστῷ
1163 1591 1271 1624 Ἰησοῦ,
1284 1592 1354 1619 οὔτε
1370 1593 1514 1628 περιτομή
1527 1593 1614 1621 ἐστιν
1625 1615 1632 1626 ,
1644 1595 1713 1622 οὔτε
1730 1595 1825 1628 ἀκρο-

1027 1636 1145 1663 ϐυστία.
1161 1636 1211 1663 Διὰ
1228 1637 1279 1672 μὲν
1289 1638 1340 1673 τῆς
1353 1640 1516 1675 περιτομῆς,
1526 1639 1574 1675 τὴν
1590 1640 1706 1676 νομικὴν
1715 1641 1827 1668 δικαιο-

1028 1681 1113 1718 σύνην
1130 1681 1255 1718 δηλώσας
1267 1692 1274 1700 ’
1297 1683 1341 1711 διὰ
1366 1684 1395 1711 δὲ
1417 1685 1466 1720 τῆς
1482 1685 1684 1721 ἀκροϐυστίας,
1699 1687 1749 1721 τῂν
1769 1697 1826 1722 φυ-

1028 1728 1108 1763 σικὴν
1125 1729 1263 1763 ἰσονομίαν
1275 1730 1460 1765 αἰνιξάμενος.

1063 1772 1115 1808 ξγ’.
1133 1774 1165 1801 Οἱ
1181 1774 1241 1811 μὲν,
1258 1775 1292 1802 δι’
1309 1775 1407 1807 ὕδατος
1420 1776 1624 1811 ἀναγεννῶνται
1635 1778 1684 1804 καὶ
1696 1778 1825 1814 πνεύμα-

1027 1826 1093 1848 τος·
1110 1819 1136 1846 ot
1149 1819 1191 1851 δι,
1211 1820 1240 1846 ὲν
1261 1820 1399 1856 πνεύματι
1422 1821 1494 1857 ἁγίῳ
1513 1822 1560 1849 καὶ⁵
1586 1823 1654 1858 πυρὶ
1669 1823 1700 1850 τὸ
1724 1823 1841 1858 Birth»

1028 1873 1086 1898 σμα
1102 1865 1237 1901 δέχονται.
1258 1865 1299 1893 Τὰ
1322 1867 1444 1903 τέσσαρα
1470 1867 1499 1895 δὲ
1523 1867 1621 1900 ταῦτα,
1639 1869 1670 1896 τὸ
1696 1869 1768 1905 ὕδωρ
1790 1869 1825 1898 τὲ

1029 1920 1112 1947 φημι,
1125 1911 1174 1938 καὶ
1192 1912 1223 1938 τὸ
1245 1911 1364 1948 πνεῦμα,
1382 1914 1431 1940 καὶ
1455 1914 1487 1940 τὸ
1507 1914 1575 1950 πῦρ,
1595 1915 1643 1941 καὶ
1660 1915 1690 1941 τδ
1713 1916 1825 1950 πνεῦμα

1029 1956 1116 1990 ἅγιον.
1132 1956 1163 1984 τὸ
1177 1956 1206 1983 ἓν
1217 1957 1264 1984 καὶ
1280 1957 1312 1984 τὸ
1323 1958 1390 1985 αὐτὸ
1403 1959 1515 1994 Πνεῦμα
1534 1959 1588 1986 νοῶ
1601 1960 1648 1986 τοῦ
1661 1960 1740 1988 Θεοῦ.
1758 1963 1823 1996 Τοῖς

1029 2002 1079 2037 μὲν
1090 2001 1145 2037 γὰρ
1161 2002 1234 2037 ὕδωρ
1256 2003 1316 2029 ἐστὶ
1329 2003 1360 2029 τὸ
1379 2003 1493 2039 Πνεῦμα
1508 2004 1539 2031 τὸ
1563 2005 1650 2038 ἃγιον,
1669 2005 1707 2036 ὡς
1722 2005 1824 2040 ῥυπτι-

1028 2048 1076 2075 κὸν
1097 2048 1151 2075 τῶν
1178 2048 1256 2080 ὲκτδς
1282 2049 1347 2084 περὶ
1368 2049 1399 2076 τὸ
1427 2050 1507 2085 σῶμα
1529 2050 1676 2085 μολυσμῶν
1692 2059 1698 2065 ·
1713 2052 1769 2083 τοῖς
1793 2051 1824 2078 δὲ

1029 2094 1138 2130 πνεῦμα
1148 2094 1240 2129 μόνον,
1259 2095 1297 2127 ὡς
1311 2096 1487 2130 ἐνεργητικὸν
1497 2096 1552 2122 τῶν
1567 2097 1626 2123 κατ’
1638 2097 1742 2133 ἀρετὴν
1756 2098 1823 2132 ἀγα-

1028 2139 1093 2166 θῶν·
1110 2141 1166 2172 τοῖς
1180 2140 1207 2167 δὲ
1223 2140 1290 2176 πῦρ,
1306 2140 1344 2173 ὡς
1360 2141 1529 2177 καθαρτικὸν
1541 2142 1595 2168 τῶν
1611 2143 1688 2173 ἐντὸς
1703 2143 1776 2170 κατὰ
1789 2144 1821 2170 τὸ

1029 2185 1112 2221 βάθος
1122 2186 1187 2222 περὶ
1201 2185 1292 2222 ψυχὴν
1307 2186 1425 2222 κηλίδων
1441 2195 1448 2203 ι
1463 2188 1520 2220 τοῖς
1531 2187 1559 2214 δὲ
1577 2188 1648 2215 κατὰ
1666 2189 1712 2215 τὸν
1729 2189 1821 2224 μέγαν

1028 2231 1137 2268 Δανιὴλ,
1157 2233 1266 2269 πνεῦμα
1281 2233 1368 2267 ἅγιον,
1379 2233 1418 2265 ὡς
1437 2234 1533 2268 σοφίας
1552 2234 1600 2260 καὶ
1613 2233 1741 2268 γνώσεως
1754 2243 1821 2270 χορ-

1028 2277 1106 2312 ηγόν.
1131 2278 1179 2304 Ἐκ
1199 2277 1254 2313 γὰρ
1264 2277 1315 2313 τῆς
1329 2277 1458 2313 διαφόρου
1483 2278 1548 2314 περὶ
1571 2278 1602 2305 τὸ
1632 2279 1817 2315 ὑποκείμενον

1029 2321 1181 2358 ἐνεργείας,
1192 2322 1337 2358 διαφόρους
1352 2322 1487 2357 λαμϐάνει
1502 2323 1532 2349 τὸ
1544 2322 1573 2349 ἓν
1586 2323 1633 2349 καὶ
1650 2322 1718 2349 αὐτὸ
1732 2323 1821 2350 Πνεῦ-

1030 2378 1068 2404 μα
1084 2369 1133 2401 τὰς
1144 2369 1340 2404 προσηγορίας.

1065 2413 1111 2447 εδ.
1133 2414 1162 2441 ’0
1175 2414 1257 2449 νόμος
1278 2414 1308 2440 τὺ
1325 2414 1465 2440 Σάϐϐατον
1488 2414 1614 2446 δέδωκεν,
1629 2415 1706 2446 Ἵνα,
1724 2414 1822 2449 φησὶν,

1025 2461 1237 2494 ἀναπαύσηται
1253 2461 1285 2487 τὸ
1301 2459 1460 2494 anterior
1483 2468 1542 2487 σου
1557 2460 1604 2487 καὶ
1626 2462 1643 2487 ό
1658 2460 1729 2493 παῖς
1747 2468 1820 2488 σου.

1031 2505 1186 2541 Ἀμφότεροι
1199 2504 1227 2531 δὲ
1242 2504 1329 2532 ταῦτα
1340 2505 1375 2531 δι’
1391 2505 1563 2540 αἰνιγμάτων
1574 2506 1605 2532 τὸ
1621 2506 1701 2541 σῶμα
1722 2505 1819 2539 δηλοῦο

1027 2559 1064 2578 σι.
1081 2550 1134 2576 Τοῦ
1144 2550 1198 2585 γὰρ
1210 2550 1363 2585 πρακτικοῦ
1375 2550 1433 2582 νοὸς
1449 2549 1597 2585 ὑποξύγιόν
1611 2552 1666 2578 ἐστι
1678 2551 1712 2576 τὸ
1725 2550 1821 2584 σῶμα,

1027 2595 1189 2631 ἀχθοφορεῖν
1222 2595 1269 2630 βίαι⁵
1303 2596 1359 2627 τοῖς
1389 2595 1502 2631 τρόποις
1522 2596 1577 2623 τῶν
1614 2595 1720 2631 ἀρετῶν
1747 2596 1822 2622 κατὰ

1027 2642 1077 2677 τὴν
1124 2641 1222 2677 πρᾶξιν
1243 2641 1488 2676 [ἀναγκαζόμενον.
1526 2641 1580 2668 Τοῦ
1621 2640 1650 2667 δὲ
1685 2640 1822 2675 θεωρητι-

1028 2687 1077 2714 κοῦ
1105 2689 1179 2719 παῖς,
1196 2686 1234 2719 ὡς
1267 2687 1318 2722 ἥδη
1345 2687 1470 2722 λογισθὲν
1499 2687 1673 2723 θεωρήμασι,
1703 2686 1750 2711 καὶ
1774 2685 1822 2712 λο-

1027 2733 1114 2768 γικῶς
1128 2733 1187 2764 ταῖς
1203 2733 1368 2767 γνωπικαῖς
1383 2734 1527 2767 ἐπιταγαῖς
1550 2733 1597 2760 τοῦ
1625 2732 1686 2763 νοὸς
1716 2731 1822 2767 ὑπηρε-

1095 2835 1118 2850 ¹⁰
1135 2834 1230 2862 Matth.
1249 2842 1288 2867 ιιι,
1316 2835 1364 2868 ll;
1383 2835 1462 2863 Joan.
1481 2843 1520 2868 ιιι,
1535 2835 1561 2863 5.
1601 2835 1621 2851 "
1637 2834 1722 2863 Exod.
1739 2842 1819 2867 mu.
