1951 3076
235 156 303 190 1155

822 156 852 186 S.
874 155 1017 186 MAXIMI
1035 155 1289 186 CONFESSORIS

1791 155 1854 188 1156

232 219 346 241 manans
359 211 598 247 contemplationis
619 212 730 240 habitus
743 217 844 247 pratsto
858 217 911 245 est,
924 217 955 240 ut
970 212 1016 247 qui

1070 212 1173 247 θὴνκαὶ
1190 213 1323 247 σωτήριον
1340 212 1496 248 ποταμηδὺν
1520 212 1666 248 προχέουσι
1683 212 1855 240 διδασκαλίαν

231 258 373 293 sapientia:
386 257 517 292 praebitor
528 258 572 285 sit.
589 257 646 285 Illis
658 257 778 293 denique
792 257 893 285 tluvius
905 261 956 289 est,
969 257 1017 292 qui

231 303 305 338 piam
317 307 345 330 et
362 306 463 329 rectam
491 310 522 329 ae
545 304 694 344 salutarem
717 303 871 330 doctrinam
896 302 1018 329 ﬂuminis

231 349 317 375 instar
327 349 438 375 uberem
450 347 632 383 profundunt,
644 349 719 376 velut
733 349 780 383 qui
795 349 922 376 homines
935 353 1017 383 atque

228 393 524 429 jumentaJiestiasquc
537 398 565 422 et
587 395 702 422 arbores
721 395 878 429 stirpesque
896 395 1015 422 ubertim

231 438 366 472 inebriet;
381 447 436 474 quo
452 439 558 467 scilicet
568 443 624 466 tum
639 440 765 467 homines
775 439 877 466 deitate
890 438 1018 466 imbuan-

231 490 286 516 tur,
302 492 398 511 eorum
412 492 472 519 quae
485 484 615 511 dicuntur
630 485 795 511 sublimibus
810 484 899 511 sensis
911 483 1016 516 evecti,

232 534 289 556 tum
304 529 351 564 qui
363 530 492 556 vitiorum
507 530 568 557 labe
578 538 609 556 ae
619 530 775 562 libidinum,
788 530 816 556 in
829 530 1017 564 jumentorum

230 579 332 602 sortem
347 575 538 608 desciverunt,
566 576 675 603 virtutis
693 575 788 602 modos
815 575 939 602 saniores
954 574 1021 601 dili-

230 625 325 656 genter
339 622 493 656 prmstando
504 622 630 649 homines
646 621 747 653 cﬂ'eeti,
761 621 893 648 naturalis
907 621 961 648 vim
972 628 1016 647 ra-

231 665 315 692 tionis
335 667 470 701 recipiant
485 676 491 694 :
510 667 583 702 iique
600 667 646 702 qui
672 667 763 702 pravis
780 666 922 693 liabitibus
937 666 1014 700 501

231 713 365 747 malisque
382 714 513 748 operibus
538 713 687 740 bestiarum
703 713 823 739 indolem
849 712 1015 744 hauserunt,

231 758 287 785 leni
304 758 434 793 mollique
453 759 640 786 admonitione
654 758 760 785 deliniti
782 765 814 784 ac
826 757 957 789 cicurati,
983 756 1017 783 ad

231 803 350 830 nativam
370 804 610 831 mansuetudinem
624 803 739 830 redeant
755 811 761 829 :
775 810 807 830 ac
824 802 954 836 denique,
971 802 1019 836 qui

1070 258 1107 289 ὡς
1121 257 1292 294 ἀνθρώπους,
1306 258 1352 285 καὶ
1363 259 1448 294 κτήνη
1465 259 1511 286 καὶ
1527 259 1611 294 θηρία
1626 259 1673 285 καὶ
1690 259 1762 293 φυτὰ
1781 259 1855 293 δαψι-

1072 303 1126 334 λῶς
1136 303 1254 336 ποτίζων
1271 312 1278 318 ·
1297 304 1340 330 ἵνα
1357 304 1404 331 καὶ
1426 305 1564 340 ἄνθρωποι
1585 304 1716 336 θεωθῶσι,
1730 306 1786 336 τοῖς
1803 305 1855 331 τῶν

1070 349 1224 384 λεγομένων
1237 350 1390 384 ὑψωθέντες
1405 350 1524 385 νοήμασι
1538 358 1543 365 ·
1563 351 1609 378 καὶ
1631 352 1656 377 οί
1674 350 1854 386 κτηνωθέντες

1070 396 1125 427 τοῖς
1135 395 1244 427 πάθεσι,
1254 396 1298 422 διὰ
1306 397 1354 431 τῆς
1365 396 1496 432 ἀκριϐοῦς
1505 396 1559 424 τῶν
1568 397 1628 424 κατ’
1640 397 1740 432 ἀρετὴν
1748 397 1855 432 τρόπων

1070 440 1234 472 ἀποδείξεως
1249 441 1492 476 ἀνθρωπισθέντες,
1510 443 1559 477 τὴν
1583 437 1700 477 φυσικὴν
1723 442 1856 468 ἐπαναλὰ-

1071 484 1139 512 6ωσι
1153 485 1296 521 λογιότητα
1309 495 1316 501 ·
1337 487 1385 513 καὶ
1399 487 1422 513 oi
1443 487 1626 522 θηριωθέντες
1640 489 1700 519 ταῖς
1725 488 1855 521 πονηραῖς

1070 530 1142 562 ἕξεσι
1157 531 1205 558 καὶ
1225 533 1438 566 κακοπραγίαις,
1452 533 1496 560 διὰ
1519 533 1568 568 τῆς
1589 533 1740 568 προσηνοῦς
1758 541 1788 559 τε
1809 533 1856 558 καὶ

1070 576 1189 612 εὐαφοῦς
1207 578 1394 613 παραινέσεως
1409 578 1642 610 τιθασσευθένεες,
1659 579 1727 614 πρὸς
1743 578 1792 613 τὴν
1807 578 1855 611 τῆς

1070 622 1177 657 φύσεως
1191 623 1373 650 ἐπανέλθωσιν
1390 624 1545 659 ἡμερότητα
1564 633 1571 639 ·
1588 626 1634 651 καὶ
1657 625 1682 651 οἱ
1709 624 1801 658 φυτῶν
1816 624 1854 650 δί-

1069 676 1121 703 κην
1135 668 1361 704 ἁναισθητοῠντες
1374 670 1429 696 τῶν
1442 671 1564 704 ἀγαθῶν,
1582 671 1626 697 διὰ
1642 671 1690 705 τῆς
1711 671 1752 701 εἰς
1776 670 1854 704 βάθος

1068 714 1115 741 τοῦ
1124 714 1204 749 λόγου
1211 716 1362 748 διαΰάσεως
1374 717 1584 749 ἁπαλυνθέντες,
1597 717 1715 744 λάϐωσιν
1730 717 1853 752 αἴσθησιν

1069 760 1137 795 πρὸς
1153 761 1348 796 καρπογονίαν,
1372 763 1417 788 καὶ
1428 762 1543 798 δύναμιν
1573 762 1623 798 τὴν
1638 763 1736 794 αὐτοὺς
1749 762 1854 797 διατρέ-

1071 813 1184 838 φουσαν,
1199 805 1245 831 τοῦ
1265 805 1344 840 λόγου
1360 806 1501 842 ποιότητα.

230 847 306 874 velut
329 848 447 882 stirpes,
472 847 608 874 bonorum
641 855 752 874 sensum
784 847 944 878 amiserunt,
975 847 1116 876 Sermonis
1136 849 1167 882 _in
1197 849 1366 884 profundum
1394 851 1494 886 illapsu
1527 851 1653 884 emolliti,
1681 859 1791 879 sensum
1819 852 1853 879 ad

230 891 370 919 fructuum
397 892 561 927 frugumque
592 891 792 927 parturigines,
821 891 931 926 vimque
957 893 1126 927 enutriendi,
1156 894 1354 930 pinguedinem
1380 897 1518 924 sermonis
1539 897 1599 932 (seu
1621 896 1764 932 doctrinm)
1783 898 1854 925 acci-

230 939 320 974 piant.

265 987 308 1014 t‘8.
326 986 441 1014 Divinus
455 985 551 1013 Sermo
566 986 610 1013 via
626 990 668 1013 est
691 984 713 1000 "
727 985 780 1017 his,
801 985 849 1020 qui
866 990 917 1013 rite
932 985 1016 1012 actio-

1105 985 1155 1021 ξηῆ
1176 987 1251 1021 Ὁὸός
1262 990 1335 1016 ἐστιν
1346 989 1359 1015 ὁ
1375 989 1421 1016 τοῦ
1434 990 1500 1017 Θεοῦ
1511 990 1607 1024 Λόγος,
1618 991 1673 1022 τοῖς
1683 990 1773 1022 καλῶς
1786 992 1855 1018 κατὰ

231 1034 275 1060 lziS
290 1033 365 1060 cultu
389 1038 558 1067 strenueque
574 1031 688 1059 virtutis
709 1031 829 1059 stadium
846 1031 1016 1064 decurrunt;

229 1085 262 1106 ac
287 1078 334 1113 qui
355 1085 444 1112 neque
470 1077 503 1104 ad
523 1077 676 1108 dexteram,
695 1077 784 1103 inanis
802 1077 896 1111 gloriae
912 1076 1016 1109 studio,

229 1131 318 1157 neque
333 1123 367 1150 ad
390 1123 541 1154 sinistram,
557 1121 772 1156 proclivioribus
790 1122 817 1148 in
830 1122 897 1149 vitia
910 1130 941 1149 ac
955 1122 1018 1149 libi-

229 1168 308 1195 dines
321 1168 422 1195 animis
435 1188 441 1200 ,
465 1167 623 1199 declinant;
640 1171 731 1194 rectos
744 1167 798 1194 illis
814 1167 941 1202 religiosa
957 1167 1018 1202 pie-

231 1217 285 1240 tate
304 1221 414 1249 gressus
434 1217 569 1248 przestans
583 1220 653 1247 quos
675 1219 737 1239 eum
766 1213 820 1239 Asa
834 1220 882 1239 rex
898 1212 969 1240 Juda
981 1213 1016 1245 ",

230 1259 303 1286 haud
324 1259 446 1294 legitime
465 1259 493 1286 in
509 1258 591 1285 ﬁnem
617 1249 705 1292 usque
725 1262 876 1290 servasset,
888 1262 1018 1293 vergente

229 1305 283 1340 iam
299 1308 378 1332 :etate
388 1303 491 1331 dicitur
502 1303 623 1330 doluisse
633 1301 735 1337 pedes;
751 1302 828 1329 velut
851 1302 957 1329 scilicet
970 1302 1019 1329 de-

230 1349 312 1377 bilior
329 1349 426 1382 factus,
441 1357 522 1383 quam
541 1356 591 1383 pro
602 1348 730 1375 instituto
745 1355 779 1374 ex
794 1347 895 1375 divinis
905 1347 1019 1375 rationi-

229 1394 282 1421 bus
297 1393 436 1430 (religiosa
452 1393 557 1420 scilicet
571 1391 685 1427 pietate)
698 1399 792 1418 cursu.

264 1439 308 1466 69.
335 1440 382 1466 Dei
410 1439 507 1465 Sermo
534 1439 636 1464 ostium
658 1436 814 1471 appellatur
829 1437 862 1470 ’⁷,
882 1437 957 1464 velut
972 1438 1017 1471 iis,

230 1484 277 1518 qui
292 1491 402 1510 omnem
428 1482 558 1518 praeclare
581 1482 715 1509 virtutum
734 1481 807 1508 viam
822 1482 1018 1516 irreprehenso

230 1527 350 1555 actionis
375 1528 453 1554 cultu
479 1531 661 1561 peregerunt,
692 1527 798 1553 aditum
834 1527 958 1561 pandens
983 1527 1017 1554 ad

230 1572 392 1605 scientiam;
407 1576 434 1599 et
449 1576 479 1598 ut
491 1572 596 1604 lumen,
618 1572 698 1607 longe
710 1572 897 1600 lucidissimos
909 1573 1018 1607 sapien-

231 1619 275 1645 tia:
288 1619 431 1645 thesauros
443 1618 599 1645 ostendens.
611 1618 684 1645 [dem
697 1617 769 1645 enim
785 1622 812 1645 et
822 1618 865 1645 via
876 1622 901 1645 el
916 1619 1016 1646 ostium

230 1668 258 1691 et
283 1663 367 1690 clavis
391 1667 419 1690 ct
432 1671 546 1698 regnum
562 1666 739 1697 nuncupatur
755 1672 762 1689 :
779 1663 822 1690 via
845 1664 967 1698 quidem,
986 1669 1018 1691 ut

230 1709 344 1741 ductor;
365 1709 449 1736 clavis
467 1713 569 1741 autem,
584 1713 615 1736 ut
638 1709 685 1743 qui
701 1709 793 1744 dignis
808 1709 909 1744 quibus
923 1710 1016 1736 divina

230 1754 404 1789 praebeantur
419 1753 525 1788 aperiat
537 1757 564 1780 et
575 1754 734 1788 aperiatur;
749 1754 849 1781 ostium
860 1758 963 1786 autem,
987 1758 1018 1780 ut

230 1799 288 1834 ipse
301 1798 446 1831 admissor;
463 1806 577 1833 regnum
591 1798 722 1833 denique,
737 1803 768 1825 ut
781 1799 828 1833 qui
841 1799 1017 1833 possideatur

229 1849 259 1872 et
279 1845 306 1871 in
323 1844 452 1871 omnibus
481 1843 524 1871 sui
550 1843 761 1878 participatione
786 1851 818 1871 ac
848 1845 1016 1872 commercio

230 1889 354 1917 exsistat.

267 1934 309 1961 70.
331 1933 463 1960 Dominus
477 1933 524 1960 lux
548 1933 713 1968 appellatur,
737 1936 766 1959 et
777 1932 834 1959 vita
847 1936 875 1959 et
891 1939 1016 1959 resurre-

230 1979 286 2006 ctio
299 1984 381 2013 atque
391 1979 505 2005 veritas.
518 1977 541 1994 "
555 1978 614 2005 Lux
625 1977 748 2012 quidem,
765 1982 793 2004 et
810 1983 840 2004 ut
859 1977 1015 2004 animorum

231 2025 351 2056 claritas,
363 2028 433 2050 etut
446 2023 541 2058 fugans
557 2023 719 2058 ignorantia;
731 2023 869 2055 tenebras,
885 2028 967 2058 atque
986 2028 1017 2051 ut

231 2069 264 2097 ad
283 2077 315 2096 ea
346 2077 406 2104 qua:
429 2076 528 2096 arcana
551 2072 631 2101 sunt,
649 2068 827 2103 intelligenda
845 2068 1014 2101 illuminaus,

230 2115 350 2149 solisque
361 2115 463 2140 mundo
479 2114 562 2141 corde
573 2113 750 2148 aspectabilia
766 2115 896 2150 mysteria
914 2122 1015 2149 propa-

231 2161 306 2193 lans;
323 2160 378 2186 vita
394 2164 496 2191 autem,
512 2163 543 2186 ut
556 2159 602 2194 qui
618 2159 797 2194 diligentibus
809 2159 965 2190 Dominum,
987 2159 1016 2185 in

231 2207 275 2233 his
287 2213 347 2240 qua:
359 2205 452 2232 divina
468 2209 546 2237 sunt,
565 2209 681 2231 motunr
694 2205 830 2239 przebeat;
849 2204 1015 2231 resurrectio

231 2260 307 2284 vero,
323 2256 353 2278 ut
363 2251 411 2285 qui
426 2259 441 2278 a
455 2254 563 2278 mortua
575 2255 746 2278 tcrrcnorum
762 2250 878 2277 libidine
893 2253 1014 2276 mentem

231 2298 397 2327 exsuscitet.
419 2297 509 2324 omnis
531 2297 640 2331 generis
663 2295 850 2330 corruptionis
864 2294 1014 2322 mortiﬁca-

232 2343 370 2378 tionisque
386 2343 446 2370 labe
458 2350 570 2378 puram;
584 2349 615 2369 ae
627 2342 737 2369 demum
753 2342 864 2373 veritas,
881 2342 955 2369 velut
965 2341 1016 2368 im-

231 2389 390 2417 mutabilem
411 2389 546 2416 bonorum
567 2389 690 2416 habitum
702 2408 710 2421 ,
729 2388 772 2416 his
794 2388 840 2424 qui
858 2388 932 2424 digni
949 2389 1014 2422 sint,

231 2435 359 2462 munifice
371 2438 513 2469 praestans.

266 2481 309 2507 71.
326 2480 374 2507 Dei
398 2479 510 2514 quidem
533 2486 565 2506 ac
580 2478 669 2505 Patris
690 2478 762 2505 Deus
777 2477 883 2510 Sermo,
901 2477 1016 2505 cuilibet

232 2526 346 2562 mystice
363 2525 444 2557 inest,
461 2532 569 2556 eorum,
583 2531 644 2559 quae
658 2527 793 2559 praecepta
812 2524 846 2550 ab
871 2531 903 2550 eo
921 2527 986 2550 sunt
1006 2531 1013 2550 :

233 2572 359 2606 Deusqne
380 2579 412 2598 ac
425 2571 506 2598 Pater
523 2574 597 2598 totus
618 2569 646 2596 in
667 2573 724 2596 toto
738 2569 901 2596 naturaliter
923 2568 1012 2600 inest,

231 2618 307 2645 nulla
329 2617 471 2649 distantia,
496 2616 628 2643 Sermone
650 2623 700 2643 suo
715 2620 744 2643 et
755 2615 856 2643 Verbo.
868 2614 920 2647 Qui
931 2614 1016 2649 igitur

231 2664 354 2690 divinum
371 2662 530 2690 mandatum
552 2662 668 2697 suscipit
694 2662 823 2696 facitque.
839 2661 1016 2688 exsistentem

232 2706 259 2732 in
275 2705 322 2732 illo
330 2705 454 2732 divinum
474 2704 635 2731 Sermonem
657 2703 784 2738 suscipit.
795 2702 847 2736 Qui
862 2707 953 2730 autem
968 2709 1017 2736 per

230 2751 358 2778 mandata
383 2750 462 2785 502
490 2750 650 2778 Sermonem
673 2749 836 2783 susceperit,
858 2756 908 2782 per
927 2747 1016 2782 ipsum

229 2802 285 2822 una
295 2803 405 2830 quoque
427 2796 455 2822 in
477 2802 510 2822 eo
527 2795 692 2822 naturaliter
713 2794 892 2821 exsistentem
907 2793 1016 2820 Patrem

1068 1030 1116 1065 τὴν
1131 1034 1296 1068 πρακτικὴν,
1310 1034 1356 1061 καὶ
1372 1034 1489 1066 εὐτόνως
1505 1035 1535 1060 τὸ
1548 1035 1596 1070 τῆς
1611 1035 1712 1070 ἀρετῆς
1726 1037 1853 1071 τρέχουσι

1069 1077 1174 1103 στάδιον
1190 1086 1197 1093 ⁸
1214 1079 1260 1105 καὶ
1282 1080 1350 1115 μήτε
1365 1080 1439 1112 δεξιὰ
1458 1079 1502 1107 διὰ
1527 1081 1690 1113 κενοδοξίας,
1709 1082 1776 1116 μήτε
1796 1083 1855 1118 ἀρι-

1069 1121 1153 1156 στερὰ
1167 1122 1212 1149 διὰ
1228 1124 1277 1159 τῆς
1295 1124 1363 1159 πρὸς
1374 1124 1408 1151 τὰ
1422 1124 1496 1161 πάθη
1512 1126 1598 1161 ῥοπῆς
1613 1126 1792 1159 ἐκκλίνουσιν,
1807 1128 1853 1154 εὐ-

1069 1166 1155 1194 θύνων
1171 1169 1242 1195 κατὰ
1252 1169 1318 1196 Θεὸν
1333 1170 1366 1197 τὰ
1382 1170 1537 1207 διαϐήματα
1550 1180 1556 1188 ⁸
1572 1172 1640 1208 ὅπερ
1659 1173 1699 1204 εἰς
1722 1173 1799 1205 τέλος
1816 1173 1855 1210 μὴ

1068 1214 1190 1248 φυλάξας
1208 1216 1274 1243 Ἀσὰ
1296 1216 1310 1242 ό
1341 1216 1467 1251 βασιλεὺς
1498 1217 1593 1250 Ἰούδα,
1615 1218 1722 1253 λέγεται
1743 1220 1810 1255 περὶ
1823 1220 1854 1246 τὸ

1067 1258 1157 1295 γῆρας
1171 1260 1253 1287 αὑτοῦ
1268 1261 1456 1296 πεπονηκέναι
1471 1263 1534 1293 τοὺς
1552 1263 1635 1294 πόδας
1648 1271 1655 1278 '
1670 1263 1709 1295 ὡς
1725 1265 1789 1299 περὶ
1809 1265 1854 1292 τὸν

1068 1304 1167 1339 δρόμον
1181 1303 1228 1331 τοῦ
1244 1305 1315 1333 κατὰ
1330 1306 1396 1333 Θεὸν
1411 1307 1470 1342 βίου
1485 1307 1647 1344 ἀσθενήσας.

1104 1434 1153 1469 ξθ’.
1166 1435 1241 1471 Θύρα
1254 1436 1364 1471 λέγεται
1376 1438 1390 1464 ό
1402 1436 1449 1464 τοῦ
1466 1438 1533 1465 θεοῦ
1547 1439 1642 1473 Λόγος,
1660 1439 1698 1472 ὡς
1713 1440 1776 1473 τοὺς
1803 1450 1855 1468 κα-

1068 1480 1120 1513 λῶς
1135 1480 1223 1508 πᾶσαν
1241 1482 1400 1517 διηνυκότας
1412 1483 1462 1519 τὴν
1472 1483 1530 1511 ὁδον
1545 1484 1599 1511 τῶν
1612 1485 1717 1520 ἀρετῶν
1727 1488 1797 1512 κατα
1808 1487 1855 1513 τὸν

1068 1526 1212 1561 ἄμεμπτον
1230 1526 1329 1562 δρόμον
1356 1527 1406 1562 τῆς
1429 1528 1565 1563 πράξεως,
1589 1530 1657 1564 πρὸς
1682 1530 1781 1564 γνῶσιν
1799 1531 1858 1557 εἱσ-

1069 1571 1146 1606 άγων
1162 1579 1170 1588 ·
1189 1572 1237 1599 καὶ
1253 1572 1290 1604 ὡς
1305 1573 1372 1607 φῶς,
1385 1573 1492 1605 δεικνὺς
1506 1574 1568 1606 τοὺς
1589 1574 1735 1609 πολυφαεῖς
1745 1577 1795 1611 τῆς
1811 1585 1856 1603 σο-

1069 1618 1133 1652 φίας
1149 1617 1312 1654 θησαυρούς.
1330 1618 1360 1645 Ὀ
1375 1619 1455 1650 αὐτὸς
1467 1619 1521 1655 γὰρ
1540 1620 1586 1646 καὶ
1600 1620 1658 1652 ὁδός
1667 1621 1725 1647 ἐστι
1744 1622 1792 1648 καὶ
1805 1621 1855 1648 θύ-

1068 1672 1102 1698 ρα
1118 1663 1165 1690 καὶ
1183 1663 1256 1695 κλεὶς
1284 1663 1330 1690 καὶ
1358 1664 1481 1699 βασιλεία
1494 1673 1501 1681 ⁸
1522 1665 1580 1697 ὁδὸς
1594 1665 1654 1700 μὲν.
1673 1666 1711 1698 ὡς
1731 1667 1829 1703 ὁδηγός
1847 1674 1853 1682 ¹

1067 1706 1141 1738 κλεὶς
1156 1707 1194 1740 δὲ,
1209 1707 1246 1739 ὡς
1260 1708 1375 1741 ἀνοίγων
1387 1710 1444 1740 τοῖς
1458 1708 1545 1742 ἀξίοις
1559 1709 1613 1736 τῶν
1628 1710 1706 1737 θείων
1715 1712 1763 1738 καὶ
1777 1712 1855 1738 ἀνοι-

1066 1751 1181 1787 γόμενος
1197 1759 1205 1768 ·
1238 1751 1308 1787 θύρα
1330 1752 1370 1784 δὲ,
1390 1752 1428 1784 ὡς
1449 1753 1636 1787 εἰσαγωγεύς·
1663 1754 1786 1789 βασιλεία
1813 1754 1854 1786 δὲ,

1066 1797 1105 1828 ὠς
1135 1796 1400 1833 κληρονομούμενος,
1433 1797 1479 1824 καὶ
1510 1797 1580 1824 κατὰ
1608 1798 1717 1834 μέθεξιν
1733 1799 1762 1825 ὲν
1785 1800 1857 1826 πᾶσι

1066 1841 1217 1876 γινόμενος.

1101 1931 1133 1959 o'.
1154 1931 1213 1963 Φῶς
1231 1932 1245 1958 ὀ
1261 1931 1363 1966 Κύριος
1378 1932 1497 1966 λεγεται,
1513 1933 1560 1959 καὶ
1573 1933 1629 1969 ζωὴ
1643 1934 1690 1960 καὶ
1704 1933 1858 1967 ἀνάστασις

1066 1977 1114 2004 καὶ
1133 1977 1256 2013 ἀλήθεια.
1273 1977 1332 2009 Φῶς
1354 1979 1414 2012 μὲν,
1441 1978 1487 2004 καὶ
1506 1978 1543 2010 ὡς
1568 1978 1727 2014 λαμπρότης
1747 1979 1855 2014 ψυχῶν,

1067 2025 1113 2051 καὶ
1127 2023 1165 2055 ὠς
1187 2024 1298 2058 ἀγνοίας
1319 2024 1431 2056 σκότους
1453 2024 1584 2060 διώκτης·
1600 2025 1645 2051 καὶ
1667 2025 1704 2057 ὡς
1727 2026 1858 2060 φωτίζων

1067 2069 1111 2095 τὸν
1127 2068 1190 2095 νοῦν
1208 2068 1276 2104 πρὸς
1289 2069 1452 2104 κατανόησιν
1466 2070 1519 2096 τῶν
1536 2071 1699 2105 ἀπορρήτων
1711 2079 1717 2085 ·
1733 2072 1782 2097 καὶ
1798 2071 1857 2097 δει-

1067 2114 1142 2145 κνὺς,
1152 2113 1185 2140 τὰ
1199 2113 1291 2148 μόνοις
1308 2113 1391 2140 θεατὰ
1407 2115 1463 2145 τοῖς
1477 2114 1607 2148 καθαροῖς
1621 2117 1761 2151 μυστήρια
1772 2125 1780 2132 ·
1798 2117 1858 2150 ζωὴ

1066 2159 1104 2190 δὲ,
1123 2158 1160 2189 ὡς
1179 2160 1228 2194 τὴν
1247 2158 1405 2194 πρέπουσαν
1424 2159 1523 2194 ψυχαῖς
1538 2159 1701 2194 ἀγαπώσαις
1724 2161 1772 2187 τὸν
1798 2161 1858 2187 Κύ-

1067 2213 1124 2239 ριον
1139 2205 1168 2231 ὲν
1182 2205 1238 2235 τοῖς
1253 2203 1335 2235 θείοις
1352 2205 1539 2240 παρεχόμενος
1555 2205 1663 2240 κίνησιν
1682 2214 1688 2220 ·
1703 2206 1858 2238 ἀνάστασις

1066 2249 1104 2282 δὲ,
1118 2249 1155 2281 ὡς
1171 2250 1219 2284 τῆς
1234 2250 1334 2285 νεκρᾶς
1350 2250 1404 2276 τῶν
1418 2249 1517 2276 ὺλικῶν
1532 2251 1720 2286 προσπαθείας
1736 2252 1857 2287 ἐγείρων

1067 2295 1113 2321 τὸν
1125 2294 1198 2327 νοῦν,
1217 2295 1320 2330 φθορᾶς
1332 2295 1462 2327 παντοίας
1477 2295 1597 2331 καθαρὸν
1610 2296 1656 2322 καὶ
1671 2297 1837 2332 νεκρότητος
1849 2306 1856 2313 ·

1066 2340 1180 2376 ἀλήθεια
1189 2340 1227 2373 δὲ,
1236 2340 1274 2372 ὡς
1281 2340 1336 2373 ἕξιν
1344 2340 1397 2367 τῶν
1409 2340 1519 2375 ἀγαθῶν
1527 2342 1583 2373 τοῖς
1591 2341 1676 2374 ἀξίοις
1683 2341 1860 2377 δωρούμενος

1064 2386 1208 2421 ἄτρεπτον.

1099 2474 1150 2501 οα’.
1170 2474 1200 2501 '0
1225 2474 1274 2510 μὲν
1298 2474 1344 2501 τοῦ
1367 2474 1446 2509 Θεοῦ,
1469 2475 1514 2502 καὶ
1535 2475 1641 2511 Πατρὺς
1659 2475 1725 2507 θεὸς
1755 2477 1858 2511 Λόγος,

1069 2519 1172 2555 ἑκάστῃ
1187 2520 1325 2555 μυστικῶς
1335 2521 1484 2556 ἐνυπάρχει
1499 2522 1553 2548 τῶν
1571 2522 1678 2549 οἰκείων
1691 2518 1810 2549 ἐντολῶν
1823 2532 1832 2538 ·
1846 2524 1861 2549 ό

1067 2565 1096 2591 δὲ
1107 2565 1173 2598 Θεὸς
1186 2566 1234 2592 καὶ
1252 2566 1347 2602 Πατὴρ
1357 2587 1365 2599 ,
1380 2566 1440 2598 ὅλος
1459 2567 1533 2594 ἐστὶν
1545 2567 1696 2603 ἀχὼριστος
1707 2569 1736 2595 ὲν
1748 2569 1805 2603 ὅλῳ
1820 2569 1862 2604 τῷ

1066 2612 1159 2647 οἰκείῳ
1167 2613 1247 2647 Λόγῳ
1259 2612 1391 2646 φυσικῶς.
1401 2613 1430 2639 '0
1439 2612 1530 2639 τοίνυν
1540 2613 1684 2648 δεχόμενος
1696 2612 1771 2640 θείαν
1780 2614 1862 2640 ἔντο-

1066 2658 1115 2693 λὴν
1133 2659 1179 2684 καὶ
1193 2658 1279 2684 ποιῶν
1294 2658 1389 2694 αὐτὴν,
1405 2658 1450 2685 τὸν
1468 2659 1496 2685 ὲν
1517 2659 1586 2694 αὐτῇ
1601 2658 1648 2685 τοῦ
1662 2657 1729 2684 Θεοῦ
1746 2658 1863 2693 δέχεται

1065 2704 1163 2738 Λόγον.
1186 2704 1215 2730 '0
1230 2703 1258 2730 δὲ
1273 2703 1319 2730 τὺν
1334 2703 1420 2738 Λόγον
1432 2703 1475 2731 διὰ
1486 2703 1540 2729 τῶν
1557 2703 1672 2730 ἐντολῶν
1691 2703 1860 2739 δεξάμενος,

1065 2748 1098 2774 δι’
1114 2748 1197 2774 αὑτοῦ
1217 2747 1262 2775 τὸν
1276 2748 1306 2774 ἐν
1319 2748 1394 2782 αὐτῷ
1409 2747 1532 2782 φυσικῶς
1547 2748 1612 2774 ὄντα
1626 2748 1788 2780 συνεδέξατο
1804 2750 1862 2775 Πα-

1065 2793 1143 2828 τέρα,
1157 2792 1203 2819 καὶ
1224 2792 1254 2819 τὸ
1266 2793 1294 2819 ὲν
1311 2793 1386 2828 αὐτῷ
1401 2792 1525 2827 φυσικῶς
1545 2792 1574 2820 ὃν
1594 2792 1752 2826 συνεδέξατο
1768 2793 1862 2820 1]νεῦ-

269 2877 291 2892 "
304 2882 382 2909 Joan.
394 2891 448 2916 xiv,
461 2882 487 2909 6.
526 2883 548 2899 ἐ
567 2883 601 2910 111
614 2883 680 2917 Reg.
694 2890 738 2915 xv,
749 2882 793 2909 23.
830 2882 852 2898 ’⁷
863 2881 976 2915 Joan.x,
993 2882 1020 2909 9.
1060 2881 1083 2898 ’⁸
1094 2881 1172 2910 Joan.
1189 2889 1245 2916 vui,
1261 2881 1359 2915 12;)",
1375 2882 1425 2915 25;
1442 2890 1495 2914 xxv.
1514 2883 1540 2911 6.
