1951 3076
96 184 158 216 1157

494 183 661 213 ΟΛῙῚΤΠΜ
680 181 817 212 THEOL.
837 181 884 211 ET
904 181 1022 211 (ECON.
1043 181 1235 212 CENTURIA
1256 183 1296 213 II.

1656 187 1722 219 1253

95 250 142 275 μα.
152 239 247 273 Ἀμὴν
260 238 326 274 γὰρ.
345 245 422 273 φησι,
439 237 518 272 ,λέγω
537 238 618 272 ὑμῖν,
633 239 650 264 ὀ
661 236 824 271 λαμϐάνων
843 236 880 263 ὄν
894 262 899 274 γ

947 236 1068 271 usccpit;
1081 241 1163 271 atque
1180 237 1206 263 in
1220 245 1253 265 eo
1265 237 1428 264 naturaliter
1440 237 1523 265 etiam
1542 239 1720 268 exsistentcm

93 294 160 312 τινα
173 285 291 319 πέμψω,
302 283 354 318 ἐμὲ
367 283 512 317 ,λαμϐάνει
527 291 534 298 ⁸
552 284 568 310 ὁ
589 283 624 310 δὲ
639 283 692 317 ἐμὲ
707 281 878 317 λαμϐάνων,

93 330 238 365 λαμϐάνει
265 329 320 356 τὸν
347 328 509 363 πέμψαντά
531 337 579 363 με.
597 328 627 355 '0
641 328 706 362 γοῦν
717 328 827 363 ἐντολὴν
840 327 881 354 δε-

94 375 211 411 ξάμενος
222 375 269 401 καὶ
288 375 404 410 ποιήσας
429 375 524 410 αὐτὴν,
539 374 630 401 λαϐὼν
657 373 712 409 ἔχει
745 373 883 409 μυστικῶς

93 422 143 456 τὴν
155 421 237 454 ἁγίαν
253 420 365 454 Τριάδα.

129 510 180 545 οβ’.
195 510 307 542 Δοξάζει
329 510 374 537 τὸν
389 509 457 536 Θεὸν
469 510 497 536 ἐν
516 509 615 545 ἐαυτῷ,
634 510 683 545 οὐχ
698 510 711 536 ὁ
727 510 817 544 λόγοις
838 510 885 544 μό-

95 565 141 583 νον
153 557 292 591 γεραίρων
310 557 357 583 τὸν
368 556 443 587 Θεὸν,
454 556 511 583 ἀλλ’
523 558 537 583 ὁ
549 556 593 582 διὰ
605 556 651 582 τὸν
665 557 730 583 Θεὸν
742 557 812 591 ὑπὲρ
824 557 886 591 ἀρε-

95 603 146 637 τῆς
159 602 194 629 τὰ
206 603 260 628 τῶν
279 602 368 628 πόνων
384 602 528 637 ὑπομένων
554 601 705 636 παθήματα
721 610 726 616 ·
744 603 790 628 καὶ
813 602 886 627 ἀντι-

95 648 237 681 δοξάζεται
249 648 326 682 παρὰ
341 647 426 679 Θεοῦ,
442 647 492 682 τὴν
516 648 544 673 ἐν
568 647 607 682 τῷ
633 647 692 681 Θεῷ
718 647 805 679 δόξαν,
831 644 885 672 οἷον

97 693 200 729 ἀρετῆς
215 693 330 720 ἔπαθλον
341 693 412 719 κατὰ
425 692 535 728 μέθεξιν
547 692 596 728 τὴν
609 693 657 727 τῆς
682 692 818 723 ἀπαθείας
841 701 886 718 κο-

99 738 247 774 μιζόμενος
262 740 343 774 χάριν
356 739 404 774 (lt).
422 739 478 770 Πᾶς
492 739 547 773 γὰρ
558 740 571 765 ό
586 739 705 772 δοξάζων
720 739 764 765 τὸν
775 739 841 765 Θεὸν
857 739 886 764 ἐν

97 784 187 819 ἐαυτῷ
199 784 243 811 διὰ
252 784 307 811 τῶν
319 785 389 811 κατὰ
403 785 453 820 τὴν
467 785 624 821 πρακτικὴν
635 785 705 820 ὑπὲρ
718 785 818 820 ἀρετῆς
836 793 886 810 πα-

97 830 239 865 θημάτων,
256 830 303 856 καὶ
321 829 401 861 αὐτὸς
427 830 456 856 ἐν
475 829 515 865 τῷ
527 830 587 866 Θεῷ
603 830 762 862 δοξάζεται,
779 831 822 856 διὰ
837 831 886 864 τῆς

96 874 170 900 κατὰ.
181 874 233 909 τὴν
247 873 364 909 θεωρίαν
384 873 507 905 ἀπαθοῦς
529 874 583 901 τῶν
607 874 687 901 θείων
715 874 883 909 ἐλλάμψεως.

932 281 1055 316 suscepit
1075 281 1208 316 Spiritum
1228 286 1365 309 sanctum.
1382 283 1428 309 Ait
1452 284 1547 311 enim:
1566 285 1650 312 Amen
1665 287 1723 314 dico

932 326 1012 359 vobis,
1030 327 1074 361 qui
1089 327 1184 362 accipit
1200 327 1223 353 si
1236 336 1312 362 quem
1322 329 1426 360 misero,
1441 337 1481 355 me
1493 330 1605 365 accipit;
1618 331 1663 366 qui
1674 340 1724 358 au-

933 375 985 398 tem
999 380 1038 398 me
1051 373 1155 407 accipit,
1173 374 1267 408 accipit
1280 381 1339 400 eum
1355 375 1399 409 qui
1416 383 1456 401 me
1475 375 1546 401 misit
1556 375 1589 402 ’³.
1604 375 1720 412 Quiigi-

934 421 979 444 tur
1005 418 1163 444 mandatum
1189 419 1296 454 accepit
1312 419 1434 454 illudqtte
1452 419 1536 453 fecit,
1559 425 1644 449 totam
1661 430 1721 458 my~

933 463 1002 492 stice
1010 468 1133 490 sanctam
1150 463 1313 491 Trinitatem
1330 466 1446 500 accepit.

969 509 1013 536 72.
1032 509 1062 536 In
1081 509 1173 544 seipso
1187 510 1274 536 Deum
1288 510 1432 544 clariﬁcat,
1447 519 1502 539 non
1516 512 1665 547 quiverbis
1677 521 1723 540 sa-

933 555 1074 582 lummodo
1097 555 1183 581 Deum
1204 555 1339 587 honorat,
1364 557 1411 583 sed
1425 557 1472 591 qui
1490 562 1602 592 propter
1619 559 1722 590 Deutn,

934 607 1044 628 Vlrtutls
1061 608 1142 627 causa
1154 621 1160 632 ,
1184 600 1308 627 labortttn
1328 601 1467 628 molestias
1490 606 1571 636 atque
1587 611 1725 630 :crumnas

934 645 1071 679 patienter
1094 646 1205 677 tolerat;
1228 646 1406 680 vicissimque
1428 647 1597 674 clarilicalur
1618 657 1633 675 a
1649 649 1724 679 Deo,

934 690 981 724 qui
998 691 1151 718 claritatem
1170 699 1231 724 qua:
1252 691 1278 717 in
1295 692 1350 718 Deo
1366 696 1418 723 est,
1440 693 1516 719 velut
1531 693 1641 720 virtutis
1655 702 1726 728 prte-

935 736 1031 769 mium,
1046 737 1230 771 cjusquodam
1242 737 1420 775 com‘mercio,
1437 737 1629 772 impcrturbati
1642 739 1726 766 animi

935 790 967 809 ac
981 782 1121 817 tranquilli
1136 790 1236 809 munus
1254 782 1366 809 referat.
1383 783 1514 818 Quisquis
1526 784 1600 811 enim
1615 785 1727 812 virtutis

936 835 1016 854 causa
1032 835 1083 862 pro
1102 828 1184 855 activi
1207 836 1322 855 munere
1339 828 1448 856 labores
1461 829 1622 856 desudando
1637 830 1724 858 Deum

936 873 1078 906 clariﬁcat,
1091 873 1148 908 ipse
1172 874 1254 901 etiam
1267 882 1282 900 a
1295 874 1351 900 Deo
1369 873 1546 906 clarilicatur,
1559 883 1609 909 per
1626 875 1728 910 imper-

96 920 166 954 Φησὶ
178 919 234 955 γὰρ
246 921 261 946 ὁ
281 919 383 955 Κύριος
406 919 453 946 ἐπὶ
478 920 509 946 ab
533 920 619 952 πάθος
643 920 789 956 ἐρχόμενος
801 929 808 936 τ
823 921 888 947 Νῦν

944 919 1040 946 Lurbati
1056 919 1139 946 animi
1158 920 1378 955 contemplandis
1389 920 1490 947 divinis
1503 920 1725 948 illustratioucm.

96 964 249 998 ἐδοξάσθη
263 966 280 992 ό
299 966 365 998 Υἱὸς
380 965 433 993 τοῦ
444 966 612 1000 ἀνθρώπου,
623 965 672 992 καὶ
694 968 710 992 ὀ
728 967 800 998 Θεὸς
822 966 886 992 ἐδο-

97 1010 197 1044 ξάσθη
208 1012 243 1037 ὲν
256 1010 344 1043 αὐτῷ.
359 1013 394 1038 El
408 1014 424 1039 ό
439 1013 508 1043 Θεὸς
525 1011 675 1045 ἐδοξάσθη
686 1012 721 1038 ἐν
732 1011 810 1044 αὐτῷ
821 1031 827 1042 ,
836 1012 885 1047 amt

97 1057 114 1082 ό
127 1056 200 1088 Θεὸς
214 1056 337 1089 δοξάσει
350 1058 444 1084 αὺτὸν
463 1058 498 1084 ἐν
510 1057 606 1090 ἐαυτῷ
620 1066 628 1074 -
649 1058 699 1085 καί
723 1058 814 1090 εὐθὺς
835 1057 883 1084 60-

96 1101 186 1132 ἐάσει
206 1103 309 1130 αὐτόν.
331 1103 375 1134 Ὧς
400 1103 525 1130 ἐντεῦθεν
551 1101 621 1130 εἶναι
644 1103 738 1139 δῆλον,
763 1105 803 1130 ὅτι
831 1104 887 1134 τοῖς

98 1148 171 1182 ὑπὲρ
185 1148 286 1183 ἀρετῆς
300 1148 471 1184 παθήμασιν,
487 1149 700 1176 ἐπακολουθοῦσι
715 1150 750 1176 τὰ
763 1149 823 1176 θεῖα
837 1157 888 1184 χα-

99 1202 230 1229 onusta.

135 1281 186 1315 (ιγ’.
203 1281 277 1313 Ἕως
291 1282 337 1308 τὸν
348 1282 378 1309 ἐν
399 1282 438 1318 τῷ
454 1283 528 1319 ῥητῷ
544 1283 574 1319 (i)
587 1283 637 1319 τῆς
668 1283 748 1318 ἁγίας
777 1283 889 1318 Γραφῆς

98 1327 234 1359 ποικίλως
258 1327 302 1354 διὰ
311 1327 366 1354 τῶν
386 1329 555 1363 αἰνιγμάτων
573 1328 808 1363 σεσωματωμένον
823 1328 890 1364 6ρὼ-

101 1382 152 1409 μεν
168 1374 215 1400 τὸν
237 1374 284 1400 τοῦ
299 1373 367 1401 Θεοῦ
390 1375 488 1409 Λόγον,
511 1374 587 1401 οὔπω
604 1375 649 1401 τὸν
670 1374 817 1410 ἀσώματον
842 1375 890 1401 καὶ

99 1419 205 1446 ἁπλοῦν
221 1420 268 1446 καὶ
290 1420 389 1446 ἐνιαῖον
404 1421 451 1446 καὶ
472 1420 570 1455 μόνον,
589 1420 627 1452 ὡς
643 1421 672 1447 ἐν
689 1421 828 1455 ἀσωμάτῳ
842 1420 890 1446 καὶ

100 1465 183 1501 ἁπλῷ
196 1466 244 1492 καὶ
261 1465 356 1501 ἐνιαίῳ
370 1466 417 1492 καὶ
443 1466 516 1502 μόνῳ
533 1466 590 1501 Υίῷ
612 1466 715 1501 νοητῶς
736 1465 891 1501 τεθεάμεθα

100 1511 224 1545 Πατέρα,
253 1510 325 1537 κατὰ
345 1510 375 1537 τὺ
391 1530 399 1542 ,
420 1511 452 1538 '0
478 1511 613 1544 ἑωρακὼς
632 1511 685 1546 ἐμὲ
710 1511 821 1546 ἑώρακε
838 1511 892 1538 τὸν

100 1557 230 1591 Πατέρα.
251 1558 306 1585 Καί
320 1567 327 1574 ·
349 1558 423 1593 Ἐγὼ
434 1557 469 1585 ἐν
492 1557 532 1591 τῷ
558 1558 666 1593 "arpi,
682 1559 731 1586 καί
757 1560 774 1585 ὁ
790 1558 890 1592 Πατὴρ

101 1603 138 1630 ἐν
152 1603 228 1638 ἐμοί.
243 1603 348 1638 Πολλῆς
359 1601 405 1630 οὖν
416 1603 496 1639 χρεία
509 1603 559 1638 τῆς
570 1602 821 1638 ἐπιστήμης,,ὧστε
834 1603 889 1629 δια-

99 1646 202 1679 δύντας
214 1647 346 1682 πρότερον
364 1647 399 1674 τὰ
422 1647 488 1682 περὶ
502 1648 547 1674 τὸν
562 1648 647 1682 Λόγον
675 1648 729 1674 τῶν
761 1647 892 1683 ῥημάτων

101 1693 282 1728 καλύμματα,
298 1693 370 1720 οὕτω
396 1694 490 1728 γυμνῷ
511 1693 550 1728 τῷ
565 1693 605 1719 νοῒ
620 1693 738 1729 καθαρὸν
749 1694 829 1719 αὑτὸν
850 1694 891 1728 ἐφ’

102 1739 203 1765 ἑαυτὸν
220 1738 327 1766 ἑστῶτα
344 1739 495 1765 θεάσασθαι
510 1738 590 1774 [unus
602 1738 665 1774 Reg.
677 1739 831 1774 τεθεᾶσθαι]
846 1740 892 1765 τὴν

102 1784 201 1818 Λόγον,
223 1784 268 1810 τὸν
279 1785 308 1810 ὲν
323 1784 413 1820 ἐαυτῷ
427 1784 521 1818 σαφῶς
535 1784 573 1816 ὼς
607 1785 717 1819 ἐφικτὸν
739 1784 892 1820 ἀνθρώποις

101 1830 150 1857 τὸν
163 1829 273 1865 Πατέρα
289 1829 442 1857 δεικνύντα.
460 1830 560 1864 Διόπερ
574 1830 682 1864 ἀνάγκη
705 1831 751 1856 τὸν
772 1830 892 1862 εὐσεῦῶς

101 1874 150 1901 τὸν
165 1874 233 1901 Θεὸν
251 1873 444 1908 ἐπιζητοῦντα,
459 1873 555 1909 μηδενὶ
577 1874 737 1908 κρατεῖσθαι
751 1875 836 1910 ῥητῷ,
850 1875 893 1901 ἵνα

103 1921 144 1956 μὴ
158 1920 220 1947 ἀντὶ
237 1920 316 1952 Θεοῦ,
329 1920 365 1947 τὰ
377 1920 441 1956 περὶ
452 1920 519 1947 Θεὸν
532 1920 602 1956 λάθῃ
614 1920 702 1946 λαϐών
718 1929 725 1936 ·
743 1921 892 1952 τουτέστιν,

101 1967 165 1993 ἀντὶ
174 1966 221 1992 τοῦ
249 1966 402 2000 Λόγου,τὰ
423 1966 493 2001 ῥητὰ
514 1966 635 2001 στέργων
657 1966 816 2001 ἐπισφαλῶς
844 1966 894 2000 τῆς

100 2012 225 2047 Γραφῑκ,
237 2012 283 2040 τοῦ
299 2011 386 2045 Λόγου
396 2012 573 2047 διαφυγόντος
587 2011 632 2038 τὸν
646 2011 708 2038 νοῦν
732 2013 764 2038 ἐκ
779 2012 833 2039 τῶν
847 2021 895 2038 πε-

102 2058 286 2094 ριϐλημάτων
294 2059 405 2093 κρατεῖν
419 2058 551 2085 δοκοῦντα
564 2057 610 2084 τὸν
622 2057 769 2092 ἀσώματον
784 2059 871 2092 Λόγον
886 2067 892 2074 ·

102 2105 176 2131 κατά
197 2112 230 2138 γε
251 2104 301 2140 τὴν
317 2103 480 2138 Αἰγυπτίαν,
496 2104 545 2138 τὴν
568 2103 606 2138 μὴ
625 2103 672 2130 τοῦ
692 2103 804 2139 Ἰωσὴφ,
827 2104 895 2131 ἀλλὰ

100 2150 158 2176 τῶν
183 2148 268 2176 αὐτοῦ
296 2148 497 2184 ἐπιλαϐομένην
531 2149 647 2184 ἱματίων
661 2157 669 2165 ·
684 2149 739 2182 ,καὶ
761 2150 823 2181 τοὺς
841 2158 894 2175 πα-

101 2196 197 2227 λαιοὺς
213 2194 376 2230 ἀνθρώπους
387 2214 394 2227 ,
409 2195 432 2221 oi
449 2194 517 2231 μόνῃ
532 2196 566 2230 τῇ
586 2195 740 2231 εὐπρεπείᾳ.
753 2195 806 2222 τῶν
827 2196 895 2231 ὀρω-

105 2243 197 2277 μένων
215 2241 455 2275 ἐναπομείναντες,
467 2240 562 2268 ἔλαθον
576 2242 608 2277 τῇ
622 2241 895 2278 κτίσειλατρεύοντες

105 2287 184 2322 παρὰ
200 2286 248 2313 τὸν
260 2286 403 2313 κτίσαντα.

140 2419 188 2446 οδ¹.
211 2419 241 2446 '0
253 2418 396 2454 τῆς·ἀγίας
409 2418 522 2454 Γραφῆς
537 2418 626 2453 λόγος,
644 2417 716 2445 κατὰ
737 2418 821 2454 μέρος
843 2420 899 2451 τοῖς

144 2497 168 2512 ³³
180 2496 261 2524 Joan.
277 2504 335 2530 xm,
350 2495 396 2523 20.
435 2495 457 2512 ³⁸
471 2495 540 2523 ibid.
559 2495 604 2522 51.

144 2569 183 2604 (Ιι)
201 2568 262 2600 Τὴν
275 2567 335 2604 τῆς,
355 2567 501 2604 (inagis/ur;
513 2566 712 2604 anytfdyeypc
723 2566 832 2604 χάριν,
847 2567 905 2601 τὴν

107 2601 269 2634 ἀπάθειαν,
290 2602 473 2629 universalius
491 2601 537 2629 hic
555 2602 639 2628 sumit
659 2602 805 2634 Maximus,
828 2607 855 2629 et
874 2607 905 2629 ut

108 2640 194 2666 etiam
207 2638 410 2666 immunitatem
424 2637 493 2664 dicit
506 2644 521 2663 a
535 2636 647 2664 virtutis
664 2637 809 2663 laboribus
823 2637 902 2664 vita:-

108 2682 163 2709 qne
178 2672 328 2709 aerumnis;
346 2676 380 2709 et_
391 2680 447 2699 non
455 2672 543 2699 solum
557 2680 572 2699 a
586 2672 827 2709 perturbationum
839 2672 903 2709 libi—

108 2706 263 2742 dinumque
275 2707 418 2739 molestia;
433 2715 486 2742 qua
515 2711 606 2733 tamen
628 2707 779 2742 praecipue,
793 2706 902 2734 divino-

110 2752 172 2770 rum
199 2741 442 2776 contemplationis
455 2742 604 2768 illustratio
621 2741 698 2776 (ipsa
725 2741 826 2769 divina:
847 2742 902 2769 cla-

111 2779 203 2805 ritatis
216 2777 409 2813 partieipatum
424 2784 524 2813 munus
538 2776 672 2813 λάπαοὴς
699 2776 737 2804 illi
771 2777 874 2813 dicitur
892 2785 899 2809 ;

110 2821 193 2847 quam
211 2811 247 2838 ad
263 2812 411 2847 passionem
425 2812 523 2839 uadens
534 2811 731 2847 Βοηιὶηιισηὲπὶ
761 2811 791 2838 τὸ
815 2812 900 2844 πάθος

111 2846 270 2883 ἐρχόμενος,
287 2847 350 2883 sibi,
359 2847 496 2883 nobisque
516 2846 715 2883 postulaverit:

147 2880 184 2919 (θ’
199 2883 277 2915 Ἕως
304 2882 358 2909 τοῦ
381 2883 416 2909 ἐν
443 2880 483 2914 τῷ
502 2880 593 2916 ῥητῷ.
631 2880 680 2908 Est
705 2880 787 2908 Marci
814 2882 896 2917 capit.

936 966 982 992 Ait
996 966 1069 992 enim
1080 965 1212 993 Dominus
1227 965 1260 993 ad
1273 966 1428 1000 passionem
1440 966 1543 993 vadens
1560 975 1566 993 :
1582 966 1659 993 Nunc
1671 966 1727 994 cla-

937 1012 1057 1046 riﬁcatus
1073 1016 1110 1038 est
1133 1011 1216 1038 Filius
1244 1012 1366 1045 hominis,
1387 1015 1411 1038 et
1429 1011 1500 1038 Deus
1515 1011 1676 1046 cluriﬁcalus
1691 1016 1727 1040 est

937 1058 964 1084 in
980 1065 1019 1084 ca.
1043 1056 1071 1084 Si
1085 1057 1153 1083 Deus
1168 1056 1329 1090 clari/inanis
1347 1061 1386 1083 est
1398 1057 1424 1083 in
1441 1065 1482 1088 eo,
1497 1061 1521 1083 et
1543 1057 1612 1084 Deus
1629 1057 1730 1090 clariﬁ-

938 1103 1006 1129 cabit
1030 1111 1089 1129 eum
1118 1103 1145 1129 in
1176 1103 1334 1137 semetipso,
1359 1106 1384 1129 et
1412 1103 1535 1129 continuo
1568 1102 1728 1136 cluri/icabit

938 1156 999 1175 eum
1012 1148 1045 1174 ⁸⁸.
1057 1147 1093 1175 Ut
1105 1147 1170 1174 inde
1181 1147 1268 1182 palam
1284 1151 1378 1182 queat,
1401 1147 1494 1175 divina
1508 1155 1624 1174 munera
1650 1147 1729 1174 labo-

939 1201 983 1221 res
1001 1193 1128 1220 comitari
1155 1200 1225 1227 quos
1252 1193 1366 1220 virtutis
1391 1200 1472 1220 causa
1500 1193 1680 1226 sustinemus,
1698 1200 1730 1220 ac

938 1247 1085 1267 aerumnas.

976 1285 1018 1313 7'5.
1035 1285 1162 1318 Quandiu
1176 1284 1202 1312 in
1218 1292 1303 1312 sacrae
1321 1283 1473 1319 Scriptura:
1486 1285 1580 1312 littera
1597 1285 1673 1312 varie
1681 1293 1730 1320 per

939 1330 1083 1366 {enigmata
1110 1330 1157 1357 Dei
1177 1329 1340 1357 Sermonem
1365 1332 1543 1364 corporalum
1571 1330 1729 1362 cernimus,

939 1376 1062 1403 nondum
1082 1375 1276 1410 incorporeum
1293 1375 1503 1410 simplicemque
1519 1375 1685 1410 singularem
1699 1382 1731 1402 ac

940 1421 1064 1453 unicum,
1082 1421 1158 1448 velut
1177 1421 1205 1448 in
1223 1420 1387 1454 incorporeo
1401 1424 1429 1447 et
1445 1420 1565 1454 simplici
1578 1427 1611 1447 ac
1634 1419 1729 1455 singu-

940 1467 991 1494 lari
1001 1471 1083 1502 atque
1099 1467 1183 1494 unico
1199 1466 1279 1498 Filio,
1292 1465 1414 1492 vidimus
1428 1466 1550 1498 Patrem,
1567 1466 1645 1501 juxta
1655 1466 1729 1500 quod

941 1513 1073 1548 scriptum
1085 1516 1127 1540 est
1141 1521 1147 1539 :
1161 1511 1212 1544 Qui
1232 1512 1296 1540 vidit
1313 1520 1368 1544 me,
1382 1511 1447 1538 vidit
1462 1517 1487 1538 et
1501 1511 1611 1538 Patrem
1631 1511 1663 1539 ".
1679 1511 1730 1538 Et:

943 1559 999 1594 Ego
1011 1559 1039 1585 in
1053 1558 1146 1590 Patre,
1164 1562 1188 1584 el
1197 1557 1278 1584 Pater
1292 1558 1320 1584 in
1335 1565 1376 1584 me
1388 1561 1425 1584 est
1435 1557 1467 1584 ³².
1480 1557 1575 1592 Magna
1594 1565 1661 1593 ergo
1679 1565 1731 1584 no-

905 1591 925 1620 θ
942 1591 986 1631 bis
1001 1611 1070 1639 opus
1084 1603 1195 1631 solertia
1209 1607 1262 1636 est,
1282 1607 1313 1630 ut
1325 1603 1468 1638 perruptis
1484 1591 1563 1638 prius
1581 1591 1731 1631 verborum

943 1650 1149 1685 integumentis,
1164 1650 1237 1676 circa
1255 1649 1417 1676 Sermonem
1431 1657 1480 1676 seu
1491 1649 1609 1677 Verbum
1623 1653 1731 1676 exstan-

942 1696 1017 1723 tibus
1040 1695 1186 1730 ipsumque
1212 1694 1462 1727 eonvestientibus,
1481 1694 1520 1721 sic
1543 1694 1617 1721 nuda
1639 1699 1731 1721 mente

943 1742 1034 1776 ipsum
1051 1741 1077 1768 in
1093 1748 1122 1768 se
1135 1748 1235 1776 purum
1258 1748 1308 1775 per
1322 1748 1351 1767 se
1365 1741 1543 1768 exsistentem
1557 1739 1730 1771 Sermonem,

944 1788 1032 1822 ipsum
1056 1787 1083 1813 in
1109 1794 1139 1813 se
1157 1787 1242 1819 clare,
1261 1786 1351 1821 quoad
1377 1786 1542 1813 mortalibus
1570 1793 1731 1813 concessum

942 1837 1002 1864 est,
1027 1832 1135 1859 Patrem
1161 1831 1364 1864 ostendentem,
1380 1831 1532 1859 videamus.
1548 1831 1731 1864 Quamobrem

943 1884 1055 1904 necesse
1068 1880 1120 1910 est,
1139 1881 1169 1903 ut
1184 1876 1230 1911 qui
1249 1876 1336 1903 Deum
1353 1876 1398 1911 pie
1411 1876 1527 1911 quaerit,
1543 1875 1611 1902 nulli
1630 1876 1733 1903 lmrcat

943 1923 1043 1950 litterae
1060 1922 1168 1954 cortici,
1182 1929 1217 1948 ne
1235 1929 1286 1956 pro
1301 1921 1368 1954 Deo,
1385 1929 1446 1955 quae
1460 1924 1524 1948 sunt
1536 1920 1610 1948 circa
1625 1921 1711 1948 Deum
1723 1941 1731 1953 ,

945 1967 1106 2002 imprudens
1131 1971 1238 2000 sumat;
1264 1974 1298 1994 ne
1324 1966 1431 1993 scilicet
1446 1965 1589 1993 Sermonis
1602 1966 1663 1993 loco
1682 1974 1733 1993 seu

944 2013 1028 2042 Verbi
1042 2012 1098 2048 (τοῦ
1114 2013 1212 2047 Λόγου)
1227 2012 1376 2047 Scriptura:
1392 2017 1522 2039 contexta
1538 2012 1623 2039 verba
1637 2019 1733 2039 errore

944 2059 1134 2094 amplectatur,
1152 2058 1284 2085 Sermone
1299 2058 1359 2093 ipso
1383 2065 1416 2084 ac
1442 2058 1532 2085 Verbo
1546 2062 1666 2084 mentem
1687 2057 1733 2084 fu-

945 2104 1037 2139 giente
1053 2111 1060 2129 :
1074 2111 1135 2137 qua:
1144 2103 1272 2130 videlicet
1289 2111 1323 2130 ex
1339 2102 1520 2134 indumentis,
1538 2102 1735 2136 incorporeum

945 2156 974 2176 se
987 2148 1147 2176 Sermonem
1163 2152 1255 2175 tenere
1274 2148 1437 2180 arbitretur,
1448 2147 1521 2174 haud
1533 2155 1612 2174 secus
1628 2155 1660 2174 ac
1673 2155 1735 2173 mu-

945 2193 997 2220 lier
1012 2193 1058 2220 illa
1073 2193 1200 2229 [Egyptia
1215 2201 1276 2228 quae
1290 2201 1346 2220 non
1365 2193 1527 2228 Josepbum,
1552 2193 1600 2220 sed
1614 2194 1674 2228 ejus
1686 2201 1736 2228 ap-

914 2239 1096 2288 Dprebendit
1120 2240 1234 2267 lacinias
1258 2241 1377 2267 vestium
1390 2240 1430 2273 ³³;
1443 2249 1475 2268 ac
1500 2241 1573 2268 sicut
1590 2241 1734 2268 hominum

947 2283 1038 2318 prisca
1056 2288 1131 2316 mtas,
1147 2291 1208 2318 quas
1223 2283 1250 2310 in
1264 2283 1321 2310 sola
1337 2291 1429 2310 rerum
1446 2284 1533 2312 oculis
1547 2285 1737 2319 expositarum

950 2328 1029 2364 503
1045 2328 1248 2363 magnificentia
1267 2329 1421 2360 immorata,
1446 2337 1502 2356 non
1517 2329 1635 2357 advertit
1661 2338 1738 2357 crea-

948 2379 1018 2401 turm
1030 2382 1058 2401 se
1075 2374 1167 2409 potius
1181 2375 1295 2406 servire,
1310 2382 1393 2410 quam
1404 2375 1527 2402 Creatori
1541 2375 1573 2402 ".

985 2419 1029 2447 74.
1047 2419 1139 2448 Sacra:
1157 2420 1306 2454 Seripturae
1321 2427 1422 2453 sermo,
1438 2420 1650 2448 sublimioribus
1670 2428 1738 2455 pau~

643 2495 663 2511 ³¹
681 2495 759 2523 Joan.
775 2504 829 2530 xw,
845 2497 870 2524 9.

944 2496 1009 2524 ibid.
1026 2497 1069 2524 10.
1107 2497 1130 2513 ³³
1141 2497 1210 2525 Gen.
1227 2505 1317 2530 xxxix,
1335 2497 1378 2524 12.
1414 2498 1438 2513 ³⁸
1455 2498 1532 2525 Ιίοῐη.
1543 2498 1617 2530 1,25.

958 2567 1098 2603 νηπτικῶν
1113 2567 1200 2603 ἓιῄη
1220 2570 1344 2603 quotum
1358 2570 1448 2603 textus
1466 2566 1531 2593 Pico
1552 2566 1667 2596 laborat.
1684 2572 1741 2595 tum

958 2601 1016 2637 ipse
1025 2611 1038 2629 a
1051 2611 1080 2630 se
1089 2602 1188 2629 menda
1199 2601 1358 2629 cumulavit.
1373 2602 1430 2628 Nec
1447 2609 1560 2629 necesse
1572 2602 1676 2636 singula
1689 2603 1745 2630 dis-

957 2642 1063 2664 cutere.
1093 2637 1217 2664 Suiliciat
1236 2637 1311 2664 illius
1326 2637 1422 2663 mutila
1446 2640 1474 2663 et
1488 2641 1654 2671 przepostera
1681 2646 1742 2664 cum

955 2673 1060 2700 nostris
1075 2672 1191 2707 integris
1210 2672 1340 2706 sanisque
1357 2671 1502 2704 conferre;
1528 2672 1554 2698 in
1570 2672 1670 2707 quibus
1687 2674 1747 2699 elu-

955 2712 1009 2739 cet,
1040 2712 1097 2734 tum
1129 2707 1292 2741 MarciAalta
1318 2706 1466 2741 theologia,
1492 2711 1549 2734 tum
1575 2706 1683 2733 Maximi
1702 2708 1747 2741 ju-

956 2743 1059 2769 dicium
1086 2746 1115 2770 et
1134 2739 1264 2774 solertia;
1299 2742 1346 2776 qui
1383 2739 1513 2775 tanquam
1540 2742 1656 2776 gemmis
1684 2739 1747 2776 pul-

955 2778 1123 2809 cberrimis,
1156 2777 1213 2804 illis
1238 2776 1323 2803 Marci
1349 2776 1505 2811 capitibus,
1533 2783 1582 2812 sua
1613 2776 1671 2803 ham
1697 2785 1747 2812 pu-

954 2813 1055 2852 taverit
1070 2812 1186 2853 (litanda
1200 2818 1265 2839 vere
1281 2811 1429 2846 γνωστικά,
1442 2818 1474 2838 ac
1489 2811 1632 2846 sapientiae
1641 2812 1747 2847 plenis-

952 2855 1022 2875 srma
1044 2853 1143 2883 capita.
