1951 3076
247 167 312 201 1159

823 165 853 194 S.
879 164 1022 195 ΜΛΧΙΜΙ
1042 163 1295 195 ΕΟΝΡΕΒΞΟΠΙΞ

1797 163 1868 196 1160

245 224 321 251 latim
335 220 494 249 notiombus
510 219 666 254 sensisque,
687 225 783 245 eorum
801 226 862 253 quae
882 219 910 246 iu
925 226 959 246 eo
971 225 1032 245 cor-

1082 218 1258 254 ὑψηλοτέροις
1275 220 1393 255 νοήμασι
1410 219 1458 255 τὴν
1475 220 1529 247 τῶν
1544 220 1588 246 ἐπ’
1601 219 1674 254 αὗτῷ
1702 221 1868 254 σωματικῶς

245 268 376 305 poraliter
404 267 466 293 ﬁcta
488 266 630 297 dicuntur,
656 265 885 300 compositionem
912 272 1029 296 exuens,

247 321 375 348 tanquam
395 314 422 340 in
436 320 503 339 voce
518 320 591 338 aura:
608 312 700 339 tenuis
713 312 851 339 exsisteus
871 311 903 343 ",
924 311 1031 346 perspi—

244 358 346 386 caciori
366 357 450 385 menti
471 357 644 390 ostenditur;
660 357 685 384 ei
703 357 831 384 nimirum
850 365 910 392 qua:
923 364 1030 384 summe

243 412 302 431 cam
313 403 505 431 deﬁcientibus
515 403 685 430 naturalibus
693 402 908 437 operationibus,
919 409 1029 429 sensum

244 448 375 474 duntaxat
397 448 537 482 percipere
563 447 666 481 potuit“
684 447 743 481 ejus
764 447 957 481 simplicitatis,
976 453 1030 480 qua

245 494 391 520 illiScrmo
410 493 468 527 (seu
488 492 619 527 Verbum)
640 493 772 527 tantisper
786 492 939 524 indicatur;
958 491 1030 519 haud

245 547 324 567 secus
345 547 377 566 ac
399 546 513 573 magnus
534 539 618 570 Elias,
637 539 681 565 cui
712 539 738 565 in
765 546 847 573 specu
871 538 962 565 lloreb
985 538 1031 565 illa

244 584 313 611 visio
327 583 433 618 obtigit.
455 582 545 609 lloreb
559 583 644 614 enim,
667 583 689 609 si
708 590 807 609 nomen
830 582 1029 617 interpreteris,

247 629 342 656 navale
358 633 410 659 est,
425 628 499 663 quod
518 628 649 655 virtutuut
667 628 788 659 habitus,
805 628 832 655 in
846 636 918 655 novo
938 627 1032 663 gratia:

246 675 344 709 spiritu
365 679 417 701 est.
439 674 543 708 Specus
563 679 666 705 autem,
683 674 791 701 occulta
812 674 904 700 animo
924 679 967 701 cst
986 682 1030 701 sa-

247 719 356 754 pientia:
370 718 486 749 latebra,
501 718 630 752 illiusque
646 719 721 745 velut
739 718 870 754 adytum;
887 726 968 753 quam
984 717 1031 752 qui

247 763 386 798 ingressus
405 762 497 794 fuerit,
514 763 670 795 scientiam,
688 771 748 797 quae
763 771 871 790 omnem
884 767 1032 797 exsuperat

248 817 358 836 sensum
373 808 405 840 ",
422 808 534 843 mystice
550 808 716 842 persentict;
736 808 763 834 in
777 816 830 842 qua
844 808 916 835 Deus
931 807 1033 834 dicitur

247 855 390 882 exsistere.
414 854 544 889 Quisquis
563 862 628 889 ergo
654 854 740 881 instar
756 854 845 889 magni
862 854 927 881 Elite
947 854 1032 880 Deum

246 908 310 927 vere
322 900 431 934 quaerit,
445 907 499 926 non
513 903 617 925 tantum
632 907 661 926 se
674 899 701 926 in
717 899 807 926 lloreb
821 898 945 926 conferet
959 898 1031 932 (tan-
1047 893 1068 920 Β

247 953 327 979 quam
340 946 445 972 scilicet
459 945 506 980 qui
523 945 624 972 actioni
637 945 755 977 studeat;
771 945 904 972 virtutum
915 944 1031 979 arripiet

248 991 395 1025 habitum),
411 999 507 1017 verum
525 991 607 1018 etiam
621 990 648 1017 in
663 998 773 1025 specum
787 991 814 1017 in
837 990 928 1018 llorcb
952 990 1033 1017 sitam

247 1035 395 1070 pervadct;
411 1039 539 1069 tanquam
550 1035 654 1061 scilicet
670 1035 897 1069 contemplationi
912 1034 1031 1066 deditus,

249 1081 274 1108 in
289 1081 429 1115 sapientia:
450 1080 583 1107 latebram
610 1080 755 1114 sinumque
774 1079 949 1114 penitiorem,
972 1087 1033 1114 quzn

249 1124 276 1151 in
291 1124 423 1151 virtutum
440 1123 573 1150 duntaxat
590 1123 687 1150 babilu
706 1123 799 1150 sedetn
817 1122 927 1150 habeat.

281 1171 324 1198 75.
337 1170 405 1197 Tum
418 1169 508 1197 clarus
523 1169 647 1196 veritatis
672 1176 762 1196 sertno
778 1168 869 1195 animo
882 1168 1032 1202 illucescet,

246 1223 320 1243 verte
338 1217 363 1243 ei
379 1216 501 1243 scientiae
514 1215 680 1242 documenta
696 1214 833 1250 prmbens,
848 1214 965 1249 vittaque
985 1223 1033 1241 su-

247 1261 364 1296 perioris
377 1266 578 1296 squammarum
592 1267 667 1286 more
685 1259 712 1286 in
727 1267 760 1286 eo
773 1263 953 1294 prazsumptas
971 1258 1033 1294 opi-

247 1307 345 1334 niones
364 1306 413 1333 abs
433 1306 603 1341 spiritalibus
623 1304 712 1332 oculis
730 1304 880 1339 depcllcns,
894 1311 957 1330 cum
974 1303 997 1331 is
1017 1311 1034 1331 a

249 1359 278 1380 se
295 1353 430 1379 haerentes
445 1352 496 1378 sibi
519 1351 685 1386 multiplices
702 1350 856 1384 opiniones,
879 1350 920 1377 uti
940 1358 969 1377 se
989 1357 1034 1377 res

248 1398 277 1425 in
290 1398 384 1425 divino
398 1405 550 1433 magnoque
567 1398 690 1432 apostolo
711 1397 796 1424 Paulo
814 1396 920 1428 habuit,
937 1403 1034 1423 excus-

250 1444 318 1471 serit
332 1444 367 1469 ".
383 1443 464 1470 Plane
478 1443 551 1470 enim
570 1449 718 1476 squammze
738 1446 803 1468 sunt
821 1441 904 1468 animi
923 1440 1035 1468 lumini-

250 1489 302 1516 bus
320 1489 465 1520 hterentes,
485 1488 590 1523 nitique
614 1495 645 1515 ac
664 1495 820 1515 commeare
839 1487 873 1514 ad
894 1487 1034 1514 sincerum

250 1532 376 1560 veritatis
401 1539 555 1559 sermonem
579 1532 777 1567 prohibentes,
806 1535 862 1558 tum
884 1531 934 1558 soli
957 1531 1033 1558 Seri—

249 1581 338 1614 pturze
346 1577 445 1604 littera:
453 1578 565 1612 ejusque
571 1577 645 1603 velut
653 1576 748 1604 cortici
757 1576 871 1603 addicta:
879 1575 1032 1611 opiniones,

251 1627 310 1650 tum
327 1629 417 1649 rerum
432 1621 640 1656 aspectabilium
659 1628 742 1649 sensu
761 1625 842 1648 tenus
855 1628 917 1647 eum
934 1620 1034 1648 aifectu

250 1674 283 1695 ac
297 1666 410 1694 libidine
421 1671 557 1701 usurpata:
570 1666 699 1693 visiones.

285 1721 328 1747 76.
347 1720 461 1747 Divinus
476 1720 587 1754 quidem
607 1720 747 1755 apostolus
767 1720 880 1754 Paulus,
903 1728 937 1748 ex
957 1725 1034 1756 parte

250 1774 280 1794 se
293 1766 376 1794 Verbi
398 1767 581 1801 cognitionem
603 1771 713 1794 nactum
733 1774 794 1794 esse
809 1767 848 1794 ait
861 1766 901 1800 ";
921 1775 1036 1802 magnus

250 1819 316 1839 vero
340 1812 459 1839 Joannes
479 1812 656 1847 evangelista.
675 1813 734 1848 ejus
752 1820 781 1840 se
800 1813 913 1848 gloriam
933 1813 1035 1841 vidisse

250 1857 326 1884 dicit.
348 1857 464 1883 Vidimus
480 1857 564 1886 enim.
588 1857 686 1891 inquit.
706 1857 819 1893 gloriam
839 1859 906 1893 ejus,
922 1859 1035 1894 gloriam

251 1903 328 1937 quasi
344 1902 474 1937 Unigenili
485 1911 499 1929 α
508 1902 598 1934 Patre,
610 1903 715 1937 plenum
729 1905 823 1938 gratia:
838 1908 862 1929 et
874 1905 992 1931 veritatis
1001 1905 1034 1932 3’.

250 1947 322 1974 Num
353 1955 421 1974 vero
452 1952 564 1974 sanctus
589 1948 700 1982 quidem
734 1948 858 1980 Paulus,
893 1957 926 1976 ex
959 1954 1035 1984 parte

251 1998 362 2018 nactum
378 2000 405 2019 sc
421 1992 564 2019 scientiam
575 1992 653 2024 dixit,
674 1997 801 2027 tanquam
817 1993 864 2020 Dei
880 1993 982 2020 Verbi?
998 1994 1036 2021 Ex

252 2038 458 2072 operationibus
470 2038 544 2065 enim
560 2046 670 2073 quoqtto
689 2038 771 2065 modo
785 2039 874 2065 solum
891 2039 1014 2066 noscitur
1027 2048 1034 2066 :

252 2079 352 2113 quippe
369 2087 431 2106 eum
445 2080 514 2114 ejus,
530 2079 602 2113 quod
623 2079 657 2106 ad
673 2080 820 2106 essentiam
839 2080 1035 2107 substantiam-

251 2133 305 2160 que
325 2129 439 2160 spectat,
459 2125 567 2156 notitia,
585 2125 664 2159 504
685 2126 792 2152 cunctis
812 2126 928 2160 perinde
955 2134 1035 2161 ange-

252 2170 339 2204 lisque
360 2174 388 2196 et
411 2170 570 2196 hominibus
589 2170 625 2196 sit
648 2170 796 2203 inaccessa,
823 2172 897 2198 nulla
922 2180 1036 2207 prorsus

253 2216 358 2242 ratione
378 2215 424 2242 ulli
445 2216 594 2250 explorata.
611 2215 727 2243 Sanctus
746 2225 811 2243 vero
827 2217 956 2249 Joannes,
971 2226 1035 2252 per-
1053 2222 1073 2249 1)

253 2259 334 2289 lecte.
358 2259 430 2294 quod
455 2267 616 2287 concessum
640 2260 799 2288 hominibus
821 2266 873 2294 est,
889 2261 972 2289 Verbi
992 2263 1036 2289 in-

253 2304 438 2332 carnationem
461 2304 586 2335 edoctus.
611 2305 725 2339 gloriam
755 2313 795 2338 se,
822 2306 900 2341 quasi
925 2314 1036 2333 carnem

254 2350 385 2382 Verbum,
405 2351 442 2377 ait
461 2350 650 2385 conspexisse;
668 2358 776 2386 nempe,
791 2351 898 2385 vidisse,
908 2360 937 2378 se
952 2351 1037 2378 ratio-

253 2403 316 2423 nem
341 2400 368 2422 ct
390 2395 482 2428 liuent,
509 2395 663 2422 secundum
684 2404 766 2430 quem
790 2396 861 2423 Deus
886 2396 975 2424 factus
995 2402 1038 2424 est

254 2441 346 2473 homo,
362 2441 472 2475 plenum
493 2441 587 2476 gratim
611 2445 639 2468 et
659 2441 792 2468 veritatis.
811 2442 871 2468 Non
890 2442 964 2468 enim
984 2449 1037 2476 qua

254 2487 359 2513 ratione
372 2487 522 2514 secundum
536 2487 682 2514 essentiam
693 2487 775 2518 Deus,
788 2487 965 2522 ejusdemque
975 2495 1037 2515 eum

254 2531 334 2559 Patre
354 2532 480 2558 essentia:
500 2537 552 2562 est,
572 2531 738 2567 Unigenitus
755 2532 842 2566 gratia
863 2537 960 2560 auctus
978 2538 1037 2566 est;

254 2576 302 2602 sed
322 2585 374 2611 qua
391 2577 497 2603 ratione
515 2576 605 2603 altiori
626 2577 742 2603 consilio
767 2584 798 2604 ac
821 2577 1037 2611 dispensatione,

256 2620 343 2649 factus
360 2626 402 2648 est
416 2621 500 2647 homo
520 2625 618 2648 natura
637 2621 814 2656 ejusdemque
834 2622 976 2649 nobiscum
994 2630 1038 2649 es-

255 2667 360 2699 sentizc,
374 2675 415 2698 ca,
434 2671 547 2701 propter
567 2674 627 2698 nos,
644 2666 690 2700 qui
709 2667 795 2702 gratia
810 2674 934 2702 egemus,
948 2675 1037 2702 exque

251 2713 312 2748 ejus
332 2719 440 2747 semper
462 2711 632 2746 plenitudine
654 2712 682 2739 in
705 2713 780 2740 omni
799 2712 924 2747 profectu
944 2718 1039 2740 nostro

289 2790 312 2805 ”
327 2789 359 2816 Ill
371 2790 439 2825 Reg.
458 2798 513 2821 τις,
527 2789 571 2816 12.
609 2789 632 2805 ³⁸
646 2789 764 2825 Philipp.
778 2797 814 2824 tv,
830 2791 857 2818 7.

289 2849 299 2860 ‘
310 2847 352 2876 Cf.
364 2848 464 2881 Quaest.
477 2847 493 2875 9
507 2848 540 2875 ad
556 2847 737 2875 Thalassium.

1080 264 1324 300 διαπεπλασμένων
1341 267 1430 301 ῥητῶν
1441 266 1623 300 ixi-nigrm;
1642 262 1777 296 σύνθεσιν,
1787 265 1823 297 ὡς
1838 267 1868 291 ἐν

1081 311 1156 345 φωνῇ
1172 309 1259 345 αὖρας
1275 310 1376 346 λεπτῆς
1389 311 1518 346 ὑπάρχων
1531 311 1671 338 δείκνυται
1686 310 1726 345 τῷ
1745 310 1869 344 διορατι-

1080 357 1193 391 κωτέρῳ
1208 357 1249 382 νοΐ
1261 364 1268 370 '
1283 357 1322 391 τῷ
1337 357 1381 384 διὰ
1397 357 1447 392 τὴν
1461 357 1551 392 ἄκραν
1562 357 1705 391 ἀπόλειψιν
1723 356 1778 382 τῶν
1794 358 1870 383 κατᾶ

1081 401 1162 435 φύσιν
1179 402 1334 436 ὲνεργειιῖιν,
1351 402 1477 437 αἴσθησιν
1495 403 1576 437 μόνον
1596 402 1736 437 δυνηθέντι
1763 401 1870 431 λαϐεῖν,

1079 449 1130 483 τῆς
1155 447 1201 474 τὸν
1224 449 1309 482 Λόγον
1330 448 1421 480 ποσῶς
1453 448 1610 483 μηνυούσης
1624 448 1785 482 ἁπλότητος,
1798 449 1870 474 κατὰ

1080 494 1125 520 τὸν
1139 494 1226 528 μέγαν
1248 494 1339 521 Ἠλίαν
1352 495 1397 521 τὸν
1408 495 1436 521 ὲν
1449 495 1488 530 τῷ
1499 494 1624 529 σπηλαίῳ
1638 494 1738 529 Χωρὴὸ
1766 494 1872 527 ταύτης

1081 538 1232 570 ἀξιωθέντα
1262 540 1311 572 τῆς
1344 539 1443 573 ὂψεως.
1471 538 1572 574 Χωρὴϐ
1600 538 1655 573 γὰρ
1685 538 1871 573 ἑρμηνεύεται

1081 584 1269 620 νέωμα,[ιιηιιε
1286 585 1351 620 Reg.
1363 585 1475 620 νόημαῙ,
1491 585 1560 619 ὅπερ
1571 584 1644 610 ἐστὶν
1661 585 1678 619 ἡ
1691 584 1720 609 ὲν
1729 584 1768 616 τῷ
1783 583 1872 617 και-,ᾦ

1082 628 1217 664 πνεύματι
1229 629 1279 664 τῆς
1301 629 1411 663 χάριτος
1432 629 1488 662 ἕξις
1502 629 1557 655 τῶν
1571 628 1687 663 ἀρετῶν.
1699 628 1735 654 Τὸ
1751 627 1780 654 δὲ
1797 627 1873 661 σπή-

1081 673 1168 705 λαιον,
1182 674 1198 708 ἡ
1215 675 1264 709 τῆς
1276 674 1372 709 σοφίας
1383 674 1441 700 ἐστὶ
1454 673 1526 700 κατά
1537 673 1600 700 νοῦν
1610 673 1769 709 κρυφιότης·
1780 677 1810 701 ἐν
1858 674 1873 698 ὁ

1081 719 1238 754 γενόμενος,
1252 719 1299 754 τῆς
1316 719 1388 755 ὑπὲρ
1401 721 1527 755 αῑσοησιν
1550 719 1689 755 μυστικῶς
1708 718 1872 752 αἰσθήσεται

1082 763 1219 798 γνώσεως,
1234 764 1263 790 ὲν
1323 764 1431 798 λέγεται
1450 764 1593 799 τυγχάνειν
1615 764 1630 789 ὀ
1646 764 1723 795 Θεός.
1741 764 1800 794 Πᾶς
1821 760 1872 789 οὖν

1083 811 1154 837 κατὰ
1173 809 1220 836 τὸν
1241 810 1328 845 μέγαν
1345 809 1439 836 Ἠλίαν
1456 809 1546 844 ζητῶν
1563 809 1671 844 ἀληθῶς
1684 809 1730 835 τὸν
1744 809 1822 840 Θεδν,
1836 808 1870 835 οὐ

1086 855 1166 889 μόνον
1174 856 1202 882 ἐν
1216 855 1318 891 Χωρὴὸ
1331 857 1477 891 γενήσεται
1493 863 1500 870 ·
1519 855 1658 882 τουτέστιν
1667 875 1676 886 ,
1693 854 1731 886 ὡς
1751 863 1872 889 πρακτι-

1083 901 1130 932 κὸς
1143 902 1172 928 ἐν
1185 903 1217 937 τῇ
1230 900 1286 934 ἕξει
1296 901 1351 928 τῶν
1359 901 1464 937 ἀρετῶν
1476 909 1483 917 ”
1503 901 1573 928 ἀλλά
1587 901 1634 928 καὶ
1649 902 1678 928 ὲν
1687 901 1727 935 τῷ
1742 900 1872 935 σπηλαίῳ

1082 947 1121 982 τῷ
1135 947 1164 973 ὲν
1180 947 1290 982 Χωρήϐ·
1307 947 1456 980 τουτέστιν,
1473 948 1511 979 ὡς
1525 947 1691 982 θεωρητικὸς
1705 948 1734 974 ὲν
1749 948 1784 982 τῇ
1802 956 1871 982 κρυ-

1083 991 1251 1026 φιότητιτῆς
1271 991 1364 1027 σοφίας
1379 993 1413 1028 τῇ
1428 993 1456 1018 ὲν
1472 992 1540 1027 μόνῃ
1567 991 1736 1026 τυγχανούσῃ
1761 993 1794 1027 τῇ
1813 991 1870 1024 ’ἔξει

1082 1035 1136 1062 τῶν
1151 1035 1267 1069 ἀρετῶν.

1119 1160 1165 1188 σε’.
1183 1161 1268 1188 Ὅταν
1281 1162 1296 1188 ὁ
1312 1161 1372 1193 νοῦς
1398 1161 1446 1193 τὰς
1465 1161 1640 1196 ἐπικειμένας
1666 1160 1742 1196 αὐτῷ
1770 1160 1872 1191 πολλὰς

1084 1209 1148 1244 περὶ
1164 1207 1219 1234 τῶν
1232 1207 1317 1234 ὅντων
1330 1208 1501 1242 ὲκτινάξηται
1516 1207 1604 1241 δόξας,
1619 1207 1679 1234 τότε
1695 1207 1782 1242 σαφὴς
1796 1207 1873 1241 αὐτῷ

1083 1255 1132 1290 τῆς
1146 1253 1297 1289 ἀληθείαςὸ
1309 1253 1387 1287 λόγος
1415 1253 1610 1288 ἀναφαίνεται,
1626 1253 1712 1284 διδοὺς
1731 1252 1807 1287 αὐτῷ
1822 1253 1872 1286 τῆς

1083 1299 1167 1330 ὅντως
1179 1298 1305 1332 γνώσεως
1318 1298 1368 1330 τὰς
1391 1297 1542 1332 ὑποθήκας,
1554 1298 1600 1324 καὶ
1627 1297 1676 1328 τὰς
1702 1296 1798 1332 πρώην
1827 1295 1873 1321 ἐπ’

1083 1343 1158 1379 αὺτῷ
1182 1343 1331 1379 προλήψεις
1354 1343 1421 1369 ὡσεὶ
1441 1342 1551 1374 λεπίδας
1574 1342 1628 1368 τῶν
1647 1341 1768 1368 ὀπτικῶν
1788 1341 1874 1368 δυνάμ-

1085 1398 1158 1425 μεων
1184 1389 1389 1424 ἀπωθούμενος,
1404 1388 1474 1415 κατά
1493 1387 1538 1414 τὸν
1553 1387 1698 1414 θεσπέσιον
1720 1387 1767 1414 καὶ
1783 1387 1875 1422 μέγαν

1089 1435 1250 1463 ’Λπόστολον
1269 1433 1387 1461 Παῦλον.
1401 1434 1517 1465 Λεπίδες
1533 1433 1588 1468 γάρ
1604 1434 1683 1464 slew,
1698 1433 1737 1464 ὡς
1750 1433 1876 1468 ἀληθῶς,

1084 1481 1257 1516 ἐπικείμεναι
1275 1480 1313 1515 τῷ
1329 1479 1477 1515 διορατικῷ
1490 1479 1538 1513 τῆς
1551 1479 1649 1514 ψυχῆς,
1662 1479 1710 1506 καὶ
1723 1479 1877 1514 ἀπείργου-

1086 1536 1130 1553 σαι
1143 1527 1191 1562 τὴν
1206 1526 1272 1561 πρὸς
1283 1526 1328 1553 τὶν
1340 1525 1478 1561 ἀκραιφνῆ
1492 1525 1543 1559 τῆς
1558 1524 1688 1560 ἀληθείας
1711 1524 1800 1559 λόγον,
1811 1524 1876 1552 διά-

1085 1573 1174 1607 ϐασιν,
1188 1573 1218 1600 αῖ
1229 1581 1258 1599 τε
1273 1572 1341 1608 πρὸς
1353 1572 1383 1598 τὸ
1397 1572 1479 1607 ῥητὸν
1491 1571 1570 1607 μόνον
1583 1571 1632 1606 τῆς
1645 1571 1755 1606 Γραφῆς
1769 1571 1878 1608 ὑπολήη

1084 1619 1156 1654 ψεις,
1176 1619 1224 1645 καὶ
1239 1618 1293 1649 τῶν
1313 1618 1459 1654 ὁρωμένων
1476 1618 1504 1644 αἱ
1524 1618 1583 1644 κατ’
1599 1617 1725 1652 αἴσθησιν
1748 1625 1878 1653 προσπαρ

1085 1665 1141 1696 θεῖς
1157 1665 1278 1701 θεωρίαι.

1122 1711 1176 1744 ος’,
1192 1712 1201 1722 '
1220 1713 1249 1738 ’0
1274 1711 1323 1747 μὲν
1342 1710 1414 1742 θεῖος
1435 1709 1595 1742 ’Δπόστολος
1618 1709 1733 1741 Παῦλος,
1744 1709 1795 1744 τὴν
1823 1709 1878 1736 τοῦ

1085 1758 1173 1792 Λόγου
1186 1757 1297 1791 γνῶσιν,
1311 1757 1343 1783 ἐκ
1363 1756 1463 1792 μέρους
1478 1755 1529 1790 ἔφη
1541 1755 1695 1789 γινώσκειν.
1716 1755 1746 1782 '0
1768 1755 1797 1782 δὲ
1823 1755 1879 1789 μὲ-

1085 1811 1136 1837 γας
1148 1802 1343 1837 εὐαγγελιστὴς
1363 1802 1490 1837 Ἰωάννης
1509 1801 1653 1829 τεθεᾶσθαι
1674 1801 1746 1835 λέγει
1758 1800 1807 1836 τὴν
1823 1801 1879 1827 αὑ-

1085 1848 1132 1875 τοῦ
1142 1847 1228 1880 δόξαν.
1245 1847 1446 1882 Ἐοειισὸμεθα
1458 1847 1523 1882 γὰρ.
1537 1848 1629 1882 φησὶν,
1643 1846 1700 1880 τὴν
1709 1846 1804 1878 δόξαν
1816 1847 1878 1873 αὺ-

1085 1895 1149 1926 τοῦ,
1163 1894 1258 1926 δόξαν
1273 1894 1312 1926 ὠς
1323 1893 1514 1927 Μονοτενοῦς
1528 1893 1607 1926 παρὰ
1616 1892 1739 1926 Πατρὸς.
1753 1891 1879 1925 πλήρης

1086 1939 1209 1974 χάριτος
1223 1939 1273 1966 καὶ
1295 1939 1450 1972 ἀληθείας.
1473 1939 1526 1965 Καὶ
1559 1939 1691 1974 μήποτεὸ
1719 1937 1770 1973 μὲν
1795 1938 1878 1971 ἆγιος

1087 1986 1192 2017 Παῦλος
1218 1986 1267 2021 τὴν
1295 1986 1331 2017 ὡς
1352 1985 1418 2012 Θεοῦ
1435 1985 1522 2019 Λόγου
1539 1984 1640 2018 γνῶσιν
1655 1985 1686 2010 ὲκ
1703 1984 1805 2019 μέρους
1820 1984 1876 2018 ἔφη

1086 2032 1241 2066 γινώσκειν.
1257 2031 1305 2058 Ἐκ
1330 2031 1384 2066 γὰρ
1409 2031 1464 2057 τῶν
1488 2030 1649 2066 ἐνεργειῶν.
1677 2030 1768 2062 ποσῶς
1793 2030 1877 2065 μόνον

1086 2078 1260 2112 γινώσκεται.
1283 2078 1315 2104 Ἥ
1349 2078 1402 2113 γὰρ
1431 2078 1475 2103 ἐπ’
1491 2077 1564 2111 αὐτῷ
1589 2076 1649 2103 κατ’
1662 2077 1756 2102 οὐσίαν
1770 2085 1800 2102 τι
1828 2077 1876 2103 καὶ

1087 2123 1234 2150 ὑπόστασιν
1256 2123 1371 2157 γνῶσις,
1399 2123 1501 2158 ὁμοίως
1521 2124 1602 2149 πᾶσιν
1622 2123 1748 2156 ἀγγέλοις
1774 2131 1805 2149 τε
1827 2123 1876 2149 καὶ

1087 2168 1241 2203 ἀνθρώποις
1255 2187 1262 2199 ,
1287 2168 1456 2202 καθέστηκεν
1476 2167 1584 2198 ἄϐατος,
1605 2168 1665 2194 κατ’
1683 2167 1760 2193 οὐδὲν
1785 2167 1876 2194 οὐδενὶ

1088 2213 1296 2247 γινωσκομένη·
1311 2213 1325 2238 ὁ
1347 2213 1375 2239 δὲ
1398 2213 1476 2247 ἅγιος
1493 2213 1628 2248 Ἰωάννης,
1649 2212 1750 2238 τέλειον
1776 2212 1816 2242 ὡς
1845 2213 1875 2239 ὲν

1087 2258 1250 2294 ἀνθρώποις,
1264 2259 1309 2285 τὸν
1323 2259 1372 2294 τῆς
1387 2259 1620 2294 ἐνανθρωπήσεως
1636 2257 1682 2285 τοῦ
1698 2258 1786 2292 Λόγου
1805 2267 1876 2294 μυης

1087 2303 1145 2335 θεὶς
1158 2304 1247 2338 λόγον,
1265 2305 1313 2340 τὴν
1330 2305 1368 2336 ὼς
1390 2304 1478 2340 σάρκα
1493 2305 1579 2338 Λόγον
1602 2304 1681 2336 δόξαν
1706 2304 1757 2339 ἔφη
1778 2304 1876 2331 τεθεᾶ-

1088 2349 1150 2377 σθαι
1163 2358 1169 2365 ·
1187 2350 1321 2382 τουτέστι,
1338 2350 1383 2376 τδν
1395 2351 1485 2384 λόγον,
1504 2351 1589 2386 ἤγουν
1614 2351 1660 2377 τὸν
1685 2351 1796 2382 σκοπὸν,
1811 2351 1873 2378 καθ’

1087 2395 1117 2421 ὃν
1127 2395 1142 2421 ὁ
1152 2395 1217 2427 Θεὸς
1232 2396 1344 2430 γέγονεν
1355 2395 1509 2431 ἄνθρωπος,
1524 2395 1614 2432 πλήρη
1634 2397 1744 2431 χάριτος
1759 2396 1875 2423 ἐθεάσα-

1088 2449 1129 2472 το,
1150 2440 1198 2467 καὶ
1223 2440 1360 2475 ἀληθείας.
1377 2441 1415 2467 Οὐ
1439 2441 1493 2476 γὰρ
1507 2440 1568 2467 καθ’
1580 2441 1594 2467 δ
1608 2441 1667 2467 κατ’
1684 2441 1778 2467 οὐσίαν
1794 2441 1873 2473 Θεὸς,

1089 2487 1135 2513 καὶ
1149 2486 1188 2521 τῷ
1200 2486 1258 2521 Θεῷ
1270 2487 1356 2522 Πατρὶ
1371 2487 1512 2522 ὁμωὺσιος
1526 2487 1540 2513 ὁ
1549 2487 1704 2522 Μονογενὴς
1723 2487 1877 2523 κεχαριτω-

1088 2541 1145 2563 ται,
1158 2532 1225 2558 ἀλλὰ
1245 2531 1306 2558 καθ’
1319 2532 1333 2558 ὃ
1347 2531 1426 2566 φύσει
1440 2532 1498 2559 κατ’
1508 2533 1664 2568 οἰκονομίαν
1691 2533 1815 2568 τέγονεν,
1830 2533 1876 2559 ἇν-

1089 2576 1197 2612 Ορωπος
1224 2577 1270 2603 καὶ
1292 2578 1358 2612 ἡμῖν
1383 2577 1534 2612 ὁμοοὺσιος,
1552 2577 1585 2604 δι’
1604 2579 1678 2613 ἡμᾶς
1691 2578 1877 2614 κεχαρίτωται

1089 2622 1152 2652 τοὺς
1169 2622 1316 2657 χρῄζοντας
1339 2623 1449 2658 χάριτος
1464 2631 1471 2638 ⁸
1493 2624 1540 2650 καὶ
1553 2624 1586 2650 ἐκ
1613 2624 1661 2650 τοῦ
1691 2623 1878 2658 πληρώματος

1090 2667 1174 2693 αὐτοῦ
1189 2668 1334 2699 διαπαντὸς
1347 2669 1418 2695 κατὰ.
1443 2670 1534 2695 πᾶσαν
1547 2669 1626 2705 ἡμῶν
1650 2669 1792 2705 προκοπὴν
1825 2670 1876 2704 τὴν

1091 2713 1276 2748 ἀναλογοῦσαν
1303 2714 1463 2750 δεχομένους
1482 2715 1572 2751 χάριν.
1590 2715 1670 2742 Ὥστε
1691 2716 1706 2742 ὁ
1728 2715 1775 2743 τὸν
1797 2715 1876 2750 λόγον

897 2791 918 2807 ³⁷
934 2790 994 2818 Aet.
1011 2798 1048 2825 Ix,
1062 2791 1106 2818 18.
1145 2792 1166 2808 ³⁸
1183 2792 1193 2819 l
1207 2792 1272 2820 Cor.
1288 2801 1344 2827 xm,
1360 2794 1387 2822 9.
1426 2795 1448 2811 ³⁹
1460 2795 1538 2822 Joan.
1552 2803 1572 2827 ι,
1586 2795 1628 2822 Η.
