1951 3076
97 113 164 148 1161

505 117 673 149 CAPITUM
690 117 825 148 THEOL.
847 116 894 147 ET
913 116 1032 148 (ECON.
1052 118 1247 159 CENTURIA
1267 119 1308 150 II.

1667 122 1735 156 1162

96 175 199 201 τέλειον
224 174 254 201 ὲν
281 174 373 210 ἐαυτῷ
400 173 532 209 φυλάξας,
544 175 678 213 ἀϐέϐηλον
702 176 750 203 τοῦ
769 176 887 211 δι’ἡμᾶς

947 177 1152 206 :onvcnientem
1179 179 1297 214 gratiam
1323 178 1484 215 recipimus,
1505 181 1594 217 gratia
1616 182 1735 212 donatus

96 219 288 255 σαρκωθέντος
303 220 373 247 Θεοῦ
388 220 494 255 Λόγου,
510 221 559 257 τὴν
577 222 669 258 πλήρη
703 222 814 257 χάριτος
843 221 890 248 καὶ

94 267 226 302 ἀληθείας
242 267 388 302 κομίσεται
403 267 494 300 δόξαν,
509 268 555 295 τοῦ
577 268 612 295 δι’
627 269 701 304 ἡμᾶς
717 268 813 295 ἑαυτὸν
828 267 889 294 καθ’

95 315 171 349 ἡμᾶς
190 313 353 347 δοξάσαντός
366 322 396 341 τε
407 314 630 349 καὶάγιάσαντος
644 315 714 341 κατὰ
735 314 785 349 τὴν
807 313 890 341 αὑτοῦ

96 359 261 394 παρουσίαν.
279 360 374 387 Ὅταν
389 360 455 396 γὰρ,
471 360 563 396 φησὶν,
580 359 694 393 ἐκεῖνος
718 358 889 395 φανερωθῇ,

95 406 192 441 ὅμοιοι
213 407 294 440 αὺτῷ
304 407 444 442 ἐσόμεθα.

131 538 181 570 οἵ.
197 539 272 570 Ἕως
288 539 304 574 ἡ
317 539 403 575 ψυχὴ,
420 541 470 575 τὴν
485 540 539 566 ἀπὺ
551 538 694 576 δυνάμεως
707 541 748 573 εἰς
761 540 889 576 δύναμιν,

94 585 144 611 καὶ
175 585 226 621 τὴν
251 585 306 612 ἀπὸ
329 585 409 621 δόξης
422 586 463 618 εἰς
479 586 558 619 δόξαν
576 587 695 613 ποιεῖται
718 587 888 622 μετάὸασιν·

93 630 234 664 τουτέστι,
260 631 311 666 τὴν
338 632 393 658 ἀπὸ
426 630 528 668 ἀρετῆς
562 633 602 664 εἰς
634 632 736 668 ἀρετὴν
776 633 890 668 μείζονα

92 677 252 712 προκοπὴν,
271 677 320 703 καὶ
342 677 392 713 τὴν
411 677 465 705 ἀπὺ
486 679 614 712 γνώσεως
633 679 674 711 εἰς
697 677 799 712 γνῶσιν
820 678 890 713 ὑψη-

92 720 208 757 λοτέραν
222 721 367 756 ἀνάϐασιν,
386 723 437 749 οὐκ
453 723 594 751 ἐπαύσατο
610 723 783 759 παροικοῦσα
795 743 802 755 ,
817 723 891 751 κατὰ

93 767 126 794 τδ
146 768 293 803 εἰρημένον
307 776 314 784 '
343 770 449 796 Πολλὰ
478 770 661 804 παρώκησεν
680 770 699 804 ἠ
720 771 805 806 ψυχή
818 779 889 806 μου.

94 813 168 840 Πολὺ
183 813 239 849 γάρ
254 814 313 840 ὲστι
327 813 359 840 τὺ
374 813 521 850 διάστημα,
534 815 581 841 καὶ
596 815 627 841 τὸ
635 815 737 851 πλῆθος
750 815 805 842 τῶν
816 816 890 851 ὀφει-

92 859 201 886 λουσῶν
221 859 285 895 παρ’
299 859 386 895 αὐτῆς
400 860 562 896 διασαθῆναι
584 850 725 896 γνώσεων,
741 862 838 898 μέχρις
858 859 889 889 οὗ
905 850 926 878 Β

93 904 284 932 διελεύσεται
298 906 334 932 ἐν
347 907 428 939 τόπῳ
444 907 564 941 σκηνῆς
575 907 761 943 θαυμαστῆς,
774 908 830 942 ἕως
837 909 891 936 τοῦ

93 951 183 978 οἶκον
194 951 248 978 τοῦ
257 952 341 979 Θεοῦ
358 952 393 979 ὲν
406 952 493 988 φωνῇ’
509 953 717 988 ἀγαλλιάσεως
728 954 778 981 καὶ
788 955 891 990 ἐξομος

92 999 263 1034 ἀοῖ-ήσεως,
273 999 351 1035 ἤχου
367 1000 559 1034 ἑορτάζοντος
572 1009 578 1015 ·
592 1001 637 1027 ἀεὶ
659 1002 772 1036 φωναῖς,
788 1003 890 1037 φωνὴν,

94 1048 218 1082 νοεραῖς,
239 1046 335 1082 νοερὰν
354 1046 535 1082 προστιθεῖσα
548 1048 581 1083 τῇ
599 1049 726 1084 προκοπῇ
744 1048 799 1074 τῶν
810 1048 891 1075 θείων

94 1093 295 1129 θεωρημάτων,
307 1094 376 1128 μετά
385 1093 434 1129 τῆς
445 1094 515 1120 κατὰ
527 1093 589 1121 νοῦν
597 1095 644 1120 ἐπὶ
651 1095 707 1126 τοῖς
715 1095 892 1130 θεωρηθείσιν

93 1139 296 1174 ἀγαλλιάσεως,
315 1140 400 1175 ἤγουν
425 1141 530 1176 χαρᾶς,
545 1142 595 1168 και
624 1142 673 1176 τῆς
702 1142 891 1178 ἁναλογούσης

93 1185 288 1220 εὐχαριστίας.
298 1186 435 1218 Τοιαύτας
452 1187 508 1222 γὰρ
522 1187 682 1223 ἑορτάζουσι
696 1188 808 1221 πάντες,
824 1189 848 1215 οἱ
861 1190 892 1216 τὸ

95 1231 212 1267 Πνεῦμα
228 1233 278 1266 τῆς
290 1233 402 1267 χάριτος
415 1232 567 1267 εἰληφότες,
576 1233 612 1260 ἐν
625 1234 689 1268 ταῖς
698 1234 832 1268 καρδίαις
839 1236 892 1264 αὺ-

95 1278 157 1305 τῶν
172 1277 296 1313 κράζων·
321 1278 419 1310 Ἀϐϐά,
437 1281 453 1306 ὁ
464 1277 577 1313 Πατήρ.

131 1369 184 1405 οη’.
208 1370 239 1396 '0
252 1369 301 1405 τῆς
318 1369 478 1406 θαυμαστῆς
495 1370 597 1407 σκηνῆς
615 1371 708 1404 τόπος,
720 1372 768 1399 καὶ
783 1373 893 1409 ἀπαθής

97 1416 158 1443 ἔστι
183 1417 232 1443 καὶ
250 1417 372 1452 ἀπήμων
394 1417 450 1450 ἕξις
471 1417 527 1444 τῶν
554 1418 661 1453 ἀρετῶν
673 1427 680 1434 ·
694 1418 755 1446 καθ’
766 1419 801 1454 ἢν
817 1419 832 1446 6
844 1419 892 1446 τοῦ

96 1461 168 1488 Θεοῦ
180 1462 324 1497 γινόμενος
336 1463 433 1496 Λόγος,
443 1463 582 1499 διαφόροις
599 1463 705 1499 ἀρετῶν
719 1464 831 1491 κάλλεσι
844 1473 894 1493 κα-

941 226 994 250 est.
1011 222 1117 252 idcirco
1131 224 1179 259 qui
1197 221 1348 260 perfectam
1365 225 1394 253 in
1409 225 1503 261 seipse
1519 228 1655 256 rationem
1676 237 1737 258 ser-

942 270 1064 303 vaverit,
1081 271 1328 299 incontaminatam
1351 280 1506 308 puramque
1524 274 1572 301 Dei
1585 275 1668 303 Verbi
1685 284 1737 312 pro

941 314 1022 341 nobis
1040 314 1187 349 incarnati,
1206 316 1316 352 plenam
1330 317 1424 353 gratia:
1437 322 1465 345 et
1480 318 1608 347 veritatis
1619 320 1735 356 gloriam

943 361 1112 395 reportabit;
1133 362 1194 398 ejus
1216 363 1350 390 nimirum
1372 364 1419 399 qui
1438 364 1528 392 nostri
1550 373 1633 393 causa
1653 368 1736 395 nobis

942 406 1042 434 similis
1064 407 1093 434 in
1114 415 1164 436 suo
1186 409 1307 437 adventu
1330 410 1388 445 ipse
1413 418 1442 438 se
1467 415 1495 438 et
1518 411 1684 440 clariﬁcavit
1708 419 1737 441 et

942 452 1128 481 sanetiﬁcavit
1144 454 1177 481 ⁵ο.
1200 454 1266 482 Cum
1282 456 1355 483 enim
1371 456 1427 490 ille,
1446 457 1549 492 inquit,
1568 461 1735 494 apparuerit,

942 498 1043 526 similes
1061 499 1085 526 ei
1102 501 1200 527 erimus
1214 501 1247 528 υ.

979 543 1023 571 77.
1036 543 1164 578 Quandiu
1172 546 1281 574 animus
1292 547 1325 574 de
1336 547 1439 576 virtute
1453 548 1482 576 in
1490 549 1633 583 virtutem,
1645 550 1736 586 deque

942 591 1066 619 claritate
1079 591 1107 619 in
1122 592 1276 621 claritatem
1290 595 1405 627 transit,
1420 595 1474 622 hoc
1485 601 1538 629 est,
1553 596 1588 623 ad
1603 597 1736 632 majorem

942 636 977 664 de
990 637 1093 665 virtute
1105 639 1133 666 in
1144 639 1275 667 virtutem
1290 639 1456 675 profectum,
1469 641 1558 677 deque
1573 642 1689 670 scientia
1702 643 1737 671 ad

942 683 1088 711 scientiam
1100 685 1226 712 ascendit
1241 685 1380 719 altiorem,
1398 687 1516 714 necdum
1532 687 1616 714 linem
1633 688 1738 715 incola-

943 734 989 757 tus
1000 729 1077 763 fecit,
1092 731 1171 766 juxta
1187 732 1260 766 quod
1277 732 1412 767 scriptum
1433 737 1476 760 est
1491 742 1497 760 :
1515 732 1631 760 Multum
1648 734 1737 761 incola

945 775 994 810 (uit
1014 777 1106 803 anima
1126 785 1183 804 mea
1200 777 1234 803 λ’.
1256 776 1349 813 Longa
1371 778 1446 805 enim
1467 778 1598 806 distantia
1619 783 1672 813 est,
1695 779 1738 806 iu-

944 829 1066 856 gensque
1090 822 1129 849 illi
1147 823 1305 858 superanda
1320 823 1482 851 notitiarum
1505 831 1538 852 ac
1556 825 1738 853 scientiarum

944 868 1034 902 copia,
1051 868 1140 895 donec
1155 873 1274 896 transeat
1289 870 1318 897 in
1336 869 1421 897 locum
1436 870 1602 898 tabernaculi
1619 871 1738 899 admira-

942 913 1012 946 bilis,
1034 922 1115 950 usque
1134 915 1170 942 ad
1187 916 1295 943 domum
1312 916 1375 949 Dei;
1390 917 1419 944 in
1433 925 1495 944 vace
1513 917 1698 946 “saltationis
1713 923 1738 946 et

942 959 1125 994 confessionis,
1144 962 1246 990 sonitus
1264 961 1396 996 epulanti:
1412 962 1449 994 υς
1467 967 1497 989 ut
1513 970 1623 998 semper
1639 971 1736 992 vocem

943 1005 1075 1039 vocibus,
1105 1006 1288 1042 intelligentis
1317 1007 1402 1035 animi
1429 1015 1525 1036 vocem
1556 1008 1736 1045 intelligentis

943 1051 1027 1078 animi
1038 1052 1154 1080 vocibus
1163 1052 1321 1081 divinorum
1333 1053 1458 1088 profectu
1472 1055 1736 1090 contemplationum

942 1104 1144 1133 sensorumque
1164 1099 1258 1131 addat,
1274 1107 1337 1127 cum
1353 1100 1466 1133 mentis,
1483 1100 1511 1128 in
1528 1101 1563 1128 iis
1577 1109 1639 1136 quae
1653 1101 1736 1130 intel-

942 1139 1013 1168 lecta
1030 1141 1136 1170 fuerint
1150 1147 1233 1178 atque
1246 1142 1370 1178 dispecta
1384 1145 1580 1178 exsultatione,
1598 1146 1658 1173 sive
1671 1154 1739 1181 gau-

943 1185 1000 1219 dio,
1024 1187 1258 1223 convenientique
1287 1196 1338 1224 pro
1364 1189 1425 1225 ejus
1452 1190 1561 1218 ratione
1586 1191 1737 1226 gratiarum

943 1233 1061 1261 actione.
1095 1233 1173 1261 Talia
1204 1234 1279 1262 enim
1316 1236 1397 1271 epula
1434 1237 1583 1271 epulantur
1611 1236 1738 1272 festaque

943 1285 1039 1315 agunt,
1069 1281 1231 1316 quicunque
1263 1281 1399 1317 Spiritum
1431 1282 1526 1318 gratiae
1556 1288 1737 1318 acceperunt,

943 1326 1104 1354 clamantem
1119 1328 1147 1354 in
1158 1336 1248 1355 eorum
1257 1328 1391 1355 cordibus:
1401 1328 1485 1360 Abba,
1499 1328 1582 1355 Pater
1594 1328 1628 1355 “.

980 1371 1024 1399 78.
1041 1372 1132 1400 Locus
1152 1372 1323 1400 tabernaculi
1339 1372 1523 1405 admirabilis,
1546 1373 1739 1408 pacatissimus

944 1423 989 1446 est
1001 1422 1030 1446 et
1045 1417 1177 1445 innoxius
1197 1416 1332 1444 virtutum
1351 1416 1481 1450 habitus;
1499 1424 1556 1451 quo
1576 1417 1625 1444 Dei
1641 1416 1739 1444 Sermo

944 1463 1108 1496 adveniens,
1121 1463 1235 1491 diverso
1251 1463 1386 1490 virtutum
1405 1462 1493 1495 cultu,
1509 1463 1597 1490 instar
1611 1463 1741 1490 taberna-

95 1510 234 1544 τακοσμεῖ
259 1509 385 1545 καθάπερ
406 1510 509 1545 σκηνὴν
527 1510 577 1546 τὴν
592 1510 692 1546 ψυχήν.
715 1510 743 1537 Ὀ
769 1510 799 1538 δὲ
816 1509 891 1544 οἶκος

947 1511 1012 1543 culi,
1028 1511 1159 1546 praeclare
1185 1511 1310 1538 animum
1333 1515 1413 1538 ornat
1430 1516 1513 1545 atque
1537 1509 1661 1538 instruit.
1687 1509 1740 1540 Dei

95 1555 144 1583 τοῦ
160 1556 273 1591 Θεοῦ,ή
295 1557 328 1583 ἐκ
352 1556 457 1582 πολλῶν
483 1555 531 1583 καὶ
558 1556 696 1592 διαφόρων
722 1558 892 1593 συγκειμένη

97 1602 288 1638 θεωρημάτων
301 1603 403 1638 γνῶσίς
420 1604 477 1630 ἐστι
494 1612 501 1619 ·
517 1603 578 1630 καθ’
592 1605 625 1640 ἢν
637 1604 761 1640 ἐνδημῶν
772 1606 806 1640 τῇ
818 1605 891 1640 ψυχῇ

96 1649 112 1676 ὁ
125 1648 203 1682 Θεὸς,
219 1649 267 1675 τοῦ
281 1649 330 1685 τῆς
345 1650 440 1684 σοφίας
464 1649 604 1685 κρατῆρος
632 1650 836 1686 ἐμπίμπλησιν.
861 1651 892 1677 Ἡ

96 1696 125 1722 δὲ
139 1696 217 1732 φωνὴ
238 1697 288 1731 τῆς
309 1696 497 1730 ἁγαλλιάσεώς
516 1697 586 1729 ἐστι,
607 1697 638 1724 τὸ
655 1697 702 1724 ἐπὶ
725 1697 766 1732 τῷ
781 1697 892 1732 πλούτῳ

96 1743 152 1770 τῶν
170 1742 278 1778 ἀρετῶν
295 1743 342 1778 τῆς
355 1743 445 1778 ψυχῆς
460 1743 610 1779 σκίρτημα.
629 1744 661 1770 Ἡ
677 1744 706 1771 δὲ
724 1744 773 1779 τῆς
798 1744 894 1779 ἐξομο-

95 1789 248 1825 λογήσεως,
260 1790 278 1824 ἡ
297 1789 344 1815 ἐπὶ
368 1790 400 1824 τῇ
419 1788 482 1825 δόξῃ
506 1790 556 1825 τῆς
572 1790 643 1817 κατὰ
666 1790 715 1826 τὴν
735 1791 832 1826 σοφίαν
847 1792 892 1817 εὑ-

96 1835 184 1870 ωχίας
210 1834 286 1861 ἐστὶν
304 1835 475 1871 εὐχαριστία.
497 1836 527 1862 ’0
546 1836 574 1863 δὲ
591 1834 669 1872 ἦχος,
685 1838 702 1873 ἡ
725 1837 755 1870 ἐξ
777 1838 891 1872 ἀμφοῖν,

95 1881 288 1916 ἀγαλλιάσεως
301 1890 373 1918 φημι
385 1882 433 1909 καὶ
443 1882 677 1918 ἐξομολογήσεως,
691 1883 762 1910 κατὰ
773 1883 892 1919 σύγκρα-

97 1939 142 1957 σιν
157 1929 290 1965 γινομένη
298 1929 428 1966 διηνεκὴς
444 1929 564 1965 μυστικὴ
574 1929 723 1964 δοξολογία.

133 2024 183 2052 σθ’.
205 2024 236 2051 '0
257 2022 391 2058 γενναίως
408 2022 618 2053 καταπαλαίσας
636 2021 670 2049 τὰ
687 2022 762 2058 πάθη
777 2022 824 2050 τοῦ
841 2023 894 2050 σώ-

97 2080 196 2108 ματος,
211 2071 258 2098 καὶ
272 2071 330 2102 τοῖς
348 2069 515 2105 ἀκαθάρτοις
530 2068 682 2104 πνεύμασιν
701 2069 801 2100 ἱκανῶς
815 2069 894 2097 πολε-

97 2117 203 2153 μήσας.
220 2115 269 2142 καὶ
281 2115 333 2150 τῆς
350 2113 448 2141 ἑαυτοῦ
472 2113 543 2140 κατὰ
554 2113 644 2149 ψυχὴν
655 2113 748 2149 χώρας
761 2113 894 2146 ἐξελάσας

96 2162 190 2190 αὐτῶν
205 2161 241 2188 τὰ
255 2161 391 2197 νοήματα-
408 2159 522 2195 καρδὶαν
539 2159 661 2194 εὐχέσθω
682 2158 807 2194 καθαρὰν
819 2158 893 2193 αὐτῷ

944 1562 1037 1585 autem
1054 1557 1165 1591 domus,
1187 1557 1305 1586 scientia
1324 1562 1378 1591 est,
1395 1565 1428 1585 ex
1451 1557 1546 1585 multis
1565 1557 1740 1593 diversisque

945 1605 1127 1633 theorematis
1153 1605 1299 1639 sensisque
1323 1603 1470 1639 exquisitis
1499 1604 1662 1637 constituta,
1686 1612 1739 1639 qua

944 1652 1018 1679 Deus
1035 1651 1135 1678 animae
1154 1651 1299 1683 immeans,
1314 1650 1457 1685 sapientiae
1479 1658 1540 1677 eam
1563 1654 1671 1678 cratere
1690 1650 1740 1678 im-

944 1697 1011 1732 plet.
1029 1697 1087 1725 Vox
1100 1704 1167 1724 vero
1176 1695 1381 1728 exsultationis,
1395 1697 1480 1724 animi
1490 1695 1643 1732 tripudium
1658 1696 1739 1732 505

943 1749 998 1776 est,
1016 1744 1052 1771 ob
1067 1744 1203 1771 virtutum
1220 1742 1321 1770 uberes
1340 1741 1462 1769 divitias.
1485 1742 1543 1770 Vox
1561 1747 1653 1769 autem
1672 1750 1740 1770 con-

944 1789 1084 1822 fessionis,
1111 1789 1262 1824 gratiarum
1285 1788 1358 1816 actio
1379 1796 1430 1823 pro
1449 1796 1482 1815 ea
1501 1788 1638 1820 claritate,
1656 1795 1739 1823 quam

945 1835 1088 1871 sapientia:
1121 1834 1280 1862 convivium
1307 1834 1416 1862 tribuit.
1447 1834 1592 1862 Postremo
1619 1835 1739 1867 sonitus,

943 1889 1006 1917 qua:
1018 1888 1052 1908 ex
1067 1885 1184 1915 utraque
1200 1880 1270 1916 (tum
1282 1880 1389 1907 scilicet
1401 1879 1587 1907 exsultatione
1599 1883 1658 1906 tum
1674 1887 1740 1906 con-

944 1926 1076 1962 fessione)
1093 1926 1211 1961 quadam
1234 1925 1436 1961 temperatione
1456 1925 1530 1960 jugis
1547 1925 1662 1959 mystica
1679 1925 1740 1952 lau-

944 1973 1020 2000 datio
1031 1971 1157 2007 emergit.

981 2019 1025 2047 79.
1037 2018 1090 2052 Qui
1099 2022 1213 2045 strenue
1223 2016 1344 2052 fortique
1356 2015 1458 2043 robore
1474 2015 1600 2051 corporis
1611 2015 1740 2043 libidines

945 2069 1028 2100 atque
1040 2063 1108 2091 vitia
1123 2062 1285 2095 debellavit,
1300 2069 1332 2089 ac
1348 2067 1483 2097 quantum
1502 2061 1570 2089 satis
1589 2062 1625 2089 sit
1642 2061 1741 2089 adver-

946 2119 994 2139 sus
1018 2109 1176 2138 immundos
1197 2108 1315 2144 spiritus
1339 2108 1517 2143 depugnavit,
1540 2115 1629 2142 exque
1653 2107 1738 2134 animi

948 2158 991 2186 sui
1021 2157 1134 2193 regione
1162 2163 1262 2183 eorum
1288 2154 1426 2190 cogitatus
1452 2154 1586 2189 expulit:
1610 2153 1741 2188 precibus

95 2207 222 2244 δοθῆναι,
240 2206 290 2234 καὶ
307 2205 417 2240 πνεῦμα
440 2205 517 2236 εὺθὲς
530 2205 559 2231 ὲν
575 2205 631 2236 τοῖς
650 2204 778 2238 ἑγκάτοις
800 2204 895 2238 enat--

948 2203 1072 2232 enitatur
1082 2211 1130 2230 cor
1144 2202 1197 2230 sibi
1211 2201 1345 2229 mundum
1358 2200 1428 2232 dari,
1441 2204 1469 2228 et
1485 2201 1616 2236 spiritum
1633 2207 1741 2228 rectum

96 2255 224 2290 νισθῆναι
236 2261 242 2268 ·
258 2252 393 2283 τουτέστι,
413 2251 525 2282 τελείως
537 2251 591 2277 τῶν
614 2251 664 2286 μὲν
681 2250 791 2285 φαύλων
810 2259 894 2277 κενω-

97 2302 182 2337 θῆναι
194 2299 346 2335 λογισμῶν,
362 2298 417 2325 τῶν
431 2299 460 2325 δὲ
484 2298 565 2324 θείων
588 2296 699 2323 ἐννοιῶν
715 2295 894 2332 πληρωθῆναι

96 2347 143 2375 διὰ
158 2347 207 2381 τῆς
219 2346 348 2381 χάριτος·
367 2345 410 2371 ἴνα
436 2343 550 2378 γένηται
575 2343 677 2377 κόσμος
699 2341 768 2368 Θεοῦ
791 2341 895 2377 νοητῶς

97 2392 227 2428 λαμπρός
254 2399 284 2417 τε
304 2390 351 2417 καὶ
377 2390 475 2425 μέγας,
490 2388 518 2422 ἐξ
529 2387 631 2423 ἠθικῶν
647 2387 694 2414 ml.
711 2386 836 2422 φυσικῶν
847 2387 895 2414 καὶ

98 2438 266 2474 θεολογικῶν
283 2436 419 2469 συνεστὼς
435 2435 632 2471 θεωρημάτων.

137 2533 174 2557 π’.
198 2529 230 2556 ὐ
241 2529 290 2564 τὴν
311 2526 424 2564 καρδίαν
446 2525 570 2561 καθαρὰν
586 2525 784 2561 ἐργασάμενος,
800 2524 830 2550 οὐ
846 2524 895 2559 μό-

99 2586 145 2604 νον
156 2576 214 2603 τῶν
225 2574 437 2609 ὑποϐεϐηκότων
455 2573 503 2599 καὶ
520 2571 590 2607 μετὰ
602 2571 668 2597 Θεὸν
681 2570 815 2605 γνώσεται
832 2570 896 2602 τοὺς

98 2624 210 2658 λόγους,
226 2622 295 2649 ἀλλὰ
324 2622 372 2649 καὶ
388 2619 463 2655 αὑτῷ
485 2619 576 2651 ποσῶς
601 2617 670 2653 μετὰ
685 2617 735 2653 τὴν
757 2617 812 2643 τῶν
827 2617 896 2643 ὅλων

98 2669 237 2702 διάϐασιν,
252 2668 332 2703 ἐνορᾷ
346 2675 353 2683 ·
378 2668 448 2702 ὅπερ
473 2666 548 2692 ἐστὶν
578 2664 730 2700 ἀκρότατον
747 2663 824 2695 τέλος
841 2663 894 2689 τῶν

99 2715 213 2750 ἀγαθῶν
224 2722 231 2729 ·
244 2715 273 2741 ὲν
320 2713 468 2748 γενόμενος
482 2713 496 2738 ὁ
511 2711 589 2743 Θεὸς,
603 2711 674 2744 ἁξιοῖ
689 2710 722 2737 τὰ
736 2709 791 2736 ἴδια
801 2710 893 2745 γραμ-

101 2771 175 2798 ματα
191 2760 235 2788 διὰ
247 2760 293 2787 τοῦ
309 2759 464 2794 πνεύματος
484 2757 674 2793 ἐγχαράττειν,
691 2755 818 2792 καθάπερ
840 2756 895 2783 τισὶ

140 2820 174 2882 1‘;
183 2818 263 2846 Joan.
277 2825 342 2850 xvn,
358 2816 402 2850 10,
420 2816 465 2844 19.
517 2816 539 2832 ⁸¹
554 2816 562 2843 1
575 2815 653 2843 Joan.
667 2823 705 2848 lu,
724 2814 751 2842 2.

100 2864 115 2885 ι
178 2874 184 2880 .

264 2902 402 2932 Panos.
419 2901 478 2932 Gn.
497 2900 563 2930 XC.

949 2251 978 2278 in
997 2249 1153 2277 visceribus
1181 2248 1239 2275 suis
1265 2247 1391 2274 innovari
1412 2247 1452 2280 δδς
1474 2253 1505 2275 ut
1526 2247 1632 2275 scilicet
1651 2247 1743 2282 pravis

949 2295 1166 2332 cogitationibus
1184 2294 1264 2329 plene
1283 2293 1428 2325 abdicatis,
1453 2293 1556 2320 divinis
1572 2293 1667 2328 gratiae
1682 2301 1742 2320 mu-

949 2351 1017 2372 nere
1038 2342 1195 2370 rationibus
1208 2341 1375 2376 impleatur;
1396 2348 1452 2375 quo
1469 2340 1601 2367 nimirum
1621 2341 1742 2375 splendi-

949 2390 1002 2418 dus
1024 2395 1195 2424 magnusque
1213 2387 1260 2414 Dei
1282 2387 1414 2418 mundus,
1430 2394 1464 2413 cx
1478 2385 1640 2418 moralibus,
1658 2391 1740 2413 natu-

948 2435 1056 2463 ralibus
1071 2439 1153 2469 atque
1170 2432 1271 2459 divinis
1286 2431 1465 2459 theorematis
1477 2431 1623 2465 sensisque
1639 2431 1741 2458 consti-

950 2485 1036 2513 tutus,
1053 2480 1198 2508 efﬁciatur.

984 2527 1027 2554 80.
1044 2526 1096 2560 Qui
1112 2533 1159 2553 cor
1173 2523 1308 2552 mundum
1322 2523 1453 2555 reddidit,
1470 2522 1573 2550 nedum
1590 2529 1683 2549 rerum
1698 2522 1741 2549 in-

948 2573 1082 2601 feriorum
1104 2575 1132 2598 et
1162 2578 1222 2605 qua:
1246 2577 1259 2597 a
1284 2569 1340 2596 Deo
1366 2567 1494 2596 secunda:
1523 2571 1597 2599 sunt,
1619 2567 1742 2593 rationes

950 2619 1104 2654 intelliget,
1126 2624 1224 2644 verum
1244 2616 1328 2643 etiam
1343 2615 1370 2642 in
1398 2615 1487 2650 ipsum
1508 2614 1596 2641 Deum
1613 2612 1742 2640 omnibus

950 2665 1088 2700 superatis
1099 2670 1212 2699 quoquo
1232 2662 1314 2689 modo
1328 2661 1414 2688 animi
1432 2661 1542 2688 oculum
1564 2659 1679 2694 deliget;
1694 2659 1742 2693 qui

949 2713 1088 2739 bonorum
1105 2716 1253 2746 supremus
1268 2708 1331 2735 linis
1345 2712 1388 2736 est
1408 2716 1414 2734 :
1439 2706 1483 2734 cui
1506 2713 1604 2741 nempe
1626 2705 1742 2732 illabens

949 2759 1035 2791 Deus,
1049 2763 1114 2784 suas
1135 2756 1194 2791 ipse
1212 2755 1321 2782 litteras
1340 2753 1416 2781 velut
1436 2752 1562 2780 ltlosaicis
1579 2751 1681 2778 tabulis
1695 2758 1743 2785 per

807 2818 828 2833 δε
843 2817 901 2845 Psal

947 2825 1000 2850 xix,
1017 2816 1044 2844 6.
1083 2815 1107 2831 ⁸³
1122 2814 1194 2842 Psal.
1215 2821 1268 2846 xu,
1288 2812 1314 2840 5.
1354 2812 1376 2826 ⁸⁵
1395 2811 1484 2839 Galat.
1506 2817 1542 2839 iv.
1558 2799 1589 2837 6,
1623 2808 1646 2824 ⁵⁵
1671 2808 1743 2836 Psal.

1556 2891 1594 2920 37
