1951 3076
94 209 162 245 1169

514 207 682 239 CAPITUM
702 206 831 237 I‘HEOL.
847 205 895 235 ET
914 203 1032 234 (ECON.
1051 203 1245 233 CENTURIA
1259 203 1297 235 II.

1661 202 1735 236 1170

94 267 179 302 αὐτῆς
196 264 399 293 κατὰιδιάθεσιν
422 263 539 300 σχέσεώς
558 264 646 290 ἐστιν·
667 262 698 290 Ἠ
721 261 774 298 γὰρ
791 261 881 294 ,βασι-
898 278 903 290 λ

949 259 988 286 llic
1006 259 1046 291 53;
1063 259 1110 286 sed
1125 263 1155 286 ut
1166 266 1273 292 eorum,
1287 257 1333 293 qui
1351 258 1398 286 illo
1408 258 1484 294 digni
1501 263 1576 293 sunt,
1586 260 1620 288 ad
1635 261 1726 296 ipsum

91 313 158 341 λεία
172 313 226 340 τοῦ
245 311 329 344 Θεοῦ,
348 311 440 347 φησὶν,
453 309 540 342 ἐντὸς
559 309 642 344 ὑμῶν
662 309 757 336 ἐστιν.

128 403 184 437 ιτβν.
201 403 233 428 'il
251 401 298 428 τοῦ
319 400 387 427 Θεοῦ
412 401 459 427 καὶ
484 399 590 434 [ἰατρὸς
610 398 733 434 βασιλεία
747 419 755 432 ,
770 397 883 432 δυνάμει

94 449 143 483 μὲν
155 449 186 474 ὲν
203 448 269 474 πᾶσι
287 448 362 473 ἐστιν
386 447 442 477 τοῖς
459 445 633 472 πιστεύουσιν
648 454 655 460 ·
672 443 798 479 ἐνεργείᾳ
812 443 840 469 δὲ
856 444 884 469 ὲν

91 496 149 526 τοῖς
168 493 349 528 ἀποθεμένοις
367 492 454 519 διόλου
473 486 620 522 διαθέσεως
636 491 727 517 πᾶσαν
747 489 797 525 τὴν
814 488 885 516 κατᾶ

92 539 175 574 φύσιν
190 540 280 574 ψυχῆς
290 548 319 565 τε
332 539 379 565 καὶ
394 538 519 573 σώματος
542 537 625 572 ζωὴν,
646 536 693 562 καὶ
714 535 798 570 μόνην
820 543 881 568 κτη-

94 586 225 621 σαμένοις
251 585 301 620 τὴν
323 584 370 610 τοῦ
395 583 572 618 πνεύματος,
597 582 644 609 καὶ
661 581 820 616 δυναμένοις
843 580 887 606 λέ-

93 641 176 667 γειν·
200 632 246 658 Ζῶ
259 631 313 663 δὲ,
331 630 432 658 οὐκέτι
462 629 536 664 ἐγὼ,
553 628 586 662 ζῇ
616 628 651 654 δὲ
674 628 709 654 ἐν
731 626 794 661 ἐμοὶ
821 627 887 660 Χρι-

92 679 179 711 στάς.

129 727 186 758 ια’.
205 723 262 758 Τὴν
281 722 422 758 βασιλείαν
444 721 499 748 τῶν
519 719 642 756 οὐρανῶν
660 717 728 745 εἶναι
753 725 825 748 τινες
842 716 887 742 λέ-

93 778 186 804 γουσι,
206 769 256 804 τὴν
271 769 300 795 ὲν
316 768 441 803 οὐρανοῖς
454 767 509 793 τῶν
526 766 609 799 ἁξὶων
632 764 782 798 διαγωγήν*
797 762 888 797 ἕτεροι

92 815 132 848 δὲ,
151 815 201 850 τὴν
216 815 313 849 ὀμοίαν
333 815 389 845 τοῖς
410 812 538 847 ἀγγέλοις
553 811 607 837 τῶν
623 809 785 844 σωζομένων
805 808 888 834 κατά-

95 869 192 887 στασιν
203 867 211 875 ⁸
225 859 298 887 ἄλλοι
311 855 349 891 δὲ,
365 859 394 885 τὸ
410 856 478 890 εἶδος
497 857 562 884 αὐτὸ
582 857 630 892 τῆς
645 855 738 890 θεῖκῆς
755 853 889 889 ὡραιότη-

93 915 139 938 to;
159 906 215 933 τῶν
242 906 416 941 φορεσὰντων
439 903 489 939 τὴν
514 903 606 929 εἰκόνα
626 901 674 928 τοῦ
696 898 887 935 Ἐπουρανίου.

94 953 246 988 Συνᾴδουσι
263 940 291 978 δὲ
305 953 338 987 τῇ
356 951 481 986 ἀληθείᾳ,
497 949 566 976 κατὰ
589 949 619 974 τὺ
639 947 700 983 ἐμοὶ
719 946 824 978 δοκοῦν,
841 945 888 971 καὶ
904 940 924 969 Β

93 1000 123 1027 at
134 1000 212 1034 τρεῖς
226 999 291 1034 περὶ
307 998 402 1024 τούτου
415 996 500 1030 δόξαι.
520 996 591 1021 [ἰᾶσι
604 993 658 1029 γὰρ
674 993 744 1020 κατά
760 992 810 1028 τὴν
822 992 889 1018 ἀνα-

93 1045 191 1079 λογίαν
211 1043 262 1079 τῆς
287 1045 316 1070 ὲν
335 1043 428 1073 αὐτοῖς
443 1040 515 1068 κατὰ
534 1039 610 1066 ποιόν
627 1047 657 1065 τε
680 1038 728 1065 καὶ
747 1037 830 1064 ποσὸν
849 1036 890 1064 δι-

95 1091 256 1126 καιοσύνης,
273 1091 290 1125 ἡ
309 1089 443 1125 μέλλουσα
457 1087 557 1114 δίδοται
573 1085 662 1121 χάρις.

131 1180 185 1214 ιβ’.
205 1179 278 1211 Ἕως
303 1179 364 1206 ὅτου
388 1177 460 1204 κατὰ
479 1176 528 1212 τὴν
550 1175 705 1211 πρακτικὴν
719 1173 890 1209 φιλοσοφίαν,

95 1226 236 1262 ἀνδρικῶς
262 1225 325 1256 τοὺς
343 1224 431 1255 θείους
454 1222 622 1257 διεξέρχεταί
641 1230 683 1252 τις
697 1219 825 1255 ἀγῶνας·
846 1219 892 1245 τὸν

94 1272 141 1299 διὰ
154 1271 212 1298 τῶν
227 1270 342 1297 ἐντολῶν
359 1269 501 1302 ἐξελθόντα
516 1267 592 1302 παρὰ
610 1266 657 1293 τοῦ
673 1266 778 1300 Πατρὸς
795 1265 835 1296 εις
847 1264 892 1292 τὸν
920 1275 923 1279 ”

95 1319 213 1353 κόσμον,
230 1318 297 1352 παρ’
313 1316 400 1350 ἑαυτῷ
415 1315 525 1350 κατέχει
542 1313 639 1347 Λόγον.
657 1311 784 1339 Ἐπειδὰν
795 1311 823 1338 δὲ
838 1311 892 1337 τῶν

96 1364 170 1391 κατὰ
193 1364 244 1399 τὴν
267 1362 366 1397 πρᾶξιν
387 1361 454 1397 πρὸς
477 1360 511 1386 τὰ
536 1359 609 1394 πάθη
627 1357 825 1392 παλαισμάτων
840 1357 892 1391 ὰφ-

97 1411 208 1446 έμενος,
227 1409 264 1440 ὡς
274 1407 387 1444 νικητὴς
399 1406 492 1433 παθῶν
505 1406 553 1432 καὶ
568 1404 702 1439 δαιμόνων
714 1402 891 1437 ἀποφανθεὶς,

97 1458 170 1493 πρὸς
190 1456 242 1492 τὴν
262 1455 306 1482 διὰ
334 1454 450 1490 Θεωρίας
473 1451 626 1487 γνωστικὴν
651 1450 769 1486 μετέλθῃ
787 1449 894 1485 φιλοσο-

97 1504 177 1538 φίαν,
201 1502 338 1537 συγχωρεῖ
363 1500 401 1536 τῷ
421 1499 500 1534 Λόγῳ
519 1497 656 1532 μυστικῶς
682 1497 790 1531 ἀφεῖναι
813 1495 894 1523 πάλιν

97 1550 146 1577 τὸν
161 1549 278 1584 κόσμον,
299 1547 348 1574 καὶ
371 1545 539 1581 πορευθῆναι
560 1543 627 1580 πρὸς
640 1543 686 1569 τὸν
707 1541 829 1577 Πατέρα.
849 1541 895 1567 Διό

99 1604 186 1631 φησιν
204 1595 219 1621 ὁ
233 1594 335 1628 Κύριος
348 1593 404 1623 τοῖς
421 1590 616 1626 μαθηταῖς,ὅτι
629 1588 729 1622 ’Υμεῒς
741 1587 794 1623 ἐμὲ
806 1596 894 1622 πεφι-

99 1630 228 1673 λήκατε,
239 1639 288 1665 καὶ
304 1636 524 1664 πεπιστεύκατε
538 1634 582 1661 ὅτι
597 1633 653 1668 ἐγὼ
665 1632 745 1667 παρὰ
757 1632 811 1659 τοῦ
819 1630 894 1658 Θεοῦ

99 1686 245 1720 ἐξῆλθον.
275 1683 425 1717 Ἐξῆλθον
447 1681 527 1715 παρὰ
543 1680 596 1707 τοῦ
618 1679 743 1714 Πατρός,
762 1677 809 1705 καὶ
824 1677 895 1711 ἐλή-

99 1733 182 1759 λυθα
198 1731 242 1762 εἰς
257 1729 311 1756 τὸν
328 1729 456 1762 κόσμον·
470 1725 564 1753 πάλιν
582 1725 689 1760 ἀφίημι
701 1724 753 1751 τὸν
767 1723 894 1758 κόσμον,

101 1777 151 1804 καὶ
177 1776 338 1810 πορεύομαι
367 1773 441 1808 πρὸς
456 1773 511 1799 τὸν
533 1771 666 1805 Πατέρα·
690 1770 792 1804 κόσμον
811 1768 895 1795 εἰπὼν

99 1823 196 1858 τυχὸν,
212 1821 263 1857 τὴν
282 1819 354 1847 κατὰ
378 1818 427 1853 τὴν
451 1818 550 1853 πρᾶξιν
570 1816 623 1842 τῶν
649 1815 753 1850 ἀρετῶν
768 1813 896 1840 ἐπίπονον

101 1867 256 1904 ἐργασίαν·
280 1864 390 1900 Πατέρα
414 1864 453 1896 δὲ,
476 1864 525 1898 τὴν
543 1861 612 1889 κατὰ
630 1861 692 1887 νοῦν
711 1860 896 1895 ὑπερκόσμιον

100 1913 151 1940 καὶ
171 1910 272 1942 παντὸς
291 1909 436 1943 ἐλευθέραν
453 1906 546 1934 ὑλικοῦ
564 1908 739 1941 φρονήματος
758 1905 896 1932 κατάστα-

103 1965 158 1984 σιν·
177 1956 240 1983 καθ’
255 1956 288 1991 ἥν
301 1956 329 1981 ὲν
341 1955 406 1991 ἡμῖν
428 1953 442 1980 ὁ
460 1952 506 1979 τοῦ
526 1951 594 1978 Θεοῦ
611 1951 717 1985 γίνεται
737 1950 832 1985 Λόγος,
847 1950 896 1985 τῆς

101 2003 175 2040 πρὸς
190 2003 225 2029 τὰ
237 2001 309 2036 πάοη
329 2001 377 2027 καὶ
390 1999 452 2031 τοὺς
466 1998 596 2033 δαίμονας
619 1997 710 2033 μίιχης
726 1997 892 2032 παυόμενος.

141 2048 194 2083 ιε’.
214 2048 244 2074 '0
264 2045 389 2080 δυνηθεὶς
409 2044 545 2080 νεκρῶσαι
570 2043 613 2069 διὰ
635 2041 761 2077 πράξεως
780 2042 814 2068 τὰ
829 2041 897 2077 μέλη

100 2096 140 2123 τὰ
155 2095 203 2121 ἐπὶ
223 2093 274 2128 τῆς
293 2091 412 2127 γῆς,καὶ
428 2090 540 2124 νικῆσαι
555 2089 599 2115 διὰ
612 2088 659 2115 τοῦ
680 2088 768 2122 Λόγου
785 2088 839 2114 τῶν
857 2088 898 2114 ἑν-

101 2140 192 2168 τολῶν
207 2139 254 2166 τὸν
267 2139 296 2164 ὲν
310 2137 384 2172 αὐτῷ
399 2136 453 2163 τῶν
470 2135 563 2162 παθῶν
581 2135 693 2169 κόσμον,
705 2134 831 2169 οὐδεμίαν
843 2134 899 2166 ἕξει

102 2186 201 2214 λοιπὸν
216 2184 322 2219 ολίψιν·
338 2183 384 2210 τὸν
403 2183 505 2217 κόσμον
527 2181 610 2212 ἐάσας
637 2179 697 2215 ἤδη,
714 2180 760 2206 καὶ
783 2180 812 2206 ὲν
832 2181 899 2216 Χρι-

104 2232 165 2268 στῷ
179 2229 374 2265 γεγενημένος,
390 2228 428 2264 τῷ
440 2228 486 2254 τὸν
502 2228 603 2263 κόσμον
618 2225 759 2260 νικήσαντι
775 2225 829 2252 τῶν
847 2235 900 2252 πα-

103 2279 174 2309 θῶν,
196 2276 244 2303 καὶ
258 2276 348 2309 πάσης
367 2274 480 2310 εἰρήνης
494 2271 615 2308 χορηγῷ.
632 2271 662 2297 ‘0
681 2269 736 2305 γὰρ
752 2270 801 2305 τὴν
815 2278 900 2306 προσ-

104 2324 227 2351 πάθειαν
248 2322 303 2349 τῶν
325 2321 425 2347 ὑλικών
448 2319 486 2355 μὴ
507 2319 598 2354 ἀφεὶς,
617 2317 662 2344 διὰ
688 2316 788 2348 παντὸς
812 2316 901 2351 θλίψιν

104 2370 177 2403 ἕξει·
202 2369 258 2399 τοῖς
289 2367 361 2394 κατὰ
390 2365 470 2400 φύσιν
494 2364 696 2399 ἀλλοιουμένοις
718 2362 768 2397 τὴν
788 2362 901 2398 γνώμην

108 2414 366 2449 συναλλοιούμενος.
393 2413 423 2439 '0
435 2412 465 2439 δὲ
480 2411 627 2446 γενόμενος
649 2411 677 2437 ὲν
703 2409 824 2445 Χριστῷ,
841 2408 903 2435 κατ’

106 2463 208 2491 οὐδένα
231 2462 310 2496 λόγον
328 2459 489 2494 αἰσθήσεται
511 2459 561 2493 τῆς
581 2457 691 2484 οἱασοῦν
707 2457 802 2491 ὑλικῆς
821 2463 904 2491 μετα-

106 2509 254 2538 πτώσεως.
275 2507 320 2532 Διό
341 2512 424 2539 φησιν
450 2505 464 2529 ὁ
491 2501 604 2537 Κύριος·
631 2501 725 2528 Ταῦτα
746 2499 904 2533 λελάληκα

106 2552 194 2588 ὑμῖν,
219 2552 270 2578 ἵνα
288 2551 324 2577 ἐν
335 2549 400 2585 ἐμοὶ
420 2548 545 2583 εἰρήνην·
565 2546 665 2582 ἔχητε.
686 2547 736 2573 Ἑν
748 2545 787 2578 τῷ
802 2547 905 2580 κόσμῳ

108 2598 220 2632 θλίψιν
238 2596 332 2628 ἓξετε’
348 2595 430 2622 ἀλλὰ
451 2593 598 2628 θαρσεῖτε,
619 2592 677 2626 ἐγὼ
693 2591 837 2624 νενίκηκα
853 2591 906 2617 τὸν

108 2645 240 2678 κόσμον.
255 2643 413 2674 Τουτέστιν,
432 2641 477 2668 Ἐν
497 2640 557 2674 ἐμοὶ
577 2638 616 2674 τῷ
637 2639 716 2673 Λόγῳ
730 2638 780 2672 ςιῆς
793 2637 906 2672 ἀρετῆς,

109 2691 225 2726 εἰρήνην
239 2689 325 2724 ἔχετε·
339 2687 545 2723 ἀπηλλαγμένοι
559 2685 608 2720 τῆς
630 2684 685 2711 τῶν
700 2683 799 2710 ὑλικῶν
813 2682 906 2709 παθῶν

108 2745 143 2763 τε
161 2736 212 2762 καὶ
224 2734 396 2769 πραγμάτων
420 2730 596 2767 στροϐώσεώς
620 2738 648 2756 τε
668 2729 716 2756 καὶ
733 2728 865 2763 ταραχῆς
877 2729 905 2754 ἐν

110 2782 142 2808 δὲ
155 2781 193 2815 τῷ
207 2781 313 2814 κόσμῳ,
333 2778 473 2805 τουτέστιν
494 2778 522 2804 ὲν
538 2777 570 2812 τῇ
591 2774 763 2811 προσπαθεία
778 2774 832 2800 τῶν
848 2774 906 2800 ὑλι-

113 2828 191 2857 γρῶν,
213 2826 314 2860 θλίψιν,
341 2825 386 2851 διὰ
407 2825 458 2859 τὴν
475 2823 564 2850 αὐτῶν
592 2820 793 2856 ἀλλεπάλληλον
821 2821 906 2855 μετά-

152 2885 174 2900 ”
191 2884 259 2911 an.
273 2883 393 2914 xvn,‘20.
433 2883 454 2898 ω
472 2881 539 2909 lbid.
555 2881 598 2907 “2|.
638 2881 658 2895 πο
671 2878 758 2906 (ialat.
777 2885 804 2910 ιι,
818 2879 862 2905 “20.

117 2920 141 2935 ’δ
154 2920 234 2947 .lnan.
248 2927 301 2950 xw,
318 2918 362 2946 55.

934 305 1050 333 allectus
1061 304 1236 333 necessitudo
1248 304 1430 340 signiﬁcetur.
1448 305 1568 341 Regnum
1578 307 1653 334 enim
1667 307 1725 340 Dei,

935 351 1034 386 inquit,
1050 352 1121 378 intra
1132 359 1176 378 vos
1195 354 1234 377 est
1249 350 1282 377 ³³.

969 397 1013 424 92.
1030 397 1077 424 Dei
1090 404 1122 424 ac
1135 397 1224 424 Patris
1240 404 1366 433 regnum,
1383 397 1508 432 potentia
1521 396 1602 432 509
1615 397 1728 432 quidem

938 443 965 470 in
990 443 1100 470 cunctis
1116 442 1245 470 ﬁdelibus
1259 447 1394 476 est;actu
1411 450 1488 474 vero,
1504 443 1533 469 in
1550 443 1606 470 illis
1619 443 1666 478 qui
1681 451 1728 470 na-

936 490 1017 517 turali
1042 489 1117 516 omni
1146 489 1231 516 animi
1257 489 1436 524 corporisque
1457 489 1512 516 rita
1530 488 1629 517 ail'ectu
1653 490 1729 517 omni

936 535 1053 572 abjec'ta,
1065 534 1218 570 spiritalem
1228 535 1362 562 duntaxat
1370 535 1443 563 nacti
1457 540 1539 569 sunt;
1557 541 1729 571 possuntque

936 582 1048 609 dicere:
1071 581 1131 609 Vivo
1146 590 1210 617 ego;
1223 582 1284 617 jam
1304 590 1354 608 non
1372 589 1418 617 ego
1430 590 1439 608 :
1459 582 1521 609 civit
1537 586 1626 609 autem
1643 583 1670 609 in
1689 591 1729 610 me

937 626 1056 653 Christus
1069 626 1104 652 ⁸ο.

972 725 1016 753 95.
1032 725 1156 761 Regnum
1169 725 1302 753 cmlorum
1316 725 1430 760 quidam
1445 733 1506 754 esse
1528 725 1634 759 dicunt,
1648 733 1729 761 quam

938 770 966 798 in
981 770 1059 798 cmlis
1080 770 1156 806 digni
1173 774 1255 806 atque
1277 771 1360 799 electi
1387 771 1449 799 vitae
1471 772 1606 799 rationem
1628 777 1728 808 agunt;

938 817 995 849 alii,
1010 824 1109 844 eorum
1122 817 1169 853 qui
1187 817 1306 845 salutem
1323 822 1534 852 consequuntur
1559 819 1664 854 angelis
1682 827 1731 854 pa-

939 870 997 890 rem
1013 866 1132 896 statum;
1149 863 1195 890 alii
1207 863 1346 898 denique,
1377 863 1465 898 ipsam
1488 864 1605 891 formam
1629 865 1731 893 divinat

939 908 1166 943 pulchritudinis,
1180 916 1290 941 eorum,
1302 908 1349 942 qui
1364 909 1493 937 Ccelestis
1504 910 1651 946 imaginem
1664 919 1730 946 por-

940 958 1000 982 tant
1010 954 1044 980 σι.
1061 954 1359 988 Consentiuntautem,
1390 959 1420 982 ut
1446 955 1558 990 quidem
1583 956 1730 988 existimo,

940 1003 1148 1034 consonantque
1172 999 1283 1027 veritati
1304 1004 1361 1028 tres
1376 1000 1429 1027 illae
1444 1000 1600 1028 sententiae.
1616 1000 1732 1028 Cunctis

940 1045 1025 1078 enim,
1038 1054 1089 1081 pro
1106 1050 1164 1073 rata
1179 1046 1304 1082 iustitiae,
1318 1054 1373 1081 qua
1388 1046 1507 1081 quisque
1525 1046 1659 1081 praeditus
1671 1050 1713 1074 est
1723 1067 1730 1078 ,

941 1091 1074 1127 qualitate
1088 1099 1120 1119 ac
1139 1092 1306 1127 quantitate,
1320 1091 1421 1119 futura:
1436 1099 1538 1119 munus
1552 1092 1647 1127 gratiae
1664 1100 1731 1120 eon-

940 1136 1040 1164 fertur.

975 1183 1020 1210 94.
1036 1182 1163 1216 Quandiu
1184 1183 1247 1218 quis
1259 1190 1309 1217 per
1320 1183 1522 1218 philosophiam
1547 1182 1650 1210 actioni
1673 1186 1732 1210 stn-

942 1227 1064 1261 dentem,
1086 1227 1180 1255 divina
1200 1220 1314 1255 strenue
1329 1227 1480 1255 certamina
1500 1227 1581 1262 gerit,
1597 1235 1671 1260 enm,
1684 1227 1731 1262 qui

942 1280 958 1299 a
974 1272 1054 1300 Patre
1062 1272 1148 1300 exivit
1158 1281 1208 1308 per
1225 1276 1373 1308 praecepta,
1388 1278 1416 1300 et
1431 1272 1508 1300 venit
1527 1272 1556 1300 in
1575 1273 1708 1300 mundum
1724 1292 1732 1304 ,

943 1317 1013 1352 apud
1030 1317 1228 1346 seSermonem
1242 1319 1358 1346 detinet.
1377 1319 1428 1348 Ubi
1446 1323 1538 1346 autem
1557 1318 1675 1346 actionis
1686 1318 1734 1345 ad-

943 1370 1039 1392 versus
1050 1363 1166 1392 affectus
1186 1364 1308 1400 vitiaque
1321 1365 1394 1392 lucta
1409 1365 1528 1398 solutus,
1545 1365 1622 1392 velut
1636 1372 1733 1392 eorum

944 1413 1026 1445 atque
1034 1409 1190 1438 daemonum
1202 1410 1292 1438 victor
1305 1411 1491 1443 renuntiatus,
1505 1419 1555 1446 per
1566 1410 1736 1446 contempla-

944 1456 1047 1483 tionem
1059 1455 1094 1483 ad
1109 1456 1218 1484 doctam
1240 1464 1272 1484 ac
1288 1457 1440 1491 sapientem
1457 1456 1661 1492 philosophiam
1674 1456 1736 1483 ani-

944 1509 1020 1529 mum
1045 1502 1235 1534 transtulerit,
1253 1502 1391 1535 Sermoni,
1420 1506 1451 1529 ut
1481 1502 1582 1529 iterum
1601 1501 1736 1528 mundum

945 1547 1095 1582 relinquat,
1117 1551 1146 1575 et
1164 1547 1246 1575 vadat
1267 1548 1300 1574 ad
1317 1548 1443 1581 Patrem,
1462 1548 1608 1583 permittit.
1630 1548 1737 1575 ldcirco

945 1600 1065 1628 namque
1087 1593 1125 1620 ait
1146 1593 1280 1620 Dominus
1294 1593 1440 1628 discipulis
1458 1603 1464 1620 :
1484 1593 1533 1621 Vas
1555 1601 1596 1620 me
1615 1593 1736 1626 amastis.

949 1641 974 1664 et
990 1638 1134 1665 credidistis
1149 1638 1211 1673 quia
1225 1647 1240 1664 a
1254 1637 1307 1664 Deo
1321 1639 1399 1665 exivi.
1416 1638 1494 1665 Exivi
1505 1647 1521 1665 a
1534 1638 1626 1670 Patre,
1641 1642 1667 1664 et
1679 1638 1740 1665 veni

948 1684 977 1711 in
999 1684 1145 1711 mundum:
1164 1685 1261 1711 iterum
1283 1683 1402 1718 relinquo
1418 1684 1556 1716 mundum,
1572 1688 1596 1710 et
1622 1684 1690 1710 vado
1703 1683 1738 1710 ad

948 1729 1057 1757 Patrem
1073 1730 1096 1746 ⁸³
1119 1729 1276 1756 :mundum
1306 1729 1375 1756 forte
1404 1729 1565 1764 appellans,
1592 1735 1737 1763 operosam

949 1774 1067 1802 actionis
1085 1773 1161 1801 cultu
1178 1774 1311 1801 virtutum
1328 1773 1514 1806 iunctionem;
1539 1773 1646 1800 Patrem
1659 1781 1737 1804 vero,

949 1824 1051 1848 statum
1076 1820 1178 1847 mentis
1192 1819 1295 1847 mundo
1314 1820 1470 1851 celsiorem,
1487 1823 1515 1846 et
1538 1819 1572 1845 ab
1597 1818 1672 1845 omni
1686 1822 1739 1845 ter-

950 1874 1018 1894 reno
1045 1873 1128 1893 sensu
1151 1865 1270 1892 liberum
1286 1874 1293 1892 :
1307 1866 1416 1900 qualem
1430 1865 1458 1892 in
1478 1863 1559 1892 nobis
1574 1863 1622 1892 Dei
1641 1863 1740 1891 Sermo

952 1912 1080 1944 sortitur,
1096 1920 1110 1938 a
1125 1919 1217 1947 pugna
1228 1911 1362 1939 adversus
1376 1910 1492 1939 affectus
1512 1910 1634 1944 vitiaque
1657 1913 1740 1945 atque

951 1957 1088 1985 daemones
1105 1961 1202 1984 nactus
1218 1957 1351 1992 requiem.

985 2047 1031 2075 95.
1048 2047 1099 2080 Qui
1116 2046 1236 2074 actionis
1250 2047 1338 2078 cultu,
1354 2045 1479 2074 membra
1505 2052 1565 2080 qua:
1575 2048 1641 2072 sunt
1658 2052 1741 2079 super

952 2097 1053 2119 terram
1074 2092 1240 2129 mortiﬁcare
1256 2091 1344 2119 valuit
1355 2091 1388 2124 °‘,
1415 2091 1613 2126 Sermonisque
1630 2089 1743 2118 manda-

953 2142 1045 2166 torum
1058 2146 1110 2174 ope
1127 2143 1209 2173 atque
1224 2137 1262 2170 vi,
1278 2137 1427 2165 all'ectuum
1442 2136 1627 2171 vitiorumque
1641 2136 1668 2163 in
1683 2135 1743 2171 ipso

954 2184 1087 2211 mundum
1111 2183 1220 2211 vincere
1242 2182 1342 2218 potuit.
1358 2183 1464 2211 nullam
1482 2181 1613 2216 deinceps
1632 2188 1743 2216 pressu-

955 2238 1011 2257 ram
1036 2229 1162 2261 habebit,
1184 2228 1243 2263 qui,
1262 2228 1360 2255 relicto
1380 2229 1437 2264 jam
1456 2227 1578 2260 mundo,
1605 2231 1632 2254 ut
1659 2226 1696 2254 sit
1716 2226 1743 2253 in

919 2289 939 2316 ι)
953 2274 1064 2302 Christo
1076 2274 1171 2301 mundi
1184 2274 1333 2301 all‘ectuum
1353 2274 1485 2301 vitiorum
1502 2274 1608 2300 victore
1626 2280 1658 2299 ac
1669 2272 1746 2307 pacis

953 2320 1043 2347 omnis
1053 2324 1177 2352 auctore,
1195 2323 1291 2346 nactus
1302 2319 1347 2347 sit.
1360 2319 1413 2352 Qui
1422 2319 1496 2346 cnim
1516 2323 1690 2346 terrenorum
1703 2317 1744 2343 af-

952 2365 1055 2392 fectum
1072 2372 1103 2392 ac
1127 2363 1272 2391 libidinem
1290 2371 1345 2390 non
1368 2362 1490 2397 reliquit,
1509 2369 1620 2397 semper
1635 2369 1747 2396 pressu-

953 2417 1010 2436 ram
1025 2409 1153 2441 habebit;
1174 2409 1221 2443 qui
1237 2415 1336 2442 nempe
1349 2415 1404 2434 una
1419 2415 1482 2435 cum
1498 2407 1553 2434 illis
1573 2414 1635 2440 qua:
1647 2411 1746 2432 natura

954 2459 1106 2487 mutantur,
1127 2454 1185 2489 ipse
1205 2454 1321 2489 perinde
1337 2453 1408 2481 alius
1427 2461 1461 2480 ex
1473 2453 1528 2480 alio
1540 2456 1673 2479 mutetur.
1691 2452 1725 2479 At
1739 2472 1746 2484 ,

955 2501 1003 2536 qui
1023 2505 1121 2528 nactus
1148 2505 1190 2527 est
1221 2504 1251 2527 ut
1276 2501 1313 2527 sit
1351 2499 1380 2527 in
1401 2499 1528 2531 Christo,
1555 2498 1661 2525 nullam
1691 2498 1747 2524 ullo

955 2546 1038 2574 modo
1059 2545 1196 2581 ejusmodi
1215 2553 1330 2573 casuum
1349 2544 1592 2578 mutationumque
1606 2535 1763 2570 vicissitu-x

955 2591 1048 2619 dinem
1061 2591 1144 2626 510
1156 2591 1268 2619 sentiet.
1280 2590 1387 2618 ldcirco
1397 2590 1436 2617 ait
1449 2589 1584 2617 Dominus
1601 2596 1609 2615 :
1627 2588 1689 2615 ch
1708 2587 1748 2613 lo—

955 2643 1031 2665 cutus
1039 2645 1098 2664 sum
1110 2637 1191 2669 vobis,
1207 2641 1236 2663 ut
1248 2637 1277 2663 in
1292 2645 1333 2664 me
1345 2645 1436 2672 pacem
1455 2636 1584 2664 habeatis.
1601 2633 1633 2662 In
1652 2635 1749 2662 munda

957 2691 1109 2719 pressuram
1129 2683 1277 2715 habebitis;
1298 2683 1344 2709 sed
1371 2682 1510 2716 conﬁdite;
1528 2690 1575 2717 ego
1596 2681 1646 2708 vici
1671 2688 1749 2706 mun—

959 2729 1022 2755 dum
1030 2728 1063 2754 ".
1075 2728 1105 2755 In
1115 2736 1159 2756 me
1176 2729 1291 2761 scilicet,
1305 2729 1352 2763 qui
1365 2729 1476 2755 virtutis
1492 2728 1589 2755 Sermo
1605 2727 1656 2753 sim
1668 2731 1750 2760 atque

960 2775 1042 2808 ratio,
1059 2782 1154 2810 pacem
1183 2775 1333 2807 habebitis,
1358 2775 1495 2802 liberatia
1511 2777 1686 2801 terrenorum
1712 2772 1750 2798 af-

959 2820 1081 2847 fectuum
1108 2828 1257 2856 rerumque
1278 2828 1350 2848 mera
1372 2819 1508 2855 vertigine
1524 2826 1556 2846 ac
1574 2817 1750 2849 turbatione;

919 2879 938 2894 θ’
954 2878 963 2905 1
977 2877 1039 2906 Cor.
1055 2879 1154 2911 xv,,i9.
1193 2878 1214 2894 ⁶¹
1229 2878 1306 2906 .lnan.
1334 2887 1388 2910 xw,
1403 2878 1448 2904 27.
1487 2877 1508 2892 ⁶¹
1532 2875 1638 2904 Coloss.
1660 2882 1700 2907 ιιι,
1724 2873 1750 2901 5.
