1951 3076
228 173 292 206 ΙΠῙ

798 178 828 207 S.
848 176 991 209 ΜΑΧΙΜΙ
1011 177 1264 212 CONFESSORIS

1797 169 1867 202 1172

227 234 254 260 in
279 231 383 260 mundo
404 237 495 259 autent
508 253 515 265 ,
538 236 712 261 tcrrcnorum
730 234 836 262 scilicet
851 235 1018 270 procliviore

1078 245 1184 264 πτωσιν.
1199 237 1295 273 Θλίψιν
1317 237 1369 272 γὰρ
1388 237 1479 272 ἔχουσι
1497 235 1657 271 ἀμφότεροι,
1672 233 1726 273 [καὶ
1740 233 1755 260 ὁ
1776 231 1867 270 πράτ-

226 279 344 311 al'fectu,
372 286 549 314 pressuram;
572 284 687 315 propter
701 280 835 308 nimirum
857 282 1018 309 continuam

227 325 337 354 illorum
351 325 431 352 aliam
442 326 579 361 aliamque
597 326 791 354 mutationem.
804 327 926 363 Uterque
938 336 1018 355 nam«

227 378 279 404 que
295 378 452 405 pressuram
468 371 563 404 habet,
576 376 634 398 tum
652 372 756 399 scilicet
772 373 818 407 qui
831 371 962 399 virtutem
974 380 1020 399 co—

226 415 267 447 tit,
286 416 321 443 ob
336 416 515 451 conjunctum
540 416 565 444 ei
585 417 726 449 laborem;
744 421 802 445 tum
825 417 872 452 qui
885 417 1017 444 mundum

227 461 324 497 diligit,
333 462 405 497 quod
417 463 534 490 terrenis
547 463 710 499 plerumque
717 463 846 491 frustrari
858 463 1016 499 contingat:

227 512 307 542 atque
333 508 408 535 illius
422 508 535 543 quidem
558 508 676 535 salubris
701 516 848 543 pressura;
866 508 949 543 hujus
967 516 1017 537 au-

227 557 291 586 tem,
320 553 401 588 plane
425 554 506 581 noxia
531 558 559 581 ct
582 553 709 581 exitiosa.
738 554 776 581 Ac
797 561 863 583 vero
884 553 1019 581 Dominus

227 603 374 634 utrumque
385 600 479 627 labore
495 601 569 627 levat
584 607 615 627 ac
628 600 732 632 reﬁcit;
750 600 868 628 alterum
885 600 997 635 quidem
1011 621 1017 631 ,

1068 291 1122 309 των
1136 282 1186 318 τὴν
1203 268 1327 319 ἀρετὴν,⁷
1341 268 1385 311 διὰ
1402 268 1448 309 τὸν
1474 268 1550 318 αὐτῇ,
1574 268 1750 316 συνημμένον
1773 268 1866 305 πόνον·

1069 328 1117 355 καὶ
1131 328 1145 355 ὁ
1165 328 1210 354 τὸν
1225 328 1328 364 κόσμον
1341 328 1468 362 ἀγαπῶν,
1485 327 1529 354 διὰ
1545 326 1595 360 τὴν
1617 326 1671 352 τῶν
1687 324 1789 351 ὑλικῶν
1799 323 1870 349 dare.

1068 372 1176 408 τυχίαν·
1193 372 1251 399 ἀλλ’
1265 374 1279 400 ὁ
1296 373 1355 409 μὲν,
1366 373 1456 407 θλίψιν
1472 372 1614 407 σωτήρων·
1633 371 1647 397 ὁ
1661 370 1700 402 δὲ,
1711 367 1869 404 φθαρτικὴν

1070 419 1117 446 καὶ
1139 419 1270 454 ὀλέθριον.
1302 419 1481 455 ’Δμφοτέρων
1504 418 1533 446 δέ
1557 419 1631 445 ἐστιν
1653 418 1668 444 ὸ
1692 416 1797 451 Κύριος
1821 414 1870 442 ἇν-

1074 474 1133 499 επις
1145 473 1152 479 '
1169 466 1216 493 τοῦ
1232 467 1292 501 μὲν,
1317 466 1485 493 καταπαύων
1500 466 1528 492 ἐν
1542 464 1631 500 ἑαυτῷ
1648 462 1718 490 κατὰ
1733 462 1784 498 τὴν
1799 461 1870 488 θεω-

1073 511 1134 548 ρίαν
1153 511 1187 538 δι’
1207 511 1341 543 ἀπαθείας
1364 513 1428 543 τοὺς
1451 511 1547 542 πόνους
1560 509 1615 536 τῶν
1631 507 1748 543 ἀρετῶν·
1763 506 1812 533 τοῦ
1828 506 1869 538 δὲ,

1071 556 1120 591 τὴν
1139 557 1207 592 πρὸς
1229 558 1264 584 τὰ
1287 557 1455 592 φθειρόμενα
1471 555 1598 592 σχετικὴν
1617 553 1808 590 προσπάθειαν
1824 551 1870 578 διὰ

1072 602 1120 636 τῆς
1140 603 1285 637 μετανοίας
1297 604 1510 639 ἀφαιρούμενος.

227 645 299 680 quod
312 646 339 672 in
352 654 381 673 se
395 647 452 681 ipse
462 646 689 674 virtutislabores
705 647 949 682 contemplationis
959 647 1015 674 otio
1036 654 1086 681 per
1099 648 1378 684 imperturbationem
1389 657 1498 677 cessare
1524 649 1626 681 faciat;
1642 647 1761 674 alterum
1789 653 1868 673 vero.

228 690 300 726 quod
317 690 537 718 libidinosiorem
561 691 596 718 ad
617 699 662 719 res
684 693 857 727 corruptioni
885 693 1019 720 obnoxias
1037 691 1180 728 affectum,
1198 696 1362 730 pcenitentia
1374 695 1492 723 auferat.

260 736 305 763 96.
329 736 395 769 Qua:
419 737 446 763 in
480 737 561 764 titulo
585 739 746 773 prtescripta
777 742 838 766 erat
867 738 1021 766 Salvatoris

228 790 320 815 causa,
340 790 402 810 eum
421 784 468 818 qui
484 784 561 811 cruci
590 784 686 812 afﬁxus
715 789 774 812 erat
788 805 795 818 ,
822 785 961 812 studentis
974 792 1020 812 ac-

228 829 306 861 tioni,
325 829 458 856 naturalis
485 837 517 857 ac
535 830 636 859 divina:
660 831 845 866 philosophia:
870 831 972 865 Regem
988 838 1020 858 ac

228 876 372 903 Dominum
386 876 493 911 liquido
516 877 690 905 ostendebat.
708 878 753 905 Ait
766 878 842 905 enim
860 878 1018 912 Scriptura,

228 923 312 950 fuisse
326 923 433 955 Latine,
448 923 542 953 Grtrce
568 929 597 950 et
617 923 753 951 Hebraiee
781 924 915 958 scriptum
930 925 962 950 ⁸⁵.
977 924 1022 950 In-

228 968 320 1003 telligo
334 972 426 995 autem
441 969 515 1004 quod
529 967 628 996 Latine
640 970 761 1004 scriptus
774 969 872 997 titulus
886 973 956 1001 erat,
976 977 1021 997 ac-

228 1013 296 1040 tioni
315 1014 472 1042 studentem
500 1015 704 1049 philosophiam
720 1034 727 1046 ,
744 1015 818 1050 quod
843 1014 950 1042 scilicet
977 1023 1021 1042 re-

228 1066 311 1093 gnum
325 1059 512 1087 Romanorum
525 1067 557 1087 ex
566 1060 871 1093 Danielissententia“,
883 1060 1022 1087 universis

228 1106 320 1140 regnis
332 1110 414 1133 terrm
423 1105 522 1134 fortius
545 1114 608 1134 ossa
625 1111 798 1142 compertum
811 1107 847 1134 sit
864 1115 871 1140 ;
885 1106 1021 1138 fortitudo

228 1156 331 1184 autem,
348 1151 370 1179 si
381 1152 447 1187 quid
460 1152 545 1184 aliud,
560 1153 698 1180 actionem
718 1153 821 1180 colenti
839 1153 1022 1189 philosophia:

228 1197 339 1232 propria
353 1197 468 1225 exsistit.
479 1197 557 1230 Quod
573 1203 664 1224 autem
675 1197 779 1228 Grteee,
794 1197 949 1224 naturalem
960 1204 1022 1231 spe-

228 1243 407 1275 culationem,
424 1243 498 1278 quod
521 1243 653 1270 nimirum
677 1243 835 1270 Graecorum
857 1250 924 1278 gens
939 1250 1021 1277 supra

229 1289 350 1324 reliquos
380 1290 512 1317 mortales
541 1289 660 1316 naturali
688 1289 872 1325 philosophia:
903 1289 1022 1316 maxime

228 1341 340 1368 operam
367 1335 520 1361 navaverit.
535 1334 613 1367 Quod
640 1341 705 1362 vero
730 1334 875 1367 llebraice,
900 1333 1021 1360 divinam

229 1379 304 1406 illam
315 1380 513 1407 abstrusiorem
526 1380 691 1413 doctrinam,
704 1379 778 1414 quod
790 1379 855 1407 olim
871 1379 959 1414 palam
972 1379 1023 1406 lle-

230 1423 366 1452 braaorum
398 1425 518 1459 populus
546 1425 618 1452 avita
640 1425 743 1460 pietate
761 1425 808 1451 Dei
833 1424 925 1451 cultor
940 1423 1024 1451 exsti-

229 1468 304 1496 terit.

266 1514 310 1542 97.
322 1515 419 1549 Opera:
433 1515 553 1550 pretium
565 1521 618 1547 est,
634 1520 665 1543 ut
680 1516 781 1543 nedum
795 1515 947 1550 corporalia
957 1516 1022 1543 vitia
1037 1530 1059 1559 ο

230 1559 400 1595 affectusque
413 1569 554 1594 necemus,
566 1569 661 1589 verum
673 1561 755 1588 etiam
765 1561 928 1588 libidinosas
938 1561 1023 1588 animi

231 1607 412 1642 cogitationes
430 1607 590 1642 perdamus,
608 1616 658 1643 pro
678 1608 752 1635 illius
768 1608 856 1635 sancti
871 1615 959 1639 more,
976 1608 1023 1644 qui

231 1653 269 1681 ait
286 1662 293 1680 :
313 1654 347 1680 In
380 1654 510 1680 matutino
544 1654 737 1688 interﬁciebam
769 1662 858 1681 omnes
875 1658 1024 1689 peccatores

232 1705 319 1732 terra},
338 1704 366 1726 ut
378 1701 556 1735 disperderem
567 1701 599 1728 de
616 1702 722 1728 ciuitate
739 1701 845 1727 Domini
861 1708 949 1727 omnes
965 1708 1026 1735 ope-

232 1751 322 1773 tmtles
348 1747 565 1783 iniquitatem";
592 1751 649 1774 tum
681 1748 788 1775 scilicet
803 1747 930 1783 corporis
946 1747 1023 1779 vitia,

232 1796 289 1818 tum
306 1792 400 1827 inique
418 1797 531 1828 agentes
548 1793 634 1820 animi
649 1794 844 1829 cogitationes.

267 1883 311 1910 98.
329 1883 381 1916 Qui
398 1884 470 1911 viam
486 1884 632 1916 virtutum,
652 1886 721 1912 nihil
739 1886 765 1912 in
787 1886 947 1913 alterutram
960 1893 1024 1920 par—

233 1933 286 1956 tem
312 1930 496 1961 declinando.
522 1932 567 1966 pia
587 1937 718 1968 rectaque
735 1932 814 1969 511
842 1932 958 1960 scientia
978 1939 1025 1960 c0-

232 1975 309 2008 Inite,
334 1977 444 2004 illaesam
464 1977 655 2013 integramque
676 1978 846 2010 servaverit,
862 1978 910 2005 Dei
937 1977 971 2005 ad
996 1985 1024 2006 se

231 2021 379 2049 adventum
393 2023 650 2058 imperturbationis
662 2025 802 2059 animique
818 2023 1026 2059 tranquillitatis

232 2075 348 2096 munere
361 2069 504 2105 intelliget.
524 2070 570 2098 Ait
588 2071 662 2098 enim
676 2079 682 2097 :
696 2070 818 2097 Psallam
835 2075 859 2096 ll
873 2070 1024 2106 intr/ligant

231 2113 258 2140 in
275 2115 316 2143 via
329 2115 517 2148 immaculata,
535 2117 640 2151 quando
656 2117 740 2143 venies
753 2116 787 2143 ad
799 2124 839 2143 mc
853 2116 886 2142 θ’.
898 2116 1024 2143 Psalmus

231 2159 303 2186 cnim
330 2160 481 2188 studiosam
500 2169 588 2197 exque
613 2161 725 2189 virtutis
750 2161 858 2189 ratione
884 2162 1023 2189 actionem

1106 739 1163 774 ιτς-Ζ
1192 741 1225 770 Ἥ
1247 741 1277 767 ὲν
1294 741 1333 777 τῷ
1347 742 1429 777 τίτλιρ
1448 739 1597 776 προγραφὴ
1610 739 1660 774 τῆς
1673 737 1720 766 τοῦ
1740 737 1870 772 Σωτῆρος

1070 785 1171 818 αἰτίας,
1185 788 1340 822 πρακτικῆς
1355 787 1403 814 καὶ
1418 787 1537 822 φυσικῆς
1550 786 1598 813 καὶ
1613 783 1775 819 θεολογικῆς
1790 782 1869 819 φιλο·

1073 833 1167 866 σοφίας
1192 833 1256 860 ὂντα
1286 833 1406 863 Βασιλέα
1429 833 1474 860 τὺν
1497 831 1692 868 σταυρωθέντα
1709 829 1803 864 σαφῶς
1820 828 1869 855 καὶ

1072 879 1175 914 Κύριον
1193 879 1288 912 ἔδειξε.
1319 880 1471 914 Ῥωμαϊστὶ
1490 879 1556 915 γὰρ,
1576 878 1623 905 καὶ
1643 877 1806 912 Ἑλληνιστὶ,
1820 876 1870 903 καὶ

1078 925 1216 961 Ἐὁραῖστί
1232 934 1315 960 φησιν
1336 925 1545 960 ἀναγεγράφθαι
1571 924 1603 951 τὸ
1621 923 1722 957 λόγιον.
1748 921 1812 950 Νοῶ
1828 921 1867 953 δὲ,

1071 971 1115 1000 διὰ
1146 972 1195 1007 μὲν
1223 972 1270 998 τοῦ
1295 971 1460 1007 Ῥωμαϊστὶ,
1489 971 1539 1006 τὴν
1562 970 1730 1006 πρακτικήν·
1756 968 1795 1000 ὡς
1817 967 1869 1002 τῆς

1077 1017 1222 1054 Ῥωμαίων
1246 1018 1386 1054 βασιλείας
1413 1017 1484 1046 κατὰ
1508 1018 1554 1046 τὸν
1587 1016 1688 1052 Δανιὴλ
1711 1013 1869 1050 ὁρισθείσης

1072 1060 1141 1090 εἶναι
1159 1064 1252 1091 πασῶν
1269 1064 1472 1099 ἀνδρικωτέρας
1495 1063 1549 1090 τῶν
1570 1063 1617 1089 ἐπὶ
1637 1062 1690 1097 γῆς
1708 1059 1866 1096 βασιλειῶν·

1072 1109 1228 1143 πρακτικῆς
1251 1108 1280 1135 δὲ
1302 1108 1380 1139 ἴδιον,
1404 1108 1484 1142 εἴπερ
1501 1115 1528 1134 τι
1543 1106 1619 1138 ἄλλο,
1633 1107 1649 1140 ὴ
1673 1105 1798 1140 ἀνδρεία.
1815 1102 1869 1129 Διὰ

1072 1153 1100 1180 δὲ
1114 1154 1161 1180 τοῦ
1181 1153 1345 1190 Ἑλληνιστὶ,
1359 1153 1408 1189 τὴν
1421 1153 1540 1187 φυσικὴν
1563 1151 1692 1187 θεωρίαν·
1713 1150 1751 1181 ὡς
1767 1148 1869 1184 μᾶλλον

1072 1199 1119 1228 τοῦ
1143 1199 1280 1234 Ἑλλήνων
1293 1199 1388 1232 ἔθνους
1399 1199 1476 1234 παρὰ
1488 1199 1552 1230 τοὺς
1564 1198 1677 1229 λοιποὺς
1693 1195 1868 1231 ἀνθρώπους,

1072 1248 1106 1282 τῇ
1144 1247 1246 1282 φυσικῇ
1282 1247 1465 1282 σχολάσαντος
1496 1244 1652 1279 φιλοσοφίᾳ.
1686 1242 1736 1269 Διὰ
1764 1241 1793 1268 δὲ
1817 1240 1869 1267 τοῦ

1079 1283 1231 1324 Ἐϐραϊστὶ,
1251 1290 1301 1325 τὴν
1330 1289 1490 1325 θεολογικὴν
1519 1287 1731 1324 μυσταγωγίαν·
1758 1285 1796 1317 ὡς
1818 1285 1869 1312 τοῦ

1074 1335 1168 1367 ἔθνους
1191 1335 1287 1361 τούτου
1322 1335 1465 1370 προδήλως
1492 1332 1624 1360 ἀνέκαθεν
1654 1331 1694 1368 τῷ
1717 1330 1777 1367 Θεῷ
1803 1331 1870 1361 τοὺς

1074 1382 1196 1417 πατέρας
1208 1382 1396 1413 ἀνατεθέντος.

1111 1516 1163 1548 ιιςι.
1191 1515 1238 1541 Δεῖ
1257 1515 1295 1549 μὴ
1313 1513 1393 1550 μόνον
1407 1514 1482 1550 ἡμᾶς
1502 1511 1572 1541 εἶναι
1591 1512 1686 1543 παθῶν
1702 1510 1870 1547 σωματικῶν

1077 1559 1220 1595 φονευτάς,
1240 1559 1308 1589 ἀλλὰ
1325 1559 1372 1588 καὶ
1392 1559 1445 1589 τῶν
1458 1559 1530 1586 κατὰ
1541 1559 1630 1595 ψυχὴν
1643 1557 1774 1593 ἐμπαθῶν
1792 1556 1870 1591 λογι-

1077 1605 1154 1640 σμῶν
1169 1605 1314 1641 ὀλετῆρας,
1328 1605 1401 1632 κατὰ
1419 1606 1466 1632 τὸν
1488 1605 1602 1640 λέγοντα
1621 1605 1708 1639 ἂγιον·
1735 1604 1788 1636 Εις
1813 1602 1871 1635 τὰς

1077 1651 1189 1685 πρωΐας
1207 1651 1375 1679 ἀπέκτενον
1390 1652 1506 1685 πάντας
1518 1651 1589 1684 τοὺς
1603 1649 1800 1685 ἁμαρτωλοὺς
1813 1648 1871 1682 τῆς

1076 1697 1142 1733 Τῆς·
1158 1697 1212 1726 τοῦ
1225 1697 1439 1732 ἐξολοθρεῦσαι
1452 1698 1486 1725 ἐκ
1498 1698 1612 1731 πόλεως
1627 1697 1739 1730 Κυρίου
1753 1694 1872 1727 πάντας

1076 1744 1147 1776 τοὺς
1161 1742 1376 1779 ἐργαζομένους
1392 1743 1449 1777 τὴν
1467 1743 1605 1778 ἀνομίαν·
1619 1741 1755 1772 τουτέστι,
1774 1739 1808 1767 τὰ
1819 1740 1870 1767 τοῦ

1077 1789 1203 1825 σώματος
1220 1790 1305 1825 πάθη,
1328 1790 1375 1816 καὶ
1392 1790 1440 1825 τῆς
1459 1789 1548 1825 ψυχῆς
1562 1789 1625 1820 τοὺς
1640 1787 1807 1822 ἁνομοῦντας
1826 1786 1870 1813 λο-

1076 1836 1204 1871 γισμούς.

1112 1882 1167 1918 ῌί.
1189 1883 1218 1910 '0
1229 1883 1278 1919 τὴν
1296 1882 1354 1910 ὁδον
1369 1883 1423 1909 τῶν
1442 1881 1549 1917 ἀρετῶν
1575 1881 1660 1917 χωρὶς
1675 1880 1724 1915 τῆς
1740 1879 1783 1915 ἐφ’
1803 1879 1870 1906 ἐκά-

1076 1939 1144 1966 τερα
1161 1930 1249 1966 ῥοπῆς
1269 1930 1330 1965 μετ’
1346 1929 1476 1961 εὐσεϐοῦς
1501 1929 1547 1956 καὶ
1561 1928 1645 1964 ὀρθῆς
1659 1926 1787 1961 γνώσεως
1804 1933 1870 1952 συν-

1076 1977 1200 2012 τηρήσας
1217 1976 1369 2011 ἀλώὄητον,
1393 1969 1501 2003 εἴσεται
1512 1975 1561 2010 τὴν
1580 1974 1726 2009 γινομένην
1741 1973 1809 2008 πρὸς
1821 1972 1870 1998 αὖ·

1075 2025 1123 2051 τὸν
1139 2024 1186 2052 τοῦ
1207 2024 1274 2051 Θεοῦ
1297 2025 1343 2051 διὰ
1357 2025 1407 2061 τῆς
1432 2023 1567 2054 ἀπαθείας
1592 2020 1755 2057 παρουσίαν.
1779 2019 1872 2050 Tali?»

1076 2070 1141 2105 γὰρ,
1164 2071 1214 2097 καὶ
1244 2070 1371 2105 συνήσω
1394 2070 1430 2096 ὲν
1450 2068 1509 2101 ὀδῷ
1533 2067 1661 2102 ἀμώμῳ,
1687 2066 1760 2092 πότε
1788 2064 1872 2100 ἣξεις

1076 2117 1151 2150 πρός
1170 2125 1219 2151 με.
1242 2117 1272 2144 Ὀ
1288 2116 1343 2152 γὰρ
1364 2115 1470 2150 ψαλμδς
1491 2114 1541 2151 τὴν
1564 2113 1692 2148 ἐνάρετον
1710 2111 1811 2146 πρᾶξιν
1824 2111 1872 2147 δη-

1076 2161 1127 2189 λοίι
1146 2163 1163 2196 ἠ
1182 2162 1211 2188 δὲ
1229 2161 1347 2192 σύνεσις,
1362 2161 1412 2196 τὴν
1429 2161 1472 2187 ἐπ’
1484 2161 1568 2195 ἀρετῇ
1585 2157 1740 2193 γνωστικὴν
1759 2158 1872 2192 ἐπιστή-

231 2206 382 2241 signiﬁcat;
399 2207 580 2243 intelligentia
595 2216 672 2242 vero,
689 2217 750 2244 quxc
765 2217 779 2236 a
794 2209 898 2237 virtute
913 2209 1023 2237 accedit

1078 2216 1142 2243 μην·
1161 2207 1222 2235 καθ’
1235 2208 1269 2243 ἦν
1287 2208 1337 2243 τῆς
1352 2207 1428 2239 θείας
1445 2206 1603 2234 αἰσθάνεται
1619 2204 1782 2240 παρουσίας,
1803 2204 1818 2230 ό
1836 2203 1871 2230 δι’

232 2252 373 2286 sapientia:
388 2252 473 2280 radiis
486 2253 619 2281 nitentem
639 2254 801 2282 scientiam:
818 2262 871 2289 qua
896 2253 1021 2281 divinum

233 2299 407 2333 perscntiseit
421 2300 585 2334 adventum,
603 2301 650 2336 qui
666 2301 800 2328 virtutum
814 2301 890 2328 cultu
906 2300 1023 2336 pervigil

233 2353 265 2378 ac
283 2350 411 2373 ειι-οτιιιιιδ
425 2347 570 2374 Dominum
587 2354 669 2375 suum
680 2351 830 2381 exspectat.

268 2402 312 2429 99.
330 2402 406 2430 liaud
423 2411 470 2437 par
485 2408 545 2436 cst,
560 2408 590 2431 ut
603 2404 649 2438 qui
666 2404 787 2432 novitius
808 2412 840 2432 ac
856 2404 908 2432 tiro
921 2404 954 2433 ad
968 2405 1025 2440 pie-

234 2453 318 2477 tatem
336 2449 487 2482 inducitur,
502 2450 560 2478 sola
573 2450 696 2478 bonitate
709 2451 742 2478 ad
758 2451 887 2480 mandata
904 2456 966 2479 actu
979 2459 1028 2479 ex-

234 2495 375 2530 sequenda
383 2496 515 2529 ducatur;
533 2495 581 2524 sed
599 2501 629 2524 ut
643 2497 727 2525 etiam
740 2497 897 2525 divinorum
907 2497 1027 2533 judicio-

236 2550 296 2569 rum
310 2550 426 2574 memor,
455 2543 596 2570 severiore
617 2543 694 2571 cultu
709 2551 741 2571 ac
757 2543 918 2579 disciplina,
933 2548 1027 2571 certa-

235 2588 309 2614 mine
324 2588 451 2616 crebrius
465 2588 631 2624 defungatur
650 2597 658 2621 ;
687 2593 717 2616 ut
730 2589 833 2617 nedum
849 2589 941 2617 divina
954 2589 1027 2617 desi-

234 2634 313 2661 derio
328 2638 412 2667 amet,
427 2634 476 2661 sed
490 2638 519 2662 et
540 2639 615 2662 metu
630 2643 645 2662 a
661 2634 737 2663 vitiis
755 2639 907 2670 temperet:
920 2635 1027 2663 Miseri—

234 2680 352 2707 cordiam
362 2681 430 2707 cm'm
442 2685 467 2707 et
480 2681 611 2715 judicium
626 2682 739 2709 cantabo
759 2682 815 2713 tibi,
831 2682 981 2714 Domine”;
997 2686 1027 2709 ut

234 2732 327 2752 amore
341 2725 464 2759 gaudens
480 2726 565 2753 Deum
584 2727 750 2761 alloquatur,
761 2731 789 2754 et
812 2727 845 2754 ad
861 2727 951 2754 laudis
960 2735 1025 2754 can-

236 2771 321 2802 ticum
339 2771 437 2799 timore
449 2772 566 2799 duratus
581 2772 740 2800 contendat.

272 2816 332 2843 ίθθ.
349 2817 400 2850 Qui
416 2817 527 2845 virtutis
547 2826 579 2845 ac
594 2818 716 2845 scientize
732 2819 807 2846 cuitu
822 2826 922 2853 corpus
933 2818 1026 2845 animo

276 2894 298 2913 Ψ
310 2894 388 2927 3pm,.
410 2903 465 2929 xix,
484 2897 528 2923 20.
567 2897 589 2911 ⁵⁸
605 2897 670 2923 Dan.
690 2905 746 2928 nu,
767 2897 791 2923 ὅ.
831 2897 850 2911 ετ
868 2897 938 2924 Psal.
957 2905 981 2928 ε,
1001 2897 1025 2924 S.

1075 2254 1229 2289 ἀγρυπνίας
1247 2254 1301 2281 τῶν
1327 2253 1432 2289 ἀρετῶν
1455 2251 1674 2288 προσδεχόμενος
1697 2250 1744 2278 τὸν
1769 2250 1872 2286 Κύριον

1074 2309 1167 2328 aurai).

1112 2401 1164 2436 ιιθκ
1182 2402 1219 2429 Οὐ
1232 2402 1273 2429 δεῖ
1289 2401 1335 2428 τδν
1349 2398 1528 2434 εἰσαγόμενον
1541 2399 1581 2430 είς
1596 2398 1746 2428 εὕσέεειαν,
1764 2397 1810 2424 διὰ
1825 2397 1869 2433 μό-

1077 2458 1125 2484 νης
1140 2448 1258 2483 ἄγεσθαι
1276 2447 1460 2483 χρηστότητος
1485 2445 1552 2481 πρὸς
1567 2445 1616 2479 τὴν
1642 2444 1741 2479 πρᾶξιν
1755 2443 1812 2470 τῶν
1830 2445 1873 2470 ὲν-

1077 2494 1172 2527 τολῶν,
1185 2494 1255 2521 ἀλλὰ
1273 2493 1326 2528 μὴν
1344 2492 1393 2519 καὶ
1417 2493 1450 2528 τῇ
1476 2493 1573 2528 μνήμῃ
1590 2490 1644 2517 τῶν
1664 2490 1746 2516 θείων
1760 2489 1874 2516 δικαιω-

1078 2542 1183 2576 μάτων,
1205 2540 1240 2567 Bt‘
1257 2538 1411 2574 ἁποτομίας
1436 2537 1602 2572 συχνότερον
1627 2535 1709 2564 αὑτὸν
1730 2535 1872 2568 ἀγωνίσα-

1078 2588 1149 2613 σθαι·
1164 2585 1207 2621 ἐφ’
1216 2582 1239 2620 ᾧ
1253 2585 1289 2621 μὴ
1305 2585 1385 2620 μόνον
1397 2583 1472 2618 πόθῳ
1485 2582 1539 2609 τῶν
1553 2582 1634 2608 θείων
1650 2581 1726 2616 ἐρᾷν,
1742 2579 1812 2606 ἀλλὰ
1826 2580 1875 2607 καὶ

1080 2633 1157 2667 φὺὗῳ
1183 2631 1233 2666 τῆς
1256 2631 1356 2661 κακίας
1373 2629 1534 2665 ἀπέχεσθαι·
1552 2629 1658 2655 Ἕλεον
1672 2627 1728 2661 γὰρ
1747 2627 1797 2653 καὶ
1809 2627 1872 2661 κρί-

1080 2688 1133 2705 σιν
1151 2678 1263 2713 ᾄσομαι
1277 2686 1336 2707 σοι,
1355 2677 1451 2710 Κύριε·
1468 2675 1513 2702 ἵνα
1533 2675 1580 2703 καὶ
1597 2673 1664 2708 αὐδῇ
1679 2673 1716 2708 τῷ
1727 2672 1787 2707 Θεῷ
1802 2672 1875 2699 κατὰ

1081 2725 1164 2752 πόθον
1191 2724 1368 2760 τερπόμενος,
1398 2723 1446 2750 καὶ
1466 2722 1563 2757 εὐτονῇ
1585 2721 1653 2756 πρὸς
1677 2720 1709 2747 τὸ
1728 2717 1818 2754 ᾆσμα,
1836 2718 1875 2754 τῷ

1081 2771 1156 2806 φόϐῳ
1178 2770 1278 2806 στομοὺ
1283 2779 1371 2805 μενος.

1118 2816 1150 2853 ρ’.
1174 2818 1203 2843 ὐ
1226 2817 1260 2843 δι’
1285 2816 1385 2851 ἀρετῆς
1410 2816 1456 2842 καὶ
1474 2814 1602 2850 γνώσεως
1625 2811 1819 2849 ἀρμισάμενος
1846 2809 1876 2836 τὺ

1065 2897 1087 2911 ⁸³
1104 2896 1170 2930 ibid.
1186 2896 1212 2923 Ξ.
1252 2895 1273 2911 ’θ
1289 2895 1354 2929 ibid.
1372 2896 1394 2922 t.
