1951 3076
112 198 182 230 H73
535 201 703 233 CAPITUM
721 200 857 232 THEOL.
877 199 924 230 ET
945 199 1062 229 (ECON.
1081 200 1275 230 CENTURIA
1301 199 1339 229 Π.
1680 200 1756 233 ῙῙῊ.

109 254 192 291 σῶμα
204 254 271 290 πρὸς
288 255 336 291 τὴν
351 255 450 291 ψυχὴν,
467 255 562 290 γέγονε
577 257 678 292 κιθάρα
695 255 763 282 Θεοῦ
785 254 832 282 καὶ
851 255 897 281 αὑ.

956 254 1086 282 eoncinue
1099 255 1215 289 aptavit,
1228 255 1277 282 Dei
1298 254 1406 282 cithara
1419 255 1542 290 tibiaque
1557 263 1589 283 ac
1614 256 1746 291 templum

106 302 155 334 λὸς
178 303 225 328 καὶ
238 302 309 333 ναός.
332 302 440 339 Κιθάρα
463 303 523 338 μὲν,
539 303 576 335 ὡς
599 303 690 334 καλῶς
715 302 838 338 φυλάξας
852 301 897 336 τὴν

956 300 1050 327 evasit.
1066 299 1179 328 Cithara
1192 300 1315 336 quidem,
1335 305 1365 328 ut
1384 301 1430 336 qui
1448 301 1560 328 virtutis
1580 307 1745 330 concentum
1769 320 1774 342 ι

106 348 165 374 τῶν
178 348 283 383 ἀρετῶν
305 348 449 384 ἁρμονίαν·
466 348 546 380 αὐλὸς
568 349 606 380 δὲ,
629 349 666 379 ὼς
686 348 731 375 διὰ
749 347 803 374 τῶν
821 346 901 373 θεὶων

107 394 297 430 θεωρημάτων
323 395 511 430 εἰσδεχόμενος
536 395 584 430 τὴν
610 394 657 421 τοῦ
677 394 835 428 Πνεὺματος
850 392 900 426 ἐμ-

108 448 232 466 πνευσιν·
246 441 309 472 ναὸς
323 441 361 473 δὲ,
372 441 410 472 ὡς
429 441 472 468 διὰ
486 442 536 476 τὴν
551 441 622 466 κατὰ
637 440 698 467 νοῦν
716 439 899 474 καθαρότητα,

107 484 156 510 τοῦ
177 485 264 520 Λόγου
277 486 396 521 γεγονὼς
409 487 630 522 κατοικητήριον.

295 597 539 624 ΑΝΕΠΙΓΡΛΦΟΥ
563 597 717 624 ΣΧΟΛῘΑ⁸.

141 641 178 668 α’.
197 642 254 677 Οὐχ
267 642 305 674 ὡς
326 643 564 677 ὲπιτυγχανὸντων
580 642 660 669 τινῶν
684 641 739 668 τῶν
758 640 826 676 πρὸς
843 639 902 665 eai-

104 687 190 719 δειξιν
216 688 380 722 ἐφιεμένων,
397 689 411 714 ὁ
432 688 521 722 λόγος,
535 687 592 714 ἀλλ’
604 687 642 718 ὡς
657 686 764 717 πάντως
780 685 902 718 ἀποτυγ-

107 734 254 768 χανόντων.
268 734 317 760 Διὰ
333 734 360 760 δὲ
372 733 430 765 τοῦ,
441 735 498 760 Ἔν
508 743 565 760 τινι
576 733 635 760 τῶν
645 734 761 767 ὁμόρων
773 731 903 767 ποιείτωι

107 780 154 806 καὶ
167 780 202 806 τὰ
217 779 290 814 ἑξῆς,
308 780 448 815 σημαίνει,
465 779 496 806 τὸ
515 779 552 814 μὴ
568 777 743 812 ἐπιγίνεσθαί
766 786 818 803 τινι
834 776 901 810 γνῶ-

106 834 150 852 σιν
166 825 214 861 τὴν
234 826 331 861 ἀληθῆ,
348 827 373 853 εὶ
388 827 426 862 μὴ
444 826 488 852 διὰ
504 826 594 852 πόνων
610 824 788 860 σωματικῶν,
804 824 900 859 ἤγουν,

105 871 141 898 δι’
157 872 324 907 ἐγκρατείας
348 873 396 899 καὶ
423 873 544 907 ἀγάπης,
572 871 606 898 δι’
622 869 659 898 ὢν
681 872 698 906 ἡ
717 870 852 905 κάθαρσις
866 870 899 904 τῇ

104 917 179 953 ψυχῇ
190 926 197 933 ·
214 919 359 952 Μακάριοι
374 918 443 953 γὰρ,
462 919 562 953 φησὶν,
575 920 602 945 et
616 917 738 952 καθαροὶ
757 916 814 950 τὴν
828 923 899 949 καρ-

104 963 186 996 δίαν,
205 964 250 991 ὅτι
265 965 351 992 αὐτοὶ
370 965 424 991 τὸν
439 965 514 991 Θεὸν
528 965 666 999 ὄψονται.

143 1052 177 1088 β’.
192 1053 302 1087 Τούτοις
319 1054 436 1090 μάλιστα
453 1055 630 1091 ἐλεγχόμεθα.
649 1055 700 1090 τὴν
715 1055 899 1090 φιλαργυρίαν

105 1100 260 1133 νοσοῦντες,
276 1102 323 1127 καὶ
337 1101 376 1136 τῷ
394 1102 513 1136 μαμωνᾷ
526 1100 721 1132 καταθύοντες.

141 1148 177 1179 γ’.
196 1146 252 1173 Καὶ
270 1145 357 1173 ταῦτα
379 1147 450 1173 κατᾶ
474 1147 528 1174 τῶν
549 1146 742 1182 Εἰκονομάχων
756 1146 898 1182 ἄντικρυς.

107 1192 179 1226 Ὅρα
193 1192 222 1218 δὲ
238 1193 278 1218 ὅτι
295 1193 396 1226 γνῶσις
409 1193 426 1228 ἡ
448 1192 566 1219 ἐνταῦθα
582 1193 691 1227 λέγεται
710 1194 820 1229 μερική·
839 1194 856 1228 ἡ
871 1193 898 1219 δὲ

105 1237 153 1264 τοῦ
168 1237 236 1264 Θεοῦ
253 1238 343 1272 σοφία,
364 1239 413 1274 ὅλη
432 1239 461 1266 ἐν
478 1238 517 1274 τῷ
532 1239 627 1275 κόσμῳ
642 1239 713 1272 ἐστὶ,
724 1239 786 1266 καθ’
802 1239 817 1265 ὃ
831 1239 898 1266 Θεο-

105 1284 184 1318 ὶόγος
209 1283 307 1318 φησίν·
332 1285 383 1311 Ἐν
402 1284 442 1317 τῷ
459 1285 563 1319 κόσμῳ
582 1285 635 1320 γὰρ
654 1283 703 1320 ἦν,
719 1285 769 1312 καὶ
783 1286 899 1319 κόσμος

105 1328 143 1355 δι’
159 1329 255 1356 αὐτοῦ
275 1329 404 1364 ἐγένετο.

140 1373 173 1401 δ’.
191 1375 252 1401 Ἔτι
267 1376 314 1401 καὶ
336 1375 415 1410 ἡμῶν
431 1375 547 1408 ἕκαστος
567 1377 624 1408 τοῖς
644 1376 786 1412 αἰσθητοῖς
814 1385 899 1412 προσ.

105 1420 236 1456 κείμενος
280 1420 309 1453 ἐξ
356 1421 467 1455 ἀγνοίας
487 1442 494 1454 ,
536 1423 582 1448 τὴν
620 1422 748 1458 Καίσαρα
786 1422 899 1458 βασιλέα

105 1457 308 1502 ἐπιγράφεται·
334 1468 380 1493 καὶ
408 1467 446 1502 τῷ
471 1467 593 1503 Πιλάτῳ,
619 1470 651 1504 τῇ
679 1469 813 1504 αἰσθήσει.
831 1477 898 1504 προ-

104 1512 198 1540 δίδωσι
214 1513 258 1539 τὸν
275 1513 361 1547 Λόγον
379 1516 417 1545 εις
435 1513 560 1541 θάνατον.
577 1515 689 1546 Πάντως
701 1515 730 1542 δὲ
747 1516 815 1550 μετὰ
830 1517 898 1543 Καί-

105 1566 188 1593 σαρος
217 1559 264 1585 καὶ
283 1558 321 1593 τῷ
341 1558 446 1594 Ἡρώδῃ
480 1559 633 1592 ὑπόκειται,
651 1561 665 1587 ὀ
682 1561 740 1587 κατ’
756 1561 896 1596 ἐνέργειαν
909 1575 933 1605 C

105 1605 286 1639 ἁμαρτάνων,
299 1605 346 1631 καὶ
360 1605 389 1631 ἐν
404 1604 460 1638 ἕξει
480 1606 626 1640 γενόμενος
644 1606 692 1633 τοῦ
714 1607 809 1635 κακοῦ.
829 1608 896 1635 Ἰου-

104 1650 178 1681 δαῖός
198 1651 258 1676 ἐστι
276 1650 326 1685 τὴν
343 1650 444 1685 ἀρετὴν
464 1651 608 1686 προδιδοὺς
621 1653 653 1687 τῇ
667 1652 722 1684 ἕξει
736 1653 785 1687 τῆς
797 1653 896 1685 κακίας

106 1695 275 1731 ὑποχείριον-
290 1696 337 1722 καὶ
355 1696 405 1732 τὴν
424 1698 474 1731 μὲν
494 1697 542 1724 τοῦ
561 1697 628 1724 Θεοῦ
644 1698 783 1733 βασιλείαν
797 1700 895 1735 ἀρνού-

107 1750 200 1777 μενος,
220 1742 267 1768 τοῦ
287 1742 410 1770 διαϐόλου
428 1743 456 1769 δὲ
480 1745 512 1779 τῇ
529 1745 667 1780 τυραννίδι
685 1746 893 1780 προσκείμενος.

139 1789 172 1813 ε’.
191 1786 254 1814 ’Ότι
273 1788 306 1814 ἐκ
318 1786 375 1823 τῆς
387 1788 434 1815 τοῦ
451 1788 518 1816 Θεοῦ
530 1789 653 1823 ἀγνοίας,
669 1791 686 1825 ἡ
704 1790 834 1824 φιλαυτία
849 1790 896 1817 καὶ

104 1831 136 1858 τὸ
149 1832 375 1868 γαστρίμαργον·
398 1833 432 1860 δι’
446 1833 464 1860 ἃ
486 1833 536 1870 τὴν
553 1835 642 1869 σάρκα
668 1836 714 1862 καὶ
733 1835 779 1862 τὸν
795 1835 896 1870 κόσμον

103 1877 186 1909 εὐθὺς
199 1879 394 1914 ἠγαπήσαμενι
411 1880 458 1907 καὶ
473 1880 497 1906 εἰ
518 1880 555 1916 μὴ
567 1881 670 1908 τούτων
686 1881 738 1914 ἔξω
754 1881 896 1917 γενώμεθα

103 1923 149 1950 διὰ
163 1924 213 1958 τῆς
232 1925 301 1959 πρὸς
317 1924 384 1951 Θεὸν
405 1925 526 1960 ἀγάπης,
541 1926 591 1961 τῆς
607 1927 647 1958 εἰς
668 1926 714 1953 τὸν
728 1927 841 1961 πλησίον
852 1927 896 1953 διὰ.

102 1969 153 2004 τῆς
165 1970 287 2004 φυλακῆς
300 1969 354 1996 τῶν
365 1971 480 1997 ἐντολῶν
490 1972 702 2008 ἐνεργουμένης,
716 1972 803 2004 ἄλλως
818 1973 896 2008 ἀτρε-

103 2024 166 2042 πτοι
181 2016 271 2051 μένειν
293 2017 321 2043 ὲν
341 2016 378 2052 τῷ
397 2016 512 2052 καλᾦού
533 2018 680 2053 δυνάμεθα.

139 2065 178 2094 ς’.
198 2063 327 2098 [ligonem
348 2064 450 2095 πάντες
475 2065 500 2090 οἱ
524 2064 608 2098 ἅγιοι¹
640 2065 678 2097 ὡς
705 2065 733 2091 ὲν
753 2065 896 2101 ἐσόπτροις

103 2108 152 2134 καὶ
169 2108 314 2143 αἰνίγμασι
337 2108 482 2144 βλέποντες
503 2110 553 2146 τὴν
569 2110 707 2146 ἀλήθειαν.
725 2112 756 2138 0t
768 2111 796 2138 δὲ
817 2113 896 2139 Εἱκο‹

102 2154 220 2189 νομάχοι
244 2155 281 2189 μὴ
296 2156 513 2191 παραδεχόμενοι
543 2157 660 2184 κατιδεῖν
688 2157 718 2184 ἐν
740 2158 894 2193 ἐσόπτροις,

103 2199 263 2226 παντάπασι
279 2199 329 2235 τῆς
341 2199 469 2236 ἀληθείας
485 2201 711 2228 ἀποπεπτώκασι.

139 2288 173 2321 ζ’.
196 2289 227 2316 '0
244 2289 316 2322 Θεὸς
341 2290 416 2323 ἔστη
431 2290 467 2316 ἐν
481 2289 643 2325 συναγωγῇ
656 2289 740 2317 θεῶν.
762 2290 817 2317 Καὶ
841 2291 892 2325 ὅρα

101 2333 152 2369 τὴν
170 2333 286 2368 δύναμιν
307 2334 362 2361 τῶν
384 2335 518 2368 ἀγγέλων
544 2336 591 2362 καὶ
613 2336 654 2362 ὅτι
676 2337 689 2363 ὁ
707 2336 743 2372 μὴ
759 2337 894 2363 πιστεύων

102 2381 203 2415 χρῆναι
223 2380 292 2416 πρὸς
313 2381 364 2414 τὴν
385 2381 506 2416 κεφαλὴν
529 2381 663 2416 συνῆφθαι
687 2382 721 2409 τὰ
739 2383 818 2418 μέλη,
833 2383 895 2410 ἄπι-

104 2426 168 2457 στός
186 2427 254 2456 ἐστι.
273 2426 322 2453 καὶ
334 2426 461 2453 ἐντεῦθεν
477 2427 526 2462 ἥδη
548 2427 684 2463 κέκριται.

139 2474 174 2505 η’.
192 2471 240 2502 Τίς
253 2473 322 2498 οίκεῖ
335 2471 388 2498 τῶν
402 2473 542 2499 Χαλδαίων
558 2473 606 2507 τὴν
622 2473 683 2508 γῆν⁸
700 2473 740 2504 τίς
752 2474 800 2509 τὴν
818 2475 892 2510 Χαρ-

103 2516 155 2551 ρἀ
172 2517 223 2551 τῆς
245 2518 474 2553 Μεσοποταμίας
492 2519 539 2550 Τίς
555 2519 622 2555 πρὶς
642 2519 691 2554 τὴν
708 2520 760 2554 γῆν
776 2521 892 2555 μετάγε-

101 2570 149 2588 ται
163 2562 213 2596 τὴν
227 2563 342 2598 ἀγαθὴν,
359 2564 393 2598 ἦν
417 2563 614 2598 ἐπαγγέλλεται
628 2564 724 2591 δώσειν
743 2567 800 2597 τοῖς
821 2566 892 2600 ἀγα-

103 2607 193 2633 πῶσιν
202 2607 283 2633 αὐτὸν
295 2608 310 2634 ὁ
321 2607 387 2640 Θεός
399 2617 406 2640 ;
780 2636 784 2641 .

139 2651 174 2680 θ’.
193 2652 238 2680 Fr.
253 2654 314 2680 Ὀτι
338 2655 385 2680 καὶ
411 2655 494 2682 πάλαι
520 2655 571 2690 πρὸ
592 2656 642 2690 τῆς
667 2655 824 2691 ἐπιδημίας,
845 2657 893 2683 καὶ

103 2698 152 2726 νῦν
170 2698 239 2734 μετὰ
260 2699 309 2734 τὴν
329 2700 489 2736 ἐπιδημίαν,
512 2701 616 2737 νοητῶς
633 2702 662 2727 ὲν
679 2703 745 2737 ἡμῖν
759 2701 893 2737 ὲνδημεῖὁ

101 2745 149 2772 τοῦ
165 2745 233 2772 Θεοῦ
249 2746 351 2780 Λόγος,
374 2747 496 2782 κρυφίως
523 2747 666 2783 ἀναφέρων
690 2748 756 2779 πρὸς
771 2748 804 2774 τὰ
821 2748 891 2775 θειό-

101 2799 179 2826 τερα.

138 2867 162 2884 ’⁸
176 2867 270 2895 Matth.
287 2877 312 2899 v,
330 2870 355 2896 8.
393 2869 413 2885 ⁷¹
431 2868 508 2895 Joan.
527 2877 544 2900 l,
562 2868 601 2896 l0.
640 2870 662 2886 τ’
677 2870 748 2896 Psal.
766 2877 854 2901 Lxxxt,
874 2871 897 2898 l.

953 346 1084 380 praeclare
1106 347 1224 374 servarit
1243 355 1249 373 :
1269 347 1336 374 tibia
1351 351 1454 380 autem,
1474 351 1503 375 ut
1519 348 1566 383 qui
1587 356 1636 383 per
1653 349 1746 377 divina

953 398 1045 424 sensa,
1072 391 1193 426 Spiritus
1215 392 1242 419 iu
1257 400 1286 420 sc
1313 387 1440 420 alliatuui
1455 393 1588 428 recipiat;
1614 394 1746 429 templum

953 444 1029 468 vero,
1047 442 1076 465 ut
1091 438 1138 473 qui
1158 438 1194 465 ob
1214 439 1315 466 mentis
1335 439 1482 475 puritatem
1500 439 1582 466 Verbi
1606 440 1749 467 habitacu-

952 482 1010 510 lum
1021 483 1110 512 lactus
1125 486 1170 512 sit.

1097 594 1238 622 INCERTI
1254 594 1427 623 AUCTORlS
1448 594 1604 623 SCllOLlA.

992 640 1016 666 t.
1037 640 1097 667 Non
1121 641 1200 675 quasi
1223 641 1319 676 aliqui,
1348 649 1458 672 eorum,
1477 641 1524 676 qui
1550 641 1748 668 ostentationis

956 693 1038 714 causa
1052 691 1194 721 expetunt,
1221 691 1363 722 compotes
1390 676 1467 719 (iam,
1483 687 1520 714 ita
1545 687 1679 722 loquitur,
1698 687 1745 714 sed

956 733 1032 760 velut
1043 734 1112 761 nulli
1124 741 1239 769 prorsus
1255 734 1330 762 ﬁant.
1344 733 1467 761 Dicendo
1484 737 1587 764 autem,
1609 733 1640 761 la
1651 734 1746 760 vicinia

954 779 1072 813 quadam
1090 787 1134 806 seu
1149 779 1273 813 conﬁnio,
1298 784 1364 811 cte.,
1388 779 1535 814 signiﬁcat,
1555 779 1659 806 nemini
1680 787 1747 806 con-

955 825 1060 860 tingere
1079 831 1109 853 ut
1133 833 1226 853 veram
1251 825 1378 860 acquirat
1393 825 1551 857 scientiam,
1569 825 1636 860 quin
1648 833 1747 860 corpo-

952 871 1057 898 ralibus
1074 871 1215 898 laboribus
1237 870 1425 907 (continentia
1442 871 1550 898 scilicet
1560 875 1588 898 et
1599 871 1744 903 cliaritatc,

917 906 938 934 Β
951 918 1054 953 quibus
1068 918 1236 945 emundatur
1257 917 1377 952 animus)
1400 916 1538 952 fungatur.
1556 917 1633 944 Beati
1650 918 1723 944 cnim
1736 938 1743 949 ,

951 964 1059 999 inquit,
1080 964 1179 991 mundo
1213 963 1310 995 corde,
1335 963 1463 998 quoniam
1489 963 1539 997 ipsi
1567 962 1651 989 Deum
1672 963 1744 989 eide-

951 1010 1014 1037 bunt
1028 1011 1060 1036 7°.

983 1056 1010 1083 .‘l.
1026 1056 1073 1084 His
1099 1057 1217 1083 maxime
1238 1051 1440 1087 convincimur,
1461 1055 1590 1082 laborare
1608 1062 1660 1081 nos
1680 1061 1740 1080 ava-

949 1102 1020 1130 ritiae
1037 1102 1143 1134 morbo,
1158 1110 1188 1130 ac
1200 1109 1362 1130 mammonze
1373 1101 1539 1129 sacriﬁcare.

983 1147 1010 1173 5.
1026 1147 1089 1174 11ωο
1101 1155 1212 1182 quoque
1227 1147 1317 1183 palam
1340 1151 1437 1174 contra
1462 1145 1672 1173 lconomachos.
1687 1145 1742 1172 0b—

950 1199 1028 1219 serva
1045 1196 1148 1219 autem.
1161 1200 1222 1227 qua:
1234 1192 1315 1227 hujus
1325 1192 1376 1219 :evi
1390 1196 1442 1223 est,
1458 1191 1613 1223 scientiam,
1629 1195 1743 1225 exparte

949 1237 1004 1265 dici
1016 1247 1021 1264 :
1036 1237 1083 1265 Dei
1098 1243 1190 1265 autem
1203 1235 1350 1272 sapientia,
1363 1241 1419 1265 tota
1432 1237 1459 1264 in
1469 1237 1572 1264 mundo
1580 1241 1633 1268 est,
1647 1244 1743 1271 quem-

949 1283 1097 1311 admodum
1113 1277 1181 1311 dieit
1196 1284 1352 1319 Theologus
1366 1292 1371 1310 :
1385 1283 1418 1310 In
1431 1283 1529 1310 mundo
1544 1282 1619 1310 enim
1637 1286 1705 1314 erat,
1718 1286 1742 1309 et

950 1329 1062 1356 mundus
1074 1337 1121 1364 per
1131 1330 1217 1364 ipsum
1233 1329 1320 1363 [actus
1335 1332 1374 1356 est
1386 1329 1419 1355 ⁷¹.

983 1376 1011 1402 4.
1030 1375 1129 1402 Adhuc
1151 1375 1235 1402 etiam
1255 1374 1373 1410 quisque
1391 1378 1518 1402 nostrum
1537 1382 1571 1402 ex
1585 1374 1741 1410 ignorantia

948 1421 1065 1448 terrenis
1081 1420 1232 1453 addicitur,
1250 1420 1385 1448 (Ζῶσαι-(ειη
1403 1421 1456 1448 sibi
1471 1429 1563 1456 regem
1575 1421 1697 1452 asciscit,
1709 1429 1742 1448 ac

948 1467 1036 1494 Pilato
1051 1467 1155 1501 (idest,
1179 1466 1283 1501 sensui)
1310 1466 1471 1494 Sermonem
1495 1467 1556 1494 neci
1577 1466 1740 1494 tradendum

948 1513 1050 1548 prodit.
1068 1513 1185 1540 Prorsus
1207 1521 1284 1544 vero,
1309 1519 1372 1539 cum
1396 1512 1508 1540 Cmsare
1529 1513 1614 1540 etiam
1636 1512 1738 1539 llcrodi

949 1560 1089 1596 subjectus
1107 1564 1160 1592 est,
1176 1560 1223 1596 qui
1247 1567 1331 1596 opere
1356 1564 1453 1594 peccat
1473 1564 1502 1587 et
1517 1559 1544 1586 in
1558 1559 1622 1586 mali
1645 1558 1739 1586 habitu

947 1611 1086 1634 versatur.
1108 1607 1220 1634 Judzeus
1245 1611 1300 1638 est,
1325 1607 1373 1641 qui
1393 1607 1525 1634 virtutem
1554 1605 1661 1633 habitui
1682 1605 1741 1632 vitii

947 1652 1130 1686 mancipatam
1145 1652 1256 1687 prodit;
1273 1652 1320 1679 Dei
1334 1652 1445 1687 quidem
1461 1652 1600 1688 abnegans
1614 1660 1739 1687 regnum,

947 1698 1050 1725 diaboli
1066 1706 1132 1726 vero
1150 1698 1305 1733 tyrannidis
1317 1698 1434 1725 devotus
1452 1699 1552 1737 cultor.

983 1788 1008 1815 5.
1028 1787 1066 1814 Ex
1090 1787 1138 1814 Dei
1164 1787 1319 1822 ignorantia
1345 1787 1475 1822 provenit
1497 1795 1585 1815 crocus
1613 1788 1741 1823 corporis

947 1841 1024 1860 amor
1037 1837 1065 1860 et
1082 1833 1162 1868 gula;
1178 1841 1297 1868 quorum
1313 1834 1401 1868 gratia
1421 1834 1514 1861 statim
1529 1841 1641 1862 carnem
1658 1842 1739 1863 mun-

947 1880 1068 1915 dumque
1087 1880 1244 1908 dileximus.
1272 1880 1311 1907 Ac
1334 1880 1385 1908 nisi
1399 1881 1446 1908 Dei
1470 1881 1606 1908 charilatc
1620 1881 1675 1908 illis
1694 1889 1741 1908 ex-

947 1926 1126 1958 cesserimus,
1141 1934 1202 1960 quze
1215 1925 1345 1953 videlicet
1357 1926 1415 1960 ipsa
1430 1925 1625 1953 mandatorum
1641 1925 1739 1953 obser-

947 1972 1057 1999 vatione
1072 1979 1136 2006 erga
1156 1972 1311 2005 proximum
1329 1971 1423 1999 ellieax
1439 1972 1486 2003 sit,
1503 1975 1532 1998 ut
1555 1971 1582 1998 in
1597 1971 1670 1998 bono
1690 1972 1739 1999 im-

946 2018 1063 2045 mobiles
1077 2018 1269 2053 persistamus,
1287 2017 1500 2052 haudquaquam
1517 2017 1574 2045 ﬁeri
1588 2018 1685 2052 possit.

982 2064 1062 2100 512
1072 2065 1098 2091 6.
1110 2063 1305 2091 Sanctiomnes
1316 2064 1412 2091 incolae
1425 2068 1525 2091 suntet
1534 2065 1685 2099 peregrini,
1710 2068 1736 2091 ul

946 2111 993 2146 qui
1008 2111 1151 2137 veritatem
1162 2110 1190 2137 in
1205 2110 1326 2145 speculis
1343 2109 1454 2136 videant
1464 2113 1492 2137 et
1506 2110 1659 2145 aenigmatis
1677 2109 1735 2145 (ob-

946 2156 1036 2183 scuris
1046 2156 1150 2183 scilicet
1161 2155 1470 2191 rcprmsentationilms).
1479 2156 1736 2189 lconomachivero,

946 2201 993 2235 qui
1019 2209 1074 2228 non
1090 2201 1246 2228 sustineant
1264 2201 1291 2228 in
1319 2202 1438 2237 speculis
1459 2201 1564 2234 videre,
1583 2210 1598 2228 a
1621 2201 1738 2230 veritate

913 2246 934 2273 D
949 2254 1062 2282 prorsus
1072 2247 1244 2274 exciderunt.

984 2294 1010 2320 7.
1024 2293 1092 2320 Deus
1111 2294 1183 2320 stetit
1205 2294 1231 2320 in
1245 2302 1381 2328 synagoga
1393 2294 1538 2320 deorum".
1554 2295 1591 2322 Ac
1608 2295 1670 2322 vide
1683 2302 1735 2322 an~

947 2338 1071 2374 gelorum
1093 2338 1260 2373 potentiam;
1279 2338 1418 2373 itemque,
1438 2339 1485 2374 qui
1501 2348 1555 2366 non
1579 2340 1668 2367 credit
1687 2347 1736 2367 ne-

947 2392 1023 2412 cesse
1043 2392 1103 2411 csse
1130 2388 1159 2410 ut
1184 2383 1307 2411 membra
1323 2385 1526 2419 conjungantur
1551 2393 1614 2412 cum
1634 2385 1734 2420 capite,

948 2429 1097 2461 inﬁdelem,
1116 2437 1204 2463 coque
1223 2429 1335 2457 nomine
1348 2430 1403 2464 jam
1414 2430 1578 2464 iudicatum,
1593 2439 1663 2458 esse.

982 2474 1008 2501 8.
1025 2473 1157 2506 Quisnam
1176 2473 1282 2501 habitet
1300 2479 1401 2501 terram
1423 2474 1631 2509 Chaldzeorum;
1656 2476 1734 2511 quis-

944 2528 1007 2547 nam
1021 2527 1086 2546 vcro
1101 2519 1244 2547 Charrhan
1261 2519 1484 2554 Mesopotamia?
1501 2520 1568 2554 Quis
1584 2522 1735 2549 transfera-

945 2566 1027 2593 turiu
1044 2570 1143 2593 terram
1157 2566 1268 2598 bonam,
1285 2574 1367 2601 quam
1389 2567 1462 2594 Deus
1477 2575 1506 2594 se
1523 2566 1651 2594 daturum
1670 2568 1731 2602 pol-

944 2611 1036 2638 licitus
1051 2615 1103 2641 est.
1120 2611 1162 2638 his
1174 2611 1221 2646 qui
1232 2611 1380 2646 diligunt?‘

980 2657 1006 2683 9.
1021 2657 1090 2684 Olim
1109 2664 1220 2692 quoque
1245 2661 1309 2684 ante
1329 2656 1490 2689 adventum,
1515 2665 1642 2692 nuncquc
1662 2657 1732 2684 adeo

947 2706 1009 2738 post
1033 2703 1134 2738 ipsum,
1157 2703 1286 2730 advenire
1304 2703 1336 2730 ad
1353 2711 1404 2731 nos
1420 2703 1582 2738 spiritaliter
1599 2703 1646 2730 Dei
1662 2703 1730 2730 Ver-

947 2749 1023 2781 bum,
1035 2748 1151 2776 occultis
1159 2749 1315 2785 augmentis
1328 2749 1483 2784 provehcns
1493 2749 1526 2777 ad
1538 2757 1570 2777 ea
1587 2756 1648 2784 quae
1663 2748 1731 2776 divi—

946 2794 1021 2822 niora
1036 2798 1109 2822 sunt.

138 2927 146 2934 ‘
163 2923 204 2951 Ea:
223 2924 252 2951 V.
285 2924 324 2952 CI.
359 2925 499 2960 Rep/melis
522 2925 642 2960 θαίνειιῆ
675 2925 744 2959 emt,
767 2935 835 2953 nunc
858 2926 946 2962 Regio.
