1951 3076
135 158 204 191 ΗΠ
466 162 632 194 CAPITUM
650 163 860 200 QUINQUIES
879 167 1137 199 CENTENORUM
1155 169 1347 203 CENTURIA
1365 175 1384 203 I.
1688 173 1754 207 “78

137 266 830 284 ...Ἦ-ξ

563 363 677 406 ΤΟΥ
709 364 881 407 ΑΓΙΟΥ
910 366 1127 409 ΠΛΤΡΟΣ
1149 368 1310 411 ΗΜΩΝ

801 462 862 490 ΚΑΙ
878 465 1092 492 ΔΙΔΛΣΚΑΛΟΥ

322 552 723 624 ΜΑΞΙΜΟΥ
760 558 934 625 ΤΟΥ
972 561 1577 634 ΟΜΟΛΟΓΗΤΟΥ

471 681 646 709 ΚΕΦΛΛΛΙΛ
665 683 811 715 ΔΙΛΦΟΡΛ
827 685 1022 714 ΘΕΟΛΟΓΙΚΛ
1038 687 1081 714 TE
1096 688 1155 715 ΚΑΙ
1167 689 1387 716 ΟΙΚΟΝΟΜΙΚᾹ

719 766 775 793 Kal
789 766 854 801 περὶ
870 766 982 801 ἀρετῆς
996 767 1045 794 καὶ
1059 767 1175 802 κακίας.

250 928 456 974 SANCTI
513 930 724 976 PATRIS
774 932 992 978 NOSTRI
1060 934 1257 984 ATQUE
1309 935 1619 988 MAGISTRI,

562 1048 825 1106 MAXIMI
869 1050 1348 1109 CONFESSORIS
1617 1026 1626 1036 ’

311 1158 475 1191 DIVERSA
491 1160 623 1191 CAPITA
639 1161 689 1191 AD
716 1161 968 1193 THEOLOGIAM
984 1163 1032 1193 ET
1060 1163 1293 1195 (ECONOMIAM
1321 1166 1552 1198 SPECTANTIA

701 1244 817 1279 DEQUE
832 1245 986 1276 VIRTUTE
1006 1247 1050 1275 AC
1070 1246 1173 1276 VITIO.

908 1326 945 1334 —

1133 1405 1295 1434 CENTENA
1312 1407 1419 1435 PRIMA
1435 1407 1569 1435 CAPITA.

149 1457 186 1485 α’.
201 1458 252 1485 Ἕν
266 1458 324 1486 lem
338 1458 370 1485 τὸ
385 1458 575 1494 ὑπεράναρχον
591 1460 637 1486 καὶ
655 1460 818 1496 ὑπερούσιον
838 1461 906 1495 ἀγα-

992 1461 1018 1488 1.
1027 1461 1117 1489 Unum
1124 1465 1166 1488 est
1177 1461 1278 1489 bonum
1288 1467 1477 1496 prmaeternum
1495 1468 1523 1491 et
1536 1464 1747 1499 supersubstan-

112 1504 170 1535 θὸν.
188 1505 206 1540 ἡ
228 1504 293 1538 ἁγία
312 1505 527 1540 τρισυπόστατος
543 1505 635 1537 Μονὰς
645 1526 652 1538 ,
668 1507 764 1542 Πατὴρ
780 1507 826 1534 καὶ
840 1508 904 1539 Υἱὸς

957 1505 1033 1537 tiale,
1063 1510 1157 1533 sancta
1170 1506 1241 1533 trine
1258 1506 1412 1534 subsistens
1430 1508 1536 1540 Unitas,
1555 1509 1646 1541 Pater,
1659 1509 1746 1538 Filius

111 1551 161 1576 καὶ
184 1550 263 1583 ἅγιον
293 1549 407 1584 Πνεῦμα
422 1558 429 1566 ·
456 1550 540 1586 τριῶν
566 1550 687 1586 ἀπείρων
706 1551 818 1587 ἄπειρος
837 1560 905 1587 συμ-

956 1554 985 1575 et
1004 1549 1126 1583 Spiritus
1141 1555 1270 1583 sanctus;
1285 1551 1369 1578 trium
1385 1551 1556 1580 intinitorum
1576 1553 1683 1581 inﬁnita
1696 1563 1745 1590 pa-

111 1596 190 1630 φυῖα·
209 1595 254 1621 τόν
267 1603 297 1620 τε
316 1594 363 1621 τοῦ
384 1593 465 1628 εἶναι,
492 1595 539 1622 καὶ
562 1596 631 1628 πῶς,
647 1597 693 1624 καὶ
710 1597 747 1628 τί,
766 1598 812 1623 καὶ
827 1599 904 1624 ποῖον

955 1594 994 1621 ris
1025 1599 1131 1622 naturae
1150 1595 1311 1630 conjunctio
1330 1604 1337 1623 :
1359 1596 1438 1632 cujus
1466 1598 1547 1630 ratio,
1568 1607 1622 1634 qua
1634 1604 1693 1633 est,
1716 1604 1746 1628 et

111 1640 196 1671 εἶναι.
212 1642 291 1675 λόγον
308 1644 424 1679 πάμπαν
438 1644 493 1674 τοῖς
509 1641 584 1670 οὖσιν
601 1644 702 1671 ἄϐατον
718 1643 827 1679 ἔχουσα.
845 1645 903 1671 na-

954 1640 1105 1674 qnoniodo,
1127 1641 1228 1675 quidve
1245 1649 1277 1669 ac
1290 1643 1380 1676 qualis
1403 1649 1456 1676 est,
1470 1644 1610 1672 inaccessa
1632 1653 1746 1680 prorsus

335 1401 542 1428 ΕΚΛΤΟΝΤΑΣ
558 1402 685 1430 ΠΡΩἸῊ.
919 1410 944 1437 Λ

111 1696 164 1714 σαν
179 1689 236 1724 γὰρ
252 1688 395 1723 διαφεύγει
417 1689 509 1724 νόησιν
528 1689 582 1716 τῶν
597 1689 739 1723 νοούντων,
760 1690 811 1725 τῆς
832 1692 903 1717 κατὰ

109 1735 193 1768 φύσιν
205 1735 329 1770 οὐδαμῶς
345 1736 461 1771 κρυφίας
472 1736 613 1772 ὲνδότητος
623 1737 742 1770 ἐξιοῦσα,
756 1738 803 1764 καὶ
813 1737 902 1772 πάσης

109 1781 208 1808 πασῶν
219 1781 346 1815 γνὼσεων
358 1782 479 1817 ἀπείρως
495 1782 715 1817 ὑπερεκτείνεται
731 1782 866 1817 γνώσεως.

147 1869 181 1905 β’.
207 1870 244 1896 Τὺ
263 1870 324 1896 κατ’
351 1871 445 1898 οὐσίαν
467 1871 569 1906 κυρίως
596 1870 626 1897 ὃν
651 1871 769 1905 ἀγαθὸν,
795 1871 855 1898 ἐστὶ
873 1871 902 1898 τὺ

109 1917 181 1951 μήτε
195 1917 293 1951 ἀρχὴν,
310 1916 379 1951 μήτε
393 1917 479 1947 τέλος,
501 1916 570 1951 μήτε
587 1916 676 1944 αἰτίαν
688 1916 736 1942 τοῦ
753 1914 831 1949 εἶναι,
850 1917 902 1953 μή-

106 1971 138 1989 τε
154 1963 207 1997 τὴν
229 1961 336 1989 οίανοῦν
356 1962 428 1988 κατὰ
450 1961 480 1988 τὸ
495 1959 647 1997 εἶναιπρὸς
669 1962 758 1989 αίτίαν
782 1962 843 1989 τινὰ
857 1963 901 1989 κία

106 2017 188 2044 νησιν
203 2008 264 2043 ἔχον
276 2008 325 2044 (a).
338 2009 375 2035 Τὸ
388 2008 416 2035 δὲ
433 2008 470 2043 μὴ
483 2007 571 2039 οὕτως
587 2008 659 2043 ἕχον,
675 2008 735 2035 οὐδὲ
747 2008 849 2044 κυρίως
859 2009 900 2041 ὃν,

105 2055 145 2086 ὡς
161 2055 250 2090 ἀρχὴν
275 2054 323 2080 καὶ
350 2054 426 2085 τέλος
445 2054 492 2080 καὶ
520 2053 612 2080 αίτίαν
626 2053 672 2079 τοῦ
695 2050 777 2086 εἶναι,
790 2053 836 2080 καὶ
849 2053 899 2088 τὴν

105 2099 179 2127 κατὰ
193 2099 225 2127 τὸ
245 2097 316 2126 εἶναι
341 2099 410 2134 πρδς
426 2098 516 2125 αἰτίαν
528 2099 590 2124 τινὰ
608 2098 716 2133 κίνησιν
727 2097 798 2133 ἔχον.
818 2098 855 2125 Τὸ
869 2098 899 2125 δὲ

105 2147 212 2183 κυρίως
231 2146 282 2173 οὐκ
304 2146 344 2178 ὃν,
370 2145 422 2172 κᾶν
440 2143 511 2172 εἶναι
535 2144 666 2179 λέγηται,
695 2145 768 2171 κατὰ.
790 2144 900 2180 μέθεξιν

104 2193 236 2229 βουλήσει
249 2192 296 2219 τοῦ
313 2191 417 2228 κυρίως
431 2191 519 2224 ὕντος,
539 2191 586 2218 καὶ
602 2191 660 2217 ἐστι
677 2190 725 2218 καὶ
741 2190 862 2224 λέγεται.

954 1686 1039 1712 rebus
1051 1692 1104 1714 est.
1115 1687 1310 1715 Omnemenim
1324 1689 1457 1716 mentium
1473 1690 1683 1725 intelligentiam
1699 1691 1744 1718 fu-

953 1731 1003 1766 git,
1015 1739 1078 1759 cum
1091 1733 1208 1760 naturali
1222 1741 1272 1761 suo
1283 1742 1394 1767 arcano,
1413 1739 1442 1763 et
1458 1736 1499 1771 (ut
1510 1736 1550 1764 sic
1562 1737 1663 1772 dicam)
1677 1737 1744 1764 inti-

952 1778 1048 1805 mitate
1059 1786 1114 1805 non
1126 1783 1215 1811 exeat,
1236 1787 1401 1815 omnemque
1418 1781 1543 1809 omnium
1561 1782 1742 1810 scientiarum

952 1824 1096 1850 scientiam
1111 1824 1217 1852 infinite
1234 1826 1442 1860 superexeedat.

986 1868 1013 1896 Ξ.
1029 1869 1106 1902 Quod
1127 1877 1192 1897 vere
1212 1871 1365 1898 secundum
1390 1871 1540 1900 essentiam
1563 1873 1667 1901 bonum
1687 1879 1741 1907 est,

952 1914 1005 1942 hoc
1017 1920 1069 1948 est,
1088 1916 1161 1950 quod
1178 1924 1268 1952 neque
1280 1918 1448 1953 principium
1470 1927 1560 1954 neque
1579 1919 1672 1954 ﬁnem,
1689 1929 1740 1949 ne-

952 1970 1005 1998 que
1023 1970 1132 1990 causam
1151 1967 1181 1989 ut
1198 1963 1245 1996 sit,
1270 1971 1321 1991 nec
1342 1972 1408 1991 vero
1433 1965 1537 1999 ullum,
1563 1966 1672 1994 cssendi
1695 1975 1740 1994 ra—

953 2009 1038 2041 tione,
1065 2009 1099 2036 ad
1127 2017 1236 2037 causam
1259 2009 1339 2045 513
1369 2010 1488 2046 aliquam
1514 2016 1619 2039 motum
1645 2013 1738 2041 habet.

951 2054 1029 2088 Quod
1046 2059 1137 2082 autem
1153 2062 1208 2082 non
1232 2055 1270 2083 ita
1285 2064 1314 2083 se
1325 2056 1418 2088 habet,
1432 2064 1522 2091 neque
1543 2065 1608 2085 vere
1628 2066 1660 2085 ac
1674 2065 1740 2093 pro-

949 2100 1010 2134 prie
1029 2104 1090 2133 est;
1116 2100 1220 2135 quippe
1237 2101 1311 2136 quod
1328 2101 1494 2136 principium
1507 2107 1536 2129 et
1549 2102 1642 2136 ﬁnem,
1664 2103 1740 2138 ejus-

948 2153 1003 2180 que
1018 2145 1091 2181 quod
1104 2150 1148 2174 cst
1161 2153 1234 2179 esse,
1247 2154 1369 2180 causam,
1383 2151 1412 2174 et
1425 2147 1461 2175 ad
1470 2155 1580 2176 causam
1589 2169 1596 2181 ,
1617 2156 1652 2176 eo
1665 2149 1739 2184 quod

948 2197 1001 2224 est,
1017 2196 1122 2219 motum
1132 2193 1278 2228 quemdam
1291 2193 1383 2221 habet.
1402 2193 1480 2226 Quod
1498 2199 1589 2222 autem
1606 2203 1662 2222 non
1675 2203 1740 2223 vere

103 2248 137 2268 ac
154 2239 269 2274 proprie
291 2243 344 2271 est,
364 2246 521 2274 quanquam
538 2245 599 2266 esse
611 2237 729 2265 dicatur.
762 2245 813 2272 per
843 2238 1098 2274 participationem,
1126 2245 1155 2267 et
1188 2243 1231 2268 est
1249 2244 1278 2268 et
1288 2240 1390 2268 dicitur
1410 2248 1489 2274 esse,
1519 2242 1579 2277 ejus
1598 2242 1740 2270 voluntate

102 2285 180 2322 quod
194 2292 261 2313 vere
277 2292 310 2312 ac
323 2284 434 2319 proprie
447 2289 500 2312 est.

138 2335 175 2367 γ’.
195 2333 226 2358 Εἰ
240 2332 326 2366 Λόγος
343 2331 560 2366 προκαθηγεῖται
579 2330 633 2366 τῆς
647 2330 701 2357 τῶν
717 2329 803 2357 ὄντων
813 2330 895 2364 γενέ-

103 2387 185 2412 σεως,
207 2377 269 2404 οὗτε
291 2375 336 2413 ἦν,
361 2376 423 2404 οὔτε
447 2376 532 2410 ἐστιν,
550 2376 612 2403 οὔτε
639 2376 717 2403 ἔσται
740 2376 789 2403 τοῦ
805 2376 894 2411 Λόγου

102 2425 183 2458 λόγος
197 2422 346 2458 ἁνώτερος.
367 2423 452 2456 Λόγος
467 2423 506 2454 δὲ,
519 2423 569 2449 οὒκ
583 2422 664 2454 ἄνους
680 2422 697 2458 ἢ
722 2422 795 2458 ζωῆς
814 2423 894 2458 ἄμοι-

104 2479 152 2505 ρος
163 2478 169 2484 ·
185 2469 244 2496 ἀλλ’
260 2468 351 2500 ἔννους
370 2468 417 2495 καὶ
434 2467 500 2501 ζῶν,
514 2468 553 2500 ὠς
577 2467 716 2502 γεννῶντα
733 2467 807 2494 Νοῦν
822 2467 894 2503 ἔχων

136 2548 175 2584 (u)
191 2549 269 2583 Πρὸς
281 2548 379 2584 αἰτίαν
390 2547 456 2574 τινὰ
481 2547 604 2584 κίνησιν
614 2548 696 2584 ἕχον.
712 2548 824 2582 Spectat
838 2549 891 2576 hoc

100 2583 243 2620 praecipue
256 2583 290 2610 ad
309 2591 418 2620 causam
431 2591 490 2620 qua;
508 2583 570 2609 ﬁnis
586 2587 636 2616 est,
652 2583 686 2620 ad
700 2591 781 2620 quam
795 2592 891 2620 move-

102 2617 156 2651 tur,
172 2617 245 2654 q'uod
260 2626 294 2646 ex
312 2618 404 2654 illaut
419 2617 565 2649 etlieiente,
579 2622 631 2644 est.
651 2617 714 2645 Nee
722 2619 792 2645 bene
809 2619 892 2647 Picus

102 2653 248 2688 expressit,
272 2653 312 2681 Ad
329 2653 414 2679 ullam
439 2661 545 2688 prorsus
557 2661 666 2680 causam
679 2654 813 2688 refertur;
830 2661 891 2681 cum

102 2662 134 2680 ΘΧ
156 2662 248 2687 τεεειι,
272 2662 311 2681 Λα
329 2662 414 2679 uuam
439 2662 545 2688 prorsus
557 2662 666 2680 causam
679 2662 813 2688 relertur;
830 2662 891 2681 cum

102 2662 198 2716 regni
210 2689 244 2717 ad
259 2695 369 2715 causam
389 2688 472 2716 etiam
497 2687 615 2720 dicatur,
634 2689 707 2722 quod
724 2688 758 2714 ad
780 2696 839 2716 eam
863 2693 894 2716 ut

100 2729 239 2752 auctorem
250 2723 348 2759 quovis
357 2723 439 2750 modo
448 2731 526 2759 suam
535 2722 619 2759 refert
630 2723 774 2759 originem,
783 2724 891 2759 etiamsi

987 2331 1014 2358 3.
1029 2331 1098 2358 Cum
1109 2331 1228 2358 Verbum
1251 2339 1344 2359 rerum
1365 2332 1499 2360 creationi
1512 2337 1614 2368 pmeat
1625 2353 1633 2366 ,
1649 2341 1740 2368 neque

944 2380 1014 2407 erat,
1027 2384 1118 2411 neque
1130 2380 1183 2409 est,
1195 2380 1278 2404 autve
1292 2376 1348 2404 erit
1361 2377 1478 2404 verbum
1493 2377 1584 2405 Verbo
1604 2378 1738 2406 anterius.

944 2421 1066 2449 Verbum
1077 2427 1169 2449 autem
1182 2425 1235 2454 est,
1259 2429 1316 2448 non
1341 2423 1454 2455 mentis,
1474 2428 1522 2450 aut
1538 2423 1601 2451 vitae
1621 2431 1736 2458 expers,

942 2468 991 2495 sed
1009 2468 1083 2503 quod
1102 2472 1194 2496 tuente
1207 2467 1309 2503 polleat
1323 2476 1355 2496 ac
1365 2468 1455 2501 vivat;
1477 2470 1582 2506 quippe
1601 2478 1665 2497 eum
1689 2470 1737 2506 gi-

940 2548 1121 2585 aCVCatholici
1140 2548 1251 2585 dicant;
1281 2548 1354 2585 quod
1376 2556 1434 2585 non
1461 2549 1497 2578 sit
1514 2554 1627 2585 propter
1640 2550 1733 2581 tinem,

940 2584 988 2611 sed
1003 2585 1060 2620 ipse
1076 2591 1145 2620 reum
1161 2584 1251 2620 Patre,
1266 2584 1414 2620 etispiritu
1429 2584 1524 2612 sancto
1538 2584 1610 2612 unus
1625 2586 1662 2612 sit
1675 2593 1736 2612 om<

940 2618 1020 2646 nium
1036 2619 1109 2652 linis,
1128 2618 1202 2652 quod
1226 2626 1279 2645 una
1300 2619 1427 2651 bonitas,
1450 2620 1489 2646 uti
1505 2624 1533 2647 et
1549 2625 1648 2647 natura
1665 2629 1672 2647 :
1692 2620 1736 2647 id-

942 2655 1018 2682 circo
1032 2654 1124 2690 dictus
1136 2653 1217 2690 (Ὶι-οξςἲ
1231 2653 1370 2688 Theologo
1385 2658 1466 2688 atque
1478 2655 1609 2690 Maximo,
1623 2659 1737 2690 propter

943 2697 984 2721 se.
1007 2689 1142 2721 ἀναίτιος·
1160 2688 1263 2724 nullam
1283 2696 1390 2715 causam
1406 2694 1451 2716 aut
1466 2688 1547 2723 ﬁnem
1562 2688 1735 2724 Izabéqulli

963 2729 1058 2759 ropter
1075 2732 1135 2755 nos,
1150 2724 1183 2750 δι’
1196 2723 1304 2759 uittam:
1318 2727 1425 2758 propter
1434 2733 1544 2752 causam
1553 2731 1605 2755 est,
1619 2733 1672 2759 qua
1685 2723 1734 2751 sci-

100 2745 437 2795 EXEIEJE
448 2745 774 2795 {filius
784 2745 891 2795 36$;
906 2745 927 2775 c
1022 2745 1104 2795 homo
1113 2745 1205 2786 factus
1217 2763 1270 2795 est.
1285 2745 1450 2795 Cafstiélatius
1463 2767 1528 2795 ergo
1542 2760 1569 2787 in
1586 2745 1734 2795 rtlrEologia

101 2799 170 2822 tretn
186 2799 217 2822 ut
231 2793 456 2828 altiavrrefertur
470 2791 634 2828 (utiGrazcis
644 2793 721 2828 loqui
732 2794 816 2821 moris
825 2793 889 2828 est),

101 2836 153 2856 non
169 2834 261 2857 tamen
273 2828 306 2856 ad
326 2827 415 2862 ipsum
431 2827 535 2855 moveri
550 2835 598 2854 seu
616 2827 720 2855 motum
734 2828 847 2861 habere.
861 2827 891 2855 ut

101 2865 168 2900 πρὸς
190 2865 281 2893 αἰτίαν
304 2864 445 2899 (tanquam
459 2863 557 2890 scilicet
576 2862 612 2890 ad
624 2862 716 2898 ﬁnem)
731 2863 779 2891 ulli
793 2871 890 2891 eorum

944 2794 1124 2829 loquendum.
1143 2801 1177 2821 ne
1188 2793 1260 2829 quid
1284 2793 1348 2820 inde
1364 2794 1465 2829 nedum
1480 2793 1670 2827 obscuritatis,
1686 2793 1734 2821 Sed

944 2828 1096 2865 etierroris
1121 2828 1310 2865 theologorum
1327 2828 1536 2865 castigatissimo
1558 2829 1690 2864 Maximo,
1706 2828 1735 2857 in

944 2864 1002 2892 suis
1020 2865 1053 2892 de
1067 2864 1203 2900 theologia
1218 2863 1338 2890 accedat.
