1951 3076
94 170 160 204 “Si

445 171 613 202 CAPITUM
631 170 844 207 QUINQUIES
861 170 1121 203 CENTENORUM
1139 174 1333 207 CENTURIA
1353 177 1377 208 Ι.

1656 177 1724 212 1182

89 230 136 260 τὸς
146 227 202 256 οἶδε
219 229 334 265 τρόπον’
357 228 429 256 οὕτω
444 230 492 256 καὶ
512 229 598 256 θέλων
613 230 752 264 ὑπέστησε
774 229 807 255 τὰ
823 237 888 263 μετ-

945 234 1048 257 maneat
1060 231 1272 266 inexplicabilis.
1290 233 1531 267 Quemadmodum
1544 234 1631 271 igitur
1640 235 1726 269 Dens,

90 277 200 312 έχοντα,
220 275 280 302 καθ’
293 275 322 301 ὃν
338 275 419 307 αὐτὸς
435 275 579 302 ἐπίσταται
599 275 689 309 λόγον,
702 275 736 301 δι’
747 275 885 310 ὑπερϐάλ-

89 323 193 349 λουσαν
213 321 380 357 ἀγαθότητος
401 321 525 357 δύναμιν.
542 321 647 348 Οὐκοῦν
669 321 700 347 τὸ
716 321 825 356 θελήσει
838 320 885 347 τοῦ

92 368 278 402 πεποιηκότος
300 368 458 402 γενόμενον,
482 367 532 394 οὐκ
550 367 582 394 ἂν
598 368 641 402 εἴη
655 367 720 394 ποτὲ
742 367 886 402 θελήσαντι

90 413 159 440 αὐτὸ
175 413 314 447 γενέσθαι,
332 413 478 440 συναῖδιον.

127 505 165 537 η’.
192 503 223 528 '0
242 501 288 528 τοῦ
305 499 373 528 Θεοῦ
395 501 482 535 Λόγος
499 500 608 535 ἐφάπαξ
634 500 706 527 κατὰ
722 500 811 536 σάρκα
823 508 886 534 γεν-

92 549 198 583 νηθεὶς,
213 548 257 574 ἀεὶ
272 547 400 581 γεννᾶται
416 546 501 573 θέλων
515 546 587 573 κατὰ
605 547 714 581 πνεῦμα
731 547 775 573 διὰ
792 546 888 580 φιλαν-

93 594 220 629 θρωπίαν
242 594 300 624 τοῖς
325 593 449 619 θέλουσι·
469 593 517 618 καὶ
539 592 644 626 γίνεται
662 591 772 627 βρέφοςι
791 591 888 618 ἑαυτὸν

92 640 123 666 ὲν
138 638 256 669 ἐκείνοις
282 638 455 664 διαπλάττων
475 638 536 668 ταῖς
551 638 677 672 ἀρεταῖς·
694 638 741 663 καὶ
759 635 887 662 τοσοῦτον

93 683 270 718 φαινόμενος,
292 682 353 708 ὅσον
370 683 470 717 χωρεῖν
494 681 639 708 ἐπίσταται
659 681 706 707 τὸν
725 681 886 716 δεχόμενον

93 730 124 755 οὗ
141 728 232 763 φθόνῳ
251 727 410 763 σμικρὺνων
427 727 475 753 τοῦ
499 727 601 753 οἰκείου
628 726 760 761 μεγέθους
778 726 827 762 τὴν
840 725 888 753 ἔκ-

95 783 205 809 φανσιν,
221 774 291 801 ἀλλὰ
309 774 402 809 μέτρῳ
416 773 574 809 σταθμίζων
589 773 643 800 τῶν
655 774 721 809 ὁρᾷν
734 773 890 800 ποθούντων

94 820 145 855 τὴν
162 819 288 854 δύναμιν.
311 818 405 850 Οὕτως
428 819 472 845 ἀεὶ
497 819 543 846 καὶ
560 819 744 854 φαινόμενοςὸ
757 818 804 845 τοῦ
820 818 887 845 Θεοῦ

93 867 182 900 Λόγος
194 867 251 897 τοῖς
266 865 381 900 τρόποις
395 865 448 891 τῶν
466 865 598 899 μετόχων,
614 865 657 891 ἀεὶ
672 864 795 899 διαμένει
817 864 888 891 κατὰ

93 914 145 947 τὴν
163 912 318 947 ὑπερϐολὴν
332 911 380 938 τοῦ
400 911 563 946 μυστηρίου,
579 912 636 942 τοῖς
658 911 744 937 πᾶσιν
761 909 888 941 ἀθέατος.
904 900 925 927 Β

95 960 180 986 Ὅθεν
195 959 284 993 σοφῶς
300 958 349 984 τοῦ
367 958 520 993 μυστηρίου
538 957 588 992 τὴν
607 957 722 991 δύναμιν
736 956 888 989 διασκοπή-

95 1014 147 1037 σας
162 1006 176 1032 ὁ
193 1004 265 1035 θεῖος
287 1003 460 1035 ’Λπόστολος,
488 1003 589 1038 φησίν·
611 1002 730 1036 Ἰησοῦς
749 1002 887 1035 Χριστὸς,

95 1051 169 1086 χθὲς
183 1051 233 1077 νηὶ
247 1051 392 1085 σήμερον,
406 1051 422 1076 ό
443 1050 534 1082 αὐτὸς
550 1049 599 1076 καὶ
616 1050 659 1082 εἰς
672 1048 743 1081 robe
760 1048 888 1081 αἰῶνας·

95 1096 174 1128 εἰδὼς
188 1097 232 1123 ἀεὶ
243 1097 335 1122 καινὸν
349 1096 379 1122 τὸ
393 1095 554 1130 μυστήριον,
569 1095 616 1121 καὶ
628 1094 763 1130 μηδέποτε
777 1102 810 1120 πε
815 1093 890 1130 ριλή-

95 1143 142 1175 ψει
157 1143 218 1174 νοὸς
228 1141 440 1176 παλαιούμενον.

133 1190 167 1216 θ’.
190 1189 326 1215 Γεννᾶται
349 1188 469 1223 Χριστὸς
492 1189 505 1214 ὁ
523 1187 601 1218 Θεὸς.
617 1186 770 1223 προσλήψει
789 1185 889 1222 σαρκὸς

95 1234 187 1270 ψυχὴν
203 1234 317 1270 ἐχούσης
337 1234 432 1270 νοερὰν
449 1232 593 1267 γενόμενος
602 1231 744 1266 ἄνθρωπος
754 1240 760 1246 '
772 1231 786 1257 ὁ
798 1239 889 1266 παρα·

98 1281 231 1316 σχόμενος
255 1281 313 1311 τοῖς
333 1277 409 1306 οὖσιν
434 1280 466 1305 ὲκ
496 1278 534 1313 μὴ
551 1278 636 1304 όντων
652 1277 702 1313 τὴν
720 1277 842 1312 γένεσιν·
859 1276 889 1303 ὃν

97 1326 237 1361 Παρθένος
253 1324 400 1362 ὑπερφυῶς
422 1323 550 1354 τεκοῦσα,
568 1323 723 1358 παρέλυσεν
739 1322 816 1349 οὐδὲν
840 1323 890 1357 τῆς

98 1372 248 1407 παρθενίας
262 1372 424 1407 τεκμήριον.
445 1371 489 1402 Ὠς
500 1371 554 1406 γὰρ
566 1370 646 1401 αὐτὸς
661 1369 804 1404 ἄνθρωπος
815 1369 890 1403 γέγο-

97 1427 154 1450 νεν,
172 1419 223 1444 οὐκ
248 1417 400 1447 ἀλλοιώσας
424 1416 473 1452 τὴν
496 1416 589 1451 φύσιν,
618 1416 673 1442 οὐδ’
694 1415 815 1451 ἀμείψας
839 1414 889 1450 τὴν

98 1464 214 1499 δύναμιν
224 1472 231 1478 ·
244 1463 316 1490 οὕτω
337 1464 387 1498 τὴν
408 1462 541 1489 τεκοῦσαν
556 1462 603 1489 καὶ
616 1462 723 1498 μητέρα
743 1463 825 1492 ποιεῖ,
841 1460 890 1488 καὶ

99 1510 235 1546 παρθένον
251 1509 385 1546 διατηρεῖ,
404 1508 523 1544 θαύματι
535 1508 628 1544 θαῦμα
641 1508 711 1535 κατὰ
723 1507 804 1535 tauri)
818 1507 890 1543 διερ-

102 1555 228 1591 μηνεύων
240 1555 309 1590 ἅμα,
323 1555 370 1581 καὶ
383 1554 490 1589 θατέρῳ
501 1553 632 1589 κρύπτων
647 1554 677 1580 τδ
688 1554 789 1589 ἕτερον.
799 1554 889 1579 Ἑπει-
904 1574 925 1604 c

99 1601 132 1637 δὴ
152 1601 186 1627 δι’
207 1601 303 1627 ἑαυτὸν
321 1601 335 1627 ὁ
351 1599 418 1631 Θεὸς
444 1601 487 1626 ἀεὶ
511 1600 571 1626 κατ’
594 1599 689 1626 οὐσίαν
704 1599 823 1635 ὑπάρχει
840 1608 891 1634 μν-

101 1647 223 1683 στὴριον,
240 1646 367 1674 τοσοῦτον
382 1646 478 1673 ἑαυτὸν
495 1646 602 1680 ἐξάγων
622 1646 672 1681 τῆς
689 1646 807 1681 φυσικῆς
823 1654 891 1680 κρυ-

100 1693 241 1728 φιὸτητος,
268 1693 332 1719 ὅσον
352 1692 455 1727 ταύτην
485 1692 566 1718 πλέον
589 1692 633 1718 διὰ
660 1692 710 1727 τῆς
733 1692 892 1726 ὲκφάνσεως

101 1739 297 1774 κρυφιωτέραν
321 1738 491 1774 ἐργάζεσθαι
503 1746 509 1753 ·
526 1738 574 1764 καὶ
590 1737 718 1764 τοσοῦτον
743 1737 824 1763 πάλιν
839 1745 892 1772 μη-

100 1786 167 1822 τέρα
192 1786 243 1820 τὴν
262 1785 394 1811 τεκοῦσαν
415 1784 548 1820 παρθένον
567 1783 739 1818 ποιούμενος,
755 1784 817 1809 ὅσον
843 1783 892 1817 τὴν

101 1832 201 1867 κύησιν
218 1831 316 1859 ἄλυτον
332 1831 381 1865 τῆς
402 1830 550 1865 παρθενίοις
564 1829 664 1865 δεσμὸν
685 1827 892 1865 ἀπεργάζεσθαι

103 1876 183 1913 [unus
197 1876 261 1912 Reg.
275 1875 499 1912 ἀπεργάσασθαι]

138 1968 166 1992 t'.
187 1964 222 2000 (e)
241 1963 475 1999 Καινοτομοῦνται
491 1963 596 1998 φύσεις,
613 1971 661 1989 και
670 1962 736 1994 Θεὸς
750 1961 893 1997 ἄνθρωπος

101 2012 227 2046 γίνεται·
242 2012 272 2038 οὐ
291 2012 370 2047 μόνον
387 2011 403 2046 ἡ
419 2009 480 2037 θεία
491 2010 538 2038 καὶ,
555 2009 675 2044 σταθερὰ
689 2009 737 2035 καὶ
752 2008 892 2043 ἀκίνητος.

103 2058 253 2093 κινουμένη
279 2057 346 2091 πρὸς
370 2056 420 2090 τὴν
443 2055 606 2091 κινουμένην
634 2054 680 2081 καὶ
703 2053 831 2085 ἄστατον,
849 2053 894 2080 ἵνα

104 2104 193 2140 στήσῃ
208 2102 255 2129 τοῦ
272 2101 404 2137 φέρεσθαι
417 2109 422 2114 ·
437 2101 498 2128 οὐδὲ
516 2101 596 2135 μόνον
613 2100 629 2134 ἡ
651 2099 808 2135 ἀνθρωπίνη
833 2099 894 2134 δίχα

104 2150 210 2184 σπορᾶς
227 2149 298 2182 ὑπὲρ
319 2147 399 2182 φύσιν
419 2145 581 2182 γεωργοῦσα
601 2145 692 2181 σάρκα
709 2145 747 2180 τῷ
759 2146 838 2180 Λόγῳ
851 2154 895 2171 τε-

102 2193 335 2230 λεσφορουμὲνην,
361 2193 404 2219 ἴνα
425 2194 473 2228 στῇ
499 2192 546 2218 τοῦ
574 2191 723 2226 φέρεσθαι·
748 2191 815 2217 ἀλλὰ
847 2191 894 2217 καὶ

936 274 1009 309 quod
1021 275 1096 308 velit,
1109 277 1300 312 participatnr,
1313 287 1367 314 qua
1380 280 1438 316 ipse
1454 281 1561 308 ratione
1574 281 1652 308 novit
1669 290 1675 308 :
1687 282 1728 310 sic

936 324 964 347 et
974 329 1006 348 ea
1017 329 1078 356 qua:
1091 323 1265 359 participant.
1282 326 1427 353 excellenti
1446 326 1578 354 bonitatis
1591 328 1727 362 potentia,

937 373 990 401 qua
1009 367 1086 395 novit
1109 368 1224 402 ratione,
1239 371 1379 400 voluntate
1402 372 1535 400 condidit.
1554 373 1638 408 igitur
1654 373 1726 410 quod

937 412 1056 439 creantis
1068 413 1208 441 voluntate
1229 414 1332 443 factum
1349 421 1401 449 est,
1418 425 1560 452 nunquam
1584 418 1622 451 ei,
1636 418 1684 453 qui
1698 422 1727 445 ut

937 456 1016 485 ﬁeret
1029 458 1127 491 voluit,
1139 464 1305 488 comternum
1316 463 1464 490 exstiterit.

973 505 999 532 8.
1024 505 1072 532 Dei
1096 506 1229 540 Verbum,
1251 516 1334 536 carne
1355 509 1440 536 semel
1468 515 1562 537 natum
1580 509 1652 546 (qum
1668 510 1728 545 ejus
1761 544 1764 546 γ

937 557 1072 586 propensa
1096 551 1252 587 benignitas
1267 562 1299 580 ae
1316 554 1473 582 humanitas
1486 555 1538 590 est)
1554 555 1597 582 his
1618 555 1665 589 qui
1684 563 1730 582 ve-

937 596 999 629 lint,
1014 604 1124 632 semper
1135 598 1232 625 volens
1249 599 1347 633 spiritu
1364 600 1506 633 nascitur;
1521 600 1606 635 ﬁtque
1627 600 1727 631 infans.

938 648 967 668 se
981 641 1008 668 in
1022 641 1077 668 illis
1092 642 1241 669 virtutibus
1255 640 1424 676 inl'ortnans;
1441 651 1473 670 ac
1489 651 1545 678 quo
1558 644 1670 671 modulo
1683 653 1730 671 ca—

937 694 1003 721 pere
1017 687 1094 714 novit
1111 688 1319 722 suscipientem,
1335 689 1456 724 seipsmn
1469 689 1638 722 manifestat,
1655 690 1729 717 nulla

938 732 1033 760 livoris
1048 733 1109 760 labe
1127 741 1159 760 ac
1182 734 1297 766 invidia,
1314 742 1371 762 sum
1389 736 1587 770 magnitudinis
1602 737 1731 771 amplitu-

938 777 1031 806 dinem
1047 779 1185 812 minuens,
1205 780 1252 807 sed
1270 781 1349 815 quasi
1363 789 1491 808 mensura
1518 789 1550 809 ac
1577 782 1658 809 modo
1684 789 1732 809 cu-

938 825 1075 859 pientium
1094 826 1188 853 videre
1208 827 1366 854 facultatem
1385 828 1543 862 explorans,
1566 835 1730 863 semperque

939 877 996 904 pne
1010 871 1314 905 mysteriiexccllentia,
1331 873 1438 899 cunctis
1450 872 1654 907 inaspectabilis
1669 881 1732 908 per-

942 916 1006 943 inde
1035 924 1227 952 perseverans.
1243 917 1427 950 Quamobrem
1451 918 1562 945 divinus
1582 919 1732 953 Apostolus

942 963 1065 998 mysterii
1078 963 1132 991 vim
1144 964 1282 999 sapienter
1296 964 1477 992 considerans
1489 973 1496 991 :
1509 964 1585 991 Iesus
1600 964 1730 996 Christus.

943 1008 1042 1044 inquit.
1060 1009 1150 1036 heriet
1165 1010 1257 1042 hodie;
1271 1010 1327 1044 ipse
1345 1014 1369 1036 ct
1384 1011 1411 1036 in
1424 1010 1523 1037 swcula
1537 1011 1542 1025 '
1563 1019 1569 1042 ;
1588 1010 1624 1037 ita
1649 1010 1732 1037 nimi-

942 1061 1015 1086 rum,
1030 1054 1190 1090 mysterium
1216 1062 1326 1089 semper
1352 1063 1454 1082 novum
1483 1055 1651 1091 intelligens,
1666 1055 1731 1082 nul-

941 1100 1022 1135 laque
1055 1108 1176 1135 unquam
1206 1100 1307 1128 utentis
1326 1101 1573 1136 comprehensione
1598 1109 1733 1129 consene—

942 1151 1033 1172 SCCHS.

977 1190 1004 1217 9.
1024 1190 1151 1218 Nascitur
1176 1190 1302 1218 Christus
1323 1191 1406 1223 Deus,
1429 1191 1617 1226 assumptione
1641 1191 1733 1219 carnis

942 1236 1032 1265 anima
1046 1229 1216 1272 intelligente
1234 1237 1369 1272 prmdiue,
1398 1237 1488 1264 factus
1500 1238 1599 1269 homo;
1613 1237 1659 1272 qui
1675 1238 1732 1272 ipse

943 1281 1028 1309 rebus
1054 1287 1249 1313 concesserat,
1279 1285 1310 1309 ut
1331 1289 1364 1309 es
1395 1282 1484 1310 nihilo
1520 1282 1730 1317 procederent:

942 1335 1023 1362 quem
1047 1327 1130 1362 Virgo
1157 1327 1250 1354 alliori
1275 1335 1357 1362 supra
1379 1332 1505 1355 naturam
1530 1328 1612 1354 modo
1631 1328 1730 1359 enixa,

942 1373 1048 1399 nullum
1065 1373 1232 1408 virginitatis
1252 1373 1335 1400 solvit
1350 1373 1532 1408 signaculum.
1546 1373 1731 1406 Quemadmo-

942 1417 1008 1444 dum
1017 1417 1091 1444 enim
1107 1417 1195 1445 lactus
1213 1422 1256 1445 est
1272 1418 1366 1450 homo,
1380 1418 1449 1445 nihil
1468 1418 1496 1445 in
1519 1418 1659 1445 diversum
1681 1418 1732 1445 im-

943 1465 1046 1489 mutata
1074 1465 1183 1494 natura,
1195 1463 1239 1489 vei
1262 1466 1430 1490 commutata
1448 1464 1587 1498 potentia;
1602 1464 1641 1491 sic
1661 1471 1732 1499 quo-

943 1515 997 1542 que
1019 1515 1195 1543 puerperam,
1208 1512 1238 1535 et
1259 1512 1375 1538 matrem
1401 1509 1475 1541 faclt,
1493 1513 1521 1536 et
1541 1514 1633 1537 servat
1648 1510 1733 1545 virgi-

943 1561 1018 1586 nem,
1041 1553 1069 1580 in
1090 1553 1186 1580 eodem
1197 1554 1346 1589 simulque,
1360 1554 1524 1582 miraculum
1538 1555 1671 1583 miraculo
1686 1563 1734 1583 cx-

944 1606 1064 1635 ponens,
1091 1599 1264 1634 alterumque
1288 1599 1376 1627 altero
1393 1600 1546 1627 occultans.
1567 1601 1641 1628 Deus
1657 1601 1731 1628 enim

944 1646 987 1673 sui
1003 1646 1060 1680 ipse
1079 1645 1185 1672 ratione
1208 1645 1412 1678 essentialiter,
1439 1653 1548 1681 semper
1571 1647 1732 1682 mysterium

944 1696 1001 1724 est;
1019 1695 1126 1718 tantum
1150 1690 1284 1718 naturalis
1305 1691 1392 1718 abditi
1407 1691 1452 1718 sui
1469 1691 1584 1718 latebris
1608 1692 1732 1726 seipsum

944 1736 1145 1771 cxproducens,
1159 1740 1293 1771 quantum
1310 1735 1426 1763 sulliciat
1440 1741 1471 1764 ut
1489 1737 1557 1764 illud
1575 1737 1663 1772 ipsum
1679 1745 1733 1773 qua

944 1783 1116 1818 explanatur,
1138 1782 1226 1817 magis
1240 1781 1363 1808 abditum
1376 1789 1408 1809 ne
1431 1783 1570 1809 occultum
1589 1782 1653 1816 ﬁat;
1674 1788 1734 1810 tan-

946 1833 1059 1863 tumque
1072 1835 1171 1855 rursus
1195 1835 1361 1863 puerperam
1376 1832 1492 1855 matrem
1505 1828 1642 1863 virginem
1666 1837 1734 1863 prae-

945 1879 1031 1906 stans,
1051 1878 1185 1909 quantum
1209 1881 1321 1901 necesse
1338 1874 1388 1906 sit,
1406 1879 1436 1901 ut
1461 1879 1566 1909 partus,
1584 1875 1733 1903 insolubile

946 1919 1112 1954 virginitatis
1121 1919 1261 1946 vinculum
1278 1918 1401 1946 cxslstat.

982 1965 1026 1991 10.
1048 1964 1216 1992 lnnovantur
1229 1968 1335 1992 natura:
1347 1973 1355 1998 ;
1376 1964 1506 1999 Deusqne
1518 1965 1602 1993 homo
1617 1966 1657 1993 fit.
1671 1966 1733 1994 Non

946 2010 1035 2038 solum
1044 2009 1136 2037 divina
1148 2009 1310 2044 stabilisque
1328 2016 1360 2036 ac
1372 2010 1533 2042 immobilis,
1550 2011 1583 2038 ad
1597 2019 1658 2038 eam
1672 2019 1733 2038 mo-

946 2060 1035 2088 vetur,
1054 2063 1115 2090 qua:
1128 2054 1246 2083 obnoxia
1258 2055 1344 2082 motui
1360 2063 1391 2082 ac
1411 2055 1548 2083 instabilis
1562 2060 1614 2089 est,
1632 2061 1734 2085 uteam

947 2110 962 2129 a
975 2106 1049 2129 motu
1064 2101 1159 2134 sistat;
1178 2108 1228 2127 nec
1240 2100 1329 2129 solum
1347 2100 1467 2128 humana
1482 2102 1550 2129 citra
1568 2110 1680 2130 omnem
1691 2111 1736 2130 se-

947 2152 1066 2175 mentem
1083 2154 1165 2181 supra
1181 2151 1317 2178 naturam,
1327 2154 1438 2174 carnem
1458 2147 1552 2183 515‘
1569 2148 1657 2174 Verbo
1673 2156 1736 2182 per-

948 2194 1046 2222 tectam
1065 2193 1246 2228 exproducit,
1269 2197 1299 2220 nt
1323 2192 1381 2227 ipsa
1403 2197 1480 2219 motu
1496 2193 1560 2219 fcrri
1587 2201 1618 2220 ae
1636 2194 1735 2228 jactari

103 2241 191 2276 ἀστὴρ
207 2239 237 2273 ἐξ
252 2239 389 2265 ἀνατολῶν
405 2239 434 2265 ἐν
453 2238 547 2274 ἡμέρᾳ
566 2237 738 2272 φαινόμενος,
765 2237 812 2263 καὶ
831 2236 891 2268 τοὺς

948 2240 1055 2269 desinat
1070 2248 1076 2265 :
1093 2238 1140 2266 sed
1152 2243 1179 2265 et
1192 2239 1271 2266 stella
1282 2239 1317 2266 ab
1328 2238 1440 2266 Oriente
1456 2239 1576 2266 interdiu
1586 2239 1736 2274 conspicua

106 2287 211 2322 μάγους
229 2284 334 2320 ὁδηγῶν
359 2286 400 2315 είς
422 2283 468 2310 τὸν
493 2284 576 2310 τόπον
594 2283 643 2318 τῆς
658 2282 706 2310 τοῦ
723 2283 810 2316 Λόγου
828 2290 894 2317 σαρ-

104 2334 229 2365 κώσεως,
247 2332 290 2358 ἵνα
311 2331 386 2367 δείξῃ
403 2329 542 2366 μυστικῶς
558 2329 677 2356 νικῶντα
693 2329 741 2364 τὴν
757 2328 896 2363 αἴσθησιν,

104 2380 150 2406 τὸν
162 2380 192 2406 ἐν
205 2379 280 2414 νόμῳ
296 2379 343 2405 καὶ
360 2380 514 2414 προφήταις
527 2376 616 2410 λόγον,
632 2375 680 2402 καὶ
701 2374 851 2410 ὁδηγοῦντα
863 2374 899 2401 τὰ

105 2424 170 2460 ἔθνη
187 2424 256 2460 πρὸς
277 2423 308 2450 τὸ
327 2423 456 2459 μέγιστον
474 2421 532 2457 φῶς
554 2422 604 2455 τῆς
621 2420 809 2454 ἐπιγνώσεως.
827 2418 898 2454 Πρὸς

105 2470 160 2505 γὰρ
185 2470 334 2503 ἐπίγνωσιν
359 2469 406 2495 τοῦ
434 2467 624 2503 σαρκωθέντος
651 2466 738 2500 Λόγου
770 2464 863 2499 σαφῶς
882 2465 896 2490 ὁ

105 2516 217 2552 νομικός
235 2523 265 2542 τε
285 2515 333 2541 καὶ
357 2513 528 2549 προφητικὸς
555 2513 644 2546 λόγος,
663 2511 788 2546 καθάπερ
809 2510 897 2545 ἀστὴρ

107 2562 229 2593 εὐσεϐῶς
245 2560 473 2595 κατανοούμενος,
490 2559 584 2595 ὁδηγεῖ
601 2559 664 2589 τοὺς
687 2557 759 2584 κατὰ
770 2556 897 2591 πρόθεσιν

107 2609 140 2643 τῇ
155 2607 269 2642 δυνάμει
286 2606 475 2641 κεκλημένους
490 2606 538 2640 τῆς
555 2605 678 2640 χάριτος.

145 2657 190 2680 ια’.
218 2653 327 2689 Ἐπειδὴ
345 2653 429 2680 θέλων
455 2651 521 2685 ἐγὼ,
544 2651 592 2686 τὴν
611 2650 687 2676 θείαν
704 2649 814 2684 ἐντολὴν
827 2657 900 2685 παρ-

109 2700 175 2735 έϐην
191 2701 206 2727 ὁ
217 2700 371 2735 ἄνθρωπος,
395 2699 442 2726 καὶ
461 2698 492 2724 τὸ
512 2697 626 2732 στερρὀ
646 2705 696 2731 μου
712 2695 762 2730 τῆς
779 2694 897 2729 φύσεως,

109 2746 236 2782 θεότητος
257 2746 345 2773 ἑλπίδι
366 2745 497 2776 δελεάσας
513 2744 579 2779 πρὸς
597 2742 695 2778 ἡδονὴν
718 2741 869 2776 κατέσυρεν
885 2741 899 2767 ὁ

146 2814 155 2829 ι
179 2813 262 2840 llchr.
283 2821 338 2844 xm,
356 2813 382 2840 8.
422 2813 432 2828 ¹
450 2811 545 2839 Matth.
560 2819 588 2842 ιι,
605 2810 708 2844 lseqq.

147 2870 183 2906 (ε)
196 2871 237 2897 Cl.
251 2871 332 2906 (ἷκε.
349 2871 412 2898 Nat.
431 2871 456 2897 in
472 2871 540 2898 diem
557 2867 652 2896 Christi
669 2867 796 2894 natalem.

946 2286 1046 2317 micat,
1073 2284 1218 2319 Magosqnc
1234 2284 1311 2311 ducit
1323 2291 1378 2318 quo
1391 2285 1452 2311 loco
1465 2285 1599 2316 Verbum,
1627 2293 1734 2312 assum-

945 2336 991 2367 pta
1005 2330 1201 2365 carnejacet’;
1218 2336 1273 2364 quo
1286 2329 1401 2364 mystice
1414 2337 1496 2357 sensu
1518 2331 1690 2364 superiorem
1707 2331 1735 2358 in

945 2377 1006 2412 lege
1030 2383 1062 2403 ac
1084 2374 1227 2410 prophetis
1241 2379 1396 2402 exstantem
1418 2374 1547 2401 ostendat
1562 2383 1742 2413 sermonem,

946 2426 1098 2458 gentesque
1113 2419 1146 2447 ad
1169 2420 1318 2447 maximum
1336 2419 1485 2454 agnitionis
1506 2420 1597 2447 lumen
1615 2420 1736 2456 dirigen-

948 2472 1014 2495 tem.
1028 2467 1112 2493 Plane
1128 2465 1201 2492 enim
1215 2465 1282 2500 legis
1297 2472 1388 2492 sermo
1404 2473 1436 2493 ac
1452 2466 1641 2500 propheticus,
1651 2466 1745 2494 stellze.

950 2514 1047 2545 instar,
1063 2512 1107 2548 pie
1130 2511 1298 2542 intellectus,
1315 2518 1363 2538 eos
1377 2511 1423 2545 qui
1438 2511 1533 2545 gratiae
1547 2511 1573 2538 vi
1584 2511 1742 2541 secundum,

951 2557 1123 2594 propositum
1144 2555 1234 2583 vocati
1258 2560 1340 2588 sunt,
1361 2555 1395 2582 ad
1418 2555 1539 2582 Verbum
1563 2555 1746 2591 incarnatum,

951 2601 1155 2639 agnoscendum
1170 2601 1284 2628 adducit
1294 2599 1315 2625 ³.

988 2647 1032 2674 ‘ll.
1048 2646 1126 2680 Quod
1141 2653 1192 2681 ego
1208 2646 1291 2672 homo
1313 2645 1442 2672 divinum
1463 2645 1623 2673 mandatum
1639 2651 1737 2681 sponte

952 2698 1139 2728 transgressus
1155 2700 1241 2724 eram,
1259 2699 1380 2726 utcmque
1393 2691 1690 2726 naturze_seliditatcm
1709 2695 1742 2722 et;

953 2740 1040 2780 robur
1060 2747 1108 2767 seu
1139 2738 1333 2768 constantiam.
1355 2737 1483 2765 diabolus
1513 2737 1668 2766 divinitatis
1688 2743 1743 2773 spe:

747 2809 758 2824 ³
773 2808 852 2834 Rom.
867 2815 925 2840 \‘Ilt,
939 2806 984 2834 ‘28.
