1951 3076
208 131 275 166 1391

805 126 837 156 S.
857 126 1003 157 MAXIM;
1024 124 1280 156 CONFESSORIS

1779 122 1848 154 ll‘ﬁ

207 196 237 217 se
250 187 371 224 copulet,
388 186 462 214 circa
475 191 550 216 eum,
566 182 614 218 qui
632 181 678 209 illa
691 180 825 216 praeditus
837 185 895 213 est;
909 179 1005 207 faciat-

1070 188 1125 211 τους
1143 179 1177 206 δι’
1193 180 1294 214 ἑαυτῆς
1316 179 1379 215 περὶ
1393 179 1438 206 τὸν
1453 179 1538 215 αὐτὴν
1549 178 1646 214 ἔχοντα
1662 178 1849 206 συνάπτουσα.

207 242 272 269 que,
289 238 319 261 ut
333 232 381 268 qui
403 230 545 259 hominum
562 236 650 264 genus
666 227 799 258 condidit.
817 233 847 254 ut
863 227 944 255 homo
959 234 1007 261 ap-

209 285 313 316 pareat,
338 279 373 306 ob
388 285 523 306 summam
541 277 601 312 ejus
618 276 665 311 qui
683 276 784 303 deitate
808 275 927 302 donatur
944 281 1007 301 cum
1027 277 1031 281 ”

209 326 275 356 Deo,
296 324 403 351 ratione
423 322 499 354 boni,
519 321 610 357 quoad
636 320 742 348 homini
765 327 926 347 concessum
947 323 1006 351 est,

209 370 437 402 similitudinem;
462 376 545 404 quam
567 371 699 403 praestare
714 367 853 397 existimo.
869 366 921 393 hoc
933 365 1007 400 quod

208 423 259 450 est,
271 418 390 452 Diligere
404 417 553 444 Dominum
565 416 651 443 Deum
664 423 698 442 ex
714 419 771 442 toto
784 414 868 442 corde
878 419 907 442 et
917 414 1008 440 anima

208 469 236 492 ct
250 464 371 495 virtute;
388 467 416 490 et
431 463 586 497 proximum
605 461 677 488 sicut
694 461 815 495 scipsum
833 461 864 487 ¹³.

245 509 291 536 50.
320 508 530 536 Observandum
552 507 704 538 diabolum.
719 507 783 534 dolo
796 511 885 534 astute
898 514 1010 541 compo-

210 555 276 587 sito,
295 562 344 589 per
360 555 504 589 φιλαυτίαν
523 554 636 588 (caecum
650 553 757 580 scilicet
768 561 801 580 ac
813 553 949 580 carnalem
966 552 1009 579 sui

211 601 345 635 amorem)
370 601 521 635 voluptatis
537 600 649 635 objectu
676 598 835 626 seducendo
852 598 1008 631 hominem,

211 647 302 682 ipsum
321 647 402 681 518
419 654 434 673 a
450 647 516 677 Deo,
532 646 656 680 aliosque
671 645 705 671 ab
727 644 800 676 aliis,
823 644 1011 679 pugnantibus

212 693 311 720 animis
323 701 355 720 ac
369 692 516 720 sententiis
532 691 717 727 disjunxisse;
732 698 862 725 perversa
878 690 1010 717 nimirum

213 739 392 771 rectitudine,
415 738 499 772 inque
524 738 598 764 hunc
617 737 728 763 modum
744 736 832 763 divisa
853 740 963 767 natura,
978 743 1011 762 ac

214 784 242 810 in
259 784 358 811 multas
371 782 689 818 opiniones’judiciaquc
701 781 796 808 scissa.

250 829 293 855 5|.
311 828 376 854 Tria
393 832 457 854 sunt
482 827 601 854 maxima
621 831 649 853 et
668 825 833 861 primigenia
848 825 934 858 vitia;
949 831 1011 852 om-

214 875 322 909 nisque,
338 878 369 900 ut
384 873 468 901 scmcl
482 874 583 905 dicam,
595 873 656 899 vitii
671 873 749 908 origo
760 876 788 899 et
800 879 899 904 causa;
912 877 1012 906 nempe

215 920 381 956 ignorantia,
391 920 521 954 φιλαυτία
532 918 687 955 (improbus
699 918 742 946 sui
753 926 784 945 ac
796 917 915 945 carnalis
925 915 1012 951 amor)

214 971 243 994 et
260 966 402 1002 tyrannis;
417 974 431 993 a
447 973 476 993 se
499 966 632 993 nimirum
656 970 754 993 mutuo
767 964 928 1000 pendentia,
944 963 1014 990 alia-

214 1020 268 1047 que
284 1013 345 1040 aliis
362 1013 417 1039 vim
443 1019 475 1039 ac
498 1011 716 1039 stabilimentum
733 1011 893 1046 prazbcntia.
910 1011 950 1038 Ex
965 1010 1013 1038 Dei

214 1059 288 1086 enim
302 1058 469 1094 ignorantia,
482 1063 525 1085 est
536 1058 666 1092 φιλαυτία
679 1058 778 1094 (.ezecus
789 1058 835 1085 ille
851 1057 950 1093 amor),
965 1065 1015 1084 cx-

215 1113 269 1141 que
280 1105 339 1137 illa.
358 1105 484 1140 tyrannis
498 1104 550 1140 (vis
565 1104 672 1132 scilicet
691 1103 796 1139 iniqua)
809 1111 873 1138 erga
885 1111 934 1130 eos
945 1111 1015 1138 quos

215 1151 360 1187 conjungit
380 1150 490 1186 generis
504 1150 629 1186 ejusdem
652 1149 839 1177 necessitudo.
863 1149 920 1177 Nec
936 1149 1015 1184 quis-

215 1205 298 1232 quam
317 1201 362 1224 cat
381 1196 498 1228 inﬁcias,
521 1195 588 1230 quin
610 1195 801 1230 nequissimus
823 1203 873 1230 per
896 1195 1015 1222 abusum

217 1243 390 1278 propriarum
409 1242 510 1269 virium
533 1242 662 1277 (rationis
681 1242 801 1274 scilicet,
817 1241 977 1277 cupiditatis
986 1246 1016 1269 et

217 1290 274 1324 ira’)
293 1290 351 1316 haec
369 1289 397 1316 in
414 1288 495 1316 nobis
511 1289 629 1316 suscitet
644 1296 677 1315 ac
691 1288 800 1315 elIiciat.

252 1337 296 1363 52.
319 1336 440 1371 :‘Equum
456 1344 523 1364 sane
543 1343 576 1362 ac
590 1344 640 1370 par
654 1340 706 1367 est,
731 1339 761 1362 ut
783 1342 834 1369 pro
849 1334 1014 1370 ignorantia,

216 1390 267 1418 per
279 1382 422 1409 scientiam
439 1381 474 1408 ad
489 1382 574 1408 Deum
595 1381 813 1416 singularissime
830 1388 927 1413 unum,
943 1388 1017 1415 qua}-

217 1428 304 1455 rendo
323 1435 499 1460 moveamur;
522 1427 674 1462 cupiditate
692 1434 769 1458 vero,
787 1426 930 1460 φιλαυτίας
951 1434 1016 1461 pra-

217 1473 301 1508 vique
316 1473 418 1500 amoris
433 1473 494 1500 labe
510 1480 591 1507 pura,
608 1472 635 1499 in
649 1473 736 1499 Deum
755 1472 845 1499 solum
863 1480 957 1500 amore
969 1472 1017 1500 de-

1058 226 1106 252 καὶ¹
1118 226 1156 257 ὡς
1175 225 1319 259 ἄνθρωπον
1333 226 1381 252 τὸν
1394 225 1511 260 ποιητὴν
1526 225 1580 252 τῶν
1596 223 1748 260 ἀνθρώπων
1765 226 1849 261 φανῆο

1058 279 1103 297 ναι
1118 270 1380 305 παρασκευάζουσα,
1407 270 1452 296 διὰ
1473 270 1523 305 τὴν
1541 269 1588 296 τοῦ
1615 269 1763 304 θεουμένου
1783 271 1853 306 πρὸς

1058 317 1105 343 τὸν
1121 316 1189 342 Θεὸν
1218 316 1290 343 κατά
1316 316 1347 342 τὸ
1371 316 1473 350 ἀγαθὸν
1497 316 1535 348 ὼς
1560 315 1673 350 ἐφικτὸν
1703 316 1850 352 ἀνθρώπῳ,

1058 362 1270 398 ἀπαραλλαξίαν
1283 371 1289 377 ·
1306 363 1339 398 ἣν
1356 358 1480 398 ἐνεργεῖν
1503 362 1690 397 ὑπολαμϐάνω
1708 363 1751 395 τὺ,
1770 363 1854 398 ’Λγα-

1060 411 1146 444 πῆςαι
1162 409 1265 444 Κύριον
1279 409 1324 435 τὸν
1341 409 1408 436 Θεὸν
1425 409 1455 442 ἐξ
1477 409 1541 443 ὅλης
1556 408 1683 444 καρδίας,
1697 409 1745 436 καὶ
1762 409 1853 444 ψυχῆς

1060 456 1106 482 καὶ
1119 455 1260 491 δυνάμεως
1273 463 1280 470 ·
1296 455 1400 482 καὶτὸν
1419 455 1533 490 πλησίον
1551 454 1588 485 ὼς
1603 454 1710 481 ἔαυτόν.

1096 501 1127 528 λ’.
1151 502 1260 532 Ίστέον,
1279 501 1316 533 ὡς
1343 501 1411 537 δόλῳ
1439 501 1604 536 κακούργως
1630 500 1856 536 μεμηχανημένῳ

1059 547 1104 573 διὰ
1127 548 1281 582 φιλαυτίας,
1309 547 1370 574 καθ’
1398 547 1497 583 ἡδονῆς
1526 547 1683 582 προσϐολὴν
1707 547 1856 582 ἀπατήσας

1060 595 1135 629 ἡμᾶς
1154 595 1168 620 ὀ
1196 593 1330 626 διάϐολος,
1347 593 1415 620 θεοῦ
1437 594 1486 620 καὶ
1502 592 1625 628 ἀλλήλων
1652 591 1725 619 κατά
1740 592 1857 628 γνώμην

1060 640 1197 675 διέστησε,
1216 641 1246 667 τὸ
1262 640 1340 671 εὐθὲς
1354 638 1531 674 διαστρέψας,
1548 638 1596 665 καὶ
1617 637 1668 673 τὴν
1682 637 1764 672 φύσιν
1785 639 1858 665 κατὰ

1060 687 1107 714 τὸν
1123 688 1225 723 τρόπον
1244 687 1339 714 τοῦτον
1356 686 1482 722 μερίσας,
1501 686 1548 712 καὶ
1562 684 1727 719 κατατεμὼν
1738 686 1780 717 είς
1795 685 1860 712 πολ-

1061 733 1111 764 λὰς
1126 733 1205 766 δόξας
1223 734 1270 760 καὶ
1286 733 1446 768 φαντασίας.

1099 827 1149 854 λα’.
1167 827 1238 863 Τρία
1257 827 1315 855 ἐστὶ
1330 827 1366 854 τὰ
1379 828 1497 863 μέγιστα
1511 828 1559 854 καὶ
1572 827 1726 864 ἀρχέκακα,
1745 827 1792 854 καὶ
1808 827 1861 854 πά-

1065 882 1126 908 σης,
1136 873 1230 905 ἁπλῶς
1246 875 1345 906 εἰπεῖν,
1359 874 1460 906 κακίας
1476 873 1625 909 γεννητικά
1635 882 1641 888 ·
1656 874 1765 908 ἄγνοια,
1775 873 1860 908 φημὶ,

1065 920 1113 946 καὶ
1137 920 1267 954 φιλαυτία
1289 921 1336 947 καὶ
1363 921 1505 956 τυραννίς·
1536 920 1659 955 ἀλλήλων
1684 920 1862 955 ἐξηρτημένα

1065 966 1114 993 καὶ
1140 967 1175 993 δι’
1201 966 1324 1002 ἀλλήλων
1351 967 1547 1002 συνιστάμενα.
1568 968 1616 994 Ἐκ
1643 967 1698 1003 γὰρ
1724 967 1774 1002 τῆς
1794 967 1863 1002 περὶ

1065 1011 1133 1038 Θεοῦ
1147 1012 1269 1046 ἀγνοίας,
1285 1013 1301 1047 ἡ
1314 1012 1445 1046 φιλαυτία
1455 1021 1462 1028 ’
1484 1013 1517 1039 ἐκ
1531 1013 1559 1039 δὲ
1576 1012 1691 1047 ταύτης,
1706 1013 1722 1047 ὴ
1740 1012 1810 1048 πρὸς
1832 1012 1862 1038 τὸ

1067 1057 1197 1092 συγγενὲς
1208 1059 1339 1093 τυραννίς
1358 1060 1427 1086 ἐστι.
1455 1059 1511 1086 Καὶ
1527 1059 1615 1091 οὐδεὶς
1632 1060 1742 1094 ἀντερεῖ
1769 1059 1862 1092 λόγος,

1067 1105 1104 1139 μὴ
1121 1104 1181 1139 οὐχὶ
1206 1104 1246 1140 τῷ
1262 1104 1333 1131 κατά
1360 1105 1537 1141 παράχρησιν
1553 1105 1647 1140 τρόπῳ
1671 1105 1726 1131 τῶν
1751 1105 1863 1131 οἰκείων

1065 1149 1218 1185 δυνάμεων,
1231 1149 1311 1183 λόγου
1324 1159 1352 1176 τε
1367 1151 1415 1176 καὶ
1429 1150 1577 1186 ἐπιθυμίας
1589 1150 1637 1177 καὶ
1649 1150 1748 1186 Θυμοῦ,
1758 1150 1863 1182 ταύτας

1066 1197 1096 1223 ἐν
1115 1197 1183 1231 ἡμῖν
1202 1195 1248 1223 τδν
1261 1196 1381 1232 πονηρὸν
1395 1196 1612 1232 ὑποστήσασθαι.

1102 1333 1154 1368 λμ.
1171 1335 1245 1365 Δέον,
1260 1333 1334 1368 λόγῳ
1359 1333 1420 1368 μὲν,
1444 1333 1506 1360 ἀντὶ
1524 1332 1576 1368 τῆς
1596 1332 1719 1367 ἀγνοίας,
1735 1332 1806 1368 πρὸς
1817 1331 1865 1358 τὸν

1067 1380 1134 1407 Θεὸν
1150 1379 1195 1406 διὰ
1218 1379 1347 1413 γνώσεως
1375 1379 1447 1405 κατὰ
1466 1378 1582 1414 ζήτησιν
1602 1378 1759 1414 μσνώτατον
1779 1379 1865 1404 κινεῖ-

1068 1426 1152 1452 σθαι·
1168 1426 1202 1452 δι’
1218 1426 1369 1461 ἐπιθυμίας
1392 1425 1432 1457 δὲ,
1448 1425 1496 1451 τοῦ
1516 1425 1566 1460 τῆς
1590 1425 1735 1459 φιλαυτίας
1760 1424 1865 1456 πάθους

1068 1472 1204 1508 καθαρᾶς,
1217 1471 1288 1498 κατὰ
1312 1471 1396 1498 πόθον
1414 1471 1483 1507 πρὸς
1504 1472 1550 1498 τὸν
1574 1471 1642 1498 Θεὸν
1658 1472 1738 1506 μόνον
1753 1471 1865 1498 ἐλαύνε-

218 1520 377 1554 siderioque
391 1526 520 1554 agamur;
537 1519 579 1545 ira
596 1518 727 1553 denique,
750 1517 795 1545 cui
818 1518 893 1544 nulla
910 1518 952 1545 vis
964 1518 1013 1544 ini-

1070 1518 1149 1545 σθαι⁸
1167 1518 1215 1545 καὶ
1228 1518 1268 1553 τῷ
1281 1518 1361 1554 θυμῷ
1373 1518 1533 1553 τυραννίδος
1556 1518 1769 1554 κεχωρισμένῳ,
1795 1518 1866 1553 πρὸς

219 1573 274 1601 qua
290 1572 394 1596 comes,
408 1564 494 1591 Deum
507 1563 681 1590 solummodo
698 1563 808 1598 assequi
824 1563 1013 1596 connitamur;

220 1617 303 1647 atque
320 1611 401 1638 nobis
417 1610 517 1637 horum
541 1609 658 1644 prolem,
681 1617 713 1636 ac
736 1609 764 1636 in
781 1610 861 1644 cujus
882 1609 940 1636 ltatc
955 1616 1016 1644 gra-

221 1657 286 1684 tiam
304 1655 435 1690 (divinam
452 1654 558 1682 scilicet
579 1662 611 1681 ac
632 1654 742 1682 beatam
765 1654 938 1686 charitatem,
954 1661 1016 1689 qua:

220 1706 249 1729 et
271 1702 328 1729 Deo
346 1701 470 1736 copulet,
488 1700 627 1735 deumque
641 1700 731 1728 virum
749 1700 909 1735 religiosum
922 1707 955 1727 ac
967 1699 1016 1728 Dei

221 1748 355 1775 cultorem
369 1746 478 1781 eﬁiciat)
491 1746 652 1774 conﬁemus.

255 1794 300 1822 53.
312 1793 453 1825 Φιλαυτία,
467 1793 507 1820 uti
528 1792 632 1820 dictum
649 1796 701 1824 est,
715 1792 930 1820 velutvitiorum
940 1793 1016 1828 prin-

221 1839 283 1874 cipe
305 1843 389 1874 atque
412 1842 526 1874 parente
543 1837 648 1870 evulsa,
669 1838 729 1872 ejus
743 1837 879 1866 universae
895 1838 1014 1872 soboles,

221 1892 309 1919 caque
333 1884 460 1919 sequiora
485 1883 610 1919 germina
632 1883 714 1910 simul
738 1883 818 1910 evelli
844 1883 943 1911 solent.
967 1883 1016 1911 Illa

222 1938 341 1967 namque
362 1930 480 1962 sublata,
496 1930 603 1956 nullum
619 1937 733 1964 prorsus
747 1929 859 1959 malitis
872 1937 958 1965 genus
968 1934 1016 1957 aut

222 1975 367 2009 vestigium
382 1979 471 2009 potest
482 1974 643 2001 consistere.

257 2020 301 2047 54.
321 2019 440 2046 Tantum
458 2019 659 2055 nosmetipsos,
680 2019 781 2055 aliique
805 2020 875 2053 alios
897 2021 1016 2056 comple—

222 2070 330 2094 ctamur
340 2073 372 2093 ac
381 2066 503 2093 colamus
515 2072 605 2100 opera:
615 2065 734 2100 pretium
747 2071 800 2099 est,
810 2071 944 2101 quantum
957 2067 1016 2102 ipse

223 2120 272 2147 per
287 2111 408 2146 seipsum
422 2110 551 2138 Christus
570 2110 647 2145 prior
659 2111 789 2145 ostendit,
807 2113 854 2147 qui
874 2120 923 2148 pro
937 2113 1017 2142 nobis

223 2157 294 2193 parti
311 2165 343 2184 ac
358 2156 428 2183 mori
443 2163 579 2191 propenso
596 2155 724 2191 dignatus
737 2161 789 2184 est.

1071 1563 1102 1590 τδ
1121 1563 1191 1590 Θεοῦ
1207 1564 1289 1592 μόνου
1303 1565 1396 1598 τυχεῖν
1414 1563 1609 1597 ἀγωνίζεσθαι,
1625 1564 1672 1591 καὶ
1688 1564 1740 1599 τὴν
1755 1563 1786 1591 ἐκ
1803 1563 1865 1590 τού-

1069 1619 1125 1637 των
1154 1611 1202 1637 καὶ
1224 1610 1258 1636 δι’
1277 1611 1310 1646 ἣν
1334 1610 1421 1637 ταῦτα
1443 1610 1519 1637 Θείαν
1534 1611 1581 1637 καὶ
1597 1611 1738 1646 μακνερίαν
1752 1610 1867 1646 ἀγάπην

1069 1656 1284 1692 δημιουργῆσαι,
1314 1656 1353 1692 τῷ
1377 1657 1437 1692 Θεῷ
1461 1657 1653 1684 συνάπτουσαν
1673 1665 1703 1684 τε
1727 1656 1777 1683 καὶ
1803 1656 1869 1683 θεὸν

1070 1703 1275 1738 ἀποφαίνουσαν
1287 1703 1333 1730 τὸν
1346 1703 1486 1738 φιλόθεον.

1106 1791 1157 1825 λγ¹.
1181 1791 1238 1825 Τῆς
1260 1790 1404 1825 φιλαυτίας
1427 1789 1465 1821 ὡς
1487 1789 1587 1824 ἀρχῆς,
1603 1788 1694 1820 καθὼς
1711 1789 1798 1822 εἷπον,
1815 1793 1868 1818 καὶ

1071 1836 1176 1873 μητρὸς
1187 1837 1242 1863 τῶν
1256 1837 1350 1863 κακῶν
1369 1835 1555 1871 ἀποτιλείσης.
1571 1836 1662 1863 πάντα
1676 1836 1711 1863 τὰ
1734 1836 1762 1870 ἐξ
1777 1837 1868 1873 αὐτῆς

1069 1891 1100 1909 τε
1115 1884 1162 1909 καὶ
1179 1883 1240 1918 μετ’
1262 1883 1358 1918 αὐτὴν,
1383 1881 1628 1909 συναποτίλλεσθαι
1643 1882 1740 1909 εἴωθεν
1765 1883 1865 1919 ἐπειδὴ

1069 1929 1173 1964 ταύτης
1190 1929 1227 1965 μὴ
1239 1927 1335 1963 οὔσης,
1353 1928 1413 1955 οὐδὲ
1428 1928 1557 1963 οὐδαμῶς
1568 1928 1600 1954 τδ
1615 1928 1748 1963 παράπαν
1764 1929 1868 1961 κακίας

1071 1974 1140 2008 εἶδος
1155 1976 1172 2012 ἢ
1189 1976 1261 2011 ἴχνος
1275 1975 1439 2009 ὑφίστασθαι
1454 1975 1578 2002 δύναται.

1106 2021 1153 2057 λδ.
1170 2022 1234 2048 Δέον
1245 2022 1329 2052 ἐστὶν,
1345 2021 1448 2048 ἑαυτῶν
1465 2022 1512 2048 καὶ
1524 2021 1648 2056 ἀλλήλων
1663 2020 1787 2047 τοσοῦτον
1801 2021 1868 2048 ἀντ-

1070 2069 1191 2104 έχεσθαι,
1218 2069 1280 2095 ὅσον
1293 2068 1374 2099 αὐτὸς
1388 2067 1421 2094 δι’
1437 2067 1520 2094 αὐτοῦ
1544 2067 1559 2093 ό
1575 2067 1694 2103 Χριστὸς
1715 2067 1865 2103 προλαϐὼν

1071 2115 1244 2147 ἀπεδείξατο,
1261 2114 1331 2150 ὑπὲρ
1345 2114 1424 2150 ἡμῶν
1437 2114 1536 2141 παθεῖν
1552 2114 1749 2149 ἀνασχόμενος.

257 2202 302 2229 55.
332 2201 426 2229 Sancti
452 2209 549 2228 omnes
572 2205 686 2236 propter
713 2201 875 2230 cbaritatem
903 2204 1013 2239 ejusque

1107 2206 1156 2232 λε’.
1179 2205 1229 2231 Διά
1249 2205 1298 2240 τὴν
1312 2204 1425 2240 ἀγάπην
1445 2205 1470 2231 οἱ
1497 2204 1571 2239 ᾱγιοι
1597 2204 1698 2235 πάντες
1722 2205 1793 2239 πρὸς
1817 2205 1869 2238 τὴν

222 2251 292 2275 nutu
304 2250 417 2282 peccato
429 2247 601 2278 restiterunt,
619 2247 722 2274 nullam
740 2249 883 2283 praascntis
896 2250 958 2277 vitae
973 2259 1018 2278 ra-

224 2293 327 2321 lienem
350 2293 501 2326 habentes;
518 2293 681 2329 diversaque
699 2295 795 2322 mortis
812 2304 913 2331 genera
933 2297 1003 2324 susti

224 2343 355 2372 nuerunt,
369 2344 398 2366 ut
414 2339 465 2374 ipsi
479 2339 506 2366 in
518 2347 547 2367 se
561 2348 592 2367 ac
607 2340 692 2367 Deum
709 2349 724 2367 ιι
738 2342 840 2368 mundo
853 2343 1016 2379 colligeren-

223 2390 278 2418 tur,
293 2385 459 2420 unirentque
482 2385 508 2412 in
532 2394 561 2412 se
583 2386 648 2421 ipsis
671 2391 777 2415 natura:
799 2389 931 2424 segmina.
954 2390 1017 2418 llaec

222 2431 296 2470 enim
313 2438 377 2458 vera
401 2438 432 2458 ac
454 2430 593 2465 inculpata
620 2431 742 2458 ﬁdelium
767 2432 859 2460 divina
884 2434 1018 2468 sapientia

223 2478 313 2513 (cujus
334 2476 397 2504 ﬁnis
420 2476 522 2504 bonum
546 2481 589 2504 est
612 2481 694 2511 atque
718 2478 821 2506 Veritas
849 2488 854 2506 :
879 2480 1017 2514 siquidem

223 2523 337 2554 bonum,
355 2530 492 2557 propensa
514 2522 670 2558 benignitas
682 2527 724 2550 est
739 2528 766 2550 et
783 2524 954 2559 humanitas;
967 2533 1016 2554 ve-

223 2575 357 2602 rumque,
381 2575 415 2595 ex
439 2567 501 2594 lidei
525 2567 679 2595 rationibus
704 2570 855 2604 composita
877 2571 964 2605 pietas
984 2580 1015 2600 ac

223 2615 336 2650 religio;
358 2622 423 2642 vera
446 2614 553 2641 scilicet
583 2614 727 2642 charitatis
750 2615 879 2651 insignia)
902 2622 932 2644 ut
954 2625 1016 2652 qua:

223 2661 288 2692 lico,
307 2661 430 2694 aliosque
446 2659 509 2686 aliis
527 2659 653 2686 homines
674 2660 832 2696 conjungat,
848 2669 965 2696 eamque
980 2663 1016 2690 ob

222 2713 279 2732 rem
297 2705 374 2732 ﬁrma
389 2712 421 2733 ac
443 2703 581 2732 constanti
604 2704 739 2732 bonorum
756 2707 927 2740 percnnitate
948 2716 1014 2744 gau-

221 2751 293 2778 deat.

258 2839 281 2856 ⁸³
297 2838 375 2866 Deut.
395 2847 429 2871 γι,
446 2839 477 2871 5;
494 2839 590 2867 llattb.
603 2848 668 2873 un,
684 2840 728 2867 Ξῖ.

1073 2251 1212 2286 ἁμαρτίαν
1234 2250 1482 2285 ἀντικατέστησαν,
1497 2249 1548 2285 τῆς
1564 2250 1708 2285 παρούσης
1724 2249 1799 2284 ζωῆς
1819 2250 1868 2276 οὗ-

1070 2297 1134 2324 δένα
1150 2297 1228 2331 λόγον
1243 2296 1443 2332 ποιησάμενοι·
1477 2296 1525 2322 καὶ
1552 2296 1616 2327 τοὺς
1644 2295 1795 2328 πολυειδεῖς
1818 2296 1867 2323 τοῦ

1072 2344 1190 2371 θανάτου
1205 2344 1325 2379 τρόπους
1339 2343 1508 2377 ὑπέστησαν,
1531 2342 1574 2369 ἵνα
1592 2342 1661 2379 πρὸς
1682 2342 1797 2374 ἑαυτοὺς
1812 2343 1869 2370 ἀπὺ

1070 2390 1118 2417 τοῦ
1138 2391 1242 2426 κόσμου
1256 2390 1303 2416 καὶ
1319 2390 1364 2416 τὸν
1381 2389 1447 2416 Θεὸν
1465 2389 1629 2424 συναχθῶσι,
1644 2388 1740 2415 καὶτὰ
1753 2388 1802 2423 τῆς
1820 2389 1869 2423 φύ-

1072 2444 1141 2466 σεως
1154 2435 1196 2469 ἐφ’
1211 2435 1316 2462 ἑαυτῶν
1329 2433 1450 2461 ἐνώσωσι
1467 2435 1608 2470 ῥήγματα.
1623 2433 1698 2469 Δῦτη
1712 2433 1767 2469 γάρ
1790 2434 1867 2460 ἔστιν

1070 2483 1086 2517 ἠ
1103 2481 1207 2517 ἀληθὴς
1230 2481 1278 2508 καὶ
1299 2481 1451 2517 ἀμώμητος
1467 2481 1522 2507 τῶν
1547 2479 1651 2508 πιστῶν
1667 2480 1798 2514 θεοσοφία
1810 2488 1817 2494 '
1832 2478 1867 2515 ἧς

1070 2527 1165 2559 τέλος,
1183 2527 1213 2553 τὺ
1235 2527 1339 2561 ἀγαθόν
1358 2527 1416 2553 ἐστι
1434 2527 1482 2554 καὶ
1499 2527 1516 2562 ἡ
1536 2526 1670 2563 ἀλήθεια·
1691 2527 1774 2562 ειπερ
1794 2527 1866 2561 ἀγα-

1071 2572 1117 2599 θὸν
1137 2573 1166 2599 τὸ
1189 2572 1393 2608 φιλάνθρωπον,
1420 2572 1467 2599 καὶ
1496 2572 1598 2607 ἀληθὲς
1617 2571 1648 2598 τδ
1674 2572 1746 2599 κατά
1771 2573 1867 2600 πίστιν

1071 2619 1205 2654 φιλόθεον,
1223 2620 1258 2646 τὰ
1273 2619 1321 2654 τῆς
1339 2619 1450 2654 ἀγάπης
1465 2619 1646 2654 γνωρίσματα
1658 2626 1664 2632 ·
1688 2618 1726 2650 ὡς
1741 2618 1802 2654 Θεῷ
1817 2620 1867 2646 καὶ

1070 2666 1198 2702 ἀλλήλοις
1209 2667 1271 2698 τοὺς
1288 2665 1450 2701 ἀνθρώπους
1466 2665 1652 2696 συνάπτουσα,
1669 2665 1716 2691 καὶ
1727 2664 1772 2691 διὰ
1785 2665 1867 2692 τοῦτο

1070 2712 1125 2738 τῶν
1146 2712 1256 2746 ἀγαθῶν
1272 2712 1322 2748 τὴν
1341 2711 1472 2748 διαμονὴν
1486 2711 1656 2739 ἀδιάπτωτον
1672 2711 1784 2747 ἔχουσα.
