1951 3076
125 114 193 148 ili)?!

475 117 641 148 CAPITUM
659 117 871 154 QUINQUIES
890 117 1150 149 CENTENORUM
1169 117 1362 148 CENTURIA
1382 118 1406 148 Ι.

1685 117 1752 148 lilii

158 174 210 204 λς’.
232 172 374 209 Ἐνέργεια
400 173 447 199 καὶ
471 173 606 206 ἀπόδειξις
630 175 678 209 τῆς
694 174 761 210 πρὸς
777 173 843 200 Θεὸν
863 183 907 200 τε-

997 174 1079 209 519
1092 175 1136 202 56.
1149 175 1278 202 Perfecta:
1291 174 1318 202 in
1331 175 1417 202 Deum
1436 169 1579 202 cbaritatis
1593 173 1633 202 vis
1643 170 1677 202 ac
1691 183 1754 210 pro-

121 217 197 250 ὶείας
211 218 323 254 ἀγάπης
338 219 422 251 ἐστὶν,
437 219 457 254 ή
469 219 574 255 γνησία
594 220 630 246 δι’
652 219 760 251 εὐνοίας
784 220 908 246 ἑκουσίου

121 262 192 299 πρὸς
205 264 252 290 τὸν
265 264 380 299 πλησίον
393 264 526 296 διάθεσις.
541 265 573 291 Ὀ
588 265 643 300 γὰρ
655 265 698 300 μὴ
713 266 837 300 ἀγαπῶν
856 266 910 293 τὸν

119 308 257 342 ἀδελφὸν
271 308 376 341 αὺτοῦ,
396 309 432 335 ὃν
451 309 571 343 ἑώρακε,
591 311 675 345 φησὶν
692 312 706 336 ὁ
725 311 796 347 θεῖος
817 311 908 338 Ἰωάν-

119 362 182 389 νης,
198 354 252 381 τὸν
267 355 340 382 Θεὸν
354 355 390 382 ὃν
402 356 458 390 οὐχ
484 355 623 389 ἑώρακεν,
644 357 680 383 οὐ
699 356 824 383 δύναται
838 357 910 390 ἀγα-

120 401 194 434 πᾷν.

155 447 206 479 λζ’.
224 447 257 474 'll
284 447 335 482 τῆς
364 447 493 483 ἀληθείας
515 447 584 480 ὁδὸς,
611 449 627 484 ή
654 448 749 484 ἀγάπη
764 449 847 481 ἐστὶν,
876 449 910 484 ἣν

121 493 219 519 ἑαυτὸν
234 492 370 529 ὀνομάσας
388 495 402 520 ό
423 493 471 520 τοῦ
495 493 563 520 Θεοῦ
587 494 685 528 Λόγος,
701 495 765 526 τοὺς
791 495 820 521 ὲν
839 495 909 531 αὐτῇ

119 539 274 571 ὁδεύοντας,
297 539 337 574 τῷ
360 539 420 574 Θεῷ
446 540 494 566 καὶ
509 539 598 575 Ila.th
624 540 761 577 καθαροὺς
777 541 910 568 παντοίων

120 584 288 620 γενομένους
301 585 480 620 παρίστησιν.

156 630 209 666 λη’.
219 631 305 666 Ἀὕτη
315 631 388 657 ἐστὶν
402 632 419 666 ὴ
433 631 513 667 θύρα,
527 631 561 658 δι’
576 629 610 668 ἧς
624 632 638 658 ό
653 632 853 668 εἰσερχόμενος,
870 634 911 664 είς

119 676 155 702 τὰ
168 677 253 711 ’Ἅγια
268 677 374 710 γίνεται
386 677 441 703 τῶν
457 677 553 710 ἁγίων,
569 679 615 704 καὶ
629 678 676 705 τοῦ
690 679 838 714 ἀπροσίτου
847 679 911 706 κάλ-

119 723 185 754 λους
212 723 260 757 τῆς
281 723 363 757 ἁγίας
377 723 426 749 καὶ
454 723 597 759 βασιλικῆς
612 723 727 760 Τριάδος
749 723 911 751 καθίσταται

119 768 196 801 ἄξιος
215 769 315 804 θεατὴς
332 769 470 803 γενέσθαι.

150 809 205 841 λοι.
222 814 339 850 Φοὸερὺν
356 814 440 846 ὅντως
452 815 500 841 καὶ
517 814 608 850 πάσης
621 815 809 851 κατακρίσεως
826 816 911 851 ὑπερ·

118 864 260 892 επέκεινα,
272 861 302 887 τὸ
312 860 362 896 τὴν
374 860 499 887 δοθεῖσαν
514 861 580 896 ἡμῖν
594 861 670 896 παρὰ
684 861 751 888 Θεοῦ
770 863 840 888 κατὰ
856 862 909 889 δω-

119 906 187 942 ρεὰν
199 906 246 932 τοῦ
261 906 341 940 ἁγίου
357 905 427 932 Πνεύ
432 914 516 941 ματος
530 907 662 938 ἑκουσίως
674 907 811 942 νεκρῶσαι
826 907 908 944 ζωὴν,

117 953 164 978 διὶ
177 952 226 987 τῆς
242 952 310 987 πρὸς
322 951 357 979 τὰ
371 951 539 987 φθειρόμενα
553 952 663 987 ἀγάπης
675 961 681 967 ·
697 952 743 978 καὶ
757 952 829 979 [eam
843 952 910 979 πάν-

117 1006 174 1029 τως
186 998 280 1024 τοῦτον
292 999 339 1024 τὸν
355 997 448 1033 φόϐον,
464 999 489 1024 oi
501 998 552 1033 τὴν
563 997 691 1031 ἀλήθειαν
704 998 753 1033 τῆς
768 997 910 1033 φιλαυτίας

118 1045 261 1080 προτιμᾷν
276 1044 489 1079 μελετήσαντες.

157 1093 194 1125 μ’.
209 1089 383 1126 Χρησώμεθα
402 1091 440 1122 εἰς
453 1090 513 1117 δέον
526 1091 559 1126 τῇ
575 1091 682 1126 είρήνῃ,
711 1090 758 1117 καὶ
776 1090 825 1126 τὴν
841 1090 909 1126 πρὸς

117 1136 166 1162 τὸν
183 1136 214 1162 κό
221 1144 294 1170 ςμον,
316 1136 363 1162 καὶ
377 1136 423 1162 τὸν
445 1136 656 1172 κοσμοκράτορα
674 1136 767 1168 κακῶς
782 1137 848 1172 ἡμῖν
865 1136 908 1162 ὲν-

121 1178 286 1214 υπᾶρξασαν
300 1182 488 1218 ἁθετήσαντες
499 1182 601 1217 φιλίαν,
614 1183 660 1209 τὸν
680 1182 723 1209 διὰ
740 1182 794 1209 τῶν
813 1182 909 1209 παθῶν

119 1228 189 1263 πρὸς
205 1227 250 1254 τὸν
265 1227 331 1254 Θεὸν
347 1228 554 1264 συνιστάμενον,
571 1228 624 1255 κᾶν
637 1228 686 1262 όψὲ
701 1237 767 1255 ποτε
792 1228 905 1255 καταλῦ-

118 1266 213 1308 8ωμεν
233 1274 351 1309 πόλεμον
361 1282 368 1288 ·
386 1274 435 1301 καὶ
450 1273 565 1305 σπονδὰς
582 1273 697 1307 ἀλύτους
715 1275 766 1310 τῆς
781 1274 848 1310 πρὸς
861 1274 909 1300 αὑ-

118 1320 167 1345 τὸν
183 1319 295 1355 εἰρήνης
320 1320 493 1356 ποιήσαντες,
508 1320 537 1347 ὲν
552 1321 585 1356 τῇ
600 1321 772 1357 καταργήσει
790 1320 837 1347 τοῦ
856 1320 908 1346 σώ-

120 1373 208 1400 ματος
223 1366 273 1400 τῆς
301 1365 448 1401 ἁμαρτίας,
463 1366 514 1402 τῆς
538 1367 607 1403 πρὸς
622 1367 704 1394 αὐτὸν
719 1367 820 1403 ἔχθρας
836 1374 907 1393 παυ-

119 1411 244 1447 σώμεθα.
516 1406 523 1412 θ

157 1457 213 1492 μα’.
234 1457 380 1485 ’Δδύνατόν
398 1457 472 1485 ἐστιν
494 1459 568 1494 ἡμᾶς
584 1459 746 1495 φιλιωθῆναι
772 1460 842 1496 Θεῷ,
862 1460 909 1488 διὰ

118 1503 176 1530 τῶν
191 1503 285 1531 παθῶν
305 1503 373 1540 πρὸς
391 1504 472 1531 αὑτὸν
486 1505 693 1537 στασιάζοντας,
708 1505 805 1541 καὶτῷ
822 1514 907 1541 πονη-

121 1549 163 1585 ρῷ
187 1550 311 1586 τυράννῳ
336 1550 384 1577 καὶ
401 1552 516 1586 φονευτῇ
538 1550 594 1577 τῶν
616 1551 711 1586 ψυχῶν
728 1551 845 1588 διαϐόλῳ
863 1551 909 1579 διὰ

119 1595 220 1627 κακίας
237 1596 419 1631 δασμοφορεῖν
443 1596 634 1632 ἀνεχομένους,
656 1596 693 1632 μὴ
711 1597 844 1633 πρότερον
868 1597 909 1624 δι-

117 1640 180 1667 όλου
197 1641 404 1677 πολεμωθέντας
423 1641 461 1677 τῷ
479 1641 602 1678 πονηρῷ.
616 1641 706 1678 Μέχρι
721 1643 775 1677 γὰρ
787 1643 846 1670 τότε
861 1643 908 1670 τοῦ

118 1686 189 1712 Θεοῦ
208 1687 419 1722 καθεστήκαμεν
436 1687 530 1723 ἐχθροὶ
554 1688 601 1714 καὶ
630 1687 767 1722 πολέμιοι,
791 1688 842 1714 κᾶν
864 1697 909 1714 πι-

121 1733 194 1758 στῶν
213 1733 401 1769 προσηγορίαν
414 1734 481 1768 ἡμῖν
498 1734 591 1765 αὐτοῖς
605 1734 844 1770 περιπλάττωμεν.
861 1734 910 1768 μέ-

120 1786 182 1813 χρις
197 1774 228 1803 οὗ
242 1778 356 1805 πάθεσιν
373 1779 487 1814 ἀτιμίας
514 1778 653 1805 δουλεύειν
669 1778 838 1814 βουλόμεθα·
863 1778 910 1805 καὶ

120 1823 198 1850 οὐδὲν
212 1823 306 1858 ὄφελος
322 1825 387 1860 ἡμῖν
409 1825 442 1851 ὲκ
456 1825 505 1860 τῆς
521 1824 591 1851 κατὰ
605 1825 651 1852 τὸν
675 1825 777 1860 κόσμον
798 1825 910 1860 εἰρήνης

119 1868 214 1894 λοιπὸν
238 1870 447 1904 περιγενήσεται
462 1888 469 1900 ,
487 1869 537 1904 τῆς
553 1869 642 1904 ψυχῆς
664 1869 756 1901 κακῶς
772 1869 910 1904 διακειμέ-

118 1921 180 1948 νης,
197 1913 245 1940 καὶ
262 1914 330 1949 πρὸς
346 1914 392 1941 τὸν
408 1914 474 1941 ἴδιον
492 1915 608 1951 ποιητὴν
633 1915 845 1951 στασιαζούσης,
861 1916 909 1943 καὶ

117 1960 172 1986 ὐπὺ
186 1959 236 1994 τὴν
259 1959 342 1986 αὑτοῦ
361 1959 499 1995 βασιλείαν
515 1960 642 1995 γενέσθαι
656 1962 707 1988 οὒκ
722 1962 889 1997 ἁνεχομένης
900 1969 907 1976 ·

117 2005 160 2031 ἔτι
177 2005 286 2040 μυρίοις
305 2006 485 2041 πεπραμένης
500 2006 586 2041 ὠμοῖς
599 2006 743 2039 δεσπόταις
755 2007 796 2039 εἰς
810 2007 909 2034 κακίαν

117 2051 207 2085 αὐτὴν
219 2051 424 2086 κατεπείγουσι,
438 2052 485 2079 καὶ
498 2052 548 2088 τὴν
567 2054 605 2084 είς
618 2053 758 2080 ἀπώλειαν
773 2053 909 2089 φέρουσαν

116 2096 190 2128 ὁδὸν,
214 2097 265 2132 τῆς
299 2096 439 2133 σωζούσης
466 2097 568 2133 μᾶλλον
593 2099 741 2135 άπατηλῶς
772 2099 909 2136 αἱρεῖσθαι

118 2142 388 2177 παρασκευάζουσιν.

961 221 1048 254 batio,
1062 228 1128 248 vera
1141 225 1182 248 cst
1195 228 1259 256 erga
1275 221 1430 256 proximum
1443 222 1569 248 ultronea
1585 222 1752 249 benevolen-

962 268 999 295 tia
1019 268 1158 303 animique
1174 268 1293 295 all'ectio.
1311 267 1364 299 Qui
1377 267 1461 300 enim,
1473 267 1563 302 inquit
1576 267 1656 294 divus
1668 267 1752 295 Joan-

961 320 1020 345 nes,
1047 320 1099 339 non
1115 312 1201 347 diligit
1218 312 1328 346 fratrem
1344 319 1431 343 suum,
1447 319 1523 346 quem
1548 311 1633 343 videt,
1657 312 1752 345 Deum,

961 366 1038 394 quem
1052 367 1103 385 non
1118 358 1197 390 videt,
1211 357 1321 392 diligere
1339 365 1389 383 non
1406 361 1489 392 potest
1507 356 1538 382 ιδ.

996 448 1041 475 57.
1061 449 1109 476 Via
1122 448 1256 480 veritatis,
1270 447 1391 475 Charitas
1402 452 1454 479 est,
1469 455 1550 482 quam
1567 447 1686 482 scipsum
1707 435 1755 474 vo-

961 503 1026 522 cans
1041 495 1090 522 Dei
1103 495 1222 522 Verbum
1247 495 1278 527 ‘5,
1299 494 1472 521 ambulantes
1493 494 1521 520 in
1542 501 1584 525 ea,
1605 493 1680 520 omni
1694 493 1754 521 labe

961 547 1057 575 puros,
1073 540 1129 568 Deo
1143 548 1175 567 ac
1193 540 1265 567 Patri
1282 543 1470 574 repraesentat.

997 634 1041 662 58.
1058 634 1120 661 Πιεε
1135 639 1178 661 cst
1191 639 1279 669 porta,
1303 642 1352 669 per
1371 642 1453 669 quam
1475 634 1522 669 qui
1545 634 1709 669 ingreditur,
1725 635 1752 661 in

962 679 1061 707 Sancta
1074 684 1232 707 sanctorum
1248 683 1385 714 penetrat,
1397 680 1551 715 dignusque
1564 680 1690 712 ellicitur,
1705 682 1752 715 qui

961 730 1062 753 sanctae
1075 734 1107 753 ac
1122 726 1220 761 regalis
1231 726 1373 754 Trinitatis
1384 727 1518 754 inaccessi
1530 727 1638 756 decoris
1648 732 1754 761 specta-

963 775 1005 798 tor
1027 771 1149 799 exsistat.

996 815 1040 842 59.
1056 814 1241 843 Tremendum
1260 823 1326 843 sane
1342 816 1472 851 omnique
1487 816 1575 852 majus
1588 816 1754 844 condemna-

928 851 948 878 Β
962 861 1047 892 tione,
1062 861 1135 895 quod
1148 868 1307 889 concessam
1320 862 1401 889 nobis
1412 851 1547 890 divinitus
1558 862 1677 897 Spiritus
1692 870 1754 890 san-

963 907 1000 933 cti
1016 914 1129 934 munere
1144 907 1240 939 vitam,
1258 906 1391 934 ﬂutarnm
1414 915 1508 935 rerum
1530 915 1562 935 ac
1577 908 1753 943 pereuntium

963 959 1068 985 amore,
1084 957 1181 988 sponte
1195 953 1371 988 perimamus.
1387 953 1512 989 Eumque
1525 954 1605 989 plane
1616 959 1754 981 noverunt

963 1003 1078 1031 metum,
1093 998 1140 1033 qui
1156 998 1299 1026 veritatem
1313 999 1442 1034 φιλαυτία
1459 999 1542 1035 (careo
1559 1000 1598 1027 illi
1619 1001 1705 1028 amori
1721 1009 1753 1028 ac

963 1043 1077 1080 carnali)
1093 1044 1230 1072 anteferre
1246 1045 1421 1073 studuerunt.

997 1089 1042 1116 40.
1056 1089 1109 1117 Pro
1121 1098 1155 1118 eo
1172 1097 1204 1117 ac
1223 1090 1303 1118 decet
1318 1098 1385 1125 pace
1399 1095 1520 1124 utamur,
1534 1091 1659 1126 maleque
1672 1091 1753 1119 nobis

954 1131 1025 1160 cum
1044 1134 1157 1167 mundo,
1184 1135 1334 1170 mundique
1357 1140 1463 1163 rectore
1484 1141 1638 1164 consertam
1659 1137 1754 1164 amici—

963 1178 1029 1205 tiam
1044 1179 1150 1207 irritam
1163 1187 1323 1215 cassamque
1336 1181 1494 1213 reddentes,
1509 1182 1617 1209 tandem
1629 1183 1754 1218 aliquan-

962 1225 998 1252 do
1014 1226 1161 1253 conﬂatum
1177 1227 1257 1254 nobis
1269 1226 1401 1254 vitiorum
1415 1227 1477 1254 labe
1490 1235 1521 1255 ac
1535 1227 1682 1255 affectuum
1696 1229 1753 1256 bel-

961 1270 1018 1298 lum
1033 1271 1165 1300 adversus
1179 1272 1265 1299 Deum
1284 1272 1476 1305 dissolvamus,
1493 1273 1621 1308 pacisque
1639 1282 1701 1301 cum
1719 1282 1754 1301 co

963 1316 1119 1344 insolubilia
1141 1318 1287 1354 iungentes
1312 1318 1426 1351 fmdcra,
1448 1319 1474 1346 in
1492 1319 1677 1347 destructione
1692 1328 1754 1348 cor-

962 1361 1037 1396 poris
1051 1362 1157 1397 peccati
1174 1363 1206 1396 ”,
1223 1362 1428 1391 inimicitiarum
1444 1371 1506 1390 cum
1528 1364 1588 1399 ipso
1617 1363 1699 1391 ﬁnem
1713 1365 1753 1392 fa-

961 1407 1075 1435 ciamus.

997 1454 1042 1481 41.
1060 1454 1206 1489 Nunquam
1222 1455 1267 1482 liat
1281 1459 1312 1482 ut
1325 1455 1382 1483 Deo
1397 1455 1519 1483 amicitia
1535 1456 1690 1492 iungamur,
1705 1457 1752 1492 qui

962 1510 1012 1537 per
1028 1502 1094 1530 vitia
1109 1506 1190 1537 atque
1205 1502 1321 1530 allectus
1344 1503 1383 1530 illi
1409 1503 1526 1530 rebelles
1541 1503 1644 1535 simus,
1667 1504 1753 1538 pessi—

962 1557 1060 1583 moqne
1084 1549 1237 1576 animorum
1261 1553 1378 1584 tyranno
1402 1557 1435 1577 ac
1458 1549 1603 1577 homicida:
1627 1549 1751 1582 diabolo,

962 1594 1053 1628 pravis
1080 1594 1178 1621 studiis
1203 1594 1348 1630 vestigales
1374 1602 1434 1622 csse
1458 1596 1660 1626 sustincamus,
1686 1595 1753 1630 quin

962 1639 1037 1673 prius
1053 1639 1223 1674 nequissimo
1240 1639 1344 1667 inimici
1369 1647 1484 1675 prorsus
1507 1639 1667 1667 cliiciamur.
1681 1640 1754 1667 Tan~

961 1685 1008 1711 diu
1023 1685 1096 1712 enim
1111 1685 1159 1712 Dei
1174 1685 1267 1713 hostes
1279 1693 1374 1713 sumus
1389 1694 1421 1713 ac
1437 1685 1552 1718 inimici,
1566 1686 1672 1713 tametsi
1688 1686 1753 1713 ﬁde-

962 1731 1027 1757 lium
1051 1731 1131 1758 nobis
1150 1739 1251 1758 nomen
1273 1731 1440 1766 aliingimus,
1467 1731 1588 1766 quandiu
1611 1731 1753 1766 probrosis

961 1775 1104 1803 aﬂ‘cctibus
1118 1777 1222 1803 servire
1245 1776 1274 1803 in
1295 1776 1416 1803 animum
1433 1776 1610 1803 inducimus:
1625 1784 1676 1804 ncc
1695 1776 1751 1812 jam

961 1821 1040 1849 nobis
1055 1829 1088 1850 ex
1104 1821 1198 1849 mundi
1212 1829 1279 1857 pace
1296 1823 1408 1850 accedet
1422 1822 1525 1857 aliquid
1544 1822 1690 1855 commodi,
1703 1822 1751 1857 qui

961 1869 1031 1895 male
1046 1869 1138 1896 animo
1154 1869 1245 1896 allecti
1268 1869 1364 1901 simus,
1382 1868 1583 1903 adversumun
1607 1869 1750 1904 proprium

960 1918 1100 1941 auctorem
1126 1914 1306 1945 rcbcllcmus.
1333 1922 1384 1941 nec
1409 1915 1469 1950 ejus
1491 1915 1611 1942 feramus
1636 1914 1752 1949 imperio

960 1960 1059 1996 subjici
1079 1969 1086 1987 :
1108 1961 1261 1988 innumeris
1280 1961 1386 1988 scilicet
1401 1960 1550 1988 venundati
1567 1960 1646 1988 sanis
1661 1961 1750 1988 domi-

960 2006 1013 2038 nis,
1040 2007 1068 2034 in
1092 2006 1190 2034 vitium
1214 2014 1247 2034 ae
1267 2006 1397 2033 malitiam
1419 2006 1652 2041 propellentibus,
1668 2010 1696 2033 et
1717 2007 1751 2033 ad

960 2053 1031 2080 viam
1045 2061 1105 2088 qua:
1128 2052 1204 2080 ducit
1220 2052 1253 2080 ad
1273 2052 1466 2088 perditionem,
1481 2060 1537 2087 prae
1552 2060 1583 2078 ca
1605 2060 1658 2086 qua
1679 2051 1752 2079 salus

960 2104 1081 2134 paratur,
1094 2106 1188 2126 errore
1201 2098 1365 2133 eligendam,
1380 2097 1459 2125 nobis
1473 2097 1641 2124 auctoribus.

156 2186 212 2222 μ6’.
229 2187 277 2219 Εἰς
290 2187 370 2215 τοῦτο
388 2189 462 2224 ἡμᾶς
483 2191 634 2225 πεποίηκεν
648 2190 662 2216 ὁ
674 2190 750 2224 Θεὸς,
768 2192 811 2219 ἵνα
824 2193 908 2227 γενώ-

995 2187 1040 2216 42.
1065 2188 1095 2215 In
1121 2187 1173 2214 hoc
1196 2194 1247 2214 nos
1266 2186 1338 2213 Deus
1353 2185 1486 2217 condidit,
1504 2190 1533 2212 ut
1547 2185 1697 2212 efﬁciamur
1711 2184 1752 2211 di-

119 2232 194 2267 μεθα
210 2233 286 2265 θείας
305 2234 430 2261 κοινωνοὶ
446 2233 565 2268 φύσεως,
581 2236 628 2262 καὶ
653 2236 701 2271 τῆς
727 2237 811 2264 αὐτοῦ
826 2239 909 2266 ἀῐδιό-

116 2286 202 2312 τητος
222 2278 343 2313 μέτοχοι,
366 2278 414 2305 καὶ
429 2280 558 2315 φανῶμεν
574 2280 650 2316 αὐτῷ
668 2282 757 2317 ὅμοιοι
772 2284 842 2310 κατὰ
859 2285 908 2319 τὴν

118 2323 153 2349 ἐκ
168 2323 281 2359 χάριτος
296 2323 406 2357 θέωσιν,
423 2325 456 2352 δι’
470 2326 504 2362 ην
519 2326 596 2353 πᾶσά
612 2335 642 2353 τε
656 2326 711 2354 τῶν
729 2327 813 2355 ὄντων
830 2330 846 2365 ὴ
860 2331 909 2356 σύ·-

119 2369 217 2402 στασίς
231 2370 290 2396 ἐστι
307 2370 354 2397 καὶ
367 2371 494 2407 διαμονὴ,
517 2372 564 2399 καὶ
577 2373 594 2407 ὴ
614 2372 668 2399 τῶν
683 2373 720 2408 μὴ
733 2373 817 2402 ὄντων
837 2384 909 2412 παρ-

120 2415 220 2450 αγωγὴ
240 2415 287 2442 καὶ
304 2415 419 2451 γένεσις.

156 2507 194 2533 μγ
206 2520 213 2525 .
229 2498 260 2524 Εἰ
286 2499 333 2525 τοῦ
356 2499 424 2526 Θεοῦ
438 2499 618 2535 ὀνομάζεσθαί
632 2509 661 2527 τε
677 2501 724 2536 καὶ
747 2499 817 2528 εἶναι
834 2503 906 2537 ἐφιέ-

120 2543 203 2579 μεθα,
220 2545 422 2580 ἀγωνισώμεθα
451 2546 489 2581 μὴ
513 2546 656 2582 προδοῦναι
670 2548 726 2579 τοῖς
748 2548 847 2575 πάθεσι
863 2549 907 2575 τὸν

119 2589 217 2622 Λόγον,
246 2590 318 2616 κατὰ
334 2590 379 2616 τὸν
394 2591 512 2618 Ἰούδαν
531 2592 547 2627 ἢ
567 2592 604 2627 μὴ
633 2592 815 2628 ἀρνήσασθαι,
839 2595 908 2622 κατὰ

119 2635 164 2661 τὸν
180 2636 293 2670 Πέτρον.
311 2637 444 2672 Ἀρνησις
461 2637 515 2672 γάρ
539 2639 598 2665 ἐστι
623 2638 670 2665 τοῦ
694 2639 793 2674 Λόγου,
817 2642 834 2676 ἡ
859 2642 908 2669 τοῦ

119 2682 254 2717 πράττειν
275 2682 306 2709 τὸ
326 2683 428 2717 ἀγαθὸν
447 2683 491 2710 διὰ
508 2683 590 2718 φόϐον
608 2685 789 2721 παραίτησις·
811 2688 908 2722 προδο·

119 2727 166 2753 σία
190 2728 231 2761 δὲ,
250 2729 266 2764 ὴ
284 2729 346 2755 κατ’
368 2729 510 2764 ἐνέργειαν
525 2730 695 2765 ἒμπρόθετος
711 2732 844 2769 ἁμαρτία,
861 2735 908 2762 καὶ

119 2773 136 2807 ἡ
151 2773 219 2809 πρὸς
232 2774 283 2810 τὴν
294 2775 434 2810 ἁμαρτίαν
448 2776 533 2811 ὁρμή.

961 2234 1031 2261 vium
1046 2236 1188 2261 consortes
1208 2235 1314 2259 natura:
1329 2231 1361 2263 ‘7,
1379 2231 1493 2266 ejusque
1510 2230 1671 2257 aeternitatis
1692 2237 1753 2264 par-

962 2280 1070 2315 ticipes,
1095 2282 1178 2313 atque
1198 2278 1237 2305 illi
1259 2277 1363 2305 similes
1381 2276 1402 2292 ¹⁸
1419 2278 1598 2312 appareamus
1616 2283 1665 2310 per
1676 2275 1754 2302 dciti-

961 2325 1109 2357 cationem,
1126 2332 1187 2360 qum
1207 2333 1240 2352 ex
1261 2324 1347 2359 gratia
1362 2328 1405 2351 est
1420 2332 1426 2350 :
1442 2323 1477 2350 ob
1491 2330 1572 2357 quam
1587 2330 1678 2349 rerum
1694 2330 1752 2349 om-

963 2371 1038 2398 nium
1055 2371 1136 2406 520
1158 2370 1319 2398 constitutio
1343 2373 1371 2397 et
1393 2369 1567 2404 percnnitas,
1584 2376 1750 2402 eorumque,

962 2425 1023 2453 qua:
1042 2417 1160 2445 necdum
1180 2417 1209 2443 in
1231 2423 1323 2445 rerum
1339 2423 1423 2443 censu
1445 2415 1592 2446 exsistunt,
1607 2415 1751 2449 productio

960 2468 986 2491 Cl
999 2468 1085 2490 Ol'lllS.

999 2509 1040 2536 i5.
1060 2509 1089 2537 Si
1111 2509 1158 2536 Dci
1182 2516 1212 2536 re
1233 2513 1315 2543 atque
1338 2507 1449 2535 nomine
1470 2515 1530 2534 csse
1550 2506 1749 2537 desideramus,

962 2555 1013 2582 hoc
1024 2556 1172 2586 enitamur,
1193 2562 1244 2581 nec
1260 2555 1287 2581 in
1303 2553 1379 2581 Iuda:
1393 2561 1496 2580 morem
1511 2553 1630 2580 Verbum
1646 2560 1693 2579 seti
1708 2560 1750 2579 ra-

962 2602 1063 2629 tionem
1081 2601 1226 2629 aﬂcctibus
1246 2601 1410 2636 prodamus;
1426 2607 1494 2626 neve
1510 2599 1595 2626 instar
1609 2598 1682 2625 Petri
1702 2597 1750 2623 ab-

961 2655 1102 2682 nogemus.
1117 2648 1200 2675 Verbi
1212 2647 1284 2674 enim
1303 2647 1472 2681 rationisque
1488 2646 1596 2680 negatio
1608 2649 1660 2677 est,
1676 2645 1748 2679 quod

961 2693 1023 2729 quis
1037 2698 1128 2721 metus
1136 2701 1218 2720 causa
1234 2697 1342 2720 recuset
1354 2697 1484 2727 praestare
1496 2692 1617 2724 bonum;
1630 2691 1751 2726 proditio

960 2746 1037 2771 vero,
1053 2745 1115 2766 cum
1129 2746 1161 2765 ex
1179 2743 1320 2772 proposuto
1334 2742 1476 2772 peccatum
1490 2738 1518 2765 in
1532 2741 1595 2764 actu
1612 2741 1752 2771 pcrpetia-

961 2790 1032 2817 mus,
1049 2784 1132 2818 inque
1147 2783 1214 2811 illud
1230 2785 1321 2813 animo
1335 2786 1493 2814 incitamur.

156 2829 179 2845 "
193 2829 204 2858 ι
218 2830 298 2858 Joan.
314 2839 349 2863 iv,
362 2832 407 2859 20.
448 2833 469 2848 “’
485 2832 565 2860 Joan.
580 2842 633 2866 xw,
648 2835 674 2863 6.
714 2836 736 2853 ιθ
749 2836 828 2865 Rom.
852 2847 888 2872 v1,
904 2842 908 2865 4

969 2841 989 2857 ¹⁷
1003 2841 1026 2868 ll
1041 2841 1114 2869 Petr.
1129 2851 1147 2876 ι,
1162 2844 1188 2870 ll.
1229 2843 1274 2870 ¹⁸Ῐ
1290 2843 1367 2871 Joan.
1384 2853 1421 2878 nt,
1436 2845 1463 2872 2.

279 2880 413 2911 Pii-nor.
437 2881 496 2912 Gn.
526 2882 590 2913 XC.

1523 2893 1564 2924 38
