1951 3076
103 157 162 190 1197

448 160 615 191 CAPITUM
634 158 846 196 QUINQUIES
865 159 894 188 Cl

948 157 1124 188 [‘ENORUM
1143 157 1336 188 CENTURIA
1355 158 1380 187 Ι.

1654 155 1721 188 1198

103 213 218 249 νιμένης
236 213 396 250 ταύτότητα.
412 215 466 242 Καὶ
486 216 541 251 γὰρ
555 216 619 242 ἴδιον
633 218 682 251 τῆς
695 216 814 251 ἀγάπης,
827 215 881 242 τῶν

948 217 1056 241 acutam
1072 213 1154 240 animi
1177 214 1313 241 sententia
1335 213 1506 240 identitatem
1529 216 1659 247 prmstare
1673 221 1718 239 va-

104 259 136 286 τὰ
148 260 209 286 κατ’
222 259 307 295 αὐτὴν
320 259 484 296 ζητούντων,
503 262 568 296 μίαν
587 261 726 294 ἀποδεῖξαι
743 261 791 296 τὴν
811 260 881 294 γνώ-

104 314 163 341 MV-

139 395 192 430 pB'.
222 395 254 422 Ei
275 395 355 429 φύσει
375 395 406 421 τὺ
429 395 512 422 καλόν
537 396 610 422 ἐστιν
628 395 814 431 ὲνοποιητικὸν
830 395 883 421 τῶν

101 439 272 476 διῃρημένων
287 439 335 466 καὶ
352 439 521 471 συνεκτικὸν,
542 440 573 466 τὸ
593 439 677 466 κακὸν
691 440 811 474 δηλονότι
828 439 884 466 τῶν

104 485 246 521 ἡνωμένων
271 485 330 511 ἐστὶ
348 485 512 520 διαιρετικόν
528 493 558 511 τε
585 486 632 512 καὶ
654 485 812 520 φθαρτικόν.
829 486 884 512 Καὶ

102 531 154 566 γὰρ
167 530 245 565 φύσει
262 530 292 557 rb
305 530 389 557 κακὸν
405 530 551 557 σκεδαστὸν
565 531 693 567 ὑπάρχει,
707 531 755 558 καὶ
768 531 884 559 ἄστατον

103 577 148 603 καὶ
166 576 340 611 πολύμορφον
356 576 403 603 καὶ
417 576 589 613 διαιρετικόν.

135 667 166 691 ν’.
182 664 294 691 Πάντων
322 663 377 690 τῶν
395 664 488 691 κακῶν
514 664 658 700 ἀπαλλαγὴ
682 665 730 691 καὶ
753 665 885 698 σύντομος

104 711 170 744 πρὸς
182 710 321 745 σωτηρίαν
334 710 403 742 ὁδὸς,
419 711 437 744 ἡ
455 710 559 746 ἀληθὴς
580 711 627 737 τοῦ
654 711 721 738 Θεοῦ
741 712 803 738 κατ’
827 711 887 738 ἐπί-

104 763 202 788 γνωσιν
215 755 309 790 ἀγάπη
326 755 395 787 ἐστὶ,
418 755 466 782 καὶ
479 756 495 790 ἡ
516 755 632 782 καθόλου
648 757 697 791 τῆς
713 755 784 782 κατά
797 756 886 791 ψυχὴν

104 799 171 836 πρός
186 808 215 826 τε
238 799 270 826 τὸ
300 799 379 835 σῶμα
402 801 450 827 καὶ¹
475 800 520 827 τὺν
536 801 639 836 κόσμον
654 801 747 828 τοῦτον
769 802 886 836 στοργῆς

105 844 256 879 ἑξάρνησις,
274 843 336 871 καθ’
352 844 396 880 ἢν,
411 844 462 880 τῆς
475 844 536 880 ’μὲν
546 845 643 881 ἡδονῆς
660 845 818 880 ἐπιθυμίαν,
838 846 887 881 τῆς

103 889 198 924 ὀδύνης
220 889 250 916 δὲ
275 889 321 916 τὸν
350 890 432 924 φόϐον
460 890 684 926 ἀποσαλλόμενοι,
720 892 770 927 τῆς
799 892 887 927 κακῆς
903 887 923 915 Β

105 935 320 971 ὲλευθερούμιθα
339 936 493 970 φιλαυτίας,
521 937 590 972 πρὸς
606 938 656 973 τὴν
676 938 776 972 γνῶσιν
792 937 888 965 ἀναὸι-

104 981 250 1012 ὁασθέντες
266 981 312 1008 τοῦ
327 981 474 1013 κτίσαντος
484 990 492 998 '
513 983 559 1009 καὶ
575 984 696 1019 πονηρᾶς
715 983 822 1019 ἀγαθὴν
839 984 888 1010 ἁν-

104 1026 260 1058 τιλαδόντες
273 1026 369 1063 γοερὰν
384 1027 528 1062 φιλαυτίαν
545 1029 706 1063 σωματικῆς
720 1028 890 1064 κεχωρισμέ-

105 1081 153 1108 νην
171 1073 299 1108 στοργῆς,
313 1073 344 1099 οὑ
362 1073 507 1108 παυόμεθα
523 1074 701 1109 λατρεύοντες
717 1074 756 1110 τῷ
772 1074 831 1110 Θεῷ
845 1074 890 1101 διὰ

104 1118 206 1152 ταύτης
225 1119 275 1154 τῆς
291 1119 378 1154 καλῆς
398 1119 552 1154 φιλαυτίας,
569 1121 602 1146 ὲκ
632 1119 700 1146 Θεοῦ
728 1120 778 1155 τῆς
801 1120 890 1155 ψυχῆς

105 1164 150 1191 ἀεὶ
163 1163 308 1198 ζητοῦντες
326 1165 375 1199 τὴν
393 1165 532 1192 σύστασιν.
561 1166 635 1201 Αὕτη
660 1167 713 1202 γὰρ
737 1167 809 1193 ἐστιν
824 1167 891 1202 ἁλη-

104 1210 156 1246 θὴς
168 1211 291 1245 λατρεία,
305 1211 353 1237 καὶ
367 1211 453 1242 ὅντως
468 1211 628 1246 θεάρεστος,
643 1212 660 1247 ὴ
676 1213 723 1247 τῆς
739 1211 829 1248 ψυχῆς
848 1213 891 1239 διέι

105 1256 160 1282 τῶν
173 1257 280 1290 ἀρετῶν
294 1256 411 1291 ἀκριϐὴς
428 1256 582 1291 ἐπιμέλεια.

141 1305 192 1328 va’.
212 1302 242 1328 '0
259 1303 420 1337 σωματικῆς
432 1302 528 1336 ἡδονῆς
544 1301 581 1338 μὴ
596 1302 749 1337 ἐφιέμενος,
766 1302 813 1329 καὶ
832 1302 892 1329 ὀδύ-

107 1355 156 1382 νην
168 1347 311 1379 παντελῶς
328 1347 364 1382 μὴ
378 1347 554 1382 φοδούμενος,
569 1347 681 1381 γέγονεν
694 1348 813 1382 ἀπαθής.
827 1347 894 1374 Ταύ-

107 1401 167 1424 ταις
182 1392 235 1428 γὰρ
248 1393 316 1427 μετὰ
330 1394 379 1428 τῆς
390 1392 521 1428 τεκούσης
537 1393 621 1424 αύτάς
634 1393 786 1427 φιλαυτίας,
805 1393 894 1420 πάντα

107 1438 141 1464 τά
160 1438 193 1464 δι’
210 1438 296 1469 αὐτάς
314 1446 345 1464 τε
359 1438 407 1464 καὶ
431 1438 461 1470 ἑξ
486 1438 576 1464 αὐτῶν
592 1438 660 1473 μετά
675 1439 724 1474 τῆς
738 1439 894 1474 ἀρχητικω-

107 1485 191 1519 τάτης
203 1484 256 1510 τῶν
271 1483 365 1510 κακῶν
381 1484 503 1517 ἀγνοίας,
515 1483 686 1518 ὁμοθυμαδὸν
702 1485 894 1510 συναπέκτεινε

108 1530 195 1565 πάθη,
219 1530 265 1556 καὶ
280 1529 340 1561 ὅλος
359 1530 454 1564 γέγονε
478 1528 526 1555 τοῦ
551 1529 670 1561 ἑστῶτος
696 1530 743 1556 καὶ
766 1531 895 1564 μένοντος

108 1576 155 1602 καὶ
171 1575 215 1602 ἀεὶ
232 1575 362 1606 ὡσαύτως
377 1575 483 1610 ἔχοντος
510 1575 589 1609 φύσει
606 1575 700 1608 καλοῦ,
719 1576 893 1603 παντάπασιν

108 1621 184 1656 αὐτῷ
198 1620 382 1656 συνδιαμένων
397 1621 536 1656 ἀκίνητος,
561 1621 609 1648 καὶ
634 1621 891 1657 ἀνακεκαλυμμένιε)

109 1665 249 1702 προσώπῳ
262 1667 312 1701 τὴν
325 1666 404 1699 δόξαν
418 1666 465 1693 τοῦ
489 1666 558 1693 θεοῦ
575 1666 825 1702 κατοπτριζόμενος
836 1674 842 1682 ·
862 1669 894 1693 ἐκ

107 1713 159 1747 τῆς
181 1713 210 1739 ιν
234 1711 308 1747 αύτῷ
332 1713 494 1747 φωτοειδοῡς
515 1713 718 1748 λαμπρότητος,
745 1713 795 1749 τὴν
819 1713 895 1741 θείαν

107 1759 156 1785 καὶ
173 1759 319 1793 ἀπρόσιτον
339 1758 419 1790 δόξαν
434 1758 580 1793 θεώμενος.

933 258 997 286 leat.
1011 258 1040 285 ld
1054 258 1126 285 enini
1141 258 1285 285 cltaritatis
1298 258 1449 293 propriunt,
1464 261 1493 284 ttt
1506 265 1611 289 eorum,
1627 257 1675 292 qui
1690 266 1722 285 ca

933 312 994 338 qua:
1010 305 1070 339 ejus
1084 308 1148 331 sunt
1164 309 1299 339 quierunt,
1313 311 1399 331 unutn
1415 304 1537 331 animum
1553 311 1585 331 ae
1597 303 1723 331 volunta—

935 355 988 376 tem
1006 349 1114 377 alliciat.

969 396 1013 423 49.
1029 395 1170 430 Siquidem
1185 403 1217 423 ea
1229 395 1293 422 boni
1307 399 1405 422 natura
1418 399 1459 422 est
1471 399 1552 429 atque
1565 394 1680 426 indoles,
1694 399 1724 422 ιιι

935 448 996 476 qua:
1010 441 1097 468 divisa
1114 445 1178 468 sunt
1194 441 1272 468 uniat
1289 444 1316 467 et
1331 440 1470 467 contineat
1485 449 1492 466 :
1507 440 1570 467 mali
1585 441 1664 475 plane
1679 448 1725 475 ge-

935 485 998 512 nitts
1014 486 1078 517 erit,
1097 490 1128 512 ut
1143 492 1204 520 quae
1221 488 1285 512 sunt
1304 484 1380 511 unita
1401 483 1506 511 dividat
1521 490 1553 510 ac
1575 482 1722 509 interimat.

936 530 1035 557 Malunt
1051 531 1125 558 enim
1139 534 1237 557 natttra
1254 529 1415 564 dissipatum
1428 532 1469 555 est
1483 532 1511 554 et
1527 527 1668 557 mutabile,
1684 526 1726 553 in-

936 577 1090 612 stabileque
1107 582 1136 605 et
1158 576 1342 608 multiforme,
1359 583 1391 603 ac
1412 575 1485 610 quod
1500 574 1663 602 divisionem
1681 574 1724 600 in-

937 622 1029 650 ducat.

974 669 1018 697 50.
1038 667 1177 695 Liberatio
1195 674 1209 694 a
1226 666 1305 694 malis
1320 665 1458 695 omnibus,
1471 664 1617 698 brevisque
1633 663 1666 690 ad
1682 671 1726 690 sa-

938 717 1023 744 lutem
1036 715 1090 747 via,
1106 721 1171 741 vera
1183 717 1226 740 est
1240 719 1302 740 cum
1317 712 1457 747 agnitione
1470 711 1516 738 Dei
1532 710 1654 741 dilectio,
1667 717 1726 736 om-

938 762 1036 796 nisque
1064 767 1129 794 erga
1156 765 1256 793 corpus
1285 757 1491 791 mundumque,
1519 755 1728 790 indulgentioris

938 806 1024 833 animi
1041 804 1196 836 abdicatio;
1219 810 1283 838 qua,
1307 802 1456 836 voluptatis
1479 800 1628 835 cupiditate
1649 800 1727 827 dolo-

940 853 1033 887 risque
1055 855 1129 878 metu
1145 849 1278 882 excussis,
1295 855 1310 875 a
1326 856 1410 883 pravo
1427 847 1474 874 illo
1486 854 1613 881 uncoque
1628 853 1728 880 corpo—

938 898 977 925 ris
989 903 1082 925 amore
1098 896 1258 927 liberamur,
1276 894 1310 921 ad
1322 894 1451 921 Auctoris
1467 893 1649 928 cognitionem
1661 892 1727 919 sub-

938 944 1029 976 vecti;
1047 943 1161 978 ejusque
1186 941 1246 968 loco
1270 941 1374 968 bonum
1391 940 1468 967 illum
1483 945 1564 973 atque
1581 939 1727 966 honestum

939 988 1117 1024 intelligentis
1132 987 1215 1017 animi
1234 993 1365 1018 amorem,
1377 985 1529 1020 corporalis
1543 984 1728 1012 atl‘ectuslahe

939 1042 1038 1070 purutn
1057 1033 1160 1068 adepti,
1183 1039 1216 1060 eo
1239 1031 1352 1066 obsequi
1369 1031 1426 1058 Deo
1441 1038 1495 1058 non
1509 1037 1658 1061 cessamus,
1681 1029 1728 1064 qui

940 1080 1024 1108 animi
1047 1086 1155 1114 semper
1180 1077 1398 1106 incolumitatem
1423 1084 1456 1103 ex
1482 1075 1537 1103 Deo
1564 1082 1727 1110 quzeramus.

941 1127 991 1154 llic
1011 1126 1085 1154 enim
1102 1132 1184 1152 verus
1201 1124 1302 1156 cultus,
1319 1130 1440 1157 vereque
1460 1122 1517 1149 Deo
1533 1124 1662 1156 acceptus
1677 1125 1729 1153 est,

942 1176 972 1199 ut
989 1178 1087 1205 nempe
1107 1169 1267 1205 diligentem
1290 1168 1382 1195 animo
1397 1168 1529 1195 virtutum
1554 1166 1664 1195 solliciti
1681 1173 1729 1193 cu-

943 1225 1001 1244 rant
1018 1216 1206 1244 adhibeamus.

979 1306 1022 1333 51.
1037 1305 1089 1338 Qui
1102 1304 1270 1339 corporalem
1286 1303 1454 1338 voluptatem
1469 1309 1500 1329 ac
1520 1301 1661 1329 libidinem
1675 1308 1731 1329 non

944 1350 1127 1384 concupiscit,
1148 1357 1200 1376 nec
1221 1348 1345 1376 dolorem
1366 1347 1479 1375 omnino
1497 1346 1611 1378 metuit,
1631 1347 1733 1382 imper-

945 1396 1046 1424 turbati
1072 1395 1211 1430 solutique
1233 1394 1308 1422 vitiis
1333 1394 1417 1421 animi
1447 1393 1561 1421 exstitit.
1591 1392 1659 1420 Cum
1691 1392 1736 1419 his

944 1442 1029 1474 enim,
1044 1449 1194 1475 eorumque
1206 1444 1330 1475 parente,
1345 1446 1431 1474 pravo
1446 1438 1492 1466 illo
1505 1445 1537 1465 ac
1552 1445 1624 1465 czeco
1636 1445 1736 1472 corpo-

945 1487 983 1514 ris
1000 1494 1104 1518 antore,
1120 1489 1234 1513 cunctos
1258 1484 1356 1512 horum
1380 1491 1474 1516 causa,
1490 1491 1577 1518 exque
1601 1482 1655 1510 illis
1672 1490 1737 1509 suc-

946 1536 1101 1561 crcsccntes
1116 1531 1241 1564 atl'cctus,
1258 1538 1320 1558 cum
1338 1530 1468 1558 vitiorum
1488 1537 1594 1557 summe
1612 1528 1736 1563 principe

948 1577 1090 1613 primaque
1106 1576 1223 1612 origine,
1238 1575 1403 1611 ignorantia,
1417 1582 1472 1601 uno
1483 1574 1560 1602 velut
1579 1573 1634 1600 ictu
1650 1573 1736 1600 inter-

947 1623 1033 1654 emit,
1057 1626 1186 1657 totusque
1203 1621 1295 1649 stabili
1321 1620 1360 1647 illi
1383 1624 1412 1647 et
1435 1619 1566 1651 manenti,
1585 1619 1738 1653 eodemque

948 1677 977 1697 se
993 1669 1074 1696 modo
1089 1669 1203 1703 semper
1211 1667 1335 1699 babenti,
1351 1674 1383 1694 ac
1399 1671 1497 1693 natura
1520 1666 1592 1693 bono
1606 1665 1738 1692 honesto-

948 1723 1002 1751 que
1018 1714 1141 1745 adbzcsit,
1159 1721 1221 1741 cum
1246 1713 1292 1740 illo
1307 1712 1455 1740 immobilis
1476 1718 1589 1747 prorsus
1612 1717 1740 1745 perseve-

949 1768 1031 1792 rans,
1053 1767 1084 1786 ac
1099 1759 1219 1786 revelata
1242 1758 1310 1785 facie
1334 1757 1410 1792 quasi
1436 1757 1463 1783 in
1489 1756 1601 1791 speculo
1618 1755 1738 1783 divinant

107 1805 226 1840 gloriam
246 1806 436 1841 contemplans
451 1806 490 1840 ‘°;
507 1813 541 1834 ex
557 1806 650 1836 lucido
670 1814 755 1843 penes
778 1808 898 1844 seipsum
916 1807 1073 1845 splendore,
1085 1804 1206 1834 divinam
1221 1813 1254 1833 ac
1268 1805 1436 1833 inaccessam
1462 1804 1616 1832 claritatem
1647 1802 1740 1830 animo

106 1853 299 1880 considerans.
353 1863 355 1866 ·

144 1898 198 1924 νυ.
214 1897 271 1932 Τὴν
287 1896 384 1932 ἡδονὴν
397 1896 447 1932 τῆς
465 1897 605 1932 παρούσης
625 1897 698 1934 ζωῆς
713 1899 760 1925 καὶ
775 1899 823 1934 τὴν
837 1899 896 1926 ὀδύ-

987 1897 1066 1933 522
1080 1896 1124 1924 52.
1137 1897 1205 1924 Vita:
1219 1895 1303 1931 hujus
1318 1895 1485 1930 voluptatem
1505 1899 1587 1930 atque
1604 1894 1738 1928 dolorem,

107 1951 171 1978 νην,
185 1943 237 1977 ὅση
253 1942 377 1978 δύναμις,
405 1942 598 1978 ἀρνησὼμεϐα,
624 1944 672 1970 καὶ
699 1945 788 1980 πάσης
803 1945 894 1972 παθῶν

950 1949 1052 1979 quattta
1076 1942 1191 1971 facultas
1213 1945 1266 1974 est,
1281 1941 1450 1972 abdicemus,
1467 1941 1597 1975 omnique
1609 1941 1738 1968 vitiorum

110 1987 238 2019 ἐπινοίας
254 1987 285 2023 (ί)
301 1988 351 2014 καὶ
362 1987 557 2022 δαιμονιώδους
577 1990 747 2024 κακουργίας
759 1990 894 2022 παντελῶς

950 1989 1042 2017 animo
1058 1988 1131 2021 labe,
1149 1988 1358 2023 daemonumque
1381 1987 1551 2022 malignitate
1573 1987 1683 2022 penitus
1705 1989 1739 2015 li-

109 2033 373 2069 ἀπαλλαγησόμεοα.
400 2033 450 2060 Διά
474 2033 528 2069 γὰρ
551 2034 601 2069 τὴν
622 2035 718 2071 ἡδονὴν
746 2036 894 2072 ἀγαπῶμεν

950 2033 1121 2061 berabimur.
1136 2032 1290 2067 Voluptatis
1308 2033 1380 2059 ettim
1399 2031 1575 2066 libidinisque
1599 2032 1738 2065 illcccbra,

109 2080 145 2107 τὰ
162 2079 249 2115 πάθη,
265 2079 312 2106 καὶ
326 2079 370 2106 διὰ
389 2079 438 2115 τὴν
459 2079 556 2115 ὀδύνην
571 2081 709 2116 φεύγομεν
723 2082 772 2116 τὴν
787 2083 894 2118 ἀρετήν.

951 2079 1017 2106 vitia
1029 2078 1199 2112 afl‘ectusquc
1212 2077 1366 2112 diligimus;
1380 2081 1509 2111 utctuquc
1521 2076 1634 2110 doloris,
1651 2078 1741 2104 virtu-

953 2129 1006 2151 tem
1021 2124 1140 2158 fugimus
1151 2130 1182 2150 ac
1192 2130 1361 2150 aversamur.
1698 2119 1703 2124 ’

151 2168 198 2203 ιγ’.
224 2168 334 2204 Ἐπειδὴ
353 2169 428 2196 πᾶσα
443 2168 526 2196 κακῖα
545 2169 653 2204 πέφυκε
669 2169 725 2200 τοῖς
741 2168 894 2196 συνιστῶσιι

990 2169 1118 2201 530111)
1141 2176 1225 2196 omne
1250 2168 1347 2196 vitium
1373 2176 1427 2195 una
1452 2175 1514 2195 cum
1541 2168 1632 2195 modis
1652 2168 1740 2204 ipsum

112 2215 203 2250 αὐτὴν
221 2214 438 2250 συμφθείρεσθαι
465 2215 587 2251 τρόποις,
612 2215 747 2251 εὑρίσκων
767 2215 801 2242 δι’
816 2215 894 2250 αὐτῆς

953 2214 1182 2251 promoventibus
1200 2222 1249 2242 seu
1271 2213 1455 2241 conﬂantibus
1470 2213 1592 2248 proclive
1609 2214 1740 2247 intereat;

111 2259 165 2293 τῆς
179 2258 279 2292 πείρας
295 2259 309 2285 ὁ
329 2259 483 2295 ἄνθρωπος,
501 2261 591 2296 πάσης
602 2261 699 2296 ἡδονῆς
714 2258 784 2287 εἶναι
795 2261 902 2292 πάντως

112 2306 167 2340 τὴν
182 2304 280 2341 ὀδύνην
298 2305 429 2340 διάδοχον,
444 2305 513 2341 πρὸς
531 2305 580 2340 μὲν
591 2305 641 2340 τὴν
657 2305 764 2341 ἡδονὴν,
779 2306 830 2341 τὴν
840 2305 903 2341 ὅλην

115 2351 199 2386 ἔσχεν
217 2351 308 2386 ὁρμήν
318 2358 326 2365 ·
346 2351 414 2386 πρὸς
429 2351 457 2377 ὁὶ
472 2351 520 2386 τὴν
532 2351 639 2387 ὀδύνην,
654 2351 703 2387 τὴν
719 2351 783 2386 ὃλην
796 2352 904 2385 ἀποφυ-

114 2397 169 2432 γήν
179 2404 187 2412 ·
202 2398 253 2432 τῆς
270 2397 330 2431 μὲν,
351 2396 420 2424 κατὰ
434 2398 526 2424 πᾶσαν
540 2397 811 2433 ὑπεραγωνιζόμενος
824 2397 904 2424 δύνα-

116 2453 166 2480 μιν
177 2452 185 2460 ·
200 2444 253 2479 τῆς
267 2444 306 2475 δὲ,
320 2445 391 2471 κατα
405 2445 498 2471 πᾶσαν
509 2444 627 2479 σπουδὴν
640 2444 904 2479 καταγωνιζόμενος,

113 2490 254 2526 οἰόμενος,
266 2490 339 2526 ὅπερ
350 2490 491 2526 ἀμήχανον
505 2488 552 2525 ἦν,
569 2490 613 2517 διὰ
625 2491 675 2524 τῆς
690 2489 816 2524 τοιαύτης
841 2490 906 2525 μεθ-

110 2536 216 2570 οδείας,
226 2536 349 2572 ἀλλήλων
358 2536 460 2568 ταύτας
469 2536 623 2571 διαστῆσαι,
637 2537 683 2562 καὶ
695 2535 763 2571 μόνῃ
778 2537 810 2570 τῇ
823 2535 904 2571 ἡδονῇ

149 2615 175 2632 ’⁸
190 2615 214 2643 ll
226 2614 290 2642 Cor.
305 2623 342 2647 ut,
359 2614 402 2642 12.

163 2690 184 2718 ιι
198 2687 305 2718 Πὰσης
319 2683 421 2710 παθῶν
432 2682 576 2718 ἐπινοίας.
592 2681 644 2718 Pro
654 2679 785 2718 λογισμοῦ
798 2681 908 2718 videtur

112 2716 269 2756 usurpasse
279 2716 297 2752 ζ
309 2724 339 2746 ut
352 2717 488 2756 significet
504 2716 716 2756 ipsu_m_'vitium~
731 2720 759 2756 et
778 2716 906 2756 allectum

111 2751 210 2785 animo
237 2751 390 2782 haerentem
406 2751 573 2788 juxtaquod
587 2751 681 2788 Varia.
708 2751 908 2788 éu£w_ta,_61av

110 2801 156 2823 τις
186 2791 218 2818 τὰ
241 2791 305 2816 ὄντα
319 2791 347 2815 ὲν
359 2790 392 2823 τῇ
407 2785 517 2822 διανοεᾳῖ
533 2786 633 2823 θεωρῇ.
653 2785 713 2823 Non
738 2785 806 2823 satis
836 2786 907 2823 bene

113 2820 199 2854 Picus
213 2834 220 2851 :
233 2825 270 2852 Ab
281 2825 354 2852 omni
367 2820 654 2858 uﬁecluunippinione.
673 2820 803 2858 Possit_ct
819 2821 908 2858 subtif

113 2861 171 2889 lem
181 2861 334 2896 cogitatum
345 2863 370 2887 ct
384 2855 604 2896 adiuventionem
613 2862 721 2889 sonare,
733 2855 772 2882 uti
782 2856 908 2890 sequenti

955 2264 1097 2295 comperto
1111 2260 1204 2292 homo,
1227 2259 1268 2287 rei
1293 2259 1351 2294 ipso
1365 2259 1498 2294 periculo,
1518 2258 1595 2286 omni
1609 2258 1741 2293 voluptati

956 2307 1068 2333 omnino
1080 2306 1203 2333 doloreut
1218 2305 1346 2332 comitem
1358 2312 1419 2332 esse
1434 2313 1440 2331 :
1458 2305 1486 2332 in
1497 2304 1665 2338 voluptatem
1682 2304 1744 2338 qui-

957 2352 1038 2385 dem,
1057 2352 1112 2378 vim
1129 2359 1238 2379 omnem
1264 2350 1420 2386 appetentis
1443 2350 1545 2382 animi,
1570 2351 1597 2377 in
1621 2350 1743 2378 dolorem

957 2406 1034 2430 vero,
1046 2398 1136 2433 fugam
1149 2404 1258 2424 omnem
1277 2396 1429 2425 convertit:
1442 2397 1516 2424 illius
1526 2396 1635 2431 quidem
1649 2403 1742 2427 causa,

959 2445 1024 2472 totis
1036 2444 1142 2471 viribus
1158 2444 1316 2476 decertans;
1332 2443 1406 2470 hunc
1420 2450 1498 2476 vero,
1513 2442 1587 2470 omni
1604 2442 1743 2478 diligentia

958 2498 1136 2526 oppugnatus;
1155 2497 1254 2525 nempe
1276 2493 1353 2517 ratus
1375 2488 1433 2516 fore
1460 2489 1542 2525 (quod
1566 2489 1679 2516 omnino
1694 2489 1745 2516 iut-

959 2537 1093 2571 possibile
1110 2536 1180 2571 erat)
1200 2540 1230 2562 ut
1249 2543 1280 2563 ea
1301 2535 1412 2563 solertia
1432 2540 1556 2571 arteque,
1571 2535 1686 2562 alterum
1709 2535 1744 2562 ab

958 2682 1049 2708 statim
1067 2689 1126 2716 cap.
1142 2681 1197 2712 Τὰς
1216 2680 1374 2716 ἀμυθήτους
1392 2681 1445 2708 τῶν
1460 2681 1628 2716 φθοροποιῶν
1650 2681 1745 2708 παθῶν

957 2716 1118 2750 ἐπινοοῦμεν
1133 2717 1264 2749 γενέσεις.
1285 2716 1320 2743 Ut
1337 2717 1403 2744 velit
1416 2716 1475 2744 fore
1491 2716 1594 2743 liberos
1614 2716 1688 2744 ontni
1705 2717 1745 2743 vi-

959 2752 996 2778 tio
1009 2759 1041 2778 ac
1053 2750 1164 2782 alleclu,
1183 2755 1239 2778 tum
1256 2751 1334 2786 cujus
1349 2751 1428 2779 nobis
1444 2751 1495 2785 ipsi
1512 2755 1638 2779 auctores
1659 2751 1746 2778 simus

957 2785 1077 2827 propria.
1096 2785 1306 2819 adinventioue,
1337 2791 1395 2814 tum
1426 2787 1505 2822 cujus
1531 2786 1669 2814 daemones
1695 2793 1744 2813 sua

957 2825 1143 2856 suggestione.
