1951 3076
229 144 296 178 1199

809 143 838 172 S.
860 140 1004 172 ΜΛΧΙΜΙ
1024 139 1279 171 COXFESSORIS

1793 141 1864 177 1230.

227 201 315 229 altero
339 200 521 236 dispescerct;
548 198 653 233 solique
679 197 812 233 voluptati
843 198 1017 233 coniunctum

1074 198 1251 234 συνημμένην
1279 197 1327 234 τὴν
1352 197 1496 233 φιλαυτίαν
1520 197 1592 235 ἔχειν
1607 199 1748 232 παντελῶς
1765 200 1862 238 ὀδύνης

228 253 344 280 pravum
362 245 439 272 illum
459 250 617 278 caecumque
641 243 765 278 corporis
788 250 922 275 amorem,
944 242 1021 270 nullo

227 299 341 327 prorsus
363 290 468 319 doloris
493 290 627 325 periculo,
653 289 783 323 haberet;
802 289 930 324 ignorans
947 288 1021 316 scili-

226 343 272 366 cet
296 337 408 374 (aﬁectu
440 341 507 372 puto
538 344 651 364 sensum
679 335 830 371 adimente)
853 336 1020 370 voluptatem

227 384 313 419 ipsam
331 391 382 418 per
404 391 434 411 se
448 390 572 411 seorsum
591 390 606 410 a
632 382 727 410 dolore
743 389 883 417 nunquam
908 381 1021 408 omnino

225 436 307 463 posse
330 427 474 456 exsistere.
491 427 540 454 Est
556 427 631 454 enim
647 427 810 454 connnistus
824 426 958 461 voluptati
973 425 1022 453 do-

225 474 293 502 loris
314 474 403 505 labor,
421 472 531 501 tametsi
552 473 638 500 latere
658 479 707 500 eos
727 472 864 505 videatur,
889 473 936 507 qui
961 472 1021 507 ejus

226 523 367 554 compotes
384 523 459 551 sunt,
474 519 509 546 ob
533 523 748 553 exsuperantem
772 518 878 546 scilicet
896 517 1022 553 volupta-

226 565 262 593 tis
276 565 415 593 allectum.
438 564 554 599 Semper
577 564 652 592 enim
675 558 749 598 quod
770 563 909 598 przecipue
933 563 1022 590 domi-

226 616 308 639 natur
325 619 358 639 ac
376 611 459 646 viget,
475 615 571 638 natum
588 615 630 637 est
651 610 772 642 elucere,
787 610 846 645 ejus
866 609 1022 645 obtegendo

225 664 336 685 sensum
354 656 428 692 quod
443 656 482 683 illi
499 656 678 691 conjunctum
694 659 748 683 est.
765 655 846 683 Pravi
866 655 950 690 igitur
967 662 1021 681 cae-

225 703 306 738 cique
323 703 397 730 illius
415 703 519 730 amoris
533 702 624 730 studio
638 701 806 736 voluptatem
823 700 1022 744 consectando,

226 746 387 774 innumeros
401 746 533 774 exitiosos
547 746 663 774 aﬂ'ectus
675 745 797 780 vitiaque
817 743 1021 772 adinvenimu’s.

261 793 304 820 54.
323 792 417 820 Nescit
433 792 492 828 ipso
507 793 548 819 rei
567 791 690 827 periculo
706 790 855 826 voluptatis
869 798 902 818 ac
918 789 1023 818 doloris

226 847 348 872 sensum,
366 839 413 874 qui
439 839 496 866 Deo
518 846 584 866 vere
608 837 781 870 charissima,
799 836 965 871 amabilique
989 843 1022 862 ac

1071 243 1230 279 ἀπείρατον,
1258 244 1397 280 ἀγνοήσας
1416 245 1469 271 ὑπὸ
1490 245 1540 272 τοῦ
1565 245 1678 278 πάθους,
1701 246 1740 278 ὠς
1761 247 1862 280 ἔοικεν,

1071 289 1109 320 ὡς
1123 289 1174 316 οὐκ
1193 288 1332 324 ἐνδέχεταί
1346 298 1413 316 ποτε
1429 290 1513 325 χωρὶς
1529 290 1626 326 ὀδύνης
1641 288 1713 318 εἶναι
1729 291 1779 327 τὴν
1802 293 1863 327 ἡδο-

1071 335 1131 370 νήν.
1151 335 1335 371 Ἐγκέκραται
1355 335 1410 372 γὰρ
1436 338 1470 372 τῇ
1491 337 1572 372 ἡδονῇ
1590 337 1640 372 τῆς
1663 338 1762 374 ὀδύνης
1777 339 1792 365 δ
1813 339 1863 365 που

1071 389 1127 414 νος,
1141 381 1193 408 κᾶν
1210 381 1353 409 λανθάνειν
1369 382 1434 418 δοκῇ
1451 384 1514 415 τοὺς
1526 383 1649 418 ἔχοντας,
1667 384 1712 411 διὰ
1729 384 1779 420 τὴν
1792 386 1865 412 κατὰ

1071 427 1101 454 τὸ
1127 427 1213 460 πάθος
1232 427 1283 462 τῆς
1304 428 1403 464 ἡδονῆς
1423 429 1606 464 ἐπικράτειαν
1619 437 1625 443 ·
1648 430 1743 465 ἐπειδὴ
1756 430 1788 456 τὸ
1802 431 1864 457 ἐπι-

1072 474 1202 509 κρατοῦν,
1231 475 1276 502 ἀεὶ
1296 475 1485 510 διαφαίνεσθαι
1515 476 1633 510 πέφυκε,
1652 475 1793 502 καλύπτον
1816 476 1864 503 τοῦ

1052 520 1279 556 ¹’παρακειμένου
1310 521 1359 556 τὴν
1385 521 1522 557 αἴσθησιν.
1547 522 1659 557 Ἡδονῆς
1686 520 1733 550 οὖν
1747 522 1794 550 διὰ
1815 523 1866 558 τὴν

1073 565 1218 600 φιλαυτίαν
1233 567 1464 603 ἀντιποιούμενοι,
1481 568 1528 595 καὶ
1545 568 1643 604 ὀδύνην
1653 569 1696 596 διὰ
1712 569 1762 606 τὴν
1779 569 1866 605 αὐτὴν

1073 611 1165 638 αἰτίαν
1179 612 1260 638 πάλιν
1278 613 1389 648 φεύγειν
1410 614 1618 647 σπουδάζοντες,
1635 615 1683 645 τὰς
1703 615 1866 650 ἀμυθήτους

1072 657 1128 684 τῶν
1145 657 1316 693 φθοροποιῶν
1334 659 1430 686 παθῶν
1444 660 1606 696 ἐπινοοῦμεν
1620 661 1754 695 γενέσεις.

1108 786 1154 813 νδ¹.
1174 787 1281 821 Ἀγνοεῖ
1305 796 1349 820 τις
1374 789 1424 824 τὴν
1443 790 1506 817 καθ’
1521 791 1619 828 ἡδονὴν
1638 793 1686 819 καὶ
1702 793 1800 830 ὀδύνην
1816 795 1867 830 τῆς

1074 832 1228 867 αἰσθήσεως
1243 835 1353 869 πεῖραν,
1373 835 1439 863 ὅταν
1453 836 1493 872 τῷ
1505 837 1566 873 Θεῷ
1578 837 1616 873 τῷ
1630 838 1714 870 ὅντως
1727 840 1867 875 ἀγαπητῷ

226 885 393 918 desiderato,
407 884 546 924 corporali
560 884 634 912 omni
652 883 753 911 affectu
773 891 806 910 ac
820 882 937 910 libidine
953 881 1017 909 libe-

1073 878 1120 924 καὶ
1135 879 1243 916 ἐραστῷ
1256 881 1303 908 καὶ
1315 881 1404 918 ἐφετῷ
1419 883 1570 920 προσδήσῃ.
1587 885 1688 920 μᾶλλον
1700 885 1729 912 δὲ
1744 886 1867 922 κολλήσῃ

227 939 300 964 rum,
317 930 485 966 dcjunxerit.
509 938 558 959 seu
581 930 668 965 magis
692 928 934 965 conglutinaverit,
959 927 1020 955 ani-

227 985 314 1005 ηιυιιι.

262 1022 307 1049 55.
317 1021 553 1055 Quemadmodum
570 1020 628 1049 ﬁeri
642 1028 697 1048 non
711 1025 811 1056 potest,
825 1024 855 1048 ut
868 1020 931 1055 quis
941 1019 1021 1047 aliter

227 1075 326 1102 purum
341 1067 398 1096 Deo
410 1068 516 1095 cultum
531 1067 674 1099 adhibeat,
689 1066 755 1101 quin
774 1066 886 1101 penitus
897 1065 1019 1093 animum

226 1113 358 1141 etnuudet
373 1122 379 1140 :
393 1113 433 1141 sic
448 1121 500 1141 nec
513 1118 648 1141 creaturae
665 1113 770 1140 servire
786 1115 886 1148 potest,
906 1112 974 1147 quin
991 1120 1020 1140 se

226 1159 336 1194 corpori
364 1159 532 1195 diligentiori
554 1167 622 1187 cura
644 1159 785 1194 impendat
809 1168 815 1185 :
841 1166 897 1193 quo
921 1166 1020 1194 nempe

227 1204 321 1238 homo,
337 1205 484 1233 exitiosum
495 1212 611 1239 corpore
626 1205 730 1232 cultum
748 1211 893 1239 peragens,
904 1204 1020 1239 ejusque

228 1250 333 1278 ratione
353 1250 396 1278 sui
415 1250 473 1285 ipse
490 1257 522 1277 ac
544 1249 694 1277 carnaliter
713 1256 827 1281 amans,
850 1248 1019 1283 voluptatem

223 1297 326 1333 jugiter
351 1296 489 1332 vigentem
513 1300 597 1331 atque
613 1295 739 1323 dolorem
764 1295 901 1327 habebat,
923 1294 1020 1322 inobe-

226 1342 338 1370 dientiae
361 1349 469 1377 seniper
485 1341 559 1377 ligno
580 1348 711 1373 vesceris;
730 1340 803 1375 quod
823 1340 931 1368 scilicet
954 1339 1021 1368 boni

225 1395 258 1414 ae
284 1388 349 1415 mali
377 1387 548 1416 commistam
575 1394 684 1422 semper
707 1394 807 1414 sensus
830 1386 1021 1422 experimento

225 1433 370 1461 scientiam
391 1433 518 1461 haberet.
543 1433 600 1460 Nec
623 1431 695 1460 forte
709 1440 725 1459 a
747 1439 814 1459 vero
829 1431 1020 1464 aberraverit,

226 1478 274 1513 qui
289 1478 373 1510 dicat,
389 1478 493 1514 lignum
513 1477 638 1506 scientia;
657 1477 722 1505 boni
736 1481 765 1504 et
778 1477 843 1504 mali
863 1481 1021 1505 creaturam

1072 923 1119 951 τὸν
1133 924 1206 957 νοῦν,
1222 925 1273 961 τῆς
1297 928 1458 964 σωματικῆς
1473 929 1620 964 γενόμενον
1637 930 1784 967 ἐλεύθερον
1803 933 1868 967 σχέ-

1074 977 1154 1001 σεως.

1108 1019 1154 1045 vs’.
1169 1017 1274 1054 Ὥσπερ
1298 1019 1328 1045 οὐ
1346 1019 1458 1047 δύναταί
1485 1029 1526 1053 τις
1542 1021 1630 1054 ἄλλως
1655 1022 1800 1059 λατρεύειν
1826 1026 1868 1060 τῷ

1072 1062 1132 1098 Θεῷ
1150 1062 1291 1099 καθαρῶς,
1308 1065 1346 1100 μὴ
1359 1065 1407 1101 τὴν
1421 1066 1510 1102 ψυχὴν
1524 1067 1609 1103 ἄρδην
1620 1068 1808 1105 ἐκκαθαίρων·
1820 1071 1868 1097 οὖ-

1072 1116 1126 1140 τως
1146 1107 1208 1135 οὔτε
1223 1111 1256 1145 τῇ
1271 1111 1359 1137 κτίσει
1373 1111 1528 1148 λατρεύειν,
1548 1113 1585 1149 μὴ
1601 1113 1631 1140 τὸ
1643 1114 1724 1150 σῶμα
1738 1124 1869 1152 περιποι-

1071 1154 1187 1190 ούμενος
1201 1156 1260 1192 (m)'
1281 1156 1343 1184 καθ’
1358 1157 1374 1185 ὃ
1391 1158 1472 1194 σῶμα
1485 1160 1536 1196 τὴν
1551 1160 1713 1196 φθοροποιὸν
1730 1163 1869 1190 ἐπιτελῶν

1072 1200 1200 1237 λατρείαν
1213 1203 1228 1230 ὁ
1241 1203 1396 1240 ἄνθρωπος,
1414 1205 1461 1232 καὶ
1476 1207 1538 1233 κατ’
1551 1207 1618 1234 αὐτὸ
1634 1209 1784 1244 γενόμενος
1804 1211 1869 1245 φίλ-

1072 1255 1164 1282 αυτος,
1180 1245 1278 1285 ἡδονὴν
1293 1249 1367 1286 εἶχεν
1379 1252 1527 1285 ἀπαύστως
1551 1254 1597 1280 καὶ
1619 1255 1717 1291 ὀδύνην
1735 1258 1868 1292 ὲνεργοι-

1074 1295 1171 1339 μένην,
1185 1296 1283 1324 ἐσθίων
1300 1298 1344 1325 ἀεὶ
1359 1299 1392 1325 τὸ
1406 1299 1485 1332 ξύλον
1498 1301 1548 1336 τῆς
1563 1303 1719 1338 παρακοῆς,
1734 1303 1766 1330 τδ
1781 1305 1869 1331 ιιιλοῦ

1072 1350 1102 1368 τε
1119 1342 1167 1368 καὶ
1182 1343 1279 1375 κακοῦ,
1295 1345 1365 1371 κατὰ
1393 1346 1492 1373 ταύτὸν
1517 1348 1693 1384 μεμιγμένην
1719 1350 1791 1377 κατὰ
1815 1351 1869 1387 τὴν

1072 1387 1200 1424 αἴσθησιν
1215 1388 1260 1417 διὰ
1276 1390 1325 1425 τῆς
1341 1391 1438 1427 πείρας
1451 1393 1513 1428 ἔχον
1528 1394 1577 1430 τὴν
1591 1395 1703 1428 γνῶσιν.
1721 1396 1777 1423 Καὶ
1791 1397 1868 1432 τάχα

1072 1434 1152 1468 ξύλον
1166 1433 1237 1463 εῖναι
1253 1438 1375 1471 γνωστὸν
1389 1438 1474 1465 καλοῦ
1492 1440 1540 1467 καὶ
1552 1440 1686 1476 πονηροῦ,
1705 1442 1755 1478 τὴν
1771 1451 1869 1477 φαινο-

1075 1481 1159 1518 μένην
1184 1483 1274 1510 κτίσιν
1301 1483 1386 1510 εἱπών
1411 1493 1466 1518 τις.
1495 1486 1545 1522 οὐχ
1563 1486 1721 1522 ἁμαρτήσει
1736 1488 1785 1524 τῆς
1798 1489 1869 1525 ἁλη-

225 1530 287 1551 esse
306 1523 395 1551 oculis
409 1523 561 1558 subjectam
573 1531 581 1556 ;
594 1522 668 1558 quod
681 1530 781 1557 nempe
793 1522 840 1550 illa
854 1522 880 1550 vi
894 1523 1017 1558 volupta-

226 1569 260 1579 .=_
278 1572 356 1579 _.__,_
381 1568 479 1579 .-.A_:-
500 1567 637 1579 deum“
667 1567 745 1579 ιη...
762 1575 792 1579 μ
810 1567 880 1579 -..λλ
899 1568 1003 1579 ---μαι

1073 1527 1169 1579 lla-lac:
1186 1529 1284 1565 ἡδονῆς
1296 1530 1351 1566 γὰρ
1368 1530 1416 1558 καὶ
1431 1531 1528 1567 ὀδύνης
1543 1533 1688 1568 ποιητικὴν
1709 1522 1769 1569 ἔχει
1784 1522 1869 1569 φυσε-

226 1569 262 1596 tis
276 1572 359 1603 atque
377 1568 481 1596 doloris
497 1567 649 1601 eﬂ‘eetriee,
665 1567 745 1603 523
760 1575 794 1596 eo
808 1567 882 1603 quod
899 1568 1019 1604 percipi-

227 1619 288 1648 tur,
303 1619 401 1642 uatura
416 1614 530 1650 praedita
547 1614 593 1642 sit.

261 1661 305 1688 56.
323 1660 374 1688 Ubi
399 1668 454 1689 non
477 1660 586 1688 obtinet
601 1668 634 1688 ac
644 1659 805 1688 dominatur
821 1659 902 1693 ratio,
920 1667 1019 1688 sensus

225 1707 304 1742 vigor
327 1712 356 1735 et
380 1706 528 1742 imperium
555 1707 601 1734 cui
624 1706 769 1734 commista
790 1711 874 1741 atque
890 1710 1018 1734 conserta

225 1752 331 1788 peecali
347 1752 400 1785 vis,
416 1757 517 1788 praesto
529 1760 591 1780 esse
605 1752 694 1785 solet;
710 1752 859 1787 voluptatis
876 1751 1017 1784 illecebra,

225 1799 259 1826 ad
274 1799 366 1826 carnis
381 1807 434 1826 una
449 1799 626 1827 subsistentis
638 1806 727 1835 eoque
741 1797 846 1830 alliuis,
862 1798 1019 1826 miseratio-

226 1853 287 1872 nem
303 1845 425 1879 proclive
438 1845 560 1872 animum
580 1845 694 1873 trahens
712 1854 718 1872 ε
735 1852 786 1880 pro
803 1845 884 1880 cujus
899 1844 1016 1877 ratione,

227 1894 354 1924 tanquam
372 1897 443 1924 opus
453 1889 479 1916 ei
493 1890 629 1922 naturale,
642 1889 771 1917 vitiosam
787 1897 821 1917 ac
832 1889 1016 1924 voluptariam

225 1942 273 1962 seu
290 1934 467 1962 libidinosam
481 1935 573 1962 carnis
586 1943 681 1962 curam
696 1942 849 1967 assumens,
866 1943 881 1962 a
894 1935 949 1962 vita
966 1942 1016 1961 na-

225 1980 305 2007 turali
331 1981 467 2013 abducit,
491 1985 644 2016 auctorque
666 1981 706 2008 illi
734 1985 793 2013 est,
823 1985 854 2008 ut
877 1980 930 2008 sibi
958 1981 1016 2015 ipse

225 2026 367 2061 pravitatis
384 2034 416 2053 ac
429 2026 552 2060 malitiae,
565 2035 627 2061 qua:
641 2035 693 2054 nec
719 2035 783 2054 vere
797 2031 850 2059 est,
865 2026 1016 2054 fabricator

223 2072 348 2099 exsistat.

259 2119 303 2146 57.
319 2119 410 2146 Animi
425 2119 604 2154 intelligentis
614 2119 713 2146 vitium
725 2126 757 2146 ac
767 2119 888 2154 pravitas
899 2123 951 2151 est,
964 2126 1015 2146 na-

224 2164 354 2192 turalium
369 2163 507 2191 bonorum
521 2164 635 2197 oblivio,
648 2172 682 2191 ex
697 2164 844 2191 libidinosa
861 2164 888 2191 in
903 2171 1014 2191 carnem

224 2209 415 2243 mundumque
426 2209 572 2236 aﬂ‘eetione
589 2209 771 2244 proveniens;
783 2216 865 2244 quam
874 2208 948 2236 delet
961 2209 1015 2244 spi-

225 2255 298 2283 ritali
317 2255 433 2283 scientia
444 2255 582 2290 imperans
600 2262 651 2290 pro
667 2254 746 2282 ducis
759 2262 872 2282 munere
889 2255 970 2286 ratio,
982 2262 1014 2281 ac

223 2301 319 2330 mundi
338 2301 485 2336 carnisque
505 2305 597 2328 ortum
615 2305 797 2336 naturamque
816 2305 954 2333 scrutans,
969 2305 1012 2328 at-

224 2357 278 2384 que
300 2349 334 2376 ad
347 2348 467 2382 amnem,
487 2355 582 2376 earum
595 2356 688 2376 rerum
700 2356 762 2383 quae
775 2347 834 2376 sola
845 2351 936 2375 mente
952 2354 1015 2382 per-

223 2395 375 2430 cipiuntur,
406 2395 546 2430 regionem
573 2394 731 2429 provehens
748 2402 781 2421 ac
807 2394 938 2426 minans,
965 2393 1012 2420 ubi

223 2442 298 2469 nulla
315 2441 438 2469 excurrit
457 2446 506 2468 aut
528 2441 627 2468 transit
649 2441 755 2476 peccati
779 2441 837 2473 lex;
860 2448 942 2476 quam
955 2441 1013 2475 jam

223 2496 322 2516 sensus
336 2487 457 2520 deﬁciat,
470 2487 563 2523 pontis
578 2488 666 2514 instar
679 2487 713 2514 ad
727 2491 847 2514 mentem
859 2494 920 2514 eam
935 2486 1013 2521 traji-

223 2536 313 2568 ciens;
329 2536 390 2570 ejus
403 2535 508 2563 scilicet
520 2542 584 2577 etim
597 2534 691 2562 animo
705 2535 763 2570 jam
773 2535 906 2563 dissoluta
918 2542 1014 2563 neces-

223 2581 362 2613 situdine,
382 2581 496 2616 ipsoque
516 2581 672 2609 sensilibus
681 2581 846 2616 spectaculis
865 2582 1010 2616 projecto:

223 2635 340 2662 quorum
363 2635 440 2654 mens
462 2627 621 2654 habitudine
637 2632 719 2661 atque
742 2631 838 2654 natura
862 2627 1010 2662 superatis,

223 2680 258 2700 ne
273 2681 387 2708 prorsus
397 2672 508 2708 quidem
527 2672 624 2700 sentit.

256 2763 305 2799 (ιη)
323 2763 371 2797 Μὴ
385 2763 517 2799 (tioium
533 2764 790 2799 περιποιούμενος.
803 2763 909 2798 Ubique
922 2764 949 2790 in
969 2765 1010 2791 ni-

221 2797 307 2827 mium
321 2797 443 2833 corporis
460 2805 592 2829 amorem,
604 2797 734 2832 illiusque
746 2805 839 2824 curam
855 2797 910 2825 non
921 2807 954 2826 ex
966 2807 1011 2826 ra-

222 2834 297 2860 tione
313 2834 384 2867 (qua
399 2833 444 2860 illa
457 2834 553 2860 vitiosa
566 2833 693 2866 φιλαυτία
713 2833 764 2866 est)
778 2833 861 2859 refert
877 2834 1011 2862 Maximus

225 2868 290 2896 vitia
308 2868 428 2900 reliqua;
445 2873 471 2895 et
488 2868 542 2899 hic,
564 2867 637 2901 quod
657 2867 719 2902 quis
736 2871 868 2895 creatura:
893 2869 1005 2896 serviat.

1072 1573 1127 1606 κῶς
1139 1575 1189 1610 τὴν
1205 1576 1366 1612 μετάληψιν.

1105 1669 1158 1698 νς¹.
1179 1667 1264 1694 Ἔνθα
1278 1667 1356 1702 λόγος
1370 1669 1400 1696 οὐ
1414 1671 1526 1705 κρατεῖ,
1557 1670 1587 1697 τὺ
1601 1671 1662 1697 κατ’
1671 1671 1802 1707 αἴσθησιν
1817 1674 1870 1699 πέ-

1070 1719 1155 1745 φυκεν
1177 1713 1347 1747 ἐπιγίνεσθαι
1370 1715 1471 1750 κράτος
1483 1736 1491 1746 ,
1521 1716 1550 1742 ἐν
1564 1713 1586 1750 ᾧ
1599 1717 1650 1752 τῆς
1661 1717 1799 1752 ἁμαρτίας
1816 1719 1870 1744 πέ-

1069 1757 1172 1792 φνρταί
1199 1767 1257 1789 πως
1273 1759 1289 1794 ἡ
1305 1758 1431 1794 δύναμις,
1464 1760 1533 1796 πρὸς
1545 1758 1636 1788 οἶκτον
1651 1761 1700 1797 τῆς
1714 1763 1869 1796 συγγενοῦς

1070 1802 1173 1838 σαρκὸς
1189 1803 1251 1830 καθ*
1262 1805 1411 1832 ὑπόστασιν
1421 1826 1428 1838 ,
1444 1806 1494 1842 τὴν
1506 1806 1595 1842 ψυχὴν
1607 1807 1641 1834 δι’
1652 1807 1748 1843 ἡδονῆς
1763 1808 1869 1834 ὑποδύ-

1069 1856 1154 1884 ρουσα
1165 1856 1172 1864 '
1201 1850 1262 1877 καθ’
1273 1850 1306 1885 ἢν
1320 1850 1357 1882 ὡς
1372 1850 1453 1885 ἔργον
1467 1852 1536 1887 αὺτῇ
1554 1853 1668 1887 φυσικὸν
1682 1854 1866 1889 ἐγχειρίσασα

1068 1893 1118 1928 τὴν
1143 1894 1254 1929 ἐμπαθῆ
1277 1895 1325 1921 καὶ
1346 1895 1493 1930 καθήδονον
1509 1899 1557 1932 τῆς
1575 1898 1676 1934 σαρκὸς
1690 1899 1866 1934 ἐπιμέλειαν,

1069 1939 1170 1974 ἀπάγει
1185 1940 1235 1975 τῆς
1247 1941 1317 1968 κατὰ
1333 1942 1414 1977 φύσιν
1429 1942 1512 1979 ζωῆς,
1529 1945 1576 1970 καὶ
1591 1944 1679 1971 πείθει
1695 1945 1745 1981 τῆς
1759 1947 1867 1973 ἀνυπο-

1069 1986 1166 2013 στάτου
1184 1986 1283 2018 κακίας
1299 1988 1427 2022 γενέσθαι
1442 1989 1545 2025 ταύτην
1558 1990 1736 2026 δημιουργόν.

1102 2117 1151 2150 νζν.
1179 2118 1271 2145 Κακία
1285 2119 1344 2146 ἐστὶ
1364 2119 1454 2154 ψυχῆς
1467 2120 1564 2155 νοερᾶς
1576 2140 1583 2152 ,
1609 2120 1626 2155 ἡ
1640 2119 1708 2155 λήθη
1724 2120 1780 2146 τῶν
1795 2122 1867 2148 κατὰ

1067 2163 1148 2198 φύσιν
1165 2164 1267 2197 καλῶν,
1284 2165 1346 2199 ἥτις
1363 2165 1396 2191 ἐκ
1409 2165 1460 2200 τῆς
1476 2165 1540 2200 περὶ
1552 2165 1601 2200 τὴν
1616 2166 1705 2200 σάρκα
1717 2174 1746 2192 τε
1763 2167 1813 2194 καὶ
1825 2167 1867 2195 36-

1068 2217 1136 2244 σμον
1151 2229 1158 2242 ,
1186 2209 1329 2245 ὲμπαθοῦς
1346 2211 1500 2245 ἐπιγίνεται
1517 2210 1637 2246 σχέσεως
1652 2230 1660 2243 ,
1687 2211 1722 2246 ἢν
1735 2212 1866 2246 ἁφανζζει

1068 2255 1229 2290 στρατηγῶν
1254 2257 1269 2282 ὁ
1294 2256 1374 2290 λόγος
1399 2257 1458 2283 κατ’
1477 2257 1635 2292 ἐπιστήμην
1660 2258 1865 2293 πνευματικὴν,

1067 2302 1116 2337 την
1127 2310 1155 2329 τε
1165 2301 1212 2328 τοῦ
1224 2302 1327 2338 κόσμου
1336 2303 1383 2329 καὶ
1394 2303 1443 2338 τῆς
1452 2303 1553 2339 σαρκὸς
1560 2304 1600 2330 διε
1605 2304 1777 2339 ρευνώμενος
1789 2307 1866 2339 γένε-

1068 2349 1110 2374 σίν
1125 2357 1155 2374 τε
1172 2349 1220 2374 καὶ
1236 2348 1327 2383 φύσιν,
1346 2349 1393 2376 καὶ
1407 2349 1477 2384 πρὸς
1490 2349 1540 2385 τὴν
1554 2351 1674 2385 συγγενῆ
1691 2350 1746 2376 τῶν
1758 2351 1865 2386 νοητῶν

1067 2393 1160 2428 χώραν
1174 2393 1224 2429 τὴν
1236 2393 1326 2429 ψυχὴν
1338 2394 1468 2421 ἐλαύνωνν
1485 2395 1555 2430 πρὸς
1568 2395 1603 2431 ἢν
1615 2395 1746 2430 οὐδεμίαν
1756 2396 1772 2421 ὀ
1782 2396 1866 2430 νόμος

1066 2439 1115 2474 τῆς
1130 2439 1268 2475 ἁμαρτίας
1282 2441 1402 2467 ποιεῖται
1414 2439 1540 2467 διάϐασιν
1550 2460 1557 2472 ,
1583 2440 1635 2467 οὐκ
1651 2440 1721 2476 ἔχων
1735 2441 1865 2475 καθάπερ

1067 2487 1191 2522 γέφυραν
1208 2488 1278 2522 πρὸς
1289 2488 1334 2514 τὸν
1348 2488 1410 2514 νοῦν
1425 2488 1638 2521 διαὸιὸάςουσαν
1651 2489 1733 2516 αὐτὸν
1753 2489 1793 2516 ἔτι
1815 2490 1864 2524 τὴν

1067 2533 1206 2569 αἴσθησιν,
1229 2534 1398 2561 διαλυθεῖσαν
1412 2534 1463 2570 ἤδη
1478 2535 1546 2570 πρὸς
1562 2536 1611 2570 τὴν
1621 2535 1710 2571 ψυχὴν
1726 2536 1800 2562 κατὰ
1815 2536 1865 2571 τὴν

1067 2581 1170 2616 σχέσιν,
1188 2581 1234 2607 καὶ
1249 2581 1304 2612 τοῖς
1317 2581 1456 2616 αἰσθητοῖς
1470 2582 1701 2616 ὲναπορῤιφεῖσαν
1714 2581 1864 2616 Osi-gnam,

1066 2624 1103 2654 ὦν
1117 2626 1213 2658 διαϐὰς
1225 2627 1275 2661 τὴν
1289 2627 1382 2661 σχέσιν
1398 2627 1446 2653 καὶ
1458 2627 1507 2662 τὴν
1519 2626 1599 2661 φύσιν
1613 2627 1627 2652 ὁ
1637 2627 1709 2659 νοῦς,
1722 2627 1864 2659 παντελῶς

1061 2674 1116 2700 ὀὐκ
1131 2673 1298 2701 αἰσθάνεται.

1062 2764 1130 2791 Male
1141 2770 1200 2790 rem
1222 2763 1303 2790 Picus
1317 2762 1456 2797 exprimit,
1470 2762 1608 2798 (.‘rqaturtr
1617 2762 1744 2790 inservire
1759 2765 1859 2798 nequit,

1063 2799 1114 2826 nisi
1130 2801 1282 2833 prmparato
1293 2798 1367 2833 prius
1381 2805 1497 2831 corpore.
1509 2797 1538 2824 In
1555 2798 1670 2832 reliquis
1687 2797 1770 2825 etiam
1789 2797 1862 2825 labo-

1063 2808 1113 2826 ηιει
1149 2808 1282 2833 rwparaw
1293 2808 1367 2832 prius
1381 2808 1497 2831 CUTﬂI’JTl‘.
1510 2808 1538 2824 lll
1555 2808 1670 2832 Γοιιῐμιιε
1687 2808 1770 2825 Ellam
1789 2808 1856 2825 131""

1063 2838 1105 2861 rat
1130 2808 1222 2864 fucus,
1249 2832 1393 2868 necraltos
1414 2832 1522 2859 Maximi
1540 2840 1638 2860 sensus
1661 2834 1771 2868 assequi
1795 2834 1856 2860 satis

1063 2873 1164 2904 potest,
1179 2872 1226 2895 aut
1244 2867 1372 2895 reddere.
