1951 3076
135 171 203 205 1201

494 176 662 209 CAPITUM
680 179 891 219 QUINQUIES
907 182 1168 214 CENTENORUM
1188 183 1382 215 CENTURlA
1401 185 1426 214 Ι.

1696 182 1764 218 1202

176 231 224 263 ιη’.
243 229 378 266 Καθάπερ
391 231 405 257 ὸ
416 229 495 265 λόγος
510 232 618 268 κρατῶν
631 233 686 260 τῶν
699 234 810 268 παθῶν,
829 237 921 272 ἀρετῆς

1015 237 1059 265 58.
1087 238 1322 279 Quemadmodum
1350 239 1421 266 ratio
1441 238 1585 268 affectibus
1607 238 1762 276 dominans,

131 274 252 308 ὖργανον
274 277 391 302 ποιεῖται
411 276 461 309 τὰς
476 277 616 314 αἰσθήσεις
628 288 635 295 ·
655 280 725 307 οὕτω
741 282 788 308 καὶ
803 282 837 308 τὰ
853 282 926 318 πάθη

136 321 290 355 κρατοῦντα
306 321 354 348 τοῦ
370 322 465 356 λόγου,
495 325 628 360 μορφοῦσι
642 325 690 358 τὰς
703 327 842 363 αἰσθήσεις
859 328 927 363 πρὸς

133 366 285 400 ἁμαρτίαν.
315 367 368 394 Καὶ
391 368 443 403 χρὴ
469 369 608 404 νηφόντως
633 373 744 398 σκοπεῖν
761 381 790 398 τε
813 373 860 399 καὶ
878 382 925 409 με·

133 410 216 446 λετᾷν
229 432 236 444 ,
264 411 324 444 πῶς
346 414 363 447 ἡ
386 413 459 448 ψυχὴ
483 414 532 450 τὴν
548 415 634 451 καλὴν
655 418 798 453 ποιήσεται
812 418 927 452 δεόντως

131 457 326 493 ἀντιστροφὴν,
342 461 400 489 τοῖς
410 459 443 486 δι’
453 456 489 486 ὧν
501 461 531 487 τὺ
542 462 606 496 πρὶν
617 463 785 499 ἐπλημμὲλει
796 466 924 502 χρωμένη

133 502 207 537 πρὸς
219 503 329 537 γένεσιν
345 505 450 539 ἀρετῶν
466 507 514 533 καὶ
528 507 685 536 ὑπόστασιν.

170 590 219 617 νθ’.
236 591 273 617 Τὸ
287 592 365 626 ἆγιον
378 592 554 628 Εὑαγγέλιον,
569 597 703 632 σαρκιχῆς
715 598 763 633 μὲν
774 599 925 635 εἰσηγεῖται

133 635 208 670 ζωῆς
223 637 346 672 ἄρνησιν,
366 641 556 675 πνευματικῆς
566 642 594 668 δὲ
608 642 763 677 ὁμολογίαν.
782 645 849 681 Περὶ
862 646 924 673 τού-

132 690 188 707 των
202 682 230 708 δὲ
243 682 333 716 λέγω,
364 683 418 710 τῶν
434 685 477 711 ἀεὶ
492 686 542 719 μὲν
559 688 630 714 κατὰ
645 688 690 715 τὸν
703 689 861 725 ἄνθρωπον,
877 691 924 718 λέο

133 735 176 760 γω
190 727 219 753 δὲ
234 728 285 762 τὴν
298 729 473 765 ἀνθρωπίνην
488 732 516 758 ὲν
530 734 613 768 σαρκὶ
629 735 700 761 κατὰ
712 735 757 761 τὸν
769 737 854 764 αίῶνα
864 737 926 764 τοῦ-

132 781 180 799 τον
205 774 291 808 ζωὴν,
310 775 555 810 ἀποθνησκόντων,
583 778 691 811 ζώντων
711 781 739 808 δὲ
763 782 836 809 κατὰ
859 783 925 810 Θεδν

134 818 209 853 μόνῳ
233 818 268 853 τῷ
290 820 429 855 Ιινεὺματι
439 843 447 854 ,
476 823 547 850 κατὰ
559 824 604 851 τὸν
617 825 688 852 θεῖον
703 827 863 854 Ἀπόστολον
878 829 925 856 καὶ

131 864 197 895 τοὺς
214 865 283 900 ἀμφ’
293 866 374 892 αὐτὸν
385 866 437 902 (η),
464 869 528 900 τοὺς
540 868 643 901 ζῶντας
657 872 706 907 μὲν
719 873 843 908 οὐδαμῶς
855 875 924 902 ἰδίαν

132 912 207 959 ζωὴν
219 935 226 945 ,
254 913 344 946 ζῶντα
357 915 385 941 δὲ
400 915 446 942 τὸν
460 917 576 951 Χριστὸν
592 920 620 944 ἐν
633 920 739 952 ἑαυτοῖς
753 922 822 949 κατὰ
839 922 923 959 μόνην

130 958 246 992 ἔχοντας
271 960 320 994 τὴν
339 960 440 996 ψυχήν.
471 963 564 996 Οὕτως
586 965 610 991 οἱ
632 965 676 992 διὰ
696 966 741 992 τὸν
756 967 823 994 Θεὸν
840 969 868 995 ἐν
885 958 923 1004 τῷ

130 1003 212 1030 αἰῶνι
228 1004 314 1040 τούτῳ
334 1008 427 1042 νεκροὶ
443 1010 544 1043 σαρκὶ,
573 1011 712 1046 κρίνονται
726 1031 733 1043 ,
759 1012 863 1049 θλίψεις
877 1003 923 1041 καὶ

131 1048 269 1083 βασάνους
291 1051 391 1084 πολλὰς
411 1054 458 1080 καὶ
475 1056 654 1091 στενοχωρίας
675 1057 792 1093 ἔχοντες,
814 1060 861 1087 καὶ
882 1060 923 1087 δι-

129 1096 255 1129 ωγμοὺς,
268 1097 314 1123 καὶ
324 1098 410 1133 μυρία
426 1102 588 1136 πειρασμῶν
601 1102 658 1138 εἴδη
675 1104 743 1138 μετὰ
753 1105 842 1140 χαρᾶς
856 1106 922 1133 ὐπο-

132 1141 271 1174 μένοντες.

168 1188 199 1220 ξ’.
226 1189 284 1216 Πᾶν
301 1191 386 1223 πάθος
407 1192 477 1219 κατὰ
494 1193 655 1229 συμπλοκὴν
670 1195 778 1228 πάντως
792 1197 922 1233 αἰσθητοῦ

129 1240 203 1279 τινος
219 1235 267 1261 καὶ
280 1237 432 1270 αἰσθήσεως
442 1258 449 1270 ,
475 1239 522 1265 καὶ
540 1240 657 1274 φυσικῆς
670 1241 820 1277 δυνάμεως,
835 1243 921 1279 θυμοῦ

129 1277 203 1312 λέγω
217 1280 298 1315 τυχὸν
309 1300 317 1311 ,
343 1282 360 1317 ἢ
374 1283 522 1318 ἐπιθυμίας
534 1305 541 1316 ,
569 1284 586 1320 ἦ
606 1285 684 1318 λόγου
697 1277 923 1322 παρατραπέντος

130 1322 178 1350 τοῦ
200 1326 271 1352 κατὰ
295 1327 385 1361 φύσιν,
415 1328 583 1356 συνίσταται.
607 1330 670 1357 Ἐὰν
684 1329 731 1358 οὖν
745 1332 776 1358 τὸ
791 1332 858 1368 πρδς
873 1333 921 1360 ἄλ·

130 1368 200 1414 ληλα
215 1371 285 1397 κατὰ
301 1372 426 1400 σύνθεσιν
437 1374 513 1406 τέλος
524 1393 531 1405 ,
556 1375 604 1401 τοῦ
620 1383 648 1401 τε
670 1376 798 1412 αίσθητοῦ
812 1378 858 1404 καὶ
872 1379 922 1414 τῆς

131 1413 296 1449 αἰσθήσεως,
312 1417 359 1443 καὶ
374 1418 423 1452 τῆς
437 1419 481 1444 ἐπ’
491 1419 561 1455 αὐτῇ
577 1421 694 1456 φυσικῆς
706 1421 847 1457 δυνάμεως
858 1413 922 1450 θεω-

131 1459 219 1493 ρήσας
233 1461 247 1486 ὁ
261 1461 323 1492 νοῦς
332 1481 340 1493 ,
368 1462 469 1499 δυνηθῇ
487 1464 554 1499 πρὸς
569 1465 615 1491 τὸν
625 1466 725 1492 οἰκεῖον
737 1466 817 1500 φύσει
831 1468 920 1501 λόγον,

131 1503 235 1531 τούτων
262 1506 380 1534 ἕκαστον
402 1508 545 1544 διακρίνας
566 1510 760 1546 ἐπαναγαγεῖν,
789 1513 836 1540 καὶ
852 1513 920 1540 θεω-

940 911 959 937 Β

979 283 1089 310 virtutis
1101 292 1233 320 organum
1241 292 1352 312 sensum
1365 284 1448 312 efﬁcit
1458 293 1465 311 :
1476 284 1516 312 sic
1525 292 1634 320 quoque
1649 286 1763 314 allectus

979 329 1077 356 rationi
1093 329 1267 358 dominantes
1281 337 1379 357 sensus
1398 330 1432 357 ad
1446 334 1588 365 peccatum
1604 330 1763 360 informant.

977 375 1067 410 Atque
1084 375 1152 404 adeo
1166 376 1258 404 sobria
1272 381 1363 405 mente
1376 376 1573 405 attendendum
1586 385 1618 404 ac
1634 377 1764 405 conside-

977 421 1105 454 randum,
1121 429 1240 456 quonam
1255 423 1337 450 modo
1349 423 1459 450 animus
1478 423 1677 451 convenienter
1697 431 1764 451 con-

976 467 1132 494 versionem
1146 467 1270 495 facturus
1279 467 1330 500 sit;
1347 468 1449 503 quibus
1459 468 1564 503 pridem
1573 468 1749 504 delinquebat
1757 483 1766 496 ι

976 509 1034 538 hare
1046 511 1079 538 ad
1093 511 1229 547 parandas
1241 512 1358 540 virtutes
1368 519 1469 548 easque
1482 512 1674 540 sustentandas
1685 512 1763 540 adhi-

975 557 1053 585 hens.

1011 604 1055 631 59.
1071 603 1203 632 Sanctum
1226 604 1417 640 Evangelium,
1431 603 1493 631 vitm
1513 604 1631 631 carnalis
1650 603 1762 631 abdica-

975 649 1090 681 tionem,
1115 657 1146 676 ac
1160 649 1292 684 spiritalis
1306 649 1505 684 professionem
1526 648 1617 676 docet.
1634 648 1713 681 Quod
1728 649 1762 676 ad

976 695 1047 727 illos,
1061 695 1183 729 inquam,
1200 694 1308 727 attinet,
1324 695 1371 730 qui
1384 694 1534 722 secundum
1549 695 1688 722 hominem
1700 694 1764 731 (hu-

975 748 1082 767 manam
1103 739 1208 767 scilicet
1227 740 1254 767 in
1274 748 1357 768 carne
1372 748 1421 776 pro
1437 740 1520 776 hujus
1533 740 1626 767 saeculi
1645 748 1706 772 usu,
1719 741 1761 767 vi-

975 786 1041 821 tam)
1060 793 1170 820 semper
1193 785 1349 813 moriuntur
1360 786 1394 818 “,
1409 786 1523 820 soloque
1542 785 1642 820 spiritu
1664 793 1763 813 secun-

975 831 1040 859 dum
1052 832 1137 859 Deum
1153 832 1259 863 vivunt,
1277 831 1350 859 haud
1360 839 1440 858 secus
1455 839 1486 858 ac
1496 831 1605 858 divinus
1615 832 1762 865 Apostolus

975 884 1008 904 ac
1025 876 1071 911 qui
1088 875 1182 904 attines
1195 876 1269 904 illius
1283 880 1361 910 sunt;
1375 876 1421 912 qui
1437 876 1540 908 vivant,
1555 884 1610 903 non
1620 877 1674 913 jam
1695 885 1761 912 pro-

974 922 1061 957 priam
1079 922 1179 955 vitam,
1202 921 1250 949 sed
1278 922 1416 949 viventem
1440 922 1467 948 in
1493 930 1521 949 se
1537 921 1676 949 Christum
1703 922 1762 949 solo

973 968 1065 995 animo
1078 968 1234 995 habeant“.
1244 967 1273 994 ln
1281 975 1343 995 eum
1356 967 1468 994 modum
1476 967 1635 1003 judicantur
1642 968 1760 1001 carne“,

973 1012 1020 1047 qui
1043 1017 1157 1047 propter
1183 1012 1269 1039 Deum
1298 1012 1326 1039 in
1350 1012 1402 1039 hoc
1425 1013 1525 1039 saeculo
1555 1012 1657 1039 mortui
1684 1016 1759 1045 sunt,

972 1066 1110 1086 aerumnas
1121 1058 1221 1085 multas
1234 1063 1262 1085 et
1276 1057 1415 1085 cruciatus
1434 1065 1465 1085 ac
1487 1058 1696 1092 persecutiones
1710 1058 1760 1084 ha«

973 1104 1090 1137 beutes,
1116 1104 1321 1139 innumeraque
1350 1103 1532 1130 tentatlonum
1563 1111 1663 1138 genera
1696 1110 1760 1131 cum

971 1150 1072 1187 gaudio
1085 1150 1263 1178 sustinentes.

1009 1196 1053 1224 60.
1080 1195 1202 1224 Ati‘ectus
1225 1195 1335 1226 omnis,
1353 1203 1402 1222 seu
1428 1193 1519 1230 passio
1542 1199 1625 1229 atque
1651 1195 1759 1229 vitium,

972 1242 1084 1269 omnino
1098 1250 1132 1269 ex
1147 1241 1290 1276 complexu
1308 1240 1346 1267 rei
1365 1240 1480 1275 alicujus
1492 1240 1519 1267 in
1531 1247 1642 1268 sensum
1658 1240 1760 1268 caden-

973 1288 1018 1321 tis,
1042 1294 1208 1322 sensusque,
1226 1293 1258 1313 ac
1284 1285 1365 1321 524
1384 1286 1518 1313 naturalis
1532 1285 1670 1314 facultatis
1693 1285 1761 1321 (ira:

972 1339 1038 1369 puta
1059 1337 1106 1360 aut
1125 1331 1294 1367 cupiditatis,
1309 1336 1357 1358 aut
1375 1331 1490 1359 rationis
1513 1331 1548 1358 ab
1568 1338 1602 1359 eo
1623 1338 1761 1366 perversa

972 1378 1044 1414 quod
1059 1383 1143 1414 estex
1157 1377 1263 1414 natura)
1281 1377 1433 1412 consurgit.
1449 1376 1525 1404 Mens
1542 1376 1644 1412 igitur,
1660 1377 1759 1404 horum

974 1424 1047 1452 inter
1072 1431 1101 1451 se
1128 1423 1278 1450 secundum
1307 1422 1532 1457 compositionem
1553 1423 1676 1457 dispecta
1706 1422 1760 1450 tine

973 1470 1042 1506 (tum
1065 1468 1170 1496 scilicet
1195 1468 1234 1495 rei
1249 1475 1310 1502 quas
1329 1475 1440 1494 sensum
1458 1471 1567 1499 movet,
1594 1470 1652 1494 tum
1674 1467 1761 1502 ipsius

972 1522 1079 1546 sensus,
1091 1513 1273 1548 tumdenique
1288 1513 1420 1540 naturalis
1432 1513 1460 1540 in
1472 1520 1506 1540 eo
1520 1511 1681 1548 facultatis).
1694 1511 1761 1539 dum

131 1549 217 1599 ρήσαι
226 1551 294 1601 ,καθ’
308 1552 388 1579 ἑαυτὸ
405 1553 435 1580 τὸ
448 1554 576 1590 αἰσθητὸν
587 1576 595 1588 ,
623 1555 688 1582 ἄνευ
707 1558 755 1593 τῆς
772 1559 840 1594 πρὸς
854 1559 921 1586 αὺτδ

973 1561 1078 1596 singula
1089 1559 1229 1588 subtiliter
1244 1559 1414 1591 discernens,
1429 1559 1457 1586 in
1476 1559 1615 1594 propriam
1631 1558 1761 1594 quodque

132 1594 183 1629 τῆς
206 1595 357 1631 αἰσθήσεως
379 1599 513 1634 σχέσεως,
538 1601 585 1628 καὶ
599 1602 649 1637 τὴν
661 1603 786 1639 αι’σθησιν
798 1605 859 1640 δίχα
872 1606 922 1640 τῆς

131 1640 179 1666 τοῦ
194 1641 324 1677 αἰσθητοῦ
342 1644 410 1679 πρὸς
425 1645 508 1681 αὐτὴν
523 1648 688 1684 οἰκειότητος
701 1657 708 1663 ·
737 1650 785 1677 καὶ
799 1650 848 1686 τὴν
863 1650 923 1676 htt-

132 1686 234 1721 θυμίαν
258 1689 324 1724 φέρε
347 1691 434 1717 εἰπεῖν
444 1711 452 1724 ,
483 1692 499 1727 ἢ
518 1692 601 1729 ἄλλην
617 1695 678 1721 τινὰ
692 1695 746 1721 τῶν
760 1695 831 1722 κατὰ
841 1696 922 1731 φύσιν

130 1732 273 1768 δυνάμεων
298 1736 381 1770 χωρὶς
408 1737 458 1772 τῆς
479 1738 619 1773 ἑμπαθοῦς
637 1740 813 1776 ὲπάισθήσει
826 1750 856 1768 τε
874 1742 921 1769 καὶ

131 1777 254 1812 αἰσθητῷ
276 1779 421 1812 διαθέσεως
433 1789 440 1796 ·
471 1782 510 1814 ὡς
533 1784 550 1818 ὴ
573 1784 620 1810 τοῦ
636 1785 738 1816 πάθους
752 1786 817 1812 ποιὰ
831 1795 921 1822 παρα-

133 1824 259 1856 σκευάζει
275 1825 324 1860 τὴν
339 1826 457 1862 θεωρίαν
475 1829 597 1862 γίνεσθαι
612 1831 718 1865 κίνησις
729 1852 737 1864 ,
765 1831 920 1859 διεσκέδασε

131 1869 179 1895 καὶ
203 1869 350 1904 ὲλέπτυνε,
379 1873 449 1900 κατὰ
468 1873 514 1900 τὸν
527 1874 610 1902 πάλαι
625 1876 672 1902 τοῦ
687 1876 795 1912 Ἰσραὴλ
809 1877 918 1912 μόσχον,

129 1914 178 1940 τοῦ
198 1915 353 1951 οίουδήποτε
378 1918 570 1954 συμϐαίνοντος
597 1921 701 1952 πάθους
717 1921 766 1956 τὴν
779 1921 918 1955 σύστασιν,

131 1961 179 1986 καὶ
204 1960 257 1987 ὑπὸ
278 1961 308 1988 τὸ
332 1962 405 1998 ὕδωρ
420 1964 470 1999 τῆς
485 1965 609 1999 γνώσεως
624 1966 760 2002 ἔσπειρεν,
787 1968 921 2002 ἀφανίσας

130 2005 270 2038 παντελῶς
285 2007 331 2033 καὶ
340 2008 423 2043 αὐτὴν
435 2009 488 2035 τῶν
501 2010 593 2037 παθῶν
603 2011 653 2046 τὴν
663 2012 743 2047 ψιλὴν
756 2013 919 2047 φαντασίαν,

131 2051 176 2078 διὰ
189 2054 238 2088 τῆς
247 2053 314 2089 πρὶς
329 2055 412 2082 ἑαυτὰ
426 2056 480 2083 τῶν
492 2057 696 2086 ἀποτελούντων
710 2059 776 2086 αὐτὸ
787 2060 858 2087 κατὰ
870 2060 919 2095 φύ-

133 2104 174 2122 σιν
189 2098 358 2133 πραγμάτων
371 2100 629 2134 ἀποκαταστάσεως.

973 1611 1070 1633 natura
1099 1605 1233 1633 rationem
1258 1605 1391 1632 reducere
1414 1605 1556 1639 potuerit:
1572 1612 1631 1631 rem
1655 1604 1761 1632 scilicet

972 1658 1033 1686 qum
1045 1658 1157 1678 sensum
1176 1654 1278 1681 movet,
1295 1649 1380 1684 ipsam
1397 1656 1446 1683 per
1459 1656 1489 1676 se
1503 1649 1607 1683 absque
1619 1656 1718 1676 sensus
1731 1648 1759 1675 in

971 1704 1031 1723 eam
1055 1694 1277 1728 necessitudine;
1305 1702 1337 1721 ac
1353 1694 1545 1729 cupiditatem,
1558 1693 1636 1721 verbi
1654 1693 1739 1728 gratia
1750 1713 1758 1726 ,

972 1747 1019 1767 seu
1033 1739 1114 1769 aliam
1126 1738 1271 1774 quamdam
1291 1737 1458 1764 naturalium
1474 1736 1634 1764 facultatum
1654 1736 1760 1772 absque

970 1784 1118 1811 libidinosa
1147 1783 1175 1810 in
1198 1790 1307 1810 sensum
1333 1789 1446 1816 remque
1471 1788 1582 1808 sensum
1602 1786 1760 1809 moventem

970 1830 1053 1857 animi
1067 1829 1213 1857 affectione
1235 1827 1354 1864 (qualem
1373 1827 1436 1855 talis
1455 1827 1579 1862 quaedam
1600 1826 1716 1854 aﬂ'ectus
1726 1835 1759 1855 ac

970 1874 1093 1902 libidinis
1120 1874 1206 1901 motio
1240 1874 1310 1901 solet
1334 1877 1464 1908 praestare
1491 1872 1757 1907 considerationem)

970 1921 1016 1948 hic
1030 1920 1174 1954 dissipavit
1192 1927 1224 1946 ac
1235 1918 1409 1950 comminuit,
1424 1918 1501 1945 velut
1517 1917 1636 1945 senioris
1650 1917 1759 1945 lsraelis

969 1966 1129 1999 vitulum",
1146 1965 1262 1992 affectus
1282 1964 1433 2000 cujuslibet
1447 1971 1495 1992 seu
1508 1963 1567 1990 vitii
1580 1971 1612 1991 ac
1623 1963 1758 1998 passionis

969 2013 1058 2040 labem
1075 2015 1157 2047 atque
1175 2019 1245 2043 rem,
1265 2011 1372 2045 subque
1388 2010 1509 2037 scicntim
1520 2017 1589 2044 aqua
1601 2009 1756 2042 seminavit;

969 2059 1027 2095 ipsa
1041 2066 1151 2094 quoque
1169 2057 1242 2084 nuda
1258 2064 1371 2091 prorsus
1385 2056 1533 2083 affectuum
1557 2055 1757 2089 libidinumqne

969 2105 1135 2140 cogitatione
1146 2103 1256 2136 abolita,
1269 2110 1301 2130 ea
1313 2102 1430 2134 ratione,
1439 2101 1513 2136 quod
1526 2101 1632 2136 singula
1641 2107 1760 2135 qumque

969 2151 1028 2179 haec
1041 2150 1196 2182 efﬁcientia,
1212 2148 1363 2176 secundum
1375 2151 1501 2174 naturam
1512 2146 1546 2174 ad
1554 2146 1644 2181 seipsa
1653 2145 1757 2172 fuerint

969 2200 1097 2225 revocata
1110 2195 1219 2230 sibique
1235 2193 1353 2222 reddita.

165 2230 217 2263 ξαν.
240 2231 269 2258 '0
283 2232 390 2265 πολλοῖς
404 2233 623 2270 πλημμελήμασι
639 2236 694 2263 τῶν
709 2237 740 2264 ἐκ
753 2238 803 2273 τῆς
818 2239 917 2274 σαρκὸς

1004 2243 1049 2270 6t.
1067 2241 1129 2269 Vita
1145 2241 1240 2268 multis
1264 2239 1374 2266 delictis
1395 2246 1430 2266 ex
1456 2237 1547 2266 carnis
1563 2236 1757 2265 affectionibus

131 2278 301 2313 παθημάτων
317 2280 532 2317 κεκηλιδωμένος
547 2283 604 2317 βίος
616 2303 623 2315 ,
655 2283 738 2319 χιτών
752 2285 826 2311 ἐστιν
840 2286 917 2312 ἐσπι-

130 2324 260 2359 λωμένος.
282 2326 325 2357 Ὠς
353 2326 384 2353 ἐκ
400 2337 471 2360 τινος
489 2328 543 2364 γὰρ
564 2328 711 2364 ἐνδύματος
725 2331 774 2365 τῆς
788 2332 859 2358 κατὰ
872 2332 918 2358 τὸν

131 2369 188 2404 βίον
212 2372 385 2407 ἀναστροφῆς
398 2393 406 2403 ,
435 2374 550 2406 ἕκαστος
572 2375 626 2401 τῶν
643 2375 794 2409 ἀνθρώπων
810 2377 917 2411 διαφαί-

130 2416 223 2443 νεσθαι
249 2418 379 2452 πέφυκεν,
406 2421 460 2446 εἴτε
484 2421 598 2453 δίκαιος,
617 2422 670 2448 εἴτε
686 2414 808 2454 ἄδικοςί
828 2425 842 2451 ὁ
856 2425 915 2459 μὲν,

129 2461 232 2496 χιτῶνα
260 2464 379 2499 καθαρὸν
407 2465 485 2500 ἔχων,
516 2467 562 2493 τὸν
584 2467 710 2506 ἐνάρετον
734 2468 809 2503 βίον·
839 2469 853 2495 ὁ
875 2469 915 2502 δὲ,

131 2509 259 2542 πονηροῖς
273 2509 462 2546 ὲσπιλωμένην
475 2511 564 2546 ἔργοις
578 2513 627 2547 τὴν
648 2512 719 2548 ζωὴν
736 2513 914 2549 κεκτημένος.

132 2552 166 2578 ‘ll
182 2553 293 2587 μᾶλλον,
312 2555 498 2592 ὲσπιλωμένος
511 2557 563 2584 ἀπὸ
576 2559 625 2592 τῆς
638 2559 736 2593 σαρκός
749 2560 806 2585 ἐστι
818 2559 913 2595 χιτὼν,

129 2597 146 2632 ή
163 2597 235 2623 κατὰ
259 2599 411 2631 συνείδησιν
434 2602 575 2637 μορφοῦσα
604 2602 649 2628 διὰ
666 2602 717 2637 τῆς
732 2603 843 2639 μνήμης
861 2605 915 2631 τῶν

165 2675 188 2690 ¹¹
203 2675 214 2702 l
228 2675 291 2703 Cor.
309 2683 353 2708 xv,
367 2676 412 2705 5|.
449 2677 471 2693 ¹¹
486 2677 571 2705 Galat.
588 2686 617 2710 tt,
629 2678 674 2705 20.
713 2679 736 2695 ’³
752 2679 762 2706 l
779 2679 852 2706 Petr.
866 2687 902 2712 tv,
918 2680 944 2706 6.

166 2743 206 2782 (ιι)
227 2745 312 2782 Κᾎτὰ-
325 2746 378 2782 τὸν
401 2745 684 2782 θεῖυνξΑπόστολον,
700 2747 747 2774 καὶ
765 2747 836 2780 τοὺς
847 2748 920 2782 ἀμφ’

131 2779 235 2806 αὐτόν.
255 2779 288 2806 ΕΙ,
306 2780 351 2807 hic
365 2780 444 2815 longe
465 2781 590 2813 aberrat,
608 2782 672 2809 dum
697 2782 732 2810 ita
757 2779 920 2813 reddithx

132 2815 262 2853 sententia
276 2815 369 2853 divini
380 2816 501 2853 Αροδιοιί
522 2822 551 2853 et
569 2824 600 2842 ex
619 2818 675 2852 ejus
692 2823 830 2852 prwcepto.
852 2817 919 2845 Cum

132 2849 178 2877 sit.
193 2848 281 2875 Divini
298 2848 416 2883 Aposlofi
433 2856 456 2877 ct
480 2851 607 2878 similium
625 2848 706 2884 titoré,
724 2848 798 2879 velut
811 2852 921 2880 divinus

136 2885 283 2918 Apostolus
312 2885 400 2920 (cuius
421 2886 521 2913 nedum
545 2887 602 2914 hmc
629 2888 692 2914 stint
717 2888 810 2921 verba,
825 2895 920 2915 verum

971 2296 1020 2316 seu
1034 2286 1208 2323 passionibus
1220 2285 1428 2316 commaculata,
1440 2283 1533 2310 tunica
1541 2286 1583 2310 est
1594 2282 1706 2310 sordida
1725 2289 1757 2309 ac

971 2333 1112 2368 inquinata
1124 2332 1157 2359 ".
1178 2331 1260 2359 Velut
1272 2330 1346 2357 enim
1358 2337 1391 2356 ex
1406 2327 1525 2363 quodam
1539 2327 1710 2359 indumento,
1723 2334 1756 2353 ex

971 2379 1034 2406 vita:
1058 2377 1270 2406 conversatione
1298 2375 1416 2410 quisque
1437 2373 1579 2401 hominum
1598 2378 1629 2401 ut
1648 2373 1757 2400 eluceat

970 2426 1146 2457 comparatus
1160 2425 1212 2453 est,
1228 2420 1285 2447 sive
1297 2419 1400 2454 justus,
1415 2418 1472 2444 sive
1485 2417 1596 2451 iniquus
1610 2419 1653 2443 est
1667 2424 1673 2442 :
1687 2415 1756 2442 alter

970 2468 1091 2504 quidem,
1108 2465 1237 2493 mundam
1253 2464 1373 2491 tunicam
1386 2462 1501 2493 habens,
1513 2461 1596 2488 vitam
1606 2459 1757 2487 virtutibus

968 2517 1108 2545 ornatam;
1126 2512 1195 2539 alter
1214 2517 1295 2540 vero,
1313 2509 1398 2536 vitam
1422 2507 1513 2543 pravis
1536 2506 1667 2541 operibus
1690 2513 1756 2532 eon-

968 2563 1133 2593 spurcatam.
1148 2556 1196 2583 Vel
1208 2555 1310 2591 potius,
1326 2554 1417 2581 tunica
1427 2552 1517 2581 carnis
1529 2550 1756 2585 sordibusinqui--

968 2608 1041 2636 nata,
1056 2603 1168 2631 habitus
1182 2606 1224 2630 est
1236 2605 1366 2635 certaque
1378 2598 1534 2634 dispositio,
1553 2605 1586 2625 ex
1600 2595 1754 2624 carnalium

982 2678 1005 2694 "
1019 2679 1104 2706 Exod.
1118 2686 1201 2710 xxxu,
1216 2677 1260 2704 20.
1298 2676 1321 2692 “
1336 2675 1413 2704 Iudae
1424 2674 1468 2723 2.5.

968 2747 1050 2774 etiam
1063 2747 1097 2774 de
1110 2747 1169 2782 ipso
1184 2752 1211 2775 et
1226 2747 1253 2774 in
1270 2753 1318 2774 sua
1336 2751 1451 2782 persona
1470 2741 1552 2782 dicta)
1567 2741 1677 2782 virique
1692 2748 1754 2782 cum

969 2782 1015 2809 iilo
1029 2777 1170 2817 apostolici
1183 2791 1214 2810 ac
1227 2782 1282 2809 divi
1301 2777 1403 2817 quibus
1428 2779 1468 2806 sic
1482 2777 1621 2817 Christus
1631 2777 1684 2804 vita
1704 2777 1751 2817 sit.

969 2812 1054 2852 Pigetl
1063 2819 1102 2845 sic
1112 2825 1144 2844 cx
1158 2818 1240 2844 trivio
1252 2824 1296 2844 res
1309 2812 1456 2847 adnotare;
1472 2812 1518 2840 sed
1533 2812 1559 2838 in
1575 2812 1668 2838 vitium
1688 2812 1754 2838 vitia

971 2860 1052 2887 (‘ttgut'
1067 2852 1167 2880 alieno.
1279 2878 1293 2890 ,
