1951 3076
134 190 202 224 1205

488 190 656 221 ΟΆΡΙΤΗΜ
674 189 886 226 QUINOUIES
903 189 931 219 C]

985 189 1165 221 [‘ENORUM
1184 189 1378 221 CENTURIA
1396 188 1418 220 Ι.

1693 185 1760 219 i286

130 245 262 276 Νυσαέως
288 245 406 280 μεγάλου
431 245 584 281 Γρηγορίου
611 244 705 280 μαθὼν
718 265 726 277 .
754 246 796 272 ὅτι
813 245 862 272 διὰο
872 244 920 280 τὴν

985 255 1103 283 naguum
1118 246 1282 282 Gregorium
1297 245 1450 280 Nyssenum
1468 242 1528 279 (lib.
1542 243 1578 271 De
1595 242 1700 277 opiﬁcio
1717 243 1765 270 Ite.

129 291 180 326 τῆς
210 291 378 327 τελειότητος
401 291 558 324 ἔκπτωσιν,
588 291 737 327 ὲπεισήχθη
760 290 858 321 ταῦτα.
882 290 922 326 τῷ

131 338 286 372 ἀλογοτέρῳ
310 337 389 372 μέρει
410 337 585 372 προσφυέντα
607 337 656 372 τῆς
674 337 800 371 φύσεως·
827 333 919 370 δι’ὦν,

130 384 192 410 ἀντὶ
216 384 266 418 τῆς
291 382 428 418 μακαρίας
455 383 502 409 καὶ
523 383 598 414 θείας
617 383 719 415 είκόνος
732 402 740 415 .
769 383 850 415 εὐθὺς
863 383 921 418 ἅμα

130 430 165 464 τῇ
179 429 345 463 παραΰάσει,
356 429 488 464 διαφανὴς
499 429 547 455 καὶ
560 428 686 464 ἐπίδηλος
697 430 726 456 ὲν
736 429 776 464 τῷ
785 429 923 465 ἀνθρώπῳ

133 474 246 508 γέγονεν
270 475 287 509 ὴ
311 474 365 502 τῶν
388 474 494 508 ἀλόγων
514 473 592 506 ζώων
615 475 757 510 ὁμοίωσις.
777 476 851 503 Ἔδει
869 475 924 512 γὰρ

133 521 184 556 τῆς
202 520 283 552 ἀξίας
303 521 349 548 τοῦ
365 521 444 554 λόγου
458 521 644 556 καλυφθείσης
656 540 663 553 ,
693 522 739 557 ὑφ’
749 520 786 549 ὧν
801 523 924 550 ἐπεσπά-

135 575 202 592 σατο
218 567 270 600 τῆς
286 566 399 600 ἀλογίας
413 567 611 601 γνωρισμάτων
622 587 630 600 ,
657 567 769 599 ἐνδίκως
782 567 832 602 τὴν
844 567 925 602 φύσιν

134 613 189 638 τῶν
218 611 369 647 ἀνθρώπων
392 612 570 644 κολάζεσθαι·
589 613 679 646 σοφῶς
693 613 734 644 είς
748 613 925 649 συναίσθησιν

134 656 186 691 τῆς
212 657 325 692 λογικῆς
350 658 528 693 μεγαλονοίας
549 657 636 686 ἐλθεῖν
656 658 862 694 οἱκονομοῦντος
878 658 925 685 τοῦ

134 702 210 730 Θεοῦ
218 704 265 730 τὸν
277 703 432 739 ἄνθρωπον.

172 792 227 824 Eg’.
244 792 323 818 Καλὰ
335 791 440 826 γίνεται
454 793 502 820 καὶ
513 792 548 819 τὰ
560 793 633 828 πάθη
649 794 678 820 ὲν
690 794 745 825 τοῖς
761 793 926 827 σπουδαίοις,

135 837 256 872 ὁπηνίκα
273 837 361 872 σοφῶς
376 838 445 865 αὐτὰ
458 838 512 865 τῶν
529 839 693 874 σωματικῶν
709 839 927 874 ἀποστήσαντες,

137 883 207 918 πρὸς
233 883 283 918 τὴν
308 883 363 910 τῶν
389 884 523 920 οὐρανίων
546 884 800 920 μεταχειριζὼμεθα
819 886 926 920 κτῆσιν·

136 927 204 962 οἷον,
234 929 278 956 ὅτε
295 930 344 965 τὴν
359 930 408 965 μὲν
423 930 581 965 ἐπιθυμίαν,
606 931 655 965 τῆς
667 931 763 966 νοερᾶς
775 931 830 958 τῶν
844 931 924 958 θείων
941 924 963 952 Β

138 974 260 1009 ἐφέσεως
271 975 416 1011 όρεκτικὴν
428 975 604 1010 ἐργασόμεθα
618 976 741 1011 κίνησιν
767 977 817 1011 τὴν
830 976 928 1012 ἡδονὴν

136 1020 167 1046 δὲ
180 1041 188 1051 ,
204 1022 254 1055 τῆς
269 1021 315 1047 ἐπὶ
328 1022 386 1051 τοῖς
399 1021 483 1053 θείοις
498 1021 648 1056 χαρίσμασι
665 1021 711 1047 τοῦ
723 1021 768 1048 νοῦ
784 1021 929 1056 θελκτικῆς

137 1066 277 1100 ἐνεργείας
294 1066 464 1102 εὐφροσύνην
480 1068 536 1101 ἀπή
543 1076 610 1101 μονα
622 1075 631 1082 ⁵
657 1067 703 1094 τὸν
719 1067 746 1093 δὲ
769 1067 862 1101 φόϐον.
879 1068 929 1101 τῆς

139 1110 290 1146 μελλούσης
317 1112 363 1138 ἐπὶ
389 1112 609 1147 πλημμελήμασι
631 1113 766 1147 τιμωρίας
787 1112 929 1148 προφυλα-

136 1157 237 1192 κτικὴν
252 1157 410 1192 ἐπιμέλειαν
420 1166 427 1173 ο
454 1159 505 1194 τὴν
517 1159 546 1185 δὲ
559 1158 666 1194 λύπην,
690 1158 868 1194 διορθωτικὴν
883 1158 929 1185 ἐπὶ

137 1202 256 1238 παρόντι
277 1202 355 1237 κακῷ
374 1204 567 1239 μεταμέλειαν.
594 1204 648 1230 Καὶ
669 1204 809 1239 συντόμως
830 1205 929 1236 εἰπεῖν,

137 1249 210 1274 κατὰ
236 1249 299 1280 τοὺς
321 1249 419 1283 σοφοὺς
440 1250 495 1276 τῶν
519 1250 631 1285 ἰατρῶν,
657 1250 762 1285 σώματι
777 1249 929 1284 φθαρτικοῦ

137 1292 223 1328 θηρὸς
249 1293 298 1328 τῆς
319 1293 436 1329 ἐχίδνης,
450 1294 498 1329 τὴν
513 1293 595 1320 οὖσαν
608 1294 624 1329 ἢ
641 1294 833 1330 μελετωμὲνην
848 1294 930 1328 ἀφαι-

139 1338 289 1373 ρουμένους
312 1338 442 1374 λώῦησιν1
467 1341 524 1371 τοῖς
540 1339 638 1366 πάθεσι
654 1339 760 1370 τούτοις
773 1340 840 1375 πρὸς
854 1339 930 1367 ἀναί-

140 1392 216 1418 ρεσιν
236 1383 372 1419 χρώμενοι
394 1384 535 1420 παρούσης
548 1385 648 1416 κακίας
663 1385 679 1420 ἦ
693 1385 929 1421 προσδοκωμένης,

138 1429 188 1455 καὶ
205 1429 303 1464 κτῆσιν
321 1430 369 1456 καὶ
384 1429 505 1464 φυλακὴν
519 1429 621 1465 ἀρετῆς
633 1438 663 1456 τε
682 1430 728 1456 καὶ
740 1429 876 1463 γνώσεως.

976 294 1076 329 minis),
1094 300 1127 321 eo
1142 293 1216 328 quod
1232 292 1331 319 amissa
1351 289 1484 326 perfectio
1500 293 1569 321 erat,
1582 289 1765 317 subintrodu-

976 345 1020 369 cta
1037 340 1105 372 haec,
1123 339 1148 367 ei
1161 338 1245 366 animi
1263 338 1335 373 parti
1347 336 1525 368 cohaerentia,
1542 343 1603 371 quae
1621 343 1637 363 a
1658 336 1765 363 ratione

976 386 1111 414 remotior
1127 389 1170 413 est
1186 393 1193 412 :
1206 384 1317 419 quibus,
1333 384 1395 411 loco
1420 383 1506 410 beata:
1521 381 1676 416 divinaeque
1698 381 1766 408 ima-

977 433 1060 468 ginis,
1086 432 1179 459 statim
1196 439 1210 458 a
1235 429 1472 465 transgressione,
1490 428 1612 456 dilucida
1636 435 1670 456 ac
1690 427 1765 455 clara

978 479 1124 506 brutarum
1140 476 1321 504 animantium
1337 474 1489 503 similitudo
1502 475 1530 502 in
1548 473 1660 501 homine
1678 473 1765 500 exsti-

978 526 1021 553 tit.
1035 524 1155 552 Decebat
1170 522 1243 550 enim
1260 522 1376 550 rationis
1397 519 1556 556 pmstantia
1573 519 1601 546 in
1614 519 1765 547 obscurum

978 573 1082 601 coacta,
1109 568 1209 596 merito
1232 567 1325 603 puniri
1352 567 1505 594 humanum
1527 573 1623 601 genus,
1640 564 1674 591 iis
1697 571 1766 599 quas

978 614 1122 645 asciverat,
1147 616 1254 640 natura
1271 610 1393 639 carentis
1412 610 1518 638 ratione
1531 609 1621 642 notis;
1638 609 1695 636 Deo
1718 616 1764 635 sa-

978 658 1152 694 pientissime
1178 657 1354 692 disponente,
1382 659 1413 683 ut
1428 662 1479 690 per
1499 654 1574 682 hunc
1595 653 1719 686 modum,
1736 653 1765 681 in

979 704 1124 732 rationalis
1137 694 1304 739 praestanti
1315 701 1401 730 animi
1415 708 1528 728 sensum
1548 700 1633 727 homo
1645 699 1766 727 adduce-

980 754 1070 778 retur.

1015 796 1061 824 66.
1078 795 1148 830 ipsa;
1171 802 1284 829 quoque
1301 793 1443 828 passiones
1455 813 1463 825 ,
1490 791 1662 826 affectusque
1683 790 1712 819 in
1733 791 1767 819 iis

980 841 1028 876 qui
1045 840 1172 872 studiosi,
1191 838 1357 874 honestique
1367 839 1488 867 cultores
1501 841 1577 869 sunt,
1588 836 1655 864 boni
1665 844 1698 864 ac
1709 835 1768 864 lau—

981 887 1087 916 dabiles
1102 886 1276 918 redduntur;
1291 892 1354 913 cum
1369 884 1510 919 sapienter
1525 891 1540 911 ι
1554 882 1696 917 corporeis
1705 889 1770 910 avo-

977 937 1073 960 cantes
1085 931 1119 960 ad
1131 930 1316 966 comparanda
1325 937 1387 965 quae
1403 929 1526 957 coelestia
1538 932 1614 960 sunt,
1629 936 1677 955 eos
1688 936 1770 955 usur-

978 986 1092 1014 pamus;
1110 981 1142 1005 ut
1167 984 1243 1008 cum,
1264 975 1340 1004 verbi
1358 975 1458 1010 gratia,
1475 974 1555 1009 526
1576 973 1768 1008 cupiditatem.

979 1024 1080 1052 mentis
1095 1027 1199 1051 motum
1208 1021 1364 1058 appetentis
1376 1021 1468 1049 divina
1481 1020 1613 1048 faciemus
1625 1028 1632 1052 :
1643 1019 1769 1053 volupta-

979 1073 1046 1101 tem,
1071 1069 1212 1096 innoxiam
1237 1067 1359 1096 animum
1377 1066 1526 1094 mulcentis
1552 1074 1584 1096 ae
1608 1065 1763 1097 illicientis,

980 1115 1140 1143 divinorum
1154 1114 1289 1142 donorum
1301 1113 1439 1148 largitate,
1450 1112 1621 1148 operationis
1631 1110 1768 1143 laetitiam,

981 1165 1097 1192 metum,
1108 1160 1195 1187 futuri
1210 1159 1377 1187 delictorum
1388 1165 1470 1186 causa
1483 1157 1622 1193 supplicii,
1634 1157 1670 1184 ob
1682 1163 1770 1191 eaque

982 1205 1180 1241 impendentis,
1191 1209 1301 1232 cautam
1315 1204 1506 1239 diligentiam;
1518 1203 1658 1230 tristitiam
1669 1202 1770 1230 animi-

982 1260 1036 1288 que
1051 1252 1186 1282 dolorem,
1204 1258 1258 1286 qua
1271 1258 1393 1286 praesens
1406 1250 1508 1279 malum
1521 1249 1700 1278 emendemus
1711 1256 1771 1283 pm-

979 1297 1137 1325 nitcntiam.
1154 1298 1256 1332 Atque,
1274 1301 1304 1324 ut
1317 1296 1401 1324 semel
1414 1296 1514 1327 dicam,
1534 1303 1597 1323 cum
1615 1295 1772 1329 sapientum

980 1343 1150 1370 medicorum
1168 1350 1256 1375 more,
1273 1342 1354 1379 cujus
1367 1342 1395 1368 in
1409 1341 1476 1368 feris
1487 1348 1610 1376 praesens
1629 1347 1768 1367 venenum

979 1392 1032 1418 est.
1046 1388 1148 1423 viperae
1175 1395 1303 1422 corpore,
1324 1391 1487 1422 prtesentem
1510 1394 1559 1414 seu
1580 1386 1770 1414 imminentem

980 1431 1123 1467 gibberem
1143 1431 1340 1466 depellentium
1351 1452 1359 1464 ,
1383 1431 1427 1461 his
1443 1431 1481 1461 ita
1495 1431 1641 1459 aii‘eotibus
1667 1431 1773 1458 utimur

140 1479 172 1502 ut
183 1476 238 1503 iliis
250 1480 416 1510 praesentem
431 1476 565 1504 malitiam
585 1480 633 1504 aut
647 1476 837 1504 imminentem
858 1476 1027 1512 perimantus
1056 1486 1088 1506 ac
1112 1482 1169 1505 tum
1186 1477 1317 1505 virtutem
1345 1482 1402 1505 tum
1423 1477 1567 1506 scientiam
1597 1477 1773 1513 acquiramus

137 1528 173 1547 ac
185 1520 385 1548 custodiamus.

178 1566 226 1598 εἴ.
251 1567 281 1592 '0
300 1566 350 1601 μὲν
373 1566 423 1600 τῆς
437 1565 548 1601 πρώτης
564 1566 701 1601 Διαθήκης
716 1566 807 1600 νόμος,
822 1565 867 1592 διὰ
879 1566 930 1601 τῆς

1017 1567 1062 1594 67.
1074 1566 1178 1595 Prioris
1190 1566 1360 1594 Testamenti
1374 1566 1486 1602 lex,per
1498 1573 1558 1593 eam
1571 1566 1772 1601 philosophiam

142 1611 298 1647 πρακτικῆς
312 1611 470 1645 φιλοσοφίας
481 1632 488 1643 ,
517 1612 617 1642 παντδς
634 1611 773 1646 μολυσμοῦ
789 1611 837 1646 τὴν
851 1611 932 1646 φύσιν

140 1657 335 1692 ἀποκαθαίρει.
357 1657 386 1683 '0
400 1657 428 1683 δὲ
443 1657 493 1692 τῆς
506 1656 619 1692 Καινῆς,
644 1657 687 1683 διὰ
699 1656 749 1692 τῆς
764 1657 933 1693 θεωρητικῆς

146 1702 357 1737 μυσταγῳγίας,
375 1702 429 1728 ἀπὸ
441 1702 495 1729 τῶν
509 1702 674 1737 σωματικῶν
689 1703 756 1737 πρὸς
768 1704 802 1730 τὰ
816 1703 932 1737 συγγενῆ

141 1749 198 1775 τῶν
221 1749 326 1784 νοητῶν
349 1748 474 1784 θεάματα
487 1768 494 1781 ,
525 1748 571 1774 τὸν
592 1747 654 1775 νοῦν
672 1749 828 1782 γνωστικῶς
841 1748 934 1775 ἀναϐι-

144 1793 235 1826 ϐάζει.

182 1840 234 1875 ξη’.
259 1840 291 1866 Ἦ
308 1839 368 1866 θεία
385 1839 496 1875 Γραφὴ,
522 1839 586 1870 τοὺς
601 1839 650 1874 μὲν
665 1839 867 1875 εἰσαγομένους,
887 1839 934 1866 καὶ

143 1886 193 1914 ἐπὶ
214 1886 250 1912 τὰ
268 1885 425 1921 προπύλαιά
441 1894 493 1912 που
506 1885 691 1920 τυγχάνοντας
705 1886 754 1920 τῆς
765 1885 839 1917 θείας
850 1886 934 1920 αὐλῆς

143 1931 199 1958 τῶν
211 1931 325 1967 ἀρετῶν,
343 1930 549 1965 φοϐουμένους
564 1930 656 1957 καλεῖ·
675 1931 738 1962 τοὺς
752 1930 780 1957 δὲ
795 1931 935 1965 κτησαμέ-

143 1987 209 2010 νους
232 1978 388 2014 σύμμετρον
408 1978 465 2010 ἕξιν
485 1977 539 2006 τῶν
560 1979 620 2005 κατ’
632 1979 732 2015 ἀρετὴν
745 1979 830 2013 λόγων
843 1988 872 2006 τε
888 1979 934 2006 καὶ.

144 2025 256 2060 τρόπων
269 2044 277 2057 ,
302 2022 371 2052 οἶδεν
398 2024 540 2059 ὀνομάζειν
563 2025 806 2059 προκόπτοντας·
835 2026 898 2056 τοὺς
908 2025 935 2052 δὲ

145 2071 208 2098 κατ’
221 2070 305 2105 αὐτὴν
331 2070 489 2104 γνωστικῶς
515 2070 564 2106 ἠδη
589 2071 788 2106 γεγενημένους
811 2071 860 2106 τῆς
881 2071 935 2098 τῶν

145 2115 253 2151 ἀρετῶν
270 2116 436 2150 ὲκφαντικῆς
449 2116 577 2150 ἀληθείας
592 2115 641 2150 τὴν
655 2116 787 2151 κορυφὴν,
805 2125 937 2152 προσαγο-

147 2158 223 2194 ρεύει
237 2159 379 2192 τελείους.
390 2159 420 2185 'O
429 2159 517 2185 τοίνυν
524 2159 573 2194 τὴν
588 2160 617 2186 ὲν
629 2160 684 2191 τοῖς
693 2160 808 2186 πάθεσιν
820 2160 936 2195 ἀρχαίαν

147 2204 322 2239 ἀναστροφὴν
347 2205 543 2240 ἀποστραφεὶς,
569 2205 615 2232 καὶ
642 2206 732 2232 πᾶσαν
759 2205 855 2232 ἑαυτοῦ
887 2205 936 2241 τὴν

148 2250 270 2277 διάθεσιν
281 2250 325 2277 διὰ
339 2251 385 2276 τὸν
397 2251 478 2285 φόϐον
501 2250 657 2283 ἐκδεδωκὼς
675 2253 730 2283 τοῖς
750 2251 832 2284 θείοις
852 2260 935 2287 προσ-

148 2296 298 2330 τάγμασιν.
315 2295 418 2327 οὐδενὸς
429 2296 511 2323 καλοῦ
519 2297 573 2323 τῶν
586 2297 772 2330 εἰσαγομένοις
781 2297 939 2333 πρεπόντων

149 2339 324 2376 καθυστερεῖ·
341 2340 391 2367 κᾶν
406 2341 481 2368 οὔπω
498 2341 546 2373 τὴν
562 2342 591 2368 ὲν
602 2342 713 2377 ἀρεταῖς
726 2341 782 2374 ἕξιν
793 2342 938 2376 ἐκτήσατο,

151 2385 199 2411 καὶ
221 2385 271 2420 τῆς
297 2386 327 2411 ὲν
347 2382 404 2417 τοῖς
422 2386 535 2418 τελείοις
549 2386 717 2422 λαλουμένης
735 2387 831 2422 σοφίας
845 2386 941 2421 γέγονε

151 2431 279 2466 μέτοχος.
301 2431 373 2458 Ἀλλ’
388 2431 449 2458 οὐδὲ
474 2432 488 2458 ό
509 2432 671 2467 προκόπτων
684 2452 692 2466 ,
720 2432 774 2459 τῶν
798 2432 942 2468 ὲπιὸεῆλη-

186 2487 209 2503 ⁵⁷
226 2486 238 2514 Ι
253 2486 318 2515 Cor.
335 2495 365 2520 Ii,
381 2487 407 2515 6.

151 2543 369 2583 προηγουμένως
384 2551 391 2569 :
406 2550 462 2570 non
471 2543 549 2583 bene
560 2544 591 2583 a_b
604 2544 679 2583 initio
693 2552 705 2583 _:
722 2549 774 2577 est,
791 2545 876 2580 primo
891 2552 940 2583 seu

151 2578 300 2614 primario;
321 2578 409 2614 prima
431 2578 546 2614 scilicet
570 2579 756 2606 destinatione
770 2599 777 2611 ,
791 2578 827 2607 'ac
861 2580 940 2614 quasi

152 2613 226 2648 Deus
235 2612 359 2648 creando
373 2612 525 2648 hominem,
542 2613 586 2640 his
598 2613 675 2641 illum
694 2614 798 2648 stipare
815 2612 942 2642 intende-

152 2649 200 2684 rit.
220 2647 456 2684 N_egat_Masimus
469 2655 531 2675 cum
557 2647 746 2684 Nysseno;rac
761 2656 857 2676 verum
882 2657 942 2676 om-

151 2683 220 2718 nino
235 2682 270 2709 de
285 2682 432 2718 aﬂ‘eetibus
450 2686 480 2709 ut
498 2688 563 2710 sunt
575 2682 641 2711 vere
673 2683 747 2717 πάθη
765 2691 813 2711 seu
830 2687 941 2718 pertur-

152 2717 290 2753 bationes,
308 2717 462 2753 vitiumque
478 2718 563 2750 olent,
582 2726 634 2746 nec
650 2719 771 2753 perfecte
787 2718 941 2753 subjiciun-

153 2757 203 2788 tur
217 2752 328 2788 rationi.
347 2751 457 2787 Alioqui
481 2757 556 2780 certe
577 2751 660 2780 etiam
678 2753 731 2788 ipsi
743 2753 790 2788 rad
818 2751 939 2781 hominis

151 2785 342 2822 deﬁnitionem
354 2785 489 2821 spectant,
510 2795 566 2815 non
581 2785 696 2822 quidem
707 2787 759 2815 sub
771 2788 878 2815 formali
894 2796 940 2816 ra-

153 2822 228 2849 tione
255 2821 385 2854 hominis,
398 2822 447 2849 sed
464 2827 494 2849 ut
513 2821 597 2849 etiam
619 2823 719 2850 animal
739 2823 866 2854 exsistit;
887 2831 940 2852 nec

151 2857 227 2893 enim
246 2856 330 2893 homo
353 2865 441 2893 purus
458 2858 566 2893 animus
582 2865 615 2885 ac
634 2865 710 2885 mens
731 2862 790 2889 est,
807 2858 835 2885 ni
850 2857 947 2893 Orige-

152 2891 234 2919 niane
245 2891 496 2920 sentire'vclimus.
511 2892 671 2928 Passimque
692 2893 824 2920 Maximus
836 2891 938 2928 aliique

983 1620 1045 1648 quae
1058 1612 1160 1639 actioni
1180 1612 1284 1644 studet,
1303 1612 1338 1639 ab
1354 1612 1428 1639 omni
1442 1611 1524 1639 sorde
1535 1616 1660 1639 naturam
1674 1619 1775 1638 cmun-

983 1659 1039 1686 dat.
1067 1658 1136 1685 Novi
1163 1666 1229 1685 vero
1246 1657 1415 1685 Testamenti
1441 1657 1503 1689 lex,
1533 1657 1774 1692 contemplationis

984 1703 1139 1732 initiatione
1155 1703 1382 1738 abstrusioreque
1400 1702 1538 1735 doctrina,
1550 1710 1565 1729 a
1582 1702 1723 1737 corporeis
1739 1703 1774 1730 ad

984 1748 1074 1776 aiiinia
1090 1748 1307 1784 intelligibilium
1329 1747 1498 1783 spectacula,
1518 1751 1637 1774 mentem
1661 1747 1774 1781 mystice

983 1798 1138 1829 promovet.

1021 1841 1065 1868 68.
1084 1841 1183 1869 Divina
1199 1839 1351 1874 Scriptura,
1363 1847 1411 1867 eos
1422 1839 1469 1874 qui
1481 1839 1660 1872 inducuntur,
1672 1839 1774 1874 quique

984 1887 1011 1914 in
1025 1886 1170 1914 vestibulis
1184 1885 1286 1913 divina:
1302 1885 1435 1912 virtutum
1458 1885 1527 1913 aula:
1550 1885 1627 1912 velut
1648 1891 1772 1913 commo-

984 1937 1091 1964 rantur,
1106 1932 1225 1958 timenm
1242 1934 1336 1963 vocat;
1347 1930 1394 1965 qui
1405 1937 1472 1958 vero
1481 1934 1662 1964 temperatum
1676 1930 1776 1958 saltem

986 1977 1097 2005 virtutis
1110 1977 1249 2004 rati0num
1261 1975 1462 2010 modorumque
1477 1975 1601 2003 habitum
1614 1976 1686 2003 nacti
1697 1981 1773 2008 sunt,

986 2023 1150 2058 proﬁcientes
1172 2023 1243 2050 solet
1257 2022 1399 2057 appellare
1413 2030 1420 2048 :
1439 2022 1486 2057 qui
1500 2022 1620 2056 denique
1634 2022 1667 2049 ad
1684 2021 1777 2057 ipsum

985 2070 1038 2105 jam
1056 2069 1182 2096 veritatis
1195 2068 1314 2095 virtutes
1329 2068 1503 2102 explanantis
1521 2068 1653 2095 verticem
1664 2087 1670 2099 ,
1684 2068 1774 2095 scien-

987 2114 1032 2140 tia:
1041 2113 1118 2140 cultu
1137 2120 1170 2140 ac
1186 2112 1429 2148 contemplationis
1443 2116 1637 2147 provexerunt,
1649 2111 1775 2147 perfectos

986 2163 1139 2194 nuncupat.
1163 2159 1215 2192 Qui
1230 2159 1314 2194 igitur
1332 2162 1467 2192 veterem,
1485 2166 1539 2194 qua
1557 2159 1634 2186 vitiis
1655 2157 1777 2185 lmrebat

988 2213 1021 2232 ac
1034 2205 1180 2232 aﬂ‘ectibus
1190 2204 1357 2241 iactabatur,
1373 2205 1609 2232 conversationem
1623 2207 1776 2236 aversatus,

990 2258 1100 2278 omnem
1112 2250 1197 2277 animi
1210 2250 1353 2282 aﬂeetum,
1369 2258 1425 2285 quo
1444 2250 1542 2277 timore
1559 2251 1660 2286 agitur,
1677 2249 1779 2277 divinis

987 2296 1132 2331 praeceptis
1146 2295 1269 2328 addixit;
1288 2295 1321 2328 is,
1341 2296 1419 2322 nullo
1434 2295 1499 2323 boni
1517 2304 1629 2331 genere,
1644 2296 1717 2330 quod
1731 2303 1778 2323 eos

988 2341 1086 2370 deceat
1097 2342 1144 2376 qui
1160 2341 1356 2373 instituuntur,
1375 2341 1517 2374 deficitur;
1532 2341 1640 2368 tametsi
1659 2340 1778 2368 necdum

990 2387 1100 2414 ﬁrmum
1114 2387 1142 2414 in
1155 2387 1307 2414 virtutibus
1320 2386 1446 2414 habitum
1470 2390 1568 2414 nactus
1584 2391 1635 2419 est,
1647 2394 1700 2414 nec
1719 2386 1779 2421 ejus

990 2432 1134 2468 sapientia;
1146 2439 1230 2468 quam
1242 2432 1394 2467 loquuntur
1405 2432 1479 2460 inter
1491 2432 1629 2468 perfectos
1638 2431 1671 2464 ",
1688 2430 1778 2458 factus

991 2544 1085 2572 Patres
1112 2544 1211 2572 horum
1238 2544 1381 2579 ἐνέργειαν
1406 2544 1435 2572 in
1454 2544 1566 2572 Christo
1593 2544 1778 2573 necessariam

990 2579 1171 2609 contendunt.
1194 2583 1224 2606 ut
1235 2580 1338 2607 veritas
1351 2579 1379 2606 in
1391 2587 1425 2607 eo
1436 2583 1539 2606 natune
1553 2579 1680 2606 humana!
1699 2587 1779 2606 mon-

991 2617 1138 2649 straretur_
1158 2614 1236 2641 Sicut
1250 2622 1316 2649 ergo
1327 2619 1407 2642 erant
1427 2614 1454 2641 in
1470 2614 1575 2642 Adamo
1588 2619 1618 2642 et
1633 2615 1701 2646 Eva,
1715 2614 1778 2648 qui-

991 2648 1043 2684 bus
1056 2657 1107 2676 nos
1118 2649 1200 2676 nudis
1216 2648 1417 2681 erubescimus,
1429 2649 1488 2684 ipsa
1502 2649 1587 2680 nuda,
1603 2653 1630 2676 et
1644 2656 1699 2676 non
1715 2657 1779 2676 eru-

991 2683 1152 2716 bescebant,
1167 2683 1231 2718 quia
1247 2684 1275 2711 in
1292 2684 1333 2712 eis
1346 2683 1452 2712 nullum
1478 2684 1656 2712 rebellantem
1673 2688 1781 2711 motum

990 2718 1161 2752 sentiebant;
1171 2719 1254 2753 inque
1270 2726 1332 2746 eum
1339 2719 1555 2746 modumeorum
1564 2726 1678 2753 corpora
1695 2718 1778 2745 etiam

993 2752 1327 2794 προηγουμένωςίοοηᾱίιο
1337 2754 1446 2794 fuerant
1458 2762 1465 2780 :
1480 2754 1520 2781 sic
1531 2757 1560 2781 et
1570 2752 1654 2787 πάθη,
1664 2752 1781 2781 aﬂ'ectus

992 2787 1093 2815 virium
1104 2787 1282 2830 sentientium
1294 2792 1323 2830 et
1336 2789 1484 2830 ἐνέργειαιι
1496 2794 1580 2830 prout
1592 2796 1707 2830 quaeque
1716 2795 1781 2822 pro-

992 2830 1077 2858 pensa
1105 2828 1165 2851 erat
1193 2831 1273 2850 suum
1301 2823 1388 2851 ﬁnem’
1406 2828 1435 2851 et
1458 2823 1613 2858 obiectum;
1642 2823 1688 2850 sed
1716 2830 1780 2850 cum

992 2865 1100 2920 snrrlnmit
1117 2859 1333 2894 tranquillitate,
1359 2859 1488 2894 nullaque
1507 2858 1714 2894 perturbatione
1733 2862 1785 2886 aut

993 2901 1037 2920 mo
1050 2901 1080 2920 CS
1094 2901 1129 2920 la.

993 2901 1129 2921 ωοιθὸιω.
