1951 3076
207 181 274 212 1207

792 183 821 213 S.
844 183 987 213 MAXIMI
1007 182 1260 214 CONFESSORTS

1765 184 1831 216 1208

190 242 249 266 .cst
274 237 419 272 particeps.
443 236 477 263 At
499 245 587 271 neque
603 237 650 271 qui
676 237 798 272 prolicit,
820 239 874 266 ulla
892 246 982 266 coruu

1043 240 1132 274 μένων
1151 239 1234 266 αὐτοῦ
1248 239 1287 274 τῷ
1307 241 1315 250 ⁸
1329 238 1426 274 βαθμῷ
1441 239 1531 266 καλῶν
1543 247 1615 272 τινος
1631 240 1754 275 ὑστερεῖ·
1779 243 1830 268 κᾶν

206 283 342 310 bonorum
365 287 442 317 parte
460 282 632 315 destituitur,
649 291 710 318 qua:
733 284 766 311 ad
791 285 851 319 ejus
874 284 989 320 gradum

205 329 333 359 attinent,
351 335 506 362 quanquam
528 328 647 355 necdum
661 329 785 356 eamdem
803 335 885 364 atque
897 330 989 365 perfe—

204 373 240 400 cti
257 373 436 400 excellentem
458 373 615 403 divinorum
637 375 779 402 scientiam
796 376 911 410 adeptus
936 380 988 404 est.

202 417 319 445 Perfecti
342 418 428 449 enim,
448 418 702 453 contemplatricem
715 419 771 454 jam
790 420 904 455 mystice
922 420 989 447 ade-

203 463 242 498 pti
259 462 435 498 theologiam,
454 463 602 498 animoque
619 472 634 491 a
650 468 760 492 terreno
772 466 847 492 omni
867 466 988 501 cogitatu

202 516 340 544 sensuque
360 513 487 544 purgato,
503 516 564 543 qua:
584 509 671 537 divini
689 510 799 538 decoris
812 516 897 538 totam
912 512 989 539 nullo

202 553 359 581 desiderato
390 562 549 589 expressam
583 555 727 590 imaginem
757 564 789 584 ac
812 557 987 585 simulacrum

202 598 292 631 ferat,
319 599 441 626 divinam
468 599 631 627 eharilatem
650 601 714 628 sinu
732 608 784 628 suo
808 602 987 637 intimiusque

201 645 338 680 complexi
355 645 495 674 videntur.

236 699 280 727 69.
295 700 400 734 Duplex
425 704 466 727 est
484 700 584 733 timor;
608 700 680 727 alius
696 704 804 733 castus,
831 701 903 728 alius
931 709 986 728 non

201 750 304 773 castus.
321 745 372 779 Qui
390 746 464 773 enim
479 746 645 774 delictorum
660 755 753 779 causa,
767 748 908 782 suspensis
923 756 988 783 sup-

200 792 277 827 plicii
292 798 366 820 metu
385 793 486 820 animis
505 792 586 828 527
606 793 688 820 timor
703 792 853 825 conﬂatur.
873 801 936 820 cum
954 801 988 820 ex

201 843 315 873 peccato
336 838 418 866 ducat
433 838 578 873 originem,
601 846 633 866 ac
647 839 718 874 quod
744 839 843 871 oritur,
869 839 897 866 in
919 839 986 866 illud

190 891 311 911 causam
333 883 445 916 referat,
461 889 554 911 castus
574 891 629 911 non
644 888 703 916 est;
725 892 777 911 nec
790 884 844 911 erit
866 892 984 919 semper,

1040 286 1090 320 τὴν
1105 285 1190 321 αὑτὴν
1205 285 1281 312 οὒπω
1293 286 1350 317 τοῖς
1360 285 1472 316 τελείοις
1483 285 1670 321 ὑπερέχουσαν
1682 286 1739 314 τῶν
1750 285 1831 313 θείων

1040 331 1175 367 ἐκτήσατο
1196 331 1306 365 γνῶσιν.
1339 332 1370 356 Οἱ
1390 330 1444 365 γὰρ
1463 330 1572 360 τέλειοι,
1595 331 1645 365 τῆς
1660 330 1831 367 θεωρητικῆς

1039 377 1090 413 ἥδη
1108 377 1249 412 μυστικῶς
1263 376 1423 409 ἀξιωθέντες
1437 376 1584 410 θεολογίας,
1602 377 1651 404 καὶ
1665 378 1757 413 πάσης
1768 387 1832 412 φαν-

1039 422 1137 454 τασίας
1154 423 1249 458 ὑλικῆς
1262 422 1308 449 τὸν
1323 422 1384 449 νοῦν
1399 423 1518 457 καθαρὸν
1534 423 1768 456 καταστήσαντες,
1784 424 1831 450 καὶ

1039 468 1143 500 είκόνος
1168 469 1216 503 τῆς
1237 468 1313 499 θείας
1335 467 1502 503 ὡραιότητος
1523 468 1589 503 ὃλην
1608 468 1761 500 ἁνελλιπῶς
1781 470 1831 504 (ρέα

1040 524 1139 551 ρουσαν
1154 514 1203 550 τὴν
1216 514 1381 549 ὲκμίμησιν,
1399 514 1449 549 τὴν
1463 513 1538 540 θείαν
1553 514 1664 548 ἀγάπην
1679 515 1708 540 ἐν
1721 515 1830 546 ἑαυτοῖς

1039 561 1115 587 ὲνστε
1120 560 1276 595 ρνισάμενοι
1291 559 1440 594 φαίνονται.

1074 701 1123 735 ξθ’.
1151 700 1243 732 Διττός
1257 700 1332 727 ἐστιν
1347 700 1360 727 ὁ
1373 699 1464 734 φόόος·
1482 700 1496 726 ὁ
1511 700 1561 732 μὲν
1582 699 1675 734 ἁγνός·
1691 701 1705 727 ὁ
1727 699 1755 727 δὲ
1781 700 1832 736 οὐχ

1039 749 1130 782 ἁγνός.
1154 748 1183 775 Ὀ
1200 747 1249 782 μὲν
1265 746 1319 782 γὰρ
1342 746 1388 773 ἐπὶ
1404 745 1623 782 πλημμελήμασι
1640 747 1701 773 κατ’
1717 747 1832 782 ἐκδοχὴν

1038 792 1176 822 κολάσεως
1192 791 1388 826 συνιστάμενος
1410 789 1502 824 φόϐος,
1519 790 1610 817 αἰτίαν
1635 790 1703 826 ἔχων
1716 792 1766 826 τῆς
1792 792 1830 817 οἰ-

1038 838 1116 869 κείας
1127 837 1262 871 γενέσεως
1277 837 1327 872 τὴν
1340 837 1488 872 ἁμαρτίαν,
1505 837 1554 871 οὐχ
1569 837 1660 871 ἁγνὺς,
1679 837 1740 863 οὐδὲ
1753 837 1831 864 ἔσται

1037 883 1194 916 διαπαντὸς,
1211 885 1244 919 τῇ
1260 883 1383 918 ἁμαρτίᾳ
1399 883 1442 910 διὰ
1457 883 1507 917 τῆς
1523 883 1668 918 μετανοίας
1681 892 1831 917 συναφανι-

199 929 247 963 qui
262 937 315 956 una
338 937 400 956 cum
422 933 534 964 peccato
558 937 607 964 per
626 929 815 964 paenitentiam
833 918 982 957 abolentur.

1038 930 1149 965 ζόμενος
1162 930 1209 965 (ν).
1227 918 1256 956 Ὅ
1271 929 1298 956 δὲ
1314 929 1376 964 δίχα
1387 929 1437 963 τῆς
1451 929 1496 955 ἐπὶ
1510 929 1727 964 πλημμελήμασι
1739 929 1830 964 λύπης

199 973 251 1006 Qui
267 978 359 1002 autem
375 975 479 1009 absque
495 974 601 1007 dolore,
626 975 673 1009 qui
694 983 726 1002 ex
741 975 850 1002 delictis
863 975 985 1010 concipi-

199 1024 255 1052 tur,
269 1020 327 1055 ipse
341 1027 453 1055 semper
472 1020 568 1047 ﬁrmus
582 1024 704 1055 perstat,
725 1020 772 1047 hic
793 1021 875 1047 timor
894 1025 986 1048 castus

198 1068 252 1096 est,
263 1072 315 1091 nec
330 1072 451 1099 unquam
464 1065 571 1092 desinet
589 1073 596 1091 :
608 1065 682 1100 quod
690 1073 788 1100 nempe
801 1065 877 1092 velut
893 1073 987 1093 essen-

198 1109 303 1137 Iialiter
320 1111 377 1137 Deo
393 1118 455 1145 erga
474 1115 629 1138 creaturam
647 1111 746 1138 insitus
758 1115 809 1142 est.
828 1111 887 1146 ejus
903 1119 986 1146 supra

198 1163 279 1183 omne
292 1163 406 1190 regnent
420 1164 452 1183 ac
467 1160 639 1191 potestatem,
658 1157 812 1184 naturalem
829 1157 986 1185 eminentia:

197 1201 368 1236 maiestatem
382 1202 492 1228 cunctis
504 1202 676 1230 maniiestam
698 1202 828 1230 reddens.

233 1257 278 1285 '10.
291 1257 343 1290 Qui
359 1258 445 1285 Deum
461 1266 517 1285 non
531 1263 562 1285 ut
572 1259 692 1294 judicem
706 1260 793 1292 timet,
807 1259 855 1288 sed
871 1265 986 1295 propter

197 1303 326 1331 eximiam
340 1303 455 1330 inﬁnitae
470 1304 580 1332 virtutis
592 1304 781 1332 excellentiam
796 1314 859 1333 eum
878 1313 986 1333 revere-

197 1353 253 1381 tur,
262 1349 309 1376 hic
324 1349 422 1376 merito
434 1350 508 1378 nulla
523 1350 629 1378 laborat
643 1351 734 1386 inopia
742 1351 776 1384 ",
788 1352 834 1387 qui
847 1352 987 1387 perfectus

197 1395 234 1422 sit
249 1395 277 1422 in
301 1395 450 1429 charitate;
470 1396 554 1423 Deum
577 1396 683 1424 scilicet
697 1405 759 1424 cum
778 1398 933 1425 reverentia
953 1406 986 1426 ac

147 1441 151 1445 ”
197 1441 306 1468 decenti
318 1441 421 1476 pietate
429 1441 556 1476 diligens.
570 1442 675 1477 Hicque
685 1443 754 1469 adeo
764 1447 815 1475 est,
826 1442 871 1477 qui
887 1443 985 1471 timore

196 1485 246 1513 illo
255 1486 387 1521 praeditus
396 1491 448 1518 est.
459 1487 505 1521 qui
514 1491 655 1522 permanet
670 1488 698 1514 in
711 1488 840 1516 saeculum
857 1489 983 1522 saeculi",

195 1535 225 1558 et
241 1531 286 1559 cui
302 1531 378 1559 nulla
393 1539 507 1567 prorsus
523 1532 615 1567 inopia
628 1537 681 1560 est.

231 1631 274 1658 Ἡ.
289 1631 329 1659 Ex
353 1632 447 1663 rebus.
481 1641 573 1660 rerum
599 1632 748 1661 Auctorem
776 1635 981 1670 cognoscimus;

195 1684 283 1713 exque
307 1685 398 1704 rerum
423 1678 571 1711 varietate,
587 1679 647 1714 ejus
660 1679 707 1714 qui
726 1685 768 1708 est
788 1681 982 1709 subsistentem

195 1721 328 1749 docemur
355 1723 517 1757 sapientiam
536 1731 606 1751 :nee
622 1732 676 1751 non
697 1732 729 1751 ex
753 1733 845 1755 rerum
863 1727 983 1754 naturali

195 1769 289 1799 motu,
310 1767 369 1801 ejus
391 1767 437 1802 qui
461 1771 503 1795 est
525 1767 722 1797 subsistentem
742 1771 825 1798 vitam
846 1772 983 1800 condisci-

195 1819 273 1844 mus;
295 1811 350 1839 vim
367 1813 473 1840 scilicet
492 1821 523 1841 ae
540 1815 689 1848 potentiam
708 1823 801 1843 rerum
821 1816 981 1845 viviticatri-

193 1864 265 1890 cem,
284 1857 416 1894 Spiritum
435 1863 572 1886 sanctum.

229 1926 272 1952 72.
290 1925 408 1960 Spiritus
423 1931 535 1954 sanctus
546 1934 560 1953 a
571 1927 645 1954 nulla
665 1932 791 1955 creatura
806 1928 894 1961 abest,
911 1937 981 1965 pm:-

194 1968 289 1996 scrtim
305 1968 327 1996 si
344 1969 501 2004 aiiquali‘er
517 1971 630 1997 rationis
642 1971 678 1997 sit
691 1972 839 2007 particeps.
851 1973 982 2002 Continet

191 2013 266 2040 enim
277 2021 310 2041 ac
316 2019 461 2042 conservat
471 2015 687 2050 uniuscujusque
695 2017 849 2050 scientiam,
859 2026 892 2046 co
907 2019 981 2053 quod

192 2058 265 2087 Deus
281 2067 312 2086 ac
341 2059 390 2087 Dei
420 2059 550 2094 Spiritus,
569 2068 623 2095 qua
650 2061 753 2089 virtute
779 2063 912 2096 prmditus
926 2069 979 2096 est,

192 2104 378 2132 Providentiae
401 2105 556 2132 rationibus
579 2105 671 2133 omnia
690 2114 845 2141 permeans,
871 2115 904 2135 ac
920 2117 980 2143 qua:

191 2148 343 2184 unicuique
373 2153 470 2176 natura
499 2149 582 2181 inest,
608 2159 721 2178 movens
749 2152 902 2185 rationem;
930 2162 980 2188 per

191 2202 284 2229 quam,
306 2203 369 2222 eum
386 2195 433 2229 qui
450 2203 531 2222 sensu
546 2196 601 2223 ullo
618 2197 751 2231 praeditus
771 2198 817 2230 sit,
830 2199 863 2226 ad
881 2207 978 2227 eorum

190 2247 252 2273 qua:
268 2239 369 2266 delicto
381 2239 518 2266 commisit
545 2245 640 2267 contra
657 2241 744 2276 legem
769 2247 874 2270 natum
887 2264 894 2276 ,
915 2251 979 2271 sen-

190 2292 252 2311 sum
271 2284 427 2317 adducens;
442 2292 475 2312 ac
490 2286 568 2320 cujus
583 2286 665 2320 paulo
684 2286 791 2314 facilior
808 2288 935 2316 voluntas
949 2294 980 2317 ut

190 2337 296 2358 morem
309 2334 396 2365 gerat,
411 2330 445 2357 ad
464 2336 553 2358 rectas
568 2339 602 2358 ex
613 2336 709 2358 natura
723 2333 904 2367 cogitationes
917 2342 980 2369 pro-

189 2375 260 2403 clive
285 2376 476 2411 suscipiendas
507 2377 660 2412 impellens.
687 2377 871 2410 Quamobrem
894 2380 978 2407 etiam

189 2423 291 2451 multos
304 2423 469 2455 invenimus,
489 2431 586 2450 eorum
608 2423 691 2450 etiam
706 2424 843 2459 quivalde
868 2425 978 2453 barbari

189 2473 254 2496 sunt
274 2477 306 2496 ac
321 2469 468 2496 nomadum
485 2470 568 2496 vitam
579 2473 673 2504 agunt,
689 2470 854 2504 probitatem
872 2480 977 2499 morum

189 2520 371 2548 consectatos,
388 2516 524 2543 belluinas
540 2515 682 2543 abdicasse
697 2516 781 2552 leges,
799 2525 867 2553 quas
887 2525 901 2544 a
919 2526 977 2546 ma-

187 2562 296 2598 joribus
311 2563 376 2590 olim
393 2567 551 2590 tenuerant.

226 2634 249 2650 “
261 2634 332 2662 Psal.
350 2640 442 2665 xxxx",
460 2631 501 2659 10.
539 2632 562 2648 ²⁹
579 2632 650 2659 Psal.
665 2640 741 2666 xvul,
759 2633 801 2660 Ιθ.

223 2694 233 2704 ⁹
246 2693 315 2720 Male
326 2691 410 2724 edita,
426 2690 495 2718 εἶναι
508 2691 557 2726 τῷ,
573 2691 646 2725 quod
659 2692 784 2726 sequitur
795 2692 886 2720 Picus.

224 2753 260 2788 (r)
275 2752 353 2779 οὐδὲ
366 2753 452 2779 ἔσται
468 2752 642 2788 διαπαντὸς,
656 2750 697 2788 τῇ
712 2752 839 2788 ἁμαρτίᾳ
858 2751 907 2788 διὰ
921 2752 975 2784 τῆς

186 2787 346 2824 μετανοίας
355 2787 640 2824 συναφανιζόμενρς.
652 2787 716 2824 ΔΗςξειε
734 2791 786 2813 tam
798 2787 882 2817 clara.
892 2787 925 2813 de
942 2787 975 2813 ti-

188 2821 265 2851 more
279 2823 326 2849 illo
340 2822 543 2856 incipientium,
558 2822 604 2856 qui
618 2821 752 2855 originem
769 2826 846 2848 actus
860 2829 893 2848 ex
908 2829 975 2856 pec-

189 2862 252 2884 cato
265 2877 272 2888 ,
292 2862 384 2884 castus
403 2865 458 2883 non
478 2857 524 2888 sit,
539 2862 568 2883 et
590 2857 637 2890 qui
656 2864 709 2882 non
726 2863 836 2890 semper
853 2861 971 2886 maneat.

190 2891 238 2921 sed
263 2899 317 2918 una
334 2899 397 2917 cum
419 2896 532 2926 peccato
547 2892 690 2919 aboicatur
707 2899 755 2925 per
783 2891 972 2925 pwnitcntiam

1036 977 1082 1003 ἀεὶ
1097 976 1241 1008 συνεστὼς,
1266 973 1344 1007 οὗτος
1359 976 1440 1010 φόῆος
1452 975 1543 1009 ἁγνὸς,
1567 975 1615 1001 καὶ
1629 975 1678 1001 οὐκ
1690 976 1830 1010 ἀπογενή-

1037 1022 1113 1048 σεταί
1136 1030 1201 1048 ποτε
1214 1029 1221 1036 ·
1253 1021 1375 1056 διότιπερ
1398 1020 1534 1052 οὑσιωδῶς
1554 1021 1698 1056 ἐμπέφυκέ
1714 1030 1775 1052 πως
1790 1021 1831 1056 τῷ

1036 1068 1094 1103 Θεῷ
1120 1068 1190 1102 πρὸς
1213 1068 1263 1103 τὴν
1286 1068 1395 1098 κτίσιν,
1428 1067 1589 1101 ποιούμενος
1612 1067 1723 1102 ἔκδηλον
1744 1067 1830 1094 αὐτοῦ

1036 1113 1104 1139 πᾶσι
1131 1113 1180 1147 τὴν
1202 1112 1319 1146 φυσικὴν
1343 1112 1553 1146 αἱδεσιμότητα,
1586 1111 1634 1146 τῆς
1652 1112 1720 1147 ὑπὲρ
1737 1113 1831 1139 πᾶσαν

1037 1158 1176 1194 βασιλείαν
1189 1158 1236 1185 καὶ
1250 1158 1364 1192 δύναμιν
1380 1158 1528 1193 ὑπεροχῆς.

1070 1254 1100 1282 ο’.
1125 1254 1154 1282 ’0
1173 1255 1210 1291 μὴ
1237 1254 1403 1290 φοϐούμενος
1424 1254 1470 1281 τὸν
1495 1246 1562 1282 θεὸν
1582 1255 1621 1287 ὡς
1644 1254 1750 1291 κριτὴν,
1769 1253 1830 1280 ἀλλ’

1035 1302 1194 1337 αἰδούμενος
1212 1301 1293 1328 αὐτὸν
1309 1301 1352 1328 διὰ
1368 1301 1416 1334 τὴν
1436 1301 1660 1337 ὑπερϐάλλουσαν
1680 1301 1729 1334 τῆς
1748 1300 1831 1327 ἀπείη

1037 1357 1084 1383 ρου
1096 1348 1237 1382 δυνάμεως
1250 1347 1398 1383 ὑπεροχὴν,
1407 1347 1457 1374 οὐκ
1468 1348 1526 1382 ἔχει
1544 1347 1657 1380 δικαίως
1670 1345 1828 1382 ὑστέρημα,

1034 1393 1136 1425 τέλειος
1168 1393 1298 1429 ὑπάρχων
1320 1393 1349 1420 ὲν
1366 1395 1398 1429 τῇ
1413 1394 1517 1430 ἀγάπῃ,
1532 1394 1590 1428 μετ’
1605 1392 1696 1424 αἰδοῦς
1713 1392 1760 1419 καὶ
1777 1391 1831 1426 τῆς

1035 1439 1195 1475 πρεπούσης
1228 1439 1444 1475 σεϐασμιότητος
1471 1438 1588 1473 ἀγαπῶν
1607 1439 1654 1465 τδν
1675 1438 1741 1464 Θεόν
1754 1446 1762 1453 ·
1781 1438 1830 1464 καὶ

1035 1482 1112 1515 οὗτός
1126 1486 1199 1512 ἔστιν
1210 1486 1223 1512 ὁ
1241 1485 1412 1520 κτησάμενος
1432 1485 1477 1512 τὸν
1500 1484 1661 1519 διαμένοντα
1676 1483 1759 1517 φόϐον
1786 1483 1830 1514 εὶς

1034 1531 1120 1558 αἰῶνα
1134 1531 1240 1563 αἰῶνος,
1255 1530 1302 1558 καὶ
1310 1531 1360 1557 οὐκ
1375 1530 1449 1558 ἔστιν
1464 1530 1536 1565 αὐτῷ
1548 1529 1690 1565 ὑστέρημα
1704 1529 1830 1564 τοπαρά-

999 1583 1020 1612 c
1037 1586 1091 1604 παν
1103 1577 1191 1605 οὐδέν.

1069 1633 1120 1661 οα’.
1136 1634 1184 1661 Ἐκ
1197 1634 1252 1660 τῶν
1264 1634 1358 1666 ὅντων,
1374 1634 1419 1661 τὸν
1434 1633 1488 1660 τῶν
1505 1634 1589 1660 ὄντων
1601 1633 1772 1669 γινώσκομεν
1784 1633 1830 1660 αῐ-

1034 1689 1091 1707 τιον
1103 1689 1110 1696 ·
1125 1681 1171 1707 καὶ¹
1183 1682 1214 1707 ὲκ
1228 1680 1278 1714 τῆς
1289 1680 1420 1714 διαφορᾶς
1434 1679 1488 1707 τῶν
1503 1680 1597 1712 ὅντων,
1612 1680 1663 1714 τὴν
1673 1680 1829 1707 Evander:—

1033 1735 1078 1753 τον
1091 1727 1137 1752 τοῦ
1149 1726 1224 1757 ὄντος
1234 1725 1415 1761 διδασκόμεθα
1423 1726 1530 1760 σοφίαν·
1543 1725 1590 1751 Kal.
1600 1727 1632 1752 ἐκ
1647 1725 1696 1760 τῆς
1710 1726 1765 1752 τῶν
1780 1726 1830 1752 ὕν-

1034 1782 1087 1800 των
1103 1773 1220 1808 φυσικῆς
1236 1773 1380 1808 κινήσεως,
1398 1772 1448 1807 τὴν
1467 1771 1649 1798 ὲνυπόστατον
1672 1771 1720 1798 τοῦ
1747 1771 1830 1803 δντος

1039 1819 1212 1854 μανθάνομεν
1229 1818 1311 1854 ζωὴν,
1327 1818 1378 1852 τὴν
1394 1818 1448 1844 τῶν
1459 1817 1544 1845 ὅντων
1557 1816 1688 1850 ginem:th
1697 1817 1827 1853 δύναμιν,

1034 1866 1063 1892 τὸ
1080 1864 1191 1900 Πνεῦμα
1203 1864 1233 1891 τὺ
1249 1864 1335 1898 ἅγιον.

1067 1929 1116 1965 οβ’.
1138 1930 1174 1956 Τὸ
1188 1930 1299 1965 Πνεῦμα
1314 1930 1345 1957 τὸ
1365 1931 1441 1965 ἆγιον
1468 1931 1574 1962 οῦδενδς
1595 1931 1693 1958 ἄπεστι
1710 1931 1765 1957 τῶν
1781 1931 1829 1957 δνο

1032 1983 1096 2006 των,
1112 1975 1159 2001 καὶ
1187 1975 1304 2009 μάλιστα
1331 1976 1384 2002 τῶν
1407 1975 1487 2010 λόγου
1512 1976 1573 2003 καθ’
1589 1969 1676 2003 ὁτιοῦν
1701 1976 1828 2011 μετειλη-

1032 2021 1131 2054 φότων.
1148 2021 1311 2048 Συνεκτικὸν
1327 2021 1381 2058 γὰρ
1405 2023 1523 2057 ὑπάρχει
1544 2023 1594 2057 τῆς
1614 2023 1730 2049 ἑκάστου
1753 2022 1828 2056 γνώ-

1033 2075 1111 2100 σεως,
1125 2067 1165 2094 ὄτι
1187 2067 1253 2099 Θεὸς
1277 2068 1323 2094 καὶ
1334 2068 1402 2094 Θεοῦ
1416 2067 1538 2102 Πνεῦμα,
1551 2069 1621 2095 κατὰ
1631 2068 1745 2102 δύναμιν
1753 2076 1827 2102 προ-

1031 2113 1164 2148 νοητικῶς
1188 2114 1232 2140 διὰ
1257 2114 1366 2141 πάντων
1386 2113 1508 2149 χωροῦν,
1524 2113 1635 2141 καὶτὸν
1658 2114 1689 2139 ἐν
1713 2114 1826 2148 ἑκάστῳ

1031 2159 1109 2194 λόγον
1132 2160 1203 2187 κατὰ
1227 2160 1307 2194 φύσιν
1333 2160 1488 2193 ἁνακινοῦν,
1509 2161 1556 2186 καὶ
1584 2160 1617 2186 δι’
1640 2158 1723 2186 αὐτοῦ
1751 2159 1824 2194 προς

1032 2206 1207 2241 συναίσθησιν
1226 2207 1278 2233 τῶν
1298 2206 1467 2241 πλημμελῶς
1486 2206 1560 2241 παρὰ
1587 2206 1633 2232 τὸν
1655 2205 1754 2240 θεσμὸν
1770 2207 1823 2239 τῆς

998 2254 1018 2281 D
1033 2252 1141 2286 φύσεως
1156 2253 1369 2288 πεπραγμένων,
1384 2252 1448 2286 ἄγον
1475 2253 1521 2278 τὸν
1541 2251 1736 2287 αἰσθανόμενον
1748 2259 1755 2266 ’
1773 2251 1823 2277 καὶ

1031 2299 1082 2332 τὴν
1112 2298 1274 2333 προαίρεσιν
1301 2298 1422 2325 εῦεικτον
1451 2298 1554 2333 ἔχοντα,
1588 2297 1656 2331 πρὸς
1683 2297 1823 2331 ὑποδοχὴν

1032 2344 1087 2370 τῶν
1114 2344 1146 2370 ἐκ
1170 2344 1278 2378 φύσεως
1300 2343 1389 2379 ὀρθῶν
1401 2343 1549 2378 λογισμῶν.
1571 2343 1616 2369 Διὸ
1635 2343 1682 2369 καὶ
1707 2342 1824 2373 πολλοὺς

1033 2389 1199 2425 εὑρίσκομεν
1215 2390 1262 2416 καὶ
1275 2389 1330 2415 τῶν
1344 2389 1413 2423 ἄγαν
1424 2388 1570 2424 βαρϐάρων
1582 2388 1628 2414 καὶ
1640 2387 1764 2423 νομάδων
1775 2388 1824 2413 ἀν·

1033 2433 1162 2468 θρώπων,
1181 2433 1385 2468 καλοκαγαθίας
1406 2433 1652 2467 μεταποιουμένους
1664 2452 1671 2461 ,
1687 2432 1734 2458 καὶ
1757 2432 1825 2463 τοὺς

1033 2479 1167 2506 ἀνέκαθεν
1181 2479 1372 2514 κρατήσαντας
1385 2479 1413 2506 ὲν
1427 2478 1518 2510 αὐτοῖς
1544 2478 1686 2514 θηριώδεις
1696 2476 1826 2503 ἀθετοῦνι

1030 2534 1080 2558 τας
1098 2525 1206 2561 νόμους.

1027 2752 1175 2813 ἑεὴιιι-Ῑιοῑε
1188 2752 1295 2779 scilicet
1311 2751 1432 2786 perfecta
1445 2759 1506 2778 cum
1519 2751 1750 2786 forasmittcnte),
1763 2757 1821 2777 non

1039 2788 1144 2813 erendo
1163 2795 1259 2813 errore
1274 2788 1355 2813 Picus
1367 2807 1373 2813 .
1390 2786 1553 2813 adversante
1567 2785 1711 2813 Scriptura
1727 2792 1819 2812 onm's

1039 2788 1144 2814 ‘crendo
1163 2795 1259 2814 errore
1274 2785 1355 2814 Picus
1367 2807 1373 2818 ,
1390 2786 1553 2814 adversante
1567 2785 1711 2821 Scriptura
1727 2792 1819 2812 onm's

1027 2830 1080 2856 que
1101 2822 1248 2857 theologia,
1264 2822 1318 2849 Nec
1341 2830 1461 2858 unquam
1487 2821 1617 2849 delcbitur
1630 2829 1689 2848 cum
1711 2829 1820 2856 perraro

1026 2866 1072 2892 per
1082 2858 1275 2892 pmnitcntiam.
