1951 3076
109 185 182 218 1209

464 195 629 227 CAPITUM
648 198 858 235 QUINQUIES
875 203 1133 234 CENTENORUM
1153 205 1347 236 CENTURIA
1369 206 1392 236 Ι.

1666 207 1734 240 1210

145 239 197 274 στ’.
215 241 291 296 Ἐστι
324 245 373 278 μὲν
395 245 425 272 ἐν
453 248 536 275 πᾶσιν
558 251 651 284 ἁπλῶς
677 253 709 279 τὸ
734 254 846 290 Πνεῦμα
866 256 888 282 τὲ

984 258 1026 284 '73.
1049 258 1167 293 Spiritus
1187 263 1299 287 sanctus
1315 259 1342 287 in
1359 259 1487 287 omnibus
1500 261 1662 296 simpliciter
1679 267 1732 296 est,

106 284 200 319 ἄτιον,
213 288 281 315 καῠὸ
298 291 406 318 πάντων
418 293 478 320 ἐστὶ
497 298 655 324 συνεκτικὸν
681 300 728 325 καὶ
751 284 896 336 προνοητι-

106 331 180 382 κον,
211 333 259 359 καὶ
293 335 348 362 τῶν
384 339 505 372 φυσικῶν
541 344 706 378 σπερμάτων
741 331 898 382 ἀνακινήσει-

107 376 169 405 κόν.
197 379 460 418 Προσδιωρισμένως
473 385 511 416 δὲ.
535 376 622 415 καὶ
642 391 710 416 πᾶσι
727 393 783 423 τοῖς
803 393 833 418 ὲν
850 376 897 419 νό-

107 431 166 456 μῳ,
181 425 277 452 καθότι
288 427 337 462 τῆς
352 429 406 456 τῶν
420 431 534 459 ἐντολῶν
548 434 623 461 ἐστιν
638 436 828 465 ὐποδεικτικὸν
838 448 893 466 πα-

107 469 264 520 ραϐᾶσι-ιρις.
285 473 333 500 καὶ
358 476 408 511 τῆς
423 478 495 504 κατὰ
514 479 631 515 Χριστὸν
646 484 897 520 προαγορευθείσης

106 513 296 560 ἐπαγγελίας,
324 522 509 552 φωτιστικόν·
534 513 564 550 ἐν
586 525 616 551 δὲ
641 513 708 553 πάσι
726 513 796 560 ’τοῖς
824 513 895 556 κατᾶ

106 557 230 603 ξριστὸν
252 560 322 595 πρὸς
345 565 402 596 τοῖς
421 566 588 602 εἰρημένοις,
605 570 652 596 καὶ
677 571 716 603 ὡς
734 557 894 603 υῐοδετικόν.

174 603 203 630 δὲ
217 606 316 655 σοφίας
341 612 491 646 ποιητικὸν,
504 614 532 640 ὲν
555 615 642 642 οὐδενὶ
662 601 716 644 τῶν
744 601 896 655 εέρημένων

107 647 186 697 ἐστὶν
208 651 313 697 άπλῶς,
336 654 405 690 πλὴν
430 657 484 684 τῶν
503 661 657 694 συνιέντων,
673 663 719 689 καὶ
729 647 843 697 ἑαυτοὺς
852 666 896 693 διὰ

105 695 159 745 ’ἰῆς
171 696 265 723 ἐνθέου
281 699 418 734 πολιτείας
433 703 525 736 ἀξίους
541 709 734 742 ποιησαμένων
749 710 800 745 τῆς
811 711 894 738 αὐτοῦ

107 739 245 788 detestati;
270 745 444 782 ἐνοικήσεως.
468 750 525 782 Πᾶς
539 739 604 787 ’γὰρ⁷
620 739 657 788 pi]
686 739 822 782 ποιῶν-τὰ
837 756 896 783 θεῖα

106 787 261 838 θελήματα,
274 791 327 819 xiv
343 795 439 826 πιστὸς
456 794 484 832 ᾖ,
497 797 626 825 ἀσύνετον
640 787 695 835 ἔχει
709 801 758 836 τὴν
770 803 894 838 καρδῖαν,

104 833 146 865 ὼς
163 836 290 883 πονηρῶν
307 837 446 874 λογισμῶν
481 833 673 879 ἐργαστήριον,
690 833 741 873 καὶ.
760 848 790 874 τδ
809 833 895 883 ’σῶμα

105 881 269 929 ξατάχρεων
283 884 441 920 ἁμαρτίαις,
461 887 499 920 ὠς
512 889 658 923 διαπαντὸς
670 893 819 929 μολυσμοῖς
842 881 895 922 τά·

105 925 162 953 οῶν
180 927 349 964 ἐνεχόμενον.

140 1065 195 1117 06':
211 1067 243 1117 :0
255 1069 310 1117 τῆς,
319 1073 457 1108 σωτηρίας
475 1074 639 1111 ὀρεγόμενος
661 1079 771 1106 πάντων
787 1080 893 1117 ἀνθρώ-

103 1113 251 1147 πωνΘεὸς,
270 1116 317 1143 καὶ
332 1119 433 1145 πεινῶν
449 1121 538 1148 αὐτῶν
551 1122 600 1157 τὴν
615 1124 757 1157 ἐκθέωσιν,
772 1126 821 1161 τὴν
831 1113 892 1154 τού-

103 1167 160 1186 των
173 1159 262 1196 οἴησιν
273 1163 311 1194 ὡς
325 1164 374 1199 τὴν
388 1165 514 1201 ἄκαρπον
530 1169 724 1204 καταρώμενος
741 1159 891 1208 ἀποξηραί-

102 1213 146 1232 vel
172 1207 268 1243 συκῆν,
287 1209 360 1242 ὅπως
386 1211 434 1237 τοῦ
451 1212 539 1240 δοκεῖν
556 1212 625 1241 εἶναι
642 1215 752 1249 δίκαιοι,
770 1218 799 1244 τὺ
821 1207 890 1245 εἶναι

105 1252 208 1300 μιῖλλον
223 1255 430 1291 προκρίναντες,
455 1258 499 1286 τὸν
523 1260 571 1295 μὲν
598 1261 660 1288 καθ’
676 1263 821 1297 ὑπόκρισιν
841 1266 892 1300 τῆς

103 1297 206 1333 ἠθικῆς
220 1300 378 1333 ἐπιδείξεως
392 1303 572 1339 ὲκδυσάμενοι
597 1306 713 1341 χιτῶνα,
729 1308 775 1335 τὸν
799 1297 892 1345 ἐνάρε-

101 1352 149 1370 τον
162 1345 206 1377 δὲ,
224 1346 316 1379 καθὼς
338 1348 352 1374 ὁ
378 1348 450 1381 θεῖος
476 1350 600 1384 βούλεται
628 1352 716 1386 λόγος,
741 1354 891 1387 ἀνοοεύτως

104 1391 284 1425 μετελθόντες
305 1393 375 1428 βίον,
393 1395 513 1428 εὐσεϐῶς
535 1396 585 1432 τὴν
610 1397 682 1433 ζωὴν
713 1399 888 1434 διενέγκωσι,

102 1435 164 1470 Θεῷ
192 1436 293 1471 μᾶλλον
319 1439 369 1474 τῆς
392 1439 480 1475 ψυχῆς
502 1441 551 1476 τὴν
577 1442 735 1479 διάθεσιν,ἥ
761 1447 817 1477 τοῖς
843 1446 890 1472 ἅν-

103 1479 224 1516 ορώποις
254 1483 300 1510 τὸν
335 1485 414 1517 ἐκτὸς
438 1486 657 1523 ἐπιδεικνύμενοι
680 1491 744 1525 περὶ
765 1491 799 1518 τὰ
835 1492 887 1528 ἥϐη

102 1528 305 1561 σχηματισμόν.

946 311 978 330 ca
1002 304 1107 331 ratione
1123 313 1175 339 qua
1192 306 1282 332 omnia
1304 306 1426 333 continet
1439 311 1468 333 et
1486 312 1642 341 conservat,
1667 316 1734 343 pro-

946 349 1077 384 videtque
1108 351 1246 378 universis
1261 372 1268 384 ,
1295 354 1324 378 et
1344 351 1480 378 naturalia
1504 352 1608 379 semina
1631 357 1733 380 movet.

946 395 1027 422 Certa
1043 400 1134 423 autem
1149 397 1256 424 ratione
1268 397 1350 424 etiam
1371 397 1397 424 in
1418 397 1547 425 omnibus
1562 399 1609 433 qui
1632 399 1659 426 in
1674 399 1734 434 lege

947 445 1021 474 sunt,
1043 447 1179 476 quatenus
1203 442 1394 470 mandatorum
1409 443 1654 478 transgressionem
1668 445 1735 471 sub-

949 491 1099 519 moustrat,
1119 492 1146 515 et
1161 487 1194 515 ad
1218 488 1321 516 Christi
1340 489 1499 524 praedictam
1521 490 1733 524 promissionem

947 535 1164 568 cognoscendam
1178 555 1184 565 .
1208 535 1298 562 lucem
1323 536 1436 570 prmbet.
1454 536 1556 563 Przeter
1572 536 1623 564 hos
1642 540 1733 563 autem

946 579 1043 607 modos
1058 600 1065 612 ,
1095 581 1123 607 in
1149 581 1280 608 omnibus
1303 586 1345 609 est
1368 581 1415 616 qui
1445 581 1603 609 Christiano
1621 583 1734 610 nomine

946 629 1104 658 censentur,
1119 626 1202 654 etiam
1230 632 1261 654 ut
1284 627 1440 662 adoptionis
1464 632 1569 655 auctor.
1595 627 1677 663 528
1698 628 1733 655 Ut

946 676 1037 698 autem
1053 676 1149 699 auctor
1166 673 1316 707 sapientize,
1332 673 1359 699 in
1374 673 1449 700 nullo
1463 681 1569 705 eorum,
1585 681 1654 708 quos
1664 673 1733 700 dixi-

947 725 1017 749 mus.
1036 718 1199 753 simpliciter
1216 723 1267 751 est,
1287 723 1469 753 praeterquam
1494 719 1521 746 in
1537 719 1591 746 illis
1605 719 1651 753 qui
1667 727 1733 754 pru-

946 762 1038 789 dentia
1052 770 1083 790 ac
1096 762 1276 798 intelligentia
1296 762 1403 798 praediti
1423 768 1497 795 sunt,
1514 764 1616 798 quique
1630 771 1680 798 per
1693 763 1734 790 vi-

946 812 1000 835 tam
1028 808 1130 835 divinis
1144 808 1268 836 moribus
1293 808 1458 841 institutam,
1486 810 1546 844 cjus
1580 809 1733 837 deiticantis

946 853 1154 882 inhabilationis
1169 862 1197 882 se
1210 854 1307 890 dignos
1319 855 1503 890 praebuerunt.
1518 855 1648 890 Quisquis
1658 855 1730 883 enim

945 900 1052 927 divinas
1063 901 1218 928 voluntates
1233 909 1288 928 non
1304 901 1378 932 facit,
1392 901 1443 928 etsi
1457 901 1544 928 ﬁdelis
1561 905 1611 933 est,
1630 909 1677 928 cor
1688 901 1731 929 in-

944 945 1047 981 sipiens
1060 946 1153 978 habet,
1170 952 1297 981 tanquam
1316 947 1449 974 malorum
1463 947 1658 982 cogitationum
1674 946 1733 974 oili-

944 992 1045 1025 cinam,
1060 1000 1092 1020 ac
1106 1001 1208 1028 corpus
1223 993 1372 1020 obnoxium
1388 992 1518 1028 peccatis,
1532 997 1563 1019 ut
1580 993 1653 1026 quod
1663 1000 1731 1020 sem-

944 1046 993 1073 per
1008 1038 1138 1065 vitiorum
1153 1046 1184 1066 ac
1206 1038 1353 1066 libidinum
1373 1038 1588 1073 inquinamentis
1610 1038 1730 1065 sordeat.

979 1085 1023 1112 74.
1036 1085 1088 1118 Qui
1103 1086 1226 1113 omnium
1242 1086 1357 1112 salutem
1371 1086 1474 1120 expetit
1486 1086 1567 1117 Deus,
1580 1093 1731 1120 eorumque

943 1130 1030 1158 esurit
1039 1130 1250 1163 deificationem,
1260 1131 1371 1157 illorum
1380 1130 1464 1157 animi
1477 1130 1575 1157 fastum
1587 1137 1618 1156 ac
1626 1130 1730 1165 jactan-

944 1175 1021 1207 tiam,
1045 1176 1120 1203 velut
1140 1175 1337 1203 infructuosam
1359 1175 1439 1202 ficum
1455 1175 1614 1202 maledictio
1640 1175 1730 1201 arefa-

943 1219 980 1246 cit
992 1220 1030 1253 ³⁰;
1045 1224 1083 1251 ut,
1099 1228 1154 1254 pra:
1172 1228 1205 1247 eo
1217 1220 1290 1254 quod
1306 1225 1348 1246 est
1362 1219 1451 1254 justos
1465 1219 1567 1251 videri,
1584 1219 1670 1254 pluris
1689 1219 1730 1246 fa—

942 1265 1048 1292 cientes
1063 1268 1093 1292 ut
1104 1265 1170 1300 justi
1183 1265 1273 1299 reipsa
1287 1264 1353 1296 sint,
1371 1263 1545 1291 simulatione
1559 1268 1730 1291 constantem

942 1318 1049 1337 morum
1068 1310 1259 1338 ostentationis
1280 1310 1399 1337 tunicam
1415 1313 1559 1341 cxucntrs,
1584 1310 1731 1336 virtutum-

941 1364 995 1391 que
1011 1357 1072 1383 luce
1089 1356 1223 1383 nitentem
1239 1363 1272 1383 ac
1290 1355 1450 1387 studiosam,
1467 1360 1497 1382 ut
1509 1355 1601 1382 divina
1624 1355 1667 1382 lcx
1687 1355 1731 1390 ju-

941 1401 998 1433 bet,
1012 1401 1118 1428 sincere
1133 1401 1217 1427 vitam
1230 1404 1431 1431 consectantcs,
1443 1399 1487 1434 pie
1502 1399 1573 1434 quod
1588 1403 1630 1426 est
1647 1399 1731 1434 hujus

941 1447 1072 1482 temporis
1086 1446 1255 1481 transigant;
1268 1445 1305 1472 ita
1319 1438 1449 1472 nimirum
1462 1450 1494 1472 ut
1506 1446 1561 1472 Deo
1573 1445 1666 1480 potius
1673 1444 1730 1471 ani-

940 1500 1016 1519 mum
1029 1492 1186 1524 exhibeant,
1210 1499 1291 1526 quam
1307 1491 1429 1519 exterius
1449 1491 1605 1519 simulatam
1622 1499 1730 1518 morum

940 1540 1059 1575 speciem
1071 1539 1232 1566 hominibus
1242 1543 1391 1566 ostentent.

137 1572 183 1600 ρι’.
198 1573 312 1609 Ἔτερός
330 1575 404 1602 ἐστιν
419 1577 433 1604 ὁ
449 1577 496 1604 τοῦ
511 1580 608 1610 ποιεῖν,
624 1580 670 1606 καὶ
697 1581 790 1616 ἕτερος
807 1582 821 1608 ὁ
840 1582 887 1609 τοῦ

954 1572 963 1575 -
975 1586 1018 1613 75.
1036 1585 1095 1612 Alia
1105 1589 1148 1612 est
1163 1585 1262 1620 agendi
1272 1584 1353 1617 ratio,
1365 1584 1418 1611 alia
1433 1584 1566 1619 patiendi.
1584 1585 1623 1612 Ac
1632 1585 1730 1620 agendi

101 1620 217 1655 πάσχειν
229 1621 308 1656 λόγος
321 1630 328 1636 ·
347 1623 394 1650 καὶ
417 1624 430 1650 ὁ
451 1625 501 1659 μὲν
520 1626 566 1652 τοῦ
588 1629 675 1654 ποιεῖν
702 1628 781 1663 λόγος
802 1630 886 1661 ἐστὶν,

101 1667 118 1702 ἠ
131 1668 232 1703 φυσικὴ
258 1669 325 1704 πρὸς
345 1669 450 1705 ἀρετῶν
469 1671 610 1706 ἐνέργειαν
626 1673 741 1709 δύναμις
757 1676 791 1710 (δ)
805 1683 813 1691 ⁸
831 1677 845 1702 ὁ
861 1676 888 1703 δὲ

100 1712 147 1739 τοῦ
161 1713 296 1749 πάσχειν,
313 1715 329 1750 ἦ
354 1716 434 1751 χάρις
444 1716 498 1744 τῶν
522 1718 592 1753 ὑπὲρ
617 1720 735 1757 φύσιν,ἢ
753 1721 888 1756 σύμὸαισις

101 1759 154 1785 τῶν
180 1760 257 1795 παρὰ
283 1761 373 1794 φύσιν.
393 1763 437 1795 Ὠς
457 1764 512 1799 γὰρ
536 1764 584 1791 τοῦ
602 1766 748 1804 ὑπερόντος
768 1769 888 1804 φυσικὴν

100 1804 149 1830 οὐκ
169 1804 268 1839 ἔχομεν
278 1805 402 1841 δύναμιν,
419 1808 506 1840 οὕτως
519 1809 581 1836 οὔτε
602 1810 648 1837 τοῦ
671 1811 707 1846 μὴ
727 1811 802 1844 ὄντος
825 1813 886 1848 ἔχο-

101 1858 151 1884 μεν
170 1850 249 1884 φύσει
264 1851 314 1886 τὴν
326 1851 449 1888 δύναμιν.
463 1854 605 1890 Πάσχομεν
624 1854 671 1882 οὖν
695 1857 733 1889 ὡς
749 1858 818 1893 ὑπὲρ
835 1859 886 1893 φύ-

100 1904 143 1922 σιν
156 1893 239 1922 οὖσαν
251 1897 321 1923 κατὰ
336 1899 426 1934 χάριν,
441 1899 498 1926 ἀλλ’
509 1900 539 1926 οὐ
555 1901 686 1936 ποιοῦμεν
705 1903 755 1938 τὴν
769 1903 883 1930 θέωσιν-

98 1941 128 1968 οὐ
145 1941 199 1977 γὰρ
216 1941 314 1983 ἔχομεν
327 1943 406 1978 φύσει
417 1945 544 1980 δεκτικὴν
558 1946 608 1982 τῆς
626 1946 749 1980 θεώσεως
760 1949 884 1984 δύναμιν.

69 1986 153 2030 Ritu!
177 1988 319 2022 πάσχομεν
344 1988 426 2015 πάλιν
449 1990 487 2022 ὡς
509 1991 584 2026 παρὰ
597 1991 678 2026 φύσιν
690 2012 697 2025 ,
709 1992 806 2030 γνώμῃ
816 1995 886 2021 κατὰ

79 2023 236 2067 ’ἷῖῡῌσαδιν
249 2034 299 2069 τὴν
312 2035 412 2062 κακίαν
424 2044 432 2052 ο
449 2037 480 2062 οὐ
498 2023 555 2072 γὰρ
566 2023 664 2073 ἔχομεν
687 2023 755 2074 έτρδς
768 2023 885 2074 ’νένεσιν

98 2077 198 2110 κακίας
217 2080 333 2115 φυσικὴν
347 2080 468 2116 δύναμιν.
488 2082 622 2118 Ποιοῦμεν
635 2081 681 2110 οὖν
704 2084 819 2112 ἐνταῦθα
834 2087 885 2121 φύ-

99 2131 139 2150 σει
153 2124 231 2156 ὄντες
247 2125 296 2157 τὰς
307 2126 418 2160 ἀρετὰς,
436 2127 503 2162 πρὸς
522 2128 551 2154 τὸ
563 2128 663 2161 ταύτας
679 2132 766 2156 ποιεῖν
779 2131 885 2166 ἔχοντες

98 2170 215 2204 φυσικὴν
231 2170 281 2205 τὴν
296 2171 411 2206 δύναμιν
425 2180 431 2186 “
451 2173 591 2208 πάσχομεν
607 2173 636 2200 δὲ
655 2176 725 2201 κατὰ
740 2175 770 2202 τὸ
788 2177 884 2212 μέλλον

98 2215 145 2251 τὴν
162 2215 261 2242 θέωσιν
274 2236 282 2248 ,
300 2217 349 2252 τὴν
365 2218 433 2253 πρὸς
450 2217 480 2244 τὸ
500 2219 596 2246 παθεῖν
620 2219 722 2256 ταύτην
743 2223 813 2250 κατὰ
833 2223 883 2259 δῳ-

100 2262 162 2295 ρεᾶς
178 2263 260 2297 χάριν
273 2262 422 2298 δεχόμενοι.

939 1631 1050 1667 quidem
1064 1632 1144 1663 ratio,
1158 1631 1293 1658 naturalis
1308 1630 1423 1658 facultas
1439 1634 1482 1658 est
1493 1630 1662 1665 operationis
1671 1630 1730 1657 vir-

939 1681 1045 1710 tutum;
1063 1675 1185 1712 paticndi
1211 1683 1278 1702 vero
1296 1675 1380 1708 ratio,
1405 1675 1448 1702 vel
1464 1683 1559 1702 eorum
1581 1676 1667 1710 gratia
1685 1680 1728 1703 est

937 1729 997 1756 quae
1009 1725 1135 1748 naturam
1151 1724 1293 1755 superant,
1302 1720 1345 1747 vel
1358 1728 1453 1747 eorum
1470 1728 1549 1748 casus
1559 1728 1591 1748 ac
1600 1724 1725 1753 eventus,

937 1775 997 1801 qua:
1016 1770 1081 1793 sunt
1105 1770 1205 1801 praeter
1234 1771 1370 1793 naturam.
1387 1765 1623 1798 Quemadmodum
1651 1766 1725 1793 enim

936 1811 996 1846 ejus
1008 1810 1082 1845 quod
1098 1810 1181 1837 rebus
1198 1810 1325 1844 superius
1343 1815 1395 1842 est,
1409 1809 1620 1844 haudquaquam
1643 1814 1726 1836 natu-

936 1858 1021 1886 ralem
1043 1857 1200 1885 facultatem
1218 1856 1363 1889 habemus,
1387 1857 1424 1883 ita
1443 1864 1493 1883 nec
1506 1857 1565 1891 ejus
1588 1856 1659 1890 quod
1675 1863 1725 1883 nec

936 1904 1019 1931 estin
1040 1903 1134 1936 rebus,
1147 1903 1272 1931 seunihil
1286 1907 1338 1935 est,
1358 1903 1489 1929 facultate
1502 1906 1599 1929 natura
1617 1902 1724 1936 przeditr

935 1957 1040 1977 sumus.
1063 1949 1186 1976 Patimur
1201 1956 1277 1984 ergo,
1305 1953 1336 1975 ut
1352 1947 1423 1983 quod
1442 1952 1567 1974 naturam
1593 1950 1724 1981 superet.

935 2003 991 2023 non
1009 2002 1074 2022 vero
1095 1994 1220 2027 facimus,
1241 1994 1320 2029 cujus
1342 1993 1424 2020 nobis
1446 1997 1542 2020 auctor
1558 1993 1656 2027 gratia,
1672 1993 1725 2019 hoc

935 2041 1008 2076 quod
1024 2040 1203 2079 deificamur;
1221 2039 1322 2075 quippe
1345 2039 1391 2074 qui
1412 2039 1471 2073 ejus
1483 2046 1610 2073 capacem
1625 2043 1724 2065 natura

935 2087 1092 2114 facultatem
1120 2086 1222 2113 nullam
1241 2085 1400 2112 habeamus.
1426 2081 1531 2111 Rursus
1553 2091 1618 2110 vero
1648 2083 1726 2110 mali-

936 2132 1001 2159 tiam
1014 2137 1096 2166 atque
1113 2132 1221 2163 vitium,
1232 2130 1305 2166 quod
1321 2135 1416 2157 contra
1431 2134 1567 2162 naturam,
1583 2129 1724 2155 voluntate

935 2179 1075 2213 animique
1091 2179 1234 2206 sententia
1248 2177 1365 2210 accidat,
1378 2177 1513 2212 patimur;
1531 2175 1632 2210 quippe
1646 2175 1725 2209 cujus

935 2225 1050 2260 originis
1072 2225 1147 2252 nulla
1174 2224 1202 2252 in
1218 2224 1298 2251 nobis
1319 2222 1453 2250 naturalis
1467 2221 1582 2248 facultas
1601 2221 1723 2248 exsistat.

901 2268 922 2295 Ι)
936 2271 1119 2305 Quamobrem
1135 2271 1200 2298 dum
1220 2269 1348 2305 prmsenti
1359 2277 1417 2296 aevo
1430 2266 1545 2303 agimus.
1562 2271 1659 2294 natura
1671 2266 1726 2292 vir—

97 2312 169 2336 tutes
184 2317 340 2344 operamur.
355 2312 388 2338 ad
405 2320 472 2347 quas
487 2314 634 2348 praestandi
647 2316 764 2343 naturali
782 2316 910 2346 instructi
941 2319 1069 2346 facultate
1083 2326 1176 2346 sumus
1190 2327 1197 2345 :
1216 2318 1242 2344 in
1277 2317 1371 2344 futuro
1399 2320 1490 2343 autent
1523 2314 1724 2341 deitieationem

95 2354 225 2389 patimur,
241 2356 320 2390 cujus
333 2357 469 2391 patienda:
482 2359 597 2393 gratiam
613 2367 644 2387 ac
661 2368 761 2388 munus
778 2369 794 2388 a
812 2362 866 2390 Deo
888 2370 1101 2398 consequamur.

128 2403 182 2432 ος¹.
195 2401 329 2436 Ποιοῦμεν
344 2403 434 2437 ἡμεῖς,
453 2404 495 2438 ἐφ’
509 2405 571 2431 ὅσον
590 2407 640 2441 τήν
655 2415 685 2432 τε
708 2406 762 2433 τῶν
777 2408 882 2443 ἀρετῶν

94 2446 239 2482 ποιητικὴν
252 2447 332 2482 φύσει
347 2448 458 2484 λογικὴν
469 2449 568 2485 ἔχομεν
587 2451 700 2486 δύναμιν
718 2453 882 2488 ἐνεργουμέ-

94 2500 142 2527 νην
159 2500 166 2507 ·
183 2494 231 2519 καὶ
242 2493 292 2528 τὴν
307 2494 398 2530 πάσης
412 2495 539 2529 γνώσεως
556 2497 683 2533 δεκτικὴν
696 2499 792 2534 νοερὰν
804 2500 884 2535 ἀσχέ-

131 2575 154 2591 ³⁰
170 2573 266 2601 Matth.
284 2583 339 2608 ut,
359 2575 403 2603 t9-

128 2639 178 2681 (s)_
241 2642 356 2681 φυσικὴ
370 2643 732 2681 πρὸςηάρετῶιυένέργειαν
743 2646 880 2681 δύναμις.

94 2676 137 2714 Sic
153 2676 298 2714 Maximus.
312 2677 365 2714 hoc
381 2677 454 2711 quod
471 2676 513 2705 est
527 2686 608 2713 agere.
621 2676 729 2714 definit,
744 2676 883 2709 Naturalis

94 2711 207 2751 facultas
221 2712 359 2751 operandi,
374 2719 420 2751 seu
431 2711 576 2751 privataruth
591 2715 708 2742 virtutes.
723 2711 765 2744 Ἀθ
781 2717 883 2751 ubique

94 2746 122 2786 τῇ
136 2746 358 2786 rgu’suhopponit
369 2747 417 2786 τῷ,
437 2748 512 2786 παρά
530 2750 620 2786 φύσιν.
641 2751 687 2778 Sic
700 2751 775 2786 loqui
789 2746 884 2779 doc-uit

94 2781 205 2822 Pau_lus,
224 2781 304 2822 Rom.
329 2790 358 2822 n_.
375 2782 459 2808 Ὅταν
480 2781 545 2822 ἔθνὴ
565 2784 644 2822 φύσει
665 2786 700 2812 τὰ
721 2781 768 2813 τοῦ
796 2787 880 2822 νόμου

95 2817 158 2850 ποιῇ
177 2824 184 2831 ·
205 2817 282 2850 (μιαδὶ
295 2825 326 2843 ea:
335 2816 414 2843 ductu
423 2822 501 2856 atgue
515 2816 640 2846 ἰιίδιίηειιι
656 2825 771 2853 ηαιιινω,
786 2816 881 2856 illique

93 2856 294 2889 conscntance_;
324 2856 389 2879 tunc
419 2853 501 2879 etiam
518 2861 580 2880 cum
612 2856 697 2889 gratia
717 2853 879 2889 excitamur,

94 2890 171 2916 extra
182 2893 264 2921 quant
280 2886 307 2913 in
329 2892 427 2914 natura
444 2894 583 2923 corrupta,
595 2886 649 2916 non
663 2890 743 2925 φύσει
761 2886 878 2927 agimus,

971 2409 1014 2436 76.
1029 2409 1141 2444 Agimus
1157 2416 1218 2440 nos,
1234 2413 1372 2443 quatenus
1385 2407 1512 2434 rationali
1523 2406 1651 2433 facultate
1664 2405 1722 2432 vir-

939 2459 1028 2482 tutum
1042 2455 1181 2483 etl‘ectrice
1195 2459 1293 2482 natura
1303 2453 1410 2489 praditi
1427 2461 1532 2485 sumus,
1547 2452 1724 2487 scientizeque

938 2500 1027 2527 omnis
1044 2507 1142 2534 capacc
1167 2500 1292 2527 absolute
1308 2500 1408 2527 mentis
1426 2499 1570 2531 facultate,
1596 2505 1722 2526 omnem-

937 2649 985 2684 sed
999 2648 1075 2683 παρὰ
1091 2648 1171 2682 φύσιν
1183 2657 1189 2664 ·
1202 2649 1254 2676 etsi
1267 2648 1400 2676 Maximus
1414 2649 1483 2679 nihil
1495 2649 1540 2677 hic
1554 2650 1722 2684 peculiarius

937 2683 972 2710 de
984 2684 1070 2718 gratia
1087 2684 1216 2718 explicat,
1230 2684 1289 2711 sine
1300 2692 1353 2718 qua
1372 2689 1479 2712 certum
1492 2690 1534 2712 est
1550 2683 1600 2712 nos
1613 2693 1667 2712 non
1680 2685 1722 2712 di-

936 2717 1005 2755 gnos
1027 2717 1096 2745 efiici
1127 2719 1215 2755 beata,
1233 2719 1279 2746 illa
1302 2717 1446 2753 passione,
1464 2728 1524 2755 qua:
1541 2724 1582 2746 est
1606 2720 1720 2751 Θέωσις,

937 2753 1113 2790 perfectaque
1126 2761 1189 2790 cum
1204 2754 1259 2790 Deo
1283 2755 1437 2790 similitudo
1463 2753 1579 2790 ejusque
1600 2755 1720 2789 adeptio,

931 2788 1050 2824 omnino
1064 2788 1202 2815 excedens
1214 2789 1269 2815 vim
1287 2793 1315 2816 et
1333 2788 1490 2817 facultatem
1510 2788 1613 2817 natura;
1627 2788 1721 2824 (etiam

935 2823 1026 2857 quoad
1044 2823 1166 2857 modum)
1179 2825 1254 2850 omni
1276 2825 1389 2858 proprio
1406 2830 1467 2851 actu
1486 2825 1512 2851 in
1531 2831 1562 2850 ea
1583 2829 1721 2857 cessante,

935 2858 991 2885 Deo
1010 2859 1062 2886 sibi
1085 2859 1195 2894 penitus
1208 2859 1329 2886 animum
1343 2859 1507 2894 sulijiciente
1522 2859 1603 2887 beato
1617 2859 1664 2887 illo
1681 2859 1721 2887 si-

933 2893 1029 2927 lentio,
1053 2894 1168 2929 ejusque
1180 2893 1289 2921 fruendi
1303 2894 1376 2923 felici
1392 2893 1566 2922 necessitate.
