1951 3076
99 150 168 203 1213

450 170 616 201 CAPITUM
636 169 848 206 QUINQUIES
865 169 1127 200 CENTENORUM
1142 170 1337 201 CENTURIA
1355 171 1380 201 Ι.

1659 169 1726 202 12H

131 230 171 255 π’.
204 227 235 254 ὀ
254 226 376 260 autem;
406 227 454 256 καὶ
474 227 571 263 ἐχθρός
592 227 652 254 ἐστι
679 227 727 254 τοῦ
742 218 822 259 Θεοῦ,
841 226 888 253 καὶ

975 226 1056 262 530
1077 226 1121 254 so.
1142 218 1284 260 Diabolus,
1302 227 1350 255 Dei
1370 231 1398 255 et.
1422 227 1510 254 hostis
1532 231 1560 255 et
1582 227 1656 254 ultor
1678 233 1730 256 est.

97 273 257 308 ὲκδικητήφ
279 267 375 308 ἐχθρὸς
390 272 449 308 μὲν,
467 273 533 301 ὅταν
556 272 594 304 ὡς
622 273 710 308 μισῶν
727 273 808 301 αὑτὸν
820 293 827 305 ,
844 273 888 300 δο-

97 321 140 347 κεῖ
153 328 214 352 πως
225 319 276 354 τὴν
292 318 413 354 ὀλέθριον
428 319 580 354 κεκτῆσθαι
594 319 662 353 πρὸς
677 319 751 355 ἡμᾶς
765 319 829 350 τοὺς
843 319 890 346 ἀν-

98 365 224 401 θρώπους
237 364 358 399 ἀγάπην,
371 365 426 397 τοῖς
441 364 495 391 τῶν
512 365 643 392 ἑκουσίων
658 364 753 391 παθῶν
767 364 889 400 τρόποις.

97 411 141 438 διὰ
159 411 210 445 τῆς
237 410 333 447 ἡδονῆς
351 409 452 436 πείθων
475 409 554 445 ἡμῶν
576 410 628 444 τὴν
652 409 813 446 προαίρεσιν
836 409 893 436 τῶν

99 457 218 485 αἰωνίων
244 455 366 490 ἀγαθῶν,
382 455 539 490 προκρίνειν
558 455 594 482 τὰ
613 455 771 491 πρόσκαιρα
781 463 788 471 ”
803 456 837 482 δι’
852 452 890 482 ὢν

99 504 225 530 κλέπτων
240 502 305 538 ὃλην
319 502 369 538 τῆς
380 502 470 537 ψυχῆς
485 501 534 537 τὴν
551 500 655 535 ἔφεσιν,
665 502 715 537 τῆς
731 501 806 533 θείας
822 510 892 528 παν-

99 548 186 579 τελῶς
207 546 317 582 ἀγάπης
343 547 418 582 ἡμᾶς
434 546 595 582 ἀφίστησιν,
613 547 755 578 ἑκουσίους
776 547 892 582 ἐχθροὺς

101 593 186 621 ποιῶν
201 592 248 619 τοῦ
269 593 430 627 ποιήσαντος
443 600 449 607 ·
471 591 615 627 ὲκδικητὴς
626 592 654 619 δὲ
667 613 674 624 ,
691 593 756 619 ὅταν
781 591 892 628 γυμνώ-

101 648 151 668 σας
165 639 195 665 τὸ
218 638 285 674 πρὸς
310 638 384 673 ἡμᾶς
401 639 497 673 μῖσος,
513 637 551 669 ὡς
566 638 615 673 ἠδη
632 638 795 672 γενομένους
817 638 893 672 αὑτῷ

100 683 146 710 διὰ
174 682 224 718 τὴν
246 682 385 717 ἁμαρτίαν
409 682 581 717 ὑποχειρίους
592 701 601 715 ,
615 682 754 718 ὲξαιτῆται
768 683 818 718 τὴν
830 683 892 710 καθ’

101 727 181 762 ἡμῶν
191 727 338 762 τιμωρίαν.
352 727 437 754 Οὐδὲν
451 727 506 761 γὰρ
530 727 602 754 οὕτω
626 728 702 762 φίλον
718 728 758 763 τῷ
777 728 893 763 διαϐόλῳ

101 773 291 808 καθέστηκεν,
306 773 344 804 ὡς
365 772 509 808 ἄνθρωπος
530 773 743 808 τιμωρούμενος.
758 773 842 800 Τοῦτο
865 774 894 800 δὲ

102 819 304 855 συγχωρηθιὶς,
322 819 372 850 τὰς
386 819 553 855 ἐπαλλήλους
567 819 682 846 ἐπινοῶν
694 820 748 846 τῶν
759 820 895 848 ἀκουσίων

102 865 199 894 παθῶν
211 865 370 898 ἐπαγωγὰς,
391 865 525 896 λαίλαπος
538 865 617 900 δίκην
631 864 743 900 ἀπηνῶς
762 866 892 902 ἐπιφέρε-

101 919 150 938 ται
166 911 224 942 τοῖς
247 909 307 938 καθ’
320 906 358 938 ὧν
374 910 524 945 ἐκομίσατο
548 912 721 946 συγχωρήσει
750 911 818 938 Θεοῦ
843 912 893 946 τὴν

103 958 230 991 ἐξουσίαν
244 965 251 973 ³
273 958 304 985 οὺ
331 957 363 984 τὸ
387 958 552 992 πρόσταγμα
570 957 601 984 τὸ
618 958 691 985 θεῖον
716 958 893 993 ἐκπληρῶσαι

104 1004 286 1039 βουλόμενος,
301 1003 369 1030 ἀλλὰ
388 1003 419 1029 τδ
438 1003 538 1030 οίκεῖον
552 1003 598 1030 τοῦ
616 1004 678 1030 καθ’
694 1003 772 1039 ἡμῶν
798 1005 895 1039 μίσους

101 1049 248 1085 διαθρέψαι
269 1049 354 1080 πάθος
365 1048 525 1084 ὲπιθυμῶν·
542 1049 585 1076 ἵνα
598 1050 637 1084 τῷ
650 1049 739 1084 πολλῷ
753 1050 829 1085 βάρει
841 1050 895 1076 τῶν

101 1095 241 1131 ὀδυνηρῶν
259 1094 418 1130 συμφορῶν,
434 1096 452 1130 ἡ
468 1095 541 1130 ψυχὴ
555 1095 588 1121 δι’
605 1095 715 1122 ἀτονίαν
736 1095 876 1122 ὀκλάσασα
886 1115 892 1126 .

100 1143 152 1178 τῆς
170 1142 246 1174 θείας
259 1142 365 1173 ἐλπίδος
378 1142 478 1176 ἑαυτῆς
496 1142 630 1178 περικόψῃ
646 1142 695 1177 τὴν
708 1142 832 1176 δύναμιν,
848 1142 894 1167 ἁν-

101 1191 130 1215 τὶ
143 1188 296 1218 νουθεσίας,
312 1189 406 1220 ἀθεῖας
419 1189 510 1214 αἰτίαν
531 1187 679 1223 ποιουμένη
698 1188 748 1222 τὴν
763 1187 816 1214 τῶν
840 1188 896 1214 ἁλ-

103 1235 204 1268 γεινῶς
219 1244 251 1261 συ
255 1235 310 1270 μῦα
315 1235 423 1261 ινόντων
436 1235 595 1269 ὲπαγωγήν.

144 1326 200 1354 sa'.
217 1327 302 1354 ὀταν
316 1326 340 1353 οί
355 1326 405 1361 τὴν
422 1325 578 1361 πρακτικὴν
594 1324 661 1357 ἕξιν,
673 1324 719 1351 καὶ
734 1324 784 1359 τὴν
796 1323 897 1359 θεωρη-

103 1371 186 1407 τικὴν
203 1372 360 1407 ἐπιστήμην
375 1371 570 1406 ἀπειληφότες,
584 1370 652 1404 πρὸς
666 1370 715 1405 τὴν
726 1369 780 1395 τῶν
790 1370 896 1404 ἀνθρώ-

104 1427 168 1446 πων
197 1418 299 1449 ταύτας
325 1417 511 1453 μετέρχωνται
532 1417 628 1449 δόξαν,
642 1416 693 1451 ἠθη
718 1416 767 1450 μὲν
791 1416 898 1451 ἀρετῶν

103 1464 146 1499 τῷ
162 1463 320 1499 φαινομένῳ
343 1464 435 1498 τρόπῳ
468 1461 701 1497 σκιαγραφοῦντες
716 1469 723 1477 ·
745 1461 842 1496 λόγους
869 1461 898 1488 δὲ

106 1511 207 1544 σοφίας
221 1510 270 1536 καὶ
289 1508 417 1543 γνώσεως
430 1509 511 1543 μόνον
523 1507 677 1538 λαλοῦντες,
689 1507 750 1542 δίχα
760 1507 814 1533 τῶν
828 1507 899 1533 κατὰ

105 1555 281 1591 δικαιοσύνην
298 1554 395 1590 ἔργων·
412 1555 459 1581 καὶ
473 1555 517 1580 τὸν
531 1554 568 1585 ὡς
590 1554 633 1579 ἐπ’
644 1554 728 1588 ἀρετῇ
741 1553 787 1579 καὶ
799 1552 898 1586 γνώσει

105 1603 164 1632 τοῖς
177 1600 269 1631 ἄλλοις
297 1600 498 1627 ἃπιδείκνυνται
518 1600 612 1633 τῦφον,
629 1599 741 1630 εἰκότως
762 1599 899 1634 πρέπουσι

107 1646 302 1681 παραδίδονται
315 1646 417 1677 πόνοις,
434 1646 479 1672 διὰ
509 1645 556 1671 τοῦ
585 1645 701 1679 πάσχειν
729 1645 777 1679 τὴν
799 1645 900 1678 ἀγνοη-

108 1689 204 1718 ῢεῖσαν
218 1691 311 1722 αὐτοῖς
328 1692 359 1717 ἐκ
372 1692 423 1725 τῆς
441 1690 559 1725 ματαίας
584 1690 699 1724 οἰήσεως
722 1698 900 1724 ταπεινοφρο-

108 1738 195 1773 σύνην
215 1737 478 1773 μεταμανθάνοντες.

145 1829 204 1865 πβν.
224 1829 361 1860 Ἕκαστος
376 1828 430 1855 τῶν
444 1828 579 1863 δαιμόνων
597 1826 668 1854 κατὰ
680 1826 730 1861 τὴν
741 1824 901 1856 ὲνδιαθέτως

109 1876 298 1911 ὑποκειμένην
310 1875 529 1910 ἐπιτηδειότητα,
551 1874 619 1909 πρὸς
631 1873 711 1908 τήνδε
726 1872 743 1907 ἢ
755 1871 832 1907 τήνδε
848 1870 903 1897 τῶν

110 1920 273 1956 πειρασμῶν
290 1920 338 1956 τὴν
351 1919 498 1955 ἐπαγωγὴν
515 1919 644 1953 τυγχάνει
668 1916 843 1952 λειτουργῶν·
857 1916 904 1943 ἄλ-

108 1967 155 1998 λος
168 1966 222 2002 γὰρ
239 1965 322 2000 ἄλλης
338 1966 395 1992 ἐστὶ
405 1964 546 2000 ποιητικὸς
556 1964 664 1995 κακίας.
674 1964 721 1990 καὶ
729 1963 808 1995 ἄλλος
822 1962 903 1989 ἄλλου

111 2012 208 2046 σαφῶς
225 2012 283 2038 ἐστι
298 2011 483 2046 μιαρώτερος,
499 2010 548 2037 καὶ
566 2009 634 2045 πρὸς
653 2009 711 2036 τόδε
730 2008 830 2044 μᾶλλον
853 2008 904 2043 τῆς

110 2057 213 2089 κακίας
222 2057 254 2084 τὸ
268 2056 338 2089 εἶδος
352 2056 578 2092 ἐπιτηδειότερος.

148 2102 205 2138 τί.
223 2104 305 2129 Ἀνευ
321 2103 370 2138 τῆς
386 2102 461 2134 θείας
484 2102 696 2138 συγχωρήσεως,
709 2100 858 2128 owed-510i.
880 2101 905 2127 οί

109 2149 242 2184 δαίμονες
257 2148 317 2174 κατ’
330 2147 406 2174 οὐδὲν
417 2147 563 2182 ὑπουργεῖν
576 2146 705 2172 δύνανται
717 2145 757 2179 τῷ
773 2145 903 2180 διαόόλῳ.

113 2192 176 2221 οἶδε
192 2193 248 2229 γὰρ
262 2193 342 2225 αὐτὸς
357 2193 370 2219 ό
384 2192 451 2224 Θεὸς
467 2193 541 2223 ὅπως
560 2191 630 2226 μετὰ
654 2191 703 2226 τῆς
724 2190 837 2226 δεούσης
859 2199 904 2225 φι-

943 272 1035 300 llostis
1054 272 1177 307 quidem,
1198 273 1265 301 dum
1284 277 1413 308 tanquam
1434 273 1498 300 odio
1514 273 1541 300 in
1555 281 1618 300 eum
1635 274 1731 301 incita-

941 322 996 350 tus,
1018 318 1163 346 exitiosam
1185 326 1250 354 erga
1274 327 1325 347 nos
1347 319 1473 346 homines
1493 319 1596 346 habere
1621 320 1733 347 videtur

941 364 1129 398 dilectionem,
1145 372 1241 392 eorum
1258 366 1407 393 affectuum
1425 365 1513 392 modis
1527 365 1574 400 qui
1588 373 1620 392 ex
1635 366 1734 392 volun—

942 414 997 438 tate
1010 415 1085 443 sunt,
1102 411 1272 446 voluptatum
1299 411 1428 438 illecebra
1444 415 1542 438 auctor
1563 411 1668 438 scilicet
1685 419 1735 438 no-

942 459 1008 482 stra:
1025 456 1161 483 voluntati
1174 457 1320 489 exsistens,
1342 460 1373 482 ut
1388 456 1498 483 aeternis
1521 456 1602 483 bonis
1622 461 1736 492 antepo—

942 505 990 528 nat
1010 505 1206 536 temporanea:
1226 502 1327 536 quibus
1346 506 1431 529 totam
1447 503 1532 529 animi
1553 502 1733 538 cupiditatem

943 551 1004 576 astu
1018 548 1139 583 rapiens,
1154 555 1170 575 ο
1189 548 1281 575 divina
1295 555 1345 575 nos
1361 556 1474 583 prorsus
1494 549 1637 581 cbaritate,
1655 549 1736 577 Crea-

943 593 1010 621 toris
1022 597 1119 628 sponte
1137 593 1231 621 hostes
1244 594 1427 626 constituens,
1445 594 1579 629 abjungit.
1595 594 1673 622 Ultor
1687 604 1737 622 au-

945 644 1011 672 tem,
1023 647 1087 667 cum
1102 639 1217 672 nudato,
1230 647 1286 674 quo
1305 647 1357 667 nos
1368 639 1557 675 prosequitur,
1575 641 1648 672 odio,
1661 641 1736 669 velut

942 686 998 721 jam
1017 686 1042 713 el
1066 693 1117 720 per
1138 690 1283 720 peccatum
1305 685 1393 713 factos
1416 685 1562 718 obnoxios,
1579 687 1611 714 ad
1628 695 1736 722 potnam

944 731 1174 766 deposcit-Nulla
1188 732 1261 759 enim
1282 740 1311 760 re
1329 740 1408 767 aeque
1423 731 1575 759 delectatur
1598 733 1735 765 diabolus,

945 784 977 804 ac
996 777 1117 805 hominis
1132 777 1278 813 supplicio.
1292 778 1345 806 Ubi
1363 783 1454 806 autem
1470 779 1497 806 id
1516 779 1554 806 illi
1575 787 1737 806 concessum

946 825 1039 856 fuerit,
1057 823 1111 851 alia
1130 823 1191 850 aliis
1207 823 1387 851 succedenti:
1406 824 1488 856 mala,
1504 832 1565 859 qum
1580 824 1674 851 invitis
1689 825 1739 851 du-

947 878 994 897 rus
1007 874 1118 897 exactor
1138 869 1253 904 infligat,
1269 869 1436 904 excogitans,
1452 870 1570 897 turbinis
1589 870 1615 897 in
1634 878 1737 897 morem

946 916 1001 944 illis
1024 915 1182 943 immaniter
1205 915 1320 950 ingruit,
1341 915 1370 942 in
1395 923 1463 949 quos
1486 915 1534 942 Dei
1558 916 1739 950 permistione

947 963 1053 997 accepit
1070 965 1233 997 potestatem
1252 970 1258 987 :
1280 969 1335 988 non
1355 961 1427 996 quod
1447 962 1493 988 Dei
1511 962 1669 990 mandatum
1687 963 1739 989 im—

947 1009 1022 1046 plere
1036 1008 1113 1039 velit,
1135 1008 1182 1035 sed
1205 1007 1258 1034 hoe
1280 1007 1362 1035 etiam
1388 1012 1470 1042 atque
1495 1007 1576 1034 etiam
1602 1012 1737 1043 satagens,

948 1058 980 1081 ut
1003 1054 1045 1081 sui
1073 1054 1099 1080 in
1121 1061 1171 1080 nos
1192 1053 1247 1080 odii
1264 1053 1318 1080 alat
1335 1054 1428 1086 virus;
1446 1062 1500 1089 quo
1519 1062 1617 1089 nempe
1637 1054 1739 1089 ingenti

948 1107 1134 1127 arrumnarum
1158 1100 1342 1135 dolorumque
1369 1099 1489 1135 pondere
1515 1108 1570 1135 pta:
1599 1100 1740 1128 debilitate

950 1146 1081 1174 fatiscens
1101 1146 1210 1173 animus
1226 1146 1326 1174 divinae
1348 1146 1397 1173 abs
1416 1154 1444 1173 se
1469 1146 1528 1182 spei
1548 1147 1678 1174 virtutem
1694 1147 1743 1174 ab-

949 1192 1072 1225 scindat;
1097 1191 1143 1227 qui
1158 1192 1288 1220 videlicet
1310 1192 1498 1226 corruptionis
1521 1192 1582 1219 loco
1605 1201 1637 1220 ac
1658 1193 1741 1220 disci-

950 1237 1041 1271 plinae,
1060 1245 1121 1272 quae
1139 1238 1253 1265 molesta
1268 1237 1401 1265 eveniunt
1414 1246 1446 1265 ac
1461 1238 1629 1270 inferuntur,
1647 1238 1674 1265 in
1693 1238 1744 1264 im-

949 1282 1059 1318 pietatis
1077 1287 1269 1318 argumentum
1286 1289 1385 1311 vertat.

985 1326 1030 1353 8|.
1053 1326 1121 1354 Cum
1145 1327 1175 1359 ii,
1199 1327 1245 1362 qui
1268 1328 1384 1355 actionis
1404 1327 1540 1360 habitum,
1567 1336 1599 1356 ac
1621 1332 1744 1355 contem-

950 1372 1044 1407 plandi
1059 1373 1202 1400 scientiam
1223 1373 1296 1400 nacti
1312 1379 1387 1406 sunt,
1409 1374 1442 1401 ad
1464 1375 1625 1409 captandam
1643 1382 1676 1401 cx
1696 1374 1746 1401 ho-

951 1417 1075 1445 minibus
1103 1417 1221 1452 gloriam
1251 1417 1309 1445 hmo
1335 1418 1444 1451 colunt;
1476 1427 1575 1454 nempe
1609 1420 1744 1445 virtutum

951 1463 1049 1490 modos
1064 1463 1216 1498 conspicuo
1229 1468 1307 1498 gestu
1328 1468 1410 1498 atque
1423 1464 1518 1490 habitu
1537 1464 1745 1497 adumbrantes,

951 1509 1147 1544 sapientimquc
1159 1516 1191 1536 ac
1204 1509 1326 1537 scientiae
1336 1510 1471 1537 duntaxat
1487 1517 1629 1537 sermones
1642 1510 1746 1544 absque

952 1562 1066 1588 operum
1091 1553 1197 1589 justitia
1221 1555 1382 1589 loquentes;
1411 1555 1541 1590 velutquc
1568 1554 1681 1582 virtutis
1715 1562 1747 1581 ac

950 1599 1074 1626 scientia:
1092 1601 1214 1631 nomine,
1228 1607 1283 1634 quo
1298 1604 1404 1627 tument
1422 1600 1505 1632 fastu,
1529 1600 1590 1627 aliis
1605 1604 1747 1628 ostentan-

952 1649 1008 1679 tes;
1037 1645 1264 1673 convenientibus
1286 1646 1385 1673 merito
1406 1645 1549 1673 laboribus
1576 1644 1744 1673 traduntur:

952 1693 991 1715 utr
1002 1697 1052 1723 per
1068 1693 1205 1716 tormenta
1225 1697 1257 1716 ac
1271 1690 1353 1721 mala,
1374 1697 1455 1724 quam
1469 1698 1502 1716 ex
1523 1689 1596 1716 inani
1613 1689 1746 1725 jactantia

951 1734 1090 1769 stultaque
1105 1734 1148 1761 sui
1168 1734 1298 1768 opinione
1320 1734 1504 1767 nesciverunt,
1529 1742 1628 1761 sensus
1650 1733 1746 1761 mode-

952 1779 1032 1806 stiam
1047 1779 1084 1815 (id
1097 1784 1150 1812 est,
1166 1779 1361 1813 humilitatem)
1379 1780 1421 1807 vel
1434 1787 1497 1807 sero
1516 1779 1669 1807 addiscant.

988 1825 1032 1852 εἳ.
1053 1825 1177 1859 Quisque
1198 1825 1352 1852 daemonum
1372 1833 1422 1860 pro
1445 1825 1569 1860 subjecta
1590 1825 1643 1852 sibi
1665 1828 1746 1859 atque

954 1870 1039 1897 indita
1054 1870 1214 1902 idoneitate,
1229 1871 1262 1898 ad
1278 1871 1348 1898 hanc
1366 1871 1475 1898 illamve
1496 1871 1666 1898 inferendam
1688 1875 1747 1897 ten-

954 1916 1088 1943 tationem
1108 1916 1257 1943 ministrat.
1277 1916 1356 1944 Alius
1375 1917 1449 1944 enim
1472 1917 1547 1944 aliud
1568 1916 1688 1943 incendit
1706 1917 1746 1943 vi—

955 1960 1035 1993 tium,
1053 1961 1179 1996 aliusque
1197 1961 1251 1988 alio
1267 1961 1355 1995 palam
1368 1962 1529 1989 sceleratior
1546 1967 1598 1994 est,
1617 1966 1699 1997 atque
1711 1961 1745 1989 ad

955 2007 1008 2034 hoc
1020 2007 1122 2034 illudve
1135 2006 1196 2034 vitii
1213 2015 1299 2042 genus
1319 2008 1406 2043 magis
1423 2008 1549 2035 idoneus.

991 2099 1035 2127 85.
1056 2099 1095 2127 Ne
1118 2099 1169 2134 ipsi
1189 2099 1301 2134 quidem
1324 2100 1473 2131 daemones,
1493 2098 1573 2125 aliter
1592 2106 1674 2132 quam
1697 2097 1747 2127 Dei

956 2144 1150 2181 permissione,
1162 2146 1218 2173 ullo
1231 2145 1313 2172 modo
1323 2145 1433 2172 diabolo
1449 2145 1604 2171 ministrare
1618 2141 1750 2178 possunt,

956 2191 1040 2219 Novit
1055 2191 1130 2218 enim
1146 2191 1217 2218 Deus
1231 2198 1285 2225 qua
1302 2191 1419 2223 ratione,
1437 2198 1490 2224 qua
1504 2198 1552 2224 par
1567 2194 1609 2217 est
1627 2190 1750 2216 elemen-

112 2239 276 2276 λανθρὼπου
292 2238 339 2266 καὶ
353 2238 460 2273 ἀγαθῆς
479 2238 607 2273 προνοίας
628 2238 765 2272 συγχωρεῖ
785 2236 822 2271 τῷ
847 2236 898 2262 δια

959 2237 995 2264 tia
1011 2236 1264 2271 benignissimaque
1280 2236 1456 2271 providentia
1472 2235 1582 2262 diabolo
1597 2235 1749 2269 permittat,

113 2286 186 2321 δόλῳ
202 2285 247 2312 διὰ
259 2285 314 2311 τῶν
326 2284 408 2311 αὑτοῦ
420 2283 566 2319 ὑπουργῶν
577 2303 584 2315 ,
602 2283 651 2314 τὰς
667 2283 709 2318 ἐφ’
724 2279 765 2314 οἷς
784 2282 907 2318 ἡμάρτο-

115 2340 176 2366 μεν,
192 2330 338 2365 διαφόρους
355 2329 490 2356 ποιεῖσθαι
506 2328 641 2364 τιμωρίας
656 2337 662 2343 ’
681 2328 728 2354 καὶ
738 2327 814 2363 δηλοί
826 2328 906 2354 τοῦτο

117 2378 224 2412 σαφῶς,
240 2376 258 2412 ἠ
274 2374 397 2412 περὶτοῦ
413 2375 473 2402 Ἰὼϐ
497 2374 643 2410 συγγραφὴ
659 2374 695 2409 μὴ
709 2373 856 2409 δυνάμενον
867 2373 907 2408 τῷ

120 2423 182 2450 ’1ὼὸ
197 2421 341 2452 παντελῶς
356 2419 543 2455 προσπελάσαι
556 2419 601 2446 τὸν
614 2419 736 2446 διάϐολον
749 2420 907 2454 ἀναγραφο-

115 2470 198 2504 μένη,
214 2468 278 2504 δίχα
287 2467 334 2494 τοῦ
347 2467 419 2494 θείου
437 2465 519 2501 βουλή
524 2473 620 2502 ματος.

151 2554 205 2582 πᾶ.
228 2554 427 2585 Ἐνυπόστατος
456 2554 549 2585 πίστις
579 2553 694 2588 ἑστὶν,ἠ
721 2552 837 2588 ἐνεργὴς
863 2552 911 2578 καὶ

115 2602 289 2638 ιμπρακτος,
302 2601 364 2628 καθ’
384 2602 417 2637 ἢν
431 2602 445 2628 ό
460 2600 508 2628 τοῦ
523 2600 591 2627 Θεοῦ
603 2599 681 2634 λόγος
705 2600 734 2626 ἐν
756 2600 814 2630 τοῖς
842 2607 913 2633 πρα-

115 2648 224 2679 κτικοῖς
242 2648 281 2682 (ui
301 2647 449 2678 δείκνυται,
463 2647 524 2678 ταῖς
541 2645 663 2677 ἐντολαῖς
687 2644 909 2680 σωματοὺμενος,

154 2718 177 2734 ¹¹
189 2718 241 2746 Job
256 2726 275 2751 I,
291 2718 332 2745 l2.

154 2775 164 2785 '
179 2773 222 2802 Cf.
239 2782 286 2810 qu.
302 2774 348 2801 26.
367 2773 402 2800 ad
415 2773 539 2801 Thalass.

154 2833 195 2867 (It)
217 2833 267 2858 Ἐν
280 2832 340 2868 τοῖς
347 2830 665 2868 πρακτικοῖς-,Μείξιιοιί
675 2830 777 2868 ubique
791 2836 907 2868 πρακτις

118 2864 162 2895 κιῖ
176 2864 275 2896 contra
287 2864 480 2903 Θεωρητικοὺς,
491 2867 540 2902 qui
556 2866 661 2894 scilicet
674 2865 786 2893 student
800 2864 913 2896 actioni,

957 2286 987 2308 ut
1015 2289 1065 2315 per
1089 2288 1154 2308 suos
1185 2281 1336 2312 ministros,
1369 2287 1465 2307 eorum
1493 2288 1553 2314 qnxc
1574 2279 1751 2314 peccavimus

956 2328 1047 2363 exigat
1068 2334 1173 2362 ρωπος.
1194 2326 1233 2354 Ac
1259 2326 1403 2360 perspicue
1430 2325 1508 2360 531
1530 2324 1662 2356 declarat,
1689 2332 1751 2358 qua:

958 2374 1118 2408 conscripta
1146 2377 1235 2400 exstat
1268 2372 1329 2400 Jobi
1366 2371 1496 2403 historia;
1525 2378 1578 2405 qua
1610 2370 1750 2397 memoria)

958 2418 1102 2454 proditum
1132 2421 1185 2449 est,
1214 2425 1269 2444 non
1301 2416 1424 2451 potuisse
1450 2415 1590 2443 diabolum
1624 2415 1748 2447 omnino,

959 2468 1141 2498 praeterquam
1173 2461 1219 2488 Dei
1251 2465 1330 2492 nutu,
1354 2459 1454 2487 Jobum
1482 2458 1603 2494 aggredi,
1632 2462 1681 2485 aut
1708 2457 1749 2486 illi

958 2509 1144 2543 propinquare
1163 2506 1198 2534 “.

993 2554 1038 2582 8i.
1062 2554 1145 2581 Fides
1165 2553 1222 2588 ipsa
1241 2560 1307 2579 vere
1326 2551 1473 2583 exsistens,
1490 2549 1587 2577 efﬁcax
1604 2552 1647 2576 est
1659 2552 1687 2576 et
1702 2555 1749 2575 ac-

959 2603 1053 2632 tuosa;
1068 2606 1122 2634 qua
1139 2597 1185 2624 Dei
1199 2604 1299 2628 sermo,
1316 2595 1344 2622 in
1362 2595 1406 2622 his
1421 2593 1468 2629 qni
1491 2594 1628 2621 actionem
1644 2591 1751 2622 colunt,

960 2644 1096 2672 mandatis
1112 2646 1276 2678 corporatus
1293 2640 1410 2676 patescit
1427 2648 1433 2666 :
1455 2647 1506 2674 per
1529 2646 1589 2675 quae
1609 2641 1640 2664 ιιι
1659 2641 1751 2664 sermo

961 2832 988 2855 et
1000 2827 1048 2862 qui
1063 2823 1300 2862 contemplationi.
1327 2823 1401 2862 lfiihil
1418 2821 1601 2862 benc'Piclus;
1624 2819 1693 2862 Dum
1707 2824 1755 2862 νει

967 2855 1107 2898 geruntur,
1125 2855 1227 2898 pateﬁt.
1241 2859 1310 2893 lino,
1326 2858 1359 2886 In
1375 2857 1438 2893 ipsi:
1451 2857 1497 2891 qui
1511 2855 1600 2883 colunt
1611 2855 1752 2887 actionem,
