1951 3076
209 175 279 208 1215

788 172 817 202 S.
839 170 983 202 MAXIMI
1002 169 1256 202 CONFESSORIS

1770 168 1838 201 1Ξὶ6

208 236 240 256 ac
255 228 388 262 Verbum,
404 227 515 256 eosdem
531 228 649 255 actionis
675 227 796 257 cultores
821 229 855 256 ad
880 229 1000 261 Patrem,

1069 231 1086 256 ι’
1105 227 1143 256 ὢν
1156 229 1194 261 ὠς
1211 229 1297 263 Λόγος
1310 227 1379 264 πρὸς
1401 227 1448 255 τὸν
1467 227 1497 254 ἐν
1517 223 1540 261 ᾧ
1568 226 1640 253 κατὰ
1654 225 1736 262 φύσιν
1753 227 1837 260 ἐστὶν,

208 277 236 304 in
252 282 307 310 quo
324 282 373 310 per
389 278 514 301 naturam
524 277 576 306 cst,
592 281 702 301 sursum
716 274 838 303 adducit.

245 320 289 348 85.
308 319 375 347 Viue
389 319 599 347 conversionem
617 320 778 355 cultumque
789 321 954 355 angelicum,
967 327 1000 348 ac

210 369 402 401 spontaneum-
418 365 505 392 animi
525 373 588 392 cum
605 373 721 400 corpore
741 365 903 397 divortium.
926 366 999 394 divi-

174 413 178 417 ”
213 418 307 444 meque
326 410 353 437 in
383 409 480 444 spiritu
506 410 713 438 instaurationis
739 415 841 442 ortum,
861 410 930 437 Novi
949 411 1002 438 Te-

210 455 342 484 stamenti
370 456 516 490 proﬁtetur
544 456 714 491 mysterium.
737 455 890 491 Spiritalem
919 464 1002 491 porro

213 499 453 526 tireumeisionem
467 506 566 526 vocare
580 499 666 527 moris
677 499 827 527 estdivinae
841 500 1000 534 Scriptum,

213 545 287 579 quod
312 545 459 572 libidinosa
484 545 568 572 animi
592 545 626 572 ad
652 553 753 580 corpus
778 545 887 581 ali‘ectio
905 553 1002 581 ampu-

214 595 270 617 ιςιῑιι
276 599 298 618 Γ.

250 637 293 664 86.
310 637 385 664 Deus
401 643 463 664 cum
484 637 573 664 bonus
592 645 624 665 ac
642 637 778 673 benignus
790 636 836 670 sit,
852 637 972 672 malique
987 645 1003 665 a

215 681 297 708 nobis
325 687 408 717 atque
431 682 491 708 vitii
513 689 607 709 semen
628 690 743 717 prorsus
765 682 919 717 exstirpare
937 682 1004 709 velit

217 727 396 762 (voluptatem
421 727 525 755 scilicet
549 735 581 755 ac
604 727 758 760 libidinem,
784 735 845 763 quae
871 736 887 756 a
902 728 1004 761 ,divina

216 772 351 799 charitatc
370 773 491 800 animum
519 773 671 807 subduxit),
694 773 815 806 diabolo,
843 777 874 800 ut
896 774 1004 801 labores

171 843 175 847 ,
218 817 299 844 nobis
313 823 340 845 et
356 819 489 853 supplicia
508 818 617 850 inferat,
629 819 781 854 permittit;
802 828 857 855 quo
873 819 1004 847 nimirum

218 864 300 891 simul
313 872 345 891 ac
359 865 454 896 semel,
475 869 532 892 tum
553 865 612 900 ejus
629 873 690 900 qua:
704 866 860 898 antecessit,
879 866 1005 901 volupta-

219 909 255 935 tis
274 909 350 936 virus
372 917 421 944 per
449 910 558 937 labores
582 910 674 937 animo
691 910 840 945 abstergat,
861 915 918 937 tum
941 918 1006 938 vero
1023 897 1042 926 Β

219 953 365 982 adversum
382 955 463 990 hujus
476 955 525 982 εειιί
547 963 601 987 res,
618 963 649 982 ac
670 963 731 989 quae
749 956 801 983 soli
819 956 913 983 sensui
929 955 1007 983 blan-

219 1001 342 1033 diantur,
369 1001 463 1028 odium
492 1000 574 1027 nobis
601 1001 806 1036 perfectamque
834 1001 1007 1028 abhorrentis

220 1045 305 1071 animi
331 1044 545 1079 displicentiam,
577 1044 697 1079 ingerat;
724 1049 755 1072 ut
782 1052 898 1079 quarunt
930 1052 1007 1075 usus,

220 1095 319 1125 pneter
341 1098 460 1125 poenam,
485 1090 596 1125 majoris
618 1090 685 1117 nihil
710 1091 846 1117 commodi
876 1090 975 1117 habeat
1001 1099 1007 1117 :

222 1135 305 1170 idque
328 1134 438 1161 denunn
456 1142 551 1169 agens,
568 1140 597 1161 ut
612 1134 686 1161 illius
702 1134 795 1166 ultrix,
813 1134 1010 1169 hominumque

222 1179 386 1214 propensior
410 1179 473 1206 odio
502 1179 636 1214 potentia,
661 1179 731 1214 ipsa,
756 1180 826 1206 mala
850 1179 1008 1215 inlligeudo,

221 1225 255 1252 ad
272 1225 413 1257 virtutem,
431 1233 479 1252 eos
498 1225 544 1260 qui
566 1229 662 1260 sponte
688 1225 722 1253 ab
745 1233 777 1253 ea
800 1226 920 1261 prolapsi
944 1226 1009 1258 sint,

223 1275 301 1304 cogat
315 1275 343 1298 et
362 1271 485 1298 redueat.

259 1316 303 1344 87.
322 1317 427 1344 Decens
446 1317 525 1352 plane
541 1325 706 1353 :equumque
728 1322 780 1349 est,
802 1321 832 1344 ut
851 1317 897 1352 qui
914 1325 1012 1352 pravas

224 1361 326 1388 diaboli
341 1362 540 1397 suggestiones,
562 1367 592 1390 ut
607 1367 705 1398 sponte
724 1367 880 1397 peccarent,
895 1363 1012 1390 libentes

224 1407 317 1433 animo
332 1412 525 1442 susceperunt,
547 1408 581 1435 ab
595 1416 630 1436 eo
650 1409 810 1443 puniantur.
832 1409 939 1436 Etenim
955 1409 1013 1436 dia-

225 1452 306 1479 bolus
326 1457 383 1479 tum
407 1461 457 1487 per
482 1454 654 1481 voluntarios
680 1454 794 1482 alfcctus
815 1462 848 1482 ac
871 1455 1013 1489 passiones

224 1498 374 1533 voluptatis
389 1502 463 1525 sator
485 1504 537 1531 est,
558 1503 615 1526 tum
636 1499 741 1527 doloris
755 1507 787 1527 ac
811 1500 950 1528 cruciatus
963 1508 1013 1535 per

225 1544 428 1572 iuvoluntarios
444 1545 567 1572 inﬂictor
582 1551 610 1572 et
623 1551 710 1573 actor.

262 1590 307 1618 88.
327 1590 403 1619 Mens
421 1591 648 1626 contemplationi
669 1592 760 1620 dedita
786 1597 869 1628 atque
892 1594 1014 1628 sapiens,

227 1636 332 1664 idcirco
352 1637 425 1664 haud
447 1645 511 1665 raro
528 1638 674 1673 plectenda
694 1638 804 1666 diabolo
824 1639 951 1672 traditur,
968 1639 1016 1675 qui

224 1680 298 1716 juste
323 1681 348 1708 ei
372 1681 481 1708 labores
498 1689 691 1717 :erumuasque
713 1690 762 1710 seu
781 1682 873 1711 clades
892 1683 1016 1716 inducat,

227 1730 259 1752 ut
274 1725 362 1753 discat
379 1727 465 1762 magis
482 1734 530 1761 per
549 1727 632 1760 mala,
654 1736 715 1762 qua:
737 1728 851 1762 patitur,
876 1729 1016 1764 patienter

228 1770 341 1798 ferendo
363 1779 395 1798 ac
418 1772 581 1800 sustinendo
602 1773 802 1808 philosophari,
820 1782 903 1809 quam
926 1779 957 1802 ut
972 1783 1019 1803 su-

229 1816 345 1851 perﬂue,
375 1817 421 1851 iis,
445 1825 506 1853 qua:
524 1826 579 1845 non
600 1822 675 1852 sunt,
696 1820 892 1854 superbiendo,
916 1829 1018 1849 evane-

228 1866 296 1888 seat.

264 1907 308 1934 89.
335 1907 387 1940 Qui
414 1908 449 1935 ob
475 1908 566 1936 imsam
591 1908 641 1936 Dei
664 1910 779 1945 gratiam
811 1910 925 1945 patitur,
952 1911 1018 1939 dum

229 1952 352 1980 Sanantis
365 1960 428 1980 eum
444 1953 545 1981 divina:
556 1954 739 1988 providentia:
751 1956 888 1984 rationem
901 1964 1015 1991 agnove-

229 1997 277 2030 rit,
291 2002 348 2024 tum
364 1998 437 2025 illata
451 1999 521 2025 mala
538 1999 640 2035 gratias
655 2000 761 2035 agendo
774 2001 875 2035 gaudio
891 2001 1017 2036 suscipit,

231 2048 289 2070 tum
303 2044 382 2080 cujus
395 2044 475 2079 532
493 2045 580 2080 gratia
596 2045 722 2080 punitur,
740 2046 872 2074 delictum
892 2047 1016 2081 corrigit.

230 2087 282 2120 Qui
298 2096 364 2115 vero
379 2089 440 2123 ejus
456 2088 600 2116 medicina:
616 2097 727 2116 sensum
745 2098 800 2117 non
817 2090 942 2125 percipit,
960 2095 1018 2118 tum

231 2141 246 2160 ει
263 2141 393 2161 concessa
408 2134 496 2169 gratia
510 2135 583 2169 juste
599 2139 769 2167 removetur,
791 2140 849 2162 tum
870 2136 1018 2164 libidinum

230 2186 264 2206 ac
282 2179 414 2206 vitiorum
437 2179 595 2206 confusioni
614 2180 744 2213 traditur,
769 2180 798 2207 in
819 2181 872 2207 hoc
893 2181 1019 2208 desertus

1049 275 1144 309 ἀνάγει
1159 275 1269 310 Πατέρα
1281 275 1344 306 τοὺς
1359 273 1537 309 πράττοντας.

1085 324 1138 348 πεη
1151 321 1229 356 Ζωῆς
1243 320 1387 356 μετάθεσιν
1405 320 1453 347 καὶ
1470 319 1598 355 λατρείαν
1613 317 1772 353 ἀγγελικὴν,
1788 317 1839 344 καὶ

1052 367 1122 402 πρὸς
1134 367 1214 401 σῶμα
1227 366 1315 402 ψυχῆς
1330 366 1453 393 ἑκούσιον
1469 365 1658 400 ἀλλοτρίωσιν.
1674 363 1722 391 καὶ
1743 363 1794 398 τῆς
1809 364 1839 389 ἐν

1051 412 1186 448 πνεύματι
1200 412 1276 444 θείας
1291 412 1498 448 μεταποιήσεως
1520 411 1637 445 γένεσιν,
1651 410 1682 437 τὸ
1702 407 1753 445 ἧς
1765 410 1839 442 Νέας

1055 458 1194 494 Διαθήκης
1214 459 1392 493 καταγγέλλει
1418 458 1578 494 μυστήριον.
1603 457 1794 492 Πνευματιχὴν
1811 456 1841 482 δὲ

1052 505 1204 540 περιτομὴν
1231 506 1245 532 ὁ
1268 505 1348 540 λόγος
1372 501 1426 531 οἶδε
1454 503 1557 534 καλεῖν.
1590 503 1639 538 τὴν
1669 503 1718 537 τῆς
1750 504 1841 536 ἐμπα-

1053 549 1116 582 θοῦς
1130 549 1250 585 σχέσεως
1268 550 1338 586 πρὸς
1356 550 1437 584 σῶμα
1454 549 1505 585 τῆς
1520 549 1609 584 ψυχῆς
1620 548 1750 583 ἐκτομὴν.

1089 634 1147 667 σις’.
1171 634 1286 668 ’Δγαθὺς
1303 634 1434 669 ὑπάρχων
1446 634 1461 659 ὁ
1480 632 1564 663 Θεδς,
1582 631 1629 659 καὶ
1651 631 1734 658 θέλων
1763 630 1844 665 ἡμῶν

1054 681 1159 708 ἐκτῐλαι
1174 679 1316 712 παντελῶς
1332 679 1363 706 τὸ
1382 680 1432 714 τῆς
1455 678 1555 710 κακίας
1574 678 1686 713 σπέρμα
1716 677 1766 712 τὴν
1782 676 1845 711 ἡδο-

1055 727 1113 762 νὴν,
1132 726 1181 761 τὴν
1195 725 1241 752 τδν
1252 725 1315 752 νοῦν
1328 725 1379 760 τῆς
1395 724 1470 757 θείας
1485 724 1696 759 ἀποσυλήσασαν
1711 723 1824 757 ἀγάπης
1835 742 1844 753 ,

1056 772 1193 808 συγχωρεῖ
1204 771 1243 806 τῷ
1259 770 1375 806 διαὸόλῳ
1387 770 1484 802 πόνους
1501 771 1567 806 ἡμῖν
1581 769 1628 797 καὶ
1644 769 1779 804 τιμωρίας
1799 769 1851 794 ἐπ-

1056 817 1179 851 αγαγεῖν·
1203 815 1274 842 κατὰ
1292 814 1388 842 ταύτὸν
1408 815 1456 842 καὶ
1471 814 1520 850 τῆς
1537 814 1730 850 ηπρολαϐούτης
1748 813 1846 849 ἡδονῆς

1056 861 1101 888 τὸν
1131 861 1179 893 ξὺν,
1199 860 1244 887 διὰ
1266 860 1322 887 τῶν
1352 860 1441 886 πόνων
1467 859 1516 894 τῆς
1532 858 1622 894 ψυχῆς
1642 857 1784 891 ἀποξέων,
1798 857 1847 884 καὶ

1058 907 1125 944 πρὸς
1139 907 1174 934 τὰ
1188 906 1309 941 παρόντα
1324 906 1370 933 καὶ
1387 906 1472 940 μόνην
1487 905 1536 940 τὴν
1561 904 1687 939 αἴσθησιν
1708 903 1846 935 σαίνοντα,

1059 955 1136 989 μῖσος
1148 954 1214 989 ἡμῖν
1226 953 1273 979 καὶ
1287 952 1393 980 τελείαν
1406 950 1591 981 ἀποδιάθεσιν,
1608 950 1646 982 ὡς
1663 949 1745 985 μηδὲν
1761 958 1847 984 τιμω-

1060 999 1120 1034 ρίας
1134 998 1215 1025 πλέον
1226 998 1266 1029 είς
1282 997 1376 1033 κέρδος
1395 996 1553 1032 κεκτημένα
1576 995 1648 1022 κατὰ
1667 995 1716 1030 τὴν
1735 996 1846 1031 χρῆσιν,

1058 1045 1207 1081 ἐμποιῆσαι
1220 1043 1390 1080 βουλόμενος,
1403 1043 1451 1070 καὶ
1471 1042 1520 1077 τὴν
1536 1042 1641 1068 ἐκείνου
1662 1041 1785 1076 τιμωρὸν
1800 1041 1847 1067 δύ-

1059 1099 1141 1126 ναμιν
1157 1090 1204 1117 καὶ
1223 1089 1426 1125 μισάνθρωπον,
1438 1089 1488 1124 τῆς
1504 1088 1572 1122 πρὸς
1588 1087 1688 1122 ἀρετὴν
1701 1088 1849 1120 ἐπαναγω-

1059 1137 1111 1171 γῆς
1146 1135 1340 1170 περιστατικὴν
1372 1135 1461 1161 αἰτίαν
1494 1132 1660 1169 ποιήσασθαι
1684 1132 1738 1159 τῶν
1762 1132 1849 1167 αὐτῆς

1060 1181 1190 1212 ἑκουσίως
1208 1179 1457 1214 ἀπολισθησάντων.

1096 1321 1150 1353 σις’.
1166 1320 1274 1356 Πρέπον
1286 1320 1345 1347 ἐστὶ
1358 1321 1405 1347 καὶ
1421 1319 1525 1346 δίκαιον
1537 1319 1591 1346 ὑπὸ
1602 1318 1649 1346 τοῦ
1664 1318 1788 1345 διαϐόλου
1803 1326 1852 1344 κο-

1061 1366 1199 1399 λάζεσθαι,
1214 1367 1276 1398 τοὺς
1308 1366 1356 1397 τὰς
1380 1364 1463 1392 αὑτοῦ
1488 1364 1610 1400 πονηρὰς
1635 1363 1777 1398 ὑποθήκας
1794 1362 1852 1389 τῶν

1063 1412 1193 1439 ἑκουσίων
1213 1411 1421 1447 ἁμαρτημάτων
1434 1410 1519 1446 ἡδέως
1533 1409 1706 1445 δεξαμένους.
1724 1409 1778 1435 Καὶ
1796 1409 1853 1443 γὰρ

1063 1458 1109 1484 καὶ
1125 1457 1220 1492 ἡδονῆς
1237 1458 1294 1483 ἐστι
1307 1456 1352 1483 διὰ
1372 1456 1426 1482 τῶν
1441 1456 1574 1482 ἑκουσίων
1589 1455 1685 1483 παθῶν
1701 1454 1818 1489 σπορεὺς
1836 1454 1854 1480 ὸ

1063 1501 1184 1532 διάϐολος
1197 1521 1205 1534 ,
1231 1500 1278 1528 καὶ
1306 1500 1402 1535 ὀδύνης
1434 1499 1480 1527 διὰ
1505 1500 1559 1527 τῶν
1582 1499 1716 1526 ἀκουσίων
1739 1499 1853 1532 ἐπαγω-

1027 1563 1048 1591 c
1065 1547 1140 1581 γεύς.

1102 1593 1159 1624 πην.
1179 1589 1208 1616 Ὀ
1225 1588 1391 1625 θεωρητικδς
1410 1589 1472 1620 νοῦς
1490 1589 1536 1615 καὶ
1552 1587 1712 1622 γνωστικδς,
1727 1586 1796 1622 πρδς
1810 1595 1857 1613 τι-

1068 1634 1175 1669 μωρίαν
1201 1633 1333 1660 ἐκδίδοται
1352 1633 1397 1660 διὰ
1419 1632 1498 1660 τοῦτο
1516 1632 1646 1663 πολλάκις
1667 1631 1707 1666 τῷ
1719 1631 1855 1666 διαϐόλῳ,

1068 1680 1167 1711 πᾶνους
1189 1679 1263 1714 αὐτῷ
1291 1679 1402 1710 δικαίως
1419 1678 1547 1712 ἐπάγοντι
1569 1678 1616 1705 καὶ
1642 1677 1796 1712 συμςςορὰς.
1809 1676 1857 1703 ἴνα

1069 1726 1142 1761 μάθῃ
1168 1725 1281 1760 πάσχων
1309 1724 1373 1759 περὶ
1400 1723 1546 1759 καρτερίας
1572 1722 1672 1758 μᾶλλον
1694 1723 1741 1749 καὶ
1765 1723 1857 1750 πόνων

1068 1770 1207 1806 ὑπομονῆς
1238 1769 1434 1805 φιλοσοφεῖν,ἧ
1461 1768 1587 1804 διακενῆς
1617 1769 1674 1800 τοῖς
1705 1767 1757 1795 οὐκ
1779 1765 1858 1794 οὖσιν

1069 1816 1251 1852 ὑπερηφάνως
1264 1815 1474 1851 ἐμματαιάζειν.

1104 1900 1158 1927 πθ’.
1182 1900 1212 1926 '0
1234 1899 1348 1934 πάσχων
1370 1899 1441 1934 ὑπὲρ
1467 1898 1577 1933 χάριτος
1592 1896 1666 1933 [forL
1684 1896 1756 1932 ὑπὲρ
1780 1896 1859 1928 θείας

1069 1946 1188 1982 ἐντολῆς]
1202 1945 1269 1972 Θεοῦ
1285 1943 1500 1980 παραϐαθείσης,
1518 1943 1565 1970 ἐὰν
1588 1942 1691 1978 ἐπιγνῷ
1705 1943 1754 1977 τῆς
1772 1942 1859 1977 ἰωμέ-

1069 2001 1117 2027 νης
1131 1991 1212 2018 αὑτὸν
1223 1990 1297 2022 θείας
1310 1989 1438 2025 προνοίας
1451 1988 1497 2015 τδν
1510 1988 1588 2023 λόγον
1603 1987 1653 2023 τήν
1666 1996 1695 2014 τε
1713 1987 1861 2022 συμφορὰν

1070 2037 1238 2073 εὐχαρίστως
1268 2036 1375 2070 δέχεται
1401 2034 1514 2070 χαίρων,
1534 2034 1582 2060 καὶ
1595 2033 1645 2069 τὴν
1660 2033 1729 2068 ὑπὲρ
1742 2031 1777 2069 ἦς
1794 2042 1860 2059 παι-

1069 2084 1175 2111 δεύεται
1195 2081 1349 2118 διορθοῦται
1367 2080 1555 2115 πλημμέλειαν
1568 2087 1575 2094 ·
1597 2079 1611 2105 ὁ
1624 2079 1652 2105 δὲ
1667 2079 1771 2113 ταύτης
1783 2079 1859 2105 ἁναιν

1071 2130 1175 2164 σθητῶν
1191 2129 1240 2163 τῆς
1257 2126 1388 2163 ἰατρείας,
1402 2126 1451 2162 τῆς
1469 2135 1500 2153 τε
1521 2125 1645 2158 δοθείσης
1667 2124 1781 2156 ἐνδίκως
1804 2124 1860 2151 ἀπ·

1071 2173 1283 2209 ἀγεταιχάριτος
1296 2172 1343 2198 καὶ
1353 2173 1386 2207 τῇ
1401 2171 1533 2206 συγχύσει
1546 2170 1600 2197 τῶν
1610 2169 1704 2197 παθῶν
1716 2169 1863 2204 παραδίδο-

232 2229 263 2251 ut
286 2224 346 2259 ipso
371 2229 462 2259 patret
480 2233 575 2260 opere,
597 2233 714 2260 quorum
737 2226 829 2254 animo
852 2227 1012 2254 desideriuu

1071 2230 1126 2254 ται,
1144 2220 1212 2256 πρὸς
1237 2220 1286 2255 τὴν
1307 2217 1406 2253 πρᾶξιν
1418 2217 1506 2244 ἐλθεῖν
1518 2216 1806 2252 καταλιμπανόμενος,
1822 2212 1861 2243 ὧν

232 2268 361 2297 habebat.

267 2316 310 2343 90.
328 2316 469 2351 Quisquis,
494 2324 591 2344 eorum
612 2325 673 2352 quze
694 2317 733 2344 illi
753 2317 853 2345 delicta
877 2319 1021 2347 commissa

232 2365 306 2393 sunt,
323 2369 406 2388 sensu
426 2362 572 2395 adductus,
588 2367 696 2398 sponte,
711 2370 764 2397 qua
778 2362 858 2390 decet
870 2364 1021 2398 gratiarum

231 2407 351 2441 actione,
371 2408 502 2435 aerumnis
529 2417 626 2443 graves
652 2408 818 2436 tentationes
842 2417 902 2443 qua:
921 2409 1023 2438 invitos

232 2453 384 2487 excipiunt,
402 2458 432 2480 ut
445 2454 587 2488 suscipiat,
605 2455 632 2481 in
651 2454 773 2481 animum
793 2454 908 2486 inducit,
933 2455 1021 2482 virtu-

233 2498 269 2526 tis
283 2499 379 2526 habitu
397 2504 480 2534 atque
497 2500 584 2534 gratia
598 2507 652 2527 non
671 2500 796 2535 ejicilur;
812 2504 843 2527 ut
857 2500 905 2535 qui
923 2505 1021 2535 sponte

231 2544 305 2579 regis
328 2544 581 2581 Babylonisjugum
605 2546 733 2578 subierit,
764 2554 796 2574 ac
819 2546 895 2574 velut
918 2546 1021 2574 delicto

234 2590 358 2618 facturus
378 2592 446 2619 satis
469 2599 633 2627 pmuamque
651 2592 740 2623 luens,
760 2600 814 2619 nan
833 2592 945 2625 abnuat,
960 2601 1022 2627 qua:

233 2635 273 2663 illi
296 2644 384 2671 paena:
404 2636 562 2664 inferuntur
584 2645 591 2663 :
614 2637 661 2664 sed
690 2636 718 2663 in
739 2636 792 2664 illis
815 2645 939 2669 manens,
964 2637 1020 2672 regi

231 2681 344 2718 quidem
368 2682 515 2718 Babylonis
544 2682 647 2709 tributo
670 2683 750 2709 solvit
774 2683 807 2714 ",
831 2682 966 2709 violentos
988 2691 1021 2710 ex

267 2739 292 2754 "
303 2738 407 2766 Jerem.
423 2745 506 2770 xxv",
524 2738 540 2765 6
554 2744 631 2773 seqq.

233 2804 304 2835 quos
313 2798 416 2835 statim.
428 2798 492 2835 τοὺς
509 2797 678 2835 πράττοντας
692 2799 782 2823 vocat.
803 2794 879 2835 A'libi
886 2793 1019 2834 pluribus

233 2833 353 2864 explicat
366 2833 509 2864 Maximus,
527 2832 587 2859 esse
597 2832 744 2861 actionem,
756 2838 788 2857 ac
797 2832 909 2857 virtutis
922 2836 1017 2863 opera,

236 2864 313 2893 velut
321 2874 422 2901 corpus
444 2867 564 2894 hominis
575 2866 720 2901 spiritalis;
742 2865 832 2900 ipsum
847 2864 1017 2893 intellectum

1071 2267 1232 2298 ἐνδιαθέτως
1250 2264 1306 2301 εἶχε
1319 2265 1367 2300 τὴν
1383 2264 1485 2299 ἔφεσιν.

1106 2313 1141 2348 ιη’.
1159 2314 1216 2344 Πᾶς
1244 2311 1408 2347 ἀνεχόμενος
1442 2309 1572 2340 ἑκουσίως
1595 2310 1627 2335 ἐκ
1652 2309 1700 2343 τῆς
1714 2308 1769 2335 τῶν
1785 2307 1861 2343 αὑτῷ

1071 2358 1273 2396 πεπραγμένων
1286 2356 1499 2391 συναισθήσεως,
1512 2354 1639 2387 δέξασθαι
1649 2355 1698 2385 τὰς
1711 2354 1862 2386 ἐπιπόνους

1070 2406 1124 2433 τῶν
1140 2405 1275 2432 ἀκουσίων
1293 2402 1427 2437 ἐπιφορὰς
1452 2399 1623 2436 πειρασμῶν,
1639 2399 1707 2434 μετὰ
1719 2400 1769 2434 τῆς
1784 2399 1862 2426 δεού-

1074 2461 1123 2487 σης
1144 2449 1329 2485 εὐχαριστίας,
1345 2448 1395 2475 οὐκ
1419 2446 1580 2479 ὲξοικίζεται
1609 2447 1659 2481 τῆς
1681 2446 1742 2471 κατ’
1761 2445 1862 2480 ἀρετὴν

1073 2497 1156 2532 Egerii;
1167 2505 1197 2524 τε
1214 2496 1260 2522 καί
1268 2496 1394 2531 χάριτος,
1410 2494 1447 2525 ὡς
1461 2493 1584 2520 ὑπελθὼν
1599 2493 1730 2523 ἑκουσίως
1753 2493 1800 2519 τὸν
1814 2493 1862 2525 ζυ-

1073 2543 1120 2577 γὸν
1132 2541 1263 2577 βασιλέως
1284 2539 1456 2570 Βαϐυλῶνος,
1473 2539 1520 2564 καὶ
1532 2538 1570 2570 ὡς
1589 2539 1670 2574 χρέος
1703 2538 1861 2569 ἀπστιννὺς,

1073 2588 1122 2619 τὰς
1142 2587 1195 2613 τῶν
1213 2585 1336 2621 βασάνων
1350 2583 1486 2619 ἐπιφορὰς
1502 2583 1717 2618 καταδεχόμενος
1733 2591 1740 2598 ·
1756 2583 1816 2609 ἀλλ’
1833 2585 1863 2610 ὲν

1074 2634 1168 2664 αὐταῖς
1181 2632 1281 2667 μένων,
1295 2630 1366 2657 τελεῖ
1380 2630 1418 2665 τῷ
1431 2629 1480 2664 μὲν
1495 2629 1599 2664 βασιλεῖ
1613 2628 1781 2660 Βαϐυλῶνος,
1799 2629 1863 2659 τοὺς

1075 2683 1107 2708 ἐκ
1118 2681 1164 2708 τοῦ
1176 2678 1298 2712 παθητοῦ
1310 2678 1359 2713 τῆς
1377 2678 1485 2712 φύσεως
1501 2676 1605 2711 βιαίους
1623 2676 1735 2708 πόνους,
1751 2676 1799 2701 καὶ
1812 2674 1864 2710 τὴν

1071 2799 1099 2821 et
1110 2791 1379 2826 contemplationem,
1392 2790 1469 2817 velut
1484 2789 1622 2822 animam,
1640 2795 1701 2823 quae
1714 2796 1744 2816 sc
1764 2794 1862 2816 mutuo

1072 2828 1106 2856 ad
1119 2828 1180 2864 ejus
1196 2825 1393 2862 perfectionem
1407 2825 1558 2861 indigeant.
