1951 3076
129 129 200 161 1217

484 130 651 162 CAPITUM
671 132 882 169 QUINQUIES
902 135 1161 168 CENTENORUM
1181 139 1374 171 CENTURIA
1394 142 1418 172 Ι.

1694 144 1762 178 1213

124 188 168 214 ἐπ’
181 187 275 218 αὐτοῖς
289 187 359 214 κατά
371 187 490 215 διάνοιαν
507 189 544 221 ὡς
555 190 700 225 ὀφειλέτης
714 192 803 218 αὐτῶν
815 192 857 218 διὰ
867 192 909 224 τὰς

969 199 1068 222 natura
1084 197 1189 231 patibili
1206 205 1238 225 ac
1262 199 1393 233 obnoxia,
1410 200 1530 234 labores,
1552 202 1709 239 mentisque
1733 206 1762 232 ln

122 231 314 266 προλαϐοῦσας
344 232 541 269 πλημμελείας,
561 236 761 268 συγκατάθεσιν
778 246 785 251 ·
818 238 858 273 τῷ
887 238 916 265 δὲ

122 276 194 311 θεῷ,
213 277 376 313 προσφέρων
395 279 439 306 διὰ
451 279 579 315 λατρείας
599 281 738 317 ἀληθινῆς,
756 283 806 318 τῆς
823 293 916 311 ταπει-

121 322 171 356 νῆς
184 322 256 356 λέγω
273 323 431 357 διαθέσεως,
442 325 491 361 τὴν
512 326 568 353 τῶν
586 327 824 363 παρημελημένων
843 330 916 366 8th-

122 367 218 395 Θωσιν.

158 462 215 496 ιβ’.
233 464 262 491 '0
272 464 322 500 τὴν
337 465 410 492 κατά
423 466 599 501 συγχώρησιν
609 467 677 495 Θεοῦ
690 469 758 504 πρὸς
770 470 914 505 διόρθωσιν

120 508 296 544 ἑπαγομένην
309 510 383 544 αὐτῷ
396 510 440 538 διὰ
453 511 508 537 τῶν
520 512 655 539 ἀκουσίων
668 514 831 549 πειρασμῶν
843 523 914 550 συμ-

121 554 222 590 φορὰν,
237 555 408 590 εὐχαρίστως
437 556 475 591 μὴ
503 557 720 593 καταδεχόμενος
736 560 783 586 καὶ
804 559 853 595 τὴν
867 560 914 586 ἐπὶ

119 600 161 634 τῷ
171 600 260 626 δοκεῖν
273 599 377 632 δίκαιος
390 599 470 634 εἶναι,
489 604 650 637 μεταγνοὺς,
661 604 710 631 οὐκ
719 605 914 641 ἁποτιθέμενος

120 646 220 680 οἴησιν,
235 645 273 677 ῶς
295 647 352 677 τοῖς
369 645 453 678 θείοις
466 648 520 674 τῶν
542 649 656 676 δικαίων
681 651 824 685 κριμάτων
840 652 914 678 ἀντι-

120 690 229 718 πίπτων
243 690 422 726 θεσπίσμασι.
438 693 486 719 καὶ
499 693 536 729 μὴ
552 695 769 730 καταδεχόμενος
780 697 913 729 ἑκουσίως

120 734 174 760 ὑπὸ
183 734 229 773 τόν
240 734 321 769 ζυγὸν
329 736 454 770 γενέσθαι
468 737 515 764 τοῦ
528 737 660 773 βασιλέως
676 739 835 773 Βαϐυλῶνος
843 742 912 769 κατά

119 780 169 815 τὴν
180 772 256 807 θείαν
266 781 409 817 διαταγὴν,
421 783 461 814 εἰς
469 772 659 819 αἰχμαλωσίαν
671 772 857 822 παραδίδοται’
867 788 913 814 καὶ

119 825 229 858 κλοιοῦς
240 826 287 853 καὶ
299 827 386 863 δεσμά
399 830 446 854 καὶ
458 828 498 855 λοι
503 829 552 864 μὸν
568 831 616 857 καί
630 831 743 859 θάνατον
755 833 802 859 καὶ
814 834 913 868 μάχαι-

969 247 1018 267 eos
1033 248 1208 275 consensum,
1227 247 1358 278 tanquam
1381 252 1479 272 eorum
1498 253 1573 279 reus,
1589 247 1626 275 ob
1641 256 1685 279 ea,
1699 257 1763 283 qua

967 285 1023 320 jam
1044 285 1083 313 illi
1096 287 1198 315 delicta
1212 290 1359 316 commissa
1375 293 1449 323 sunt,
1466 291 1522 318 Deo
1543 297 1636 320 autem
1651 301 1702 328 per
1711 302 1761 323 ve-

969 339 1030 358 rum
1045 333 1151 360 cultum
1173 338 1201 361 et
1214 334 1377 370 obsequium
1396 336 1540 370 (humilem
1557 338 1662 366 scilicet
1676 340 1762 368 animi

968 387 1080 407 sensum
1094 385 1122 408 et
1142 381 1329 416 affectionem)
1348 383 1515 412 delictorum
1534 385 1616 413 offert
1631 388 1763 414 emenda-

969 425 1082 453 tionem.

1003 471 1048 498 9l.
1078 472 1132 506 Qui
1159 474 1390 502 secundum-Dei
1416 475 1615 511 indulgentiam
1644 478 1760 513 ejusque

967 518 1116 551 permissu,
1144 526 1205 553 qua:
1237 519 1409 548 inducuntur
1435 522 1637 550 emendationis
1666 532 1758 556 causa,

967 563 1152 590 tentationum
1178 565 1279 592 invitos
1303 566 1502 601 excipientium
1528 567 1652 600 incursu,
1675 570 1757 603 mala,

966 609 1116 644 gratiarum
1140 611 1248 639 actione
1271 620 1326 639 non
1352 613 1484 648 suscipit,
1510 622 1571 646 nec,
1596 615 1758 650 paenitentia

966 655 1076 688 ductus,
1093 657 1203 684 inanem
1213 658 1372 692 jactantiam
1385 660 1484 694 suique
1500 661 1669 695 opinionem,
1683 661 1758 696 quod

966 701 1019 728 sibi
1032 702 1126 737 justus
1139 703 1274 735 videatur,
1294 704 1419 738 deponit,
1439 709 1569 740 tanquam
1591 707 1638 741 qui
1655 707 1758 734 divinis

962 747 1101 782 justorum
1117 748 1285 783 judiciorum
1302 750 1423 778 decretis
1443 751 1577 786 obsistat;
1592 761 1644 780 nec
1658 758 1757 788 sponte

966 793 994 820 in
1009 793 1131 820 animum
1150 792 1272 827 inducat,
1290 800 1321 823 ut
1333 797 1410 830 juxta
1424 797 1473 824 Dei
1493 798 1665 831 mandatum,
1684 799 1757 834 regis

966 838 1114 874 Babylonis
1130 841 1236 876 sejugo
1250 841 1388 877 subjiciat,
1409 843 1438 870 in
1461 844 1647 878 captivitatem
1668 845 1756 872 tradi—

119 878 183 906 ραν,
195 871 242 898 καὶ
258 872 307 907 τῆς
322 873 390 905 ἰδίας
405 874 545 907 παντελῶς
557 876 730 909 ἀποικίζεται
745 878 807 913 γῆς.
821 880 909 906 Πάντα

965 890 1021 915 tur,
1034 871 1194 921 catenisque
1205 891 1234 914 et
1246 871 1365 915 vinculis
1374 893 1402 915 et
1410 888 1474 915 fami
1492 871 1520 916 et
1529 890 1590 917 neci
1608 890 1755 925 gladioque

118 917 175 952 γὰρ
193 917 291 950 ταῦτα,
304 919 351 945 καὶ
369 920 472 948 τούτων
495 921 605 949 πλείονα
615 942 623 955 ,
640 923 654 949 ό
669 923 720 958 τῆς
735 926 795 951 κατ’
808 926 910 962 ἀρετὴν

118 964 168 990 καὶ
176 964 276 998 γνῶσιν
292 965 330 996 ὼς
343 965 411 997 ἰδίας
421 967 472 1002 γῆς
485 968 686 1004 ὲξοικιζόμενος
696 970 780 1003 ἕξεως
795 972 907 1008 πάσχει·

117 1009 163 1036 διὰ
176 1010 206 1036 τὸ
221 1010 257 1046 μὴ
271 1011 357 1038 θέλειν
369 1012 450 1040 αὑτὸν
467 1014 497 1046 ἐξ
510 1014 700 1050 ὑπερηφανίας
724 1018 772 1044 καὶ
791 1019 909 1053 ματαίας

117 1055 236 1091 οἰήσεως
253 1056 304 1088 τάς
319 1057 364 1091 ἐφ’
375 1056 416 1090 οἷς
434 1059 648 1096 ἐπλημμέλησεν
668 1061 792 1094 ἐκτιννὺς
819 1063 908 1097 δίκας,

117 1101 149 1127 ἐν
165 1100 287 1136 θλίψεσιν
312 1103 458 1139 εὐδοκήσαι
483 1106 531 1132 καὶ
553 1107 687 1141 ἀνάγκαις
710 1108 756 1135 καὶ
779 1118 913 1145 στενοχω-

119 1146 194 1183 ρίαις
211 1147 283 1174 κατὰ
296 1148 342 1174 τὸν
360 1148 432 1175 θετον
453 1150 626 1179 ’Λπόστολον.
640 1153 717 1189 ’ξίδει
728 1154 782 1189 γάρ
794 1155 809 1181 ό
825 1156 912 1190 μέγας

125 1191 297 1224 ’Λπόστολος,
309 1192 478 1230 φυλακτικὴν
485 1195 540 1222 τῶν
553 1197 631 1224 θείων
640 1198 709 1225 κατά
717 1199 805 1234 ψυχὴν
811 1200 913 1235 θησαυ-

119 1237 176 1272 ρῶν
184 1237 369 1272 ὑπάρχουσαν,
379 1241 427 1275 τὴν
435 1241 513 1273 ἐκτὸς
519 1243 583 1278 περὶ
591 1243 621 1269 τὺ
627 1243 706 1279 σῶμα
713 1247 912 1282 συνισταμένην

117 1281 163 1308 διὰ
172 1281 227 1308 τῶν
240 1282 330 1310 πόνων
341 1285 518 1312 ταπείνωσιν·
533 1288 580 1313 καὶ
588 1286 632 1314 διά
640 1287 719 1315 τοῦτο
730 1281 852 1324 στέργων
863 1281 912 1316 ὺπ-

117 1326 211 1362 ἐμενε,
222 1329 267 1354 καὶ
278 1329 321 1355 διὰ
330 1329 436 1363 ἑαυτὸν,
446 1331 492 1357 καὶ
503 1331 565 1363 τοὺς
576 1330 617 1364 οἷς
627 1334 727 1369 ἀρετῆς
735 1335 781 1361 καὶ
794 1335 912 1368 πίστεως

117 1373 262 1407 προέκειτο
279 1374 372 1407 τόπος-
385 1375 427 1403 ἴνα
435 1376 487 1403 κᾶν
501 1377 539 1409 ὡς
548 1378 694 1406 ὑπεύθυνοι
704 1381 829 1415 πάσχωσι
841 1382 912 1408 κατά

117 1420 164 1447 τὸν
188 1422 386 1457 ἐπιτιμηθέντα
410 1424 564 1459 Κορίνθιον,
593 1426 633 1456 εἰς
647 1427 818 1462 παρηγορίαν
829 1427 911 1463 ἔχωσι

117 1467 165 1493 καὶ
192 1467 330 1503 ὑπομονῆς
347 1469 463 1504 μίμησιν
477 1470 522 1496 τὸν
536 1471 690 1504 ἀνευθύνως
708 1474 857 1508 πάσχοντα.

964 930 1112 963 addicitur,
1141 936 1224 967 atque
1249 934 1363 962 omnino
1393 935 1481 969 patria
1506 935 1674 971 sedibusque
1697 937 1755 964 suis

964 976 1084 1011 ejicitur.
1095 976 1159 1005 Hmc
1176 978 1250 1005 enim
1262 979 1366 1012 omnia,
1384 985 1467 1014 atque
1483 979 1526 1007 his
1541 981 1619 1016 plnra
1637 982 1754 1016 patitur,

963 1023 1010 1056 qui
1026 1022 1102 1050 velut
1111 1027 1182 1050 terra
1193 1031 1253 1055 sua,
1263 1024 1376 1052 virtutis
1384 1025 1560 1060 scientiaeque
1571 1026 1667 1053 habitu
1679 1027 1755 1054 able-

961 1071 1060 1101 gatur;
1075 1067 1148 1102 quod
1161 1068 1291 1096 nimirum
1305 1077 1362 1104 pra;
1374 1070 1514 1104 superbia,
1536 1070 1666 1105 inanique
1681 1071 1751 1098 fastu

962 1121 994 1140 ac
1013 1114 1157 1149 jactantia,
1172 1119 1350 1149 peccatorum
1374 1116 1456 1144 luens
1482 1124 1587 1151 punias,
1610 1118 1679 1145 nolit
1700 1117 1754 1145 sibi

959 1159 1038 1194 juxta
1055 1159 1179 1190 divinum
1202 1159 1366 1195 Apostolum
1392 1161 1413 1177 "
1438 1161 1465 1188 in
1483 1161 1710 1189 tribulationibus
1725 1167 1755 1189 et

962 1205 1175 1233 necessitatibus
1199 1209 1226 1233 et
1248 1206 1382 1240 angustiis
1411 1206 1530 1241 placere.
1556 1214 1606 1234 seu
1635 1206 1700 1233 boui
1725 1210 1754 1234 et

962 1251 1033 1285 :equi
1054 1251 1113 1278 brec
1125 1251 1237 1279 ducere.
1250 1251 1306 1279 Nec
1322 1252 1397 1279 enim
1421 1252 1524 1279 latebat
1536 1259 1665 1287 magnum
1680 1252 1753 1286 Apo-

963 1295 1078 1327 stolum,
1093 1303 1154 1330 qum
1173 1296 1297 1324 exterius
1312 1296 1385 1323 circa
1402 1303 1502 1332 corpus
1519 1297 1569 1332 per
1579 1297 1688 1324 labores
1702 1297 1754 1324 bu-

963 1339 1065 1367 militas
1084 1340 1230 1372 conﬂatur,
1249 1340 1388 1376 ejusmodi
1407 1348 1478 1374 csse,
1496 1346 1525 1368 ut
1543 1349 1593 1376 per
1604 1349 1664 1368 eam
1680 1341 1752 1368 divi-

962 1385 1006 1413 nis
1022 1385 1050 1412 in
1067 1386 1160 1413 animo
1189 1386 1327 1413 thesauris
1349 1386 1436 1421 probe
1463 1391 1604 1414 caveatur.
1629 1387 1753 1421 Eamque

962 1431 999 1457 ob
1013 1438 1069 1457 rem
1084 1431 1172 1457 libens
1188 1431 1353 1463 sustinebat,
1371 1436 1429 1458 tum
1442 1432 1484 1458 sui
1508 1431 1566 1466 ipse
1583 1432 1680 1466 gratia,
1694 1437 1754 1468 lunt

962 1482 1059 1502 eorum
1082 1475 1184 1510 quibus
1207 1475 1320 1502 virtutis
1345 1483 1375 1502 ac
1395 1475 1459 1502 ﬁdei
1475 1483 1573 1502 norma
1594 1476 1754 1511 propositus

116 1516 195 1545 erat;
213 1517 243 1540 ut
257 1514 300 1541 vel
319 1522 430 1542 reorum
450 1523 527 1544 more
543 1517 690 1552 patientes,
702 1519 778 1546 velut
794 1520 840 1547 ille
855 1520 1016 1548 Corinthius
1045 1521 1069 1536 “
1101 1521 1194 1548 multa:
1225 1521 1355 1549 addictus
1373 1525 1456 1556 atque
1479 1521 1603 1556 punitus,
1624 1522 1752 1549 consola-

116 1560 203 1588 tionis
212 1566 374 1596 argumento
387 1563 604 1600 mmulanquue
620 1566 760 1600 patientiae
776 1574 840 1594 eum
857 1566 1002 1599 haberent,
1016 1567 1095 1602 533
1111 1567 1158 1602 qui
1172 1571 1199 1594 et
1209 1567 1304 1594 insons
1321 1567 1489 1602 patiebatur.

154 1607 207 1643 νβ’.
230 1608 261 1635 ⁸0
279 1608 316 1644 μὴ
338 1610 395 1642 τοῖς
408 1614 530 1647 σχήμασι
547 1615 601 1641 τῶν
614 1613 720 1649 ὁρατῶν
734 1613 908 1648 ἐναπομένων
922 1616 943 1644 C

116 1654 160 1680 διὰ
173 1654 223 1689 τὴν
243 1654 380 1690 αἴσθησιν,
396 1656 465 1684 ἀλλά
479 1658 549 1685 κατὰ
560 1658 622 1685 νοῦν
637 1659 699 1690 τοὺς
714 1658 810 1693 λόγους
820 1658 910 1685 αὐτῶν

117 1699 271 1734 ἀναζητῶν,
285 1700 323 1733 ὡς
337 1701 440 1737 νοητῶν
454 1702 557 1735 τύπους
571 1703 607 1739 (υ)
623 1704 639 1739 ἢ
654 1703 752 1738 λόγους
772 1704 910 1739 αἰσθητῶν

116 1744 255 1781 θεώμενος
277 1748 446 1782 κτισμάτων,
475 1749 552 1776 οὐδὲν
579 1750 735 1786 ἀκάθαρτον
762 1749 832 1777 εἶναι
855 1751 910 1777 τῶν

115 1791 265 1826 ὁρωμένων
280 1792 436 1821 διδάσκεται
450 1801 458 1810 ·
477 1795 566 1822 πάντα
583 1795 638 1831 γὰρ
653 1795 733 1830 φύσει
756 1796 826 1823 καλά
849 1796 909 1823 λίαν

116 1838 297 1874 καθέστηκεν.

153 1886 208 1919 ta’.
227 1887 236 1897 '
255 1887 284 1912 ’0
295 1888 327 1923 τῇ
340 1889 447 1924 κινήσει
462 1887 516 1915 τῶν
528 1889 666 1925 αἰσθητῶν
682 1890 720 1926 μὴ
738 1891 908 1918 συναλλοιοὺ-

117 1939 209 1966 μενος,
225 1932 371 1967 ἀκίϐδηλον
380 1933 429 1970 τὴν
439 1934 494 1961 Ιτῶν
508 1935 613 1969 ἀρετῶν
625 1936 786 1971 μετέρχεται
798 1937 906 1972 πρᾶξιν.

122 1976 152 2004 Ὀ
167 1977 195 2004 δὲ
206 1979 263 2009 τοῖς
280 1979 369 2006 αὐτῶν
388 1980 510 2015 σχήμασι
527 1980 565 2016 μὴ
587 1981 760 2013 διατυπώσας
774 1982 819 2008 τὸν
833 1982 906 2014 νοῦν,

115 2023 166 2059 τὴν
189 2024 277 2060 ἀληθῆ
303 2025 358 2052 τῶν
388 2026 472 2054 ὄντων
498 2027 633 2062 ἀπείληφε
654 2028 744 2061 δόξαν.
770 2029 799 2056 '0
817 2029 844 2055 δὲ
862 2030 908 2056 καὶ.

115 2069 203 2105 αὐτὴν
219 2070 267 2105 τὴν
280 2071 374 2097 οὐσίαν
384 2071 439 2098 τῶν
449 2072 533 2099 ὄντων
543 2073 576 2108 τῇ
590 2073 695 2108 διανοίᾳ
706 2073 906 2109 παραδραμὼν,

115 2116 154 2147 ὡς
182 2116 294 2150 ἀριστος
318 2117 452 2152 θεσλόγος,
480 2118 551 2154 μετά
577 2118 680 2154 ταύτην
704 2119 850 2154 ἁγνώστως
873 2122 906 2156 τῇ

116 2161 212 2196 μονάδι
223 2171 242 2187 π
246 2163 387 2197 ροσέὓαλε.
417 2196 419 2198 η

151 2250 202 2284 ιιδν.
222 2251 241 2261 ’⁸
258 2251 315 2283 Πᾶς
330 2252 495 2289 θεωρητικὸς
511 2253 583 2286 νοῦς,
601 2253 671 2289 ἔχων
692 2254 743 2289 τὴν
769 2254 907 2290 μάχαιραν

113 2295 162 2322 τοῦ
176 2297 342 2332 πνεύματος,
358 2299 372 2325 ὅ
389 2299 447 2325 ἐστι
460 2300 536 2335 ῥῆμα
551 2299 629 2331 Θεοῦ,
642 2301 670 2326 ὲν
680 2300 770 2336 ἑαυτῷ
781 2301 829 2336 τῆς
841 2309 904 2335 φαι-

113 2342 234 2378 νομένης
253 2343 368 2376 κτίσεως
392 2345 556 2377 ἀποκτείνας
579 2345 628 2382 τὴν
656 2346 773 2383 κίνησιν,
796 2347 905 2382 κατώρ-

114 2389 204 2416 θωσεν
220 2390 322 2425 ἀρετήν
337 2398 344 2405 ·
365 2391 413 2417 καὶ
425 2390 480 2418 τῶν
496 2391 633 2427 αἰσθητῶν
647 2392 796 2428 σχημάτων
807 2393 904 2419 ἑαυτοῦ

112 2435 165 2470 τὴν
188 2436 341 2469 φαντασίαν
363 2436 520 2472 ἀποτεμὼν,
542 2436 593 2473 τὴν
618 2438 648 2464 ὲν
669 2439 726 2470 τοῖς
750 2438 839 2472 λόγοις
850 2439 905 2465 τῶν

150 2512 174 2529 ³³
189 2512 212 2539 ll
225 2512 289 2539 Cor.
307 2496 388 2545 νιίζ.
427 2513 450 2529 ’λ
476 2507 563 2541 lCor.
580 2522 606 2547 ν,
622 2515 647 2542 5.
687 2515 709 2532 "
725 2515 792 2544 Gen.
809 2524 828 2549 ι,
844 2516 888 2544 51.
927 2517 949 2533 “7

146 2582 156 2591 η
170 2580 212 2608 cr.
229 2581 271 2608 Ad
291 2581 368 2609 Thai.
384 2591 412 2618 α.
429 2583 476 2614 28.

149 2650 185 2686 (υ)
204 2650 406 2688 Τοὺς-λόγους
432 2653 530 2680 αὐτῶν
545 2654 708 2688 ἀναζητῶν,
735 2655 774 2687 ὡς
787 2655 903 2688 νοητῶν

113 2686 230 2723 rigatque
247 2693 253 2699 ·
270 2685 370 2723 Eorum
385 2693 471 2714 mente
481 2690 595 2723 exquirit
613 2685 743 2722 rationes,
756 2685 784 2716 ut
799 2685 905 2717 intelle-

87 2745 91 2749 ,
114 2720 244 2760 ctibilimn
262 2721 370 2755 formas.
391 2723 434 2760 Est
447 2720 594 2760 sensilibus
615 2725 700 2756 enim,
719 2720 758 2753 sic
773 2725 902 2760 spiritali-

117 2760 160 2782 ter
172 2755 253 2795 lectis
265 2763 362 2795 eorum
384 2758 548 2795 rationibus,
574 2760 743 2794 assurgimus
758 2755 795 2788 ad
807 2761 898 2795 νοητὰ,

115 2798 158 2830 res
180 2790 315 2826 spiritales
337 2796 362 2830 et
376 2800 444 2830 qum
455 2793 512 2820 sola
530 2799 616 2830 mente
630 2790 823 2830 intelliguntur.
839 2790 902 2823 Ητεὲ

115 2825 196 2853 Picus
212 2833 324 2861 pzorsus
336 2825 516 2863 ἀφιλοσόφως.
531 2828 583 2856 Sed
601 2838 653 2864 qua
668 2830 698 2857 de
710 2825 749 2858 Ιῖἱε
760 2831 883 2858 dicuntur
894 2852 901 2865 ,

996 1614 1040 1641 92.
1056 1614 1108 1647 Qui
1122 1621 1220 1641 sensus
1239 1613 1365 1645 libidine,
1379 1621 1472 1640 rerum
1486 1614 1638 1642 visibilium
1657 1614 1753 1650 ﬁguris

961 1666 1017 1686 non
1033 1659 1207 1692 immoratur,
1229 1659 1277 1686 sed
1298 1667 1394 1686 earum
1413 1663 1505 1686 mente
1521 1660 1641 1687 rationes
1655 1668 1751 1695 exqui-

960 1704 1007 1736 rit,
1029 1709 1159 1739 tanquam
1184 1705 1231 1739 qui
1249 1704 1452 1732 intellectilium
1469 1704 1580 1737 formas,
1602 1709 1650 1732 aut
1663 1706 1751 1734 sensi-

960 1749 1027 1777 lium
1041 1754 1198 1777 creatorum
1214 1749 1337 1776 rationes
1351 1753 1526 1782 contueatur,
1549 1750 1620 1777 nihil
1640 1750 1667 1777 in
1694 1750 1751 1778 illis

959 1803 1020 1831 qua:
1037 1797 1126 1823 oculis
1150 1802 1326 1830 usurpamus.
1349 1795 1522 1822 immundum
1546 1803 1607 1823 esse
1623 1796 1748 1824 docetur.

958 1841 1064 1869 Cuncta
1078 1841 1152 1869 enim
1169 1845 1269 1868 natura
1283 1840 1362 1868 valde
1377 1840 1449 1868 bona
1465 1841 1603 1869 exsistunt
1619 1841 1652 1868 ".

993 1887 1038 1914 95.
1054 1886 1106 1920 Qui
1117 1894 1171 1914 una
1185 1894 1246 1914 cum
1264 1894 1355 1913 rerum
1368 1887 1512 1914 sensilium
1528 1893 1605 1914 motu
1617 1895 1672 1914 non
1686 1895 1748 1914 mu-

958 1936 1042 1965 tatur,
1060 1933 1165 1960 aliusve
1186 1939 1221 1960 ex
1243 1932 1298 1959 alio
1317 1932 1448 1964 efﬁcitur,
1467 1932 1489 1960 is
1502 1940 1595 1960 veram
1613 1933 1747 1961 virtutum

958 1977 1097 2004 actionem
1120 1977 1198 2004 colit.
1215 1976 1268 2009 Qui
1282 1984 1350 2004 vero
1364 1984 1460 2004 eorum
1479 1977 1573 2013 ﬁguris
1587 1978 1679 2005 animo
1690 1987 1746 2007 non

957 2024 1101 2057 formatur,
1117 2032 1211 2052 veram
1232 2024 1267 2051 de
1286 2023 1370 2051 rebus
1388 2029 1488 2052 nactus
1509 2028 1552 2052 est
1575 2025 1747 2059 opinionen'.

957 2071 1009 2104 Qui
1029 2076 1121 2098 autem
1139 2071 1226 2106 ipsam
1246 2079 1339 2098 rerum
1359 2071 1506 2097 essentiam
1527 2071 1622 2098 subtili
1645 2071 1747 2099 intelli-

957 2118 1049 2153 gentia
1059 2122 1270 2153 praztergressus
1288 2121 1341 2150 est,
1359 2121 1488 2151 tanquam
1500 2117 1621 2151 optimus
1638 2117 1746 2158 theolo—

957 2172 1018 2200 gus,
1038 2164 1128 2199 ignota
1148 2164 1254 2192 ratione
1275 2163 1321 2191 illa
1345 2166 1486 2198 superata,
1500 2163 1622 2190 animum
1645 2163 1744 2190 unitati

957 2210 1067 2245 adjecit.

994 2257 1038 2285 94.
1058 2257 1134 2284 Mens
1157 2257 1250 2284 omnis
1270 2257 1504 2293 contemplatione
1527 2261 1666 2292 provecta,
1687 2256 1746 2291 gla-

958 2303 1036 2331 dium
1054 2303 1169 2338 spiritus
1181 2303 1297 2334 habens,
1316 2304 1390 2338 quod
1409 2308 1451 2331 est
1465 2303 1582 2330 verbum
1598 2303 1647 2330 Dei
1665 2303 1698 2334 ³⁴,
1717 2302 1745 2329 in

956 2356 986 2376 se
1004 2349 1063 2384 ipsa
1079 2353 1222 2384 perempto
1236 2352 1370 2376 creaturae
1381 2349 1471 2376 oculis
1487 2348 1642 2383 conspicua:
1656 2352 1743 2378 motu,

956 2394 1088 2421 virtutem
1105 2394 1204 2428 adepta
1221 2398 1281 2427 est;
1304 2394 1503 2430 sensiliumque
1520 2395 1669 2430 ﬁgurarum
1682 2402 1697 2421 a
1713 2402 1744 2422 se

957 2439 1077 2467 abscissa
1098 2439 1275 2474 cogitatione,
1298 2439 1326 2466 in
1349 2447 1442 2467 rerum
1459 2440 1612 2468 rationibus
1626 2440 1744 2475 positam

965 2516 1065 2551 Ephes.
1078 2525 1114 2547 γι.
1127 2517 1171 2544 l7.

1023 2585 1124 2613 Eadem
1144 2586 1252 2614 iterum.

955 2660 984 2682 ut
998 2655 1217 2692 intellectualium
1239 2657 1317 2692 typis.
1331 2656 1554 2684 Intellectualium
1571 2657 1671 2691 νοερῶν
1687 2663 1742 2691 est,

955 2691 1014 2718 sive
1036 2691 1181 2722 mentium,
1194 2691 1312 2727 νοητῶν,
1329 2700 1420 2719 eorum
1435 2701 1494 2727 quo:
1511 2692 1542 2719 ab
1564 2692 1618 2720 illis
1641 2693 1741 2720 intelli-

955 2730 1064 2760 guntur,
1092 2733 1124 2753 ac
1150 2726 1344 2754 velut'eorum
1368 2726 1446 2755 cibus
1463 2732 1544 2760 sunt,
1572 2727 1611 2755 uti
1628 2728 1742 2760 expernit

954 2761 1066 2803 Dionys.
1083 2761 1129 2788 Sic
1146 2766 1236 2789 tamen
1258 2763 1357 2803 passim
1373 2761 1741 2803 interpreteseonfundunt:

955 2797 1100 2831 superiora
1115 2804 1198 2829 vero,
1215 2805 1296 2824 nemo
1314 2797 1351 2825 ita
1368 2798 1463 2828 reddat
1476 2803 1504 2826 u-t
1520 2799 1610 2831 Picus,
1625 2798 1673 2832 qui
1689 2805 1741 2824 nco

954 2839 1080 2859 errorem
1093 2838 1151 2866 seq.
1170 2839 1229 2867 cap.
1245 2833 1370 2861 mutavit.
