1951 3076
100 98 167 132 1221
448 101 615 132 C.\PITUM
634 102 845 139 QUINQUIES
863 103 878 134 ε

936 103 1123 135 TENORUM
1140 104 1334 136 CENTURIA
1354 106 1397 137 II.
1657 104 1727 141 1222

95 157 181 190 τύπος
207 156 288 184 ἐστί·
313 157 349 184 δι’
375 152 413 184 ὧν
433 159 481 184 καὶ
509 158 596 193 αὐτῆς
620 158 814 195 προκρίνοντες
841 160 878 187 τδι

938 168 1005 188 nuru
1026 169 1149 189 amorem
1179 162 1371 196 pmferentes,
1398 166 1497 197 sponte
1522 163 1548 190 in
1572 163 1637 192 vita:
1660 164 1725 192 mali

97 204 170 230 ὕειον
192 204 276 231 πόθον
297 203 348 238 τῆς
366 203 483 239 φύσεως,
505 204 614 236 ἑκόντες
631 205 678 231 τὸν
693 206 878 241 περιστατικδι

939 207 1116 243 adversisque
1131 209 1250 244 positam
1263 212 1370 236 natura:
1381 211 1497 237 mortem
1511 210 1689 239 sustinemus.

95 247 273 283 ὑπερχόμεθα
290 248 339 284 τῆς
355 247 462 283 φύσεως
477 247 602 276 Θάνατον.

133 296 168 328 ρ’.
186 292 296 329 Ταύτην
308 293 426 329 ἓχειτὴν
438 293 568 329 διαφορὰν
592 294 623 321 τὸ
651 294 792 330 βάπτισμα
816 295 883 331 πρὸς

94 339 127 365 τδ
153 339 304 374 ποτήριονο
324 339 364 365 ὅτι
389 339 420 365 τὸ
446 337 495 375 μὲν
513 339 666 375 βάπτισμα,
687 341 758 376 ὑπὲρ
781 341 883 377 ἀρετῆς

95 385 166 421 πρὸς
180 385 214 411 τὰ
230 385 296 421 ἡδέα
310 384 358 412 τοῦ
375 385 434 419 βίον
448 385 548 421 νεκρὰν
564 385 711 421 ἐργάζεται
727 386 776 422 τὴν
788 387 883 422 προαί-

96 439 173 465 ρεσιν
188 439 196 446 ·
215 432 246 458 τὸ
277 431 306 458 δὲ
334 431 479 467 ποτήριον,
503 432 552 467 τὴν
575 432 704 467 ἀλήθειαν
725 433 773 460 καὶ
799 433 884 468 αὐτῆς

97 477 253 512 προκρίνειν
268 477 356 504 πείϊει
371 478 421 512 τῆς
433 477 540 512 φύσεως
553 479 613 510 τεὺς
629 478 761 510 εὐσεϐεῖς.

280 590 352 617 ΕΚΛ
359 591 499 624 ΤΟΝΤΑΣ
512 592 557 618 ΔΕ
562 592 689 619 ΥΤΕΡΑ.

131 645 166 674 α’.
185 645 321 682 Πρότερον
338 646 384 672 τοῦ
403 646 589 683 βαπτίσματος
603 648 680 676 ἔθετο
693 649 723 676 τὸ
744 651 882 686 ποτήριον,

975 297 1034 325 100.
1049 297 1188 332 Baptisma
1203 298 1276 326 inter
1295 302 1324 326 et
1344 299 1456 326 calicem
1473 299 1526 326 hoc
1541 300 1635 333 refert,
1651 301 1726 335 quotl

937 342 1082 377 baptisma,
1099 343 1211 370 virtutis
1221 351 1315 377 causa,
1333 343 1367 371 ad
1384 344 1559 372 delectabilia
1579 344 1642 372 vita:
1650 346 1725 379 quod

937 389 1047 421 attinet,
1064 389 1234 417 voluntatem
1256 395 1410 418 emortuam
1433 391 1543 418 reddit:
1563 391 1634 418 calix
1649 399 1725 422 vero.

938 438 968 461 ut
979 435 1027 461 Dei
1043 434 1165 462 cultores
1180 434 1230 470 ipsi
1245 443 1356 471 quoque
1372 441 1478 464 natura:
1494 436 1639 464 veritatem
1655 444 1726 472 pra:-

937 480 1037 515 ferant,
1058 485 1154 509 auctor
1167 482 1284 510 exsistit.

1133 597 1336 626 CENTENARI
1340 598 1382 626 US
1406 598 1529 626 ALTER.

972 654 998 681 1.
1014 654 1137 682 Priorem
1158 654 1323 690 baptismate
1348 655 1463 683 calicem
1488 655 1581 690 posuit
1603 656 1636 688 ",
1652 655 1726 691 quod

92 694 134 720 ὅτι
151 692 197 719 διὰ
211 692 261 727 τὴν
274 692 403 727 ἀλήθειάν
423 694 497 720 ἐστιν
511 695 528 729 ἠ
546 694 642 730 ἀρετὴ,
662 696 718 722 ἀλλ’
730 696 761 722 οὐ
776 696 819 723 διὰ
835 696 878 731 τὴν

936 700 1069 727 nimirum
1084 700 1174 727 virtus
1188 705 1301 735 propter
1317 701 1474 734 veritatem,
1492 706 1520 729 at
1537 710 1591 729 non
1614 708 1726 737 propter

91 738 194 774 ἀρετὴν
213 739 230 773 ἡ
242 737 366 773 ἀλήθεια.
385 738 468 765 Ὅθεν
492 740 507 766 ὁ
526 740 569 767 διὰ
588 741 637 776 τὴν
653 741 782 776 ἀλήθειαν
797 741 878 777 πράτ-

936 745 1068 774 virtutem
1093 747 1196 774 veritas
1227 747 1274 774 sit.
1301 746 1353 780 Qui
1381 747 1465 782 igitur
1491 748 1616 776 veritatis
1642 756 1725 776 causa

91 794 147 812 των
159 785 209 819 τὴν
221 785 332 820 ἀρετὴν,
345 784 499 817 κενοδοξίας
512 784 543 812 οὺ
555 787 738 822 τιτρώσκεται
755 788 860 823 βέλεσιν
873 796 878 803 ·

936 793 1037 821 virtute
1052 792 1188 828 fungitur,
1205 791 1299 819 inanis
1317 792 1410 827 gloriae
1429 793 1531 828 jaculis
1553 801 1608 821 non
1626 795 1726 822 vulne-

90 831 105 857 ὸ
115 831 145 857 δὲ
156 830 206 866 τὴν
218 830 346 865 ἀλήθειαν
357 830 460 866 ἀρετῆς
474 830 567 858 ἕνεκεν
584 832 763 868 ἐπιτηδεύων,
790 833 881 860 σύνοι-

91 886 140 904 κον
156 877 213 912 ἔχει
223 876 272 911 τῆς
283 876 436 909 κενοδοξίας
447 877 497 912 τὴν
510 877 609 913 οἴησιν.

127 975 161 1010 β’.
190 975 334 1011 ’Δλὴθειαν
352 974 403 1008 μὲν
423 973 492 1002 εἶναι
506 975 591 1009 λέγει,
608 976 647 1012 (ν)
659 976 710 1011 τὴν
722 976 796 1004 θείαν
811 976 882 1011 γνῶ-

91 1030 135 1048 σιν
151 1029 158 1035 ·
177 1021 279 1056 ἀρετὴν
294 1020 333 1054 δὲ,
353 1022 416 1053 τοὺς
434 1021 504 1056 ὑπὲρ
517 1021 645 1056 ἀληθείας
661 1022 715 1049 τῶν
731 1022 881 1057 ἐφιεμένων

90 1068 177 1102 αὐτῆς
203 1068 322 1101 ἀγῶνας.
346 1067 376 1095 '0
396 1067 486 1094 τοίνυν
505 1069 633 1102 γνώσεως
652 1069 757 1101 ἕνεκεν,
779 1069 881 1105 ἀρετῆς

90 1113 237 1147 ὑπομένων
255 1113 363 1147 πόνους,
380 1114 411 1140 οὐ
429 1114 572 1147 κενοδοξεῖ,
586 1114 728 1148 γινώσκων
744 1116 881 1151 ἀπερίλη-

93 1167 157 1185 πτον
181 1156 251 1185 εἶναι
277 1159 357 1193 φύσει
375 1160 434 1189 τοϊς
463 1159 555 1190 πόνοις
575 1159 624 1194 τὴν
653 1160 801 1195 ἀλήθειαν·
824 1162 881 1192 τοῖς

89 1204 228 1240 δευτέροις
253 1204 306 1240 γὰρ
334 1205 365 1231 οὺ
383 1204 586 1239 περιγράφεται
603 1205 684 1239 φύσει
706 1205 735 1231 τὺ
760 1206 878 1241 πρῶτον.

95 1251 126 1277 'U
139 1251 168 1277 δὲ
186 1251 236 1286 τὴν
250 1251 351 1283 γνῶσιν
367 1250 412 1277 διὰ
426 1251 488 1282 τοὺς
504 1251 573 1286 ὑπὲρ
589 1251 674 1285 αὐτῆς
692 1252 802 1285 ἀγῶνας
819 1252 879 1278 ἐπι-

89 1296 221 1333 τηδεύων.
240 1297 349 1328 πάντως
363 1297 500 1330 κενόδοξος
513 1297 550 1328 ὡς
562 1297 702 1332 εἰληφέναι
714 1298 800 1324 δοκῶν
817 1298 880 1329 τοὺς

91 1342 241 1375 στεφάνους
258 1342 311 1378 πρὸ
332 1342 387 1369 τῶν
412 1342 540 1377 ἱδρώτων·
555 1343 605 1369 οὐκ
617 1342 694 1374 εἰδὼς
706 1343 747 1369 ὅτι
761 1344 804 1370 διὰ
817 1343 880 1375 τοὺς

90 1387 241 1421 στεφάνους
253 1387 279 1414 οἱ
300 1388 385 1421 πόνοι,
401 1388 458 1414 ἀλλ’
472 1388 503 1414 οὐ
524 1387 568 1414 διὰ
582 1389 646 1420 τοὺς
665 1388 762 1420 πόνους
775 1390 800 1415 οἱ
818 1389 878 1415 στέ-

91 1440 171 1466 ῳανοι
183 1441 190 1448 ·
208 1432 288 1467 φύσει
298 1433 352 1469 γὰρ
370 1433 536 1468 ἀμελέτητος
556 1434 631 1460 πᾶσα
649 1433 800 1469 καθέστηκε
816 1434 880 1469 μέο-

936 842 1015 864 ratur
1032 846 1039 864 :
1057 837 1104 871 qui
1125 842 1218 864 autem
1239 837 1352 864 virtutis
1373 845 1457 865 causa
1479 838 1623 865 veritatem
1648 839 1726 872 colit,

935 882 1027 911 inanis
1043 883 1136 918 gloria:
1154 882 1383 910 contubernalem
1404 883 1490 910 animi
1505 883 1653 912 elationem
1675 886 1726 912 ha-

934 929 981 957 bet
996 930 1093 965 suique
1105 937 1202 957 vanam
1216 929 1460 957 existimationem.
1587 952 1589 954 .

968 975 996 1002 2.
1014 975 1166 1003 Veritatem
1190 975 1312 1010 quidem,
1337 975 1458 1003 divinam
1479 976 1622 1004 scientiam
1645 976 1726 1012 535

934 1029 995 1050 esse
1019 1022 1087 1049 dicit
1112 1030 1119 1048 :
1146 1021 1279 1049 virtutem
1301 1029 1384 1054 vero,
1411 1029 1505 1049 eorum
1533 1030 1584 1057 pro
1609 1023 1726 1050 veritate

934 1067 1096 1097 certamina.
1112 1066 1160 1102 qui
1181 1067 1244 1101 ejus
1258 1066 1398 1094 desiderio
1413 1070 1553 1094 tenentur.
1570 1067 1621 1100 Qui
1642 1067 1727 1103 igitur

935 1112 1058 1140 scientia:
1074 1120 1157 1140 causa
1177 1112 1287 1140 virtutis
1307 1111 1419 1139 labores
1435 1113 1564 1145 sustinet,
1581 1120 1636 1140 non
1651 1113 1727 1140 labo-

934 1162 976 1186 rat
991 1158 1066 1185 inani
1077 1158 1176 1193 gloria,
1191 1158 1238 1192 qui
1254 1163 1354 1186 natura
1367 1157 1564 1193 comprehendi
1579 1165 1634 1185 non
1645 1166 1726 1193 posse

932 1204 1079 1232 veritatem
1101 1204 1243 1231 laboribus
1267 1204 1346 1231 sciat.
1363 1204 1443 1237 Quod
1459 1204 1533 1230 enim
1556 1209 1655 1230 natura
1669 1204 1727 1239 pri-

934 1257 1007 1277 mum
1025 1254 1078 1282 est,
1095 1250 1139 1277 his
1161 1257 1222 1284 quae
1239 1249 1361 1276 secunda
1385 1254 1460 1282 sunt,
1476 1257 1531 1276 non
1548 1249 1725 1276 circumscri-

933 1296 1018 1323 bitur.
1033 1295 1084 1329 Qui
1100 1303 1166 1322 vero
1183 1295 1327 1323 scientiam
1348 1296 1383 1322 ob
1398 1295 1509 1322 labores
1520 1303 1571 1330 pro
1584 1303 1617 1322 ea
1630 1300 1727 1323 exant-

932 1342 1029 1369 landos
1046 1346 1178 1374 sectatur,
1200 1342 1314 1368 omnino
1327 1341 1415 1369 inanis
1430 1341 1523 1377 gloriae
1537 1341 1634 1368 morbo
1649 1346 1725 1368 tene-

933 1393 988 1421 tur,
1004 1388 1051 1423 qui
1066 1393 1129 1415 ante
1151 1388 1279 1421 sudores,
1297 1392 1408 1415 nactum
1424 1396 1453 1415 se
1468 1395 1585 1415 coronas
1605 1387 1727 1414 arbitre-

933 1440 978 1462 tur
995 1444 1002 1461 ι
1024 1443 1124 1469 nempe
1148 1434 1278 1469 ignorans
1297 1442 1358 1462 esse
1383 1434 1503 1466 labores,
1518 1438 1549 1460 ut
1568 1432 1726 1468 assequaris

89 1477 159 1509 οδος,
181 1478 227 1504 τοῦ
246 1478 280 1505 δι’
311 1478 325 1504 δ
339 1479 460 1513 πέφυκεν
474 1478 677 1512 ὲξανυσθέντος,
693 1479 710 1514 ἢ
728 1479 877 1515 ἀνυσθῆναι

936 1489 1061 1514 :oronas;
1076 1486 1104 1508 at
1119 1489 1173 1507 non
1186 1480 1222 1506 ita
1238 1487 1354 1507 coronas
1365 1484 1480 1515 propter
1492 1479 1612 1507 labores.
1628 1478 1725 1507 Cessat

87 1524 223 1557 δόξαντος.

929 1526 1005 1553 enim
1025 1530 1122 1559 suopte
1136 1525 1217 1560 genio
1230 1525 1322 1552 omnis
1336 1524 1484 1552 methodus
1502 1526 1624 1560 artisque
1642 1525 1724 1559 ratio,

87 1578 123 1599 eo
148 1575 263 1606 peracto
281 1571 360 1607 cujus
382 1571 468 1607 gratia
487 1576 558 1605 erat,
579 1576 628 1599 aut
647 1572 721 1606 quod
738 1577 881 1607 peractum
896 1579 957 1600 esse
972 1571 1156 1606 existimetur.

123 1620 159 1651 γ’.
182 1617 211 1644 Ὀ
233 1617 317 1652 μόνην
346 1617 396 1652 τῆς
422 1617 548 1652 γνώσεως
582 1618 632 1652 τὴν
657 1619 774 1652 μορφὴν,
809 1618 877 1653 ὅπερ

88 1662 164 1688 ἐστὶν
185 1662 200 1688 ὁ
222 1661 300 1696 ψιλὸς
320 1661 397 1696 λόγος
413 1670 421 1678 ·
437 1663 485 1689 καὶ
497 1663 511 1689 ὁ
533 1662 582 1698 τὴν
595 1662 688 1689 εἰκόνα
699 1663 749 1697 τῆς
765 1663 876 1698 ἀρετῆς,

87 1708 157 1742 ὅπερ
173 1707 233 1734 ἐστὶ
246 1707 276 1733 τὸ
292 1707 368 1742 ψιλὸν
380 1699 456 1744 ἦθος,
472 1708 648 1742 ἐπιτηδεύων,
671 1708 797 1740 Ἰουδαῖός
820 1709 878 1735 ἐστι

88 1754 137 1779 καὶ
148 1753 241 1785 αὐτὸς,
257 1753 386 1788 ἀληθείας
397 1753 493 1785 τύποις
509 1752 697 1788 φυσιούμενος.

123 1839 146 1866 δ’
149 1860 156 1867 ,
183 1839 213 1866 '0
227 1840 316 1866 πᾶσαν
328 1839 377 1874 τὴν
402 1839 568 1875 φαινομένην
579 1839 625 1866 τοῦ
653 1839 735 1875 νόμου
749 1839 878 1875 λατρείαν

91 1885 129 1921 μὴ
159 1885 220 1911 κατ’
237 1885 362 1919 αἴσθησιν
376 1885 458 1921 ὁρῶν,
474 1885 542 1912 ἀλλὰ
567 1886 626 1917 ταῖς
656 1884 726 1912 κατὰ
750 1885 813 1912 νοῦν
829 1886 878 1919 ἐφ-

88 1931 159 1962 όδοις
168 1931 284 1958 ἕκαστον
296 1930 350 1958 τῶν
358 1931 505 1967 ὁρωμένων
518 1930 660 1966 συμϐόλων
675 1931 873 1966 διασιωπήσας,

87 1978 135 2004 τὸν
155 1978 185 2004 ἐν
209 1976 316 2013 ἑκάστῳ
335 1977 527 2013 κεκρυμμένον
554 1977 665 2012 θεοτελῆ
694 1978 779 2012 Λόγον
803 1977 877 2004 ἐκδι-

88 2023 268 2058 ὂασκόμενος,
291 2023 320 2049 ὲν
335 2022 374 2058 τῷ
388 2022 463 2058 νόμῳ
476 2022 521 2049 τὸν
536 2022 603 2049 Θεὸν
630 2022 766 2058 εὑρίσκει,
786 2021 878 2053 καλῶς

87 2068 222 2104 ψηλαφῶν
233 2068 275 2095 διὰ
287 2068 337 2104 τῆς
351 2069 447 2104 νοερᾶς
461 2068 611 2104 δυνάμεως,
640 2068 678 2100 ὼς
705 2069 734 2095 ἐν
756 2067 875 2104 φορυτῷ,

87 2115 121 2150 τῇ
138 2114 189 2149 ὕλῃ
206 2113 261 2140 τῶν
272 2114 392 2149 νομικῶν
411 2113 568 2146 διατάξεων,
583 2114 671 2140 εἵπου
684 2114 877 2150 κεκρυμμένον

960 1617 986 1645 5.
1007 1615 1059 1650 Qui
1083 1616 1169 1644 solam
1200 1616 1324 1644 scientia:
1344 1616 1463 1644 formam
1484 1621 1619 1649 sectatur,
1648 1616 1722 1651 quod

925 1667 968 1690 est
994 1662 1087 1690 nudus
1115 1671 1225 1696 sermo;
1254 1670 1286 1689 ac
1315 1662 1444 1690 veritatis
1471 1662 1629 1698 imaginem,
1658 1671 1722 1697 qua:

925 1713 969 1736 est
993 1709 1110 1743 simplex
1131 1716 1239 1735 morum
1261 1709 1399 1741 honestas,
1434 1709 1495 1742 ipse
1514 1714 1625 1742 quoque
1649 1707 1723 1733 veri-

926 1755 991 1783 tatis
1017 1754 1112 1789 liguris
1135 1753 1227 1781 animo
1251 1758 1372 1787 tumens,
1400 1753 1509 1788 sibique
1535 1751 1720 1788 placens.Ju-

930 1800 1005 1828 dmus
1024 1799 1143 1827 exsistit.

963 1845 990 1873 4.
1010 1845 1062 1879 Qui
1077 1845 1256 1880 conspicuum
1272 1851 1381 1871 omnem
1395 1843 1511 1879 legalem
1531 1843 1645 1876 cultum,
1665 1852 1721 1872 non

927 1900 961 1919 ex
979 1900 1077 1920 sensus
1090 1892 1198 1918 ratione
1213 1891 1309 1924 videt;
1328 1889 1375 1918 sed
1398 1891 1500 1918 mentis
1515 1890 1721 1918 intentionibus

926 1938 1046 1965 visibilia
1072 1945 1188 1973 qumque
1220 1936 1343 1973 symbolo
1369 1937 1536 1969 considerat,
1560 1937 1606 1972 qui
1634 1937 1660 1964 in
1679 1937 1719 1965 eis

927 1982 1045 2018 singulis
1070 1983 1210 2009 occultum
1230 1982 1286 2009 Deo
1307 1982 1460 2017 perfectum
1478 1982 1598 2010 Verbum
1618 1982 1718 2010 docea-

928 2033 984 2060 tur,
1003 2026 1087 2055 Deum
1099 2027 1125 2055 in
1139 2026 1198 2063 lege
1210 2028 1332 2061 invenit;
1347 2028 1460 2063 pulchre
1472 2028 1574 2055 mentis
1592 2028 1719 2055 facultate

928 2074 1050 2109 palpans.
1076 2082 1141 2101 num
1160 2082 1286 2109 usquam,
1312 2082 1363 2101 ceu
1379 2074 1407 2101 in
1434 2074 1563 2108 congerie
1579 2074 1718 2109 (legalium

927 2119 1034 2146 scilicet
1070 2119 1301 2147 constitutionum
1336 2118 1461 2152 materia)
1485 2119 1512 2146 in
1542 2119 1610 2154 legis
1635 2127 1719 2146 carne

85 2160 163 2196 εὖροι
174 2162 208 2195 τῇ
223 2160 305 2196 σαρκὶ
319 2161 365 2187 τοῦ
383 2160 476 2195 νόμου,
496 2160 543 2187 τδν
562 2160 611 2196 τὴν
625 2160 750 2196 αῐσθησιν
766 2159 876 2195 διαφεύ-

936 2164 1053 2191 Ibditum
1076 2164 1199 2192 nancisci
1223 2170 1316 2200 queat,
1335 2165 1382 2200 qui
1410 2173 1508 2193 sensus
1531 2165 1587 2193 vim
1609 2165 1720 2200 penitus

85 2213 171 2240 γοντα
185 2205 324 2236 παντελῶς
336 2206 507 2241 μαργαρίτην
522 2206 617 2241 Λόγον.

121 2254 153 2278 ε’.
166 2251 224 2278 Καὶ
237 2252 251 2278 ὁ
263 2250 311 2287 τὴν
326 2251 406 2286 φύσιν
420 2252 448 2278 δὲ
460 2252 514 2278 τῶν
525 2253 672 2288 ὁρωμένων
688 2253 726 2289 μὴ
734 2254 767 2289 τῇ
780 2253 876 2289 αἰσθή-

85 2304 128 2324 σει
155 2296 226 2333 μόνῃ
245 2298 435 2334 περιγράφων,
455 2298 523 2325 ἀλλὰ
550 2299 619 2326 κατὰ
633 2298 696 2326 νοῦν
720 2299 811 2334 σοφῶς
829 2299 875 2326 τὸν

120 2375 142 2391 ³⁵
159 2376 245 2405 Marc.
261 2385 288 2410 ι,
303 2377 348 2405 58.

84 2447 161 2476 cant,
182 2443 283 2478 θλῖψις,
310 2443 436 2478 ἀνάγκη,
461 2443 578 2479 μέριμνα
593 2452 601 2460 ο
626 2443 699 2478 quod
724 2447 752 2470 et
777 2443 877 2478 saepius

85 2480 213 2506 redditur
241 2480 287 2506 illa
308 2486 377 2510 vox,
408 2478 534 2513 Aﬂiictt‘o,
566 2479 717 2510 necessitas,
744 2486 876 2511 a‘rumna,

84 2514 195 2554 amictus
208 2522 296 2554 rerum
308 2521 395 2554 casas.
412 2514 475 2540 llzce
487 2514 561 2540 enim
576 2519 649 2554 sunt,
659 2521 720 2554 quae
730 2513 878 2554 illum_eﬂi—

83 2549 164 2576 ciunt
176 2549 303 2580 calicem,
314 2549 360 2583 qui
376 2556 431 2575 non
443 2553 538 2576 nostra
555 2549 697 2576 voluntate
714 2549 875 2582 assumitur,

83 2584 132 2611 sed
142 2584 268 2611 exterius
278 2584 335 2611 Deo
345 2588 468 2615 auctore,
477 2584 519 2611 vel
531 2584 638 2615 saltem,
647 2591 680 2610 eo
687 2583 875 2618 permittente,

84 2619 255 2654 adhibetur:
274 2627 355 2653 quem
365 2619 454 2654 ipsum
472 2623 562 2646 tamen
573 2619 695 2646 oblatum
715 2623 812 2653 sponte
829 2625 876 2645 ac-

85 2659 197 2689 ceptare
207 2653 351 2686 debemus,
360 2654 444 2689 inque
459 2662 525 2682 eum
533 2654 656 2685 modum,
667 2654 714 2680 τὴν
721 2661 878 2689 περιστατι-

85 2688 132 2715 κὺν
149 2688 260 2725 φύσεως
278 2688 405 2725 ,θάνατον
415 2689 582 2725 ὑπέρχεσθαι
599 2698 606 2716 :
623 2693 740 2725 mortem
757 2688 875 2725 Scilicet,

85 2731 140 2758 qua
155 2724 198 2751 sic
220 2724 300 2752 malis
317 2729 400 2759 atque
422 2723 555 2752 aerumnis
571 2729 678 2752 natura:
694 2723 751 2751 vita
767 2724 875 2751 exstin-

84 2763 196 2794 guatur,
215 2759 264 2786 Dei
277 2760 415 2787 desiderio
427 2760 514 2787 obire.

121 2794 160 2830 (ν)
181 2795 341 2828 Ἀλήθειαν
370 2795 448 2822 εἶναι
469 2795 560 2830 λέγει.
588 2794 648 2822 Non
673 2801 728 2823 uno
748 2793 811 2822 loco
834 2793 874 2822 sic

929 2209 1009 2245 fugit,
1035 2210 1182 2244 unionem;
1208 2210 1260 2238 hoc
1281 2215 1334 2244 est,
1361 2210 1495 2239 Verbum.

964 2255 990 2282 5.
1012 2254 1083 2289 Quin
1109 2256 1133 2283 is
1152 2263 1264 2292 quoque
1293 2257 1341 2292 qui
1366 2261 1494 2284 naturam
1513 2264 1606 2284 rerum
1632 2257 1722 2284 oculis

928 2300 1118 2337 subjectarum
1149 2309 1206 2329 non
1231 2302 1292 2330 solo
1321 2302 1419 2330 definit
1457 2310 1558 2336 sensu;
1584 2302 1632 2329 sed
1659 2310 1721 2337 qua:

928 2444 1206 2482 loquiturghlasimus,
1215 2453 1248 2473 ac
1257 2445 1279 2482 si
1288 2454 1342 2482 non
1353 2446 1413 2482 ejus
1424 2450 1527 2477 essent,
1537 2453 1598 2480 quae
1606 2445 1721 2474 adhibet

929 2480 1006 2516 quasi
1017 2480 1139 2516 scholia,
1161 2481 1209 2507 ubi
1231 2481 1297 2516 quid
1319 2480 1466 2509 obscurius
1485 2481 1594 2508 locutus
1607 2485 1660 2514 est,
1687 2486 1719 2508 ut

929 2515 1003 2551 quod
1016 2515 1061 2542 hic
1076 2516 1189 2550 exponit
1204 2515 1363 2551 praecedens
1383 2521 1475 2551 caput.
1493 2516 1532 2543 Eo
1550 2520 1642 2542 autem
1659 2516 1718 2543 col-

928 2549 1032 2586 l_ineare
1055 2549 1176 2586 videtur,
1199 2549 1230 2578 ut
1246 2551 1338 2578 divina
1363 2549 1494 2584 scientia,
1521 2551 1579 2586 ipsa
1596 2551 1719 2585 potiusa

927 2584 984 2611 Deo
997 2585 1131 2620 speranda
1147 2586 1184 2613 sit
1201 2593 1234 2613 ac
1256 2586 1420 2621 expetenda.
1436 2586 1470 2614 ad
1483 2584 1565 2621 quam
1577 2584 1632 2613 non
1644 2587 1719 2613 suiii-

928 2626 992 2646 cere
1008 2624 1118 2647 ποθεῖ-οε
1137 2628 1169 2648 ac
1182 2621 1294 2649 virtutis
1311 2621 1421 2649 labores
1440 2621 1649 2653 existimemus;
1670 2625 1718 2648 aut

932 2662 1057 2692 unquam
1071 2663 1122 2682 nos
1135 2656 1396 2691 comprehendisse;
1412 2656 1486 2692 quod
1504 2656 1618 2692 sentire,
1631 2663 1719 2690 quan—

930 2689 976 2727 diu
991 2690 1018 2717 in
1032 2690 1077 2717 via
1089 2698 1185 2718 sumus
1197 2689 1207 2723 ζ
1220 2692 1335 2727 οἰήσεως
1347 2689 1407 2724 est,
1420 2689 1510 2719 ’toties
1530 2689 1649 2727 Maximo
1671 2698 1719 2727 ex-

930 2725 1054 2763 agitatae;
1069 2726 1110 2752 sui
1129 2725 1262 2763 opinionis"
1278 2735 1310 2755 ac
1317 2727 1476 2763 jactantiw;
1490 2726 1577 2754 animi
1587 2725 1642 2754 sibi
1657 2726 1719 2762 pla-

928 2761 1017 2788 centis
1031 2766 1114 2797 atque
1126 2761 1249 2797 superbi.
