1951 3076
218 94 288 127 1Ξ23

813 91 845 120 S.
865 90 1009 120 MAXIMI
1027 90 1283 122 CONFESSORIS

1790 86 1858 120 12Ξέ

218 151 337 188 singulis
349 150 451 179 creatis
464 149 545 182 inest,
560 148 694 176 rationem
708 151 848 183 sapienter
860 151 1011 180 scrutatur,

1072 151 1094 174 tv
1113 148 1223 184 ἑκάστῳ
1237 146 1367 183 κτίτματι
1390 147 1469 181 λόγον
1499 145 1695 182 ἐρευνώμενος,
1730 144 1858 180 εὑρίσκει

219 199 307 227 Deum
332 197 446 229 invenit,
466 196 515 231 qui
541 203 576 223 ex
604 195 746 230 proposita
773 202 867 222 rerum
885 192 1013 230 magniﬁ-

219 245 320 276 centia,
345 251 439 271 earum
468 246 610 269 auctorem
631 241 718 268 Deum
744 241 876 268 doceatur
890 240 923 267 ⁸ο.

254 291 280 317 6.
301 289 371 322 Quia
383 288 466 323 igitur
482 287 659 314 attrectantis
673 287 785 322 propria
806 286 939 313 discretio
952 289 1012 317 est;

218 337 265 371 qui
289 335 386 370 lcgalia
409 334 534 369 symbola
560 333 701 368 sapienter
733 333 836 367 legens,
866 338 1014 366 rerumque

218 382 396 416 conspicuam
412 384 538 408 naturam
550 380 668 407 solerter
681 384 827 411 contuens,
842 376 1013 413 Scripturam

218 433 246 455 ct
273 431 429 455 creaturam
458 434 491 453 ac
515 425 638 460 seipsum
663 426 799 454 discernit
821 433 870 452 seu
889 423 1012 456 dirimit;

219 472 390 507 Scripturam
408 471 532 506 quidem,
547 470 574 497 in
590 471 710 497 litteram
722 475 751 497 et
763 470 892 505 spiritum
908 478 915 502 ;
933 477 1014 497 crea-

219 523 308 545 turam
332 525 408 549 vcro,
425 516 458 544 in
482 516 618 543 rationem
637 520 665 543 et
682 515 878 551 superﬁciem;
892 515 1014 550 scipsum

219 568 325 594 autem,
347 563 375 589 in
400 566 521 590 mentem
548 565 577 589 et
607 569 720 589 sensum
738 571 745 588 :
765 568 797 588 ac
818 569 851 588 ex
871 560 1014 595 Scriptura

219 609 343 643 quidem,
371 608 517 643 spiritum;
542 616 576 635 ex
608 612 735 635 creatura
761 615 838 639 vero,
868 607 1034 639 rationem,'

218 661 253 680 ex
275 660 305 680 se
331 653 390 687 ipso
409 657 501 680 autem
531 657 652 680 mentem
683 651 873 687 assumpserit,
901 652 1015 687 haecque

221 699 273 726 alia
289 698 351 726 aliis
372 698 513 726 insolubili
528 706 599 726 nexu
612 697 777 730 devinxerit,
790 698 876 725 Deum
894 697 1014 730 invenit;

220 744 323 779 quippe
346 744 393 779 qui
419 745 505 771 Deum
520 744 548 771 in
564 745 653 772 Mente
670 748 698 772 et
712 744 827 771 Ratione
841 743 901 779 (seu
912 743 1014 778 Verbo)

220 794 248 816 ct
272 789 378 824 Spiritu
398 789 589 821 exsistcntem,
618 789 658 816 uti
678 789 758 816 decet
787 796 819 815 ac
833 796 883 823 per
899 788 1015 816 faculta-

221 840 275 862 tem
301 835 375 867 licet,
407 835 560 871 agnoverit,
587 835 695 863 cunctis
715 835 849 862 liberatus
873 842 934 870 quze
950 840 1015 862 sunt
1032 827 1050 854 υ

220 881 390 914 seducendo,
408 882 492 917 inque
511 882 672 910 innumeras
688 890 784 910 errore
799 882 946 917 opiniones
960 886 1016 909 tra-

220 929 301 961 hunt,
330 928 462 956 nimirum
482 937 497 956 a
518 929 622 961 littera,
649 928 796 963 superﬁcie
819 933 848 955 et
864 936 959 960 sensu,
987 929 1015 955 in

220 974 323 1009 quibus
338 974 447 1002 diversa
462 974 603 1009 quantitas
621 974 703 1010 536
718 978 761 1001 est
777 982 809 1002 ac
827 974 925 1002 unitati
949 983 1016 1002 con-

221 1020 315 1047 traria.
337 1020 385 1047 Sin
408 1025 500 1048 autem
533 1021 596 1055 quis
629 1021 697 1055 legis
719 1020 851 1053 litteram,
869 1027 1017 1055 rerumque

221 1066 310 1093 oculis
341 1066 528 1101 subjectarum
558 1065 735 1101 superﬁciem
758 1071 840 1100 atque
874 1066 1017 1100 proprium

221 1119 334 1138 sensum
356 1112 410 1138 alia
439 1111 501 1138 aliis
526 1111 664 1138 nectendo
689 1110 843 1142 miscuerit,
862 1118 951 1137 aecus
975 1115 1019 1138 est

222 1165 304 1184 manu
324 1157 396 1184 viam
421 1161 547 1190 tentans;
566 1163 660 1184 rerum
677 1156 785 1184 scilicet
798 1155 927 1184 Auctoris
941 1155 1018 1191 igno-

223 1203 312 1230 rantia
335 1203 475 1231 laborans.

258 1261 284 1287 7.
317 1261 432 1288 Divinus
467 1268 638 1296 magnusque
675 1259 825 1295 Apostolus
859 1259 1017 1287 deﬁniendo

222 1304 354 1340 quidnam
383 1304 419 1331 sit
444 1303 523 1337 ﬁdes,
540 1305 579 1331 ait
602 1313 609 1331 :
626 1304 703 1332 Fides
718 1308 755 1331 eat
773 1313 865 1332 eorum
884 1313 943 1336 qua:
956 1313 1016 1340 spe-

223 1353 321 1376 runtur
350 1349 518 1381 substantia,
547 1353 689 1385 rerumque
713 1357 772 1385 qua:
801 1358 854 1377 non
877 1350 1017 1383 uidentur,

224 1395 316 1422 euictio
334 1395 367 1422 “.
387 1394 435 1421 Sin
450 1399 543 1422 autem
560 1395 624 1430 quis
639 1395 722 1423 etiam
739 1395 863 1428 deﬁniat,
889 1403 950 1424 esse
966 1396 1017 1423 bo-

225 1449 292 1468 num
318 1440 459 1468 internum
486 1442 634 1476 animoque
664 1441 829 1476 repositum,
849 1447 897 1469 aut
923 1450 1016 1469 veram

1064 194 1143 228 Θεὸν,
1163 195 1218 222 ἀπὸ
1231 194 1282 230 τῆς
1294 193 1432 230 προϐεϐλη
1437 193 1520 228 μένης
1537 192 1591 218 τῶν
1605 192 1692 218 ὅντων
1707 191 1859 227 μεγαλουρ-

1064 240 1137 274 γίας,
1147 240 1197 276 τὴν
1209 241 1299 267 αὐτῶν
1309 240 1363 266 τῶν
1378 239 1464 266 ὄντων
1474 238 1670 274 διδασκόμενος
1684 238 1785 265 αἰτίαν.

1102 291 1139 321 ς’.
1159 287 1268 324 Ἐπειδὴ
1294 287 1384 314 ¹τοίνυν
1405 286 1473 313 ἴδιον
1494 286 1542 312 τοῦ
1565 285 1747 320 ψηλαφῶντος
1763 286 1781 320 ὴ
1799 284 1858 311 διά-

1065 334 1156 370 κρισίς
1173 334 1261 360 ἐστιν·
1278 335 1292 361 ὀ
1304 333 1339 360 τὰ
1352 333 1453 368 νομικὰ
1466 332 1588 367 σύμὸο).α
1604 331 1762 366 γνωστικῶς
1776 332 1859 365 ἐπερ-

1065 381 1192 416 χόμενος,
1206 379 1254 406 καὶ
1270 379 1320 414 τὴν
1336 379 1505 414 φαινομένην
1519 378 1574 404 τῶν
1586 378 1671 404 ὄντων
1691 377 1773 411 φύσιν
1796 378 1859 404 ἔπι-

1066 425 1238 462 στνῖμονικῶς
1247 425 1395 460 θεώμενος,
1409 424 1557 459 διακρίνων
1565 423 1615 459 τὴν
1629 423 1741 458 Γραφὴν
1748 423 1797 450 καὶ

1065 471 1154 498 κτίσιν
1168 471 1215 498 καὶ
1229 471 1336 503 ἑαυτὸν,
1346 470 1396 506 τὴν
1413 470 1462 505 μὲν
1478 469 1598 505 Γραφὴν,
1625 469 1665 501 είς
1681 469 1800 505 γράμμα
1812 469 1862 495 καὶ

1065 517 1176 552 πνεῦμα
1191 525 1198 532 ·
1215 516 1264 552 τὴν
1294 517 1323 544 δὲ
1348 516 1447 547 κτίσιν,
1468 516 1508 547 εἰς
1519 515 1598 549 λόγον
1614 515 1662 542 καὶ
1677 516 1840 550 ἐπιφάνειαν
1851 522 1859 530 ⁸

1065 564 1163 590 ἑαυτὸν
1178 562 1216 595 δὲ,
1233 564 1274 594 είς
1293 562 1355 589 νοῦν
1369 562 1416 588 καὶ
1427 562 1555 597 αἴσθησιν
1568 570 1575 577 ”
1591 563 1637 588 καὶ
1650 562 1701 597 τῆς
1720 561 1771 597 μὲν
1785 561 1860 597 Γρα-

1066 610 1130 644 φῆς,
1146 609 1178 636 τδ
1191 608 1300 644 πνεῦμα
1312 617 1320 624 ·
1333 608 1383 643 τῆς
1405 608 1432 634 δὲ
1447 608 1572 641 κτίσεως,
1588 607 1634 634 τὸν
1648 608 1742 642 λόγον’
1761 607 1861 634 ἑαυτοῦ

1066 654 1104 686 δὲ,
1121 654 1168 681 τὸν
1191 655 1254 681 νοῦν
1282 653 1383 685 λαϐὼν,
1408 654 1455 680 καὶ
1477 653 1602 689 ἀλλήλοις
1624 653 1729 685 ἁλύτως
1743 653 1861 686 ἑνώσας,

1067 697 1129 735 εὗρε
1142 699 1226 726 Θεόνο
1255 699 1293 731 ὠς
1321 700 1449 733 ἐπιγνοὺς
1477 698 1569 731 καθὼς
1597 699 1647 731 δεῖ,
1669 696 1726 726 καῖ
1748 699 1863 727 δυνατόν

1067 747 1136 777 ἔστι,
1147 746 1192 773 τὸν
1207 746 1283 779 Θεὸν,
1299 746 1344 772 τὸν
1369 747 1398 773 ὲν
1417 745 1466 781 Νῷ
1480 746 1528 773 καὶ
1542 746 1620 782 Λόγῳ
1633 747 1679 773 καὶ
1697 746 1839 782 Πνεὺματι
1852 756 1860 763 ·

1068 793 1179 818 πάντων
1198 793 1253 819 τῶν
1266 791 1431 819 πλανώντων
1443 792 1490 818 καὶ
1505 793 1544 824 είς
1564 793 1665 828 μυρίας
1679 793 1758 825 δόξας
1776 802 1862 821 κατα-

1068 838 1205 874 συρόντων
1222 837 1402 872 ἀπαλλαγεὶς,
1414 837 1487 872 λέγω
1503 838 1532 864 δὲ
1546 838 1710 873 γράμματος
1726 839 1773 865 καὶ
1799 840 1863 866 ἑπι-

1067 883 1180 918 φανείας
1191 883 1239 910 καὶ
1251 883 1416 920 αἰσθήσεως.
1438 884 1467 909 ἐν
1481 880 1521 915 οἷς
1546 885 1562 919 ἠ
1589 884 1716 920 διάφορος
1738 884 1863 920 ,ὑπάρχει

1068 930 1196 964 madrig,
1226 930 1275 956 καὶ
1299 930 1350 964 τῆς
1382 930 1497 965 μονάδος
1524 930 1672 962 avri-9510;.
1712 931 1745 957 Ei
1774 931 1803 958 δὲ
1832 932 1864 958 τὺ

1067 975 1186 1011 γράμμα
1214 975 1261 1003 τοῦ
1292 976 1387 1011 νόμου,
1415 977 1460 1002 καὶ
1477 976 1526 1011 τὴν
1551 976 1606 1002 τῶν
1626 977 1775 1012 ὁρωμένων
1799 978 1863 1004 ἐπι-

1068 1021 1184 1056 φάνειαν
1212 1020 1260 1047 καὶ
1289 1020 1339 1056 τὴν
1365 1021 1470 1048 οἰκείαν
1504 1020 1632 1056 αἴσθησιν
1666 1021 1792 1057 ἀλλήλοις
1820 1031 1864 1054 τις

1069 1066 1242 1101 προτπλέξας
1271 1066 1411 1103 συμφὺρῃ,
1428 1066 1528 1100 τυφλός
1542 1067 1601 1093 ἐστι
1618 1067 1785 1102 μυωπάζων,
1812 1067 1864 1103 τὴν

1067 1112 1118 1146 τῆς
1130 1111 1226 1143 Attia;
1238 1112 1292 1138 τῶν
1306 1112 1390 1138 ὅντων
1404 1111 1542 1146 ἀγνωσίαν
1557 1112 1653 1140 νοσῶν.

1105 1248 1139 1280 ζ’.
1153 1248 1163 1258 ⁸
1187 1247 1218 1274 '0
1230 1247 1301 1278 θεῖος
1314 1246 1361 1273 καὶ
1376 1245 1463 1281 μέγας
1478 1245 1650 1278 Ἀπόστολος,
1664 1247 1690 1274 τί
1701 1248 1760 1274 ἐστι
1772 1248 1866 1281 πίστις

1069 1292 1179 1330 ὁρίζων,
1192 1293 1270 1328 φησί’
1286 1293 1393 1326 Πίσης
1404 1292 1501 1324 ἐστὶν,
1514 1292 1716 1327 ἐλπιζομένων
1729 1295 1868 1322 ὑπόστα-

1068 1347 1130 1372 σις,
1157 1339 1207 1366 καὶ
1235 1338 1414 1373 πραγμάτων
1441 1338 1567 1373 ἐλεγχος
1588 1339 1624 1366 οὐ
1651 1338 1865 1374 βλεπομένων.

1069 1387 1101 1413 Εἰ
1117 1386 1145 1413 δέ.
1157 1394 1198 1416 τις
1216 1385 1263 1412 καὶ
1286 1384 1439 1411 ἐνδιάθετον
1459 1385 1545 1420 αὐτὴν
1569 1384 1672 1418 ἀγαθὸν
1696 1385 1830 1420 ὁρίσαιτο,
1846 1385 1866 1421 ἢ

1069 1433 1170 1467 γνῶσιν
1187 1431 1274 1466 ἀληθῆ
1294 1431 1348 1458 τῶν
1373 1431 1536 1468 ἁπορρἠων
1564 1431 1677 1466 ἀγαθῶν
1706 1433 1867 1459 ἀποδεικτι-

224 1487 351 1514 notitiam
379 1495 479 1514 arcana
502 1487 549 1514 illa
573 1487 645 1514 bona
669 1486 923 1521 demonstrantem,
949 1488 1017 1515 nihil

1072 1478 1133 1514 κὴν,
1145 1478 1194 1514 τῆς
1212 1477 1340 1513 ἀληθείας
1356 1477 1387 1504 οὐ
1402 1477 1562 1513 διήμαρτεν.

226 1539 242 1559 a
266 1540 334 1559 vero
354 1532 536 1572 aberraverit.

262 1578 287 1605 8.
309 1578 391 1605 Fides
409 1578 451 1605 vis
474 1582 527 1610 est,
551 1582 582 1605 ut
607 1578 647 1606 sic
673 1579 780 1614 loquar,
800 1579 944 1612 aﬂ'ectiva.
969 1588 1018 1608 seu

225 1624 336 1651 aitectio
359 1631 392 1651 ac
417 1624 562 1657 habitudo,
586 1633 640 1660 qua
667 1625 826 1652 immediata
841 1633 924 1661 supra
939 1630 1021 1653 natu-

225 1677 283 1696 ram
307 1669 446 1697 credentis
467 1678 530 1697 cum
555 1671 622 1704 Deo,
646 1671 691 1698 cui
707 1671 831 1699 creditur
845 1679 878 1699 ac
893 1671 941 1707 qui
958 1679 1019 1700 cre-

226 1715 319 1746 datur,
349 1714 468 1749 perl‘ecta
493 1715 559 1742 unio
582 1719 739 1750 praestetur.

260 1759 288 1787 9.
309 1760 379 1793 Quia
393 1760 478 1795 igitur
496 1761 580 1789 homo
603 1770 638 1790 ex
656 1762 745 1789 anima
760 1762 896 1791 exsistens
916 1770 944 1793 et
957 1773 1020 1793 cor-

227 1813 306 1840 pore,
327 1806 436 1833 duabus
455 1807 578 1842 iactatur
605 1807 714 1843 legibus
733 1807 836 1843 (carnis
862 1810 969 1838 scilicet
993 1816 1022 1838 et

228 1852 352 1887 spiritus)
375 1860 408 1880 ac
427 1852 540 1888 quidem
564 1853 655 1881 carnis
683 1854 738 1887 lex,
769 1854 797 1882 in
821 1863 904 1883 sensu
928 1857 1020 1892 viget;

227 1899 271 1926 lex
287 1903 378 1926 autem
404 1898 529 1933 spiritus,
555 1899 584 1926 in
600 1904 691 1927 mente
708 1910 715 1927 :
734 1900 833 1935 lexque
847 1901 915 1928 adeo
929 1903 1021 1930 carnis

227 1944 256 1971 in
274 1952 356 1971 sensu
372 1944 476 1979 vigens.
496 1945 615 1972 terrenis
639 1945 768 1973 addicere
782 1946 882 1980 habet;
900 1947 943 1975 lex
956 1956 1021 1976 vero

227 1989 352 2024 spiritus,
374 1989 432 2024 ipsa
447 1989 474 2016 in
491 1993 583 2016 mente
598 1989 703 2025 vigens,
718 1990 876 2020 immediate
889 1999 952 2019 cum
964 1992 1021 2020 Deo

227 2034 353 2069 copulat;
379 2034 480 2061 merito
493 2043 500 2061 :
515 2034 566 2067 Qui
585 2043 637 2061 non
657 2035 784 2062 discretus
803 2036 883 2070 fuerit
901 2037 929 2063 in
944 2037 1022 2063 corde

227 2087 275 2105 suo
288 2079 328 2111 ";
345 2079 399 2106 hoc
413 2083 466 2111 est,
481 2086 537 2106 non
560 2079 723 2107 discreverit
741 2080 768 2107 in
785 2085 876 2108 mente
889 2089 956 2114 sua;
973 2090 1020 2110 seu

228 2124 413 2152 inunedialam
425 2132 488 2151 cum
504 2124 560 2152 Deo
575 2124 715 2157 unionem,
729 2132 791 2160 quas
806 2130 848 2153 est
866 2130 916 2160 per
928 2126 1021 2160 ﬁdem,

1105 1573 1141 1604 η’.
1165 1570 1197 1596 Ἦ
1229 1569 1332 1602 πίστις,
1362 1570 1477 1605 δύναμίς
1502 1571 1560 1597 ἐστι
1587 1570 1710 1606 σχετικὴ,
1737 1570 1870 1606 ῆσχέσις

1070 1616 1204 1652 δραστικὴ
1242 1616 1292 1651 τῆς
1312 1616 1382 1652 ὑπὲρ
1414 1616 1497 1651 φύσιν
1526 1616 1629 1652 ἀμέσου
1648 1616 1694 1644 τοῦ
1718 1617 1870 1644 πιστεύον-

1070 1671 1116 1694 τος
1140 1663 1209 1697 πρὸς
1238 1663 1284 1690 τὸν
1326 1663 1523 1698 πιστευόμενον
1548 1663 1625 1696 Θεὸν,
1662 1663 1770 1695 τελείας
1797 1663 1870 1691 ἑνώ-

1072 1717 1150 1740 σεως.

1108 1754 1153 1788 0'._
1165 1754 1273 1791 Ἐπειδὴ
1288 1755 1377 1781 τοίνυν
1395 1755 1409 1781 ὁ
1425 1755 1568 1791 ἄνθρωπος
1584 1757 1617 1783 ἐκ
1629 1756 1719 1791 ψυχῆς
1732 1757 1871 1793 ὑπάρχων

1071 1801 1118 1827 καὶ
1133 1801 1268 1836 σώματος,
1279 1801 1340 1828 δυσὶ
1366 1801 1508 1828 σαλεύεται
1530 1802 1634 1837 νόμοις,
1663 1803 1765 1838 σαρκὸς
1793 1803 1871 1838 λέγω

1073 1846 1120 1872 καὶ
1140 1846 1314 1881 meditator
1332 1847 1379 1874 καὶ
1393 1848 1407 1874 ὁ
1423 1847 1472 1882 μὲν
1484 1847 1535 1882 τῆς
1557 1847 1658 1882 σαρκὸς
1684 1848 1776 1883 νόμος,
1794 1849 1871 1876 κατὰ

1071 1894 1122 1930 τὴν
1148 1892 1292 1930 αἴσθησιν·
1309 1894 1323 1919 ό
1347 1893 1374 1920 δὲ
1400 1892 1446 1920 τοῦ
1470 1891 1638 1928 πνεύματος,
1657 1894 1727 1920 κατὰ
1741 1894 1788 1920 τὴν
1802 1894 1872 1922 νοῦν

1073 1939 1205 1974 κέκτηται
1217 1940 1267 1975 τὴν
1284 1939 1423 1974 ἐνέργειαν
1435 1948 1442 1955 ·
1461 1938 1509 1966 καὶ
1525 1940 1538 1966 ὀ
1557 1939 1605 1974 μὲν
1620 1939 1668 1975 τῆς
1699 1940 1800 1976 οαρχὶς
1815 1940 1872 1977 ὕλῃ

1074 1984 1179 2010 συνδεῖν
1208 1984 1324 2019 πέφυκε,
1362 1985 1432 2011 κατὰ
1458 1985 1508 2020 τὴν
1541 1985 1668 2020 αἴσθησιν
1699 1985 1871 2021 ἐνεργούμε-

1073 2039 1117 2062 νος
1132 2030 1168 2065 (ι)
1182 2038 1189 2045 '
1209 2030 1224 2057 ὁ
1237 2030 1265 2057 δὲ
1285 2030 1333 2057 τοῦ
1353 2031 1509 2065 πνεύματος
1531 2031 1608 2057 κατὰ.
1624 2030 1685 2057 νοῦν
1702 2031 1872 2066 ἐνεργούμε-

1073 2085 1127 2108 νος,
1144 2075 1212 2111 πρὸς
1223 2076 1269 2102 τὸν
1285 2075 1350 2102 Θεὸν
1364 2076 1474 2111 ἀμέσως
1488 2077 1605 2103 ποιεῖται
1626 2077 1676 2112 τὴν
1691 2076 1791 2104 ἕνωσιν
1801 2085 1808 2092 ·
1827 2079 1871 2104 εξ-

1074 2122 1161 2153 κότως
1187 2121 1218 2148 '0
1240 2121 1283 2157 μὴ
1312 2122 1474 2156 διακριθεὶς
1499 2123 1533 2149 ἐν
1557 2122 1595 2157 τῇ
1622 2123 1730 2158 καίιδίᾳ
1754 2123 1871 2150 αὐτοῦ·

227 2178 284 2197 non
311 2169 450 2202 diviserit,
478 2174 609 2205 tanquam
644 2170 693 2205 qui
717 2171 912 2206 imperturbati
935 2173 1017 2201 animi

1074 2168 1231 2200 τουτέστιν,
1248 2168 1277 2195 ἐν
1292 2168 1331 2203 τῷ
1354 2167 1394 2194 νοτ
1420 2168 1459 2204 μὴ
1486 2168 1637 2204 διακρίνας,
1669 2169 1754 2204 ἤγουν
1778 2168 1873 2194 6:115-

228 2217 306 2251 (quin
325 2220 353 2243 et
377 2216 433 2250 jam
461 2215 530 2243 deus
553 2223 603 2250 per
626 2215 720 2252 ﬁdem)
744 2217 847 2245 unione
866 2217 957 2246 factus
974 2219 1022 2251 sit,

228 2264 295 2289 dicet
318 2262 400 2289 manli
413 2263 490 2289 huic:
508 2261 612 2296 Transi,
628 2266 653 2289 et
670 2263 792 2290 transibit
805 2263 828 2279 “
845 2272 852 2290 :
870 2272 926 2299 quo
941 2265 1023 2293 modo

227 2307 370 2344 loquendi,
402 2308 478 2336 velut
503 2308 592 2344 ipsum
616 2308 702 2344 digito
728 2316 840 2337 sensum
873 2318 906 2338 ac
933 2311 1022 2347 legem

227 2354 319 2382 carnis
340 2354 472 2386 ostendit,
497 2361 609 2389 gravem
637 2354 712 2382 illam
740 2363 774 2382 ac
796 2354 909 2384 difficile
935 2357 1024 2385 mobi-

261 2422 285 2438 “
300 2421 364 2456 Sap.
379 2429 436 2454 xm,
453 2422 479 2449 5.
518 2422 539 2439 “
556 2421 640 2449 Hebr.
656 2429 693 2455 ιι,
715 2422 741 2449 Ι.

261 2490 270 2499 ⁸
284 2488 362 2517 Conf.
378 2488 412 2516 ad
426 2489 505 2516 Thai.
519 2496 547 2524 q.
563 2488 608 2516 53.

780 2423 802 2438 “
815 2423 898 2451 Marc.
913 2432 943 2456 ιι,
958 2424 1004 2451 25.

265 2558 397 2596 (z)__Ku_ta
420 2558 477 2592 τὴν
498 2559 644 2593 αἴσθησιν
660 2559 882 2596 ἐνεργούμενος.
902 2560 1019 2596 Exponit

225 2594 285 2628 ipse
301 2593 434 2630 Maximus
448 2601 508 2630 eam
520 2601 617 2630 vocem
631 2593 737 2626 active,
756 2593 805 2629 per
819 2595 870 2622 hoc
885 2593 959 2630 quod
975 2595 1019 2622 di-

225 2632 264 2665 cit
284 2628 380 2665 2731-73!
404 2628 453 2664 τὴν
474 2628 600 2665 αἴσθησιν
613 2648 620 2661 ,
635 2630 714 2665 ἒκατᾱ
732 2628 778 2656 τδν
794 2630 857 2656 νοῦν
888 2628 1019 2665 ister-qut

226 2663 276 2700 τὴν
297 2663 455 2700 ενέργεξανς
473 2664 568 2700 sicque
583 2663 687 2700 optime
707 2665 870 2700 intelligitur
890 2663 971 2700 quod'
986 2665 1020 2692 de

228 2699 363 2736 charitate
385 2699 473 2726 Galat.
495 2707 521 2726 ν.
550 2699 588 2724 Δι’
611 2699 722 2736 ἀγάπης
746 2699 949 2736 ὲνεργουμένῃς
967 2700 1021 2736 Per

229 2734 386 2761 charitatem
402 2742 526 2766 operatus,
541 2737 572 2761 ut
589 2741 643 2761 non
668 2734 738 2762 male
758 2734 867 2762 Erast
883 2735 951 2762 nihil
966 2735 1022 2762 dis-

231 2773 362 2806 sentanee
377 2770 454 2804 Vulg.
469 2777 527 2806 qua
542 2777 589 2804 per
602 2770 760 2806 charitatem
775 2774 902 2806 operatur
919 2778 1020 2804 :qucm

234 2811 284 2831 nec
303 2805 340 2831 ita
355 2804 479 2832 barbare
489 2806 607 2833 locutum
620 2804 844 2838 existimandum,
861 2810 891 2832 ut
913 2805 1021 2840 passiva

1075 2213 1134 2250 μὼν
1149 2213 1199 2250 τὴν
1221 2214 1266 2241 διὰ
1280 2214 1329 2249 τῆς
1345 2214 1462 2246 πίστεως
1490 2215 1559 2250 πρὸς
1585 2214 1630 2241 τὸν
1657 2214 1723 2240 Θεδν
1750 2223 1868 2249 γεγενη-

1075 2261 1160 2296 μένην
1185 2261 1287 2296 auena-1
1322 2261 1441 2293 ἕνωσιν,
1474 2261 1512 2293 ὡς
1543 2260 1663 2297 ἀπαθὴς,
1694 2261 1797 2295 μᾶλλον
1839 2260 1871 2288 δὲ

1074 2307 1134 2338 θεὸς
1149 2307 1200 2342 ήδη
1227 2306 1272 2333 διὰ
1293 2306 1340 2342 τῆς
1358 2306 1476 2338 πίστεως
1495 2308 1526 2342 τῇ
1555 2306 1651 2333 ἑνώσει
1669 2307 1871 2343 γεγενημένος,

1073 2352 1132 2387 ἐρεῖ
1149 2352 1189 2385 τῷ
1198 2352 1260 2386 ὄρει
1274 2353 1368 2385 τούτῳ
1387 2352 1564 2387 μεταϐῆναι,
1579 2352 1630 2379 καὶ
1644 2352 1849 2387 μεταϐήσεται
1860 2360 1870 2369 ·

1042 2424 1065 2440 ⁸³
1082 2423 1149 2450 ibid.

1073 2561 1273 2596 signiﬁcatione
1289 2569 1349 2588 eam
1366 2568 1460 2589 vocem
1476 2560 1625 2595 acceperit,
1643 2559 1780 2595 quidquid
1797 2562 1871 2591 velie

1074 2597 1200 2624 videatur
1220 2597 1294 2624 Hier.
1309 2597 1369 2631 ipsa
1387 2604 1453 2623 sane
1470 2596 1538 2623 ﬁdes
1553 2599 1605 2628 est,
1625 2596 1670 2622 cui
1685 2597 1812 2630 operatio
1831 2598 1875 2625 vi-

1076 2637 1156 2666 taque
1172 2632 1338 2663 ascribitur,
1353 2632 1406 2658 etsi
1427 2631 1467 2658 illi
1486 2631 1643 2658 necessaria
1664 2631 1697 2657 ad
1717 2631 1874 2665 perfectio-

1069 2674 1132 2694 nem
1153 2675 1247 2694 comes
1259 2667 1379 2694 charitas
1392 2674 1440 2694 seu
1453 2666 1576 2697 dilectio,
1597 2666 1657 2693 sine
1668 2673 1722 2700 qua
1736 2674 1808 2694 vana
1827 2673 1874 2695 est

1069 2707 1152 2736 atque
1168 2707 1277 2729 mortua
1290 2722 1298 2734 ,
1312 2710 1370 2729 non
1384 2702 1479 2728 valens
1499 2701 1606 2728 scilicet
1619 2709 1684 2728 vera
1704 2701 1769 2727 vita:
1785 2709 1876 2736 opera

1069 2738 1162 2769 edere,
1179 2737 1231 2764 nisi
1245 2737 1315 2764 forte
1328 2737 1503 2764 inchoatione
1517 2744 1548 2762 ac
1563 2736 1736 2770 disponendo
1756 2737 1791 2764 ad
1804 2745 1872 2772 per-

1070 2773 1169 2800 fectam
1183 2772 1319 2808 justitiam
1332 2780 1366 2800 ex
1383 2772 1505 2799 unctione
1520 2772 1624 2807 gratiic.
