1951 3076
231 118 298 152 1227

826 119 857 149 S-
877 118 1020 149 MAXIM!
1040 118 1294 149 CONFESSORIS

1790 118 1854 150 1228

229 177 362 210 comedit,
385 184 480 204 eorum
500 180 604 203 motum
621 183 682 210 qua:
706 182 786 203 sensu
815 175 914 202 comite
937 174 1017 206 ﬁunt,

1077 175 1187 210 ὶρετῶν,
1201 175 1268 210 πρὸς
1284 173 1333 210 τὴν
1341 174 1411 201 κατὰ
1420 173 1482 200 νοῦν
1502 174 1601 209 γνῶσιν
1612 173 1797 208 ἀναδιὸἀζων,
1808 178 1856 211 την

230 223 264 250 ad
285 223 426 250 scientiam
453 221 551 248 mentis
576 221 741 256 provchcns.

264 267 308 295 16.
328 267 396 295 Cum
415 267 545 294 Dominus
562 266 600 293 ait
616 275 622 293 :
644 265 759 298 Qnrcrite
776 266 890 301 primum
908 273 1019 300 regnum

231 313 289 344 Dei,
308 317 332 339 et
352 312 487 347 justitiam
512 311 568 347 ejus
590 312 629 343 “;
659 312 712 339 hoc
732 316 785 343 est,
815 312 934 346 primum
959 319 1020 338 om—

229 357 306 384 nium
328 357 470 384 scientiam
489 357 623 388 veritatis,
640 361 753 391 tumque
773 361 803 384 ut
823 357 1020 384 convenientes

229 402 326 429 modos
348 402 494 435 excolatis;
517 403 604 438 palam
621 402 743 429 ostendit
770 402 890 429 divinam
915 402 1018 430 solum-

228 449 311 475 modo
331 448 474 475 scientiam
491 448 618 476 ﬁdelibus
635 448 809 483 quaerendam
828 456 898 480 esse,
917 452 945 475 ct
958 455 1019 482 qua:

229 492 268 520 illi
297 501 346 528 per
375 501 458 528 opera
484 497 646 521 ornamento
670 498 722 524 cst.
747 494 888 520 virtutem.

264 583 306 610 l7.
338 582 406 610 Cum
445 582 530 609 multa
566 581 694 609 ﬁdelibus
721 581 868 615 quzcrenda
898 580 954 606 sitit
983 579 1016 606 ad

229 628 371 655 scientiam
389 634 421 654 ac
438 627 567 654 virtutem
585 626 754 661 spectantia;
771 625 924 660 cujusmodi
942 629 1016 656 sunt,

228 673 339 700 liberari
360 673 393 700 ah
419 673 563 700 aﬂ'ectiltus
590 680 638 699 seu
662 671 746 702 vitiis,
768 671 954 705 tentationum,
974 675 1017 697 to-

228 720 355 751 lerantia,
381 719 513 746 virtutum
541 718 672 748 rationes,
700 717 892 751 operationum
931 716 1015 748 modi,

228 772 391 800 propensam
414 764 497 791 animi
521 764 554 790 ad
583 770 692 790 carnem
716 762 887 789 ali'ectionem
902 761 1017 788 revelle-

229 818 270 842 re,
289 817 398 837 sensum
424 817 439 836 a
459 807 663 835 necessitudine
683 807 716 833 ad
735 806 845 833 sensilia
867 813 1016 840 eorumque

229 854 344 882 libidine
361 861 487 886 avocare,
506 861 520 879 ει
538 852 638 879 Creatis
654 851 782 877 omnibus
799 853 890 877 mente
905 856 1019 884 prorsus
1036 843 1055 870 Β

228 901 368 928 secedere.
393 900 438 931 Et,
468 903 498 926 ut
529 906 635 925 summa
657 897 757 928 diram,
785 896 837 922 alia
862 895 1017 927 innumera,

228 946 355 981 quibusa
371 944 474 972 malitia
499 948 526 970 ct
548 943 701 978 ignorantia
729 943 910 973 abstinemus,
928 940 1019 967 scien-

229 993 351 1026 tiamque
387 998 419 1017 ac
455 990 586 1016 virtutem
621 992 797 1023 prmstamus;
824 986 924 1013 merito
952 985 1020 1012 dicit

229 1037 362 1064 Dominus
386 1044 392 1062 :
419 1034 515 1062 Omnia
541 1041 702 1069 quacunque
723 1031 849 1067 petieritis
874 1030 1018 1066 credentes,

229 1081 362 1116 accipietis
385 1079 420 1105 “.
440 1077 538 1106 Omnia
567 1084 690 1112 prorsus,
714 1076 825 1110 solaque
848 1083 881 1102 ea
904 1081 965 1109 quae
986 1073 1019 1100 ad

229 1128 278 1155 Dei
300 1127 467 1162 agnitionem
487 1132 519 1152 ac
531 1124 662 1151 virtutem
682 1122 848 1154 conducant,
861 1121 977 1148 solerter
989 1127 1020 1147 ac

229 1172 283 1199 ﬁJc
303 1171 383 1206 533
402 1169 551 1205 qurerenda
567 1172 648 1202 atque
668 1167 785 1202 petenda
802 1166 850 1193 Dei
866 1165 1020 1193 cultoribus

229 1219 334 1246 dicens.
351 1218 414 1245 Παιο
435 1216 509 1243 enim
524 1215 615 1242 omnia
640 1214 667 1240 in
683 1217 791 1240 nostras
815 1211 960 1239 conferunt
976 1219 1020 1238 ra-

229 1266 328 1296 tiones,
353 1263 521 1297 omninoque
545 1260 705 1296 petentibus
722 1258 854 1286 Dominus
878 1254 983 1284 tribuit.

267 1311 309 1338 18.
329 1310 380 1343 Qui
393 1309 477 1344 igitur
490 1313 603 1343 propter
618 1306 704 1333 solam
721 1305 800 1332 ﬁdem
824 1304 1020 1340 (immediatam

229 1357 336 1385 scilicet
355 1363 417 1383 cum
434 1355 489 1382 Deo
501 1353 644 1386 unionem)
661 1351 752 1379 omnia
767 1351 799 1378 ad
817 1358 877 1378 eam
893 1356 1020 1385 spectan-

230 1403 279 1435 tia.
295 1407 323 1430 et
345 1409 406 1436 quae
427 1401 483 1428 sint
507 1400 548 1426 illi
566 1398 756 1429 conciliandae,
774 1398 883 1433 quaerit,
909 1397 1022 1424 omnino

230 1447 358 1481 accipiel.
386 1445 438 1478 Qui
469 1448 561 1471 autem
580 1444 649 1471 citra
676 1443 748 1470 hanc
774 1450 884 1470 causam
910 1442 1021 1476 alioque

231 1494 294 1522 ﬁne.
309 1494 367 1520 sive
389 1493 453 1521 alia.
469 1491 527 1518 sive
545 1490 603 1517 [nec
621 1489 680 1524 ipsa
697 1496 758 1523 quae
772 1488 844 1515 dicta
867 1492 931 1514 sunt
945 1495 1020 1522 qum-

230 1537 318 1568 sierit,
339 1544 393 1563 non
409 1535 535 1569 accipiet.
549 1534 608 1560 Non
619 1534 692 1560 enim
710 1532 809 1565 credit,
823 1533 872 1559 sed
891 1538 1019 1566 tanquam

231 1583 352 1610 inﬁdelis
367 1590 400 1608 ex
427 1581 528 1608 divinis
555 1579 606 1606 sibi
635 1578 748 1613 gloriam
772 1578 879 1605 asserit.

267 1631 309 1657 19.
330 1629 380 1662 Qui
407 1636 421 1655 a
443 1627 547 1662 peccati
564 1626 625 1652 labe
642 1632 674 1652 ac
698 1624 877 1658 corruptione
891 1621 1021 1649 immunis

231 1681 283 1708 cst,
303 1682 399 1702 eorum
428 1672 647 1707 corruptionem,
666 1670 767 1704 quibus
789 1676 906 1704 pronum
925 1672 968 1694 cst
992 1671 1022 1694 ut

231 1725 419 1756 corrumpant,
436 1717 599 1752 corrumpit.
618 1716 709 1743 Animi
726 1716 800 1742 enim
825 1722 857 1741 ac
872 1712 1022 1741 voluntatis

231 1767 413 1801 incorruptio,
452 1769 557 1791 natura:
579 1762 786 1797 corruptionem
820 1760 1020 1794 incorruptam,

231 1815 353 1849 Spiritus
371 1812 399 1839 in
419 1819 452 1839 ea
477 1809 574 1846 gratia,
602 1816 650 1843 per
670 1806 882 1843 providentiam,
909 1812 1020 1832 servare

231 1859 391 1888 consuevit,
419 1865 473 1884 non
495 1856 590 1883 sincns
613 1863 662 1889 per
688 1852 841 1881 contrarias
863 1851 1019 1886 qualitates,

231 1906 359 1934 interitus
384 1904 422 1931 illi
451 1903 542 1930 labem
570 1900 674 1927 ali‘erri.

265 1953 310 1979 20.
330 1952 398 1978 Cum
422 1956 478 1976 non
503 1955 556 1975 una
578 1946 730 1980 eademque
758 1948 864 1971 natura:
876 1950 908 1970 ac
927 1942 1021 1978 gratia:

231 1999 301 2026 ratio
327 1998 374 2029 sit,
398 1995 473 2023 haud
486 1994 566 2021 anxie
585 1991 791 2027 ambigendum,
805 1990 943 2017 undenam
959 1997 1021 2016 san-

231 2047 350 2074 ctorum,
365 2040 489 2075 quidam,
504 2037 586 2065 modo
607 2037 686 2064 malis
700 2036 844 2070 noxiisque
863 2033 1022 2068 superiores

201 2076 209 2084 Ἰ
230 2088 406 2118 exsisterent,
427 2084 509 2112 modo
529 2084 583 2110 illis
605 2083 692 2117 magis
707 2080 938 2112 succumberent;
958 2086 1020 2105 cum

231 2142 287 2162 non
301 2134 396 2164 lateat,
409 2130 574 2158 miraculum
588 2128 699 2162 quidem
711 2126 743 2154 ad
757 2126 872 2161 gratiam
884 2126 1020 2159 spectare,

231 2179 334 2206 malum
361 2181 453 2204 autem
478 2179 505 2202 et
527 2174 618 2201 labem
643 2173 677 2199 ad
704 2177 841 2199 naturam.

266 2225 312 2252 2|.
333 2222 385 2255 Qui
406 2216 532 2248 imitandi
559 2219 716 2252 sedulitate,
740 2218 880 2253 vigentem
903 2225 1019 2245 conver-

231 2267 347 2296 sationis
384 2270 542 2294 sanctorum
575 2264 659 2292 habet
688 2263 863 2294 memoriam;
890 2263 1022 2290 vitiorum

231 2312 434 2346 atl‘ectuumque
457 2309 547 2345 posita
572 2307 795 2340 mortiticatione,
815 2308 950 2334 virtutum
961 2315 1023 2335 sus—

231 2359 300 2393 cipit
324 2358 413 2384 vitam.

265 2404 309 2432 22.
330 2405 414 2435 Deus,
438 2403 484 2438 qui
510 2409 543 2428 eo
566 2401 648 2428 modo
674 2407 730 2435 quo
757 2399 871 2434 placuit,
895 2403 958 2426 ante
971 2406 1022 2426 ειε-

233 2451 295 2478 cula
310 2450 443 2484 cujusque
461 2447 595 2475 discrevit
610 2446 705 2478 vitam,
721 2445 755 2473 ad
768 2444 912 2480 proprium
929 2452 1025 2479 qucrn-

233 2504 287 2531 que
306 2495 369 2522 vita:
385 2494 479 2525 ﬁnem,
499 2493 558 2520 sive
585 2493 702 2527 justum,
716 2491 774 2518 sive
789 2491 921 2526 injustam
937 2490 1023 2518 ducit.

269 2582 314 2609 25.
335 2581 392 2614 Qua
411 2579 512 2608 Paulus
526 2583 657 2614 acceptus
682 2577 831 2612 caliginosa
861 2581 1024 2612 tempestate

233 2632 276 2656 est
291 2628 327 2660 ",
370 2627 556 2655 violentarum
593 2624 776 2652 tentationum
813 2622 920 2658 pondus
960 2630 1022 2651 esse

235 2673 353 2708 coniicio
389 2673 524 2703 insulam,
561 2670 671 2697 ﬁrmant
697 2677 730 2696 ac
756 2669 950 2697 inconcussum
981 2669 1023 2696 di-

270 2743 294 2759 ”
309 2742 402 2770 Matth.
418 2749 455 2773 vt,
470 2741 513 2767 55.
554 2740 575 2755 “
594 2739 687 2766 Matth.
704 2746 758 2770 tm,
770 2738 814 2765 22.

269 2801 279 2812 '
293 2799 334 2828 Cf.
348 2800 381 2827 ad
397 2800 520 2827 'lhalass.
536 2807 563 2834 q.
586 2799 631 2826 54.

272 2835 291 2846 ’⁸
304 2834 334 2862 ιιι
355 2843 401 2869 qq.
416 2835 447 2862 ad
463 2833 570 2862 Thalas.
584 2842 611 2868 q.
628 2833 672 2861 54.
687 2833 786 2868 τρόπον
803 2833 948 2869 ἐνέργειαι.

1071 221 1125 247 τῶν
1145 221 1296 254 γινομένων
1313 221 1373 247 κατ’
1384 221 1510 256 αἴσθησιν
1529 221 1645 256 κίνησιν,

1108 266 1167 297 ις’.⁸
1192 265 1221 292 '0
1235 265 1336 301 Κύριος
1346 265 1443 298 εἰπὼν,
1461 266 1581 300 Ζητεῖτε
1595 265 1713 300 πρῶτον
1735 266 1856 300 τὴν-βαι-

1070 311 1189 338 σιλείαν
1207 311 1260 338 τοῦ
1276 311 1429 343 Θεοῦ,νκαὶ
1450 311 1508 344 ’τὴν
1528 311 1727 345 δικαιοσύνην·
1741 311 1836 339 αὑτοῦ
1847 318 1856 326 ⁸

1069 357 1202 389 τουτέστι,
1214 357 1267 392 πρὸ
1292 357 1400 384 πάντων
1414 357 1462 392 τὴν
1474 357 1622 392 ἐπίγνωσιν
1641 358 1690 393 τῆς
1716 357 1856 393 ἀληθείας,

1070 401 1117 427 καὶ
1134 400 1204 427 οὕτω
1229 401 1278 435 τὴν
1297 401 1351 427 τῶν
1365 401 1540 436 καθηκόντων
1560 401 1670 437 τρόπων
1691 401 1857 437 ἐξάσκησιν¹

1070 445 1163 480 σαφῶς
1187 445 1281 478 ἔδειξε,
1309 447 1373 481 περὶ
1391 447 1474 481 μόνης
1492 447 1543 481 τῆς
1557 446 1631 478 Θείας
1651 446 1781 480 γνώσεως
1804 446 1859 473 δεῖν

1069 491 1161 526 ζητεῖν
1175 492 1238 523 τοὺς
1255 491 1443 524 πιστεύοντας,
1471 493 1518 519 καὶ
1536 492 1585 528 τῆς
1599 491 1683 527 αὐτὴν
1702 490 1860 527 κοσμούσης

1069 537 1111 564 διὰ
1125 537 1177 563 τῶν
1191 538 1279 573 ἔργων
1296 538 1406 573 ἀρετῆς.

1105 583 1148 614 ιζ’.
1189 583 1298 618 Ἐπειδὴ
1327 583 1411 609 πολλὰ
1438 583 1567 618 τυγχάνει
1597 583 1633 610 τὰ
1660 584 1730 618 προς
1758 583 1860 618 γνῶσιν

1069 629 1136 655 Θεοῦ
1153 629 1200 655 καὶ
1215 629 1316 664 ἀρετὴν
1327 629 1481 664 ζητούμενα
1494 630 1552 660 τοῖς
1567 628 1757 660 πιστεύουσιν,
1773 628 1860 656 ἁπαλ-

1067 674 1139 709 λαγὴ
1167 674 1272 706 παθῶν,
1297 675 1420 709 ὑπομονὴ
1450 674 1620 709 πειρασμῶν,
1638 674 1743 710 ἀρετῶν
1776 673 1860 709 λόγοι,

1068 720 1164 755 τρόποι
1184 720 1329 754 ἐνεργειῶν
1340 721 1369 752 ’⁵,
1401 719 1532 754 ἐξήλωσις
1549 720 1600 754 τῆς
1617 719 1684 755 πρὸς
1708 720 1799 754 σάρκα
1812 719 1861 755 τῆς

1067 764 1156 799 ψυχῆς
1168 764 1326 797 διαθέσεως,
1343 764 1513 797 ἁποξένωσις
1525 764 1576 798 τῆς
1599 764 1668 799 πρὸς
1687 764 1722 791 τὰ
1744 764 1862 799 αἰσθητὰ

1069 810 1119 844 τῆς
1147 810 1302 846 αἰσθήσεως
1339 809 1468 845 σχέσεως,
1503 809 1550 836 τοῦ
1575 809 1621 836 νοῦ
1645 809 1782 845 παντελὴς
1808 806 1862 839 ἀπὸ

1072 856 1180 882 πάντων
1208 855 1262 882 τῶν
1294 856 1444 890 γεγονότων
1471 855 1654 891 ἀναχώρησις.
1685 856 1742 882 Καὶ
1768 855 1862 888 ἁπλῶς

1073 900 1157 936 μυρία
1173 901 1241 927 ἄλλα
1268 901 1333 932 εἰσὶ,
1350 901 1385 927 τὰ
1407 901 1475 936 πρὸς
1499 900 1604 935 ἀποχὴν
1626 901 1676 935 μὲν
1700 901 1802 933 κακίας
1816 901 1863 928 καὶ

1071 945 1233 979 ἀγνωσίας,
1264 945 1433 980 κατόρθωσιν
1459 945 1488 971 δὲ
1512 945 1639 978 γνώσεως
1668 945 1715 971 καὶ
1738 945 1860 981 ἀρετῆς·

1071 991 1184 1023 εἰκότως
1203 992 1217 1017 ὸ
1235 991 1337 1026 Κύριος
1351 991 1460 1027 ἔφησεν,
1480 991 1581 1018 Πάντα
1602 990 1660 1017 ὅσα
1675 991 1712 1017 ἂν
1736 991 1862 1025 αἰτῆσθε

1071 1037 1277 1069 πιστεύοντες,
1306 1036 1445 1070 ,λήψεσθε
1459 1044 1466 1051 ·
1489 1036 1576 1062 πάντα
1606 1036 1710 1068 ἁπλῶς,
1736 1037 1771 1063 τὰ
1794 1037 1863 1072 πρὸς

1072 1081 1219 1115 ὲπίγνωσιν
1238 1081 1306 1107 Θεοῦ
1335 1081 1382 1107 καὶ
1406 1080 1506 1116 ἀρετὴν
1523 1081 1695 1108 συντείνοντα
1717 1081 1787 1116 μόνα
1816 1082 1863 1108 καὶ

1072 1126 1163 1162 ζητεῖν
1178 1127 1226 1153 καὶ
1239 1128 1325 1154 αἰτεῖν
1341 1127 1400 1162 μετ’
1424 1127 1579 1162 ἐπιστήμης
1604 1127 1652 1154 καὶ
1675 1127 1794 1159 πίστεως
1809 1127 1864 1153 δεῖν

1072 1172 1156 1199 είπὼν
1179 1173 1242 1205 τοὺς
1267 1173 1398 1205 εὐσεϐεῖς.
1418 1174 1511 1201 Ταῦτα
1537 1175 1591 1207 γὰρ
1605 1174 1693 1200 πάντα
1715 1173 1863 1208 συμφέρει,

1072 1217 1118 1244 καὶ
1147 1219 1255 1250 πάντως
1292 1218 1400 1245 δίδωσιν
1434 1219 1505 1245 αὐτὰ
1535 1219 1591 1250 τοῖς
1621 1217 1743 1245 αἰτοῦσιν
1766 1219 1780 1245 ὁ
1805 1217 1865 1245 Κύ-

1073 1273 1139 1299 ριος.
1713 1278 1719 1282 .

1110 1314 1153 1345 ιη’.
1178 1311 1207 1336 Ὀ
1219 1310 1307 1336 τοίνυν
1324 1309 1368 1336 διὰ
1399 1309 1483 1344 μόνην
1508 1309 1559 1344 τὴν
1587 1309 1688 1343 πίστιν,
1712 1310 1798 1345 ἠγουν
1815 1309 1866 1344 τὴν

1072 1357 1140 1392 πρὸς
1169 1356 1234 1382 Θεὸν
1254 1357 1356 1390 ἄμεσον
1385 1356 1494 1388 ἕνωσιν,
1523 1356 1613 1382 πάντα
1631 1355 1719 1390 ζητῶν
1735 1355 1770 1381 τὰ
1795 1356 1866 1391 πρὸς

1072 1403 1120 1437 τὴν
1134 1402 1240 1434 ἕνωσιν,
1259 1401 1365 1433 πάντως
1380 1401 1495 1437 λήψεται
1511 1410 1518 1416 ·
1534 1402 1548 1428 ὁ
1562 1402 1590 1427 δὲ
1604 1401 1705 1436 ταύτης
1729 1401 1792 1436 δίχα
1816 1401 1867 1436 τῆς

1072 1447 1173 1479 αἰτίας,
1194 1447 1246 1473 κᾶν
1276 1447 1354 1479 ἄλλα,
1374 1448 1424 1473 κᾶν
1450 1447 1485 1473 τὰ
1512 1447 1698 1482 προειρημένα
1725 1446 1807 1482 ζητῇ,
1835 1447 1867 1474 οὐ

1073 1493 1196 1527 λήψεται.
1218 1493 1254 1518 Ού
1282 1492 1336 1527 γὰρ
1355 1492 1490 1523 πιστεύει,
1519 1491 1578 1518 ἀλλ’
1608 1492 1713 1518 οἰκείαν
1739 1492 1777 1523 ὡς
1799 1492 1868 1519 ἄπι-

1074 1545 1134 1567 στος
1149 1537 1192 1563 διὰ
1207 1537 1261 1562 τῶν
1281 1536 1361 1563 θείων
1374 1536 1599 1572 πραγματεύεται
1611 1536 1701 1569 δόξαν.

1109 1626 1150 1652 ιη’.
1174 1626 1204 1652 '0
1230 1625 1327 1662 γνώμῃ
1362 1626 1414 1661 τῆς
1446 1625 1507 1652 καθ’
1534 1626 1673 1661 ἁμαρτίαν
1697 1626 1866 1662 καθαρεύων

1073 1671 1186 1706 φθορᾶς,
1212 1671 1319 1706 φθείρει
1332 1672 1381 1706 τὴν
1406 1671 1460 1698 τῶν
1480 1672 1603 1706 φθείρειν
1618 1672 1780 1706 πεφυκότων
1799 1671 1867 1706 φθο-

1075 1717 1133 1751 ράν.
1153 1717 1185 1743 Ἦ
1212 1717 1267 1752 γὰρ
1281 1717 1423 1752 ἀφθαρσία
1441 1717 1491 1752 τῆς
1511 1718 1711 1752 προαιρέσεως,
1728 1717 1779 1752 τὴν
1795 1717 1867 1751 φθο-

1072 1762 1122 1801 ρὰν
1153 1763 1296 1797 συντηρεῖν
1328 1763 1379 1796 τῆς
1409 1760 1517 1795 φύσεως
1546 1761 1670 1795 πέφυκεν
1710 1761 1867 1797 ἄφθαρτον,

1073 1806 1144 1833 κατὰ
1156 1807 1294 1840 πρόνοιαν,
1308 1806 1352 1833 διὰ
1364 1807 1413 1841 τῆς
1424 1807 1452 1832 ὲν
1462 1807 1532 1841 αὐτῇ
1548 1806 1595 1833 τοῦ
1606 1807 1766 1842 Πνεύματος
1781 1807 1868 1843 χάρι-

1072 1861 1128 1883 τος,
1146 1852 1183 1887 μὴ
1199 1852 1378 1887 συγχωροῦσα
1392 1853 1452 1882 ταῖς
1471 1851 1605 1883 ἐναντίαις
1621 1856 1762 1889 ποιότησιν
1775 1854 1868 1889 αὐτὴν

1071 1896 1286 1932 διαφθείρεσθαι.

1107 1947 1142 1970 κ’.
1167 1943 1275 1979 Ἐπειδὴ
1287 1945 1394 1978 φύσεως
1410 1945 1457 1972 καὶ
1482 1946 1594 1979 χάριτος
1619 1943 1660 1977 εἷς
1674 1945 1722 1972 καὶ
1739 1945 1753 1971 ὁ
1783 1945 1870 1977 αὐτὸς

1072 1989 1122 2015 οὐκ
1135 1989 1193 2016 ἐστι
1205 1989 1294 2024 λόγος,
1306 1990 1356 2016 οὐκ
1369 1990 1444 2018 ἐστιν
1467 1991 1586 2027 ἀπορίας
1605 1991 1691 2024 ἄξιον,
1705 1990 1766 2022 πῶς
1789 1999 1868 2023 τινες

1071 2034 1126 2060 τῶν
1154 2035 1250 2069 ἁγίων,
1279 2035 1344 2062 ποτὲ
1373 2035 1424 2071 μὲν
1451 2035 1546 2062 παθῶν
1570 2035 1726 2071 ὑπερεῖχον,
1752 2035 1823 2062 ποτὲ
1840 2035 1870 2063 δι

1075 2081 1176 2115 μᾶλλον
1202 2081 1355 2109 ὑπέπιπτον
1389 2083 1506 2110 πάθεσι’
1548 2082 1739 2116 γινωσκόντων
1770 2081 1869 2118 ἡμῶν.

1072 2127 1113 2154 ὅτι
1126 2127 1156 2153 τὸ
1174 2127 1223 2161 μὲν
1239 2127 1340 2163 θαῦμα,
1357 2128 1407 2163 τῆς
1421 2129 1532 2164 χάριτος
1541 2126 1574 2163 ἦν
1588 2137 1594 2144 ·
1611 2128 1641 2154 τὸ
1654 2127 1683 2154 6's
1706 2127 1803 2159 πάθος,
1817 2127 1870 2163 τῆς

1039 2183 1059 2209 ο
1074 2172 1192 2207 φύσεως.

1109 2217 1161 2245 κα’.
1180 2218 1210 2244 'O
1226 2219 1270 2245 διὰ
1288 2220 1429 2254 μιμήσεως
1446 2218 1495 2253 τὴν
1518 2219 1628 2254 μνήμην
1650 2217 1720 2252 ἔχων
1735 2217 1784 2252 τῆς
1811 2217 1871 2244 τῶν

1072 2263 1158 2298 ἁγίων
1179 2264 1363 2300 ἀναστροφῆς,
1387 2265 1436 2299 τὴν
1469 2265 1517 2298 μὲν
1536 2263 1591 2290 τῶν
1617 2263 1711 2291 παθῶν
1737 2262 1871 2292 ἀποτίθε-

1072 2317 1118 2335 ται
1146 2308 1297 2345 νέκρωσινο
1327 2310 1376 2345 τὴν
1399 2309 1428 2336 δὲ
1449 2309 1504 2336 τῶν
1532 2309 1638 2344 ἀρετῶν
1664 2308 1737 2344 ζωὴν
1768 2308 1870 2335 ὑποδέ-

1091 2361 1161 2380 εται.

1091 2362 1161 2380 stat.

1073 2362 1090 2389 χ
1109 2399 1161 2434 κβ’.
1184 2397 1221 2435 Ὦ
1245 2401 1338 2436 τρόπῳ
1358 2400 1483 2436 βούλεται
1503 2401 1517 2427 ὸ
1534 2401 1584 2435 τὴν
1599 2399 1716 2427 ἑκάστου
1742 2399 1870 2435 διορίσας

1075 2445 1147 2480 ζωὴν
1176 2446 1230 2482 πρὸ
1262 2446 1317 2473 τῶν
1345 2447 1452 2474 αἰώνων
1489 2448 1567 2479 Θεὸς,
1598 2447 1713 2474 ἑκαστον
1735 2446 1807 2481 πρὸς
1837 2446 1871 2473 τὸ

1073 2491 1172 2518 οἰκεῖον
1186 2491 1237 2526 τῆς
1248 2491 1321 2528 ζωῆς
1341 2492 1403 2527 ἄγει
1419 2493 1505 2526 τέλος,
1526 2493 1581 2519 εἴτε
1595 2492 1710 2524 δίκαιον,
1737 2490 1793 2517 εἴτε
1809 2491 1871 2518 ἄδι-

1074 2545 1122 2564 κον
1125 2558 1132 2564 .

1111 2586 1165 2617 κγ’.
1181 2584 1190 2594 ‘
1205 2583 1257 2610 Τὸν
1276 2583 1314 2619 τῷ
1331 2584 1459 2619 μακαρίῳ
1475 2583 1575 2620 Παύλῳ
1590 2583 1730 2618 συμϐάντα
1747 2581 1871 2618 ζοφερὸν

1076 2628 1210 2664 χειμῶνα,
1224 2628 1254 2655 τδ
1280 2628 1364 2664 βάρος
1386 2627 1456 2656 εἶναι
1475 2629 1530 2656 τῶν
1554 2629 1690 2657 ἀκουσίων
1705 2628 1872 2663 πειρασμῶν

1074 2674 1260 2710 τεκμαίρομαι
1275 2683 1281 2691 ·
1314 2675 1363 2710 τὴν
1383 2675 1410 2702 δὲ
1435 2674 1527 2710 νῆσον,
1542 2675 1593 2710 τὴν
1617 2674 1718 2709 παγίαν
1741 2672 1799 2706 {iw
1819 2673 1871 2708 τῆς

853 2739 874 2754 ⁵⁷
890 2738 951 2766 Act.
969 2747 1059 2775 xxvm,
1073 2741 1100 2775 2,
1118 2742 1144 2769 7.

1107 2803 1117 2814 ⁹
1131 2802 1172 2830 Cf.
1186 2803 1230 2831 ad.
1246 2803 1370 2831 Thalass.
1384 2811 1412 2839 q.
1429 2803 1470 2830 57.
