1951 3076
92 151 159 184 122)

433 152 598 185 CAPITUM
617 151 828 188 QUINQUIES
846 151 1105 182 CENTENORUM
1125 151 1318 183 CENTURIA
1336 152 1378 183 II.

1659 154 1727 188 12-30

88 210 166 240 θείας
179 208 288 241 ἐλπίδος
310 208 358 236 καὶ
370 208 495 238 ἄσειστον
509 217 515 223 ⁸
532 208 583 244 τὴν
594 209 623 236 δὲ
645 209 746 244 πυρὰν,
761 208 810 244 τήν
823 208 880 239 ’ἐΞιν

943 209 1001 236 vin}:
1033 210 1091 245 spei
1113 209 1254 244 habitum;
1294 218 1402 245 rogum.
1433 210 1557 239 scientia:
1580 212 1646 239 item
1679 214 1725 241 lia~

87 255 140 288 τῆς
162 254 307 288 γνώσεως·
337 253 372 280 τὰ
395 253 423 280 δὲ
438 254 574 289 φρύγανα,
595 253 644 288 τὴν
657 253 712 280 τῶν
735 253 882 288 ὁρωμένων

89 301 173 334 qni-rw
182 307 189 315 '
205 300 238 336 ἢν
255 299 421 335 συνέστρεφε
432 300 480 335 μὲν
489 301 522 335 τῇ
535 300 618 335 χειρὶ,
633 301 666 335 τῇ
678 300 750 326 κατὰ
766 299 883 335 οεωρὶαν

88 346 162 380 λέγω
185 345 363 382 ψηλαςρητικῇ
378 345 424 372 τοῦ
450 345 496 372 νοῦ
515 345 640 380 δυνάμει,
662 345 813 380 διατρέφων
827 345 884 376 τοῖς

88 392 120 425 ἐξ
131 391 219 425 αὐτῆς
237 392 355 426 νοήμασι
378 391 428 426 τὴν
446 390 504 423 ἕξιν
524 391 574 426 τῆς
587 391 724 425 γνώσεως,
739 390 789 425 τὴν
800 389 882 426 θερα-

89 437 227 464 πεύουσαν
250 437 301 472 τὴν
335 438 368 463 ὲκ
393 436 441 463 τοῦ
466 437 600 472 χειμῶνος
631 436 685 462 τῶν
718 435 883 471 πειρασμῶν

90 482 305 518 προστριὸεἳσαν
315 483 348 518 τῇ
364 482 469 517 διανοίᾳ
483 482 651 517 κατήφειαν
663 481 713 516 τὴν
724 481 753 507 δὲ
766 481 883 515 ἔχιδναν,

89 530 139 563 τὴν
148 528 335 558 λανθανόντως
350 527 579 562 ὲγκεκρυμμένην
599 527 633 562 τῇ
663 526 742 561 φύσει
762 527 816 552 τῶν
840 526 884 552 αἰ-

90 573 201 609 σθητῶν
214 573 337 608 πονηρὰν
347 573 394 599 καὶ
416 572 538 608 ὀλέθριον
552 572 667 607 δύναμιν
679 580 687 588 ·
702 572 820 607 δήξασαν
835 571 884 607 μὲν

89 620 140 656 τὴν
152 621 244 655 χεῖρα,
271 618 406 651 τουτέστι,
429 618 480 654 τὴν
513 619 584 646 κατὰ
611 618 676 646 νοῦν
692 617 885 654 ψηλαφητικὴν

89 667 141 701 τῆς
159 665 279 701 θεωρίας
299 665 441 701 ἐνέργειαν
454 673 462 680 ·
483 665 512 691 οὗ
526 664 666 700 βλάψασαν
680 664 709 691 δι
722 665 769 691 τὸν
786 665 884 700 διορα-

89 713 167 739 τικδν
182 711 255 743 νοῦν,
279 711 318 746 τῷ
346 712 417 745 φωτὶ
435 712 486 743 τῆς
504 710 632 745 γνώσεως
655 710 739 746 αὐτὴν
754 711 834 743 εὐθὺς
847 710 886 743 ὡς

91 759 122 784 ἐν
136 757 205 793 πυρὶ
223 757 430 792 διαφθείραντα,
455 757 506 792 τὴν
527 757 565 792 τῷ
582 757 726 792 πρακτικῷ
755 758 886 791 κινήματι

90 804 139 830 τοῦ
161 804 218 836 νοῦ,
234 803 439 839 προσαφθεῖσαν
454 804 486 830 ὲκ
501 803 552 838 τῆς
583 803 638 830 τῶν
666 803 804 838 αἰσθητῶν
823 803 888 829 θεω-

93 850 166 885 ρέας.
183 849 305 885 ὀλέθριον
325 849 450 884 δύναμιν.

933 254 1042 286 bitum;
1083 260 1237 288 sarmenta,
1273 263 1367 283 rerum
1397 255 1548 283 visibilium
1584 261 1722 291 naturam,

933 306 1014 334 quam
1037 299 1060 326 is
1072 307 1154 326 manu
1167 300 1297 327 versabat
1312 299 1514 336 (contrectante
1540 301 1646 329 scilicet
1661 310 1727 337 spe-

933 344 1052 372 culando
1076 345 1177 372 mentis
1201 345 1344 381 facultate)
1372 346 1405 373 ad
1433 346 1562 373 alendum
1586 347 1648 382 ejus
1670 355 1728 376 me-

933 390 1117 418 ditationibus
1140 390 1285 425 sensisque
1307 391 1431 418 scientia:
1462 391 1605 425 habiturn;
1622 400 1678 427 quo
1702 393 1728 420 is

934 436 1072 464 incussam
1085 445 1119 464 ex
1130 437 1312 464 tentationum
1325 437 1435 464 turbine
1446 437 1539 464 animo
1553 437 1727 465 mmstitiam—

933 482 1033 517 quovis
1053 481 1136 510 modo
1161 483 1285 515 levaret;
1310 482 1445 518 viperam,
1462 483 1620 511 clanculum
1639 483 1727 511 latet~

935 531 990 555 tem
1013 528 1042 556 in
1065 536 1158 556 rerum
1181 529 1325 557 sensilium
1355 534 1454 557 natura
1475 529 1674 565 nequissimam
1695 537 1728 558 ac

933 574 1073 601 exitialem
1094 574 1247 606 virtutem;
1273 582 1335 610 qua;
1359 582 1482 602 morsum
1504 575 1618 610 quidem
1633 574 1728 602 manui

935 619 1058 647 inﬁxerit
1087 620 1284 655 (contrectanti
1309 620 1417 648 scilicet
1442 620 1611 655 speculando
1626 621 1728 648 mentis

935 664 1102 700 operationi)
1128 673 1180 693 nec
1207 669 1299 693 tamen
1323 665 1588 700 perspicacissimam
1607 670 1728 694 mentem

935 711 1086 746 quidquam
1098 711 1203 738 laeserit
1220 719 1227 738 :
1241 719 1302 746 quae
1314 711 1400 746 ipsam
1415 712 1506 739 statim
1520 712 1643 740 scientiae
1656 712 1728 742 lucc.

934 757 1012 784 velut
1029 757 1056 784 in
1075 757 1148 792 igne,
1169 757 1321 784 haerentem
1340 757 1422 792 539
1447 765 1481 785 ex
1498 758 1642 786 sensilium
1666 766 1728 793 spe~

936 803 1074 830 culatione
1102 803 1162 838 ejus
1179 803 1266 830 motui
1290 803 1427 831 actionem
1449 805 1565 840 regenti,
1591 805 1730 833 exitialem

937 856 997 876 eam
1020 849 1151 876 virtutem
1174 849 1334 884 peremerit.

129 880 178 921 is.
210 880 297 930 ὐσμὴ
313 893 346 930 ἦν
365 880 420 921 ἀπὸ
436 894 509 929 ζωῆς
532 895 570 926 εἰς
585 893 659 929 ζωὴν
674 894 688 920 ὁ
713 893 883 925 Ἀπόστολος,

973 894 1017 920 25.
1038 894 1103 921 Erat
1122 880 1270 929 Apostolus
1281 893 1350 921 odor
1367 902 1382 921 a
1394 894 1450 921 vita
1467 893 1501 921 ad
1520 894 1605 921 vitam
1624 894 1658 926 ⁸⁵,
1675 895 1727 921 γυι-

91 940 130 971 ώς
144 941 210 971 τοὺς
228 941 344 971 πιστοὺς
370 940 409 974 τῷ
434 939 495 966 καθ’
512 939 610 966 ἑαυτὸν
633 939 824 974 ὑποδείγματι,
842 939 886 965 διὰ

92 988 222 1022 ’πράξεως
242 987 309 1022 πρὸς
332 987 380 1021 τὴν
397 987 512 1014 εὐωδίαν
537 987 592 1014 τῶν
619 987 724 1022 ἀρετῶν
741 986 885 1018 κινεῖσθαι,

92 1033 333 1068 παρασκευάζων
356 1034 372 1068 ἢ
391 1034 454 1064 τοὺς
478 1033 658 1069 πειθομένους
683 1033 723 1068 τῷ
744 1033 814 1068 λόγῳ
838 1032 886 1064 τῆς

92 1080 217 1115 χάριτος,
234 1080 272 1111 ὡς
293 1079 380 1115 κήρυξ
397 1080 451 1106 dno
464 1081 513 1115 τῆς
527 1080 588 1118 κατ’
603 1079 729 1114 αἴσθησιν
745 1079 828 1113 ζωῆς,
848 1079 887 1109 εἰς

90 1130 144 1161 τὴν
168 1127 197 1152 ὲν
212 1125 348 1161 πνεύματι
365 1126 492 1161 μετάγων
508 1125 592 1160 ζωήν.
619 1125 706 1161 Ὀσμὴ
723 1125 751 1151 δὲ
773 1125 887 1152 θανάτου

91 1174 134 1204 εἱς
152 1172 276 1205 Θάνατον,
293 1174 350 1204 τοῖς
367 1173 421 1199 ἀπὺ
438 1172 485 1199 τοῦ
508 1173 624 1200 θανάτου
648 1174 698 1207 τῆς
713 1171 824 1206 ἀγνοίας
847 1172 887 1203 εἰς

92 1219 141 1244 τὸν
155 1218 204 1253 τῆς
219 1219 347 1249 ἀπιστίας
359 1218 473 1245 ὲλάσασι
487 1218 613 1250 ϐάνατον,
630 1217 720 1249 διδοὺς
734 1217 825 1248 αὐτοῖς
848 1218 887 1243 αῖ-

94 1265 194 1299 σθηπιν
210 1265 260 1299 τῆς
276 1264 412 1300 μενούσης
427 1265 524 1296 αὐτοὺς
539 1264 741 1299 κατακρίσεως.
757 1264 792 1290 Ίι
808 1263 888 1290 πάλιν

92 1311 167 1346 ὀσμὴ
181 1311 233 1336 ἀπὸ
246 1310 320 1345 ζωῆς
334 1312 374 1342 εἰς
388 1310 471 1345 ζωὴν.
487 1311 544 1341 τοϊς
558 1310 612 1337 ἀπὸ
626 1309 752 1346 πράξεως
767 1310 807 1341 εἰς
821 1309 888 1335 Θεω-

95 1357 157 1388 ρίαν
168 1357 348 1391 ἀναγομένοις
357 1363 364 1370 ·
377 1355 450 1390 ὀσμὴ
464 1355 493 1381 δὲ
509 1355 623 1382 θανάτου
640 1356 680 1386 εἰς
696 1355 820 1384 θάνατον.
832 1354 888 1385 τοῖς

93 1402 150 1429 ἀπὸ
173 1401 220 1428 τοῦ
239 1401 376 1436 νεκρῶσαι
392 1400 429 1437 (ὁ)
453 1401 486 1436 τῇ
511 1399 574 1426 καθ’
594 1399 732 1435 ἁμαρτίαν
750 1399 834 1434 ἀργίᾳ.
855 1399 889 1425 τὰ

97 1447 168 1482 μέλη
181 1447 215 1473 τὰ
231 1447 277 1474 ἐπὶ
292 1448 340 1482 τῆς
357 1447 420 1481 γῆς,
437 1447 477 1477 εἰς
493 1445 542 1480 τήν
556 1446 611 1472 τῶν
632 1444 764 1480 ἐμπαθῶν
784 1445 888 1480 νοημά-

94 1502 150 1520 των
170 1500 199 1518 τε
215 1493 262 1519 καὶ
285 1491 442 1526 φαντασιῶν
467 1490 668 1527 ἐπαινουμένην
695 1489 888 1526 μεταϐαίνουσι

95 1539 244 1575 νέκρωσιν.

132 1674 183 1699 κε’.
204 1671 284 1705 Τρεῖς
307 1671 375 1698 εἰσιν
401 1671 430 1697 al
452 1670 503 1706 τῆς
519 1670 608 1706 ψυχῆς
627 1669 772 1706 δυνάμεις,
801 1670 890 1705 λόγος.

97 1717 196 1752 θυμὸς,
215 1717 263 1743 καὶ
286 1716 427 1751 ἐπιθυμία.
447 1716 492 1751 Τῷ
517 1716 566 1752 μὲν
581 1716 664 1752 λόγῳ,
685 1716 821 1752 ζητοῦμεν
833 1724 840 1731 ⁴
857 1717 892 1752 τῇ

99 1763 234 1799 ἐπιθυμίᾳ
257 1763 295 1795 δὲ,
324 1760 461 1798 ποθοῦμεν
481 1763 512 1789 τὺ
537 1762 654 1797 ζητηοὲν
671 1763 785 1797 ἀγαθόν·
806 1762 845 1798 τῷ
863 1763 892 1790 δὲ

99 1810 190 1844 Θυμῷ,
206 1808 481 1845 ὑπεραγωνιζόμεοα.
498 1809 576 1836 Κατὰ
590 1809 690 1840 ταύτας
704 1809 736 1843 δὴ
751 1809 800 1841 τὰς
815 1809 894 1836 δυνά-

99 1864 163 1890 μεις
180 1855 379 1891 προσμένοντες
392 1856 416 1882 οἱ
431 1856 476 1882 τδν
490 1856 556 1883 Θεὸν
572 1855 743 1889 ἀγαπῶντες,
766 1855 806 1890 τῷ
828 1854 893 1891 οειῳ

99 1902 172 1937 λόγῳ
188 1902 238 1937 τῆς
249 1902 349 1937 ἀρετῆς
364 1901 411 1928 καὶ
427 1903 477 1936 τῆς
492 1901 618 1933 γνώσεως
629 1909 636 1917 ·
654 1903 687 1937 τῇ
705 1901 764 1936 μὲν,
779 1901 893 1937 ζητοῦν-

98 1956 166 1980 τεςσ
183 1949 217 1983 τῇ
242 1947 282 1976 δὲ,
304 1947 465 1979 ποθοῦντες*
487 1948 520 1982 τῇ
546 1946 585 1977 δὲ,
612 1947 892 1982 ὑπεραγωνιζόμενοι,

98 1993 224 2028 δέχονται
240 1992 341 2028 τροφὴν
359 1992 508 2028 ἄφθαρτον,
529 1993 577 2020 καὶ
593 1992 638 2019 τὸν
652 1992 715 2019 νοῦν
732 1992 893 2020 πιαίνουσαν

97 2040 148 2074 τὴν
167 2038 269 2073 γνῶσιν
285 2039 339 2065 τῶν
361 2039 520 2073 γεγονότων.

136 2119 195 2160 χέ’.
217 2127 272 2163 Τὴν
288 2128 452 2155 κενωοεῖσαν
462 2128 511 2163 τῆς
522 2127 645 2164 δοθείσης
659 2127 787 2162 γνώσεως
801 2127 893 2162 φύσιν,

98 2176 249 2210 γενόμενος
264 2174 406 2209 ἅνθρωπος
424 2175 438 2201 ὁ
450 2174 497 2201 τοῦ
510 2174 578 2201 Θεοῦ
599 2174 695 2208 Λόγος,
715 2174 795 2200 πάλιν
812 2173 894 2208 ἐπλή-

938 944 967 966 ut
992 940 1039 974 qui
1069 940 1164 967 ﬁdeles
1185 939 1313 975 exemplo
1333 948 1394 972 suo,
1411 943 1442 967 ut
1462 940 1497 967 ad
1516 941 1651 967 virtutum
1679 941 1728 967 fra-

937 985 1071 1020 grantiam
1098 994 1146 1020 per
1166 986 1304 1013 actionem
1329 990 1519 1018 moverentur,
1534 992 1731 1021 componeret,

937 1037 985 1060 aut
999 1038 1129 1068 tanquam
1147 1033 1321 1068 praedicator,
1338 1041 1386 1060 eos
1405 1033 1452 1068 qui
1472 1033 1606 1061 doctrinae
1620 1041 1652 1060 ac
1672 1041 1728 1060 ser.

939 1079 1014 1106 moui
1036 1079 1131 1114 gratia:
1154 1079 1386 1114 obsequerentur,
1402 1087 1418 1107 a
1432 1079 1488 1107 vita
1507 1087 1541 1106 ex
1563 1087 1664 1107 sensus
1688 1087 1726 1106 ra-

939 1125 1024 1156 tione,
1050 1125 1083 1152 ad
1108 1125 1192 1152 vitam
1219 1133 1280 1160 quae
1298 1133 1332 1152 ex
1358 1125 1473 1160 spiritus
1495 1124 1653 1153 rationibus
1681 1131 1732 1155 est.

940 1171 1114 1198 transferret.
1136 1170 1211 1198 Odor
1233 1175 1325 1198 autem
1346 1171 1444 1198 mortis
1469 1171 1497 1198 in
1527 1176 1656 1204 mortem,
1680 1171 1733 1199 his.

939 1217 986 1251 qui
1001 1217 1035 1244 ab
1061 1217 1222 1252 ignorantiae
1239 1222 1328 1244 morte
1345 1217 1378 1244 ad
1395 1217 1597 1244 incredulitatis
1616 1223 1733 1244 mortem

939 1265 1095 1293 evaserant,
1121 1269 1239 1296 quorum
1259 1262 1360 1289 animis
1380 1262 1518 1289 manentis
1538 1270 1588 1289 eos
1600 1263 1733 1289 condem-

940 1306 1060 1333 natiouis
1085 1314 1196 1333 sensum
1224 1308 1396 1335 immitteret.
1424 1307 1479 1335 Aut
1503 1316 1600 1336 rursus
1622 1309 1692 1336 odor
1720 1317 1733 1335 a

940 1351 996 1378 vita
1018 1351 1051 1377 ad
1076 1352 1171 1384 vitam,
1192 1352 1245 1384 his,
1272 1353 1319 1388 qui
1350 1353 1384 1380 ab
1416 1353 1524 1380 actione
1547 1353 1581 1380 ad
1608 1359 1732 1380 contem-

940 1397 1088 1432 plationem
1129 1398 1333 1432 proveherent;
1360 1399 1431 1426 odor
1455 1404 1548 1426 autem
1578 1400 1676 1426 mortis
1705 1399 1732 1425 in

940 1447 1068 1474 mortem,
1100 1443 1152 1475 bis,
1177 1443 1224 1478 qui
1253 1444 1288 1471 ab
1309 1452 1343 1472 eo
1370 1445 1443 1479 quod
1463 1445 1617 1473 cessatione
1635 1453 1650 1472 a
1665 1453 1734 1480 pec-

941 1493 1013 1522 cato,
1037 1489 1152 1524 ejusque
1165 1489 1217 1517 sibi
1231 1490 1334 1518 indicta
1347 1491 1503 1524 vacatione,
1521 1492 1645 1518 membra
1662 1499 1736 1518 mor-

942 1533 1118 1566 tificaveriut,
1138 1543 1199 1569 qua:
1213 1539 1279 1562 sunt
1298 1543 1382 1570 super
1404 1540 1507 1563 terram
1525 1535 1558 1568 δ’,
1581 1536 1614 1563 ad
1641 1537 1736 1564 lauda-

941 1578 1025 1606 bilem
1047 1580 1210 1608 vitiosarum
1229 1589 1277 1608 seu
1303 1581 1516 1609 libidinosarum
1535 1583 1734 1617 cogitationum

941 1633 1144 1662 sensorumque
1159 1627 1244 1653 animi
1266 1627 1507 1654 mortificationem
1526 1632 1680 1655 transeunt.

976 1670 1021 1697 25.
1042 1671 1112 1698 Tres
1136 1676 1201 1698 sunt
1226 1671 1325 1698 animus
1352 1671 1506 1703 facultates,
1533 1673 1614 1704 ratio,
1643 1672 1682 1700 ira
1707 1677 1736 1700 et

941 1715 1088 1750 cupiditas.
1107 1716 1146 1743 Ac
1165 1716 1270 1742 ratione
1282 1715 1406 1750 quidem,
1434 1716 1598 1751 quatrimus;
1617 1708 1736 1751 cupidi-

942 1766 1008 1794 tate,
1025 1762 1099 1797 quod
1122 1762 1268 1797 quaesitum
1284 1762 1387 1789 bonum
1401 1766 1443 1789 est
1459 1762 1664 1796 desideramus;
1683 1763 1735 1795 ira,

942 1809 1003 1844 ejus
1023 1808 1118 1835 tuendi
1142 1815 1226 1835 causa
1240 1811 1444 1836 concertamus.
1470 1809 1510 1836 Ex
1527 1809 1626 1836 harum
1640 1810 1734 1845 itaque

943 1853 1104 1881 facultatum
1119 1853 1238 1886 ratione,
1253 1853 1300 1888 qui
1317 1853 1411 1881 divina
1432 1854 1568 1882 charitate
1594 1855 1667 1888 fulti,
1694 1857 1736 1884 di-

943 1899 1014 1926 vinae
1035 1898 1145 1926 virtutis
1166 1906 1198 1926 ac
1226 1899 1350 1928 scientiae
1377 1900 1477 1928 rationi
1509 1905 1592 1936 atque
1614 1904 1735 1930 sermoni

943 1944 1054 1972 assidue
1085 1949 1188 1972 navant
1208 1952 1340 1980 operam;
1355 1954 1386 1974 ac
1402 1947 1500 1982 partim
1519 1953 1657 1982 quaerunt,
1671 1957 1736 1984 par—

946 1990 994 2018 tim
1009 1990 1179 2023 desiderant,
1191 1991 1348 2026 partimque
1363 1992 1458 2019 luendi
1469 1993 1568 2021 ardore
1580 1993 1735 2027 decertant,

944 2036 1185 2072 incorruptibilem
1210 2044 1302 2065 escam
1328 2038 1530 2066 nauciseuntur
1552 2047 1584 2066 ac
1615 2044 1736 2067 mentem

945 2081 1176 2117 impinguantem,
1204 2086 1360 2110 crcatarum
1384 2091 1476 2111 rerum
1495 2084 1651 2112 scientiam.

980 2127 1024 2155 26.
1042 2128 1188 2160 Naturam,
1203 2135 1334 2157 concessa
1364 2129 1417 2157 sibi
1434 2131 1550 2158 scientia
1564 2137 1736 2164 evacuatam,

946 2174 994 2201 Dei
1022 2174 1142 2202 Verbum
1167 2174 1270 2202 factum
1294 2175 1387 2209 homo,
1403 2176 1518 2204 scientia
1541 2177 1633 2205 denuo
1649 2179 1737 2206 adio:-

99 2229 175 2257 ρωσε
200 2219 345 2253 γνώσεως·
363 2219 410 2246 καὶ
433 2218 577 2254 στομώσας
597 2218 665 2254 πρὸς
690 2218 841 2254 ἀτρεψιαν,
863 2217 889 2243 οἰ

947 2219 1049 2254 plevit;
1069 2220 1228 2255 duransque
1243 2225 1274 2248 ut
1296 2222 1364 2249 uulli
1387 2222 1518 2258 deinceps
1540 2223 1660 2251 obnoxia
1677 2232 1739 2251 mu-

99 2267 198 2301 ᾳῦαει,
224 2266 346 2300 ποιότητι
375 2266 414 2298 δὲ,
448 2265 550 2301 ταύτην
578 2265 710 2292 ὲοέωσεν·
741 2264 894 2296 ἁνελλιπῶς

99 2311 188 2347 αὐτὴν
202 2311 242 2346 τῷ
255 2312 348 2346 οἰκείῳ
362 2311 570 2347 χαρακτηρίσας
588 2310 725 2344 Πνεύματι
736 2317 744 2324 ·
769 2309 895 2344 καθάπερ

100 2358 188 2392 ὕδωρ.
205 2357 278 2393 οἰνος.)
293 2357 418 2392 ποιότητι
441 2357 510 2393 πρὸς
531 2357 607 2383 τόνον
623 2355 822 2391 μετακεράσας.
846 2355 896 2381 Διὰ

100 2403 184 2430 τοῦτο
199 2403 255 2438 γὰρ
271 2403 318 2429 καὶ
333 2402 438 2436 γίνεται
454 2401 516 2428 κατ’
538 2402 667 2438 ἀλήθειαν
681 2400 835 2436 ἄνθρωπος,
854 2400 897 2426 ἵνα

100 2450 176 2478 κατὰ
189 2450 271 2485 χάριν
286 2450 359 2483 ἡμᾶς
372 2448 530 2484 καταστήσῃ
545 2447 634 2480 οεούς.

138 2497 193 2529 κζ’.
221 2496 250 2523 '0
270 2495 319 2531 τὴν
342 2495 423 2529 φύσιν
439 2494 493 2521 τῶν
517 2494 669 2530 ἀνθρώπων
690 2493 895 2529 δημιουργήσας

100 2543 182 2574 θεὸς,
204 2541 262 2576 ἃμα
281 2540 406 2576 βουλήσει
426 2541 456 2567 τὺ
474 2538 544 2567 εἶναι
560 2541 628 2575 αὺτῇ
651 2540 777 2572 δέδωκεν,
796 2539 896 2574 συνήρ-

102 2597 190 2624 μοσεν
213 2588 282 2622 αὐτῇ
309 2587 356 2613 καὶ
382 2586 496 2621 δύναμιν
516 2586 571 2612 τῶν
590 2586 766 2621 καθηκόντων
790 2593 897 2620 ποιητι-

101 2635 157 2670 κήν
168 2641 176 2650 ·
194 2633 309 2669 δύναμιν
324 2633 351 2659 δὲ
371 2633 453 2667 λέγω,
465 2633 515 2668 τὴν
528 2632 664 2664 οὺσιωὸὦς
678 2632 728 2668 μὲν
743 2638 900 2666 κατεσπαρ-

948 2266 1045 2293 talioni
1062 2266 1109 2298 sit,
1135 2274 1191 2294 non
1215 2270 1325 2299 natura,
1350 2267 1398 2294 sed
1423 2268 1556 2302 qualitate
1580 2277 1640 2296 eam
1661 2270 1739 2297 deiﬁ-

947 2311 1036 2344 cavit;
1050 2311 1090 2339 sic
1105 2319 1157 2339 suo
1171 2311 1322 2347 obsignans
1342 2311 1460 2347 Spiritu,
1475 2318 1505 2341 ut
1523 2314 1592 2341 nihil
1610 2315 1636 2342 ci
1650 2315 1739 2347 desit;

948 2365 981 2384 ac
1017 2357 1040 2385 si
1066 2365 1136 2392 aqua
1164 2357 1221 2384 vini
1249 2358 1382 2392 qualitate
1416 2359 1577 2392 misceatur,
1610 2364 1641 2386 ut
1667 2360 1740 2387 illius

948 2402 1072 2437 vigorem
1086 2401 1241 2430 contrahat.
1264 2402 1370 2430 idcirco
1387 2404 1461 2431 enim
1479 2405 1561 2432 etiam
1579 2413 1642 2433 vere
1656 2405 1741 2432 homo

950 2446 1039 2474 factus
1055 2451 1109 2479 est,
1133 2451 1164 2473 ut
1186 2455 1237 2474 nos
1261 2455 1310 2482 per
1328 2448 1444 2482 gratiam
1463 2449 1531 2476 deos
1551 2454 1704 2484 praestaret.

986 2492 1031 2520 27.
1052 2492 1126 2519 Deus
1151 2492 1298 2520 condendo
1332 2493 1480 2520 humanam
1513 2499 1652 2526 naturam,
1679 2503 1742 2522 mox

951 2546 984 2566 ac
1010 2537 1050 2564 illi
1071 2543 1102 2565 ut
1127 2541 1202 2565 esset
1223 2537 1365 2566 voluntate
1394 2539 1523 2571 contulit,
1549 2540 1604 2567 vim
1632 2549 1743 2576 quoque

952 2584 1043 2612 eidem
1061 2583 1179 2611 faciendi
1194 2592 1255 2619 quae
1268 2584 1384 2612 honesta
1399 2586 1454 2612 sint
1474 2590 1503 2613 et
1519 2585 1612 2618 ofﬁcii,
1627 2587 1743 2622 aptarit.

953 2631 1014 2658 Vim
1033 2633 1126 2657 autem
1145 2629 1208 2656 dico
1231 2637 1281 2657 seu
1295 2629 1467 2663 facultatem,
1491 2638 1555 2658 eum
1572 2637 1676 2659 motum
1693 2632 1742 2667 qui

140 2716 163 2732 ⁸⁸
176 2715 200 2743 ll
213 2714 276 2743 Cor.
292 2723 320 2747 ιι,
340 2714 382 2746 16,
399 2713 444 2741 ubi
460 2718 551 2740 tamen
565 2713 643 2740 deest
658 2712 688 2739 τὸ
701 2711 764 2739 ἀπό.
780 2711 851 2738 Odor
865 2711 889 2738 vi

943 2712 968 2738 in
983 2711 1075 2738 vitam.
1115 2709 1137 2725 δ’
1153 2709 1258 2738 Coloss.
1273 2719 1312 2743 ul,
1327 2711 1353 2738 5.

142 2786 180 2820 (ὓ)
204 2785 277 2814 ’Λπὸ
292 2785 344 2812 τοῦ
358 2785 515 2819 γηρῶσαι.
530 2784 669 2819 Quidquid
682 2784 727 2810 hic
737 2782 831 2820 Picus,
859 2781 898 2820 sic

104 2816 229 2850 alieuum
255 2829 269 2848 a
294 2816 433 2856 theologia
459 2816 620 2854 motumque
635 2818 773 2856 scientia,
800 2821 831 2844 ut
854 2816 897 2856 vel

104 2865 195 2886 unum
211 2856 374 2892 idexetnplo
383 2851 442 2884 Esse
456 2860 549 2891 queat,
563 2851 617 2882 non
632 2853 709 2882 facile
719 2851 898 2887 irrumpcnda

951 2787 1029 2817 sacra
1047 2779 1139 2817 adyta.
1157 2778 1267 2817 ei,__qui
1285 2779 1408 2817 ἀμᾴητος
1426 2780 1483 2817 sit._
1496 2780 1567 2817 Quid
1585 2782 1658 2808 enim
1685 2791 1707 2817 pr
1719 2792 1746 2808 (-

952 2815 1004 2876 ciui
1022 2814 1154 2845 socordia,
1177 2814 1287 2849 aliaque
1311 2815 1357 2842 hic
1373 2815 1398 2842 ei
1425 2815 1528 2850 posita?
1558 2816 1617 2854 ipsa
1635 2814 1745 2848 Maium

951 2857 966 2876 c
979 2857 1036 2876 ara.
