1920 3076
100 150 168 182 1233

432 154 600 185 CAPITUM
620 154 832 191 QUINQUIES
851 154 1113 186 CENTENORUM
1133 156 1329 188 CENTURIA
1350 158 1388 187 ΙΙ.

1666 156 1732 188 1234

95 206 130 244 ἧς
155 210 227 236 κατὰ
250 209 299 246 τὴν
318 211 427 247 πεῖραν,
446 213 483 247 μὴ
511 212 631 247 ἅψασθαι
654 213 688 240 δι’
707 213 847 249 ἐνεργείας
873 213 888 238 ὁ

952 215 1048 242 Iomini
1074 215 1253 244 interdictum
1277 220 1361 249 esset,
1379 224 1413 243 ne
1432 216 1601 251 experiendo
1618 217 1731 252 attinge-

95 254 237 291 ἅνθρωπος
261 256 312 291 τὴν
327 257 402 284 θείαν
424 257 515 285 λαὸὼν
535 260 654 294 εντολὴν,
671 260 722 286 οὐκ
743 259 886 293 ἐφύλαξεν.

130 300 181 334 λγ’.
209 301 365 338 Ἀμφότερα
382 303 416 330 τὰ
431 303 496 336 ξύλα
511 305 582 332 κατὰ
598 305 647 340 τὴν
664 305 785 341 Γραφὴν,
807 304 888 333 τινῶν

96 346 149 373 εἰσι
164 346 332 382 διακριτικὰ,
357 349 442 384 ἤγουν
456 351 470 376 ὁ
484 350 546 381 νοῦς
566 351 613 378 καὶ
628 351 644 386 ἡ
662 350 788 386 αἴσθησις
798 359 805 366 ·
821 349 887 384 οἷον,

96 394 112 420 ὁ
130 393 179 428 μὲν
194 394 266 426 νοῦς,
291 394 349 430 ἔχει
371 395 486 431 δύναμιν
510 396 692 432 διακριτικὴν,
716 395 820 431 νοητῶν
842 397 889 423 καὶ

96 439 244 475 αἰσθητῶν,
259 441 436 476 προσκαίρων
458 442 505 468 καὶ
523 441 656 469 αἰωνίων·
676 442 776 477 μᾶλλον
792 442 820 468 δὲ
836 442 888 477 ψο-

97 486 148 521 χῆς
167 486 296 522 ὑπάρχων
318 487 435 523 δύναμις
458 488 626 523 διακριτικὴ,
646 488 701 515 τῶν
719 488 780 523 μὲν,
804 489 891 524 αὐτὴν

97 532 258 568 ἀντέχεσθαι
283 532 386 559 πείθει·
407 533 462 560 τῶν
487 534 526 567 δὲ,
561 534 770 570 ὑπεραίρεσθαι.
800 535 835 562 'H
860 535 890 561 δὲ

97 577 224 613 αἴσθησις
246 577 302 614 ἔχει
322 578 438 614 δύναμιν
453 579 625 616 διακριτικὴν
640 580 737 616 ἡδονῆς
757 581 891 616 σωμάτων

97 624 145 650 καὶ
158 623 254 658 ὀδύνης
264 631 271 639 ’
289 624 390 659 μᾶλλον
403 624 431 651 δὲ
450 624 565 660 δύναμις
577 625 738 661 ὑπάρχουσα
762 626 901 661 ἐμψύχων·

97 669 146 696 καὶ
163 669 330 704 αἰσθητικῶν
353 670 500 705 σωμάτων,
515 670 565 706 τὴν
585 671 633 706 μὲν
656 670 754 706 ἡδονὴν
773 671 892 698 ἐπισπᾶ-

99 714 161 742 σθαι
175 715 276 749 πείθει,
290 716 340 752 τὴν
357 716 386 743 δὲ
401 716 497 752 ὀδύνην
512 717 737 754 ἀποπέμπεσθαι.

134 847 182 875 λδ’.
203 847 233 874 '0
249 847 402 884 ἄνθρωπος,
420 849 468 875 ἐὰν
485 849 533 884 μὲν
548 849 632 884 μόνης
654 850 703 885 τῆς
717 850 778 877 καθ’
792 851 892 886 ἡδονὴν

99 892 147 919 καὶ
164 892 260 928 ὀδύνην
273 893 434 929 αἰσθητικῆς
449 894 503 921 τῶν
515 895 649 929 σωμάτων
660 895 773 931 γένηται
786 896 893 930 διακρί-
908 887 930 915 Β

101 947 180 971 σεως,
205 940 255 975 τὴν
273 940 348 967 θείαν
365 940 493 977 παραϐὰς
517 941 637 976 ἐντολὴν,
656 941 741 968 ἐσθίει
761 943 792 968 τὸ
815 941 892 974 ξύλον

101 985 133 1010 τὴ
148 985 268 1018 γνωστὸν
287 985 371 1012 καλοῦ
387 986 434 1013 καὶ
451 987 570 1022 πονηροῦ
581 997 587 1003 ’
605 988 740 1020 τουτέστι,
760 989 810 1023 τὴν
832 989 892 1015 κατ’

101 1030 228 1066 αἴσθησιν
252 1031 379 1065 ἀλογίαν·
398 1032 467 1068 ἔχων
491 1033 574 1068 μόνην
588 1034 637 1070 τὴν
662 1035 827 1070 συστατικὴν
839 1035 894 1062 τῶν

103 1077 238 1110 σωμάτων
261 1077 417 1113 διάκρισιν,
441 1079 502 1105 καθ’
526 1080 570 1115 ἢν,
594 1080 631 1111 ὼς
657 1079 706 1115 μὲν
727 1080 823 1112 καλοῦ,
844 1081 893 1116 τῆς

103 1122 199 1157 ἡδονῆς
215 1123 373 1158 ἀντέχεται·
393 1124 430 1156 ὡς
450 1124 477 1151 δὲ
495 1125 592 1157 κακοῦ,
612 1126 661 1161 τῆς
673 1125 771 1159 ὀδύνης
788 1127 894 1161 ἀπέχε-

102 1177 157 1196 ται.
181 1169 244 1196 Ἐὰν
266 1170 295 1196 δὲ
320 1169 405 1204 μόνης
415 1171 465 1205 τῆς
485 1171 540 1197 τῶν
565 1172 683 1211 αἰωνίων
704 1172 895 1208 διακρινούσης

101 1214 143 1242 τὰ·
159 1214 314 1250 πρόσκαιρα
336 1215 375 1241 δι¹ι
385 1216 448 1242 ὅλου
468 1217 581 1252 γένηται
605 1219 701 1252 νοερᾶς
723 1219 894 1253 διακρίσεως,

103 1259 153 1294 τὴν
164 1259 239 1287 θείαν
251 1260 371 1294 φυλάξας
384 1261 506 1296 ἐντολὴν,
520 1262 606 1288 ὲσθίει
618 1263 647 1289 τὺ
658 1263 736 1296 ξύλον
746 1264 795 1298 τῆς
806 1263 877 1298 ζωῆς
887 1273 894 1279 ·

103 1305 157 1340 τὴν⁴
177 1306 247 1333 κατὰ
267 1306 330 1333 νοῦν
355 1306 427 1341 λέγω
453 1308 652 1343 συνισταμένην
677 1309 788 1343 σοφίαν·
812 1310 896 1345 μόνην

103 1351 173 1385 ἔχων
189 1351 237 1386 τὴν
251 1352 418 1387 συστατικὴν
436 1353 485 1387 τῆς
500 1353 590 1388 ψυχῆς
605 1353 758 1390 διάκρισιν·
776 1354 837 1381 καθ’
852 1355 895 1390 ἢν,

101 1396 141 1427 ὡς
165 1396 215 1430 μὲν
240 1396 336 1429 καλοῦ,
359 1398 408 1434 τῆς
425 1398 481 1425 τῶν
501 1399 620 1426 αἰωνίων
640 1400 782 1435 ἀντέχεται
798 1400 894 1436 δόξης·

102 1443 143 1474 ὡς
180 1443 208 1470 δὲ
241 1445 346 1477 κακοῦ,
385 1446 434 1480 τῆς
464 1446 521 1473 τῶν
559 1447 734 1484 προσκαίρων
765 1448 897 1483 ἀπέχεται

102 1489 219 1524 φθορᾶς-

139 1534 187 1562 λε¹.
215 1535 271 1562 Νοῦ
296 1537 345 1570 μὲν
371 1536 454 1563 καλόν
483 1537 575 1569 ἐστιν,
599 1538 615 1573 ή
638 1538 747 1574 ἀπαθὴς
775 1539 844 1573 πρὸς
867 1539 931 1582 τδρ

102 1580 214 1614 πνεῦμα
231 1581 366 1613 διάθεσις·
394 1582 477 1609 κακὸν
502 1583 541 1616 δὲ,
561 1584 578 1618 ἡ
602 1584 731 1620 ἐμπαθὴς
753 1584 822 1620 πρὸς
846 1584 897 1620 τὴν

101 1625 231 1661 αἴσθησιν
244 1627 354 1662 σχέσις·
371 1628 526 1663 αἰσθήσεως
546 1628 574 1655 δὲ
590 1629 672 1656 καλόν
692 1631 777 1662 ἐστιν,
800 1631 817 1666 ἠ
835 1630 896 1657 καθ’

102 1671 203 1706 ἡδονὴν
218 1672 346 1707 ἐμπαθὴς
361 1673 430 1708 πρὸς
457 1673 538 1709 σῶμα
559 1675 685 1710 κίνησις·
711 1676 796 1703 κακὸν
822 1677 861 1708 δὲ,
881 1677 897 1711 ἡ

103 1718 176 1744 κατὰ
191 1718 318 1754 στέρησιν
333 1719 434 1753 ταύτης
450 1720 627 1756 ἑπιγινομένη
644 1720 774 1753 διάθεσις.

141 1850 197 1883 λς’.
225 1850 255 1877 Ὀ
282 1852 380 1884 πείσας
409 1853 440 1879 τὸ
474 1853 597 1885 συνειδὸς
620 1853 659 1885 ὡς
684 1854 764 1889 φύσει
797 1856 897 1886 καλὸν,

104 1897 296 1932 πραττόμενον
313 1898 386 1933 ἔχειν
400 1899 430 1925 τὸ
451 1900 593 1932 κάκιστον,
615 1898 693 1932 οὗτος
715 1903 806 1937 χειρὸς
820 1902 898 1938 δίκην

103 1942 232 1975 ἐκτείνας
245 1945 276 1970 τδ
300 1945 462 1980 πρακτικὸν,
479 1946 558 1972 ἔλαϐε
572 1947 680 1982 ψεκτῶς
696 1947 742 1974 τοῦ
757 1947 834 1980 ξύλου
848 1948 898 1983 τῆς

104 1987 198 2023 ζωῆς,
215 1990 359 2016 ,ἀθάνατον
386 1992 559 2027 ἡγησάμενος
586 1993 666 2027 φύσει
697 1994 727 2019 τὸ
758 1994 897 2021 κάκιστον.

104 2035 209 2070 Διόπερ
224 2036 274 2071 τὴν
288 2037 363 2063 κατὰ
372 2038 403 2063 τὸ
419 2039 536 2070 συνειδὸς
550 2040 597 2065 τοῦ
615 2040 700 2066 κακοῦ
717 2040 843 2075 διαϐολὴν
861 2041 899 2077 τῷ

105 2081 246 2117 ἀνθρώπῳ
262 2083 385 2116 φυσικῶς
411 2083 555 2119 ἐνθέμενος
574 2086 589 2112 ὁ
610 2086 686 2119 Θεὸς,
701 2087 838 2122 διέκρινεν
855 2088 900 2115 αὐ-

103 2127 154 2153 τὸν
167 2127 219 2162 τῆς
238 2128 326 2163 ζωῆς,
351 2129 435 2156 κακὸν
459 2131 491 2165 τῇ
516 2131 676 2167 προαιρέσει
700 2133 897 2169 γεγενημένον·

104 2172 152 2199 ἵνα
183 2173 222 2208 μὴ
247 2175 278 2200 τὸ
306 2175 397 2202 κακὸν-
415 2176 562 2212 πράττων,
588 2178 699 2213 δύνηται
731 2181 823 2206 πεῖσαι
851 2182 900 2216 τὴν

940 263 992 291 ret,
1017 261 1177 288 mandatum
1200 269 1256 289 non
1281 262 1412 289 servavit.

974 303 1052 339 54]
1078 304 1122 332 55.
1149 305 1303 340 Utrumque
1327 305 1432 340 lignum
1460 305 1554 340 (mens
1578 306 1684 333 scilicet
1707 297 1751 333 et.

939 349 1046 384 sensus)
1062 350 1140 384 juxta
1156 350 1338 385 Seripturam,
1354 350 1411 377 vim
1426 350 1609 385 quorumdam
1627 350 1734 377 discer-

939 393 1094 421 ncndorum
1111 394 1224 427 habent,
1236 395 1314 422 verbi
1329 396 1417 430 gratia
1433 403 1521 427 mens,
1535 403 1567 422 ca
1581 395 1607 422 vi
1622 395 1735 430 praedita

939 447 1000 472 est,
1019 449 1072 476 qna
1089 441 1231 470 discernat
1247 450 1307 477 qua:
1328 443 1380 470 sub
1398 443 1570 470 intellectum
1590 443 1692 470 cadunt
1708 447 1736 469 et

940 494 1002 520 qua!
1023 487 1075 514 sub
1096 494 1218 520 sensum,
1232 495 1292 522 quae
1312 493 1487 523 temporanea
1506 494 1535 515 et
1553 497 1613 523 qum
1633 493 1736 515 aeterna

940 535 1014 559 sunt,
1032 532 1100 564 lmo,
1117 540 1180 560 cum
1200 533 1258 568 ipsa
1279 533 1415 568 ejusmodi
1437 533 1553 560 facultas
1572 533 1671 560 animae
1690 532 1735 564 sit,

941 577 986 604 cui
1013 577 1086 604 inest
1104 578 1147 605 vis
1168 579 1360 610 discernendi,
1378 584 1474 606 auctor
1497 579 1536 606 iili
1559 583 1617 612 est,
1634 584 1663 606 ut
1684 579 1737 606 alia

941 624 1139 659 amplectatur,
1157 625 1210 652 alia
1234 629 1346 660 superet
1370 632 1402 652 ac
1424 625 1611 652 transcendat.
1634 624 1738 652 Sensus

942 675 1033 698 autem
1053 670 1108 696 vim
1126 669 1210 697 habet
1226 670 1416 697 discernenda:
1446 675 1595 704 corporum
1610 668 1735 702 volupta-

943 714 978 741 tis
999 718 1083 749 atque
1102 714 1206 741 doloris
1227 723 1234 741 :
1255 714 1382 749 quinimo
1402 721 1465 740 cum
1488 713 1546 748 ipse
1566 712 1683 739 facultas
1702 711 1738 738 sit

943 767 1092 794 corporum
1103 761 1192 787 anima
1209 767 1348 794 sensuque
1363 759 1555 794 praeditorum,
1567 759 1737 793 voluptatem

944 805 1055 840 quidem
1073 805 1208 833 asciscere
1225 805 1338 837 suadet,
1353 805 1476 833 dolorem
1490 812 1556 832 vero
1572 804 1736 839 propellere.

980 851 1024 883 54.
1041 851 1138 883 Ποιιιο,
1153 851 1290 886 siquidem
1307 851 1358 879 soli
1376 851 1548 883 discretioni,
1563 858 1624 885 qua:
1640 857 1739 877 sensus

943 901 995 929 est,
1014 897 1164 931 voluptatis
1185 904 1335 932 corporum
1359 901 1441 931 atque
1461 896 1576 928 doloris,
1598 896 1739 935 impensus

944 942 996 974 sit,
1021 941 1109 968 divini
1138 942 1278 974 mandati;
1307 941 1531 977 transgressionis
1559 949 1638 972 rens,
1665 940 1739 975 ligno

943 988 1065 1015 vescitur
1085 988 1209 1015 scientiae
1231 988 1297 1015 boni
1321 992 1350 1015 et
1376 988 1447 1015 mali'
1469 988 1584 1023 (sensus
1606 987 1738 1013 nimirum

943 1039 1056 1069 experte
1073 1034 1189 1061 rationis
1204 1034 1291 1069 motu)
1310 1042 1363 1061 una
1384 1034 1490 1069 poliens
1506 1041 1538 1060 ea
1554 1033 1738 1065 discretione,

944 1087 1006 1114 quae
1022 1080 1057 1107 ad
1075 1087 1223 1114 corporum
1241 1079 1458 1107 incolumitatem
1476 1079 1556 1111 facit;
1576 1087 1644 1114 qua,
1660 1078 1740 1106 volu-

945 1130 1049 1161 ptatem
1073 1126 1184 1160 quidem
1210 1130 1239 1152 ut
1263 1126 1367 1153 bonum
1393 1125 1589 1160 amplectitur;
1616 1125 1739 1152 dolorem

946 1179 1011 1198 vero
1029 1171 1099 1205 fugit
1132 1175 1162 1198 ut
1180 1171 1292 1198 malum.
1308 1170 1355 1198 Sin
1374 1175 1468 1198 autem
1487 1171 1588 1198 mentis
1607 1170 1742 1198 duntaxat

946 1216 1107 1243 discretioni
1133 1224 1247 1251 prorsus
1271 1217 1399 1250 studeat,
1422 1225 1482 1251 quae
1505 1221 1682 1251 temporanea
1706 1217 1740 1243 ab

945 1263 1056 1290 aeternis
1079 1263 1233 1295 discernat,
1256 1263 1343 1289 divini
1368 1263 1491 1290 mandati
1517 1267 1613 1293 tenax,
1634 1263 1738 1297 lignum

946 1308 1009 1335 vitae
1027 1308 1201 1343 (sapientiam
1219 1308 1353 1335 nimirum
1370 1309 1398 1335 in
1417 1312 1511 1336 tuente
1527 1308 1739 1343 consistentem)

947 1356 1084 1388 comedit;
1106 1364 1160 1382 una
1177 1356 1311 1383 duntaxat
1328 1356 1460 1391 prazditus
1477 1356 1663 1388 discretione,
1679 1363 1741 1390 qua:

948 1401 981 1428 ad
997 1401 1080 1428 animi
1096 1402 1212 1428 salutem
1227 1401 1307 1434 facit;
1324 1410 1388 1436 qua,
1403 1406 1569 1429 aeternorum
1586 1402 1743 1429 claritatem

948 1451 982 1473 ut-
991 1447 1093 1474 bonum
1110 1448 1281 1482 complexus,
1295 1455 1310 1475 a
1327 1452 1498 1475 terrenorum
1517 1448 1696 1483 corruptione
1711 1451 1742 1474 ut

948 1499 964 1519 a
978 1492 1055 1519 malo
1066 1493 1234 1527 abjnngitur.

983 1536 1028 1564 55.
1042 1537 1144 1564 Mentis
1159 1538 1267 1565 bonum
1280 1541 1362 1572 atque
1379 1538 1474 1570 animi,
1489 1538 1637 1573 tranquilla
1653 1541 1696 1565 est
1711 1545 1742 1565 ac

938 1582 1096 1611 .all‘ectibus
1109 1590 1211 1610 vacans
1225 1591 1274 1610 seu
1290 1583 1439 1610 libidinosa
1458 1584 1518 1618 ejus
1534 1591 1598 1619 erga
1615 1583 1741 1618 spiritum

948 1627 1073 1661 aﬂcctio;
1091 1629 1192 1655 malum
1205 1636 1282 1660 vero,
1296 1629 1442 1656 libidinosa
1460 1634 1487 1656 et
1500 1637 1561 1656 eum
1577 1629 1678 1657 aﬂ‘ectu
1693 1637 1742 1657 seu

948 1672 1157 1707 perturbatione
1180 1681 1244 1708 erga
1267 1681 1379 1701 sensum
1403 1674 1537 1701 habitudo
1563 1681 1594 1700 ac
1620 1673 1740 1702 affectio.

949 1717 1157 1755 Sensus‘autem
1170 1719 1284 1751 bonum,
1295 1727 1401 1754 pronus
1412 1724 1454 1747 est
1465 1720 1614 1754 voluptatis
1626 1719 1742 1747 libidine

949 1762 977 1788 in
994 1769 1096 1797 corpus
1113 1764 1342 1795 motus;.malum
1359 1771 1440 1796 vero,
1455 1771 1516 1798 qua:
1533 1771 1581 1798 per
1598 1763 1672 1790 illius
1687 1763 1742 1798 pri-

949 1808 1087 1834 vationem
1101 1808 1246 1843 dispositio
1260 1816 1292 1836 ac
1306 1809 1416 1837 all'ectio
1431 1809 1547 1836 accedit.

983 1853 1028 1880 56.
1044 1853 1095 1886 Qui
1119 1859 1216 1882 auctor
1235 1855 1411 1882 conscientiae
1431 1859 1483 1887 est,
1500 1860 1532 1883 ut,
1551 1855 1626 1883 velut
1646 1859 1742 1882 natura

948 1898 1070 1930 bonum,
1103 1899 1176 1933 quod
1212 1903 1255 1926 cst
1287 1897 1439 1934 pessimum
1474 1907 1558 1934 opere
1590 1900 1742 1927 exercitum

949 1944 1062 1978 habeat;
1081 1945 1118 1977 is,
1133 1946 1212 1980 quasi
1233 1953 1343 1972 manum
1364 1945 1471 1981 (agendi
1491 1946 1556 1982 vim)
1575 1947 1741 1978 extendens,

949 1990 983 2017 de
1000 1990 1075 2025 ligno
1092 1991 1170 2023 vitae,
1187 1991 1344 2019 damnando
1363 1992 1486 2019 facinore
1504 1993 1623 2028 accepit;
1646 1997 1743 2020 natura

949 2041 1026 2064 ratus
1044 2037 1216 2068 immortale,
1230 2038 1304 2072 quod
1323 2038 1350 2065 in
1369 2038 1497 2073 pessimis
1516 2036 1673 2065 habendum
1690 2044 1741 2066 cst.

949 2082 1021 2109 Dens
1039 2082 1142 2117 itaque,
1157 2084 1204 2118 qui
1221 2087 1319 2111 natura
1336 2084 1442 2110 homini
1461 2084 1608 2116 indiderat,
1623 2088 1661 2117 ut,
1679 2093 1744 2111 con-

950 2128 1064 2156 scientia
1088 2129 1190 2164 judicc,
1207 2131 1309 2157 malum
1332 2130 1518 2165 vituperaret,
1541 2131 1669 2158 eumdem
1694 2139 1743 2158 sua

951 2174 1039 2209 ipsum
1053 2175 1194 2203 voluntate
1209 2184 1240 2203 ac
1253 2177 1370 2204 arbitrio
1386 2177 1488 2204 malum
1507 2177 1647 2209 cﬂ'ectum,
1661 2185 1675 2204 a
1689 2177 1744 2204 vita

106 2218 179 2244 ἰδίαν
195 2220 359 2255 συνείδησιν,
384 2222 426 2248 ὅτι
453 2222 533 2257 φύσει
557 2224 639 2250 καλὸν
659 2225 777 2262 ὑπάρχει
794 2226 825 2252 τὸ
850 2227 893 2254 κά-

951 2221 1104 2255 segregavit
1123 2229 1129 2246 :
1148 2230 1183 2248 ne
1201 2221 1266 2248 dum
1284 2222 1386 2248 malum
1407 2222 1477 2257 agit,
1496 2222 1673 2250 conscientia:
1689 2229 1745 2249 sua:

104 2271 156 2290 κισ
158 2271 213 2291 τον.

143 2345 184 2378 λζ’
221 2346 255 2373 Ἦ
271 2346 403 2382 ἄμπελος,
421 2346 493 2375 οἶνον
517 2350 604 2376 ποιεί·
620 2349 731 2382 ὀόἳνος,
756 2352 859 2388 μέθην·
882 2354 898 2388 ἡ

103 2390 194 2426 μέθη,
209 2390 346 2419 ἔκστασιν.
363 2394 467 2421 Οὐκοῦν
479 2396 493 2421 ὁ
503 2395 616 2430 ἐνεργὴς
629 2396 718 2430 λόγος,
738 2398 807 2433 ὅπερ
826 2400 901 2426 ἐστὶν

102 2437 123 2471 ἡ
147 2436 281 2470 ἄμπελος,
310 2439 516 2474 γεωργούμενος
530 2441 591 2471 ταῖς
615 2441 736 2476 ἀρεταῖς,
756 2444 902 2480 γεννᾷς-τὴν

100 2481 211 2516 γνῶσιν
221 2491 227 2498 ·
241 2482 302 2517 ἠδὲ
316 2484 426 2517 γνῶσις,
444 2486 527 2520 γεννᾷ.
536 2486 586 2522 τὴν
601 2486 836 2522 καλὴννέκστασιν,
853 2489 902 2526 τὴν

99 2525 154 2554 τὴν
173 2526 234 2553 νοῦν
252 2528 302 2563 τῆς
319 2530 378 2556 κατ’
397 2531 523 2566 αἴσθησιν
540 2532 659 2566 σχέσεως
678 2532 838 2565 ὲξιατῶσαν.

143 2574 197 2608 λη’.
219 2574 282 2606 Τοῖς
298 2575 352 2601 τῶν
371 2577 509 2612 αἰσθητῶν
528 2578 665 2613 νοήμασιν
684 2571 900 2617 είωθέκακούρο

98 2626 166 2652 γως
185 2619 200 2644 ό
224 2620 340 2654 πονηρὸς
358 2621 522 2664 συμϐάλλειν
546 2622 580 2649 τὰ
603 2623 657 2650 τῶν
682 2625 820 2660 αἰσθητῶν
842 2628 900 2664 ε-ἵδη

95 2665 156 2692 καὶ
174 2665 311 2700 σχήματα,
326 2665 360 2692 δι’
373 2663 410 2694 ὧν
426 2667 532 2702 πέφυκε
545 2668 578 2694 τὰ
594 2663 900 2706 πάθηδημιουργεῖσοαι

99 2709 178 2746 περὶ
190 2710 239 2742 τὰς
255 2711 417 2746 ἐπιφανείας
434 2713 487 2739 τῶν
503 2714 618 2748 ὁρατῶν,
638 2716 732 2742 στάσιν
751 2717 901 2753 λαμϐανού-

97 2765 160 2791 σης
177 2755 275 2792 (ε)ηδιὰ
291 2757 340 2792 τῆς
355 2758 440 2793 μέσης
458 2760 610 2796 αἰσθήσεως
629 2761 678 2796 τῆς
696 2763 758 2797 περί
772 2764 805 2791 τὰ
818 2766 902 2801 νοητὰ

951 2265 1118 2300 persuadere
1135 2267 1234 2301 possit,
1249 2266 1352 2294 bonum
1370 2273 1468 2295 natura
1485 2274 1556 2298 csse.
1568 2267 1648 2302 quod
1660 2267 1745 2302 pessi-

952 2319 1027 2339 mum
1042 2317 1094 2339 est.
1295 2308 1299 2312 ⁴

987 2356 1032 2384 57.
1060 2357 1147 2389 Vitis,
1172 2358 1274 2385 vinum-
1299 2359 1387 2394 parit;
1422 2360 1535 2393 vinum,
1563 2359 1743 2391 ebrietatem;

952 2400 1033 2436 5&2
1061 2401 1195 2433 ebrietas,
1219 2403 1320 2431 mentis
1347 2411 1501 2432 excessum.
1526 2403 1625 2431 Eilicax
1653 2404 1745 2438 itaque

954 2447 1024 2473 ratio
1049 2447 1147 2482 (quam
1172 2448 1223 2475 rite
1246 2448 1329 2476 vitem
1350 2449 1570 2484 nuncupat‘cris)
1593 2449 1746 2477 virtutibus

953 2493 1072 2525 exculta,
1084 2493 1228 2520 scientiam
1240 2494 1392 2530 progignit;
1403 2495 1529 2527 scicntia,
1539 2494 1642 2522 bonum
1651 2502 1746 2522 exces-

957 2546 1029 2570 sum,
1040 2546 1095 2573 quo
1104 2547 1181 2566 mens
1190 2547 1204 2566 a
1213 2540 1314 2567 carnali
1330 2548 1482 2575 sensusque
1497 2540 1611 2567 libidine
1625 2539 1744 2567 excudit.

988 2585 1032 2612 38.
1047 2586 1147 2612 Rerum
1162 2586 1314 2614 insensum
1329 2587 1485 2614 cadentium
1502 2586 1643 2622 conceptis
1655 2587 1744 2614 animo

954 2630 1118 2662 rationibus,
1131 2630 1290 2657 earumdem
1309 2630 1416 2658 formas
1426 2636 1508 2666 atque
1525 2631 1626 2666 ﬁguras
1643 2635 1674 2657 ut
1686 2639 1748 2658 vcr—

954 2680 1016 2703 sule
1031 2680 1168 2708 conserat,
1181 2684 1215 2703 ex
1228 2677 1485 2712 ncquissimi‘genio
1498 2681 1555 2710 est;
1570 2677 1671 2712 quibus
1683 2685 1747 2712 pro-

955 2722 1026 2749 clive
1046 2722 1120 2749 circa
1139 2730 1234 2749 earum
1255 2731 1348 2749 rerum
1369 2727 1557 2758 conspectum,
1574 2731 1642 2758 quas
1660 2723 1747 2751 oculis

955 2775 1131 2803 usurpamus,
1143 2768 1258 2796 affectus
1270 2774 1451 2804 procreantur
1462 2777 1495 2797 ac
1506 2769 1636 2796 libidines
1647 2777 1654 2801 ;
1665 2770 1750 2797 ratio-

150 2846 185 2885 ίι)
204 2846 318 2875 Στάσιν
342 2849 554 2885 λαμϐανούσης
570 2859 576 2865 ·
603 2852 833 2888 lntcrquicscunlr,
867 2865 893 2883 ac

951 2863 1067 2889 rssantc;
1098 2867 1131 2887 ne
1161 2866 1243 2887 sensu
1270 2858 1361 2888 medio
1382 2859 1422 2887 ad
1441 2858 1576 2895 spiritalia
1604 2861 1746 2890 transeat;
