1920 3076
105 153 173 186 ιεετ

423 151 592 182 CAPITUM
609 147 821 186 QUINQUIES
839 146 1100 178 CENTENORUM
1119 143 1316 175 CENTURIA
1335 142 1377 173 ΙΙ.

1664 136 1732 169 ιετιδ

106 211 152 238 καὶ
173 209 279 246 ὑψηλὴν
295 207 414 244 θεωρίαν
430 207 506 244 δηλοῖ
516 216 523 224 ’
540 208 554 233 ὁ
569 207 597 233 δὲ
612 206 743 242 βραχίων,
754 205 804 240 τὴν
824 203 895 239 πρᾶ-

968 203 1048 229 iorem
1075 208 1106 228 ac
1132 199 1279 227 sublimem
1304 195 1566 232 contemplationem
1591 193 1738 229 significat.

106 257 158 291 ειν,
175 257 260 292 ἡγουν
276 255 324 283 τοῦ
353 252 527 289 διανοητικοῦ
548 253 599 288 τὴν
625 252 682 284 ἕξιν
695 251 742 278 καὶΙ
754 251 804 285 τὴν
821 249 898 284 ἐνέρ-

105 311 196 338 γειαν,
213 301 230 338 ἢ
248 301 297 337 τὴν
309 299 411 335 γνῶσιν
433 299 481 326 καὶ
506 298 556 334 τὴν
578 295 694 333 ἀρετήν·
712 296 752 327 ὡς
770 296 820 330 τῆς
848 295 899 330 μὲν

106 349 245 384 γνώσεως,
265 338 340 382 αὐτῷ
358 344 550 382 προσαγούσης
569 343 680 378 ἀμέσως
706 342 753 369 τὸν
779 341 841 368 νοῦν
860 340 900 376 τῷ

107 394 168 430 Θεῷ
179 403 185 410 ”
203 394 253 429 τῆς
270 392 372 428 ἀρετῆς
387 391 426 424 δὲ,
443 390 513 417 κατὰ
526 389 575 424 τὴν
590 388 690 424 πρᾶξιν
707 388 799 422 πάσης
818 387 901 421 ἀφαι-

109 440 246 477 ρουμένης
262 438 344 466 αὐτὸν
359 439 409 473 τῆς
420 437 474 464 τῶν
486 436 571 463 ὄντων
584 435 718 469 γενέσεως
728 435 737 446 ‘
752 442 758 450 '
779 433 851 470 ἅπερ
865 433 902 459 ἱε-

109 487 204 524 ρεῦσιν
215 486 356 519 ἀφώρισεν
380 485 394 511 ὀ
419 483 509 517 λόγος,
526 483 582 514 τοῖς
599 481 680 517 μόνον
704 480 750 507 τὸν
766 479 834 507 Θεὸν
858 478 902 506 διὰ

109 523 220 559 πάντων
229 529 417 566 κτησαμένοις
430 526 626 564 κληρονομίαν,
642 526 689 553 καὶ
706 525 790 561 μηδὲν
808 523 901 552 τοσύν-

109 579 169 606 ολον
183 586 267 613 κεκτη
273 577 363 612 μένοις
375 575 509 610 ἐπίγειον.

148 627 208 660 μς’.
228 623 337 659 Ἐπειδὴ
362 622 411 654 τὰς
431 622 518 651 ἄλλων
543 621 658 657 καρδίας
687 618 731 646 διὰ
750 616 797 645 τοῦ
822 616 902 651 λόγου

111 671 160 705 τῆς
173 667 358 700 διδασκαλίας,
375 668 399 694 οἱ
415 666 518 702 γνώσει
533 665 581 692 καὶ
597 664 683 699 ἀρετῇ
698 663 730 689 δι’
741 661 802 688 ὅλου
821 668 904 686 ποιω-

112 715 205 746 θέντες
216 713 256 749 τῷ
271 712 421 748 πνεύματι,
437 711 581 743 εὐσεὸείας
596 710 644 737 καὶ
664 708 782 738 πίστεως
797 704 904 732 ποιοῦν-

112 769 157 787 ται
173 758 312 791 δεκτικὰς,
326 758 373 785 καὶ¹
385 757 435 793 τὴν
451 755 609 792 πρακτικὴν
626 753 716 780 αὐτῶν
727 752 784 785 ἕξιν
801 751 848 777 καὶ
864 748 906 776 δύ-

113 815 198 842 ναμιν
213 804 424 840 ἀφαιρούμενοι,
437 802 492 829 τῶν
506 801 553 828 ἐπὶ
565 802 598 836 τῇ
614 800 722 835 φθαρτῇ
733 797 813 833 φύσει
826 804 906 823 σπου-

113 852 274 887 δασμὰτων,
292 850 360 886 πρὸς
377 849 428 884 τὴν
442 848 497 875 τῶν
513 847 583 883 ὑπὲρ
596 846 677 881 φύσιν
696 844 844 879 ἀφθάρτων
861 843 905 868 ὲν-

115 899 227 933 έργειαν
240 895 351 931 ἀγαθῶν
374 893 592 931 μεταφέρουσιν·
615 891 729 922 εἰκότως
745 889 800 916 τῶν
820 896 904 923 προσ-

116 943 259 978 αγομένων
276 943 316 974 εἱς
337 941 433 968 ουσίαν
447 939 526 972 Θεοῦ,
546 939 577 966 τὸ
592 936 736 973 στηθύνιον
751 935 798 962 τοῦ
812 933 907 961 ἐπιθέ-

118 997 204 1024 ματος
219 988 267 1023 (gl'
291 986 428 1017 τουτέστι,
452 984 507 1011 τῶν
524 981 740 1019 προσαγομένων
765 980 814 1016 τὴν
840 987 908 1014 καρ-

116 1035 195 1062 δίαν’
215 1034 263 1061 καὶ
285 1033 331 1060 τὸν
356 1031 497 1067 βραχίονα,
523 1030 577 1057 τῶν
602 1028 692 1055 αὐτῶν
716 1026 837 1062 δηλονότι
859 1024 908 1060 τὴν

118 1079 238 1115 πρᾶξιν·
265 1077 432 1114 προσέταξεν
456 1074 637 1111 ἁφιεροῦσθαι
664 1073 722 1104 τοῖς
752 1070 871 1107 ἱερεῦσιν
895 1071 909 1096 ὁ

117 1127 217 1160 Λόγος.

156 1169 211 1206 μζ.
228 1169 306 1196 Πᾶσα
332 1169 350 1204 ἡ
378 1166 496 1194 ὲνταῦοα
522 1164 682 1200 δικαιοσύνη
708 1162 908 1198 συγκρινομένη

120 1215 189 1250 πρὸς
214 1213 265 1249 τὴν
281 1212 446 1248 μέλλουσαν,
466 1211 601 1245 ἐσόπτρου
627 1209 706 1243 λόγον
734 1208 839 1242 ἐπέχει,
861 1207 910 1242 τὴν

120 1261 174 1288 τῶν
189 1259 354 1296 ἁρχετύπων
368 1257 540 1293 πραγμάτων
556 1255 659 1288 εἰκόνα,
678 1255 729 1282 οὐκ
747 1253 816 1281 αὐτὰ
829 1254 857 1279 δὲ
876 1252 910 1279 τὰ

120 1307 272 1342 πράγματα
287 1304 349 1332 κατ’
359 1302 429 1334 εῐδος
449 1301 623 1337 ὑφιστάμενα
636 1301 735 1336 ἔχουσα
746 1309 752 1315 ·
770 1301 816 1327 καὶ
840 1300 910 1326 πᾶσα

119 1352 222 1387 γνῶσις
238 1350 355 1378 ἐνταῦθα
368 1350 423 1376 τῶν
434 1349 545 1384 ὑψηλῶν
562 1347 763 1383 συγκρινομένη
779 1345 847 1381 πρὸς
861 1345 911 1380 τὴν

123 1397 286 1433 μέλλουσαν,
311 1395 428 1431 αἴνιγμά
442 1395 528 1427 ἐστιν,
554 1394 675 1430 ἔμφασιν
699 1393 749 1428 τῆς
770 1392 929 1432 ἀληθείας,.

120 1443 182 1472 ἀλλ’
200 1443 250 1470 οὐκ
263 1443 347 1478 αὐτὴν
365 1442 555 1478 ὑφισταμένην
568 1440 668 1476 ἔχουσα
680 1439 729 1476 τὴν
744 1438 911 1474 φανήσεσθαι

123 1491 275 1526 μέλλουσαν
292 1489 434 1524 ἀλήθειαν.

161 1536 217 1572 μη’.
238 1535 348 1571 Ἐπειδὴ
361 1536 445 1570 ἀρετῇ
463 1534 511 1561 καὶ
523 1533 622 1569 γνώσει
635 1533 670 1561 τὰ
683 1533 743 1560 θεῖα
761 1532 911 1567 συνέχεται,

123 1582 180 1609 τῶν
198 1581 258 1608 κατ’
272 1580 372 1616 ἀρετὴν
396 1579 585 1616 πρωτοτύπων
610 1579 685 1605 ἐστὶν
702 1578 867 1605 ἐνδεικτικὸν
883 1576 915 1603 τὸ

123 1628 268 1663 ἔσοπτρον,
283 1627 331 1654 καὶ
344 1626 400 1653 τῶν
414 1626 486 1653 κατὰ
502 1625 604 1660 γνῶσιν
628 1624 790 1660 ἁρχετύπων
816 1624 917 1658 ἐκφαν-

123 1674 201 1702 τικὸν
222 1673 341 1708 ὑπάρχει
357 1672 389 1699 τὺ
406 1671 534 1707 αἴνιγμα.

163 1721 218 1756 μθ¹.
236 1720 265 1746 Ὀ
286 1719 330 1746 διὰ
357 1718 486 1755 πράξεως
513 1718 701 1752 εὑαρεστήσας
724 1716 763 1752 τῷ
785 1716 856 1751 Θεῷ,
872 1715 917 1742 διὰ

124 1765 245 1801 θεωρίας
260 1764 328 1800 πρὸς
342 1763 390 1799 τὴν
405 1763 460 1790 τῶν
485 1763 589 1799 νοητῶν
603 1761 706 1798 χώραν,
727 1762 772 1788 τὸν
793 1761 855 1789 νοῦν
868 1761 916 1796 δη-

125 1812 195 1847 λαδὴ
212 1811 407 1846 μετατίθησιν·
424 1811 467 1837 ἶνα
484 1809 521 1845 μὴ
541 1809 585 1836 διὰ
608 1808 759 1844 φαντασίας
782 1808 855 1840 τινος
871 1808 918 1834 τὸν

126 1858 157 1884 ὲν
173 1857 229 1888 τοῖς
245 1855 342 1883 πάθεσι
359 1855 490 1891 θεάσηται
505 1854 619 1881 θάνατον
633 1853 704 1880 κατὰ
713 1854 763 1888 τὴν
778 1852 916 1888 αἴσθησιν,

126 1902 166 1933 ὡς
180 1901 233 1928 ὑπὸ
251 1901 363 1936 μηδενὸς
385 1901 438 1928 τῶν
451 1900 522 1927 ἑλεῖν
538 1899 711 1935 βουλομένων
727 1898 765 1934 (Ιι)
778 1897 919 1930 παντελῶς

126 1947 334 1983 εὑρισκόμενος.

165 1995 198 2020 ν.
216 1992 246 2019 '0
260 1991 374 2027 καθαρῷ
399 1991 518 2022 πίστεως
542 1989 674 2025 ὀφθαλμῷ
697 1989 753 2016 τῶν
768 1989 919 2025 μελλόντων

127 2038 241 2073 ἀγαθῶν
266 2037 328 2065 ἰδὼν
353 2038 403 2073 τὴν
433 2037 614 2073 εὐπρέπειαν,
639 2036 772 2064 ὑπακούει
794 2038 846 2072 γῆς
874 2037 920 2064 καὶ

128 2085 291 2120 συγγενείας
309 2085 356 2111 καὶ
371 2083 447 2110 οἴκου
465 2082 602 2118 πατρικοῦ
626 2083 776 2118 προθύμως
789 2083 919 2116 ἐξελθεῖν,

128 2130 288 2158 καταλιπὼν
300 2129 349 2166 τὴν
364 2129 432 2165 πρὸς
441 2130 530 2165 σάρκα
546 2129 592 2156 καὶ
603 2128 730 2163 αἴσθησιν
746 2129 794 2155 καὶ⁴
805 2129 922 2164 αἰσθητὰ

129 2177 227 2213 σχέσιν
240 2185 270 2203 τε
289 2178 336 2203 καὶ
362 2175 566 2212 προσπάθειαν·
594 2175 642 2202 καὶ
661 2174 769 2210 φύσεως
787 2176 815 2202 ὲν
832 2175 921 2211 καιρῷ

949 249 1049 275 Armus
1071 251 1175 279 autem,
1193 244 1344 275 actionem,
1368 242 1396 270 id
1417 245 1469 273 est,
1487 239 1633 275 cogitantis
1655 238 1740 265 animi

951 293 1077 320 habitum
1089 295 1118 319 et
1130 290 1331 326 operationem,
1342 287 1385 315 vel
1398 286 1544 315 scientiam
1555 288 1582 311 et
1593 284 1740 316 virtutem;

951 339 1053 374 quippe
1067 345 1130 365 cum
1145 336 1260 363 scientia
1276 338 1396 362 mentem
1408 333 1464 360 Deo
1478 330 1636 358 immediate
1649 329 1743 356 admo-

952 389 1029 417 veat;
1050 384 1140 411 virtus
1162 390 1244 414 vero,
1266 389 1320 416 qua
1344 380 1480 407 actionem
1506 376 1586 408 colit,
1607 375 1642 402 ab
1667 374 1741 402 omni

952 438 1045 459 rerum
1061 429 1206 457 atl'ectione
1220 431 1337 462 ortuque
1351 429 1491 453 removeat
1504 432 1511 450 τ
1525 432 1586 459 qua:
1600 421 1743 456 Scriptura

952 475 1143 504 sacerdotibus
1167 473 1334 509 segregavit,
1360 471 1407 506 qui
1435 471 1524 498 solum
1552 470 1640 496 Deum
1670 465 1744 494 nacti

953 523 1157 554 haereditatem,
1176 520 1244 548 nihil
1268 526 1382 555 prorsus
1402 524 1496 545 rerum
1517 520 1691 543 terrenarum
1716 513 1744 540 in

954 575 1039 595 censu
1055 566 1184 593 habeant.

990 612 1034 640 46.
1049 611 1117 640 Cum
1132 611 1187 644 his,
1200 609 1246 645 qui
1264 608 1381 637 scientia
1393 611 1422 635 et
1435 607 1537 635 virtute
1551 614 1602 641 per
1617 605 1744 640 spiritum

955 661 1012 685 toto
1034 657 1127 685 animo
1150 656 1247 683 imbuti
1270 658 1348 687 sunt,
1364 653 1475 689 pietatis
1494 652 1613 687 ﬁdeique
1633 658 1746 686 capaces

955 703 1072 731 aliorum
1092 705 1200 730 mentes
1219 700 1344 729 doctrina
1366 703 1448 734 atque
1467 705 1595 726 sermone
1616 696 1745 726 eiliciant,

955 755 1107 782 eorumque
1123 746 1240 774 actionis
1255 745 1380 772 habitum
1397 751 1429 770 ac
1443 743 1600 770 facultatem
1618 740 1746 768 auferen-

958 798 1009 826 tes,
1023 801 1057 821 ne
1074 800 1125 828 pro
1142 796 1248 819 natura:
1262 793 1399 825 corruptae
1411 789 1472 816 labe
1487 787 1586 815 studiis
1599 787 1746 818 dedantur,

957 839 990 867 ad
1004 839 1163 873 incorrupta
1177 837 1249 864 bona
1263 836 1318 863 vim
1333 842 1444 862 omnem
1459 839 1564 861 naturae
1578 831 1747 867 superantia,

958 893 1041 921 opere
1056 883 1212 920 praestanda
1227 882 1409 913 transierant;
1426 880 1525 908 merito
1539 887 1635 907 eorum
1648 886 1708 913 quae
1721 879 1749 905 in

958 932 1006 960 Dei
1032 930 1167 959 sacriﬁcio
1191 929 1348 956 olleruntur
1370 926 1561 962 pectusculum
1586 923 1750 953 elevationis

959 977 1066 1013 (eorum
1083 976 1188 1004 scilicet
1201 975 1246 1010 qui
1263 975 1445 1002 admoventur
1461 980 1508 1000 cor
1520 975 1601 1006 atque
1617 969 1749 1004 animum)

958 1030 1121 1057 armumque
1134 1020 1307 1057 (eorumdcm
1321 1019 1426 1047 scilicet
1437 1018 1585 1052 actionem)
1602 1015 1752 1044 sacerdoti-

960 1068 1012 1096 bus
1026 1066 1178 1095 addicenda
1194 1065 1326 1101 praecepit
1339 1064 1451 1092 divinus
1467 1062 1573 1090 Sermo.

995 1170 1040 1197 Π.
1064 1168 1161 1197 Omnis
1183 1168 1245 1196 vita:
1270 1167 1353 1202 hujus
1374 1165 1499 1202 justitia,
1521 1163 1544 1191 si
1569 1170 1632 1190 cum
1660 1161 1752 1188 futura

961 1215 1102 1247 conferas,
1122 1214 1226 1250 speculi
1251 1214 1387 1240 rationem
1408 1210 1533 1246 prazfert,
1551 1208 1752 1244 primitivarum

963 1269 1056 1290 rerum
1071 1261 1231 1296 imaginem,
1248 1267 1304 1286 non
1319 1266 1364 1287 res
1380 1258 1453 1292 ipsas
1468 1256 1619 1284 secundum
1634 1253 1752 1289 speciem

961 1316 1026 1336 vere
1043 1308 1220 1338 exsistentes,
1236 1305 1342 1333 habens
1359 1313 1365 1331 :
1384 1303 1529 1337 omnisque
1544 1300 1688 1337 praesentis
1703 1299 1754 1327 :evi

962 1354 1124 1382 sublimium
1147 1359 1240 1380 rerum
1263 1350 1398 1381 scientia,
1420 1349 1442 1376 si
1467 1355 1530 1375 cum
1554 1354 1587 1375 ea
1609 1345 1754 1376 conferas,

962 1408 1023 1436 qua:
1038 1400 1132 1427 futura
1149 1402 1334 1434 exspectatur,
1350 1396 1465 1431 :enigma
1482 1398 1535 1427 cst,
1545 1393 1672 1421 veritatis
1684 1391 1756 1419 exile

963 1445 1155 1475 simulacrum,
1171 1451 1226 1470 non
1245 1442 1332 1477 ipsam
1347 1449 1408 1476 quae
1422 1439 1622 1467 manifestanda
1637 1441 1680 1466 est
1693 1444 1757 1464 vere

963 1491 1142 1518 exsistentem
1156 1493 1185 1516 et
1198 1489 1285 1524 ipsam
1297 1488 1441 1515 veritatem
1455 1485 1570 1513 habens.

1000 1536 1045 1564 48.
1061 1535 1130 1563 Cum
1150 1543 1193 1568 res
1210 1534 1320 1566 divinae,
1334 1533 1438 1561 virtute
1455 1535 1484 1560 et
1499 1530 1615 1559 scicntia
1632 1535 1757 1563 compre-

967 1582 1143 1614 hendantur,
1160 1581 1320 1616 speculum,
1336 1579 1447 1606 virtutis
1469 1577 1608 1613 primitiva
1628 1579 1659 1603 ut
1679 1574 1756 1602 exhi-

966 1629 1041 1660 beat,
1055 1632 1244 1662 comparatum
1259 1626 1356 1658 habet;
1371 1624 1486 1660 anigma
1500 1631 1578 1655 vero,
1593 1626 1622 1650 ut
1638 1621 1760 1649 scientia:

966 1674 1107 1710 principes
1119 1673 1221 1700 formas
1234 1680 1266 1699 ac
1279 1671 1447 1706 exemplaria
1464 1673 1653 1704 reprmsentet.

1002 1720 1047 1748 49.
1060 1719 1111 1752 Qui
1129 1727 1178 1754 per
1192 1718 1328 1746 actionem
1342 1717 1399 1743 Deo
1415 1723 1526 1750 operam
1542 1713 1680 1749 probavit,
1695 1719 1761 1739 con-

967 1765 1154 1801 templationis
1171 1764 1247 1791 cultu
1262 1763 1296 1790 ad
1312 1769 1409 1791 eorum
1423 1769 1483 1796 qua:
1495 1763 1586 1787 mente
1601 1758 1756 1792 intelligun—

968 1815 1012 1838 tur
1033 1811 1188 1845 regioncm,
1207 1808 1302 1843 utique
1324 1807 1447 1835 animum
1470 1805 1591 1833 traducit
1600 1804 1633 1837 “,
1652 1811 1687 1831 ne
1707 1811 1760 1838 qua

969 1855 1145 1892 ειη-546
1157 1854 1334 1890 cogitatione,
1347 1856 1463 1881 mortem
1478 1853 1505 1879 in
1519 1851 1662 1879 aﬂcctibus
1673 1849 1762 1876 vitiis-

969 1911 1022 1938 que
1036 1902 1165 1937 positam,
1178 1908 1261 1929 sensu
1274 1899 1367 1928 videat
1380 1908 1387 1926 :
1401 1906 1482 1934 quem
1497 1897 1640 1930 nimirum,
1653 1904 1760 1928 eorum,

969 1955 1029 1982 quae
1045 1947 1200 1980 mancipare
1214 1945 1315 1976 velint,
1325 1945 1402 1971 nulla
1416 1943 1567 1970 inveniant.

1005 1991 1048 2020 50.
1068 1991 1119 2025 Qui
1140 1990 1244 2018 mundo
1264 1990 1328 2018 ﬁdei
1349 1989 1431 2018 oculo
1450 1989 1606 2016 futurorum
1626 1987 1761 2014 bonorum

970 2037 1134 2074 elegantiam
1148 2037 1265 2072 aspexit,
1278 2041 1308 2064 ut
1318 2035 1397 2071 quasi
1413 2035 1446 2063 de
1461 2040 1534 2062 terra
1546 2040 1574 2062 et
1589 2033 1761 2069 cognatione,

971 2084 1061 2119 deque
1086 2088 1200 2119 paterna
1223 2083 1306 2111 domo
1327 2085 1407 2110 exeat
1419 2082 1453 2113 ⁸⁵,
1472 2084 1599 2115 prompto
1624 2078 1763 2112 alacrique

973 2131 1065 2158 animo
1081 2129 1211 2162 obaudit;
1230 2129 1304 2156 omni
1321 2129 1354 2155 ad
1373 2135 1484 2155 carnem
1502 2132 1668 2160 sensumque
1685 2131 1717 2151 ac
1731 2131 1763 2150 ea

973 2183 1035 2210 quae
1051 2183 1165 2203 sensum
1182 2177 1304 2206 moveut,
1318 2173 1464 2201 atlectione
1480 2180 1512 2199 ac
1525 2171 1640 2199 libidine
1653 2169 1761 2200 relicta;

129 2221 288 2257 πειρασμοῦ
304 2221 352 2248 καὶ
367 2220 482 2255 ἀγώνων
494 2219 662 2256 ὑψηλότερος
677 2219 726 2252 ὢν,
744 2221 913 2257 προτιμήσας

973 2225 1143 2257 naturaque,
1161 2220 1271 2249 interim
1292 2220 1356 2248 dum
1378 2219 1545 2247 tentationes
1565 2226 1597 2246 ac
1615 2216 1763 2244 certamina

168 2300 193 2316 "
204 2299 273 2328 Gen.
289 2307 317 2332 ν,
332 2298 384 2332 24;
402 2298 488 2327 Hebr.
502 2306 540 2331 χι,
555 2297 581 2325 5.
621 2297 643 2313 "
661 2297 729 2325 Gen.
742 2305 789 2330 xu,
808 2298 833 2325 l.

167 2369 187 2379 “
201 2366 291 2398 Edita,
304 2365 442 2399 γνώσεως,
457 2364 548 2393 Malim
564 2363 695 2399 σχέσεως.

170 2403 178 2412 ⁸
191 2401 234 2429 Ct".
251 2397 289 2429 ad
311 2397 435 2428 Thalass.
450 2408 477 2436 q.
502 2400 548 2432 A7,
573 2397 621 2426 ubi
645 2397 701 2425 fere
718 2406 777 2433 seq.
795 2398 839 2426 ad.
863 2407 926 2435 cap.
947 2408 1034 2436 usque
1050 2400 1095 2427 49.

182 2471 277 2509 g)___Td
301 2471 472 2509 17130197107:
496 2468 755 2509 toﬁénﬂégurge.
776 2469 855 2509 vulg.
882 2470 921 2498 uti

131 2504 318 2539 reddidimus,
335 2505 518 2533 Pectusculum
531 2505 693 2540 devotionis.
712 2504 788 2540 Syxt.
805 2504 921 2540 interpr.

131 2542 321 2576 impositionis,
346 2541 419 2576 quod
437 2549 493 2568 non
509 2541 547 2567 ita
562 2539 672 2576 videtur
694 2539 861 2576 exprimere.
883 2540 922 2567 lbi

133 2551 321 2604 Imposuwms,
346 2551 419 2576 quou
437 2551 493 2568 non
510 2551 547 2567 Ita
563 2551 672 2566 vtuetur
694 2551 861 2574 cxpruttem.
883 2551 922 2567 tut

133 2579 172 2605 Sc
193 2578 231 2605 oi.
250 2576 352 2604 Ταυτόν
379 2577 453 2603 ἐστιν
473 2575 615 2610 ἀφαίρεμα
629 2575 681 2610 και
705 2575 847 2610 ἁφόρισμα
877 2576 924 2602 καὶ

133 2612 256 2645 ὲπὶθεμα
271 2613 319 2639 καὶ
343 2610 520 2647 καρπώματα
533 2609 590 2647 ᾇπὴ,
601 2609 655 2647 τῶν
666 2609 772 2647 θυσιῶν
784 2609 923 2647 -ᾲφοριζό-

160 2656 208 2674 ενα
220 2644 293 2682 Θεῷ,
310 2644 500 2682 ἄπεργίνὲται
516 2646 586 2682 μέρη
603 2644 651 2671 τοῦ
665 2644 770 2682 ἱερέως,
783 2644 854 2672 Νοη⁷
864 2653 924 2672 ma-

135 2658 208 2710 Γενα
223 2658 293 2682 usq),
310 2658 381 2682 απερ
396 2658 500 2679 γινεται
516 2658 586 2680 μερι]
603 2658 651 2671 Ἰιυυ
665 2658 770 2680 ιεριως.
783 2658 844 2672 υυιι
865 2658 924 2672 ΙΙΙᾶ-

145 2691 164 2710 e
179 2683 294 2710 forsitan
309 2682 481 2718 appositionis
492 2689 500 2713 ;
514 2680 571 2718 sive
585 2678 926 2718 pectuscutumuppositum

135 2726 170 2745 ac
181 2714 350 2752 suppositnin'
360 2717 461 2744 divinat
475 2714 588 2752 hostiae,
601 2722 633 2752 ac
647 2714 718 2752 parti
739 2715 779 2741 illi
794 2714 857 2752 quae
874 2723 924 2752 pe—

135 2749 272 2779 culiarius
286 2753 313 2779 in
326 2752 372 2779 Dei
387 2752 520 2779 honorem
538 2749 663 2781 cedebat,
682 2749 776 2784 illique
794 2750 925 2777 incende-

138 2788 231 2815 batur.
248 2788 313 2815 Eam
329 2791 447 2814 mentem
465 2785 551 2813 nostri
566 2785 623 2812 Jac.
639 2784 674 2811 de
691 2784 777 2812 Janua
803 2784 926 2812 Catholi-

137 2830 192 2850 con
210 2823 367 2850 insinuavit.
387 2822 426 2849 Eo
439 2822 510 2849 forte
524 2820 682 2848 Graecorum
697 2819 768 2847 ritus
781 2820 922 2852 collineat,

138 2865 205 2885 cum
233 2865 329 2885 massa:
358 2857 447 2893 panis,
471 2864 505 2883 ex
533 2862 586 2890 qua
622 2854 794 2882 Dominicum
823 2863 923 2891 corpus

977 2471 1138 2502 coniiciunt,
1166 2469 1323 2503 complures
1350 2467 1436 2494 micas
1455 2465 1631 2503 oiicrcntiulit
1653 2465 1766 2493 nomine

977 2511 1130 2541 apponunt,
1158 2502 1428 2541 sive’supponunt,
1457 2510 1527 2541 quas
1555 2502 1692 2541 incertum
1731 2509 1766 2528 an

977 2536 1143 2602 sqcrilicent.
1159 2540 1218 2567 Non
1241 2536 1333 2566 tamen
1347 2538 1374 2564 in
1395 2538 1526 2565 omnibus
1541 2536 1658 2572 quadrat
1672 2544 1766 2563 exem-

977 2584 994 2602 ι)
1006 2585 1062 2602 ul“.

987 2584 1062 2603 )lUlll.

977 2584 1127 2647 ‘T'iii'm.
1140 2609 1222 2647 έλςῖν
1237 2607 1446 2647 βου-ἲοίίένξι)⁵”
1466 2607 1570 2647 εαξηυξ
1585 2606 1642 2646 ip?“
1658 2606 1766 2646 “am-'5'

978 2641 1161 2673 Securitatem
1180 2641 1242 2671 haec
1254 2641 1364 2676 sonant,
1379 2643 1449 2678 ejus,
1465 2643 1512 2677 qui
1527 2641 1641 2669 scientia
1658 2649 1690 2667 ac
1711 2641 1768 2678 vir-

982 2685 1041 2708 tute
1056 2681 1136 2715 longe
1152 2684 1300 2715 provectus
1319 2679 1365 2715 sit,
1387 2676 1439 2715 nec
1454 2676 1533 2715 facile
1550 2685 1581 2704 ex
1595 2676 1766 2715 scusuuej'us—

979 2724 1034 2778 que
1048 2711 1162 2743 libidine
1178 2714 1277 2742 tentari
1293 2717 1341 2741 aut
1355 2713 1417 2740 lzedi
1429 2713 1533 2748 possit;
1559 2720 1612 2748 qua
1633 2711 1767 2738 soilicitu-

1000 2752 1044 2778 ine
1060 2751 1184 2778 moribus
1207 2749 1343 2778 excultus,
1364 2747 1467 2775 divinis
1489 2748 1611 2775 animum
1638 2746 1767 2773 intendit.

1000 2752 1044 2778 ine
1060 2751 1184 2778 moribus
1207 2749 1343 2780 excultus,
1364 2746 1467 2775 divinis
1489 2746 1611 2775 animum
1638 2746 1767 2773 intendit.

979 2786 1060 2813 Picus
1073 2786 1161 2812 ἐλθεῖν
1179 2784 1295 2818 habuit,
1311 2791 1344 2811 ex
1366 2791 1422 2818 quo
1448 2781 1518 2810 nihil
1540 2783 1648 2818 probati
1670 2789 1769 2809 sensus

977 2821 1078 2849 elicere
1091 2820 1192 2856 potuit.
