1920 3076
172 111 239 145 1239

171 170 316 204 ingruunt,
340 168 428 197 factus
456 167 582 202 superior
620 176 626 193 :

170 217 319 242 Auctorem
335 213 500 249 pmtulerit;
517 213 593 240 velut
610 221 724 249 magnus
741 208 890 252 Abraham,
907 225 961 252 prae

171 260 264 287 lsaaco
276 260 361 286 Deum
377 259 405 285 in
421 258 576 293 potioribus
591 258 687 286 habuit
697 259 730 286 ".

206 305 251 332 51.
263 304 315 337 Qui
329 311 420 338 neque
434 303 528 338 gloriae
541 311 634 335 causa,
647 311 698 331 nec
711 304 856 332 occasione
872 305 961 332 avari-

172 350 216 377 tiae
226 350 260 381 ",
272 356 362 386 neque
379 349 510 376 adulandi
528 350 624 384 gratia,
638 355 667 377 et
684 355 714 377 ut
729 351 888 384 hominibus
904 353 961 387 pla-

170 399 241 426 ceat,
258 401 342 428 seque
362 393 420 428 ipse
437 397 567 425 ostentet,
581 394 724 427 virtutem,
740 400 787 422 aut
804 396 960 423 divinorum

169 440 344 474 cloquiorum
369 440 576 467 meditationem
607 443 758 468 consectari
783 442 888 475 studet,
913 443 960 469 sed

169 491 268 513 cuneta
281 490 394 520 propter
407 486 492 512 Deum
510 489 567 512 tum
585 486 660 519 facit,
672 491 728 513 tum
745 488 877 522 loquitur,
889 493 961 514 ttnn—

171 539 224 566 que
239 531 352 566 cogitat,
366 531 411 559 hic
427 531 454 558 in
466 532 509 558 via
521 532 645 559 veritatis
660 533 686 559 in
701 533 815 560 scientia
829 535 958 561 ambulat.

168 577 227 604 Non
239 577 312 604 enim
325 577 415 604 libens
425 577 536 615 divinus
547 578 642 604 Sermo
655 579 681 605 in
694 579 800 606 semitis
811 587 864 606 non
879 581 960 607 rectis

169 623 342 655 immoratur,
353 623 395 650 vel
415 623 438 650 si
458 623 484 649 in
506 623 671 658 quibusdam
692 629 871 659 praeparatam
888 625 959 653 viam

169 669 307 696 invenerit
317 669 350 696 "‘.

203 714 247 741 52.
258 713 369 749 Jejunat
386 715 458 749 quis,
471 722 555 749 seque
575 715 609 741 ab
630 723 662 742 ea
678 715 767 743 victus
783 716 886 743 ratione
899 716 960 744 alis-

169 759 248 791 tinet,
268 767 329 793 qua:
347 759 480 787 libidines
506 760 626 794 vitiaque
647 760 784 793 incendit;
807 766 959 796 cunctaque

169 805 237 832 adeo
252 805 355 839 reliqua
371 805 435 839 agit,
449 813 509 840 quae
524 805 679 833 conducant
695 811 723 833 ut
738 815 753 834 a
769 807 873 834 malitia
888 807 960 834 libe-

754 114 783 146 δ.
805 114 949 149 ΜΑΧΙΜΙ
967 115 1222 152 CONFESSORIS

656 167 757 203 quippe
784 169 830 211 qui
857 175 959 198 natura:

1016 172 1062 207 τὴν
1076 174 1165 199 αἰτίαν
1180 174 1229 208 τῆς
1251 172 1372 207 φύσεως.
1388 173 1425 206 ὡς
1447 173 1495 200 τοῦ
1515 173 1621 203 Ἰσαὰκ.
1637 173 1682 206 τὸν
1699 174 1778 207 Θεὸν,
1790 177 1803 202 ὁ

1735 117 1804 159 ιριο

1016 218 1102 252 μέγας
1119 218 1254 253 Ἀϐραάμ.

1049 301 1099 324 va’.
1119 297 1149 324 Ὀ
1164 298 1230 332 μήτε
1241 297 1321 332 δόξης
1335 297 1440 330 ἕνεκεν,
1462 297 1531 332 μήτε
1548 297 1685 332 προφάσει
1706 297 1804 323 πλεον-

1014 343 1099 374 εξίας,
1118 343 1187 377 μήτε
1213 342 1359 374 κολακείας
1390 343 1479 377 χάριν,
1496 342 1542 368 καὶ
1555 342 1804 376 ἀνθρωπαρεσκίαις

1014 389 1061 414 καὶ
1088 387 1254 420 ἐπιδείξεως,
1278 388 1327 423 τὴν
1350 387 1460 423 ἀρετὴν,
1492 387 1509 422 ἢ
1535 387 1584 421 τὴν
1608 387 1726 422 μελέτην
1750 379 1805 413 τῶν

1013 435 1094 461 θείων
1106 434 1194 468 λόγων
1212 433 1351 468 μετελθεῖν
1367 433 1545 468 ἐπιτηδεύων,
1569 432 1636 459 ἀλλὰ
1654 432 1746 459 πάντα
1760 432 1805 459 διὰ

1013 481 1058 506 τὸν
1071 480 1137 506 Θεὸν
1150 480 1196 506 καὶ
1217 479 1303 505 ποιῶν
1320 479 1366 505 καὶ
1380 478 1468 512 λέγων
1480 478 1527 505 καὶ
1539 477 1742 512 διανοούμενος,
1758 475 1806 504 οὗ-

1014 533 1057 556 τος
1079 526 1107 551 ὲν
1128 526 1160 560 τῇ
1186 524 1239 559 ὁδῷ
1260 524 1310 559 τῆς
1329 524 1459 560 ἀληθείας
1481 525 1510 550 ἐν
1523 523 1623 558 γνώσει
1641 524 1804 558 πορεύεται.

1013 572 1123 606 Τρίόοις
1141 571 1196 605 γὰρ
1213 571 1263 596 οὐκ
1290 570 1409 601 εὐθείαις
1427 571 1440 596 ὁ
1458 569 1528 601 θεῖος
1549 569 1581 595 οὐ
1607 568 1731 602 πέφυκεν
1754 569 1806 603 ὲμ-

1013 617 1175 652 φιλοχωρείν
1195 616 1285 650 λόγος,
1305 616 1356 642 κᾶν
1369 615 1439 651 εὕρῃ
1451 614 1510 650 ντὴν
1527 614 1586 641 ὁδὸν
1602 613 1631 640 ἐν
1642 622 1715 640 τισιν
1731 614 1804 640 ἑτοι-

1015 672 1074 697 μον.

1048 709 1097 744 νβ’.
1113 709 1249 743 Νηστεύει
1270 716 1322 738 τις,
1347 707 1394 745 καὶ
1417 706 1550 741 ἀπέχεται
1575 706 1626 740 τῆς
1652 705 1806 739 ὲξαπτικῆς

1013 755 1067 781 τῶν
1086 754 1180 781 παθῶν
1202 753 1326 788 διαίτης·
1354 752 1389 779 τὰ
1413 751 1481 779 ἄλλα
1496 761 1527 778 τε
1551 752 1635 784 ποιεῖ,
1658 751 1709 778 ὅσα
1734 751 1804 786 πρὸς

1014 799 1174 834 ἀπαλλαγὴν
1197 799 1297 830 κακίας
1313 797 1516 833 συμϐάλλεσθαι
1535 798 1647 824 δύναται
1661 805 1668 812 ·
1685 797 1736 832 τὴν
1760 796 1805 822 λε-

170 854 246 877 retur
257 858 289 877 ac
304 851 452 884 pravitate;
471 851 516 878 hic
541 851 580 878 sic
599 856 783 886 nuncupatam
809 853 879 880 viam
893 861 959 887 prae-

1016 846 1133 881 γομένην
1157 845 1216 871 eam
1239 842 1316 876 οὗτος
1340 844 1494 878 ἡτοίμασε·
1531 842 1686 874 κενοδοξίας
1716 842 1758 876 δὲ,
1783 843 1802 878 ἢ

170 897 278 930 paravit
296 906 302 923 :
321 897 363 924 sin
381 902 483 928 autem,
501 897 693 931 inanisglorice
710 906 806 927 causa.
819 903 847 925 et
863 903 893 925 ut
908 899 960 925 sibi

169 943 232 980 plus
255 947 380 977 arroget,
399 943 442 970 vel
473 948 502 970 ut
530 943 701 976 blandiatur,
725 947 772 970 aut
801 944 961 971 hominibus

169 980 290 1023 placeat,
307 984 417 1015 aliudve
439 988 581 1023 quidpiam
605 993 729 1023 przestet,
748 997 829 1023 quam
853 994 883 1016 ut
903 989 960 1017 Deo

171 1034 302 1069 probetur
318 1041 350 1061 ac
368 1034 456 1069 ipsum
476 1035 662 1067 demereatur,
680 1035 848 1070 ejuscemodi
865 1036 960 1064 modos

167 1083 343 1113 consectatur
362 1087 507 1114 moresque
525 1080 600 1112 colit,
616 1079 661 1107 hic
676 1080 724 1106 Dei
742 1081 853 1108 semitas
871 1086 960 1109 rectas

169 1132 222 1151 non
241 1124 320 1156 fecit;
343 1133 374 1152 ac
396 1126 524 1159 parandze
536 1125 648 1160 quidem
665 1126 716 1152 viae
733 1125 855 1153 laborem
874 1127 959 1154 susti-

167 1169 240 1202 nuit,
254 1174 284 1197 ut
296 1170 368 1197 Deus
380 1175 472 1197 autem
490 1170 517 1197 in
532 1171 592 1206 ejus
606 1171 713 1199 semitis
726 1171 889 1204 ambularet,
903 1180 958 1201 non

168 1216 299 1243 obtinuit.

202 1259 246 1287 55.
262 1259 353 1288 Omnis
370 1260 448 1287 vallis
465 1260 617 1295 implebitur
627 1261 649 1277 ⁵⁸
668 1270 674 1287 :
692 1269 747 1288 non
763 1262 861 1296 quovis
877 1262 958 1289 modo

167 1305 267 1335 omnis.
280 1313 369 1340 neque
382 1306 521 1339 omnium;
536 1314 627 1341 neque
638 1307 711 1334 enim
725 1314 831 1339 eorum,
843 1308 890 1342 qui
903 1315 958 1334 non

167 1356 335 1385 paraverunt
347 1351 418 1378 viam
435 1352 554 1384 Domini,
568 1360 620 1380 nec
636 1357 726 1380 rectas
739 1352 866 1380 fecerunt
877 1353 960 1380 semi-

168 1401 209 1428 tas
231 1397 301 1432 ejus.
319 1396 434 1429 Quando
458 1396 543 1432 igitur
562 1397 643 1424 vallis
669 1397 750 1432 (caro
774 1397 893 1429 scilicet,
911 1402 960 1428 aut

167 1442 259 1471 anima
278 1450 385 1474 eorum,
412 1442 471 1476 qui,
489 1446 520 1469 ut
539 1442 681 1474 dicebam,
699 1446 867 1476 paraverunt
885 1441 957 1468 viam

167 1486 292 1518 Domini,
312 1491 457 1521 rectasque
480 1487 540 1521 ejus
563 1487 676 1514 semitas
695 1486 832 1521 fecerunt)
853 1493 887 1512 ex
909 1486 959 1513 Dei

1013 890 1182 922 πλεονεξίας,
1198 890 1214 925 ἦ
1233 890 1387 920 κολακείας,
1404 888 1420 924 ἢ
1444 888 1703 923 ἀνθρωπαρεοκίας,
1722 888 1740 922 ἦ
1755 887 1803 914 ἄλ-

1011 936 1060 971 λης
1076 936 1148 967 τινὸς
1165 936 1259 961 ἓνεκεν
1281 934 1381 965 αἰτίας,
1407 933 1469 968 δίχα
1482 933 1532 968 τῆς
1549 932 1626 964 Θείας
1648 933 1803 968 εὐαρεστή-

1012 991 1081 1014 σεως
1094 983 1157 1013 τοὺς
1172 981 1310 1012 τοιούτους
1326 979 1481 1014 ἐπιτηδεύει
1496 979 1624 1013 τρόπους,
1649 975 1730 1010 οὗτος
1751 978 1803 1004 οὐκ

1011 1028 1139 1064 ἐποίησεν
1159 1027 1268 1058 εὐθείας
1291 1027 1338 1058 τὰς
1356 1025 1466 1061 τρίϐους
1485 1024 1533 1050 τοῦ
1562 1023 1649 1050 Θεοῦ·
1679 1024 1728 1050 καὶ
1756 1023 1805 1049 τὸν

1012 1065 1062 1109 μὲν
1078 1074 1128 1109 τῆς
1152 1071 1312 1107 ὲτοιμασίας
1325 1071 1374 1105 τῆς
1388 1069 1449 1097 ὀδοῦ
1474 1069 1554 1095 πόνον
1572 1069 1730 1103 ὑπέμεινεν,
1756 1068 1804 1094 τὸν

1010 1121 1038 1148 δὲ
1061 1121 1127 1146 Θεὸν
1149 1120 1200 1145 οὒκ
1226 1118 1290 1153 ἔσχε
1314 1118 1375 1148 ταῖς
1402 1115 1484 1142 αὑτοῦ
1510 1115 1614 1149 τρίὸοις
1642 1115 1804 1148 ἐμπεριπα-

1011 1175 1041 1193 το
1048 1175 1119 1192 λντα.

1047 1259 1097 1289 νγ¹.
1119 1254 1207 1282 Πᾶσα
1224 1252 1343 1288 φάραγξ
1369 1249 1598 1284 πληρωθήσεται
1611 1256 1618 1262 ’
1637 1248 1688 1290 οὐχ
1707 1246 1805 1277 ἁπλῶς

1011 1303 1096 1334 πᾶσα,
1111 1300 1172 1327 οὐδὲ
1191 1300 1318 1326 πάντων·
1339 1297 1402 1324 οὔτε
1426 1296 1481 1331 γὰρ
1498 1295 1552 1321 τῶν
1579 1294 1617 1329 μὴ
1635 1292 1805 1327 ὲτοιμασάν-

1010 1356 1064 1374 των
1078 1347 1127 1382 τὴν
1142 1346 1202 1372 ὁδὸν
1222 1345 1271 1371 τοῦ
1292 1342 1406 1378 Κυρίου,
1424 1342 1471 1368 καὶ
1495 1340 1604 1371 εὐθείας
1625 1338 1806 1374 ποιησάντων

1003 1393 1060 1424 ,τὰς
1080 1392 1191 1428 τρίδους
1218 1390 1310 1418 αὑτοῦ.
1330 1388 1466 1423 Ὀπηνίκα
1493 1385 1540 1414 οὖν
1565 1385 1686 1421 φάραγξ,
1714 1384 1806 1418 ἣγουν

1011 1438 1079 1473 σὰρξ
1093 1437 1109 1473 ἦ
1123 1437 1207 1472 ψυχὴ,
1222 1436 1275 1462 τῶν
1288 1434 1506 1469 ὲτοιμασάντων,
1525 1432 1564 1463 ὡς
1577 1429 1665 1463 εἶπον,
1678 1429 1728 1464 τὴν
1738 1428 1806 1455 ὁδὸν

1010 1484 1057 1511 τοῦ
1075 1484 1189 1519 Κυρίου,
1213 1481 1260 1508 καὶ
1285 1480 1393 1511 εὐθείας
1420 1478 1596 1513 ποιησάντων
1621 1477 1672 1507 τὰς
1684 1475 1805 1510 τρίϐους

168 1532 253 1560 Verbi
275 1532 302 1560 in
326 1532 367 1560 eis
388 1539 437 1566 per
460 1532 588 1560 mandata
612 1531 778 1559 ambulantis
801 1531 957 1566 praesentia,

1016 1531 1104 1562 κὺτοῦ,
1117 1530 1163 1557 διὰ
1179 1530 1229 1564 τῆς
1248 1528 1294 1555 τοῦ
1310 1526 1527 1562 περιπατοῦντος
1543 1527 1571 1551 ὲν
1585 1525 1675 1556 αὐτοῖς
1686 1523 1730 1550 διὰ
1742 1523 1808 1549 τῶν

167 1583 231 1604 cum
253 1576 384 1608 scientia,
402 1579 459 1603 tum
481 1576 585 1604 virtute
607 1576 719 1610 impleta
742 1575 842 1607 fuerit,
860 1583 958 1603 omnes

169 1622 229 1649 falsi
247 1622 367 1649 nominis
383 1621 519 1653 scientia,
537 1629 569 1650 ac
590 1621 704 1656 spiritus
719 1621 849 1656 nequitia:
864 1621 958 1655 depri-

168 1671 293 1699 muntur,
307 1667 428 1694 caleante
443 1674 491 1694 eos
505 1667 595 1705 Verbo
610 1674 642 1693 ac
657 1666 830 1702 subjiciente,
846 1666 959 1700 nequis.

169 1713 322 1747 simamque
346 1716 509 1746 potestatem
536 1713 670 1740 adversus
695 1712 845 1740 humanum
873 1719 959 1746 genus

169 1766 229 1786 sese
254 1758 445 1790 extollentem,
468 1758 644 1790 destruente,
667 1765 699 1784 ac
723 1758 798 1784 velut
822 1757 958 1784 montium

169 1804 337 1838 miliumque
351 1804 498 1839 superbam
515 1804 613 1832 molem
630 1804 789 1838 celsumque
804 1803 883 1839 547
898 1811 958 1831 ver-

170 1853 250 1885 ticem
260 1851 419 1884 eﬂodiente,
429 1857 511 1886 atque
522 1851 639 1882 vallibus
649 1851 790 1885 aequandis
801 1851 956 1886 Ilejiciente.

169 1898 248 1932 Quod
274 1897 348 1925 enim
373 1898 392 1924 ii
415 1898 545 1930 allectus,
567 1897 615 1932 qui
639 1905 654 1924 a
676 1901 781 1924 natura:
805 1896 959 1923 rationibus

169 1944 331 1976 abhorrent,
347 1943 526 1978 abjieianlur;
548 1951 580 1972 ac
598 1951 659 1978 qua:
678 1951 712 1971 ex
731 1944 790 1978 ejus
807 1944 960 1971 rationibus

169 1994 244 2022 sunt,
255 1989 371 2018 virtutes
387 1990 528 2021 accedant,
541 1989 631 2017 anima
643 1990 721 2017 vallis
734 1990 820 2017 instar
830 1990 958 2024 depressa

169 2036 348 2070 adimpletum
360 2036 552 2070 montiumque
568 2036 716 2071 supercilio
733 2036 802 2063 elata
820 2036 957 2070 nequissi-

170 2090 276 2110 morum
283 2082 432 2117 spirituum
442 2083 574 2117 potentia,
581 2082 957 2116 deprimituraehumiliatur.

204 2127 248 2154 54.
260 2126 367 2162 Aspera:
380 2126 451 2162 (qua:
466 2126 568 2154 invitos
581 2130 679 2160 petunt
691 2126 818 2154 violentae
832 2125 959 2153 tentatio-

169 2171 229 2208 nes)
246 2176 322 2198 erunt
334 2172 362 2198 in
376 2171 432 2203 vias
445 2169 542 2206 planas
553 2172 589 2204 ⁶⁰;
605 2176 670 2198 tunc
684 2172 812 2204 maxime,
824 2179 886 2198 cum
900 2171 958 2200 ani-

169 2225 232 2244 mus
244 2217 366 2252 gaudens
379 2221 408 2245 et
417 2217 512 2244 laetans
526 2217 555 2244 in
566 2216 774 2245 inﬁrmitatibus
787 2223 815 2247 et
827 2218 959 2245 arumnis

169 2267 197 2290 et
218 2262 430 2290 necessitatibus
450 2261 504 2290 sibi
522 2263 671 2297 placuerit;
692 2263 738 2298 qui
760 2263 890 2290 nimirum
910 2271 960 2298 per

170 2307 371 2346 involuntarios
386 2307 510 2342 labores,
527 2308 745 2336 voluntariorum
763 2309 910 2336 all'eetuum
927 2317 960 2337 ac

169 2353 317 2381 libidinum
335 2360 444 2381 omnem
462 2361 478 2381 a
496 2361 526 2381 se
543 2353 694 2389 potentiam
712 2354 830 2382 auferat.
847 2355 960 2392 Vocavit

169 2400 243 2427 enim
257 2407 365 2435 asperas
380 2399 418 2435 (id
431 2404 483 2432 est,
495 2399 564 2434 vias)
579 2407 625 2427 eas
639 2400 805 2428 tentationes
818 2408 878 2435 quae
893 2401 962 2428 invi-

170 2444 206 2471 tis
221 2444 360 2477 accidunt,
375 2444 459 2479 inque
475 2444 533 2471 vias
550 2444 656 2479 planas,
671 2446 774 2481 gratias
791 2445 897 2480 agendo
913 2454 962 2481 per

170 2489 340 2525 patientiam.
355 2495 506 2527 mutantur.

205 2536 249 2571 55.
265 2535 316 2569 Qui
336 2544 410 2567 vera}
426 2529 489 2564 vita:
506 2537 646 2566 desiderio
667 2541 788 2570 tenetur,
804 2546 886 2573 quem
906 2547 961 2566 non

170 2582 253 2609 lateat
271 2581 394 2610 laborem
416 2590 536 2613 onmem,
552 2583 611 2609 sive
633 2583 657 2610 is
674 2587 771 2618 sponte
791 2588 958 2618 assumptus,

171 2628 228 2655 sive
244 2627 384 2655 immissus
398 2627 433 2664 sit
445 2632 526 2666 atque
540 2628 676 2660 incussus,
687 2629 837 2664 voluptatis
852 2632 883 2657 ac
897 2629 959 2657 libi-

171 2673 256 2705 dinis,
275 2681 336 2709 qua:
359 2674 457 2701 mortis
479 2681 579 2708 parens
599 2674 722 2707 exsistat,
739 2680 855 2704 mortem
873 2674 957 2708 etlici;

1011 1576 1125 1605 ἐντολῶν
1139 1575 1207 1602 Θεοῦ
1232 1575 1320 1608 Λόγου
1342 1574 1504 1609 παρουσίας.
1521 1570 1653 1606 πληρωθῇ
1669 1569 1807 1602 γνώσεώς

1010 1635 1039 1653 τε
1053 1625 1100 1652 καὶ
1112 1624 1223 1659 ἀρετῆς,
1239 1621 1329 1648 πάντα
1345 1621 1379 1647 τὰ
1394 1619 1444 1654 τῆς
1463 1617 1642 1653 ψευδωνύμου
1668 1615 1807 1649 γνώσεως

1010 1670 1058 1697 καὶ
1086 1669 1186 1698 κακίας
1207 1667 1241 1693 τὰ
1267 1665 1413 1700 πνεύματα
1438 1661 1628 1691 ταπεινοῦται,
1647 1659 1808 1690 πατοῦντος

1011 1715 1080 1742 αὐτὰ
1093 1714 1141 1741 τοῦ
1162 1713 1250 1746 Λόγου
1276 1711 1324 1738 καὶ
1343 1710 1550 1739 ὑποτάττοντος,
1571 1705 1663 1733 καὶτὸ
1683 1705 1807 1740 ἐπαιρό-

1012 1769 1092 1796 μενον
1109 1758 1181 1785 κατὰ
1203 1758 1253 1792 τῆς
1271 1755 1444 1792 ἀνθρωπίνης
1462 1753 1581 1787 φύσεως,
1597 1751 1719 1786 πονηρὸν

1009 1795 1055 1838 σος
1074 1804 1301 1834 καταϐάλλοντος,
1317 1801 1364 1828 καὶ
1383 1798 1438 1826 οἷον
1452 1799 1483 1825 τὸ
1499 1798 1615 1833 μέγεθος
1628 1796 1677 1822 καὶ
1691 1796 1722 1822 τὸ
1734 1795 1806 1829 ὕψος

1010 1853 1064 1879 τῶν
1077 1851 1165 1886 ὁρέων
1185 1848 1297 1876 καὶτῶν
1312 1846 1414 1882 βουνῶν
1429 1844 1683 1873 κατασκάπτοντος·
1701 1841 1747 1868 καὶ
1761 1841 1806 1871 είς

1011 1899 1059 1933 τὴν
1073 1897 1128 1924 τῶν
1146 1895 1296 1930 φαράγγων
1316 1892 1429 1926 ἄγοντος
1447 1891 1598 1925 πλήρωσιν.
1618 1888 1651 1913 Ἠ
1666 1886 1723 1933 γὰρ
1746 1886 1805 1933 των

1011 1930 1087 1979 παρὰ
1107 1942 1187 1977 φύσιν
1214 1939 1334 1973 ἀποϐολὴ
1352 1936 1456 1968 παθῶν,
1476 1936 1523 1961 καὶ
1541 1935 1557 1968 ἡ
1583 1932 1638 1979 τῶν
1659 1930 1803 1979 xci-.5:pr-

1011 1977 1172 2023 σιν-ἀρετῶν
1181 1985 1305 2019 ἐπιϐολὴ,
1321 1983 1371 2018 τὴν
1381 1979 1611 2016 φαρατγωθεῐσαν
1624 1977 1715 2018 ψυχὴν
1731 1977 1802 2002 ἁνα-

1010 2035 1124 2070 πληροί-,
1150 2033 1197 2058 καὶ
1220 2031 1270 2066 τὴν
1295 2028 1456 2065 ὀρινομένην
1481 2025 1534 2051 τῶν
1559 2024 1687 2058 πονηρῶν
1719 2031 1806 2048 πνευο

1012 2081 1104 2117 μάτων
1120 2078 1245 2105 ταπεινοῖ
1261 2075 1433 2103 δυναστείαν.

1046 2127 1093 2154 νδ’.
1109 2127 1144 2153 AI
1173 2123 1307 2158 τραχεῖαι
1337 2121 1498 2156 (τουτέστιν,
1528 2119 1556 2145 αἱ
1580 2117 1634 2144 τῶν
1664 2115 1804 2143 ἀκουσίων

1012 2171 1172 2208 πειρασμῶν
1198 2168 1337 2204 ἐπιφοραὶ)
1369 2167 1491 2194 ἔσονται
1517 2166 1560 2197 είς
1588 2163 1679 2195 ὀδοὺς
1703 2161 1801 2208 .ίείας,

1010 2207 1075 2245 ὅταν
1093 2217 1210 2252 μάλιστα
1226 2216 1330 2250 χαίρων
1346 2213 1392 2239 καὶ
1411 2209 1662 2247 εὐφραινόμενος.ό
1682 2207 1756 2238 νοῦς,
1771 2207 1802 2232 ἐν
1840 2224 1845 2229 .

1012 2251 1166 2294 ἀσθενείαις
1176 2261 1273 2296 εὐδοκῇ
1288 2259 1335 2288 καὶ
1347 2257 1453 2292 θλίψεσι
1467 2257 1515 2285 καὶ
1530 2256 1676 2289 ἀνάγκαις,
1687 2253 1732 2281 διὰ
1747 2251 1802 2278 τῶν

1012 2309 1146 2336 ἀκουσίων
1176 2307 1276 2338 πόνων,
1303 2305 1353 2340 τὴν
1376 2303 1440 2338 ὅλην
1467 2302 1522 2328 τῶν
1545 2300 1678 2327 ἑκουσίων
1706 2297 1803 2324 παθῶν

1013 2353 1215 2389 ἀφαιρούμενος
1239 2349 1410 2377 δυναστείαν,
1434 2347 1577 2386 Τραχείας-
1595 2344 1651 2380 γὰρ
1668 2343 1801 2377 κέκληκε,

1011 2399 1061 2430 τὰς
1073 2399 1128 2425 τῶν
1143 2396 1280 2424 ἀκουσίων
1297 2394 1459 2430 πειρασμῶν
1474 2391 1637 2427 συμῦάσεις,
1664 2390 1705 2421 είς
1724 2389 1804 2420 ὁδοὺς

1011 2445 1086 2476 λείας
1103 2444 1149 2473 διὰ,
1161 2443 1209 2478 τῆς
1223 2442 1294 2470 κατὰ
1308 2441 1357 2476 τὴν
1370 2439 1546 2475 εὐχαριστίαν
1562 2436 1703 2472 ὑπομονῆς
1719 2442 1805 2470 μετα-

1011 2489 1176 2519 πιπτούσας.

1045 2537 1093 2561 νε¹.
1110 2534 1140 2559 '0
1166 2533 1215 2568 τῆς
1242 2531 1371 2566 ἀληθινῆς
1386 2529 1531 2565 ἐφιέμενος
1547 2528 1630 2562 ζωῆς,
1654 2526 1739 2561 γνοὺς
1762 2525 1802 2551 ὅτι

1011 2581 1066 2611 πᾶς
1082 2578 1173 2610 πόνος,
1186 2578 1240 2604 εῐτε
1253 2577 1385 2608 ἑκούσιος,
1401 2576 1457 2602 εἴτε
1471 2574 1610 2606 ἀκούσιος,
1625 2573 1675 2608 τῆς
1690 2571 1738 2598 τοῦ
1755 2571 1803 2598 θα-

1014 2627 1095 2653 νάτου
1110 2624 1212 2661 μητρὸς
1224 2623 1321 2659 ἡδονῆς
1337 2623 1423 2659 [Regii
1442 2622 1493 2649 duo
1506 2619 1616 2656 ὀδύνης]
1632 2619 1741 2653 γίνεται
1754 2617 1802 2644 Θά-

1014 2680 1104 2703 νατος,
1122 2671 1212 2702 πάσας
1228 2670 1277 2701 τὰς
1301 2668 1432 2705 τραχείας
1445 2670 1452 2677 “
1477 2667 1532 2693 τῶν
1549 2665 1689 2693 ἀκουσίων
1705 2671 1805 2699 πειρα-

207 2740 229 2754 ""
245 2738 313 2767 Gen.
332 2747 397 2772 χχιι,
417 2740 430 2767 1
447 2747 524 2774 seqq.
562 2739 584 2754 ⁸⁷
602 2739 612 2766 l
628 2739 724 2774 Thess.
743 2747 771 2771 ιι,
788 2738 813 2765 5.
853 2738 874 2754 ⁸⁸
889 2738 939 2766 lsa.
957 2746 959 2764 :

1016 2736 1038 2763 ὅ.
1079 2737 1100 2752 "
1119 2735 1188 2765 ibid.
1203 2736 1237 2771 b3
1253 2734 1321 2762 Luc.
1340 2741 1380 2766 ιιι,
1396 2733 1422 2760 5.
1462 2732 1485 2748 °°
1501 2730 1569 2758 ibid.

208 2807 216 2814 ‘
235 2805 301 2833 .tlai:
321 2807 400 2838 edita,
420 2807 513 2841 χρείας
529 2816 578 2833 nm-
594 2807 663 2833 bene
681 2807 770 2839 Picus,
791 2807 875 2832 utiles.
