1920 3076
97 146 162 179 l2“

430 147 598 178 CAPITUM
617 147 828 190 QUINQUIES
847 147 1107 179 CENTENORUM
1124 148 1319 179 CENTURIA
1338 148 1378 178 ΙΙ.

1659 148 1726 190 1242

95 202 172 238 σμῶν
190 201 335 238 ἐπιφορὰς,
352 200 458 233 δέξεται
483 202 544 237 μετ’
570 202 742 238 εὐφροσύνης
758 203 878 238 χαίρων

936 209 1047 236 asperas
1069 209 1179 234 omnes,
1202 201 1385 230 tentationum
1409 201 1510 231 invitos
1531 202 1725 238 exclpientium

94 249 138 283 5dr
157 247 207 284 τῆς
219 247 368 283 ὑπομονῆς,
384 247 461 278 ὁδοὺς
475 248 606 285 εὐμαρεῖς
628 257 658 274 τε
673 249 720 275 καὶ
732 248 817 280 λείας,
833 247 883 280 τὰς

95 291 199 331 θλίψεις
215 291 387 326 ποιούμενος.
416 291 464 318 καὶ
481 292 549 326 πρὸς
570 293 600 319 τὸ
617 292 744 329 βραδεῖον
759 293 809 328 τῆς
826 293 884 319 ἄνω

94 337 219 373 κλήσεως
236 337 365 368 ἀπλανῶς
380 338 621 373 παραπεμπούσας
644 339 736 370 αὐτὸν,
762 339 884 372 εὐσεϐῶς

95 384 124 410 ὲν
150 382 246 419 αὑταῖς
271 382 317 420 τὸν
336 383 405 410 θεῖον
424 384 524 418 δρόμον
551 385 722 420 ποιούμενον.
747 385 802 411 Καὶ
819 385 883 419 γὰρ,

94 427 142 455 τοῦ
158 427 207 463 μὲν
224 426 341 454 Θανάτου
367 429 459 464 μήτηρ
475 429 549 456 ἐστὶν
563 430 579 465 ἡ
595 429 674 465 ἡδονή
689 438 695 445 ·
718 430 769 464 τῆς
786 430 884 465 ἡδονῆς

94 473 122 502 δὲ
142 473 255 504 θάνατός
269 474 353 506 ἐστιν,
366 475 380 500 ὁ
398 475 478 506 πόνος
491 482 496 489 ’
515 475 529 501 ὃ
545 483 574 503 τε
589 476 791 512 προαιρετικὸς,
808 476 855 505 καὶ
870 476 884 502 ὁ

95 520 172 556 παρὰ
187 519 361 557 προαίρεσιν.

131 611 186 640 νς’.
201 609 260 640 Πᾶς
274 608 417 644 τοιγαροῦν
433 610 447 636 ὁ
468 609 518 645 τὴν
532 610 708 636 πολυέλικτὸν
721 619 751 636 τε
769 610 816 637 καὶ
834 619 884 644 ποτ

94 652 230 680 λὺπλοκον
259 654 365 689 ἡδονὴν,
395 655 441 681 καὶ
466 656 550 681 πᾶσιν
574 655 641 690 ὑμοῦ
665 656 721 687 τοῖς
745 655 884 690 αἰσθητοῖς

95 698 276 734 πολυτρόπως
297 699 547 735 συμπεπλεγμένην
563 701 595 735 τῇ
619 700 768 736 ἐγκρατείᾳ
793 700 885 727 διαλύ-

95 752 155 776 σας,
169 744 204 771 τὰ
217 744 310 771 σκολιὰ
332 745 372 776 είς
395 744 503 776 εὐθείας
517 745 646 781 ὲποίησε“
674 746 720 772 καὶ
732 744 804 781 om
821 745 885 772 δύσ-

93 789 175 816 ὃατον
191 790 238 815 καὶ
263 791 390 825 τραχεῖαν
413 790 467 817 τῶν
492 791 582 817 πόνων
608 792 741 827 ἐπιφορὰν
763 792 798 818 δι’
819 791 885 818 ὐπο-

96 835 180 869 μονῆς
205 835 339 870 πατήσας,
364 835 414 872 τὰς
436 837 567 871 τραχείας
591 836 721 871 ἐποίησεν
748 837 788 868 είς
807 837 884 869 ὀδοὺς

92 879 178 911 λείας.
191 880 272 911 Ὅθεν
289 880 383 916 ὥσπερ
411 881 526 909 ἔπαθλον
543 883 644 917 ἀρετῆς
659 883 706 916 καὶ
731 882 786 909 τῶν
812 883 882 919 ὑπὲρ

93 923 178 960 αὐτῆς
193 924 335 960 καμάτων,
347 922 391 952 οἷα
405 925 494 958 καλῶς
507 934 536 952 τε
551 927 598 953 καὶ
611 927 735 962 νομίμως
748 926 880 962 ἀθλήσας,

92 970 142 996 καὶ
171 971 220 1005 τὴν
238 970 333 1006 ἡδονὴν
348 971 466 1006 νικήσας
485 971 523 1006 τῷ
549 971 625 1006 πόθῳ
639 972 688 1006 τῆς
703 972 813 1008 ἀρετῆς,
835 973 882 999 καὶ

90 1015 141 1051 τὴν
157 1016 253 1050 ὀδύνην
270 1017 395 1053 πατήσας
412 1016 451 1051 τῷ
470 1018 518 1052 τῆς
535 1017 662 1051 γνώσεως
677 1017 768 1052 ἔρωτι,
786 1019 832 1044 καὶ
846 1018 880 1044 δι’

91 1062 255 1098 ἀμφοτέρων
272 1063 403 1096 γενναίως
418 1064 481 1094 τοὺς
496 1063 584 1095 θείους
603 1063 745 1097 διενέγκας
760 1063 879 1098 ἀγῶνας,

93 1108 226 1141 Ὀψεται,
245 1107 315 1134 κατὰ
336 1107 365 1134 τὸ
386 1108 590 1143 γεγραμμένον,
608 1108 642 1135 τὸ
664 1109 813 1143 σωτήριον
827 1109 880 1136 τοῦ

91 1153 178 1180 Θεοῦ.

125 1238 174 1272 νζ.
194 1239 223 1266 Ὀ
237 1240 286 1275 τὴν
300 1240 401 1276 ἀρετὴν
416 1240 541 1275 ἀγαπῶν,
557 1242 606 1278 τὴν
621 1242 675 1269 τῶν
687 1241 788 1278 ήδονῶν
802 1243 879 1269 ἑκου-

89 1286 156 1324 σίως
171 1286 353 1321 ἀπομαραίνει
369 1287 485 1322 κάμινον
496 1295 504 1303 ⁸
520 1289 535 1314 ό
547 1288 575 1314 δὲ
590 1289 622 1323 τῇ
638 1287 736 1322 γνώσει
749 1287 800 1322 τῆς
813 1287 880 1323 ἁλη-

90 1331 168 1362 θείας
184 1333 375 1366 πεποιωμένος
392 1335 400 1343 ⁵
415 1333 460 1359 τὸν
477 1333 551 1364 νοῦν,
565 1333 705 1365 ἀκουσίοις
719 1333 770 1360 οὐκ
782 1333 878 1368 ἐπέχε-

87 1386 135 1405 ut
149 1378 252 1409 πόνοις,
268 1378 319 1412 τῆς
334 1378 404 1405 κατὰ
420 1379 470 1414 τὴν
490 1378 583 1413 ἔφεσιν
602 1378 671 1414 πρὸς
683 1379 730 1406 τὸν
744 1378 811 1405 Θεὸν
831 1387 878 1414 φε-

89 1424 192 1461 ρούσης
210 1423 389 1459 ἀεικινησίας.

123 1469 177 1505 νη’.
196 1470 226 1497 '0
251 1470 286 1497 τὰ
315 1471 410 1498 σκολιὰ
429 1470 484 1497 τῶν
513 1470 645 1498 ἑκουσίων
665 1471 770 1502 παθῶν,
794 1471 878 1506 ἧγουν

936 247 1147 282 impressiones.
1167 256 1229 275 cum
1252 247 1347 275 laetitia
1371 249 1493 283 gaudens
1513 249 1659 284 suscipiet,
1679 249 1727 286 qui

935 293 1042 320 scilicet
1067 301 1116 328 per
1143 294 1321 328 patientiam,
1345 294 1404 321 vias
1434 293 1529 321 faciles
1557 295 1726 330 planasque,

935 346 1071 368 zerumnas
1094 338 1207 371 efficiat,
1229 347 1261 366 ac
1285 347 1346 374 quae
1370 339 1404 367 ad
1427 348 1554 374 supernae
1576 342 1728 371 vocationis

935 385 1053 420 palmam
1065 385 1099 417 θ’,
1117 385 1161 420 pie
1183 385 1209 412 in
1231 385 1272 412 eis
1292 385 1415 412 divinum
1437 385 1583 414 facientem
1603 395 1723 420 cursum,

936 435 995 459 tuto
1013 432 1111 459 itinere
1129 432 1325 460 transmittant.
1341 433 1408 460 Nam
1429 434 1526 462 mortis
1545 434 1656 471 quidem
1678 442 1727 470 pa—

935 485 1009 508 rens,
1023 477 1148 511 voluptas
1165 481 1207 505 est
1220 485 1251 504 ac
1266 477 1366 510 libido;
1381 479 1532 514 voluptatis
1547 483 1638 506 autem
1653 486 1728 507 mors

935 530 967 549 ac
980 522 1112 554 libidinis,
1123 522 1210 555 labor,
1221 529 1279 550 tum
1291 524 1339 558 qui
1352 533 1486 560 propensa
1500 526 1639 552 voluntate
1651 533 1728 553 assu-

935 569 1030 604 mitur,
1043 572 1099 594 tnm
1114 568 1160 602 qui
1173 568 1199 594 vi
1215 569 1304 598 aliena
1321 569 1448 598 infertur.

970 614 1013 641 56.
1028 613 1149 648 Quisque
1165 613 1248 648 igitur
1261 615 1354 642 multis
1366 616 1555 646 voluminibus
1570 616 1726 650 perplexam

936 659 1150 695 implicitamque
1164 661 1330 696 voluptatem
1345 669 1392 689 seu
1407 662 1560 694 libidinem,
1573 670 1604 689 ac
1619 654 1728 690 cunctis

935 705 1039 740 pariter
1058 706 1139 733 rebus
1157 715 1218 741 quae
1239 708 1267 734 in
1290 715 1401 736 sensum
1424 708 1526 737 cadunt
1548 708 1726 737 multifariam

935 752 1123 787 complicatam
1151 758 1233 788 atque
1260 754 1428 785 haerentem,
1453 762 1503 789 per
1528 754 1726 782 continentiam

935 797 1074 830 dissolvit,
1092 807 1173 833 prava
1198 799 1224 826 in
1245 799 1304 826 vias
1324 804 1414 827 rectas
1436 799 1514 832 fecit;
1536 800 1638 835 quique
1658 800 1726 827 adeo

935 843 1062 875 arduam,
1079 851 1258 878 asperamqne
1274 852 1306 872 ac
1323 844 1448 871 scabram
1464 845 1590 872 laborum
1608 845 1725 879 impres-

933 881 1039 916 sionem
1054 897 1102 924 per
1116 890 1277 924 patientiam
1293 891 1419 923 calcavit.
1433 899 1544 926 asperas
1557 891 1584 918 in
1597 891 1656 918 vias
1669 892 1726 926 pla-

932 943 981 962 nas
997 935 1072 963 fecit.
1088 936 1193 963 idcirco
1209 940 1338 971 tanquam
1354 937 1464 964 virtutis
1480 937 1634 971 prminium,
1650 937 1726 972 ejus-

932 989 985 1016 que
1001 989 1082 1008 causa
1099 986 1292 1016 susceptorum
1308 990 1356 1009 seu
1370 982 1570 1009 exantlatorum
1586 982 1723 1014 laborum,

931 1026 1007 1053 velut
1028 1027 1074 1061 qui
1101 1027 1152 1054 rite
1177 1027 1354 1062 legitimoque
1377 1027 1539 1058 certaverit.
1559 1027 1724 1062 virtutisque

931 1071 1070 1098 desiderio
1091 1072 1258 1106 voluptatem
1286 1081 1318 1101 ac
1341 1073 1485 1104 libidinem
1507 1072 1622 1104 vicerit,
1641 1077 1724 1107 atque

930 1118 1051 1146 scientia:
1067 1125 1159 1145 amore
1176 1118 1300 1145 dolorem
1316 1119 1479 1150 calcaverit,
1511 1126 1620 1146 necnon
1639 1118 1723 1145 utris-

930 1163 1086 1198 que‘divina
1097 1163 1247 1191 certamina
1259 1168 1372 1191 strenue
1385 1164 1511 1199 gesserit,
1524 1163 1650 1191 Salutarc
1662 1163 1723 1195 Dei,

930 1209 1001 1236 sicut
1015 1209 1149 1244 scriptum
1165 1213 1218 1241 est,
1233 1209 1328 1236 videbit
1338 1210 1372 1238 δ’.

964 1255 1008 1282 57.
1021 1254 1073 1288 Qui
1086 1254 1216 1282 virtutem
1232 1255 1331 1290 diligit,
1342 1256 1514 1290 voluptatum
1527 1259 1625 1290 sponte
1639 1255 1724 1282 cami-

930 1307 995 1326 num
1012 1301 1157 1336 restinguit
1171 1310 1177 1327 :
1191 1301 1239 1336 qui
1252 1308 1317 1328 vero
1328 1301 1453 1328 veritatis
1468 1301 1585 1329 scientia
1601 1306 1720 1328 mentem

930 1345 1040 1375 imbuit,
1055 1347 1124 1373 nihil
1144 1346 1225 1384 548
1240 1338 1369 1380 violentis
1384 1347 1526 1375 laboribus
1544 1347 1694 1380 inhibetur,
1705 1355 1722 1374 a

927 1390 985 1431 j‘ugi
998 1390 1025 1418 in
1040 1391 1124 1418 Deum
1141 1392 1299 1426 cupiditatis
1315 1396 1402 1425 motu.

965 1480 1009 1507 58.
1022 1479 1074 1513 Qui
1092 1488 1177 1516 prava
1193 1480 1412 1509 voluntariorum
1432 1479 1562 1509 affectum
1579 1487 1612 1506 ac
1627 1478 1721 1506 libidi-

86 1516 140 1552 τῆς
156 1516 255 1552 ἡδονῆς
277 1516 311 1543 τὰ
332 1517 472 1552 κινήματα
486 1516 530 1543 διὰ
553 1517 602 1552 τῆς
616 1517 779 1552 ἐγκρατείας
797 1512 876 1543 εὐθύ-

933 1534 995 1554 num
1022 1512 1131 1562 (nempe
1153 1526 1303 1561 voluptatis
1325 1527 1428 1560 motus)
1451 1533 1500 1560 per
1523 1525 1722 1553 continentiam

87 1570 149 1594 νας,
167 1562 215 1588 καὶ
238 1561 288 1593 τὰς
309 1562 450 1597 τραχείας,
473 1562 529 1589 τῶν
556 1562 693 1590 ἀκουσίων
715 1562 878 1598 πειρασμῶν

933 1571 1078 1604 direxerit;
1113 1579 1281 1606 asperasque
1314 1571 1499 1599 violentarum
1535 1571 1721 1599 tentationum

89 1608 246 1643 συμφορὰς,
272 1608 357 1642 ἧγουν
377 1608 441 1639 τοὺς
456 1608 575 1642 τρόπους
590 1607 640 1642 τῆς
655 1607 752 1642 ὀδύνης
769 1607 814 1634 διὰ
829 1609 879 1644 τῆς

88 1652 231 1687 ὑπομονῆς
243 1652 385 1688 ὁμαλίσας,
403 1653 450 1679 καὶ
463 1654 502 1684 είς
514 1653 590 1683 ὀδοὺς
602 1653 676 1685 λείας
692 1654 876 1689 καταστήσας’

54 1707 61 1711 '
86 1700 102 1725 ὀ
118 1698 241 1730 τοιοῦτος
254 1699 365 1730 εἰκότως
382 1699 486 1733 ὄψεται
501 1699 534 1726 τὸ
552 1699 702 1733 σωτήριον
714 1699 768 1726 τοῦ
789 1699 876 1732 Θεοῦ,

87 1743 209 1780 καθαρὸς
221 1744 254 1778 τῇ
269 1743 368 1778 καρδίᾳ
383 1744 539 1778 γενόμενος·
561 1743 622 1769 καθ’
641 1744 674 1778 ἢν
691 1744 734 1770 διὰ
747 1743 801 1770 τῶν
816 1744 878 1779 ἁρε-

86 1788 144 1815 τῶν
169 1789 217 1815 καὶ
242 1789 297 1815 τῶν
310 1789 431 1815 εὐσεϐῶν
449 1789 647 1824 θεωρημάτων,
666 1789 720 1824 ὁρᾷ.
740 1789 786 1815 τδν
811 1789 877 1817 Θεὸν

86 1836 136 1861 ἐπὶ
150 1835 223 1861 τέλει
239 1835 293 1861 τῶν
307 1834 405 1867 ἄθλων,
422 1834 494 1861 κατὰ
514 1835 555 1866 τὸ,
571 1833 718 1868 Μακάριοι
735 1835 762 1860 ol
785 1835 871 1861 καθα-

82 1881 134 1915 pol
153 1880 191 1915 τῇ
211 1880 326 1914 καρδίᾳ,
341 1880 385 1907 ὅτι
400 1880 483 1907 αὐτοὶ
498 1880 550 1906 τὸν
569 1880 644 1908 Θεὸν
661 1880 807 1913 ὄψονταιι
821 1880 876 1906 τῶν

85 1926 160 1961 ὑπὲρ
175 1926 276 1961 ἀρετῆς
292 1926 391 1958 πόνων,
407 1927 458 1960 τῆς
483 1925 617 1956 ἀπαθείας
641 1926 691 1960 τὴν
706 1926 786 1960 χάριν
802 1926 876 1952 ἀντι-

83 1972 190 2003 λαϐὼν,
207 1969 241 2007 ἦς
271 1972 346 1998 οὐδὲν
371 1971 453 1998 πλέον
475 1971 520 1998 τὸν
549 1971 616 1997 Θεὸν
644 1972 790 2005 ἐμφανίζει
820 1973 876 2003 τοῖς

84 2018 193 2054 ἔχουσι.

123 2065 173 2091 νϐ’.
188 2064 315 2096 Λάκκους
328 2063 407 2090 καλεῖ
419 2064 436 2099 ἡ
451 2063 548 2099 Γραφὴ
564 2063 606 2098 (ἱ),
618 2063 667 2094 τὰς
681 2063 809 2095 δεκτικὰς
822 2063 876 2090 τῶν

83 2110 223 2146 οὐρανίων
236 2110 413 2146 χαρισμάτων
428 2110 478 2144 τῆς
498 2110 579 2142 ἁγίας
594 2109 721 2143 γνώσεως
749 2109 875 2145 καρδίας,

82 2156 297 2191 λατομουμένας
320 2155 359 2191 τῷ
378 2155 485 2191 στερρῷ
513 2156 585 2191 λόγῳ
610 2156 663 2182 τῶν
688 2156 813 2188 ἐντολῶν,
829 2156 876 2183 καὶ

928 1617 1099 1645 calamitates
1118 1618 1231 1652 (doloris
1248 1618 1355 1645 scilicet
1372 1618 1479 1652 modos)
1497 1625 1546 1652 per
1561 1617 1722 1652 patientiam

927 1662 1087 1697 aquaverit.
1103 1667 1131 1690 et
1152 1663 1180 1689 in
1201 1663 1260 1690 vias
1279 1663 1375 1697 planas
1394 1663 1505 1695 fecerit;
1529 1662 1590 1690 talis
1611 1663 1721 1694 merito,

927 1708 974 1743 qui
992 1708 1095 1735 mundo
1112 1707 1195 1738 corde
1212 1707 1326 1734 eﬂ‘ectus
1343 1707 1394 1739 sit,
1406 1708 1532 1735 Salutare
1547 1708 1596 1734 Dei
1611 1708 1722 1741 uidebit;

927 1761 982 1788 quo
1000 1753 1113 1787 (mundo
1128 1752 1219 1786 corde)
1238 1761 1286 1787 per
1301 1753 1417 1780 virtutes
1434 1761 1465 1780 ac
1483 1753 1542 1788 pias
1559 1748 1722 1780 considera-

928 1798 1026 1829 tiones,
1039 1798 1123 1824 Deum
1137 1798 1212 1824 videt
1224 1798 1250 1824 in
1266 1797 1319 1824 fine
1335 1799 1613 1833 eertaminum,juxta
1629 1798 1697 1824 illud
1713 1807 1720 1824 :

926 1843 1003 1870 Βραιὶ
1021 1843 1118 1870 mundo
1133 1844 1223 1874 corde,
1241 1844 1367 1878 quoniam
1385 1845 1434 1880 ipsi
1451 1845 1533 1871 Deum
1550 1844 1670 1871 ridebunt
1683 1843 1720 1877 ⁶³;

928 1897 978 1924 pro
996 1889 1137 1916 laboribus
1153 1889 1253 1923 quibus
1269 1889 1378 1916 virtutis
1395 1898 1476 1916 causa
1493 1890 1653 1924 perfunctus
1669 1895 1720 1920 est.

927 1934 1180 1968 imperturbationis
1199 1942 1299 1961 munus
1313 1940 1493 1967 consecutus;
1508 1943 1561 1969 qua
1577 1934 1647 1961 nihil
1663 1943 1722 1961 ma—

927 1983 966 2018 gis
979 1983 1064 2010 Deum
1077 1983 1244 2015 manifestat,
1258 1983 1301 2016 iis,
1313 1983 1360 2018 qui
1375 1983 1419 2009 illa
1431 1982 1536 2017 prrcditi
1551 1982 1615 2010 sint.

962 2070 1006 2098 b9.
1025 2070 1164 2098 Cistemas
1183 2075 1262 2097 vocat
1283 2070 1440 2106 Scriptura,
1459 2070 1542 2097 corda
1566 2069 1720 2097 caelestium

927 2120 1028 2143 sancta:
1046 2116 1168 2143 scientia:
1184 2116 1319 2143 donorum
1338 2116 1464 2151 capacia,
1477 2115 1559 2143 solito
1578 2115 1720 2141 mandato-

928 2169 988 2196 rum
1001 2168 1128 2188 sermone
1141 2162 1242 2192 excisa,
1253 2161 1383 2196 velutque
1395 2161 1510 2188 callosas
1523 2160 1648 2190 durities,
1659 2166 1722 2194 pro-

84 2202 312 2237 ὰποϐαλλομένας
327 2202 453 2236 καθάπερ
469 2201 640 2238 πωρὼματα,
655 2203 704 2237 τήν
716 2210 745 2228 τε
761 2203 829 2237 πρὸς
842 2202 876 2229 τὰ

933 2207 1069 2234 cliriorem
1085 2207 1113 2233 in
1127 2207 1192 2234 vitia
1207 2207 1377 2242 affectusque
1394 2207 1536 2234 libidinem
1554 2205 1721 2240 respuentia,

83 2247 163 2283 πάθη
177 2248 344 2283 φιληδονίαν,
362 2249 409 2275 καὶ
424 2249 474 2282 τὴν
489 2248 557 2283 πρὸς
569 2248 602 2274 τὰ
616 2248 736 2282 αίσθητὰ
750 2248 800 2283 τῆς
824 2248 876 2283 φύ-

85 2303 160 2326 σεως
176 2294 278 2330 σχέσιν,
295 2295 342 2321 καὶ
354 2294 547 2330 πληρουμένας
562 2294 612 2328 τῆς
626 2293 730 2320 ἄνωθεν
757 2294 878 2329 φερομέ-

83 2349 138 2376 νης
172 2340 309 2374 ῥυπτικῆς
340 2349 370 2366 τε
397 2340 451 2367 τῶν
468 2339 574 2371 παθῶν,
602 2339 649 2365 καὶ
678 2338 879 2375 ζωοποιητικῆς

82 2385 137 2413 καὶ
151 2383 207 2412 οἷον
225 2384 377 2421 θρεπτικῆς
401 2385 456 2411 τῶν
478 2384 584 2419 ἀρετῶν
601 2384 630 2409 ἐν
647 2383 794 2419 πνεύματι,
812 2383 880 2417 γνώ-

83 2439 170 2463 σεως.

123 2501 145 2516 ⁸¹
162 2499 280 2534 Philipp.
295 2507 334 2530 Ill,
352 2498 395 2525 M.
433 2498 455 2513 “
470 2498 521 2533 15a.
538 2506 580 2530 XL,
599 2498 625 2525 5.
664 2497 687 2513 ⁸³
699 2497 793 2531 Matth.
809 2507 836 2531 γ,
849 2499 876 2527 5.

123 2571 131 2579 ⁸
144 2568 213 2596 Male
223 2567 297 2595 edita
308 2575 440 2602 πεποιημ.

125 2627 157 2663 (ἱ)
175 2626 314 2663 Λᾷκκρυς
327 2623 413 2652 καλεῖ
589 2623 678 2663 Lacus
692 2632 723 2663 a_c
740 2624 875 2652 cisternas

81 2658 224 2698 expressit
254 2660 407 2698 Scriptura.
436 2658 624 2698 intellexitque
644 2659 797 2690 Maximus;
816 2667 875 2698 _nec

84 2693 162 2726 bene
184 2697 266 2724 Picus
279 2693 371 2730 puteis
383 2695 509 2722 mutavit.
537 2694 639 2730 Puteus
669 2701 789 2730 namque
815 2693 875 2729 ipse

84 2734 153 2762 fons
166 2736 219 2763 est,
236 2729 288 2759 sed
299 2731 354 2758 alta
367 2730 550 2765 scaturigine;
561 2729 669 2765 λόρικοι,
687 2729 764 2765 lacus
777 2733 805 2756 et
833 2729 875 2756 ci-

84 2773 201 2798 sternaa.
218 2774 274 2794 non
293 2769 358 2793 sunt
372 2763 485 2797 fontes,‘
499 2772 549 2791 nec
567 2764 624 2791 ullo
648 2763 728 2791 latice
752 2768 875 2798 manant,

83 2803 138 2832 sed
169 2801 336 2837 pluvialibus
357 2800 439 2837 aquis
451 2799 602 2837 replentur.
631 2798 689 2837 Qua
710 2799 873 2837 metaphora

85 2833 246 2874 φερομένης
256 2835 359 2864 ἄνωθεν
371 2833 419 2870 τῆς
431 2835 460 2861 ὲν
472 2834 605 2870 πνεύματι
619 2833 756 2867 γνώσεως,
767 2835 875 2862 scientia

929 2257 1088 2287 natumque
1114 2252 1141 2279 in
1165 2260 1210 2280 res
1233 2253 1324 2280 sensui
1351 2253 1487 2288 subjectas
1513 2252 1686 2279 affectionem
1713 2259 1721 2277 :

930 2306 990 2332 qum
1003 2298 1123 2334 denique
1138 2305 1153 2324 c
1171 2299 1297 2333 supernis
1314 2299 1439 2332 cmloque
1456 2298 1584 2324 veniente
1603 2295 1722 2331 spiritali

932 2344 1046 2371 scientia
1067 2343 1242 2379 impleantur,
1260 2351 1320 2378 qua:
1339 2343 1485 2376 libidinum
1504 2342 1600 2377 sordes
1616 2341 1720 2374 abluat,

933 2394 960 2417 et
972 2389 1091 2417 viviticet
1104 2394 1185 2424 atque
1201 2389 1256 2417 alat
1266 2389 1394 2419 virtutes.

926 2624 1044 2658 spiritali
1060 2632 1074 2650 ο
1096 2624 1227 2659 supernis,
1247 2632 1260 2650 ε
1281 2623 1349 2659 {mlo
1367 2624 1495 2659 veniente,
1509 2622 1578 2659 ultas
1599 2622 1714 2659 mystice

927 2660 1071 2691 cisternas,
1087 2657 1221 2686 Maximus
1229 2658 1267 2686 ait
1280 2658 1399 2692 impleri.
1411 2659 1445 2685 At
1458 2657 1525 2684 nihil
1540 2657 1611 2684 bene
1626 2657 1717 2686 Picus.

929 2695 1013 2722 Plena
1034 2699 1096 2721 sunt
1119 2693 1238 2728 spiritali
1251 2701 1357 2721 sursum
1377 2693 1503 2720 tendente-
1513 2693 1633 2719 sciemin.
1651 2692 1719 2719 Sur-

928 2738 988 2757 sum
1009 2730 1122 2767 tendere
1133 2727 1167 2767 et
1180 2729 1275 2761 salire,
1294 2728 1321 2755 id
1332 2728 1445 2766 quidem
1471 2727 1588 2767 fontium
1604 2732 1656 2767 est.
1673 2728 1718 2755 vi-

927 2772 1081 2799 varumque
1093 2764 1121 2791 in
1137 2764 1178 2799 eis
1192 2762 1355 2799 aquarum;
1373 2767 1400 2789 at
1423 2771 1477 2790 non
1492 2762 1716 2799 illaximointen-

929 2805 998 2831 tum.
1017 2797 1059 2828 vel
1073 2800 1134 2835 ejus
1149 2797 1253 2827 Graecis
1264 2798 1459 2834 signiﬁcatum.
1487 2797 1530 2825 Cf.
1546 2797 1579 2824 ad
1590 2797 1718 2825 Thalass.

929 2836 954 2862 ε).
970 2835 1014 2862 48.
