1920 3076
196 170 264 203 1243

779 170 809 200 S.
830 170 975 201 MAXIMI
995 170 1251 203 CONFESSORIS

1763 167 1830 199 124'.

230 227 276 256 60.
299 227 439 255 Cistcmas
464 225 567 254 excidit
591 226 724 254 Dominus
751 227 779 254 in
804 226 918 266 deserto.
943 227 987 263 (in

1075 228 1109 262 ξ’.
1125 229 1251 261 Λάκκους
1264 228 1379 264 λατομεῖ
1390 229 1404 255 ό
1418 227 1519 263 Κύριος
1530 227 1559 253 ἒν
1573 227 1606 262 τῇ
1623 225 1741 262 ἐρήμῳι·
1761 225 1834 259 λέγω

196 275 299 303 mundo
325 273 431 301 scilicet
453 272 653 308 hominumque
677 273 792 307 natura)
819 281 916 301 eorum
940 273 987 308 qui

195 320 270 355 digni
292 324 365 350 sunt,
381 317 466 345 corda
484 318 629 350 etl'odiens,
643 322 671 345 et
688 326 703 345 a
724 322 834 346 terrena
855 319 990 354 gravitate

197 365 398 401 prudentiaque
415 363 585 396 emundans,
602 369 684 399 atque
702 364 737 391 ad
754 364 864 392 divinos
880 365 991 400 sapien-

195 411 239 438 tize
260 414 288 438 et
306 410 429 437 scientiae
449 409 552 436 imbres
570 409 778 444 suscipiendos,
794 411 867 438 unde
886 410 990 439 Christi

195 464 295 491 pecora
312 457 451 491 adaquent
468 455 527 490 (eos
544 455 675 483 nimirum
695 456 742 491 qui
762 464 820 491 pra:
841 456 925 484 animi
946 456 990 483 in-

195 501 294 534 fantia,
312 501 410 528 morali
433 500 578 535 disciplina
604 501 713 537 egeant)
738 501 857 529 dilatans
881 506 909 529 et
931 509 990 529 am—

195 547 297 582 plians.

230 592 275 620 61.
289 592 446 619 Montanum
461 596 542 620 vocat
557 592 713 628 Scriptura,
726 592 875 621 sublimem
892 593 921 620 in
935 593 992 629 spi-

195 638 251 666 ritu
268 643 374 666 natura:
391 638 665 673 contemplationem,
677 646 759 674 quam
777 639 795 666 ii
810 640 917 672 coiunt,
930 641 989 675 qui,

195 691 290 712 rerum
309 684 454 712 sensilium
472 684 577 712 relictis
596 684 823 720 cogitationibus,
839 686 872 713 ad
894 693 990 714 earum

195 731 334 766 spiritales
353 731 476 758 rationes
491 739 540 766 per
557 731 737 759 intermedias
755 732 873 760 virtutes
894 740 991 760 evase—

196 780 274 804 runt.

231 821 275 849 6‘3.
302 820 431 854 Quandiu
458 821 569 850 animus
598 822 626 848 in
654 821 746 856 seipse
775 822 914 857 vigentem
943 823 990 851 Dei

196 868 358 895 memoriam
378 867 474 899 habet,
491 875 541 902 per
563 868 823 903 contemplationem
844 870 991 898 Dominum

196 913 331 948 exquirit;
354 920 444 947 neque
463 913 490 941 id
513 913 687 941 defunctorie
708 915 866 950 leviusque,
883 916 947 947 sed.
964 918 992 944 in

197 959 292 985 timore
313 957 420 984 Domini
433 958 471 991 “;
497 958 550 985 hoc
574 962 631 992 est,
651 960 828 994 exsequendo
853 961 991 989 mandata.

197 1005 249 1039 Qui
267 1006 342 1033 enim
360 1005 573 1040 contemplando
590 1006 649 1033 sine
664 1006 773 1033 actione
786 1006 932 1033 Dominum
947 1014 994 1034 cx-

197 1052 293 1088 quirit,
307 1060 362 1079 non
379 1052 493 1084 invenit,
508 1060 541 1079 eo
557 1053 631 1087 quod
648 1060 704 1080 non
722 1052 749 1079 in
768 1052 867 1080 timore
883 1052 993 1079 Domini

197 1095 370 1130 exquisierit.
389 1096 425 1122 Et
448 1097 613 1131 prasperavit
635 1097 659 1123 ei
683 1096 813 1124 Dominus
824 1097 993 1125 °".-0mnem

198 1141 272 1170 enim
285 1141 333 1176 qui
346 1142 460 1169 scientia
473 1142 573 1169 comite
585 1143 687 1170 actioni
701 1143 848 1175 incumbit,
860 1143 994 1170 Dominus

199 1195 331 1224 prospere
346 1188 448 1223 dirigit,
461 1189 508 1223 qui
524 1193 552 1215 et
568 1189 760 1217 mandatorum
774 1189 872 1217 modos
885 1190 993 1223 doceat,

199 1237 319 1260 etVeras
332 1241 424 1260 rerum
440 1234 560 1261 rationes
576 1235 693 1270 aperiat.

235 1279 279 1307 65.
294 1279 425 1307 Sublimis
437 1279 471 1306 de
485 1279 588 1307 deitate
602 1288 695 1307 sermo
710 1288 742 1308 ac
760 1280 896 1313 doctrina,
911 1281 995 1308 turris

199 1330 241 1353 est
253 1326 357 1358 animo,
376 1325 569 1353 mandatorum
582 1326 664 1363 549
675 1327 866 1354 observatione
879 1327 994 1354 munita.

200 1372 234 1399 Et
255 1372 308 1399 hoc
331 1375 374 1399 est
396 1372 470 1406 quod
494 1373 532 1399 ait
558 1382 564 1400 :
586 1373 740 1407 {Ediﬁcavit
760 1373 838 1401 Ozias
861 1378 945 1400 turres
969 1373 996 1400 in

199 1417 352 1445 Jerusalem
367 1417 400 1444 “.
421 1418 474 1451 Qui
500 1418 574 1445 enim
599 1423 674 1446 recte
700 1419 874 1454 diriguntur,
892 1424 923 1446 ut
947 1427 996 1454 per

201 1462 464 1497 contemplationem
478 1470 540 1489 cum
557 1463 687 1498 adjuncto
703 1464 881 1491 convenienti
898 1464 996 1492 timore

201 1506 318 1543 (agendo
334 1507 439 1535 scilicet
456 1516 518 1542 qua:
535 1509 663 1535 mandata
682 1509 762 1544 sunt)
781 1509 926 1538 Dominum
947 1518 996 1538 ex-

200 1553 305 1588 quirat,
320 1553 342 1581 is
359 1554 387 1581 in
402 1554 555 1581 Jerusalem
575 1559 666 1582 turres
681 1555 815 1588 aedificat;
835 1555 862 1582 in
879 1556 996 1591 simplici

200 1600 333 1628 nimirum
360 1606 389 1628 et
413 1601 563 1636 tranquillo
588 1601 673 1628 animi
694 1605 784 1635 statu,
808 1602 940 1630 sublimes
961 1603 996 1631 de

200 1646 303 1676 deitate
321 1656 464 1676 sermones
480 1649 621 1677 attollens.

237 1737 281 1765 64.
302 1738 489 1766 Particulares
516 1738 639 1766 rationes
669 1737 735 1766 dum
760 1738 794 1766 ad
825 1739 997 1768 universales

201 1784 347 1817 accedunt,
360 1792 421 1819 qua:
439 1784 527 1811 divisa
542 1789 607 1811 sunt
628 1785 700 1811 inter
716 1792 744 1812 se
760 1785 901 1819 copulant.
917 1785 996 1818 Quod

201 1829 334 1857 nimirum
349 1829 568 1858 universaliores
583 1830 715 1863 rationes,
741 1839 837 1858 eorum
860 1839 921 1866 qua:
941 1839 998 1858 ma-

202 1874 244 1910 gis
268 1874 446 1910 particularia
471 1879 552 1907 sunt,
576 1876 699 1903 rationes
724 1876 902 1903 nniformiter
923 1885 998 1904 com-

202 1919 390 1955 prehendant,
409 1920 444 1947 ad
467 1929 528 1955 quae.
549 1921 715 1949 naturaliter
737 1921 794 1956 ipsa
818 1922 997 1956 particularia

204 1964 369 1992 relationem
387 1964 519 1993 habeant.
533 1965 588 1993 Sed
604 1971 632 1994 et
647 1966 709 1994 cceli
727 1974 790 1993 cum
807 1971 890 1999 terra,
905 1975 997 1995 rerum

203 2018 266 2046 quae
285 2018 369 2038 sensu
393 2012 590 2047 percipiuntur
609 2021 671 2039 cum
692 2013 746 2040 illis
764 2021 824 2048 qua:
846 2019 937 2042 tuente
954 2014 996 2042 in-

205 2056 382 2092 telliguntur,
399 2061 505 2085 naturae
517 2066 580 2085 eum
597 2058 714 2090 ratione,
730 2059 903 2086 habitudinis
921 2067 997 2095 quaa-

204 2101 266 2129 dam
284 2102 311 2129 in
331 2103 429 2137 spiritu
448 2103 520 2130 ratio
542 2107 595 2136 est,
610 2111 664 2139 qua
691 2104 748 2132 haec
770 2105 824 2132 alia
846 2105 909 2133 aliis
932 2114 999 2133 con-

204 2152 279 2175 serta
295 2148 438 2176 uniantur.

241 2194 286 2222 65.
304 2193 355 2221 Cui
379 2194 414 2221 ab
437 2193 584 2222 aﬂ'ectibus
598 2194 729 2230 vitiisque
747 2203 847 2223 sensus
864 2196 998 2224 revellere

206 2241 295 2272 licuit,
315 2240 494 2275 animumque
518 2249 532 2267 a
554 2248 686 2268 sensuum
713 2242 829 2269 libidine
854 2242 997 2278 abjunxit;

205 2295 287 2322 quem
310 2287 363 2315 sibi
386 2286 554 2315 intuentem
578 2287 707 2316 diabolus
731 2288 896 2316 intermedio
915 2297 998 2317 sensu

205 2331 311 2359 aditum
332 2336 534 2367 perstruxerat.
556 2327 703 2360 obstruere
727 2333 823 2361 valuit.
842 2333 950 2362 idcirco
970 2334 999 2362 in

205 2377 317 2405 deserto
339 2377 480 2414 (naturali
498 2378 603 2406 scilicet
618 2379 825 2413 speculatione)
846 2380 932 2408 veluti
954 2381 1000 2408 lir-

206 2429 267 2449 mas
282 2426 374 2449 turres
391 2430 424 2450 ac
437 2426 522 2454 tutas,
540 2422 600 2457 pias
614 2422 648 2450 de
666 2423 749 2450 rebus
770 2423 917 2458 opiniones
934 2425 1000 2452 aedi-

206 2468 299 2496 ﬁcavit
313 2477 320 2495 :
333 2469 368 2496 ad
386 2477 455 2504 quas
470 2469 519 2504 qui
542 2469 678 2504 confugit.
695 2477 752 2497 non
772 2478 821 2498 eos
842 2470 932 2504 timet,
951 2471 1000 2506 qui

206 2515 234 2542 in
262 2515 315 2542 hoc
338 2515 450 2543 deserto
477 2515 588 2552 (natura
616 2515 725 2544 scilicet
750 2517 839 2544 oculis
863 2517 999 2553 subjecta)

206 2561 352 2599 latrocinia
375 2566 507 2589 exercent
529 2562 568 2598 (id
583 2566 636 2594 est,
651 2562 802 2599 daemones)
816 2563 919 2598 quique
937 2571 1001 2591 scn-

206 2615 287 2635 sunm
308 2615 392 2643 opera
418 2612 538 2636 mentem
561 2609 708 2642 seducunt,
728 2614 757 2637 et
781 2609 814 2637 ad
838 2609 1001 2645 ignorantia:

206 2654 353 2690 caliginem
373 2655 551 2689 pertrahunt.
567 2654 620 2688 Qui
641 2656 718 2684 enim
734 2655 852 2692 singulis
870 2656 898 2683 in
916 2656 1001 2684 rebus

208 2701 253 2730 nie
271 2700 403 2735 opinatur
428 2708 461 2728 ac
485 2701 580 2734 sentit,
602 2701 768 2730 seducentes
789 2702 929 2731 daemones
948 2711 999 2739 per

207 2753 238 2773 ea
253 2753 315 2781 qua:
327 2746 417 2774 oculis
430 2746 581 2780 cernimus,
597 2754 652 2774 non
669 2747 780 2775 metuit.

243 2875 268 2890 τι
283 2876 305 2903 ιι
322 2876 381 2906 l‘sa!
409 2878 516 2909 πως.
557 2879 579 2894 ει
593 2877 662 2906 ibid.
701 2877 723 2893 ιο
739 2868 805 2906 ibid.
821 2879 848 2907 9.

1039 274 1067 302 δὲ
1089 275 1129 310 τῷ
1149 275 1255 311 κόσμῳ,
1274 275 1322 302 καὶ
1343 275 1377 310 τῇ
1394 273 1473 309 φύσει
1503 273 1557 300 τῶν
1582 271 1756 307 ἀνθρώπων
1783 270 1834 303 τὰς

1040 320 1095 347 τῶν
1111 319 1194 353 ἀξίων
1210 320 1325 353 καρδίας
1348 319 1491 355 ὲκχοῖζων,
1507 318 1556 345 καὶ
1571 315 1774 352 ἀποκαθαίρων
1786 315 1831 342 τοῦ

1041 366 1135 394 ὑλικοῦ
1150 367 1251 403 βάρους
1268 375 1298 393 τε
1313 367 1361 393 καὶ
1382 366 1568 400 φρονήματος,
1586 364 1633 390 καὶ
1648 362 1735 389 ποιῶν
1751 362 1832 397 εὐρυ-

1040 412 1146 448 χώρους
1172 412 1240 448 πρὸς
1260 411 1394 447 ὑποδοχὴν
1420 411 1475 436 τῶν
1491 409 1572 436 θείων
1587 410 1638 444 τῆς
1665 408 1766 441 σοφίας
1789 406 1835 433 καὶ

1040 459 1091 493 τῆς
1107 457 1235 493 γνώσεως
1249 458 1345 490 ὑετῶν,
1362 458 1407 484 ἵνα
1419 455 1550 488 ποτίζωσι
1566 456 1599 482 τὰ
1610 455 1697 490 κτήνη
1708 453 1758 480 τοῦ
1771 454 1836 488 Χρι-

1042 504 1116 536 στοῦ,
1127 504 1191 535 τοὺς
1206 503 1351 539 δεομένους
1363 502 1435 538 λέγω
1449 502 1493 528 διὰ
1506 501 1595 538 ψυχῆς
1609 499 1776 535 νηπιότητα,
1788 498 1837 533 τῆς

1040 549 1140 586 ἠθικῆς
1152 549 1336 581 διδασκαλίας.

1077 596 1127 630 ξω.
1147 595 1270 631 Ὀρεινὴν
1285 596 1301 631 ἡ
1316 594 1423 631 Γραφὴ,
1447 593 1497 628 τὴν
1512 591 1617 628 ὑψηλὴν
1644 591 1673 618 ὲν
1697 588 1838 624 πνεύματι

1042 642 1159 678 θεωρίαν
1176 642 1227 675 τῆς
1254 642 1362 676 φύσεως
1388 640 1473 674 λέγει,
1491 639 1524 674 ἢν
1544 637 1715 673 γεωργοῦσιν
1739 636 1766 661 οἱ
1783 634 1837 661 τῶν

1042 687 1180 723 αἰσθητῶν
1197 687 1396 722 ἀπογενόμενοι
1423 683 1591 720 φαντασιῶν,
1615 682 1663 709 καὶ
1684 680 1837 717 πρδςντοίις

1041 734 1133 761 αὐτῶν
1151 733 1265 770 νοητοὺς
1290 733 1335 760 διὰ
1359 732 1451 768 μέσων
1473 731 1529 757 τῶν
1554 727 1661 765 ἀρετῶν
1686 726 1836 756 διαϐάντες

1041 779 1139 814 λόγους

1079 824 1130 860 ξβ¹.
1153 825 1182 852 '0
1201 824 1264 857 νοῦς
1292 823 1335 858 ἐφ’
1350 823 1412 850 ὅσον
1437 821 1494 856 ἔχει
1513 819 1605 851 ζῶσαν
1625 819 1654 845 ἐν
1680 816 1772 852 ἑαυτῷ
1786 815 1836 851 τὴν

1044 869 1092 897 τοῦ
1116 869 1184 896 Θεοῦ
1220 869 1341 905 μνήμην,
1361 867 1405 894 διὰ
1433 866 1482 901 τῆς
1509 863 1626 899 θεωρίας
1653 862 1770 896 ἐκζητεῖ
1791 861 1836 887 τὸν

1008 907 1029 935 Β
1045 915 1146 951 Κύριον
1158 923 1165 930 ·
1195 914 1243 941 καὶ
1270 914 1320 949 οὺχ
1342 911 1446 943 ἁπλῶς,
1462 909 1519 937 ἀλλ’
1546 909 1583 940 ἐκ
1597 908 1679 942 φόϐῳ
1703 906 1836 940 Κυρίου·

1043 961 1195 992 τουτέστιν,
1216 961 1245 987 ὲν
1262 961 1294 994 τῇ
1311 957 1410 994 πράξει
1435 956 1489 983 τῶν
1513 954 1640 982 ἐντολῶν.
1658 953 1690 980 Ὀ
1710 952 1767 987 γὰρ
1790 953 1838 979 ἐκ·

1044 1007 1133 1043 ζητῶν
1149 1007 1194 1034 διὰ
1208 1005 1325 1040 θεωρίας
1347 1004 1393 1031 τὸν
1415 1002 1518 1038 Κύριον
1531 1000 1616 1036 χωρὶς
1634 999 1775 1034 πράξεως,
1788 997 1838 1032 οὐχ

1044 1054 1168 1090 εὑρίσκει
1184 1052 1276 1084 αὐτὴν,
1295 1052 1337 1078 ὅτι
1360 1049 1411 1077 οὐκ
1433 1050 1464 1075 ὲν
1492 1046 1567 1083 φόϐῳ
1584 1045 1690 1080 Κυρίου
1714 1045 1763 1070 τὸν
1781 1043 1838 1070 Κύ-

1046 1108 1103 1137 ριον
1118 1098 1277 1134 ὲξεζὴτησε.
1303 1096 1358 1125 Καὶ
1386 1095 1544 1122 εὐώᾶωσεν
1561 1091 1643 1124 αὐτῷ
1669 1092 1688 1118 ὁ
1711 1091 1837 1125 Κύριος·

1045 1147 1127 1174 παντὶ
1143 1145 1198 1181 γὰρ
1225 1144 1266 1179 τῷ
1293 1143 1364 1180 μετὰ
1382 1142 1510 1176 γνώσεως
1538 1139 1698 1175 πράττοντι.
1723 1137 1840 1164 εὐοδοῖὸ

1045 1193 1158 1229 Κύριος,
1174 1192 1237 1223 τούς
1250 1199 1279 1217 τε
1293 1190 1347 1217 τῶν
1359 1188 1475 1216 ἐντολῶν
1490 1186 1625 1214 διδάσκων
1636 1184 1771 1220 τρόπους,
1793 1183 1840 1209 καὶ

1044 1241 1108 1272 τοὺς
1120 1239 1174 1266 τῶν
1190 1238 1275 1265 ὄντων
1289 1236 1399 1271 ἀληθεῖς
1414 1234 1509 1268 λόγους
1525 1230 1739 1260 ἀποκαλύπτων.

1082 1285 1132 1320 ξγ’,
1151 1285 1180 1312 '0
1194 1284 1258 1320 περὶ
1283 1283 1410 1317 θεότητος
1429 1279 1531 1315 ὑψηλὸς
1549 1279 1641 1312 λόγος,
1658 1276 1768 1312 πύργος
1782 1273 1840 1300 ἐστὶ

1046 1333 1117 1360 κατὰ
1129 1331 1229 1367 ψυχὴν,
1245 1331 1306 1361 ταῖς
1320 1329 1375 1355 τῶν
1390 1327 1505 1354 ἐντολῶν
1519 1324 1672 1360 ἐνεργείαις
1692 1321 1843 1357 ὠχυρωμὲ

1045 1385 1101 1409 νος.
1118 1376 1175 1404 Καὶ
1199 1374 1277 1402 τοῦτό
1300 1375 1374 1400 ἐστιν
1397 1372 1411 1399 ὅ
1437 1379 1530 1407 φησιν,
1555 1370 1597 1397 ὅτι
1631 1367 1842 1403 ’ῼκοδόμησεγ

1053 1422 1147 1455 Ὀζῖας
1168 1421 1303 1455 πύργους
1326 1419 1360 1446 ἐν
1379 1416 1584 1452 Ἰερουσαλήμ.
1612 1414 1721 1462 ἡγὰρ
1750 1411 1844 1462 καλῶς

1047 1467 1225 1503 εὐοδούμενος
1243 1467 1290 1493 ἐπὶ
1317 1465 1368 1500 τὴν
1397 1464 1441 1491 διὰ
1471 1462 1588 1497 Θεωρίας
1617 1458 1770 1494 ἐκζήτησιν
1795 1458 1843 1484 τοῦ

1047 1513 1162 1549 Κυρίου,
1181 1511 1252 1548 μετὰ
1274 1510 1322 1538 τοῦ
1347 1508 1565 1544 ὲπιὸεΰλημένου
1594 1505 1690 1541 φόϐου,
1715 1504 1844 1531 τουτέστι

1048 1560 1097 1595 τῆς
1115 1559 1170 1586 τῶν
1196 1557 1311 1585 ἐντολῶν
1331 1556 1468 1592 πράξεως,
1494 1553 1633 1588 οἰκοδομεῖ
1662 1551 1791 1586 πύργους
1816 1551 1845 1577 ὲν

1054 1603 1244 1640 Ἰερουσαλὴμ,
1257 1603 1327 1630 κατὰ
1340 1602 1388 1638 τὴν
1404 1600 1494 1636 ἁπλῆν
1510 1598 1610 1635 δηλαδὴ
1634 1599 1681 1624 καὶ
1701 1595 1846 1631 ἡρεμαίαν

1047 1652 1097 1686 τῆς
1113 1650 1203 1686 ψυχῆς
1227 1648 1407 1680 κατάστασιν,
1427 1647 1491 1678 τοὺς
1505 1645 1571 1680 περὶ
1584 1643 1712 1678 θεότητος
1724 1641 1843 1676 ἀνυψῶν

1047 1696 1155 1730 λόγους.
1602 1726 1614 1732 χ

1084 1740 1118 1775 ξδ’
1123 1761 1130 1769 .
1144 1741 1175 1768 Οί
1188 1740 1241 1768 τῶν
1264 1739 1311 1767 ἐπὶ
1335 1739 1436 1774 μέρους
1449 1737 1534 1772 λόγοι,
1549 1737 1605 1768 τοῖς
1625 1734 1742 1762 καθόλου
1759 1741 1848 1769 προσ-

1047 1786 1212 1823 χωροῦντες,
1231 1786 1282 1817 τὰς
1295 1785 1350 1813 τῶν
1365 1785 1539 1821 διῃρημένων
1563 1782 1674 1813 ἑνὼσεις
1688 1779 1844 1807 πηιοῦνται·

1047 1834 1114 1860 διότι
1131 1833 1186 1860 τῶν
1211 1832 1406 1869 μερικωτέρων
1435 1829 1558 1861 ἑνοειδῶς
1581 1829 1606 1856 οί
1628 1826 1846 1861 καθολικώτερα

1047 1880 1111 1912 τοὺς
1126 1879 1223 1914 λόγους
1244 1877 1490 1913 περιλαμϐάνουσι,
1504 1875 1573 1911 πρὸς
1587 1873 1635 1906 οὓς
1657 1872 1783 1908 φυσικῶς
1799 1872 1846 1906 τὴν

1048 1924 1188 1960 ἀναφορὰν
1206 1923 1263 1958 ἔχει
1286 1923 1321 1950 τὰ
1343 1922 1414 1949 κατὰ
1432 1921 1524 1957 μέρος.
1543 1918 1626 1946 Ἀλλὰ
1645 1917 1694 1945 καὶ
1709 1916 1756 1943 νοῦ
1780 1916 1846 1950 πρὶς

1048 1969 1188 2005 αἴσθησιν,
1203 1969 1250 1996 καὶ
1263 1968 1380 2004 οὐρανοῦ
1396 1967 1464 2003 πρὸς
1481 1966 1542 2001 γῆν,
1559 1965 1606 1991 καὶ
1620 1962 1762 1998 αἰσθητῶν
1780 1962 1847 1996 πρὸς

1048 2015 1141 2051 νοητὰ,
1158 2014 1206 2041 καὶ
1221 2014 1330 2048 φύσεως
1345 2012 1413 2048 πρδς
1432 2011 1522 2046 λόγον,
1536 2010 1594 2037 ἔστι
1611 2017 1654 2041 τις
1676 2008 1725 2034 καὶ
1740 2007 1846 2033 τούτων

1050 2060 1174 2096 σχετικὸς
1187 2060 1216 2086 ἐν
1232 2059 1369 2095 πνεύματι
1390 2057 1479 2092 λόγος.
1492 2056 1543 2092 τὴν
1555 2054 1623 2090 πρὸς
1640 2052 1743 2088 ἄλληλα
1758 2052 1845 2082 διδοὺς

1049 2106 1142 2138 αὐτοῖς
1153 2104 1261 2133 ἕνωσιν.

1086 2193 1133 2226 ξε’.
1162 2193 1192 2219 '0
1209 2191 1265 2219 τῶν
1283 2190 1378 2217 παθῶν
1394 2188 1518 2225 δυνηθεὶς
1530 2187 1668 2223 emam
1682 2185 1733 2217 τὰς
1748 2185 1846 2220 αἰσθή-

1015 2248 1036 2276 D
1052 2248 1119 2272 σεις,
1137 2240 1185 2266 καὶ
1209 2238 1258 2273 τῆς
1284 2237 1338 2264 τῶν
1364 2236 1517 2270 αἰσθήσεων
1539 2234 1659 2269 σχέσεως
1681 2233 1732 2268 τὴν
1756 2233 1845 2267 ςυχὴδ

1053 2284 1269 2314 ἀποδιαστείλας,
1290 2282 1454 2317 κατίσχυσεν
1474 2279 1646 2313 ἀποτειχίσαι
1662 2277 1712 2313 τὴν
1732 2277 1845 2312 γενομέ-

1053 2338 1102 2365 νην
1119 2328 1167 2356 τοΰ
1194 2327 1319 2355 διαϐόλου
1336 2328 1404 2362 πρὺς
1425 2326 1469 2353 τὸν
1486 2325 1548 2352 νοῦν
1562 2324 1606 2351 διὰ
1626 2323 1719 2359 μέσων
1733 2323 1790 2349 τῶν
1806 2323 1846 2349 σι-

1053 2376 1176 2411 σοήσεων
1195 2374 1308 2401 εἴσοδον·
1326 2373 1374 2399 καὶ
1393 2373 1437 2400 διὰ
1460 2371 1539 2398 τοῦτο
1557 2370 1628 2398 κατὰ
1653 2369 1705 2405 τὴν
1731 2369 1845 2404 ἔρημον,

1055 2422 1127 2458 φημὶ
1138 2421 1167 2448 δὲ
1182 2421 1231 2457 τὴν
1245 2420 1366 2455 φυσικὴν
1380 2418 1508 2454 θεωρίαν,
1524 2417 1606 2444 οἱονεὶ
1622 2417 1748 2451 πύργους
1760 2418 1847 2450 ἀσφα-

1054 2468 1121 2501 λεῖς,
1134 2467 1185 2498 τὰς
1200 2466 1323 2498 εὐσεϐεῖς
1337 2466 1403 2501 περὶ
1419 2464 1472 2491 τῶν
1485 2464 1570 2490 ὅντων
1587 2462 1748 2498 ᾠκοδόμησε
1758 2462 1845 2496 δόξας·

1053 2515 1083 2540 ὲν
1101 2511 1147 2545 αἷς
1162 2514 1176 2540 ό
1195 2511 1395 2547 καταφεύγων,
1420 2511 1451 2537 οὐ
1471 2509 1594 2544 φοϐεῖται
1610 2508 1675 2540 τοὺς
1704 2508 1780 2535 κατὰ
1801 2509 1847 2543 τὴν

1053 2559 1156 2595 ἔρημον
1172 2559 1285 2594 ταύτην·
1306 2557 1378 2592 λέγω
1392 2557 1421 2583 δὲ
1447 2556 1496 2592 τὴν
1520 2555 1602 2589 φύσιν
1617 2554 1673 2580 τῶν
1688 2554 1845 2590 ὁρωμένων,

1053 2605 1233 2642 λῃστεύοντας
1255 2604 1386 2640 δαίμονας
1397 2624 1404 2636 ,
1428 2603 1476 2630 καὶ
1492 2601 1651 2632 πλανῶντας
1666 2601 1713 2627 τὸν
1730 2600 1793 2627 νοῦν
1806 2600 1845 2626 διὲ

1053 2653 1103 2687 τῆς
1125 2651 1289 2686 αἰσθήσεως,
1306 2650 1354 2677 καὶ
1370 2649 1440 2684 προς
1457 2649 1569 2683 ἀγνοίας
1586 2647 1795 2683 κατασύροντας
1810 2646 1846 2679 ζό-

1053 2706 1114 2732 φον.
1138 2698 1167 2724 '0
1179 2697 1234 2733 γὰρ
1251 2697 1301 2733 τὴν
1317 2695 1418 2730 εὐσεδῆ
1439 2695 1504 2730 περὶ
1517 2694 1635 2720 ἕκαστον
1651 2693 1733 2726 δόξαν
1749 2694 1845 2727 κτησά-

1055 2751 1147 2779 μενος,
1161 2743 1191 2770 οὺ
1204 2743 1308 2770 δέδοικε
1327 2742 1392 2773 τοὺς
1408 2741 1452 2768 διὰ
1464 2740 1519 2766 τῶν
1533 2739 1710 2774 φαινομένων
1728 2738 1844 2766 πλανῶν-

1052 2800 1102 2822 τας
1117 2792 1181 2825 τοὺς
1197 2791 1358 2827 ἀνθρώπους
1375 2789 1515 2825 δαίμονας.
