1920 3076
87 163 157 197 1245

427 164 597 206 ΟᾼΡΙἸἮΜ
616 163 830 201 QUINQUIES
848 163 889 193 (ΞΕ

944 164 1110 198 'ENORUM
1129 167 1326 200 CENTURIA
1343 167 1385 197 II.

1656 165 1725 198 1246

122 221 177 255 Eg".
200 218 257 253 Πᾶς
272 220 334 254 νοῦς
355 221 432 257 ίσχὺν
447 221 515 257 πρὸς
532 221 651 257 θεωρίαν
671 221 752 257 ἔχων,
771 220 874 256 ἀληθής

961 219 1005 251 66.
1031 223 1108 253 Mens
1133 226 1225 253 omnis
1240 225 1268 252 vi
1293 225 1327 252 ad
1354 223 1573 259 specnlatloucm
1601 225 1726 260 pollens,

87 270 147 296 ἐστι
164 268 306 304 γεωργὸς,
332 267 443 303 καθαρά
473 267 602 300 ζιζανίων
633 267 676 295 διὰ
699 268 750 302 τῆς
775 266 881 298 οἰκείας

87 314 209 350 σπουδῆς
223 314 271 342 καὶ
286 313 446 350 ἐπιμελείας
459 313 494 340 τὰ
508 313 569 340 θεία
584 313 639 340 τῶν
655 313 767 348 ἀγαθῶν
782 312 881 347 διαφυ-

87 359 193 388 λάττων
210 359 375 396 σπέρματα,
403 359 500 395 μέχρις
528 355 560 385 οὗ
589 357 776 393 συντηροῦσαν
800 356 882 384 αὐτὸν

87 406 138 441 ἔχῃ
154 405 205 440 τὴν
223 405 272 432 τοῦ
288 404 356 432 Θεοῦ
377 405 498 440 μνήμην.
522 404 593 440 Φησὶ
607 403 662 440 γάρ
672 412 680 420 ‘
698 403 755 430 Kal.
769 401 809 439 ἦν
831 403 882 431 ὲκ-

87 451 183 486 ζητῶν
200 451 254 478 τὸν
274 451 387 486 Κύριον
405 451 441 478 ἐν
455 450 516 484 ταῖς
543 450 669 485 ἡμέραις
683 450 833 486 Ζαχαρίου
849 450 884 477 ἐν

88 499 171 532 φόϐῳ
190 497 312 532 Κυρίου.
331 496 470 533 Ζαχαρίαν
491 497 537 528 δὲ,
558 495 684 531 μνήμην
715 496 790 523 Θεοῦ
815 495 884 530 πρὸς

88 544 140 578 τὴν
162 543 276 570 Ἐλλάδα
302 543 394 579 φωνὴν
421 542 643 578 μεταφερόμενον
671 540 740 569 οἶδεν
763 542 778 568 ὁ
793 540 882 576 λόγος.

89 590 136 617 Διδ
149 589 266 617 πάντοτε
277 589 417 624 δεηθῶμεν
428 587 476 615 τοῦ
491 588 605 625 Κυρίου,
620 588 671 623 τὴν
683 587 819 624 σωτήριον
833 587 884 615 αὐ-

89 634 137 662 τοῦ
153 634 325 670 φυλαχθῆναι
335 635 402 670 ἡμῖν
423 634 546 670 μνήμην,
560 634 605 660 ἵνα
621 633 658 669 μὴ
679 634 726 660 καὶ
748 632 814 660 αὐτὸ
827 633 885 659 δια-

91 680 193 717 φθείρῃ
215 680 265 716 τὴν
289 679 379 715 ψυχὴν
401 680 433 706 τὺ
462 679 695 715 κατορθούμενον,
721 679 788 715 πρὸς
818 679 886 714 ὕψος

90 725 232 761 ἀρθεῖσαν,
250 724 298 752 κιιὶ¹
321 724 377 751 τῶν
393 723 465 760 ὑπὲρ
480 722 574 758 φύσιν,
590 721 628 754 ὡς
649 723 663 749 ὁ
685 722 786 755 Ὀζίας,
799 730 885 749 κατα-

92 771 277 807 ιολμήσασαν,

130 817 178 849 εἶ’.
208 818 218 828 '
250 816 283 843 Ἦ
309 815 364 842 τῶν
391 812 477 842 ὄντων
506 814 630 850 ἀπλανὴς
652 813 772 850 θεωρία,
791 812 886 840 παθῶν

92 862 310 898 ἀπηλλαγμένης
335 862 421 889 δεῖται
443 861 543 897 ψυχῆς·
570 861 632 896 ἥτις
651 859 831 896 Ἰερουσαλὴμ
846 859 887 885 λέ-

92 918 183 943 γεται,
197 909 242 936 διά
257 916 287 935 τε
302 907 351 944 τὴν
367 909 461 944 ἄρτιον
476 907 577 944 ἀρετὴν
593 906 642 934 καὶ
655 907 705 942 τὴν
721 906 802 934 ἄῦλον
815 905 887 940 γνῶ-

94 964 148 983 σιν’
164 956 225 991 ἥτις
241 954 272 981 οὑ
289 955 370 990 μόνον
392 954 464 981 κατά
488 953 616 990 στέρησιν
632 952 737 985 παθῶν,
754 951 822 979 ἀλλά
840 951 887 978 καὶ

95 1001 254 1038 φαντασιῶν
267 1000 404 1036 αίσθητῶν
420 999 585 1034 ἐπιγίνεται.

132 1137 183 1173 ξη¹.
196 1136 289 1172 Χωρὶς
301 1135 420 1167 πίστεως
439 1134 486 1162 καὶ
505 1133 612 1165 ἐλπίδος
637 1132 685 1159 καὶ
706 1131 830 1167 ἀγάπης,
842 1131 888 1158 οὐ-

93 1184 141 1211 δὲν
159 1183 222 1210 οὒτε
247 1183 303 1210 τῶν
327 1181 421 1209 κακῶν
446 1181 629 1215 καταργεῖται
653 1177 802 1210 παντελῶς,
826 1176 888 1204 οὔτε

92 1231 151 1256 τῶν
167 1228 258 1256 καλῶν
279 1227 461 1263 κατορθοῦται
477 1225 629 1253 τοσύνο).ον.
652 1224 684 1251 'H
705 1223 753 1260 μὲν
772 1224 828 1258 γάρ
842 1223 888 1249 πί-

95 1283 166 1308 στις,
184 1273 273 1301 πείθει
289 1273 327 1308 τῷ
343 1272 403 1307 θεῷ
419 1271 592 1307 προσχωρεῖν
606 1269 653 1296 τὸν
677 1269 739 1296 νοῦν
754 1267 889 1303 πολεμού-

96 1329 189 1356 μενον,
217 1320 307 1359 πάσης
334 1317 410 1353 αὺτῷ
435 1317 566 1352 γινομένη
598 1315 773 1351 παρασκευῆς
799 1314 889 1341 ὃπλων

95 1366 292 1401 πνευματικῶν
309 1365 379 1401 πρὸς
405 1364 436 1390 τὸ
466 1363 578 1399 θαρρεῖν
602 1361 789 1398 παραμύθιον.
812 1360 845 1387 Ἣ
859 1359 888 1386 δὲ

95 1413 185 1446 ἐλπὶς,
204 1412 255 1447 τῆς
270 1411 345 1442 θείας
366 1410 440 1446 αὐτῷ
462 1410 626 1436 καθίσταται
645 1407 771 1443 βοηθείας
788 1407 889 1441 ἐγγυη-

94 1459 147 1495 τὴς
177 1458 393 1494 ἀψευδέστατος,
419 1456 470 1491 τὴν
492 1455 547 1482 τῶν
574 1454 704 1482 ἐναντίων
729 1452 890 1488 καθαίρεσιν

96 1504 322 1540 ἐπαγγελλομένη
341 1503 494 1538 δυνάμεων.
529 1502 560 1528 Ἡ
582 1501 611 1527 δὲ
635 1500 741 1535 ἀγάπη,
754 1499 891 1534 δυσμετα-

97 1553 220 1587 κίνητον,
242 1551 344 1586 μᾶλλον
370 1550 410 1582 δέ,
435 1550 555 1585 πάμπαν
579 1547 725 1582 ἀκίνητον,
743 1546 795 1581 τῆς
813 1545 890 1576 θείας

98 1599 221 1635 στοργῆς
236 1598 318 1625 αὑτὸν
334 1595 405 1624 εἶναι
429 1593 639 1632 παρασκευάζει
651 1593 699 1620 καὶ
715 1590 890 1627 πολεμούμε-

97 1654 156 1678 νον,
178 1643 354 1680 προσηλοῦσα
380 1641 419 1678 τῷ
448 1641 512 1676 θείῳ
534 1639 609 1675 πόθῳ
630 1639 721 1666 πᾶσαν
747 1637 830 1664 αὑτοῦ
842 1636 893 1673 τὴν

97 1692 151 1726 τῆς
164 1690 285 1725 ἐφέσεως
303 1688 430 1724 δύναμιν.

136 1737 187 1770 ξθθ.
213 1736 245 1762 Ἡ
264 1736 360 1767 πίστις
379 1734 586 1770 παραμυθεῖται
610 1732 658 1759 τδν
674 1730 738 1758 νοῦν
758 1728 893 1764 πολεμού-

102 1793 195 1820 μενον,
212 1784 341 1820 βοηθείας
363 1783 451 1810 ἐλπίδι
467 1781 648 1818 ῥωννύμενον·
670 1780 686 1815 ἡ
708 1779 736 1806 δὲ
752 1778 828 1810 ἐλπὶς
846 1777 892 1804 ὑπ’

99 1831 163 1866 ὄψιν
184 1831 289 1864 ἄγουσα
307 1829 356 1865 τὴν
377 1828 569 1855 πιστευθεῖσαν
587 1826 725 1862 βοήθειαν,
739 1823 893 1859 ἀποκρούε-

100 1885 148 1904 ται
163 1870 281 1912 τὴντῶν
295 1874 493 1909 ἀντικειμένων
513 1872 698 1908 καταδρομήν·
713 1869 770 1905 ἠδὲ
785 1869 891 1903 ἀγάπη.

100 1922 203 1958 νεκρὰν
215 1921 361 1956 καθίστησι
378 1919 417 1955 τῷ
433 1919 550 1954 φιλοθέῳ
566 1918 605 1954 νῷ
622 1918 676 1944 τῶν
694 1914 831 1951 πολεμίων
844 1913 894 1949 τὴν

101 1967 269 2004 προσϐολὴν,
292 1968 326 2003 τῇ
343 1967 411 2003 πρὸς
431 1965 498 1992 Θεὸν
525 1964 618 2000 ἐφέσει
639 1962 780 1993 παντελῶς
803 1961 894 1996 ἀμαυ-

103 2023 151 2050 ρου
156 2013 251 2049 μένην.

137 2063 169 2087 οι.
193 2059 274 2090 Θείας
293 2057 377 2089 ὅντως
393 2056 511 2092 μερίδος,
527 2056 611 2090 ἦγουν
624 2053 751 2088 γνώσεως
765 2051 893 2087 ἀληθοῦς,

101 2105 172 2137 υἱὸς,
191 2104 301 2139 πρῶτός
320 2112 349 2130 τε
362 2103 409 2130 καὶ
426 2102 515 2137 μόνος,
527 2101 541 2127 ὁ
555 2100 624 2127 κατὰ
634 2100 683 2135 τὴν
696 2099 788 2126 πίστιν
804 2098 853 2134 τῆς
866 2099 894 2137 ὲν

99 2151 171 2186 ἡμῖν
193 2149 269 2181 θείας
286 2147 462 2179 ἀναστάσεώς
481 2148 539 2173 ἐστι
560 2146 654 2181 λόγος,
675 2145 744 2181 μετὰ
756 2145 805 2180 τῆς
820 2143 894 2170 δεού-

102 2205 156 2232 σης
174 2196 247 2223 κατά
260 2195 312 2231 τὴν
324 2193 438 2230 γνώμην
447 2193 615 2228 οἰκονομίας,
627 2192 711 2228 ἤγουν
721 2191 893 2227 διακρίσεως,

932 276 1015 297 verus
1032 271 1153 306 agricola
1170 275 1223 302 est,
1243 269 1347 298 munda
1368 276 1483 296 servans
1499 277 1515 296 a
1538 269 1663 302 zizaniis,
1685 269 1728 297 di-

932 315 1046 350 ligentia
1073 324 1123 344 sua
1148 323 1178 344 et
1201 324 1287 349 cura,
1315 315 1410 343 divina
1438 315 1576 343 bonorum
1601 316 1725 350 semina,

934 361 1059 397 quandiu
1071 363 1120 390 Dei
1139 363 1314 394 memoriam,
1325 363 1387 399 ejus
1407 362 1564 390 munimine
1585 367 1663 396 tuta,
1677 363 1728 391 ha-

933 408 1038 436 buerit.
1055 409 1102 436 Ait
1121 409 1196 437 enim
1215 418 1222 435 :
1241 409 1275 436 Et
1296 413 1354 436 erat
1371 409 1511 445 exquirens
1533 408 1676 437 Dominum
1698 411 1726 438 in

933 454 1024 482 diebus
1043 454 1193 488 Zachariw,
1215 455 1244 482 in
1270 451 1365 482 tir'nore
1388 455 1495 482 Domini
1517 454 1550 483 ⁸⁷,
1572 455 1660 483 Porro
1677 456 1728 483 Za-

934 502 1070 534 chariam,
1083 502 1107 529 si
1120 502 1213 537 lingua
1226 506 1322 529 nostra
1335 502 1495 534 reddamus,
1507 501 1556 529 Dei
1564 496 1728 530 “memoriam

935 553 1034 575 sonare
1057 555 1113 574 non
1130 548 1282 575 nescimus.
1300 547 1435 580 Quocirca
1453 547 1601 575 Dominum
1618 555 1729 583 semper

935 600 1057 625 oremus,
1080 598 1110 621 ut
1134 594 1267 621 salutaris
1281 594 1341 629 ejus
1360 593 1495 621 memoria
1517 594 1599 621 nobis
1618 602 1730 622 conser-

934 643 1027 673 vetur,
1044 647 1079 667 ne
1095 639 1186 674 ipsum
1202 639 1255 667 hoc
1271 639 1346 675 quod
1362 644 1438 668 recte
1455 648 1546 675 exque
1561 641 1666 668 virtute
1683 649 1729 676 ge-

935 684 1018 717 ritur,
1042 685 1185 713 interitum
1212 685 1311 713 animae
1336 686 1444 720 pariat,
1468 685 1534 713 dum
1560 686 1589 713 in
1611 687 1729 714 sublime

935 731 1063 766 erigitur,
1093 739 1126 759 ac
1150 732 1227 759 velut
1249 730 1354 764 Ozias,
1370 736 1474 760 temere
1500 732 1644 768 praesumit
1667 740 1729 768 qua:

936 782 1043 805 naturae
1056 777 1215 805 facultatem
1234 778 1374 806 excedunt
1390 778 1424 806 ⁸⁸.

973 823 1017 850 67.
1033 822 1116 851 Certa
1147 831 1297 858 errareque
1331 831 1430 850 vacans
1453 823 1608 859 speculatio
1629 824 1731 852 immu-

937 879 1001 899 nem
1017 871 1052 898 ab
1067 871 1213 898 affectibus
1230 874 1314 905 atque
1330 870 1407 898 vitiis
1425 870 1507 906 exigit
1526 871 1668 904 animum;
1683 870 1730 900 Ie-

939 916 1058 944 rusalem
1083 916 1190 944 scilicet
1216 920 1425 951 nuncupatum,
1449 920 1508 943 tum
1533 920 1647 951 propter
1666 923 1731 951 per-

938 961 1037 990 fectam
1055 960 1136 996 550
1151 961 1294 993 virtutem,
1314 965 1372 988 tum
1388 964 1502 996 propter
1519 960 1730 989 immaterialem

937 1007 1063 1042 nihilque
1073 1011 1215 1034 terrenum
1225 1006 1371 1034 habentem
1383 1006 1526 1034 scientiam
1539 1015 1547 1039 ;
1559 1014 1620 1041 quae
1631 1014 1731 1042 nempe

938 1053 1041 1081 nedum
1070 1053 1222 1080 eliminatis
1247 1052 1395 1080 aﬁ‘ectibus
1419 1057 1503 1088 atque
1526 1052 1614 1085 vitiis,
1632 1053 1679 1081 sed
1703 1057 1732 1080 et

938 1107 1033 1127 rerum
1059 1098 1203 1126 sensilium
1225 1099 1453 1134 cogitationibus,
1471 1098 1594 1134 proclive
1613 1098 1730 1126 accedit.

974 1144 1018 1173 68.
1038 1145 1151 1172 Nullum
1166 1145 1280 1172 omnino
1292 1145 1398 1180 absque
1416 1144 1479 1176 ﬁde,
1491 1152 1539 1179 spe
1553 1148 1582 1171 et
1595 1143 1731 1172 cbaritate

938 1192 1070 1219 vitiorum
1092 1190 1266 1224 destruitur,
1288 1191 1328 1218 uti
1350 1198 1441 1226 neque
1463 1198 1578 1226 prorsus
1594 1189 1731 1217 virtutum

939 1238 996 1266 ulla
1017 1241 1174 1272 praestatur.
1192 1237 1275 1265 Fides
1288 1237 1375 1269 enim,
1391 1237 1457 1264 dum
1477 1236 1656 1271 impugnatur
1672 1234 1733 1262 ani-

939 1292 1012 1316 mus,
1027 1287 1124 1319 auctor
1134 1287 1178 1311 est
1189 1283 1367 1319 confugiendi
1382 1283 1417 1310 ad
1429 1283 1528 1314 Deum,
1543 1282 1626 1317 eique
1641 1281 1732 1308 omnis

939 1329 1106 1365 spiritalium
1136 1336 1278 1356 armorum
1305 1332 1474 1364 apparatus,
1501 1327 1604 1362 quibus
1632 1325 1732 1353 ﬁducia

939 1380 1066 1410 paretur,
1088 1374 1207 1402 eﬁicitur
1220 1374 1361 1402 solatium.
1383 1374 1452 1409 Spes
1466 1376 1558 1400 autem
1570 1371 1692 1399 divinam
1703 1370 1732 1397 ei

939 1420 1084 1448 verissime
1100 1420 1266 1456 oppignerat
1291 1427 1384 1454 opem,
1402 1418 1535 1446 delendas
1560 1416 1734 1445 adversarias

939 1469 1093 1501 potestates
1133 1465 1248 1493 omnino
1278 1465 1425 1500 pollicens.
1458 1463 1586 1492 Charitas
1612 1463 1733 1497 denique

941 1519 1012 1548 agre
1030 1511 1159 1539 mobilem
1180 1511 1259 1546 (quin
1279 1515 1307 1538 et
1326 1518 1440 1545 prorsus
1459 1508 1643 1544 immobilem)
1662 1516 1734 1544 pra:-

903 1565 926 1597 c
942 1562 1006 1591 stat,
1021 1557 1109 1585 divini
1127 1557 1259 1585 illecebra
1281 1556 1394 1589 amoris,
1422 1560 1480 1583 tum
1498 1555 1582 1583 etiam
1602 1562 1665 1582 cum
1683 1553 1736 1580 im-

941 1609 1091 1639 pugnatur,
1104 1603 1227 1639 ejusvim
1245 1610 1356 1630 omnem
1373 1601 1534 1638 cupiditatis
1551 1601 1647 1629 divino
1661 1599 1736 1628 desi-

942 1648 1022 1677 derio
1035 1649 1156 1685 alligans.

978 1740 1022 1768 69.
1041 1739 1134 1771 Fides,
1153 1739 1276 1766 animum
1290 1738 1338 1773 qui
1360 1738 1549 1773 impugnatur,
1565 1742 1673 1772 sperata
1688 1745 1735 1766 sa-

941 1786 1000 1814 lute
1021 1786 1182 1813 roboratum
1205 1785 1322 1813 solatur.
1345 1784 1415 1819 Spes
1436 1788 1541 1816 autem,
1566 1784 1669 1819 ipsum,
1688 1785 1734 1811 cui

943 1830 1067 1858 adhibita
1091 1830 1177 1862 ﬁdes,
1203 1829 1338 1857 auxilium
1361 1829 1414 1856 sub
1441 1833 1585 1864 aspectum
1611 1837 1733 1864 ponens,

943 1876 1168 1904 adversariorum
1196 1875 1330 1902 insultum
1356 1874 1481 1910 depellit.
1506 1874 1633 1903 Charitas
1657 1874 1736 1902 deni-

943 1930 1008 1958 que,
1029 1922 1158 1950 infcstam
1182 1921 1306 1949 hostium
1326 1920 1416 1949 aciem
1443 1921 1560 1956 ejusque
1584 1920 1733 1956 impetum,

944 1968 1083 1996 desiderio
1098 1968 1126 1995 in
1145 1968 1232 1996 Deum
1249 1975 1364 2002 prorsus
1379 1970 1551 1997 enervatum,
1568 1966 1615 1994 Dei
1635 1966 1735 1994 cultori

944 2021 976 2042 ac
991 2013 1120 2049 religioso
1138 2013 1231 2041 animo
1248 2017 1405 2042 emortuum
1423 2013 1497 2040 facit.

981 2061 1024 2088 70.
1043 2060 1154 2087 Primus
1174 2066 1271 2087 revera
1292 2059 1421 2095 solusque
1437 2058 1538 2086 divinae
1553 2057 1641 2093 partis
1654 2057 1738 2092 (verto

945 2106 1052 2134 scilicet
1075 2105 1208 2141 scientia)
1230 2104 1313 2138 ﬁlius,
1334 2112 1425 2133 sermo
1439 2104 1503 2132 ﬁdei
1522 2107 1565 2132 est
1587 2102 1688 2131 divina:
1709 2103 1738 2130 in

945 2152 1027 2181 nobis
1047 2151 1270 2185 resurrectionis,
1287 2158 1351 2178 cum
1365 2150 1474 2178 decenti
1492 2149 1575 2179 animi
1590 2157 1621 2177 ac
1638 2148 1738 2176 volun-

948 2199 1012 2227 tatis
1028 2198 1237 2233 dispensatione
1257 2196 1295 2233 (id
1316 2201 1368 2230 est,
1384 2196 1551 2224 discretione
1571 2203 1604 2222 ac
1621 2194 1737 2231 judicio)

101 2242 196 2275 καλῶς
206 2241 344 2277 διαφέρων
364 2241 414 2272 τάς
432 2249 462 2266 τε
484 2239 539 2266 τῶν
553 2238 686 2265 ἑκουσίων
698 2237 745 2265 καὶ
760 2236 889 2263 ἀκουσίων

949 2245 1131 2273 tcntationum
1149 2243 1269 2271 insultus
1283 2248 1397 2271 strenue
1412 2242 1544 2276 tolerans,
1560 2246 1619 2269 tum
1633 2248 1694 2276 quae
1706 2248 1740 2268 ex

102 2287 268 2323 πειρασμῶν
283 2287 489 2318 ἐπαναστάσεις.
512 2285 569 2312 Καὶ
592 2284 646 2320 γὰρ
665 2283 762 2320 πρώτη
786 2284 815 2310 ἐν
830 2283 896 2318 ἡμῖν

100 2333 254 2364 ἀνάστασις
263 2331 310 2359 τοῦ
318 2331 362 2358 διά
367 2332 416 2366 τῆς
423 2330 534 2365 ἀγνοίας
544 2330 609 2365 ἡμῖν
622 2327 895 2363 νεκρωθέντοςθεοῦ,

98 2382 119 2417 ἡ
141 2379 234 2412 πίστις
240 2378 310 2412 ἐστὶ,
327 2378 416 2410 καλῶς
436 2379 492 2410 τοῖς
503 2377 595 2413 ἔργοις
602 2376 657 2402 τῶν
666 2374 780 2402 ἐντολῶν
794 2375 896 2402 οἰκονο-

102 2435 158 2463 μου
162 2425 241 2462 μὲν-η.

139 2474 191 2499 οα¹.
222 2471 255 2498 Ἦ
271 2472 341 2508 πρδς
357 2470 423 2498 Θεὸν
448 2470 611 2505 ἐπιστροφὴ,
635 2468 727 2503 σαφῶς
750 2467 849 2504 μηνύει
861 2467 896 2494 δι’

100 2517 209 2552 ἑαυτῆς
222 2517 267 2544 τὴν
284 2515 471 2552 πληρέστατον
483 2516 531 2551 τῆς
547 2515 621 2546 θείας
636 2514 742 2546 ἐλπίδος
756 2514 834 2547 λόγον
850 2513 895 2549 (j),

98 2561 135 2592 οὗ
147 2563 243 2599 χωρὶς,
258 2563 383 2598 οὐδαμῶς
397 2562 484 2589 οὐδενὶ
500 2562 562 2589 καθ’
573 2561 662 2589 ὁτιοῦν
674 2562 742 2596 πρὸς
755 2561 821 2587 Θεὸν
836 2560 896 2586 ἐπί-

100 2618 200 2641 νευσις
229 2608 353 2643 γίνεσθαι
378 2608 511 2642 πέφυκεψ
540 2608 618 2643 εἴπερ
645 2607 752 2638 ἐλπίδος
774 2606 849 2638 ἴδιον,
869 2605 899 2632 τὸ

100 2656 152 2684 ὑπ’
173 2655 235 2690 θψιν
250 2654 329 2689 ἄγειν
339 2654 376 2686 ὼς
392 2654 514 2690 παρόντα
528 2654 562 2691 τὰ
577 2654 720 2690 μέλλοντα·
739 2653 786 2681 καὶ
815 2654 900 2690 μηδα-

141 2733 167 2750 ⁶⁷
181 2733 249 2761 ibid.
265 2733 292 2761 5.
330 2732 353 2749 ⁸⁵
366 2732 433 2760 ibid.
452 2732 495 2760 16.

140 2794 151 2802 ⁵
167 2790 209 2819 Cf.
225 2790 259 2818 ad
274 2790 398 2818 Thalass.
414 2798 441 2825 q.
458 2790 492 2818 49
509 2797 595 2824 usque
607 2790 640 2816 ad
656 2797 716 2824 cap.
731 2789 775 2816 85.

142 2849 178 2884 (j)
191 2850 246 2876 Tr‘r
260 2849 470 2881 Junpéataror
485 2849 540 2882 τῆς
555 2849 636 2881 θείας
654 2847 777 2884 ἐλπίδος
790 2847 893 2880 λόγον.

102 2883 188 2914 Clara
200 2884 309 2912 Maximi
326 2885 478 2917 sententia;
497 2884 599 2911 includi
611 2884 638 2911 in
645 2883 826 2911 conversione
838 2890 895 2909 mo-

946 2290 1107 2322 voluntate,
1130 2293 1190 2317 tum
1214 2296 1274 2324 quae
1300 2289 1429 2316 violenta
1453 2292 1625 2323 externoque
1646 2291 1740 2315 actore

946 2335 1095 2364 exsistunt.
1112 2335 1204 2363 Prima
1221 2343 1341 2370 namque
1356 2334 1404 2362 Dei
1419 2342 1435 2362 a
1448 2334 1531 2362 nobis
1545 2341 1595 2369 per
1611 2333 1740 2369 ignoran-

945 2382 1012 2409 tiam
1026 2381 1173 2414 exstincti,
1185 2380 1369 2412 resurrectio,
1388 2379 1457 2408 ﬁdes
1472 2382 1530 2413 est,
1543 2386 1604 2415 qua:
1611 2378 1740 2406 mandata

947 2435 1029 2463 Opere
1045 2425 1200 2462 praestando
1217 2426 1269 2454 rite
1285 2425 1439 2461 digeratur.

984 2471 1029 2498 τί.
1047 2469 1198 2498 Conversio
1219 2469 1253 2497 ad
1277 2470 1380 2502 Deum,
1401 2468 1444 2496 sui
1468 2469 1527 2503 ipsa
1552 2468 1659 2496 ratione
1680 2467 1740 2502 ple-

949 2516 1091 2544 nissimam
1114 2519 1208 2550 aperte
1233 2515 1333 2543 divina:
1360 2514 1418 2550 spei
1437 2515 1571 2542 rationem
1592 2513 1738 2549 signiﬁcat,

950 2563 1009 2590 sine
1022 2569 1077 2597 qua
1092 2568 1234 2596 nunquam
1250 2560 1307 2594 ﬁat,
1322 2564 1351 2587 ut
1368 2560 1431 2600 quis
1450 2560 1505 2587 ulla
1524 2560 1631 2587 ratione
1648 2560 1741 2587 animo

951 2608 980 2636 in
993 2608 1079 2635 Deum
1094 2607 1192 2634 tendat
1204 2607 1285 2642 eique
1301 2606 1444 2634 assentiat.
1459 2606 1489 2633 id
1505 2607 1578 2634 enim
1597 2606 1655 2641 spei
1678 2613 1740 2632 mu-

951 2653 1027 2682 neris
1049 2657 1102 2685 est,
1121 2656 1152 2680 ut
1170 2659 1232 2687 quae
1252 2651 1346 2679 futura
1358 2655 1433 2684 sunt,
1450 2655 1579 2686 tanquam
1594 2649 1740 2686 praesentia

950 2851 1007 2882 tum
1019 2854 1084 2881 spe:
1104 2846 1177 2882 quod
1189 2851 1218 2874 et
1227 2847 1377 2874 declaravit
1389 2854 1467 2874 conc.
1487 2845 1563 2874 Trid.
1579 2845 1660 2874 Picus
1671 2846 1741 2874 nihil

949 2881 1032 2914 bene,
1045 2881 1133 2916 λόγον,
1151 2883 1273 2910 animum
1290 2882 1390 2910 reddit.
