1920 3076
201 145 269 178 1247

775 148 805 177 S.
822 147 969 188 MAXIM!
989 147 1244 179 CONFESSORIS

1760 150 1827 181 1248

199 204 250 232 sub
266 207 405 238 aspectum
421 208 519 238 ponat;
534 208 669 238 certoque
679 203 783 232 certius
797 203 912 231 suadeat
929 212 983 231 non

1049 204 1095 236 ιὼς
1116 205 1225 232 ἀπεῖναι
1255 204 1360 231 πείθειν
1382 205 1436 232 τῶν
1467 205 1680 240 πολεμουμένων
1706 205 1761 231 ὑπὸ
1777 205 1828 239 τῆς

200 250 295 278 abesse
310 250 393 277 Deum
407 254 602 284 protectorem,
618 250 652 278 ab
668 250 711 277 his
741 258 811 285 quos
831 250 986 278 adversaria

200 299 320 330 potestas
335 299 491 328 oppugnet;
513 294 547 321 ob
570 302 663 328 quem,
687 302 720 321 ac
744 295 823 328 cujus
843 302 925 321 causa
942 303 986 321 m-

200 340 272 366 dicta
297 339 400 366 sanctis
423 339 488 366 belli
514 341 665 368 necessitas
693 343 744 367 cst.
771 340 881 374 Absque
912 340 987 367 enim

199 384 290 419 aliqua
313 385 355 411 vel
381 384 487 414 diﬁieil't
509 385 552 412 vel
577 385 650 414 facili
672 386 887 420 exspectatione.
906 388 996 414 ncmo'

201 437 319 464 unquam
335 434 365 459 ut
381 429 414 459 ad
428 429 454 456 id
470 430 544 465 quod
557 431 704 458 honestum
721 438 753 458 ac
767 431 848 458 ofﬁcii
866 436 908 459 est
920 439 987 459 con-

199 481 324 503 vertatur
342 476 369 503 in
384 477 506 503 animum
523 477 645 504 inducat.

235 520 279 547 72.
299 520 372 547 Nihil
390 521 481 555 plane,
497 529 545 549 eos
561 522 608 556 qui
630 522 745 557 dispersi
765 527 844 556 sunt,
856 523 896 551 sic
912 523 990 551 colli-

200 565 239 600 git
265 574 297 593 ac
320 567 471 600 consociat,
492 575 628 602 unamque
653 569 694 595 eis
715 569 793 607 551
819 570 988 599 voluntatem

201 613 356 642 concordia:
375 621 447 640 nexu
465 614 577 648 aspirat,
590 622 622 641 ac
637 614 767 646 Charitas,
786 616 863 650 cujus
883 615 990 651 insigne

202 663 234 683 ac
257 662 336 688 nota,
358 657 431 691 paris
453 657 596 692 dignitatis
619 657 703 685 decus
724 663 775 686 est.
797 658 875 691 Quod
897 660 990 695 itaque

202 702 287 729 animi
309 701 453 730 facultates
477 703 559 739 (ratio
580 704 697 735 scilicet,
711 704 806 739 iraque
831 709 858 733 et
880 706 990 741 cupidi-

203 748 258 782 tas)
274 748 347 775 circa
371 748 464 775 divina
485 749 514 775 in
533 757 620 777 unum.
639 754 850 785 congregemur,
869 751 996 779 Charitas

205 793 232 819 in
250 801 334 826 causa
349 798 406 826 est;
429 802 493 829 qua,
511 795 557 829 qui
574 795 629 830 jam
648 803 708 822 eam
725 803 786 822 cum
804 796 859 823 Deo
878 796 992 824 honoris

203 837 388 872 aequalitatem
414 846 464 872 per
487 838 603 873 gratiam
622 840 763 866 consecuti
788 845 866 872 sunt,
887 841 992 869 indele-

203 883 288 910 bilem
311 883 411 911 divina:
435 884 592 912 dilectionis
615 885 811 920 cupiditatem,
838 887 990 916 immortale

204 930 290 961 decus
304 931 500 965 perscribcntis
517 939 549 959 ac
562 931 701 959 exarantis
718 932 745 961 in
764 933 890 968 principe
905 934 990 962 animi

203 980 280 1010 parte
297 975 334 1010 (id
351 979 403 1008 est,
420 976 521 1010 mente)
540 976 654 1003 habent.

238 1109 281 1137 75.
307 1109 383 1137 Mens
404 1110 495 1137 omnis
512 1110 606 1137 divino
629 1111 752 1138 accincta
773 1112 885 1145 robore,
905 1113 991 1141 veluti

205 1156 330 1183 seniores
355 1155 488 1190 quosdam
512 1164 544 1183 ac
560 1156 671 1189 ~duces,
694 1161 751 1186 tum
774 1158 890 1186 rationis
910 1159 992 1187 habet

206 1201 364 1236 facultatem
384 1201 427 1234 (ex
451 1210 504 1236 qua
528 1202 595 1229 ﬁdes
623 1205 681 1237 ipsa
706 1203 786 1231 docta
812 1204 990 1240 sapiensque,

205 1255 260 1282 qua
277 1255 386 1282 semper
404 1248 489 1275 Deum
513 1256 611 1275 arcana
632 1249 738 1276 ratione
758 1255 920 1285 praesentem
944 1250 993 1276 do-

205 1299 295 1325 cetur,
317 1294 430 1329 speique
455 1302 570 1321 munere
593 1295 633 1322 sic
649 1302 712 1322 cum
735 1295 836 1322 futuris
854 1301 990 1327 versatur,

206 1347 237 1366 ac
256 1339 278 1366 si
292 1340 347 1375 jam
363 1344 464 1374 przesto
478 1340 593 1375 essent),
617 1344 674 1366 tum
692 1340 850 1375 cupiditatis
874 1340 937 1375 (qua
949 1340 992 1367 di-

207 1385 269 1412 vina
290 1385 417 1412 consistit
437 1384 560 1417 dilectio,
574 1393 682 1420 quaque
704 1389 801 1420 sponte
825 1385 994 1412 intemerata:

207 1430 318 1458 deitatis
333 1430 471 1458 deside’rio
493 1430 610 1463 afﬁxam,
633 1431 816 1458 immortalem
844 1431 992 1458 desiderati

207 1481 289 1511 atque
302 1477 383 1504 amati
393 1476 590 1511 appetitionem
615 1481 695 1504 nacta
716 1477 767 1511 est)
791 1477 824 1504 ad
840 1478 898 1506 haec
911 1478 994 1504 etiam

1037 248 1229 283 ἀντικειμένης
1251 249 1409 283 δυνάμεως,
1427 249 1471 275 τὸν
1495 249 1721 284 ὐτιξρσδσπίζοντα
1743 249 1810 275 Θεὸν

1039 294 1112 329 ὑπὲρ
1125 292 1170 326 οὗ,
1187 295 1235 322 καὶ
1259 295 1292 322 δι’
1308 295 1339 321 ὃν
1364 296 1453 329 ἁγίοις
1477 296 1491 321 ὁ
1509 295 1637 329 πόλεμος.
1663 295 1758 328 Χωρὶς
1773 294 1828 329 γάρ

1037 348 1110 372 τινος
1131 341 1294 375 προσδοκίας
1311 341 1327 375 ἢ
1343 340 1490 376 δυσχεροῦς
1511 340 1528 376 ἢ
1546 339 1690 375 εὐχεροῦς,
1702 341 1828 375 ἐπιστρο-

1038 385 1076 420 φὴ
1087 385 1155 421 πρὸς
1168 385 1199 412 τὸ
1214 386 1296 413 καλὸν
1310 386 1398 412 οὐδενί
1415 394 1479 413 ποτε
1499 385 1605 420 πέφυκε
1620 384 1758 419 γίνεσθαι.

1074 524 1122 560 οβ’.
1146 525 1230 553 Οὐδὲν
1248 525 1335 556 ὅντως
1346 524 1432 556 οὕτως
1442 524 1480 556 ὡς
1495 525 1512 559 ἡ
1531 524 1626 559 ἀγάπη
1642 524 1755 557 συνάγει
1768 525 1833 555 τοὺς

1040 570 1293 605 ἐσκορπισμένους,
1319 570 1366 599 καὶ
1395 570 1463 605 μίαν
1474 570 1567 601 αὐτοῖς
1594 569 1762 604 δημιουργεῖ
1781 568 1833 603 τὴν

1040 616 1153 651 γνώμην
1178 615 1315 651 autumet;
1337 615 1536 651 κρατουμένην,
1561 613 1596 651 ἧς
1621 614 1778 650 χαρακτὴρ,
1802 614 1834 640 τὺ

1039 663 1089 701 τῆς
1104 662 1239 697 ἰσοτιμίας
1256 662 1408 697 καθέστηκε
1435 661 1543 693 κάλλος.
1566 660 1672 688 οὐκοῦν
1688 661 1738 695 τῆς
1762 660 1834 687 κατὰ

1040 707 1071 733 τὸ
1081 706 1148 734 αὐτὸ
1161 707 1225 741 περὶ
1237 705 1270 732 τὰ
1283 706 1344 733 θεῖα
1360 705 1521 741 συναγωγῆς
1534 713 1566 732 τε
1580 705 1627 732 καὶ
1641 704 1766 735 ἑνώσιως
1778 703 1834 730 τῶν

1041 751 1164 786 ψυχικῶν
1180 751 1331 786 δυνάμεων·
1349 751 1484 782 τουτέστι,
1498 750 1549 784 τῆς
1561 750 1676 785 λογικῆς
1691 750 1741 777 καὶ
1756 749 1834 784 θυμι-

1042 798 1094 831 κῆς
1109 797 1154 824 καὶ
1169 796 1389 832 ἐπιθυμητικῆς,
1410 797 1428 832 ὴ
1443 796 1538 831 ἀγάπη
1557 795 1712 831 καθέστηκε
1735 795 1832 829 γέννη-

1045 851 1093 877 μα·
1122 842 1184 871 καθ’
1207 843 1240 878 ἣν
1258 842 1444 876 ἐγγράφοντες
1463 843 1497 877 τῇ
1519 841 1614 876 μνήμῃ
1633 841 1666 867 τὸ
1684 841 1736 875 τῆς
1757 839 1833 871 θείας

1028 883 1209 923 ’ὡραώτητος
1234 887 1342 920 κάλλος,
1366 888 1391 915 οι
1405 887 1436 914 τὸ
1465 887 1585 921 ἰσότιμον
1611 886 1663 921 ἢδη
1681 886 1752 921 πρὸς
1767 885 1834 912 Θεὸν

1041 934 1085 964 διὰ
1109 934 1163 969 τῆς
1182 934 1294 969 χάριτος
1311 933 1504 968 κομισάμενοι,
1524 932 1705 967 ἀνεπίληπον
1728 932 1834 966 ἔχουσι·

1041 981 1090 1016 τῆς
1106 980 1145 1016 τῷ
1158 980 1314 1016 ἡγεμονικῷ
1329 980 1377 1015 τῆς
1390 979 1480 1014 ψυχῆς
1492 978 1835 1014 ὑπομνηματογραφοὺσης

1042 1034 1071 1052 τε
1096 1026 1144 1052 καὶ
1159 1025 1327 1060 ὲντυπούσης
1345 1025 1376 1051 τὺ
1390 1026 1528 1061 ἀκήρατον
1553 1024 1666 1056 καλλος,
1694 1024 1745 1058 τῆς
1759 1023 1834 1054 θείας

1041 1071 1152 1106 ἀγάπης
1175 1070 1222 1105 τὴν
1238 1070 1342 1104 ἔφεσιν.
1591 1070 1594 1074 ’

1076 1120 1127 1150 ογ’.
1145 1116 1202 1148 Πᾶς
1217 1115 1278 1148 νοῦς
1293 1115 1359 1151 θείῳ
1384 1114 1480 1150 κράτει
1496 1113 1688 1148 διεζωσμένος,
1706 1113 1835 1147 καθάπερ

1043 1162 1245 1197 πρεοῦυτέρους
1260 1162 1338 1193 τινὰς
1355 1161 1400 1189 καὶ
1421 1161 1555 1196 ἄρχοντας
1576 1159 1719 1193 κέκτηται.
1740 1159 1791 1193 τήν
1807 1166 1835 1184 τε

1042 1208 1155 1243 λογικὴν
1173 1208 1298 1243 δύναμιν,
1317 1207 1345 1240 ἐξ
1369 1204 1432 1242 ἦςή
1452 1205 1589 1240 γνωστικὴ
1617 1204 1769 1238 γεννᾶσθαι
1787 1203 1835 1231 πέ-

1043 1263 1112 1288 φυκε
1130 1252 1232 1285 πίστις,
1249 1253 1309 1279 καθ’
1319 1252 1352 1287 ἢν
1367 1252 1411 1278 ἀεὶ
1426 1251 1550 1286 παρόντα
1565 1249 1609 1276 τὸν
1621 1249 1689 1275 Θεὸν
1708 1248 1836 1283 ἀρρήτως

1044 1300 1213 1331 διδάσκεται,
1236 1299 1284 1325 καὶ
1306 1299 1344 1330 ὡς
1361 1298 1480 1333 παροῦσι
1498 1296 1655 1330 συγγίνεται
1667 1294 1716 1321 διὰ
1731 1295 1782 1328 τῆς
1795 1292 1838 1318 ὲλο

1043 1346 1120 1377 πίδος
1134 1346 1190 1376 τοῖς
1215 1345 1359 1380 μέλλουσι·
1376 1343 1424 1370 καὶ
1448 1343 1498 1378 τὴν
1526 1339 1732 1376 ἐπιθυμητικὴν
1754 1339 1839 1366 δύνα-

1045 1400 1102 1426 μιν,
1132 1389 1194 1417 καθ’
1223 1389 1257 1425 ἢν
1283 1390 1299 1424 ἡ
1325 1388 1386 1415 θεία
1413 1388 1579 1422 συνέστηκεν
1601 1386 1720 1420 ἀγάπη,
1744 1385 1780 1410 δι’
1806 1385 1838 1419 ἦν

1045 1436 1177 1467 ἑκουσίως
1201 1434 1380 1470 προσηλώσας
1397 1433 1436 1468 τῷ
1455 1433 1534 1468 meq.
1555 1433 1606 1467 τῆς
1618 1432 1763 1467 ἀκηράτου
1779 1431 1840 1458 θεό-

1044 1489 1135 1515 τητος,
1153 1480 1250 1507 ἄλυτον
1269 1479 1325 1514 ἔχει
1346 1477 1394 1506 τοῦ
1413 1478 1582 1513 ποθουμένου
1605 1478 1656 1512 τὴν
1672 1477 1778 1510 ἔφεσιν·
1800 1477 1841 1503 ἔτι

209 1522 256 1549 ira:
269 1521 439 1553 facultatem,
452 1530 506 1557 qua
524 1522 646 1549 divinam
662 1522 802 1549 mordicus
822 1530 916 1557 pacem
934 1530 993 1549 am-

1049 1525 1100 1561 μὴν
1115 1525 1162 1552 καὶ
1174 1525 1224 1559 τὴν
1239 1523 1358 1558 θυμικὴν
1381 1522 1512 1558 δύναμιν,
1535 1521 1598 1548 καθ’
1622 1522 1656 1557 ἥν
1680 1521 1769 1556 ἀπρὶξ
1790 1521 1840 1556 τῆς

208 1569 350 1605 plectitur,
368 1569 523 1604 astringens
546 1569 573 1595 in
597 1569 721 1595 divinum
745 1576 865 1595 amorem
884 1569 993 1604 cupidi-

209 1614 273 1641 tatis
299 1617 414 1641 motum.
442 1608 497 1640 itas
521 1621 605 1648 porro
628 1614 701 1640 vires
727 1621 805 1640 mens
829 1615 936 1646 omnis,
960 1613 999 1642 ad‘

208 1659 374 1688 abolendum
386 1660 485 1686 vitium
498 1659 727 1694 statuendamque
739 1664 765 1686 et
778 1660 995 1687 conservandam

210 1707 349 1737 virtutem,
365 1713 501 1740 propense
517 1705 668 1740 adjutriees
683 1705 777 1732 habet.

244 1796 288 1822 74.
308 1795 419 1829 Absque
442 1795 468 1821 vi
493 1795 619 1826 rationis,
642 1802 697 1821 non
718 1798 759 1821 est
783 1794 897 1821 scientia
919 1803 925 1820 :
946 1802 998 1822 nec

207 1848 268 1868 sine
281 1840 397 1867 scientia
412 1839 538 1866 consistit
555 1839 633 1871 ﬁdes,
660 1846 692 1865 ex
709 1846 761 1873 qua
775 1846 838 1872 spes
852 1838 997 1873 pulchrum

209 1893 324 1921 germen
338 1885 481 1920 procedit;
494 1892 544 1919 per
555 1892 637 1919 quam
652 1884 752 1916 ﬁdelis,
769 1885 808 1911 sic
821 1891 882 1910 cum
898 1883 998 1911 futuris

209 1931 398 1966 congreditur,
418 1938 450 1958 ac
473 1931 496 1957 si
524 1930 672 1965 prmscntia
695 1935 799 1957 essent.
824 1930 887 1956 Sine
914 1930 998 1957 etiam

209 1975 372 2011 cupiditatis
389 1976 427 2007 vi,
441 1984 497 2002 non
517 1975 645 2003 consistit
665 1975 833 2002 desiderium
848 1983 896 2002 seu
911 1983 997 2006 amor,

209 2022 289 2057 cujus
319 2021 441 2048 cbaritas
467 2026 495 2048 ct
523 2021 634 2048 dilectio
660 2021 723 2047 finis
752 2021 869 2048 exsistit.
900 2021 998 2048 Amare

209 2068 282 2095 enim
298 2066 414 2101 aliquid,
429 2066 573 2100 proprium
585 2069 628 2092 est
643 2065 811 2100 cupiditatis.
827 2065 936 2100 Absque
952 2066 999 2093 ira:

209 2113 275 2140 item
293 2112 434 2143 facultate,
450 2119 511 2145 quae
532 2110 713 2145 cupiditatem
735 2110 763 2136 in
782 2111 841 2145 ejus
860 2111 933 2145 quod
952 2110 999 2137 de-

209 2159 296 2185 lectat
319 2156 422 2183 unione
440 2156 564 2187 roboret,
575 2162 628 2190 pax
649 2155 801 2182 consistere
819 2163 874 2183 non
889 2161 996 2191 potest;

1044 1570 1118 1602 θείας
1133 1570 1246 1606 εἰρήνης
1267 1569 1422 1604 ἀντέχεται,
1446 1567 1603 1602 ὲπιστύφων
1618 1566 1688 1602 πρὸς
1703 1567 1750 1593 τὸν
1767 1567 1841 1593 θεῖον
1879 1599 1883 1605 Ι

1045 1616 1134 1650 {ptum
1157 1615 1206 1650 τῆς
1225 1614 1375 1650 ἐπιθυμίας
1396 1613 1445 1648 τὴν
1463 1613 1581 1648 κίνησιν.
1606 1612 1716 1643 Ταύτας
1734 1611 1763 1637 δὲ
1783 1611 1842 1647 ἔχει

1045 1662 1093 1693 τὰς
1108 1661 1237 1696 δυνάμεις
1260 1661 1315 1691 πᾶς
1333 1659 1406 1690 νοῦς,
1428 1658 1611 1694 συνεργούσας
1633 1657 1709 1692 αὐτῷ
1726 1657 1798 1692 πρός
1811 1665 1842 1682 τε

1045 1708 1094 1744 τὴν
1108 1708 1159 1742 τῆς
1172 1707 1271 1738 κακίας
1287 1705 1459 1740 καθαίρεσιν,
1475 1704 1523 1731 καὶ
1537 1703 1586 1738 τὴν
1601 1703 1651 1738 τῆς
1673 1702 1775 1737 ἀρετῆς
1795 1701 1844 1728 σύ-

1047 1753 1143 1783 στασίν
1156 1761 1186 1781 τε
1205 1753 1252 1779 καὶ
1270 1752 1447 1786 συντήρησιν.

1081 1799 1127 1827 οδ’.
1144 1799 1210 1833 Δίχα
1226 1798 1338 1832 λογικῆς
1351 1797 1503 1831 δυνάμεως,
1516 1793 1720 1829 ἐπιστημονική
1739 1794 1842 1828 γνῶσις

1047 1847 1098 1873 οὐκ
1109 1847 1175 1872 ἐστι’
1193 1845 1240 1872 καὶ
1259 1843 1387 1878 γνώσεως
1405 1842 1499 1877 χωρὶς,
1516 1841 1545 1867 οὺ
1561 1839 1721 1866 συνίσταται
1737 1839 1838 1870 πίστις,

1047 1894 1093 1927 ἀφ’
1105 1891 1138 1928 ἧς
1150 1892 1180 1918 τὸ
1193 1891 1274 1918 καλὸν
1288 1890 1411 1924 γέννημα
1438 1888 1560 1923 πρόεισιν
1576 1887 1592 1920 ἡ
1618 1886 1708 1916 ἐλπὶς,
1726 1885 1789 1911 καθ’
1809 1885 1841 1918 ἣν

1048 1941 1085 1970 ὡς
1099 1938 1217 1974 παροῦσι
1235 1936 1394 1970 συγγίνεται
1406 1935 1461 1965 τοῖς
1477 1932 1622 1968 μέλλουσιν
1637 1932 1652 1957 ὁ
1667 1931 1773 1961 πιστός.
1787 1930 1840 1956 K2).

1048 1983 1110 2016 δίχα
1125 1982 1174 2016 τῆς
1193 1980 1254 2007 κατ’
1278 1978 1428 2014 ἐπιθυμίαν
1451 1977 1604 2011 δυνάμεως.
1629 1976 1660 2001 οὐ
1683 1974 1841 2001 συνίσταται

1054 2027 1147 2059 πόθος,
1163 2023 1194 2053 οὗ
1213 2025 1292 2056 τέλος
1316 2025 1390 2052 ἐστὶν
1402 2025 1418 2058 ὴ
1439 2023 1543 2056 ἀγάπη·
1555 2021 1586 2046 τὺ
1596 2021 1652 2056 γὰρ
1667 2021 1734 2056 ὲρᾷν
1758 2029 1840 2051 τινος,

1050 2073 1116 2100 ἴδιόν
1135 2073 1210 2099 ἐστιν
1224 2071 1383 2106 ἐπιθυμίας.
1413 2068 1468 2095 Καὶ
1485 2067 1545 2101 δίχα
1564 2066 1686 2100 θυμικῆς
1700 2066 1842 2100 δυνάμεως

1049 2116 1199 2152 νευρούσης
1213 2115 1262 2149 τὴν
1285 2112 1434 2148 ἐπιθυμίαν
1451 2111 1520 2147 πρὸς
1542 2109 1590 2145 τὴν
1614 2109 1662 2135 τοῦ
1681 2109 1761 2144 ἡδέος
1775 2109 1840 2135 ἔνω-

1051 2170 1104 2191 σιν,
1121 2158 1248 2194 οὐδαμῶς
1267 2157 1394 2192 γίνεσθαι
1411 2157 1532 2189 πέφυκεν
1553 2154 1662 2189 είρήνη’
1681 2153 1761 2187 εἴπερ
1776 2152 1841 2186 ἁλη-

209 2202 349 2236 siquidem
362 2209 427 2228 vere
444 2209 507 2236 pax,
522 2200 671 2235 tranquilla
690 2205 719 2228 et
739 2201 891 2233 inturbata,
906 2202 994 2237 plena-

1052 2206 1106 2238 θῶς
1128 2205 1226 2241 εἰρήνη
1247 2204 1321 2230 εστὶν
1336 2205 1352 2238 ἡ
1379 2201 1563 2237 ἁνενόχλητος.
1581 2199 1630 2226 καὶ
1643 2196 1841 2233 παντελὴςτοῧ

210 2256 265 2284 que
281 2255 314 2275 ac
328 2247 444 2283 integra,
457 2247 518 2282 ejus
531 2247 604 2282 quod
617 2248 740 2283 jucunde
752 2247 845 2280 aﬁicit,
858 2248 998 2283 possessio

210 2299 264 2322 est.

248 2340 291 2367 15;
308 2339 411 2368 Gaveat
422 2347 535 2367 necesse
548 2344 600 2371 est,
613 2339 659 2374 qui
674 2339 790 2367 necdum
805 2339 839 2366 ab
854 2339 999 2367 affectibus

211 2391 295 2420 atque
320 2385 402 2411 vitiis
423 2384 591 2412 emundatus
617 2390 675 2416 cst,
700 2385 853 2412 naturalem
882 2385 1000 2420 attingat

211 2430 445 2466 speculationem,
471 2430 507 2457 ob
529 2438 625 2458 earum
648 2438 740 2458 rerum
764 2431 921 2463 simulacra,
938 2439 1000 2466 qua:

211 2484 324 2504 sensum
344 2481 468 2508 movent,
481 2481 652 2511 possuntque
670 2478 731 2512 ejus
748 2477 870 2504 animum
887 2477 919 2504 ad
937 2477 1000 2504 libi-

211 2523 306 2550 dinem
320 2522 481 2555 informare,
495 2523 541 2557 qui
559 2522 675 2550 necdum
695 2523 818 2558 perfecte
840 2523 874 2550 ab
894 2523 1000 2550 affecti-

212 2569 264 2596 bus
275 2569 409 2596 liberatus
424 2569 470 2596 sit.
489 2568 555 2602 Quae
568 2568 642 2596 enim
654 2577 743 2602 mens,
760 2573 791 2596 ut
803 2577 915 2597 sensum
930 2570 1002 2596 mul-

213 2619 290 2647 ceat,
324 2615 468 2643 sensilium
504 2622 596 2642 rerum
629 2615 823 2650 conspectibus
854 2615 1000 2651 cogitando

213 2661 387 2696 immoratur,
405 2660 611 2688 immundorum
632 2661 780 2689 affectuum
801 2670 832 2690 ac
851 2662 999 2689 libidinum

1049 2251 1219 2287 καταθυμίου
1233 2250 1408 2284 κατάσχεσις.

1085 2340 1131 2367 οε’.
1154 2340 1192 2367 Οὐ
1218 2339 1259 2366 δεῖ
1270 2339 1315 2364 τδν
1331 2337 1368 2373 μὴ
1392 2337 1525 2372 πρότερον
1541 2336 1715 2372 καθαρθέντα
1738 2335 1841 2364 παθῶν,

1051 2386 1169 2421 φυσικῆς
1191 2383 1325 2412 ἅπτεσθαι
1352 2383 1485 2418 θεωρίας,
1510 2382 1555 2409 διὰ
1580 2382 1630 2413 τὰς
1653 2382 1773 2413 εἰκόνας,
1790 2381 1843 2407 τῶν

1053 2431 1200 2468 αἰσθητῶν,
1221 2429 1372 2465 δυναμένας
1391 2428 1513 2455 τυπῶσαι
1537 2428 1605 2463 πρὸς
1620 2427 1770 2460 πάθος-τὸν
1782 2427 1842 2454 νοῦν

1052 2476 1099 2504 τοῦ
1117 2477 1154 2512 μὴ
1175 2474 1287 2507 τελείως
1302 2473 1502 2506 ἀπαλλαγέντος
1520 2472 1627 2499 παθῶν.
1655 2472 1686 2499 '0
1701 2472 1757 2508 γὰρ
1773 2472 1841 2499 κατὰ

1052 2523 1202 2558 φαντασίαν
1218 2523 1278 2552 ταῖς
1293 2519 1465 2554 ἐπιφανείαις
1486 2518 1540 2544 τῶν
1554 2517 1694 2553 αἰσθητῶν
1710 2518 1839 2552 ὲναπομὲ

1051 2576 1104 2594 νων
1120 2566 1164 2593 διὰ
1180 2565 1229 2600 τὴν
1252 2564 1377 2599 αἴσθησιν
1397 2563 1468 2594 νοῦς.
1491 2562 1655 2597 ἀκαθάρτων
1669 2561 1776 2595 γίνεται
1790 2570 1841 2588 πα-

1052 2612 1107 2640 θῶν
1120 2610 1294 2647 δημιουργὸς,
1309 2609 1352 2636 διὰ
1364 2608 1481 2644 θεωρίας
1495 2607 1563 2642 πρὸς
1575 2608 1613 2634 τὰ
1626 2608 1748 2641 συγγενῆ
1763 2606 1842 2641 νοητὰ

1053 2659 1092 2695 μὴ
1106 2658 1253 2693 δυνάμενος
1269 2656 1403 2690 διαϐῆναι.
1676 2650 1682 2654 “

214 2717 263 2737 seu
275 2710 405 2739 vitiorum
419 2710 518 2738 artifex
530 2711 664 2744 eﬁicitur;
681 2711 746 2738 dum
763 2717 861 2745 nempe
876 2709 926 2741 illi,
947 2699 1114 2744 speculando
1128 2705 1162 2733 ad
1179 2703 1268 2731 atﬁnia
1285 2702 1466 2738 intelligibilia
1483 2700 1600 2728 transire
1614 2708 1672 2727 non
1688 2700 1780 2728 datur.

251 2767 331 2802 552
349 2767 393 2796 76.
417 2768 468 2801 Qui
491 2768 746 2803 perturbationibus
765 2772 847 2803 atque
866 2767 940 2795 vitiis
962 2766 1003 2794 in-

256 2853 263 2862 '
280 2851 322 2878 Cf.
341 2853 384 2879 ad.
403 2853 525 2880 Thalass.
541 2861 568 2888 q.
585 2854 629 2881 49.

1093 2763 1146 2796 ος’.
1166 2764 1174 2775 ‘
1196 2762 1225 2789 '0
1240 2763 1268 2789 ὲν
1285 2760 1373 2796 καιρῷ
1386 2760 1435 2796 τῆς
1451 2759 1506 2786 τῶν
1522 2757 1616 2784 παθῶν
1632 2756 1839 2784 ἐπαναστάσεως
