1920 3076
198 129 263 162 1231

782 129 814 159 S.
834 129 961 159 MAXIM
966 129 978 158 ῐ
998 127 1252 158 CONFESSOBIS

1759 124 1828 158 125$

195 185 320 216 vitalem,
337 189 400 218 qua!
419 181 539 210 naturali
558 181 747 217 speculatione
766 189 801 210 ex
818 190 910 210 rerum
926 189 984 209 sen-

1039 180 1177 216 αἰσθητῶν
1191 180 1336 216 νοημάτων
1359 179 1530 215 συναγομίνη
1553 179 1666 214 γνῶσις,
1681 179 1725 206 διὰ
1741 180 1828 216 μέσης

197 231 290 258 silium
309 228 490 263 conceptibus
505 228 621 255 scientia
636 228 785 263 colligitur,
801 236 852 263 per
868 227 987 255 mediam

197 276 335 303 transiens
355 274 486 304 animam.
504 278 535 300 ut
552 281 613 308 quae
634 278 753 301 mentem
774 274 846 301 inter
864 281 989 301 sensum-

196 329 250 356 que
266 319 382 348 confinis
397 320 442 347 sit.
457 319 560 346 Rerum
574 319 648 346 enim
664 319 691 346 in
707 327 817 346 sensum
830 319 987 346 cadentium

197 366 324 396 scientia,
341 372 392 391 nec
413 372 428 391 a
448 365 550 391 mentis
573 372 686 400 prorsus
701 364 833 392 abhorret
847 364 986 396 facultate,

197 419 248 437 nec
270 411 298 438 in
321 410 440 437 solidum
466 410 621 445 operationi
647 418 745 438 sensus
768 410 914 443 tribuitur;
939 409 986 437 sed

196 457 273 484 velut
299 456 406 488 media,
430 463 483 491 qua
510 464 588 483 mens
615 464 678 483 cum
713 462 810 488 sensu,
837 463 988 491 sensusque

197 509 260 528 cum
277 505 370 527 mente
393 504 506 532 coeunt,
526 508 623 527 eorum
648 500 722 528 inter
740 508 770 528 se
786 507 801 527 a
819 500 909 535 seipsa
923 507 989 527 con-

195 547 368 582 iunctionem
384 546 451 573 facit
469 554 476 572 :
495 554 577 573 sensu
594 547 717 582 quidem,
733 554 827 573 rerum
844 547 988 574 sensilium

198 591 307 625 figuris,
332 591 424 625 specie
449 590 582 623 formata;
613 596 706 619 mente
729 599 810 623 vero,
839 591 987 627 figurarum

196 635 302 663 formas
315 636 348 662 ad
364 635 487 662 rationes
502 636 682 663 transferens.
694 636 878 670 Quamobrem
894 639 988 673 ﬂuvius

197 689 244 716 ρρν
265 681 379 708 mediam
401 682 526 708 dirimens
547 682 688 715 civitatem,
707 682 808 710 merito
831 688 989 718 nuncupata

197 731 242 754 est
269 734 362 754 rerum
390 727 417 754 in
443 731 585 762 aspectum
613 727 771 755 cadentium
799 728 934 761 scientia.
959 733 990 756 ut

198 780 260 806 quae
277 773 396 800 duorum
416 777 604 800 extremorum
629 766 741 808 (mentis
755 773 862 801 scilicet
878 782 911 802 ac
924 782 989 802 sen-

198 819 257 851 lus)
274 817 392 845 confinis
408 817 534 844 exsistat.

1035 227 1198 262 διερχομένη
1215 226 1267 261 τῆς
1292 225 1394 261 ψυχῆς,
1413 225 1452 257 ὡς
1465 225 1513 252 νοῦ
1526 225 1575 252 καὶ
1594 225 1749 261 αισθήσεως
1761 225 1830 253 οὖσα.

1038 272 1173 308 μεθόριος.
1188 272 1221 298 Ἦ
1238 271 1294 307 γὰρ
1307 272 1407 306 γνῶσις
1420 271 1474 298 τῶν
1486 271 1638 306 αἰσθητῶν.
1657 270 1722 298 οὗτε
1740 272 1828 307 πάπη

1037 319 1133 354 νοερᾶς
1148 318 1319 351 ἀπεεένωται
1338 319 1489 353 δυνάμεως,
1507 317 1568 344 οὒτε
1581 317 1669 344 διόλου
1684 319 1828 353 προσνενέ-

1038 375 1124 401 μηται
1136 367 1170 401 τῇ
1184 366 1244 392 κατ’
1263 365 1391 401 αίσθησιν
1417 365 1552 400 ὲνεργείᾳ’
1579 364 1638 392 ἀλλ’
1660 362 1718 391 οἷον
1732 365 1783 399 τῆς
1799 373 1830 391 τι

1036 410 1083 437 τοῦ
1099 410 1145 437 νοῦ
1166 410 1236 446 πρὸς
1253 411 1304 446 τὴν
1324 410 1462 445 αἰσθησιν,
1482 410 1532 437 καὶ
1552 409 1622 445 πρὸς
1636 410 1684 436 τὸν
1698 409 1763 436 νοῦν
1780 411 1830 444 τῆς

1036 455 1191 490 αἰσθήσεως
1214 455 1335 488 συνόδου,
1363 455 1434 490 μέση
1464 454 1655 490 τυγχάνουσα,
1674 453 1710 480 δι’
1727 454 1830 487 ἑαυτῆς

1037 503 1155 528 ποιεῖται
1175 502 1225 537 τὴν
1245 501 1315 538 πρὸς
1331 501 1434 536 ἄλληλα
1455 500 1559 527 τούτων
1575 500 1737 534 συνάφειαν·
1759 500 1831 526 κατὰ

1039 545 1088 581 μὲν
1102 545 1150 581 τὴν
1167 545 1304 580 αἴσθησιν,
1315 546 1377 572 κατ’
1393 543 1463 576 εἶδος
1471 544 1630 579 τυπουμένη
1644 545 1701 575 τοῖς
1718 543 1832 579 σχήμαη

1038 599 1066 617 σι
1079 591 1134 617 τῶν
1161 590 1309 627 αἰσθητῶν·
1325 590 1396 618 κατὰ
1410 590 1438 617 δὲ
1461 589 1507 616 τὸν
1520 590 1593 621 νοῦν,
1615 590 1656 621 εἰς
1671 590 1771 623 λόγους
1790 591 1831 623 (η)

1038 636 1092 662 τῶν
1104 637 1252 672 σχημάτων
1264 637 1328 668 τοὺς
1343 636 1446 668 τύπους
1461 635 1694 672 μεταϐιϐάζουσα.
1713 635 1761 662 Διὸ
1781 644 1830 661 πο-

1037 682 1124 717 ταμὸς
1137 682 1261 718 διορίζων
1272 681 1316 709 διὰ
1327 683 1412 718 μέσης
1423 683 1472 717 τῆς
1484 682 1599 714 πόλεως,
1615 682 1729 712 εἰκότως
1746 689 1832 716 πρω-

1037 727 1176 764 ηγορεύθη
1190 728 1245 754 τῶν
1263 729 1410 764 ὁρωμένων
1423 729 1440 764 ἡ
1467 729 1578 762 γνῶσις.
1596 728 1634 760 ὡς
1652 728 1708 755 τῶν
1727 728 1831 763 ἄχρων,

1038 771 1110 807 λέγω
1119 773 1147 799 δὲ
1161 773 1207 800 νοῦ
1219 774 1266 800 καὶ
1284 774 1448 809 αἰσθήσεως,
1462 771 1530 801 οὖσα
1545 773 1722 809 μεταίχμιος.

236 862 280 890 82.
301 862 364 896 Qui,
383 870 439 897 quo
462 867 587 897 tempore
611 863 757 899 insurgunt
780 863 957 896 tentationcs,
973 871 984 890 a

1074 859 1129 894 πβ¹.
1156 859 1187 887 Ὀ
1204 859 1275 887 κατὰ
1286 862 1333 887 τὶν
1347 861 1443 896 καιρὸν
1458 861 1506 895 τῆς
1522 860 1578 886 τῶν
1602 858 1767 896 πειρασμῶν
1783 859 1832 885 tr.-

198 908 318 936 naturali
353 916 382 935 se
407 909 595 943 speculatione
621 909 758 942 abstinet,
788 910 935 944 animoque
959 910 988 936 in

199 953 320 989 seipsum
345 961 377 981 ac
397 954 483 981 Deum
506 954 541 982 ab
559 955 688 982 omnibus
714 955 841 987 collecto,
860 955 989 990 precibus

199 1000 310 1032 studet,
338 1000 463 1038 habitum
494 1000 558 1027 mali
586 1005 727 1036 parentem
757 1001 905 1034 interimit;
937 1009 987 1035 ac,

198 1052 280 1078 quem
306 1044 363 1071 dixi
389 1044 515 1072 habitqu
541 1050 744 1081 suggerentem,
762 1046 903 1074 diabolum
925 1055 987 1074 cum

200 1090 308 1124 pudore
327 1091 430 1117 reverti
442 1091 515 1126 cogit
533 1100 539 1118 :
554 1099 609 1126 quo
627 1100 725 1127 nempe
744 1092 841 1125 frctus,
856 1100 918 1119 cum
939 1100 988 1120 sua

199 1135 245 1162 ille
270 1137 429 1171 arrogantia
452 1137 478 1164 in
505 1137 627 1164 animum
648 1143 773 1171 venerat,
795 1138 922 1173 superbis
941 1138 989 1165 ad-

198 1187 297 1209 versus
309 1182 452 1209 veritatem
466 1181 680 1217 cogitationibus
690 1184 789 1211 elatus.
799 1183 827 1211 ld
839 1192 904 1211 vero
917 1184 988 1211 forte

199 1232 314 1260 magnus
335 1226 420 1253 David
443 1234 505 1254 cum
526 1228 709 1262 cognovisset,
728 1237 879 1264 passusque
896 1234 923 1257 et
942 1237 989 1257 ex-

198 1277 295 1306 pertus
317 1277 389 1299 esset
411 1277 493 1308 atque
514 1275 625 1310 egisset,
644 1276 766 1302 omnium
790 1275 847 1310 ipse
871 1277 988 1304 maxime

198 1317 363 1351 spiritalium
388 1318 522 1345 bellorum
541 1320 646 1354 peritus
662 1329 669 1347 :
683 1319 748 1348 Cum
768 1322 928 1354 consisteret,
945 1322 988 1348 in-

171 1379 178 1385 .
198 1362 268 1396 quit,
284 1367 405 1397 peccator
422 1363 560 1391 adversum
581 1373 632 1395 me.
648 1366 775 1399 obmutui,
793 1371 816 1393 et
833 1367 988 1395 humiliatus

198 1415 257 1434 sum
277 1412 301 1434 et
321 1408 383 1435 silui
406 1418 422 1435 a
445 1409 518 1436 bonis
533 1411 566 1436 ".
589 1411 723 1446 lluncque
745 1418 857 1440 secutus
878 1413 988 1441 divinus

198 1451 342 1484 Jeremias,
359 1454 461 1488 jubens
484 1456 598 1490 populo,
620 1463 654 1483 ne
678 1457 713 1483 ob
740 1457 844 1485 circum
866 1459 987 1494 undique

199 1504 351 1526 morantem
368 1499 488 1527 hostium
504 1501 635 1536 gladium,
650 1502 760 1530 civitate
775 1504 865 1531 exiret
882 1504 916 1532 ".

233 1629 277 1655 83.
296 1629 381 1664 Igitur
400 1630 482 1658 etiam
508 1631 605 1659 beatus
624 1633 709 1666 Abel,
732 1635 868 1669 siquidem
890 1637 986 1665 obser-

197 1678 300 1706 vasset,
318 1682 370 1702 nec
384 1683 438 1702 una
453 1684 515 1703 cum
529 1677 596 1704 Cain
613 1678 641 1705 in
655 1686 781 1714 campum
799 1681 863 1716 (lata
881 1682 987 1711 scilicet

199 1720 333 1747 naturalis
349 1722 558 1757 speculationis)
575 1724 686 1756 exisset,
703 1726 821 1753 necdum
840 1732 920 1762 parto
936 1729 988 1756 im-

198 1766 418 1800 perturbalionis
444 1768 558 1802 habitu,
586 1778 726 1805 nunquam
753 1772 798 1800 ille
824 1773 985 1810 insurgens,

198 1811 262 1838 dolo
279 1812 428 1840 occidisset
442 1813 464 1829 ⁷⁵
480 1823 486 1840 :
503 1815 547 1841 lex
565 1815 670 1843 scilicet
686 1818 776 1844 carnis
795 1818 865 1853 (qua:
880 1824 908 1847 et
919 1820 986 1848 Cain

198 1862 241 1885 est
261 1863 290 1886 et
312 1865 506 1896 nuncupatur)
532 1862 632 1897 lepidis
656 1864 825 1900 faustisque,
849 1866 922 1894 inter
941 1876 986 1896 res

198 1908 390 1941 speculandas,
404 1909 511 1944 fallens,
532 1919 594 1939 cum
615 1913 731 1940 necdum
750 1915 873 1949 perfecto
891 1916 985 1944 habitu

199 1952 352 1981 instructus
369 1960 452 1982 esset.

233 1998 278 2025 84.
299 1997 388 2025 Simili
412 2007 522 2035 quoque
543 2001 651 2030 ratione
675 2003 760 2036 Dina,
785 2006 875 2040 magni
900 2007 985 2035 Iacob

198 2043 269 2074 lilia,
292 2043 346 2070 nisi
369 2051 431 2071 cum
454 2045 670 2082 alienigenarum
694 2048 803 2077 filiabus
824 2051 984 2087 (sentientis

197 2087 303 2115 scilicet
328 2089 412 2116 animi
438 2090 668 2128 cogitationibus)
693 2101 802 2129 egressa
825 2101 913 2130 esset;
933 2106 984 2126 nec

197 2140 262 2161 sane
286 2133 396 2161 Sichem
415 2135 488 2163 filius
507 2137 618 2165 Emmor
643 2147 702 2166 eam
727 2147 933 2178 constuprasset
948 2146 982 2173 ".

230 2219 274 2247 85.
294 2221 420 2254 Prtestat,
441 2227 471 2250 ut
492 2224 537 2258 qui
554 2225 670 2253 necdum
686 2228 837 2262 perfectum
855 2231 980 2260 habitum

195 2265 268 2315 nacti
286 2265 384 2298 simus,
397 2270 554 2315 naturalem
572 2273 787 2305 speculationem
811 2285 865 2304 non
888 2287 981 2315 aggre-

194 2308 320 2342 diamur;
339 2318 373 2337 ne
388 2311 453 2338 dum
469 2321 502 2340 ex
520 2315 602 2343 rebus
619 2319 717 2346 creatis
737 2320 764 2348 in
781 2308 981 2356 aspectumvca-

194 2353 325 2382 dentibus
335 2356 474 2390 spiritales
486 2360 608 2388 rationes
620 2363 799 2397 exquirimus,
812 2353 932 2397 affectus
948 2379 981 2398 ac

193 2398 324 2447 libidines
341 2401 532 2436 imprudentes
549 2407 719 2442 colligamus.
736 2410 817 2447 554
833 2413 896 2441 Plus
908 2416 980 2443 enim

193 2444 285 2471 valent
311 2453 396 2480 penes
424 2447 614 2484 imperfectos,
646 2457 675 2479 ul
704 2444 814 2483 sensum
843 2458 980 2493 alliciant,

193 2490 350 2524 conspicua:
373 2500 465 2520 rerum
491 2497 698 2530 aspcctabilium
723 2501 825 2536 figurae,
844 2512 926 2539 quam
950 2490 980 2534 ut

192 2535 334 2569 animum,
358 2539 412 2566 illis
433 2540 534 2569 abdita:
556 2548 710 2572 ereatarum
733 2535 826 2575 rerum
847 2535 978 2580 rationes.

191 2581 291 2614 Porro,
309 2583 357 2618 qui
382 2585 433 2612 soli
458 2587 555 2615 litterae
576 2588 733 2618 Iudaeorum
757 2601 833 2622 more
856 2596 978 2625 animum

228 2659 250 2676 "
266 2660 337 2688 Psal.
350 2669 458 2695 xxxvnt,
475 2665 501 2691 2.
541 2665 563 2680 ⁷³
574 2665 675 2694 Jercm.
690 2677 727 2700 vr,
747 2669 790 2697 25.
829 2672 851 2687 ⁷³
865 2671 933 2700 Gen.
951 2683 977 2702 ιν

226 2720 236 2730 ⁹
249 2719 292 2748 ω.
310 2720 345 2749 ad
361 2722 440 2750 Thal.
453 2732 481 2758 q.
494 2725 528 2752 50
539 2730 567 2752 et
579 2727 614 2754 55
627 2727 661 2755 ad
675 2736 703 2755 n.
721 2729 754 2757 89
767 2729 846 2758 infra.

225 2775 268 2825 ξιξ)
280 2778 564 2825 ΞξςξόγρρςἌᾼόηοι
592 2784 776 2825 Ῐξιιῑίοεριιὶιίε,
791 2787 818 2825 id
834 2791 972 2825 praecipue

191 2814 266 2842 sunt,
281 2813 353 2847 quod
370 2822 447 2843 mens
461 2816 488 2842 in
503 2813 583 2845 rebus
605 2813 728 2848 intimids
752 2813 968 2860 iég’iifsﬁ'r'ft;

1039 906 1224 939 αναστάσεως,
1240 906 1289 941 τῆς
1307 908 1375 942 μετὰ
1391 907 1508 941 φυσικῆς
1520 906 1688 941 ἀπεχόμενος
1701 905 1829 940 θεωρίας,

1039 952 1088 987 τῆς
1099 952 1127 978 δὲ
1140 952 1295 988 προσευχῆς
1311 953 1380 979 κατὰ
1398 953 1446 988 τὴν
1466 953 1497 979 ἐκ
1513 952 1622 979 πάντων
1642 951 1712 987 πρὸς
1736 952 1831 978 ἑαυτόν

1038 1005 1069 1024 τε
1079 998 1127 1024 καὶ
1143 998 1189 1024 τὸν
1201 998 1268 1024 Θεὸν
1282 997 1329 1024 τοῦ
1346 998 1392 1024 νοῦ
1407 998 1541 1034 συστολὴν
1556 998 1748 1033 ἀντεχόμενος,
1763 998 1828 1024 ἁπο-

1039 1043 1140 1070 κτείνει
1159 1044 1209 1078 τὴν
1229 1043 1374 1079 ποιητικὴν
1399 1044 1449 1078 τῆς
1474 1043 1574 1075 κακίας
1596 1044 1664 1076 ἕξιν,
1688 1043 1739 1069 καὶ
1763 1043 1831 1069 ἀπο-

1040 1090 1152 1124 στρέφει
1171 1090 1229 1124 μετ*
1245 1089 1378 1125 αἰσχύνης
1400 1090 1445 1116 τὸν
1459 1089 1594 1122 διάϐολον,
1609 1088 1832 1124 ὑποϐαλλόμενον

1038 1136 1088 1171 τὴν
1108 1136 1257 1172 εἰρημένην
1280 1136 1347 1168 ἕξιν,
1375 1136 1418 1169 ἐφ’
1480 1135 1620 1167 πεποιθὼς
1638 1136 1708 1170 μετὰ
1727 1137 1778 1169 τῆς
1792 1136 1831 1161 οἱ·

1039 1182 1116 1213 κείας
1129 1182 1290 1214 ἀλαζονείας
1317 1181 1384 1217 ἦλθε
1407 1183 1475 1217 πρὸς
1506 1183 1556 1217 τὴν
1574 1182 1674 1217 ψυχὴν,
1706 1183 1752 1208 διὰ
1779 1183 1832 1208 τῶν

1039 1228 1222 1263 ὑπερηφάνων
1237 1228 1376 1264 λογισμῶν
1383 1228 1433 1264 τῆς
1441 1229 1571 1264 ὰληθεΐας
1584 1229 1830 1264 κατεπαιρόμενος·

1038 1274 1106 1309 ὅπερ
1125 1274 1206 1309 τυχὸν
1222 1274 1270 1301 καὶ
1288 1275 1370 1309 γνοὺς
1386 1275 1434 1301 καὶ
1449 1274 1544 1301 παθὼν
1558 1275 1605 1302 καὶ
1620 1276 1743 1310 ποιήσας
1753 1277 1768 1302 ὁ
1784 1275 1831 1311 μὲ-

1039 1328 1090 1355 γας
1102 1320 1200 1353 Amm,
1214 1321 1229 1347 ὁ
1242 1320 1352 1347 πάντων
1376 1320 1494 1355 μάλιστα
1511 1322 1609 1356 πεῖραν
1625 1320 1696 1356 ἔχων
1711 1322 1764 1356 τῆς
1778 1321 1831 1347 τῶν

1038 1365 1141 1400 νοητῶν
1156 1365 1284 1401 πολέμων
1309 1365 1500 1400 παρατάξεως,
1523 1365 1574 1392 Ἐν
1595 1364 1636 1398 τῷ
1661 1364 1828 1399 συστῆναι,

1038 1412 1118 1446 φησι,
1143 1412 1197 1438 τὸν
1217 1412 1394 1445 ἁμαρτωλὸν
1406 1411 1546 1438 ἐναντίον
1568 1419 1638 1446 μου,
1667 1411 1831 1445 ἐκωρώθητ

1038 1457 1086 1483 καὶ
1108 1457 1322 1490 ἐτιιπεινὼθηι·,
1347 1456 1396 1483 καὶ
1419 1457 1550 1491 ἐσίτησα
1565 1457 1600 1489 ἐξ
1624 1456 1756 1490 ἀγαθῶν·
1784 1458 1831 1483 οιαὶ

1041 1504 1099 1539 μετ’
1119 1503 1199 1530 αὐτὴν
1215 1504 1230 1530 δ
1256 1503 1327 1535 Otto;
1348 1503 1494 1538 Ἱερεμίας,
1514 1503 1698 1538 προστάσσων
1717 1502 1758 1538 τῷ
1773 1502 1831 1538 λαῷ

1040 1548 1077 1584 μὴ
1091 1549 1203 1583 ἐκϐῆναι
1220 1548 1270 1583 τῆς
1284 1548 1399 1581 πόλεως,
1408 1548 1453 1575 διὰ
1466 1548 1514 1583 τὴν
1525 1547 1666 1575 κύκλωοεν
1680 1547 1831 1584 παροικοῦ-

1039 1602 1089 1620 σαν
1105 1595 1160 1621 τῶν
1174 1595 1280 1630 ἐχθρῶν
1294 1595 1444 1630 ῥομφαίαν.

1073 1642 1129 1673 πγ’.
1149 1640 1204 1666 Καὶ
1221 1641 1236 1666 ὁ
1256 1640 1392 1676 μακάριος
1408 1639 1498 1666 τοίνυν
1517 1639 1613 1671 ’Λὸελ,
1630 1639 1713 1675 εἴπερ
1726 1639 1831 1674 ἐφυλά-

1038 1683 1111 1716 ξατο,
1129 1684 1175 1711 καὶ
1192 1684 1229 1720 μὴ
1245 1685 1391 1720 συνεξῆλθε
1402 1685 1442 1720 τῷ
1456 1685 1526 1712 Κάῑν
1538 1685 1567 1711 ὲν
1583 1685 1622 1720 τῷ
1638 1685 1734 1720 πεδίῳ·
1747 1693 1832 1712 τουτ-

1038 1729 1112 1756 έστιν
1128 1731 1156 1756 ὲν
1173 1730 1211 1765 τῷ
1228 1731 1324 1758 πλάτει
1343 1732 1393 1766 τῆς
1412 1731 1530 1766 φυσικῆς
1553 1730 1682 1766 θεωρίας·
1699 1730 1754 1766 πρὸ
1780 1732 1831 1767 τῆς

1037 1777 1182 1809 ἀπαθείας,
1197 1777 1247 1804 οὐκ
1268 1777 1301 1804 ἂν
1314 1778 1468 1809 ἐπαναστὰς
1482 1778 1643 1805 ἀπέκτεινεν
1659 1778 1742 1806 αὑτὸν
1757 1780 1830 1815 μετά

1037 1822 1126 1854 δόλου,
1142 1822 1245 1858 κλέψας
1266 1824 1323 1855 τοῖς
1336 1823 1434 1856 δεξιοῖς
1445 1824 1517 1850 κατὰ
1534 1824 1584 1859 τὴν
1594 1823 1649 1850 τῶν
1659 1824 1746 1852 δντων
1759 1825 1830 1852 θεω-

1039 1868 1099 1904 ρίαν
1116 1868 1169 1904 πρὸ
1189 1869 1239 1904 τῆς
1253 1869 1360 1901 τελείας
1379 1869 1472 1903 ἕξεως,
1487 1871 1502 1897 ὸ
1517 1869 1566 1906 τῆς
1584 1870 1687 1906 σαρκδς
1704 1870 1800 1906 νόμος,
1813 1871 1829 1897 ὁ

1037 1914 1107 1941 Κάῖν
1122 1915 1169 1941 καὶ
1189 1914 1227 1942 ὢν
1243 1915 1291 1942 καὶ
1308 1915 1485 1952 καλούμενος.

1072 2003 1124 2030 τπδ’.
1145 2003 1261 2038 Ὁμοίως
1288 2005 1335 2031 καὶ
1359 2005 1433 2038 Δίνα,
1459 2007 1475 2042 ἡ
1499 2006 1546 2032 τοῦ
1563 2007 1683 2042 μεγάλου
1699 2008 1827 2044 θυγάτηρ

1042 2048 1149 2082 Ἰακὼϐ,
1166 2051 1189 2075 εἰ
1207 2050 1243 2085 μὴ
1260 2050 1406 2085 συνεξῆλθε
1422 2053 1481 2083 ταῖς
1497 2051 1651 2088 θυγατράσι
1666 2054 1722 2081 τῶν
1737 2056 1827 2090 ἐγχω-

1036 2093 1112 2128 ρίων·
1136 2095 1270 2127 τουτέστι,
1294 2097 1352 2128 ταῖς
1379 2097 1551 2132 αἱσθητικειίς
1578 2100 1754 2134 φαντασίαις·
1777 2102 1825 2128 οὐκ

1034 2138 1067 2166 ἃν
1085 2140 1176 2175 Συχὲμ
1192 2141 1206 2166 ό
1222 2141 1279 2173 υἱὺς
1301 2142 1406 2178 Ἐμμὸρ
1428 2143 1583 2177 ἐπαναστάς
1607 2145 1695 2182 αὐτὴν
1715 2147 1824 2174 ἐταπεί-

997 2193 1018 2220 υ
1033 2194 1112 2213 νωσε.

1069 2235 1122 2259 πε⁷.
1139 2232 1229 2259 Καλόν
1250 2233 1308 2260 ἐστι
1325 2234 1379 2269 πρὸ
1393 2235 1443 2269 τῆς
1456 2235 1562 2267 τελείας
1576 2237 1671 2269 ἕξεως,
1688 2239 1726 2273 μὴ
1744 2239 1824 2265 ἄπτε-

1035 2276 1097 2305 σθαι
1116 2279 1189 2314 ἡμᾶς
1201 2279 1252 2314 τῆς
1273 2281 1391 2315 φυσικῆς
1405 2281 1531 2316 θεωρίας,
1545 2282 1588 2308 ἵνα
1605 2282 1643 2318 μὴ
1656 2282 1755 2316 λόγους
1766 2285 1825 2310 ἐςτι-

1035 2323 1180 2359 ζητοῦντες
1200 2327 1401 2360 πνευματικοῦς
1423 2328 1456 2353 ὲκ
1474 2327 1530 2354 τῶν
1541 2328 1690 2364 ὁρωμένων
1704 2331 1825 2366 κτισμά-

1034 2378 1099 2402 των,
1117 2370 1243 2406 λάθωμεν
1262 2370 1336 2408 πάθη
1353 2372 1538 2407 συλλέγοντες.
1555 2375 1641 2401 Πλέον
1654 2375 1709 2412 γὰρ
1724 2378 1754 2402 ὲν
1770 2379 1825 2409 τοῖς

1034 2415 1144 2442 ἀτελέσι
1160 2416 1317 2444 δυναστεύει
1327 2418 1396 2453 πρὸς
1412 2418 1460 2454 τὴν
1473 2420 1600 2456 αἴσθησιν
1617 2421 1652 2448 τὰ
1670 2423 1824 2458 φαινόμενι

1033 2462 1161 2497 σχήματα
1175 2463 1231 2490 τῶν
1256 2465 1411 2500 ὁρωμένων,
1429 2465 1445 2501 ἢ
1467 2465 1535 2501 πρὸς
1558 2467 1608 2502 τὴν
1628 2467 1721 2503 ψυχὴν
1737 2469 1763 2495 οἱ
1777 2478 1823 2496 κε-

1031 2508 1185 2543 κρυμμένοι
1200 2511 1256 2541 τοῖς
1277 2511 1398 2546 σχήμασι
1419 2511 1493 2546 λόγοι
1506 2512 1562 2539 τῶν
1586 2514 1749 2547 γεγονότων.
1767 2517 1777 2526 ⁹
1792 2516 1822 2543 οἱ

1032 2554 1124 2588 μέντοι
1142 2554 1215 2590 μόνῳ
1230 2555 1268 2590 τῷ
1284 2556 1429 2591 γράμματι
1444 2558 1646 2593 προσδήσαντες
1670 2560 1823 2592 Ἰουδαϊκῶς

1029 2599 1079 2636 τὴν
1094 2600 1224 2639 διάνοιαν,
1241 2602 1312 2628 κατὰ
1327 2602 1372 2628 τὴν
1389 2602 1476 2630 αἰῶνα
1496 2604 1588 2631 τοῦτον
1601 2605 1760 2641 ἐκδέχονται
1775 2607 1822 2639 τὰς

980 2696 988 2708 ,
1010 2677 1036 2704 8.
1075 2677 1098 2693 ’⁵
1112 2677 1180 2706 Gen.
1198 2687 1287 2711 xxxtv,
1304 2680 1316 2706 ί
1334 2687 1412 2715 seqq.

1027 2793 1136 2834 liusque
1149 2795 1183 2821 de
1207 2796 1418 2834 illis‘intelligit.
1442 2799 1530 2827 Latini
1551 2802 1669 2831 rationes
1701 2803 1813 2834 dicunt;

1023 2836 1074 2856 nec
1086 2830 1152 2857 satis
1163 2836 1226 2866 apte
1240 2831 1331 2865 Picus,
1348 2830 1528 2870 cdgitatianes.
