1920 3076
95 127 157 160 19.53

424 123 589 154 CAPITUM
610 121 819 159 QUINQUIES
837 119 1097 151 CENTENORUM
1116 116 1309 154 CENTURIA
1330 119 1370 148 ll.

1645 121 1712 151 1259

91 182 250 217 ἐπαγγελίας
275 182 330 208 τῶν
356 181 503 216 ἀκηράτων
522 180 648 215 ἀγαθῶν,
665 178 826 214 ἀγνοοῦντες
840 178 872 205 τὰ

929 178 1107 209 addixerunt,
1132 176 1296 203 immortalia
1319 175 1390 202 bona
1412 176 1561 210 promissa,
1580 183 1638 206 aevo
1662 177 1714 205 hoc

90 230 156 258 κατὰ
175 229 257 265 φύσιν
271 229 320 264 τῆς
334 227 426 263 ψυχῆς
437 227 538 262 ἀγαθά.

121 319 178 349 πς’,
198 316 228 342 ’0
248 314 298 350 τὴν
328 315 421 341 εἰκόνα
445 313 563 348 φορέσας
584 312 630 339 τοῦ
647 311 819 347 ἐπουρανίου,
834 311 873 345 τῷ

90 359 219 394 πνεύματι
242 359 287 385 διὰ
314 359 424 385 πάντων
442 357 559 384 ’έπεσθαι
586 356 696 384 σπεύδει
717 357 767 392 τῆς
793 356 872 391 ἁγίας

90 405 204 440 Γραφῆς,
219 406 248 431 ὲν
261 401 282 439 ᾧ
297 404 330 431 δι’
344 403 445 440 ἀρετῆς
462 404 509 430 καὶ¹
531 403 671 437 γνώσεως,
687 404 703 438 ἡ
719 403 767 438 τῆς
784 402 872 437 ψυχῆς

88 451 201 486 ὑπάρχει
218 451 417 486 συντήρησιςτὸ
435 450 523 485 δὲτὴν
539 449 631 476 εἰκόνα
647 449 737 484 φορῶν
748 448 794 475 τοῦ
814 450 872 483 χοῖ-

88 495 143 528 κοῦ,
161 495 191 522 τὸ
215 495 333 530 γράμμα
362 495 441 530 μόνον
471 495 607 530 περιέπει·
629 495 658 520 ὲν
676 490 699 527 ᾧ
717 494 734 528 ἡ
759 494 818 520 κατ’
830 492 872 519 ατ·

86 541 179 577 σθησιν
199 541 267 576 πρὸς
284 541 363 575 σῶμα
384 540 497 575 λατρεία
523 539 674 574 συνέστηκε
689 539 722 566 τὰ
737 539 812 574 πάθη
825 539 872 574 δη-

87 586 264 622 μιουργοῦσα.

119 631 172 663 πζ.
191 631 298 666 Κράτος
319 629 388 656 Θεοῦ
409 629 590 664 καθέστηκεν,
605 630 622 665 ἡ
639 628 799 665 ἀναιρετικὴ
817 629 871 655 τῶν

85 675 176 702 παθῶν
194 675 289 710 ἀρετὴ.
305 675 354 701 καὶ
375 674 430 701 τῶν
458 674 578 700 εὐσεϐῶν
603 674 773 710 φρουρητικὴ
795 674 872 707 λογι-

85 720 171 755 σμῶν,
186 720 219 754 ἣν
231 720 313 755 γεννᾷ
329 720 428 754 πρᾶξις
442 719 569 752 ἐντολῶν,
593 719 626 746 δι’
639 715 673 754 ἦς
689 719 738 750 τὰς
751 720 872 746 ἀντικει-

85 765 167 800 μένας
181 765 220 800 τῷ
234 764 330 800 ἀγαθῷ
346 765 467 801 πονηρὰς
479 765 619 800 δυνάμεις,
637 763 781 800 συνεργείᾳ
793 763 870 791 Θεοῦ·

85 810 229 847 parum}:
253 810 322 847 μόνῃ
338 811 451 846 δυνάμει
469 810 549 843 Θεοῦ,
565 810 770 845 διαφθείρομεν.
784 809 871 844 Ὕψος

922 222 1079 258 ρι’τεθῑοηᾱίι
1095 225 1265 256 exspectant,
1282 221 1348 248 dum
1369 229 1430 255 qua:
1451 221 1509 249 sint
1526 222 1610 249 animi
1629 227 1712 250 natu-

922 267 992 295 ralia
1008 268 1081 294 bona
1099 268 1237 302 ignorant.

958 313 1072 347 86.Qui
1087 313 1206 341 caelestis
1221 318 1313 348 portat
1328 313 1485 349 imaginem,
1505 321 1615 340 omnem
1633 314 1713 341 adbi-

922 358 969 386 bet
986 366 1093 390 curam,
1109 362 1140 385 ut
1161 358 1189 385 in
1208 358 1337 385 omnibus
1360 358 1511 393 Scriptum
1528 366 1613 385 sacrae
1630 358 1713 392 spiri-

924 408 981 431 tum
999 410 1130 438 sequatur
1143 404 1181 437 ⁷⁶;
1196 404 1224 430 in
1238 411 1304 438 quo,
1318 403 1420 430 virtute
1434 403 1534 430 comite
1547 407 1575 430 et
1587 402 1712 433 scientia,

923 450 1008 477 animi
1031 450 1206 477 incolumitas
1227 453 1255 476 et
1275 449 1458 484 salusposita
1476 453 1540 476 est:
1556 449 1603 484 qui
1623 453 1713 475 autem

924 497 1019 529 portat
1033 494 1180 529 imaginem
1199 494 1350 525 terrestris,
1364 493 1485 521 litteram
1500 493 1633 520 duntaxat
1648 501 1700 520 con

922 543 1059 572 sectatur;
1085 539 1113 565 in
1135 546 1199 573 qua,
1217 538 1406 573 propensioris
1427 537 1454 564 in
1478 544 1580 572 corpus
1602 544 1712 570 sensus,

922 584 1052 611 vitiorum
1070 591 1169 618 parens
1185 591 1217 610 ac
1231 583 1388 615 libidinum,
1402 581 1537 610 consistit.

957 630 1001 657 87.
1023 629 1072 656 Dei
1098 633 1238 664 potestas,
1264 628 1354 656 virtus
1380 632 1423 656 est
1450 627 1517 654 vitia
1542 627 1713 662 ati‘ectusque

923 673 1100 705 interimens,
1126 673 1239 708 piasque
1265 673 1387 699 rationes
1410 671 1538 699 muniens
1558 679 1590 699 ac
1616 676 1711 704 tuens;

923 720 1040 746 actionis
1067 719 1162 754 proles
1186 727 1241 754 qua
1271 719 1398 746 mandata
1433 717 1626 752 cxsequimur;
1659 725 1713 752 qua

922 773 1033 800 nempe,
1055 765 1129 792 bono
1151 764 1304 792 contrarias
1320 764 1505 799 nequissimus
1521 765 1649 795 virtutes,
1665 763 1713 791 Dei

922 811 1025 839 auxilio
1047 810 1124 846 (quin
1145 810 1206 845 ejus
1226 818 1281 837 una
1301 810 1434 845 potentia)
1458 810 1646 845 proﬂigamus.
1664 809 1713 837 Dei

82 855 109 882 δὲ
124 855 192 882 Θεοῦ
212 855 286 882 ἐστιν
308 857 324 890 ὴ
340 854 440 889 γνῶσις
454 855 503 888 τῆς
521 854 661 890 ἀληθείας,
675 854 708 889 ἧν
727 854 810 889 γεννᾷ
822 854 872 888 τῆς

929 860 1017 884 autem
1040 856 1187 889 celsitudo,
1205 856 1332 883 veritatis
1356 856 1472 883 scientia
1489 860 1541 888 est,
1558 864 1640 891 quam
1661 856 1714 883 im-

81 901 134 927 τῶν
149 901 306 935 γεγονότων
320 900 436 936 θεωρίας
450 901 463 927 ὸ
484 900 579 932 πόνος,
599 899 646 926 καὶ
658 899 683 925 οἱ
697 900 743 926 ἐπὶ
756 900 789 934 τῇ
801 899 871 934 πρά-

82 945 121 979 ξει
145 946 201 972 τῶν
223 945 329 982 ἀρετῶν
354 945 467 981 ἱδρῶτες
485 946 566 972 πόνου
586 945 704 979 πατέρες
722 944 870 979 γινόμενοι·

80 990 113 1017 δι’
128 987 162 1026 ἧς
180 990 230 1026 τὴν
243 990 436 1025 ἀντικειμένην
451 991 485 1025 τῇ
502 989 617 1025 ἀληθείᾳ.
631 989 680 1015 τοῦ
696 988 810 1024 ψεύδους
826 988 872 1015 δύ-

80 1045 173 1071 ναμιν,
191 1035 331 1068 παντελῶς
341 1035 552 1070 ἑξαφανὶςομεν,
563 1036 616 1061 πᾶν
625 1035 724 1071 ὕψωμα
734 1035 788 1061 τῶν
798 1035 873 1062 ἐπαι-

82 1081 205 1116 ρομένων
220 1080 292 1107 κατὰ
308 1081 357 1116 τῆς
368 1080 495 1116 γνώσεως
507 1080 553 1106 τοῦ
565 1080 634 1106 Θεοῦ
648 1080 775 1116 πονηρῶν
788 1089 872 1107 πνευ-

82 1127 176 1161 μάτων
190 1125 383 1158 ταπεινοῦντες
413 1126 461 1153 καὶ
494 1125 722 1157 καταϐάλλοντες.
746 1126 801 1153 Καὶ
817 1126 873 1161 γὰρ

79 1171 177 1208 ὥσπερ
192 1173 209 1207 ἡ
227 1172 327 1208 πρᾶξις
347 1173 431 1208 γεννᾷ
446 1172 495 1207 τὴν
509 1171 621 1207 ἀρετὴν,
636 1171 724 1204 οὕτως
742 1173 757 1208 ή
771 1171 873 1207 θεωρία

79 1218 128 1253 τὴν
143 1219 258 1252 γνῶσιν.
490 1249 492 1251 _

114 1269 172 1300 σπη’.
206 1265 238 1291 Ἡ
259 1263 375 1300 ἄληστος
399 1263 513 1298 γνῶσις,
539 1263 665 1299 ἀόριστον
685 1263 784 1298 ἔχουσα
808 1263 873 1299 περὶ

77 1310 128 1345 τὴν
150 1309 229 1337 θείαν
251 1309 380 1344 ἀπειρίαν
400 1309 450 1343 τὴν
469 1308 542 1335 κατὰ
557 1309 621 1335 νοῦν
636 1309 706 1344 ὑπὲρ
724 1309 817 1344 νόησιν
830 1309 873 1335 κί-

78 1363 168 1390 νησιν,
186 1354 314 1387 είκονίζει
325 1354 369 1381 διὰ
382 1354 432 1389 τῆς
448 1354 589 1389 ἀοριστίας
604 1354 640 1390 (ο)
654 1355 702 1391 τὴν
722 1356 872 1391 ὑπεράπει-

78 1409 125 1436 ρον
141 1401 225 1435 δόξαν
236 1401 285 1436 τῆς
297 1401 435 1436 ἀληθείας·
450 1401 467 1436 ἡ
483 1401 511 1427 δὲ
526 1402 576 1437 τῆς
596 1401 668 1428 κατὰ
681 1402 730 1436 τὴν
745 1401 874 1437 πρόνοιαν

78 1447 166 1482 σοφῆς
187 1447 356 1482 ἁγαθότητος
372 1446 533 1482 αὐθαίρετος
557 1447 683 1482 μίμησις,
698 1447 780 1482 τιμὴν
798 1447 874 1482 φέρει

75 1492 126 1528 τὴν
142 1493 217 1528 πρὸς
232 1492 277 1519 τὸν
294 1492 359 1518 Θεὸν
373 1491 420 1518 τοῦ
435 1492 481 1518 νοῦ
498 1492 570 1519 κατὰ
583 1492 632 1528 τὴν
647 1492 766 1519 διάθεσιν
780 1492 874 1527 ἀρίδη-

75 1536 133 1570 λον,
149 1539 190 1569 ὠς
209 1537 266 1564 ἐστι
281 1537 403 1570 δυνατὸν,
421 1529 592 1572 ἐξομοίωσιν.

923 910 1027 938 pensus
1050 902 1128 929 labor
1151 901 1327 936 speculandis
1347 901 1431 928 rebus
1451 902 1552 929 creatis
1569 901 1652 936 parit,
1666 909 1714 928 su-

923 947 1062 983 doresque
1092 947 1239 982 iungendis
1262 946 1429 979 virtutibus,
1455 947 1502 981 qui
1531 947 1583 981 ipsi
1610 946 1714 973 laboris

923 997 1052 1029 parentes
1067 993 1131 1020 sint.
1150 992 1207 1020 [lac
1226 992 1352 1023 scicntia,
1374 992 1430 1018 vim
1447 999 1557 1019 omnem
1577 991 1714 1019 mendacii

923 1037 1035 1064 veritati
1051 1036 1242 1064 adversantem
1257 1036 1370 1062 omnino
1384 1035 1538 1068 abolemus,
1554 1036 1602 1070 qui
1614 1043 1713 1070 nempe

923 1091 1032 1111 omnem
1056 1083 1239 1118 malignorum
1269 1082 1416 1117 spirituum
1442 1082 1642 1109 sublimitatem
1665 1089 1713 1108 ex-

923 1130 1066 1158 tollentem
1088 1137 1117 1156 se
1139 1129 1272 1156 adversus
1299 1129 1442 1155 scientiam
1462 1128 1510 1155 Dei
1524 1129 1556 1160 ",
1577 1128 1714 1163 deprima-

924 1183 986 1202 mus
1009 1183 1041 1202 ac
1064 1175 1248 1215 destruamus.
1267 1174 1312 1201 Uti
1332 1174 1405 1201 enim
1424 1174 1496 1201 actio
1515 1174 1658 1206 virtutem,
1675 1174 1715 1200 sic

923 1225 952 1248 et
964 1221 1116 1255 speculatio
1132 1220 1274 1247 scientiam
1291 1219 1372 1254 parit.

958 1266 1002 1293 88.
1029 1265 1115 1299 Quam
1144 1265 1218 1291 nulla
1248 1265 1406 1292 inobscuret
1433 1265 1550 1297 oblivio,
1581 1264 1713 1295 scientia,

923 1311 1008 1338 nullis
1024 1311 1125 1338 tinibus
1140 1312 1372 1346 comprehensum
1389 1311 1462 1338 circa
1481 1311 1603 1338 divlnam
1619 1311 1714 1338 inﬁni-

925 1362 1018 1388 tatem,
1036 1357 1136 1384 mentis
1154 1365 1263 1384 onmem
1287 1357 1435 1392 cogitatum
1456 1361 1634 1392 superantem
1655 1364 1715 1384 mo-

925 1407 983 1430 tum
1000 1403 1124 1435 habens;
1141 1403 1225 1430 nullis
1251 1403 1352 1429 ﬁnibus
1371 1403 1571 1437 comprehensa
1591 1403 1637 1430 illa
1659 1410 1717 1429 am—

924 1448 1059 1483 plitudine
1070 1469 1076 1479 ,
1095 1448 1169 1474 omni
1185 1449 1316 1483 majorem
1331 1447 1439 1475 inﬁnito
1459 1448 1584 1475 veritatis
1600 1447 1716 1482 gloriam

926 1492 1056 1527 exprimit
1074 1501 1080 1518 :
1098 1492 1231 1526 sapientis
1251 1501 1317 1520 vero
1339 1501 1373 1520 ex
1398 1493 1580 1520 Providentia:
1603 1491 1717 1519 rationi-

888 1531 908 1557 (Σ
927 1538 978 1565 bus
1001 1538 1134 1565 bonitatis
1158 1542 1256 1573 sponte
1283 1543 1422 1573 assumpta
1443 1538 1577 1569 imitatio,
1602 1538 1717 1565 honoris

76 1583 244 1618 praestantia
266 1583 368 1611 claram
390 1583 538 1611 admodum
560 1591 623 1611 cum
659 1584 716 1612 Deo
754 1584 856 1612 mentis
888 1584 1000 1616 affectu,
1013 1585 1102 1619 quoad
1122 1585 1228 1612 homini
1247 1592 1408 1613 concessum
1424 1590 1477 1618 est,
1508 1585 1716 1613 similitudinem

77 1630 186 1658 reddit.

111 1677 171 1704 1:9'.
193 1677 228 1703 Ἦ
243 1676 353 1710 γλῶσσα
378 1676 426 1711 τῆς
443 1676 515 1702 κατὰ
529 1676 618 1711 ψυχὴν
632 1677 785 1712 γνωστικῆς
800 1677 874 1712 ἐνερ-

74 1721 157 1756 γείας
171 1721 235 1748 ἐστὶ
248 1720 394 1757 σύμϐολον·
411 1721 425 1747 ὁ
435 1721 462 1747 δὲ
474 1721 588 1756 λάρυγξ,
608 1722 656 1757 τῆς
671 1721 739 1757 πρὸς
752 1721 782 1748 τὸ
795 1721 874 1755 σῶμα

74 1766 201 1802 φυσικῆς
214 1765 357 1800 φιλαυτίας
367 1767 526 1802 τεκμήριον.
544 1766 573 1793 Ὁ
585 1766 649 1799 γοῦν
663 1766 750 1793 ταῦτα
765 1766 873 1801 ψεκτῶς

75 1811 222 1846 κολλήσας
234 1811 370 1846 ἀλλήλοις,
395 1811 548 1846 μνησθῆναι
563 1811 613 1846 τῆς
628 1812 687 1837 κατ’
707 1811 808 1846 ἀρετὴν
826 1811 873 1837 καὶ

73 1856 184 1892 γνῶσιν
202 1857 347 1892 εἰρηνικῆς
360 1856 442 1889 ἕξεως
457 1857 487 1883 οὐ
500 1857 623 1889 δύναται,
637 1857 670 1892 τῇ
685 1856 815 1891 συγχύσει
830 1855 874 1882 διὰ

74 1902 205 1936 σπουδῆς
222 1900 278 1928 τῶν
298 1902 462 1936 σωματικῶν
476 1902 607 1937 ἡδόμενος
628 1901 733 1928 παθῶν.

111 1991 150 2026 ια.
174 1991 212 2018 Αἱ
231 1990 302 2017 κατὰ
323 1990 404 2025 φύσιν
435 1990 539 2025 ὀρέξεις
563 1990 610 2017 καὶ
643 1990 745 2026 ἡδοναὶ,
772 1989 809 2025 μὴ
828 1990 875 2024 φέ-

73 2045 178 2072 ρουσαι
199 2038 209 2048 ⁸
225 2037 282 2067 τοῖς
308 2035 486 2070 κεκτημένοις
503 2035 640 2071 διαϐολὴν,
669 2035 706 2067 ὼς
728 2035 877 2070 ἀναγκαῖον

71 2080 324 2117 παρακολούθημα
353 2081 401 2115 τῆς
430 2081 547 2115 φυσικῆς
566 2079 682 2115 ὀρέξεως
705 2079 873 2115 καθεστήκαε

73 2136 130 2154 σιν.
157 2126 278 2161 Ἰιδονὴν
290 2126 344 2161 γὰρ
365 2126 436 2153 κατὰ
450 2126 531 2161 φύσιν
545 2127 615 2152 ποιεῖ
630 2126 675 2152 καὶ
691 2126 729 2161 μὴ
744 2125 876 2160 βουλομέ-

960 1674 1003 1702 89.
1022 1674 1128 1709 Lingua
1160 1674 1292 1708 sapientis
1314 1667 1404 1700 animi
1420 1673 1588 1708 operationis
1608 1666 1718 1709 symbo-

926 1718 982 1745 lum
1000 1723 1043 1746 est
1064 1728 1070 1745 :
1093 1724 1187 1754 guttur
1207 1727 1283 1749 vero,
1306 1718 1440 1746 naturalis
1459 1726 1522 1753 erga
1539 1726 1639 1753 corpus
1653 1727 1718 1754 pro-

926 1764 1050 1791 clivioris
1074 1764 1176 1791 amoris
1199 1763 1378 1798 libidinisque
1404 1763 1548 1790 indicium.
1573 1763 1625 1796 Qui
1650 1772 1717 1799 ergo

926 1808 985 1836 ha‘c
1003 1809 1076 1836 inter
1091 1816 1120 1836 se
1137 1809 1273 1843 vituperio
1288 1808 1436 1844 copulavit,
1449 1809 1563 1836 virtutis
1576 1817 1608 1836 ac
1623 1809 1716 1837 scicn-

927 1855 972 1882 tize
997 1854 1137 1888 tranquilli
1160 1854 1271 1882 habitus
1293 1854 1453 1882 meminisse
1475 1861 1529 1881 non
1552 1859 1652 1889 potest,
1669 1854 1717 1889 qui

931 1900 1114 1935 corporalium
1142 1899 1292 1927 aﬂectuum
1317 1907 1349 1927 ac
1379 1899 1525 1927 libidinum
1555 1900 1717 1928 confusione

928 1946 1092 1981 propensius
1107 1945 1271 1973 delectetur.

963 1991 1006 2023 90.
1030 1989 1096 2023 Quae
1122 1990 1262 2018 naturales
1289 1989 1473 2024 appetitiones
1495 1995 1560 2018 sunt
1581 1990 1661 2026 555
1685 1999 1717 2019 ac

928 2037 1095 2070 voluptates,
1111 2035 1215 2062 nullam
1231 2036 1354 2063 criminis
1374 2034 1464 2062 labem
1481 2035 1537 2062 illis
1555 2035 1716 2068 inferentes,

928 2083 976 2118 qui
992 2090 1040 2110 eas
1055 2082 1173 2115 habent;
1191 2082 1268 2110 velut
1282 2081 1469 2109 necessarium
1486 2082 1623 2117 quoddam
1637 2087 1717 2111 natu-

929 2127 994 2154 ralis
1015 2127 1155 2161 appetitus
1185 2126 1362 2154 corollarium
1395 2131 1469 2153 sunt.
1495 2127 1598 2154 Natura
1624 2126 1717 2159 enim,

71 2181 128 2200 νων
141 2172 243 2207 ἡμῶν,
264 2171 312 2198 καὶ
336 2172 352 2207 ἡ
376 2171 494 2206 τυχοῦσα
510 2170 608 2206 τροφὴ,
626 2169 813 2205 προλαϐοῦσαν
833 2170 872 2196 ἔνι

929 2173 1046 2200 velimus
1068 2173 1203 2205 nolimus,
1226 2172 1348 2207 vulgaris
1370 2172 1428 2206 ipse
1452 2172 1596 2207 primoque
1619 2172 1719 2200 obvius

71 2219 153 2245 δειπν
177 2212 439 2253 παραμυθουμένῆ·
468 2217 514 2243 καὶ
541 2217 636 2249 πόσις,
668 2216 876 2251 ἀποκρουομένη

61 2249 121 2312 ιτοῦ
138 2249 246 2305 δίψους
325 2249 446 2298 δίλησινσ
463 2263 510 2289 καὶ
522 2262 614 2295 ὕπνος,
626 2263 676 2299 τὴν
688 2262 720 2289 ὲκ
736 2249 786 2297 τῆς
797 2249 877 2298 Eryan

71 2306 211 2344 γόρσεως
244 2308 444 2344 δαπανηθεῖσαν
469 2307 666 2343 ἀνανεούμενος
687 2306 809 2342 δύναμιν·
830 2308 877 2334 καὶ

109 2387 136 2404 ⁷⁸
156 2387 181 2414 ll
194 2386 264 2414 Cor.
283 2394 310 2418 Χ,
326 2386 353 2413 5.
391 2386 413 2402 ⁷⁷
429 2385 497 2413 ibid.

930 2219 1020 2250 cibus,
1036 2218 1157 2253 priorem
1177 2217 1355 2253 indigentiam
1373 2218 1464 2246 solans
1479 2222 1562 2252 atque
1578 2225 1718 2250 recreans,

930 2264 1142 2292 delectationem
1170 2264 1250 2297 facit;
1277 2268 1359 2298 potus
1383 2264 1466 2296 item,
1492 2263 1634 2298 depellens
1659 2264 1720 2291 sitis

930 2308 1104 2342 molestiam;
1121 2316 1227 2336 necnon
1241 2315 1354 2336 somnus
1368 2308 1516 2337 exhaustas
1531 2307 1633 2344 vigiliis
1645 2308 1720 2337 vires

111 2467 123 2478 "
135 2465 184 2494 Cf.
206 2464 245 2492 ad
262 2464 386 2491 Thalass.
403 2472 430 2499 q.
444 2464 488 2497 65,
503 2468 529 2492 et
545 2464 589 2497 5i,
606 2463 650 2497 56,
664 2468 693 2491 et
703 2463 737 2491 50
751 2463 784 2491 ad
800 2471 828 2491 n.
839 2463 884 2497 91,
902 2464 936 2492 92
950 2467 978 2491 et
997 2463 1031 2490 95
1045 2463 1125 2490 intra.

110 2536 153 2572 (ο)
173 2534 234 2572 Aid
251 2533 302 2567 τῆς
314 2533 478 2567 ἀοριστίας.
495 2533 642 2572 Signiﬁcat
653 2532 881 2572 litij_us_scieritia:,

70 2567 166 2608 quain
190 2570 316 2608 ἄλγιστον
328 2573 426 2608 .vocat,
437 2569 515 2608 quasi
529 2567 620 2595 ὶιηὶηιο
634 2567 798 2608 indelebi_lcm
811 2575 883 2608 sem-

73 2601 466 2643 perquc_in'eo_vigentemi
478 2604 638 2643 immensam
650 2602 799 2643 quamdam
815 2601 882 2635 vim,

71 2638 131 2678 qua
142 2638 408 2678 ianimusdivinam
421 2639 584 2678 inﬁnitatem
594 2638 712 2678 quad-am.
728 2638 803 2664 velut
820 2644 884 2672 pro—

71 2672 219 2711 portione
238 2673 363 2711 attingat.
375 2673 627 2711 eiusqueveri‘tatis
644 2672 758 2711 gloriam
779 2679 814 2711 ac_
827 2679 884 2698 ma-

68 2706 319 2749 iestatcmuomni
342 2706 472 2749 majorem
490 2707 613 2749 inlii_ii_to,_
632 2706 719 2749 quasi
735 2706 882 2749 simulacro

70 2742 199 2775 ἱεῖσι-ει.
221 2743 293 2771 Nam
311 2749 338 2770 et
353 2742 532 2778 τὴάόριστον,
545 2742 660 2778 Maximo
674 2742 791 2778 aliisque
804 2742 881 2778 theo-

69 2783 161 2817 lingis.
180 2778 372 2817 inter_di\'ina
386 2776 496 2805 nomina
511 2783 562 2809 est,
576 2777 601 2804 id
615 2777 704 2817 ipsum
718 2777 790 2817 quhod
805 2776 880 2803 Lati-

71 2812 119 2845 nis
135 2813 328 2843 immmsftas.
339 2813 402 2840 [huc
413 2817 467 2840 tam
485 2817 609 2847 angusta,
624 2813 685 2847 quis
698 2819 729 2839 ex
747 2812 810 2839 Pico
830 2819 880 2838 au-

932 2533 988 2568 diat
1001 2542 1008 2559 :
1021 2532 1061 2559 Ea:
1073 2531 1120 2559 illa
1129 2532 1313 2568 inicertitudirne
1327 2531 1542 2568 superinﬁnitam
1556 2532 1722 2568 efﬁngitopi‘

932 2567 1037 2594 nionem
1053 2566 1197 2594 ueritatis?
1218 2566 1289 2599 Quid
1309 2567 1353 2594 hic
1376 2567 1556 2599 incertitudo,
1571 2566 1628 2595 ubi
1648 2566 1722 2596 Deus

933 2602 1167 2637 altissilnormodo
1184 2601 1344 2636 attingitur?
1360 2601 1430 2628 Num
1447 2601 1520 2636 quod
1542 2602 1615 2633 δόξα.
1633 2611 1721 2637 eaque

933 2636 1157 2664 inccrtitudinem
1175 2637 1319 2671 exposcit?
1335 2636 1369 2663 At
1381 2645 1437 2664 non
1460 2637 1518 2664 hmc
1530 2636 1722 2671 philosophica

932 2672 1006 2704 δόξα,
1024 2672 1133 2706 opinio;
1152 2676 1253 2698 nutans
1272 2671 1379 2699 scilicet
1400 2671 1483 2698 animi
1507 2679 1651 2702 assensus.
1677 2673 1721 2700 cui

933 2707 1031 2734 falsum
1052 2711 1140 2741 potest
1165 2706 1290 2737 subesse,
1315 2714 1367 2733 nec
1391 2713 1452 2733 raro
1465 2706 1579 2738 subest;
1602 2706 1649 2733 sed
1662 2707 1719 2741 ipsa

933 2715 1031 2734 tatsum
1052 2715 1140 2741 potest
1165 2715 1290 2737 suuesse,
1315 2715 1367 2733 nec
1391 2715 1452 2733 raro
1465 2715 1579 2738 SUDCH;
1602 2715 1670 2734 seu)
1691 2717 1719 2735 .a

933 2742 1088 2769 animorum
1108 2741 1181 2777 circa
1201 2741 1286 2777 Deum
1306 2740 1479 2777 ἀεικιντ,σ[α;
1506 2741 1533 2767 in
1555 2741 1644 2770 beatis
1665 2715 1721 2777 ﬁrm

932 2781 1134 2809 consummata;
1150 2776 1194 2803 hic
1213 2776 1240 2803 in
1251 2775 1366 2803 summis
1379 2775 1570 2811 θεωρητικοίς,
1589 2775 1719 2815 quasi“).

931 2816 1020 2846 empta
