1920 3076
81 137 142 171 1257

404 135 569 167 CAPITUM
589 133 798 171 QUINQUIES
817 130 1074 161 CENTENORUM
1095 129 1287 160 CENTURIA
1308 129 1346 158 Π.

1618 126 1685 159 1253

77 193 143 225 λεια,
158 191 202 220 διὰ
218 191 265 226 τῆς
289 191 342 218 τῶν
360 192 509 228 Ἀσσυρίων
526 191 683 227 τυπουμένη
700 189 849 226 βασιλείας,

922 195 1002 220 num,
1031 188 1106 222 regni
1141 186 1313 222 Assyriorum
1343 190 1406 220 typo
1436 185 1596 220 ﬁguratum,
1621 185 1691 212 bello

77 240 119 265 τὸν
133 238 201 266 κατὰ
215 238 263 273 τῆς
276 238 375 274 ἀρετῆς
391 238 436 264 καὶ
451 239 499 273 τῆς
514 238 640 272 γνώσεως
654 237 854 272 συναγείρουσι

77 283 202 319 πᾶλεμον,
217 283 260 309 διὰ
274 283 328 310 τῶν
341 283 427 318 αὐτῆς
440 283 568 318 ἐμφύτων
582 283 724 318 δυνάμεων
739 282 856 317 τροποῦ-

78 331 135 358 σϐαι
153 331 305 365 μηχανᾶται
320 329 368 365 τὴν
376 330 479 365 ψυχήν·
498 329 546 364 τὴν
560 328 770 365 μὲν-ἐπιθυμίαν
783 328 857 362 πρῶ-

78 386 129 407 τον,
150 377 189 407 εἰς
201 375 288 411 ὖρεξιν
300 375 352 401 τῶν
370 375 445 410 παρὰ
459 375 538 408 φύσιν
549 374 744 410 διερεθίζουσα,
762 374 809 401 καὶ
823 375 857 400 τΞι

78 421 191 456 αἰσθητὰ
211 420 263 447 τῶν
279 419 382 454 νοητῶν
398 420 534 454 προτιμᾷν
548 418 750 452 ἀναπείθουσας
769 417 814 444 τὸν
829 417 857 443 δὲ

78 468 171 502 Ουμον,
197 464 450 502 ὑπεραγωνίζεσθαι
479 464 523 490 τοῦ
550 463 705 499 αἱρεθέντος
732 463 785 489 ὑπὸ
811 463 859 497 τῆς

78 513 223 547 ἐπιθυμίας
256 511 385 546 αἰσθητοῦ
412 510 601 545 διεγείρουσα·
634 509 664 536 τδ
686 509 715 536 δὲ,
737 508 857 543 λογικὸν,

77 558 139 588 τοὺς
152 558 267 592 τρόπους
296 556 413 583 ἐπινοεῖν
440 554 495 582 τῶν
520 555 580 581 κατ’
607 554 734 587 αἴσθησιν
760 555 859 590 ἡδονῶν

78 603 280 630 ἐκδιδάσκουσι.

113 700 175 734 Lg'.
201 700 257 732 Τῆς
273 700 361 734 ἄκρας
380 699 547 734 ἁγαϐὁτητος
565 698 641 731 ἴδιον,
657 684 699 730 τὸ.
720 697 758 733 μὴ
783 697 862 732 μόνον

77 746 126 778 τὰς
143 746 217 776 θείας
231 745 278 772 καὶ
291 745 454 779 ἀσωμάτους
477 744 531 771 τῶν
554 744 657 779 νοητῶν
683 743 786 776 οὐσίας,
813 743 863 778 τῆς

77 793 237 828 ἀπορρήτου
272 792 318 818 καὶ
345 791 420 823 θείας
443 790 661 825 ἀπεικονῐσματα
690 789 863 824 καταστῆσαι

77 839 167 872 δόξης,
181 839 245 872 ὃλην
261 837 331 864 κατὰ
347 838 376 864 τὺ
391 835 501 871 Θεμιτδν
512 836 651 870 ἀναλόγως
668 835 762 866 αὐταῖς
775 834 860 860 εἰσδε-

78 884 198 919 χομένας
212 883 259 918 τὴν
274 882 452 918 ὰπερινόητον
468 882 623 917 ὡραιότητα
645 880 692 907 τοῦ
714 879 861 915 ἀπροσίτου

78 931 209 961 κάλλους·
227 929 295 956 ἀλλὰ
310 929 356 956 καὶ
371 929 426 959 τοῖς
446 927 594 962 αἰσθητοῖς,
621 927 668 953 καὶ
684 926 738 952 τῶν
759 924 862 960 νοητῶν

77 976 178 1003 οὐσιῶν
191 975 260 1002 κατὰ
281 974 346 1001 πολὺ
366 973 536 1005 ἀποδέουσιν,
553 972 723 1008 ἀπηχήματα
748 971 797 1006 τῆς
826 971 864 997 οἰ-

76 1022 157 1053 κείας
171 1020 352 1055 ἐγκαταμίξαι
370 1019 589 1055 μεγαλειότητος,
607 1018 742 1052 δυνάμενα
755 1016 800 1043 τὸν
817 1016 864 1042 ἀν-

77 1067 215 1100 θρώπινον
232 1066 294 1093 νοῦν
307 1064 404 1100 ὲποχοὺ
409 1073 489 1099 μενον
502 1064 604 1095 αὐτοῖς,
618 1062 685 1097 πρὸς
699 1061 764 1087 Θεὸν
777 1061 864 1087 ἀπλάο

76 1112 132 1144 vi);
161 1111 380 1148 διαπορθμεύειν,
407 1110 534 1145 ὑπεράνω
559 1109 667 1135 πάντων
692 1107 745 1134 τῶν
761 1105 865 1141 ὁρωμέ-

77 1166 132 1184 νων
147 1157 300 1192 γινόμενον,
315 1152 360 1182 οἷα
373 1156 422 1189 τῆς
437 1155 524 1189 ἄκρας
539 1152 673 1179 ἐπιϐάντα
697 1151 866 1187 μακαριότη-

76 1211 135 1235 τος.

113 1299 170 1333 ιιξν.
187 1298 244 1328 Πᾶς
270 1296 332 1327 νοῦς
347 1296 432 1330 ἁρετῇ
450 1294 495 1320 καὶ
519 1292 619 1327 γνώσει
635 1291 866 1328 κατεστεμμένος,

76 1342 123 1371 οἷα
141 1344 175 1378 δὴ
191 1343 261 1369 κατὰ
284 1341 330 1368 τὸν
356 1342 441 1376 μέγαν
455 1340 580 1372 Ἑζεκίαν
600 1338 752 1374 βασιλεύειν
778 1337 868 1373 λαχὼν

75 1391 130 1426 τῆς
150 1388 345 1424 Ἰερουσαλήμ’
365 1387 497 1428 τουτέστι,
511 1386 561 1421 τῆς
575 1385 687 1420 εἰρήνην
706 1385 789 1420 μόνην
803 1383 869 1419 ὁρώ-

78 1446 131 1472 σης
147 1436 241 1469 ἕξεως,
261 1435 345 1469 ἤγουν
359 1435 408 1469 τῆς
429 1432 563 1459 παντοίων
575 1432 668 1458 παθῶν
685 1431 869 1466 ἐστερημένης

78 1478 293 1509 καταστάσεως·
313 1477 415 1511 ὅρασις
429 1478 483 1511 γὰρ
497 1476 618 1510 εἰρήνης
632 1475 808 1510 Ἰερουσαλὴμ
822 1475 869 1509 ἑρ-

907 233 1038 260 adversus
1059 234 1187 261 virtutem
1222 240 1254 260 ac
1281 232 1422 259 scientiam
1444 230 1569 262 conﬂato,
1584 239 1632 266 prr
1651 231 1692 258 in—

907 282 984 305 natas
1003 278 1100 305 animze
1113 278 1264 310 facultates,
1283 277 1353 304 hanc
1365 277 1478 303 fundere
1499 285 1529 303 ac
1550 273 1692 312 profligare

908 325 1029 351 molitur.
1045 323 1083 351 Ac
1095 324 1211 359 primum
1227 324 1336 358 quidem
1352 318 1526 357 cupiditatem
1548 324 1647 354 irritat,
1664 329 1694 350 ut

908 378 968 405 qure
983 370 1146 397 innaturalia
1161 373 1234 402 sunt,
1247 373 1366 404 appetat,
1378 373 1527 403 auctorque
1540 373 1592 399 est,
1607 373 1636 395 ut
1652 370 1695 395 his

909 423 969 450 quae
984 423 1064 442 sensti
1083 415 1282 450 percipiuntur,
1297 422 1340 447 ea,
1358 422 1417 449 quae
1432 415 1488 441 sola
1506 418 1597 441 mente
1613 414 1694 441 intel-

909 462 1040 496 liguntur.
1056 461 1217 497 postliabeat
1232 470 1238 487 :
1253 461 1320 487 iram
1334 468 1398 487 vero
1411 461 1525 495 impellit
1539 468 1570 488 ac
1581 461 1693 492 excitat,

910 510 940 532 ut
954 506 1013 540 ejus
1024 505 1099 536 boni,
1111 505 1183 539 quod
1199 512 1280 532 sensu
1300 505 1460 540 percipitur,
1474 513 1565 537 causa,
1580 513 1611 532 ac
1622 505 1694 540 quod

910 551 1045 585 Cupiditas
1067 550 1181 585 delegit,
1203 558 1321 585 pugnam
1340 550 1471 583 instruat;
1490 551 1623 578 rationem
1645 558 1693 585 po-

910 601 1012 623 stremo
1037 595 1125 627 docet,
1150 600 1179 622 ut
1197 596 1366 631 voluptatum
1389 603 1498 623 sensum
1522 594 1696 624 aﬂicicntium

912 641 1007 668 modos
1021 641 1186 668 adinvcniat.

947 697 990 724 96.
1007 697 1123 724 Summa:
1136 697 1265 725 bonitatis
1276 697 1418 731 proprium
1433 702 1485 730 est,
1498 702 1527 724 ut
1542 706 1595 725 non
1610 699 1698 726 solum

912 741 1019 768 divinas
1044 745 1072 768 et
1094 741 1270 776 incorporeas
1295 741 1494 768 iutellcctilium
1518 742 1699 773 substantias,

913 794 1018 814 arcana:
1032 787 1185 821 divinumque
1200 787 1348 822 majestatis
1369 787 1514 814 simulacra
1536 788 1698 819 constituat;

913 840 974 866 qua:
994 831 1123 858 videlicet
1145 835 1246 862 totam,
1265 835 1371 865 quanta
1388 831 1564 864 conceditur.
1588 840 1638 866 pro
1658 834 1701 860 sui

914 878 1030 910 ratione,
1046 877 1119 904 omni
1142 877 1273 911 majorem
1295 877 1416 912 cogitatu
1439 877 1570 905 inaccessi
1594 879 1702 906 decoris

913 923 1028 950 formam
1054 922 1342 957 pulchritudinemque
1368 923 1517 956 recipiant;
1544 924 1591 950 sed
1619 925 1701 951 etiam

915 969 967 1000 his,
981 975 1041 1003 qum
1064 968 1090 994 in
1113 975 1221 995 sensum
1239 967 1350 998 cadunt,
1367 967 1500 1002 longeque
1517 968 1551 995 ab
1570 969 1624 996 illis
1640 970 1702 997 sub—

915 1013 1023 1040 stautiis
1040 1020 1101 1047 quae
1115 1016 1204 1039 mente
1223 1011 1423 1047 intelliguntur,
1439 1013 1580 1046 deﬁciunt,
1597 1016 1702 1049 magni-

916 1059 1031 1087 ficentia).
1053 1067 1108 1086 sum
1129 1063 1251 1086 extrema
1269 1058 1392 1093 qtmdam
1415 1059 1492 1093 quasi
1515 1060 1628 1095 vestigia
1651 1061 1703 1087 mi-

917 1110 1004 1138 sceat;
1029 1113 1090 1140 qua:
1115 1104 1169 1131 illis
1192 1104 1324 1131 nitentem
1346 1104 1536 1140 invectamque
1557 1105 1703 1134 humanam

917 1155 1047 1182 mentem,
1063 1154 1138 1177 rccta
1160 1149 1193 1176 ad
1210 1149 1295 1176 Deum
1318 1149 1441 1184 trajicere
1464 1150 1582 1181 valeant,
1599 1153 1704 1178 cunctis

918 1195 1040 1233 rebusin
1054 1198 1193 1230 aspectum
1207 1194 1370 1222 cadentibus
1385 1195 1552 1229 superiorem
1568 1195 1704 1228 effectam.

919 1247 948 1270 ut
962 1250 1022 1278 qua:
1033 1248 1188 1276 supremam
1201 1240 1358 1269 beatitatem
1372 1240 1549 1267 inseenderit.

954 1298 998 1325 97.
1016 1297 1145 1332 Quisquis
1160 1297 1278 1329 animus,
1300 1297 1401 1323 virtute
1413 1304 1444 1324 ac
1464 1297 1577 1325 scientia
1592 1305 1704 1326 corona-

920 1347 975 1375 tus,
994 1343 1071 1370 velut
1084 1349 1198 1377 magnus
1220 1341 1360 1374 Ezechias,
1379 1347 1408 1369 ut
1425 1341 1575 1370 Jerusalem
1591 1344 1706 1378 imperio

920 1392 996 1423 regat
1019 1392 1116 1416 nactus
1131 1391 1172 1415 est
1191 1387 1325 1422 (habitum
1344 1387 1449 1415 scilicet
1469 1387 1553 1415 solam
1568 1388 1706 1416 videntem

920 1441 1015 1469 pacem
1039 1442 1046 1460 :
1068 1438 1169 1461 statum
1191 1432 1321 1460 nimirum
1345 1433 1434 1459 onmis
1451 1433 1558 1468 generis
1578 1434 1653 1461 vitiis
1675 1443 1706 1462 ac

921 1479 1173 1514 perturbationibus
1189 1482 1346 1510 carentem;
1360 1479 1511 1506 Jerusalem
1528 1480 1602 1507 enim
1617 1481 1706 1507 nomi-

79 1525 237 1560 μηνεύεται
249 1533 255 1539 ·
276 1525 366 1550 πᾶσαν
386 1523 442 1558 ἔχει
457 1522 505 1558 τὴν
523 1522 612 1548 κτίσιν
629 1521 800 1556 ὑποχείριον·
824 1520 864 1546 διὰ

922 1525 963 1552 nis
977 1525 1117 1552 notatione
1130 1525 1201 1559 pacis
1215 1524 1278 1551 visio
1290 1525 1354 1558 est),
1371 1528 1524 1552 creaturam
1535 1533 1643 1553 omnem
1655 1525 1706 1553 sibi

76 1572 137 1598 τῶν
157 1570 242 1607 αὐτὴν
268 1569 500 1605 συμπληρούντων
524 1568 612 1600 εἰδῶν,
631 1567 670 1603 τῷ
688 1568 737 1603 μὲν
756 1567 814 1602 Θεῷ
835 1567 869 1593 δι’

77 1617 169 1644 αὐτοῦ
186 1617 248 1647 τοὺς
262 1617 289 1642 ἐν
304 1616 373 1650 αὐτῆ
387 1615 588 1649 πνευματικοὺς
599 1613 649 1648 τῆς
659 1612 786 1648 γνώσεως
804 1612 870 1639 καθ-

78 1664 158 1698 άπερ
176 1662 250 1697 δῶρα
274 1661 513 1696 προσκομίζουσαν
537 1660 649 1694 λόγους·
674 1659 749 1694 αὑτῷ
765 1658 793 1685 δὲ
807 1658 871 1684 καο-

78 1710 160 1744 άπερ
186 1709 300 1742 δόματα,
325 1707 388 1737 τοὺς
418 1706 619 1741 ὲνυπάρχοντας
643 1705 710 1739 αὐτῇ
740 1703 810 1730 κατὰ
825 1703 872 1739 τέρν

77 1753 203 1790 φυσικὴν
220 1753 301 1787 νόμον
319 1753 387 1787 πρὸς
417 1751 518 1787 ἀρετὴν
546 1750 662 1786 τρόπους
688 1749 870 1784 παρέχουσαν,

77 1802 130 1826 καὶ
147 1799 195 1825 διὰ
207 1798 260 1824 τῶν
278 1797 440 1832 ἀμ’ροτέρων
458 1795 644 1830 δεξιουμένην,
671 1794 716 1820 τὸν
735 1793 795 1820 κατ’
820 1794 872 1827 ἀμ-

78 1845 194 1879 φότερα
210 1843 361 1878 κρατίστως
383 1842 536 1875 εὐδοκιμεῖν
547 1839 712 1874 δυνάμενον·
744 1839 817 1872 λέγω
833 1838 872 1867 δὲ,

75 1892 128 1917 τὸν
146 1889 222 1917 κατὰ
234 1889 311 1922 λόγον
336 1888 382 1914 καὶ
399 1887 466 1922 βίον,
483 1886 526 1912 διὰ
552 1885 677 1920 πράξεώς
696 1893 725 1911 τε
744 1883 792 1910 καὶ
806 1883 873 1909 Θεω-

77 1937 147 1972 pia;
163 1933 340 1960 τελειωθέντα
356 1931 498 1968 φιλόσοφον
515 1931 586 1957 νοῦν.

116 1995 180 2026 ιιην.
202 1991 230 2017 '0
242 1989 286 2016 διὰ
299 1989 424 2025 πράξεως
441 1987 487 2014 καὶ
501 1987 618 2022 Θεωρίας
633 1983 811 2020 κατορθώσας
833 1983 874 2014 εἰς

74 2039 175 2072 ἄκρον
190 2035 239 2071 τὴν
253 2035 353 2070 ἀρετὴν
367 2035 415 2061 καὶ
436 2034 486 2068 τὴν
507 2032 618 2066 γνῶσιν,
634 2031 746 2061 εἰκότως
761 2028 875 2064 exspat-

74 2092 169 2120 ρεται
195 2082 313 2112 πάντων,
337 2079 392 2106 τῶν
417 2078 556 2114 σαρκικῶν
579 2077 626 2103 καὶ
653 2073 875 2109 διαϐεϐλημένων

75 2119 188 2157 παθῶν
202 2126 329 2162 ὑπεράνω
344 2125 414 2152 κατὰ
424 2125 472 2159 τὴν
484 2123 583 2158 πρᾶξιν
594 2122 746 2157 γινόμενος.
762 2120 809 2146 καὶ
823 2119 876 2146 τῶν

921 1570 1066 1598 obnoxiam
1082 1570 1180 1603 habet;
1196 1578 1256 1605 qua!
1270 1577 1318 1604 per
1329 1569 1430 1597 formas
1444 1570 1517 1598 illam
1529 1571 1706 1606 complentes,

921 1616 995 1644 illius
1013 1625 1106 1652 opera,
1122 1617 1260 1651 spiritales
1282 1616 1310 1643 in
1325 1623 1356 1643 ea
1380 1617 1501 1644 scientim
1516 1619 1636 1646 rationes
1650 1623 1708 1646 tan-

921 1669 1002 1697 quam
1017 1663 1099 1693 dona,
1121 1662 1177 1689 Deo
1193 1662 1292 1689 offerat
1306 1662 1345 1694 ⁷⁸;
1360 1662 1398 1689 illi
1417 1670 1479 1690 vero
1497 1667 1623 1698 tanquam
1646 1673 1708 1692 mu-

921 1715 999 1738 nera,
1009 1707 1172 1734 exsistentes
1183 1706 1264 1741 557
1276 1706 1304 1733 in
1316 1714 1348 1734 ea
1363 1707 1456 1734 virtuti
1467 1713 1646 1743 comparatos,
1658 1717 1708 1745 pro

922 1753 1055 1780 naturalis
1076 1753 1143 1787 legis
1159 1753 1275 1784 ratione,
1290 1751 1386 1779 modos
1408 1753 1519 1787 pendat,
1540 1757 1569 1780 et
1585 1755 1708 1790 utrisque

923 1804 986 1824 eum
1014 1795 1155 1831 magnifice
1179 1795 1278 1823 habeat
1302 1803 1334 1823 ac
1359 1796 1485 1830 accipiat,
1511 1797 1558 1832 qui
1581 1799 1709 1834 utrinque

924 1846 1034 1870 strenue
1050 1841 1204 1876 eximieque
1221 1841 1326 1868 clarere
1339 1842 1438 1874 valeat,
1453 1842 1588 1877 ejusmodi
1605 1845 1708 1872 scilicet

924 1888 1062 1919 animum,
1080 1887 1126 1922 qui
1149 1887 1255 1914 ratione
1273 1891 1300 1914 et
1318 1887 1372 1914 vita
1383 1907 1390 1919 ,
1415 1888 1578 1923 actioneque
1594 1896 1625 1916 ac
1642 1897 1709 1917 con-

925 1933 1102 1967 templatione
1114 1932 1234 1966 perfecte
1248 1932 1420 1967 philosophia
1432 1933 1540 1968 polleat.

961 1989 1004 2016 98.
1022 1988 1073 2021 Qui
1094 1995 1227 2016 summam
1244 1987 1353 2016 virtutis
1367 1995 1399 2015 ac
1414 1988 1536 2016 scientia:
1556 1989 1610 2016 vim
1625 1991 1710 2018 actio-

925 2034 968 2061 nis
984 2034 1059 2061 cultu
1078 2033 1246 2068 adimplevit,
1260 2034 1360 2061 merito
1371 2034 1522 2068 exaltatur;
1538 2043 1636 2070 nempe
1648 2044 1709 2064 ear—

926 2079 1034 2107 nalibtts
1048 2087 1079 2106 ac
1096 2080 1143 2114 qui
1158 2079 1225 2107 vitio
1244 2079 1358 2112 haerent,
1382 2079 1535 2112 aﬁ'ectibus,
1555 2088 1604 2115 per
1625 2081 1711 2108 actio-

927 2133 990 2152 nem
1011 2125 1136 2160 superior
1156 2124 1280 2157 eli‘ectus,
1299 2124 1525 2160 naturalibusque
1545 2126 1587 2161 (ut
1602 2128 1711 2161 vocant)

74 2173 219 2211 φυσικῶν
233 2172 386 2206 λεγομένων
397 2171 540 2205 σωμάτων,
554 2168 626 2202 λέγω
639 2168 681 2203 δὴ,
699 2166 753 2193 τῶν
766 2165 864 2214 ὑπὸ-γέ

928 2169 1098 2204 corporibus,
1111 2177 1172 2204 quae
1186 2169 1291 2196 scilicet
1302 2169 1425 2196 oriantur
1439 2176 1471 2196 ac
1484 2169 1637 2203 intereant;
1652 2178 1712 2197 om-

74 2209 163 2248 νεσιν
190 2217 275 2243 ὅντων
301 2215 346 2242 καὶ
360 2215 476 2250 φθοράν·
506 2215 554 2241 καὶ
579 2213 683 2244 ἁπλῶς,
699 2212 743 2239 ἵνα
758 2209 877 2238 συνελὼν

73 2265 171 2294 εἴπω,
207 2262 315 2288 πάντων
339 2261 393 2287 τῶν
410 2261 461 2286 ὑπὸ
486 2260 611 2295 αἴσθησιν
628 2258 716 2290 εἱδῶν,
741 2258 812 2286 κατὰ
829 2258 879 2293 τὴν

75 2309 224 2344 Θεωρίαν,
238 2307 301 2338 τοὺς
319 2308 348 2332 ὲν
373 2307 465 2337 αὐτοῖς
489 2305 593 2336 πάντας
609 2303 768 2339 γνωστικῶς
783 2304 878 2330 διαπε-

74 2356 181 2392 ράσας
198 2352 303 2386 λόγους,
320 2351 366 2377 τὸν
381 2351 442 2378 νοῦν
457 2351 470 2377 ὁ
485 2349 606 2381 τοιοῦτος
628 2349 696 2385 πρὸς
710 2353 744 2375 τὰ.
761 2349 879 2384 συγγενῆ

73 2402 129 2430 καὶ
147 2400 217 2427 θεῖα
230 2398 293 2432 ἀνήγ
301 2405 376 2430 αγεν.

115 2455 182 2490 ιιθκ
207 2455 236 2480 Ὀ
253 2453 301 2488 τὴν
313 2452 446 2479 ἀπάθειαν
460 2452 586 2488 καθάπερ
607 2451 783 2487 Ἰερουσαλὴμ
797 2451 880 2479 οικετν

70 2501 125 2529 διὰ
145 2499 212 2526 τῶν
225 2497 297 2524 κατὰ
309 2497 357 2532 τὴν
381 2496 479 2531 πρᾶξιν
496 2497 584 2523 πόνων
604 2495 704 2531 λαχὼν,
726 2496 773 2522 καὶ
790 2496 881 2531 πάσης

69 2548 133 2581 τῆς
170 2542 236 2570 καθ’
252 2540 400 2576 ’ἁμαρτίαν
424 2540 632 2575 ἀπηλλαγμένος
657 2540 804 2575 ὀχλήσεως,
834 2541 881 2567 καὶ

73 2592 180 2628 μόνην
196 2587 308 2622 εἰρήνην
327 2586 375 2613 καὶ
391 2586 518 2620 πράττων
533 2586 579 2612 καὶ
595 2586 693 2616 λαλῶν.
708 2587 755 2612 καὶ
773 2586 881 2613 ἀκούων

70 2638 130 2667 καὶ
145 2633 332 2667 λογιζόμενος
343 2639 349 2646 ·
371 2632 440 2666 μετὰ
455 2632 484 2658 τὸ
499 2631 625 2663 δέξασθαι
642 2631 687 2657 διὰ
700 2631 749 2666 τῆς
764 2632 882 2667 φυσικῆς

71 2681 216 2717 θεωρίας
232 2678 282 2713 τὴν
304 2677 384 2712 φύσιν
399 2677 452 2703 τῶν
468 2677 582 2712 ὁρατῶν,
606 2678 668 2708 τοὺς
682 2678 710 2704 ὲν
727 2678 795 2712 αὐτῇ
810 2677 882 2704 θειο-

70 2728 192 2765 τέρους
209 2722 334 2757 καθάπερ
348 2722 422 2758 δῶρα
441 2721 479 2757 τῷ
504 2723 597 2758 Κυρίῳ
610 2723 644 2749 δι’
660 2722 742 2749 αὑτοῦ
763 2731 881 2757 προσκο-

115 2817 147 2834 ’θ
163 2813 194 2842 ΙΙ
215 2806 303 2840 Paral.
318 2819 401 2843 nm,
416 2810 461 2838 25.

262 2858 396 2888 ΡΑτιιοι..
413 2857 471 2885 (in.
495 2856 551 2886 XC.

929 2215 1049 2250 uinoque
1061 2235 1068 2247 ,
1085 2220 1115 2242 ut
1139 2215 1223 2243 semel
1240 2214 1342 2246 dicam.
1369 2214 1464 2242 formis
1481 2216 1609 2243 omnibus
1632 2221 1713 2252 atque

929 2260 1036 2288 naturis
1055 2260 1081 2287 in
1102 2267 1212 2287 sensum
1236 2259 1412 2291 cadentibus,
1438 2268 1487 2294 per
1505 2261 1713 2296 contemplatio-

930 2313 1007 2338 nem;
1026 2305 1153 2332 omnibus
1175 2304 1201 2331 in
1222 2304 1264 2331 eis
1287 2304 1438 2331 rationibus
1452 2305 1573 2332 scientia:
1588 2307 1713 2333 eminen-

931 2351 966 2378 tia
984 2350 1133 2385 superatis;
1151 2350 1173 2378 is
1192 2350 1254 2377 talis
1275 2350 1394 2376 animum
1412 2349 1444 2376 ad
1466 2357 1497 2377 ea
1521 2358 1580 2384 quae
1601 2355 1712 2386 cognata

931 2405 962 2424 ac
976 2397 1067 2423 divina
1082 2400 1156 2428 sunt,
1175 2395 1294 2422 sustulit.

966 2454 1009 2481 99.
1027 2453 1079 2486 Qui
1094 2452 1210 2479 actionis
1219 2452 1372 2483 laboribus,
1389 2460 1421 2479 ac
1434 2451 1535 2487 quibus
1548 2452 1636 2479 virtus
1648 2461 1713 2488 prac-

931 2503 1029 2531 statur,
1050 2502 1146 2525 nactus
1171 2501 1222 2530 est,
1246 2501 1276 2524 ut
1303 2502 1430 2532 tanquam
1456 2498 1616 2530 Jerusalem,
1641 2502 1715 2526 tran-

931 2543 1009 2578 quilli
1021 2543 1104 2570 animi
1120 2551 1151 2570 ac
1162 2543 1351 2578 imperturbati
1368 2543 1491 2570 habitum
1506 2543 1577 2570 colat
1588 2552 1595 2576 ;
1608 2543 1642 2570 ab
1656 2552 1715 2571 um-

934 2589 1018 2624 nique
1047 2588 1116 2615 liber
1142 2588 1245 2623 peccati
1274 2588 1412 2619 molestia,
1436 2596 1517 2615 unam
1544 2589 1715 2617 solummodo

935 2641 1028 2669 pacem
1046 2638 1073 2661 et
1085 2634 1140 2669 agit
1155 2638 1183 2661 et
1198 2633 1328 2668 loquitur,
1347 2633 1476 2668 auditque
1487 2639 1514 2661 et
1525 2634 1638 2669 cogitat;
1656 2639 1717 2670 post

936 2683 1074 2714 acceptam
1090 2679 1207 2706 naturali
1221 2679 1416 2713 speculatione,
1438 2687 1528 2706 rerum
1545 2680 1633 2707 oculis
1653 2680 1717 2707 sub.

933 2725 1067 2760 jectarum
1090 2729 1226 2756 naturam,
1247 2724 1396 2752 diviniores
1418 2725 1445 2751 in
1469 2731 1500 2751 ea
1523 2725 1642 2753 rationes
1657 2729 1717 2752 tan-

1514 2857 1552 2886 ⁷ιο
