1920 3076
96 129 157 163 1261

427 130 593 161 CAPITUM
612 127 823 165 QUINQUIES
841 127 1101 160 CENTENORUM
1121 128 1314 160 CENTURIA
1333 130 1390 162 III.

1638 133 1707 165 1282

94 185 242 223 βρωμάτων
257 187 307 213 οὒκ
321 187 414 218 ὄντων,
429 188 479 214 οὐκ
494 187 569 214 ἔσται
586 186 791 222 γαστριμαργία
801 194 807 201 ·
825 186 872 213 καὶ

932 186 1000 214 modi
1023 186 1118 219 fuerit,
1134 195 1195 222 quae
1210 187 1237 214 in
1253 195 1364 215 sensum
1380 188 1469 221 cadat,
1487 196 1621 225 nusquam
1644 198 1708 226 pas-

93 232 190 269 χρυσοῦ
210 232 247 267 μὴ
273 233 360 265 ὄντος,
387 233 437 259 οὐκ
462 233 538 260 ἔσται
562 233 738 268 φιλαργυρία.
765 231 869 258 Οὐκοῦν

93 281 179 314 πάσης
193 278 332 312 ἑμπαῦοὖς
349 280 480 314 κινήσεως
500 279 553 305 τῶν
567 280 596 305 ὲν
612 279 676 313 ἡμῖν
693 277 813 312 φυσικῶν
826 277 871 303 δυ-

92 324 196 358 νάμεων
214 324 297 358 ’ἄρχει
320 324 349 350 τὸ
376 324 513 359 αἰσθητὸν,
529 325 622 359 ἤγουν,
650 324 683 349 δι’
709 321 792 349 αὐτοῦ
823 321 870 356 τὴν

91 368 178 404 ψυχὴν
189 369 345 404 διερεθίζων
361 369 428 405 πρὸς
447 369 583 405 ἁμαρτίαν
595 369 710 404 δαίμων.

91 414 187 441 ralium
218 414 245 441 in
272 414 353 442 nobis
387 414 504 447 virium,
538 422 596 442 rem
626 414 719 442 sensui
756 412 906 447 subjectam

91 459 208 486 animum
224 459 386 495 pronitatem
403 460 436 487 ad
453 464 606 495 peccatum.

122 507 155 534 δ’.
180 507 211 533 Ἡ
228 506 329 542 τρίψις,
343 506 391 542 τὴν
407 507 548 542 ἐνέργειαν
562 515 568 522 ·
596 508 612 542 ἡ
628 506 751 542 ἕκτριψις
770 505 808 537 δὲ,
824 503 870 531 καὶ

89 552 171 588 αὐτὴν
185 551 310 587 ἀφανίζει
326 553 376 587 τῆς
401 553 500 584 κακίας
514 552 563 588 τὴν
585 552 744 587 ἐνθύμησιν.
761 551 795 577 Ἥ
823 550 871 585 μὲν

88 598 143 634 γὰρ
171 597 272 633 τρῖψις,
298 597 346 632 τῆς
375 597 517 632 ὲμπαθοῦς
546 597 605 624 κατ’
624 597 767 632 ἐνέργειαν
788 595 871 630 μόνης

88 643 205 679 ὑπάρχει
235 642 360 678 πράξεως
377 643 564 678 κατάργησις·
591 644 607 678 ή
624 643 652 669 δὲ
669 642 805 677 ἔκτριψις,
824 641 872 667 καὶ

88 689 141 715 τῶν
157 689 228 716 κατὰ
257 689 378 716 διάνοιαν
407 689 533 725 πονηρῶν
564 689 724 724 κινημάτων
738 687 872 722 παντελής

88 737 133 763 ὲστ
139 745 162 762 ιν
177 736 341 770 ἀφανισμός.

121 785 154 809 ε’.
175 782 253 809 Μέσα
268 782 321 808 εἰσὶ
333 781 400 808 Θεοῦ
416 781 463 809 καὶ
482 781 633 816 ἀνθρώπων
646 781 680 807 τὰ
694 779 812 814 αἰσθητὰ
827 778 867 806 κα¹

86 827 122 854 τὰ
134 828 226 863 γνοητά
239 836 245 843 ·
263 825 299 855 ἄν
313 828 442 863 ὑπεράνω
466 815 571 862 γίνεται
588 826 682 862 χωρῶν
698 826 766 861 πρὸς
779 825 845 851 Θεὸν
859 825 872 850 ὁ
889 815 907 842 Β

87 873 257 908 ἀνθρώπινος
272 872 347 904 νοῦς·
362 874 419 904 τοῖς
434 873 482 907 μὲν
499 872 637 907 αἰσθητοῖς
652 872 724 898 κατὰ
737 871 787 906 τὴν
803 871 872 906 πρᾶ-

87 918 129 951 ξιν
153 919 189 954 μὴ
205 918 392 954 δουλούμενος,
411 920 469 950 τοῖς
483 919 512 945 δὲ
533 919 640 953 νοητοῖς
654 918 724 945 κατὰ
739 917 788 953 τὴν
803 916 871 944 θεω-

87 963 153 1000 ρίαν
167 964 289 998 μηδόλως
303 963 502 998 κρατούμενος.

123 1013 164 1042 ς’.
181 1010 342 1044 Κατήγορος
369 1010 385 1045 ἠ
408 1009 496 1040 κτίσις
510 1009 613 1043 γίνεται
627 1008 680 1035 τῶν
702 1007 808 1034 ἀσεϐῶν
824 1008 873 1034 ἀν-

86 1053 207 1091 θρώπων
219 1063 226 1070 ·
254 1054 299 1081 διὰ
316 1054 366 1088 μὲν
379 1054 433 1081 τῶν
451 1055 480 1081 ὲν
494 1053 562 1088 αὐτῇ
579 1053 677 1087 λόγων,
705 1052 750 1079 τὸν
774 1052 873 1087 ἑαυτῆς

86 1100 262 1136 κηρύττουσα
277 1100 391 1134 ποιητήν
401 1108 408 1115 ·
426 1099 469 1126 διὰ
483 1099 511 1126 δὲ
529 1099 583 1126 τῶν
598 1099 626 1126 ὲν
643 1099 711 1135 αὐτῇ
729 1099 789 1126 κατ’
804 1095 874 1130 εἶδος

85 1147 205 1174 ἕκαστον
219 1146 341 1181 φυσικῶν
353 1146 452 1181 νόμων,
469 1146 535 1182 πρὸς
549 1145 649 1181 ἀρετὴν
665 1144 874 1179 παιδαγωγοῦσα

85 1192 134 1218 τὸν
156 1191 312 1226 ἄνθρωπον.
336 1192 367 1217 Οἱ
386 1192 436 1226 μὲν
449 1189 496 1217 οὖν
511 1191 596 1224 λόγοι,
613 1191 642 1216 ὲν
659 1191 691 1226 τῇ
711 1191 809 1224 συνοχῇ
826 1189 875 1224 τῆς

86 1235 135 1263 τοῦ
152 1235 212 1262 καθ’
223 1236 337 1262 ἕκαστον
351 1236 436 1266 εἴδους
444 1235 623 1270 γνωρίζονται
638 1234 818 1270 μονιμότητος
831 1233 874 1268 (1)*

85 1282 112 1308 ol
130 1281 161 1307 δὲ
174 1282 263 1316 νόμοι,
277 1282 306 1308 ὲν
319 1282 350 1317 τῇ
366 1281 511 1314 ταυτότητι
529 1280 670 1315 φαίνονται
686 1280 735 1314 τῆς
749 1279 796 1306 τοῦ
814 1279 874 1306 καθ’

85 1325 207 1352 ’ἑκαστον
226 1325 311 1356 εἴδους
325 1325 443 1359 φυσικῆς
468 1325 622 1361 ἐνεργείας·
651 1322 691 1356 οἷς
707 1324 744 1360 μὴ
763 1324 877 1351 ἐπιϐάλ-

86 1370 183 1403 λοντες
196 1371 266 1397 κατὰ
282 1370 330 1406 τὴν
345 1371 373 1397 ὲν
383 1371 451 1405 ἡμῖν
464 1370 560 1406 νοερὰν
575 1370 698 1405 δύναμιν,
714 1369 763 1404 τήν
777 1378 807 1396 τε
821 1368 877 1395 τῶν

84 1416 176 1442 ὄντων
189 1416 361 1451 ὴγνοήσαμεν
376 1415 476 1449 αἰτίαν,
492 1415 539 1442 καὶ
550 1415 618 1442 πᾶσι
632 1416 688 1447 τοῖς
706 1414 783 1450 παρὰ
797 1413 876 1448 φύσιν

88 1461 320 1496 προστετήκαμεν
333 1460 442 1487 πάθεσι.

392 1483 600 1542 gemmam
614 1505 679 1542 παρ’
695 1507 711 1542 ἡ
715 1505 773 1541 μῶν
797 1506 811 1532 ὁ
835 1502 878 1531 1'5-
891 1483 911 1511 Ο

85 1559 138 1586 γος
156 1550 352 1584 διακελεύεται,
371 1551 415 1578 ἵνα
433 1552 597 1587 παραστήσῃ
611 1553 641 1578 τὸ
657 1552 707 1587 τῆς
721 1551 796 1583 θείας
809 1552 876 1586 ἀγα-

84 1597 205 1633 θότητος
228 1597 352 1633 ἄπειρον,
373 1598 410 1629 ὡς
427 1597 511 1632 μηδὲν
526 1597 790 1634 προεισενεγκούσης
804 1597 879 1632 δέχε-

86 1643 155 1671 σθαι
170 1644 235 1678 παρ’
250 1643 330 1679 ἡμῶν
344 1643 382 1675 ὡς
396 1643 471 1679 δῶρα
488 1638 532 1670 τᾶι
545 1644 661 1678 δόματα,
686 1644 717 1671 τὸ
739 1645 792 1671 πᾶν
812 1645 878 1680 ἡμῖν

84 1688 274 1724 λογιζομένης
287 1689 336 1724 τῆς
352 1689 493 1724 εἰσφορᾶς,
513 1690 614 1725 πολλὴν
629 1690 677 1717 καὶ
691 1690 794 1724 ἄφατον
809 1689 878 1716 εἶναι

85 1734 158 1768 περὶ
175 1734 248 1768 ἡμᾶς
263 1734 392 1762 δεικνύων
420 1734 467 1760 τοῦ
490 1735 559 1761 Θεοῦ
577 1735 627 1770 τὴν
643 1736 813 1771 ἀγαθότητα,
835 1736 878 1761 ὗε-

84 1779 210 1815 χομένου
234 1780 270 1811 ὡς
289 1780 367 1814 ἡμῶν
388 1779 422 1806 τὰ
438 1781 546 1812 ἑαυτοῦ,
563 1781 592 1814 ἐξ
609 1781 688 1817 ἡμῶν
702 1781 778 1816 αὐτῴ
793 1789 879 1816 προσ-

85 1825 244 1860 φερόμενα,
262 1826 309 1852 καί
322 1825 372 1861 τὴν
386 1826 456 1861 ὑπὲρ
473 1826 563 1853 αὐτῶν
583 1826 620 1858 ὡς
635 1826 786 1862 ἀλλοτρίων
801 1826 879 1860 ὀφει-

83 1870 139 1906 λὴν
151 1870 356 1906 ὁμολογοῦντος.

124 1959 165 1996 η’.
187 1960 214 1986 '0
230 1960 383 1996 ἅνθρωπος,
399 1962 462 1992 τοὺς
487 1962 690 1996 πνευματικοὺς
702 1961 756 1988 τῶν
773 1962 880 1997 ὁρωμέ-

84 2015 145 2034 νων
165 2006 264 2039 λόγους
289 2007 437 2040 κατανοῶν,
463 2007 627 2040 διδάσκεται,
646 2007 684 2039 ὡς
698 2007 755 2034 ἐστι
769 2016 811 2040 τις
828 2008 881 2035 τῶν

82 2052 268 2088 φαινομένων
284 2053 399 2087 ποιητής
412 2061 420 2069 ·
436 2053 485 2088 τὴν
500 2053 546 2079 τοῦ
567 2053 657 2084 ὁποῖός
674 2053 748 2079 ἐστιν
764 2053 879 2086 ἔννοιαν,

81 2099 126 2130 ὡς
146 2099 295 2132 ἀνέφικτον
311 2098 389 2132 ἀφεὶς
403 2099 591 2131 ἀνεξέταστον.
604 2100 660 2135 Τὴν
675 2099 730 2136 γὰρ
745 2100 785 2126 ὅτι
799 2101 882 2136 Ποιη-

922 231 964 258 sio
980 239 1012 258 ac
1025 232 1138 260 aﬂ'ectus
1152 238 1203 259 est.
1220 233 1276 260 Nisi
1290 233 1362 260 enim
1383 234 1419 261 sit
1435 234 1543 268 mulier,
1558 244 1647 270 neque
1668 241 1710 264 est

922 276 1068 304 fornicatio
1083 286 1088 304 :
1105 285 1137 304 ac
1151 279 1202 305 nisi
1219 279 1273 305 cibi
1293 279 1358 311 sint,
1374 287 1429 306 non
1444 281 1496 307 erit
1509 281 1571 315 gula
1590 283 1709 309 ventris-

923 331 977 357 que
993 323 1145 358 ingluvies:
1161 324 1212 352 nisi
1236 333 1333 352 aurum
1356 325 1406 358 sit,
1431 334 1484 352 non
1507 327 1560 353 erit
1584 328 1707 355 avaritia.

924 367 1020 396 Omnis
1037 369 1119 404 igitur
1135 370 1251 398 vitiosus
1267 375 1357 399 motus
1374 379 1407 399 ac
1420 372 1584 400 libidinosus
1597 379 1710 400 natura-

936 416 1076 441 auctorem
1111 414 1210 447 habet,
1246 415 1304 442 sive
1337 416 1504 449 dzemonem,
1539 425 1589 452 per
1623 418 1709 452 ipsam

958 505 985 530 4.
1010 504 1097 532 Tritio
1121 506 1162 540 (ut
1185 506 1226 533 sic
1247 506 1347 543 dicam)
1371 508 1576 542 operationem;
1600 510 1709 538 extritio

924 553 1026 583 autem,
1044 551 1131 585 ipsam
1147 557 1255 587 quoque
1267 553 1327 580 vitii
1341 553 1415 581 delet
1425 554 1628 590 cogitationem.
1643 556 1709 584 Nam

923 595 1000 622 tritio
1014 596 1135 631 quidem,
1152 597 1238 624 solius
1255 598 1361 625 vitiosa
1377 606 1409 625 ac
1423 599 1577 628 libidinosae.
1597 601 1624 627 in
1645 605 1707 629 actu

924 642 1090 677 operationis
1105 642 1255 670 destructio
1273 648 1331 676 est;
1347 645 1456 672 extritio
1470 651 1545 678 vero,
1559 646 1618 681 ipsa
1637 655 1705 682 quo-

924 693 978 720 que
1001 694 1147 720 pravorum
1172 687 1254 714 animi
1281 693 1404 716 motuum
1428 690 1506 724 plena
1530 691 1707 727 absolutaque

924 732 1081 760 cxstinctio.

960 776 987 803 5.
1004 777 1090 804 Media
1113 781 1176 805 sunt
1192 778 1278 806 Deum
1296 780 1367 807 inter
1381 783 1409 807 et
1425 781 1550 808 homines
1572 782 1712 810 sensibilia

923 829 956 848 ac
977 821 1178 858 intelligibilia;
1201 825 1305 860 quibus
1329 833 1407 853 mens
1430 827 1548 854 humana
1569 827 1603 854 ad
1627 828 1713 855 Deum

923 867 1067 902 accedens,
1084 870 1209 904 superior
1223 871 1314 898 evadit
1331 880 1337 898 :
1353 872 1426 906 quod
1448 872 1552 899 scilicet
1573 873 1713 900 sensibili-

923 913 974 941 bus
992 922 1041 949 per
1056 915 1193 943 actionem
1217 924 1271 943 non
1289 917 1400 949 serviat,
1416 925 1468 945 nec
1491 918 1547 945 ullo
1566 919 1648 945 modo
1663 927 1714 953 per

924 961 1138 994 speculationem
1155 961 1374 997 intelligibilibus
1386 962 1511 990 devincta
1531 963 1642 991 hmrcat.

958 1006 984 1033 6.
1000 1006 1130 1034 Creatura
1146 1008 1299 1046 acCusatrix
1320 1012 1362 1035 est
1385 1008 1531 1043 impiorum
1555 1006 1712 1037 hominum;

924 1052 1024 1087 quibus
1048 1052 1183 1080 instructa
1208 1053 1361 1081 rationibus
1384 1057 1436 1086 est,
1462 1054 1609 1081 Auctorem
1633 1061 1714 1081 suum

924 1099 1091 1133 praedicans;
1114 1099 1341 1133 naturalibusque
1362 1099 1513 1126 secundum
1534 1099 1640 1134 species
1656 1099 1714 1126 sin-

924 1144 1002 1180 gulas
1013 1144 1081 1172 inca
1096 1144 1211 1180 legibus,
1227 1144 1366 1172 hominem
1382 1145 1415 1172 ad
1429 1144 1556 1172 virtutem
1573 1145 1714 1173 erudiens.

925 1189 1055 1217 [lationes
1073 1191 1182 1225 itaque,
1201 1191 1228 1218 in
1245 1198 1472 1225 quarumcunque
1497 1191 1651 1226 specierum
1674 1196 1715 1218 at-

925 1242 978 1269 que
989 1243 1118 1270 generum
1129 1236 1259 1264 continua
1271 1236 1351 1271 559
1360 1237 1533 1271 perennitate
1545 1241 1714 1264 noscuntur:

925 1280 1000 1315 leges
1017 1289 1090 1314 vero,
1114 1282 1141 1308 in
1164 1282 1261 1310 eadem
1276 1282 1378 1317 speciei
1397 1283 1530 1317 cujusque
1553 1289 1585 1309 ac
1607 1282 1717 1317 generis

926 1327 1044 1354 naturali
1065 1327 1224 1361 operatione
1247 1328 1407 1355 elucescunt
1422 1336 1429 1354 :
1442 1327 1542 1362 quibus
1558 1326 1715 1362 intelligen-

926 1371 969 1399 dis
982 1372 1094 1399 minime
1107 1372 1269 1400 adhibentes
1286 1373 1417 1405 animum,
1433 1380 1494 1400 cum
1505 1373 1651 1400 Auctorem
1674 1381 1717 1400 re-

927 1424 988 1443 rum
1006 1417 1191 1449 nescivimus,
1216 1420 1272 1444 tum
1300 1417 1501 1444 innaturalibus
1520 1417 1627 1444 cunctis
1641 1416 1717 1444 vitiis

927 1469 960 1489 ac
975 1462 1121 1490 aﬂectibus
1134 1462 1314 1490 intabuimus.

965 1507 990 1534 7.
1005 1507 1087 1537 lubet
1108 1507 1260 1542 Scriptura,
1281 1511 1312 1535 ut
1331 1507 1387 1535 Deo
1400 1507 1472 1534 dona
1487 1506 1646 1539 offeramus,
1661 1515 1717 1541 quo

925 1559 1027 1587 nempe
1043 1552 1178 1580 inﬁnitam
1197 1553 1296 1580 divina:
1317 1552 1449 1579 bonitatis
1463 1552 1659 1579 abundantiam
1674 1560 1718 1578 re-

928 1601 1088 1632 praesentet;
1103 1606 1172 1633 quae,
1191 1603 1318 1632 tanquam
1338 1598 1406 1625 nihil
1422 1598 1497 1632 prior
1508 1598 1567 1632 ipsa
1582 1598 1715 1628 intulerit,

928 1643 968 1670 sic
983 1651 997 1670 a
1014 1643 1094 1670 nobis
1110 1652 1224 1671 munera
1249 1644 1374 1678 accipiat,
1399 1648 1527 1678 tanquam
1547 1651 1612 1670 vere
1634 1643 1716 1674 dona,

929 1692 1070 1723 totumque
1088 1689 1160 1722 quod
1181 1689 1333 1720 inferimus,
1346 1693 1488 1722 acceptum
1503 1688 1584 1714 nobis
1600 1687 1716 1719 referat;

929 1734 1074 1769 plurimam
1089 1735 1195 1761 scilicet
1211 1742 1243 1761 ac
1257 1733 1423 1761 inetIabilem
1436 1741 1501 1768 erga
1513 1740 1563 1760 nos
1576 1733 1624 1759 Dei
1640 1732 1719 1759 beni-

929 1779 1060 1814 gnitatem
1077 1780 1241 1811 ostendens,
1268 1779 1314 1814 qui
1333 1787 1381 1811 ea.
1403 1787 1465 1813 qua:
1488 1786 1537 1806 sua
1560 1782 1639 1811 sunt,
1658 1782 1719 1805 tan—

930 1832 1011 1859 quam
1026 1829 1120 1852 nostra
1141 1832 1173 1852 ev
1189 1825 1269 1853 nobis
1289 1825 1380 1851 oblata
1398 1824 1538 1859 suscipiat,
1555 1832 1638 1858 seque
1656 1824 1717 1851 illo-

931 1877 991 1896 rum
1004 1869 1126 1901 nomiue,
1142 1877 1174 1896 ac
1190 1869 1212 1896 si
1231 1869 1321 1897 aliena
1333 1873 1436 1901 essent,
1448 1869 1543 1897 debito
1554 1869 1717 1896 obstrictum

930 1914 1090 1949 proﬁteatur
1108 1919 1190 1949 atque
1206 1919 1345 1950 agnoscat.

965 1959 992 1986 8.
1012 1959 1109 1992 Homo,
1135 1960 1273 1994 spiritales
1296 1967 1388 1987 rerum
1403 1960 1612 1995 aspectabilium
1636 1960 1720 1987 ratio-

931 2012 981 2032 nes
995 2005 1185 2038 considerans,
1198 2012 1259 2033 esse
1280 2005 1399 2040 aliquem
1418 2012 1510 2032 rerqu
1534 2005 1642 2032 illarum
1666 2005 1720 2032 Au-

931 2054 1034 2078 ctorem
1051 2050 1166 2078 docetur
1181 2059 1187 2077 :
1203 2051 1329 2086 quisnam
1346 2059 1413 2078 vero
1433 2051 1478 2079 ille
1495 2051 1531 2078 sit
1545 2051 1659 2086 ejusque
1676 2051 1720 2078 in-

933 2096 1122 2132 telligentiam,
1134 2101 1164 2125 ut
1178 2105 1260 2132 quam
1273 2097 1382 2132 assequi
1397 2105 1452 2124 non
1473 2097 1569 2132 possit,
1590 2097 1720 2124 intactam

81 2144 154 2180 τὴς,
172 2144 230 2170 ἀλλ’
245 2144 294 2179 οὐχ
315 2145 406 2176 ὁποῖός
423 2146 497 2172 ἐστιν
511 2147 525 2172 ὁ
547 2146 674 2182 ποιητὴς,
690 2146 815 2182 ὁρωμένη
832 2155 875 2173 σα-

934 2144 1074 2179 relinquit.
1088 2143 1167 2177 Quod
1180 2144 1253 2171 enim
1267 2143 1304 2171 sit
1317 2143 1461 2174 Conditor,
1477 2142 1550 2170 haud
1569 2149 1635 2169 vero
1658 2141 1721 2177 quis

82 2190 153 2225 φῶς
173 2190 190 2224 ή
206 2189 305 2222 κτίσις,
323 2191 437 2226 παρέχει
455 2191 618 2227 κατάληψιν.

124 2276 165 2304 0'.
179 2277 188 2288 ‘
211 2277 295 2313 Ὀργὴ
310 2277 376 2304 Θεοῦ
401 2278 487 2310 ἐστιν,
504 2279 521 2314 ἡ
542 2279 595 2306 τῶν
612 2279 881 2315 παιδαγωγουμένων

82 2322 227 2354 ἐπίπονος
241 2322 375 2357 αἴσθησις.
398 2323 540 2355 Ἐπίπονος
555 2323 582 2350 δὲ
598 2324 767 2360 καθέστηκεν
784 2326 881 2360 αἴσθη-

82 2378 146 2401 σις,
165 2369 184 2403 ἡ
200 2367 254 2394 τῶ)
270 2368 404 2396 ἀκουσίων
420 2372 507 2395 πόνων
524 2369 667 2405 ἐπαγωγὴ,
678 2370 712 2397 δι’
727 2368 762 2406 ἦς
777 2371 822 2397 τὸν
834 2372 880 2398 ἐπ’

81 2414 183 2449 ἀρετῇ
200 2411 248 2438 καὶ
265 2412 365 2447 γνώσει
394 2412 574 2447 φυσιούμενον
599 2414 671 2447 νοῦν,
694 2414 708 2440 ὁ
734 2414 800 2446 Θεὸς
821 2416 883 2450 ἄγει

80 2457 231 2488 πολλάκις
246 2457 312 2492 προς
328 2457 457 2492 συστολὴν
473 2458 520 2484 καὶ
535 2458 709 2486 ταπείνωσιν·
726 2460 807 2487 αὐτὸν
820 2462 884 2487 ὲαυ⁴

80 2501 138 2529 ’τοῦ
171 2500 300 2534 γενέσθαι
325 2501 412 2533 διδοὺς
434 2502 619 2538 ὲπιγνώμονα,
641 2503 689 2531 καὶ
714 2504 763 2539 τῆς
781 2506 885 2539 οἰκείας

933 2189 978 2216 ille
991 2194 1019 2217 et
1033 2189 1133 2225 qualis,
1156 2193 1185 2216 ut
1205 2189 1480 2224 comprehendamus,
1495 2192 1619 2216 creatura
1634 2188 1722 2216 oculis

933 2235 1039 2271 objecta
1052 2235 1195 2263 manifeste
1210 2236 1317 2263 tribuit.

968 2281 994 2308 9.
1012 2281 1054 2308 Ira
1078 2281 1127 2308 Dei
1148 2284 1207 2313 est,
1233 2289 1329 2308 eorum
1344 2282 1391 2316 qui
1406 2281 1567 2316 'puniuntur
1591 2280 1722 2308 molestus

933 2327 1076 2362 dolorique
1096 2327 1259 2363 coniunctus
1275 2335 1380 2355 sensus.
1404 2327 1455 2355 Hic
1474 2334 1551 2358 vero,
1568 2326 1723 2353 involunta-

934 2372 1039 2399 riorum
1051 2373 1176 2400 laborum
1189 2373 1263 2400 illata
1277 2373 1318 2400 vis
1330 2377 1381 2405 est,
1398 2381 1450 2408 qua
1465 2373 1598 2404 animum,
1613 2371 1723 2399 virtutis

935 2417 1046 2445 nomine
1059 2425 1091 2444 ac
1105 2417 1227 2445 scientiae
1246 2418 1381 2450 inﬂatum,
1397 2418 1430 2445 ad
1445 2425 1541 2445 sensus
1561 2416 1722 2444 modestiam

935 2468 963 2490 et
975 2463 1156 2491 humilitatem
1178 2463 1252 2490 haud
1268 2471 1331 2491 raro
1351 2464 1424 2491 Deus
1446 2463 1574 2496 adducit;
1593 2467 1726 2498 praastans

936 2513 967 2535 ut
983 2508 1102 2543 seipsum
1117 2513 1255 2544 agnoscat,
1274 2517 1406 2544 suamque
1422 2509 1608 2536 inﬁrmitatem
1624 2508 1726 2536 intelli-

121 2592 132 2603 '
151 2589 199 2619 Cf.
228 2590 262 2618 ad
278 2590 402 2619 Thalass.
420 2599 448 2626 q.
471 2591 515 2624 52,
550 2595 582 2620 ut
615 2591 686 2621 infra
717 2592 753 2620 ad
784 2601 860 2621 num.
894 2594 939 2622 11.

125 2679 165 2716 (ι)
189 2679 238 2716 Ἑν
244 2679 281 2712 τῇ
297 2679 416 2716 σπίνοχῇ
427 2679 481 2716 τῆς
495 2679 628 2716 τοῦοιιῑθΙ
637 2679 772 2707 ἕκαστον
784 2680 885 2714 εἵδους

74 2714 314 2752 μείνημότητος.
329 2714 359 2741 In
376 2715 501 2756 continua
515 2715 749 2756 cujusquespeeiei
762 2717 885 2756 perenni—

78 2750 162 2781 tate,
183 2757 228 2775 seu
247 2750 465 2776 conservatione:
479 2757 530 2784 qua
547 2750 652 2777 scilicet
665 2750 808 2777 individua
829 2750 882 2778 alia

77 2786 159 2814 aliis
180 2784 311 2820 continua
324 2784 394 2820 serie
403 2785 554 2812 succedunt
564 2793 596 2812 ac
611 2785 767 2817 cohmrent;
780 2785 882 2820 quippe

78 2821 146 2850 alia
168 2826 206 2846 ex
231 2819 293 2847 aliis
318 2819 452 2853 deducta;
476 2827 536 2854 quae
562 2821 672 2855 propria
691 2820 737 2846 τοῦ
754 2819 882 2855 συνεχοῦς

937 2683 1060 2719 acceptio
1078 2687 1129 2715 est,
1153 2687 1184 2710 ut
1204 2688 1247 2711 est
1269 2683 1332 2711 talis
1347 2687 1510 2719 contactus;
1527 2683 1561 2711 de
1575 2692 1630 2719 quo
1642 2685 1721 2714 Suid.

937 2718 963 2755 in
980 2726 1047 2745 voce
1074 2719 1184 2754 συνοχή.
1203 2719 1262 2755 Non
1278 2719 1348 2746 bene
1376 2719 1467 2751 Picus,
1496 2718 1634 2747 Sermones
1661 2730 1722 2755 per-

934 2754 1068 2794 cipiuntur
1105 2762 1136 2780 ex
1173 2753 1259 2781 solida
1285 2755 1463 2790 cujuscunque
1498 2755 1593 2789 speciei
1635 2753 1721 2785 col:er—

936 2793 1033 2815 rentia.
