1920 3076
241 133 308 168 1263

819 132 838 162 S
869 133 1012 162 MAXIM!
1033 132 1286 163 CONFESSORIS

1800 131 1862 164 Ῑέῧί

236 199 281 229 gat
295 203 301 221 :
317 194 395 229 cujus
417 200 498 220 sensu
516 195 654 226 percepto,
673 191 784 218 stultum
803 198 817 217 a
833 199 861 218 se
876 191 968 219 cordis
985 195 1019 218 tn-

1078 191 1222 223 ἀσοενείας
1249 192 1410 228 συνίστορα·
1429 187 1462 227 ἧς
1478 191 1688 226 ἐπαισθόμενος,
1703 190 1734 217 τὸ
1751 190 1859 226 μάταιον

236 247 340 267 marem
356 239 509 271 fastumque
524 236 614 270 .ponit.

271 285 313 311 10.
333 284 373 310 lra
395 281 503 310 Domini
527 286 578 314 est,
596 289 658 308 eum
683 280 777 308 divina
800 281 871 308 bona
896 281 1028 315 tantisper

235 327 437 367 subministrari
460 327 606 358 desinunt,
624 335 656 354 ac
673 327 797 361 quzedam
823 327 902 362 quasi
928 326 1027 353 divina:

235 364 368 409 largitatis
382 374 408 400 in
423 381 474 400 nos
488 373 605 400 inducite
617 373 700 400 ﬁunt:
714 373 787 408 quod
801 373 910 407 quidem
923 372 1028 399 utiliter

232 419 366 454 contingit
383 419 411 446 in
431 426 541 446 omnem
564 418 687 445 animum
703 418 848 445 sublimem
866 422 893 444 et
908 418 1025 450 elatum;

231 473 263 492 ae
275 466 322 500 qui
336 465 369 493 de
383 465 522 493 concessis
534 465 559 491 ei
577 473 591 491 a
607 465 662 491 Deo
674 459 906 498 bonisftanquam
923 463 956 491 de
972 471 1027 491 me-

231 511 292 538 ritis
307 511 427 545 propriis
441 511 585 546 glorietur.

267 558 308 584 tl.
328 557 458 592 Quisquis
473 557 581 584 animus
596 555 707 591 sapiens
729 560 771 584 est
785 561 813 583 et
832 557 1024 592 philosophus,

229 608 257 630 et
270 603 368 631 Judam
392 603 474 630 habet
496 607 525 630 et
539 602 690 629 Jerusalem
707 611 713 628 :
728 602 826 630 Judam
849 603 971 637 quidem,
996 607 1026 630 ut

229 649 431 684 philosophiam
450 649 585 675 colentem
607 648 762 679 actionem;
778 648 931 675 Jerusalem
947 655 1023 680 vero,

229 697 260 720 ut
286 693 540 727 contemplatricem
569 698 711 719 sacrorum
740 691 926 726 disciplinam.
955 690 1023 717 Cum

228 747 294 774 ergo
312 739 355 773 pia
379 746 456 766 mens
480 746 511 765 ae
534 737 671 773 religiosa,
691 737 784 764 divina
806 737 892 772 gratia
911 736 1023 769 comite,

228 793 277 819 per
294 785 508 819 philosophiam.
535 788 592 811 tum
618 791 679 818 quae
703 783 840 810 actionem
865 782 942 815 colit,
965 786 1023 809 tum

228 838 289 864 quze
308 829 532 864 contemplationi
551 828 654 859 studet,
671 828 781 863 repulsa
798 828 872 854 omni
888 827 1022 862 potentia,

227 883 288 910 quae
303 875 398 902 virtuti
414 882 446 901 ac
463 874 585 901 scientiae
601 874 773 906 adversatur,
791 873 825 900 de
847 873 1022 908 nequissimis
1040 863 1059 890 Β

227 921 371 956 spiritibus
384 921 470 948 relata
484 920 606 955 perfecte
621 920 746 953 victoria,
763 919 844 955 560
859 921 920 954 ejus
935 919 1022 946 vieto-

227 967 274 994 riae
290 967 395 993 auctori
414 967 480 999 Deo,
495 966 617 993 debitam
639 966 790 1001 gratiarum
806 966 943 993 actionem
965 973 1021 992 non

227 1013 364 1044 retulerit,
378 1012 425 1040 sed
442 1012 525 1040 corde
541 1012 671 1044 exaltata,
682 1019 763 1039 unam
777 1019 805 1038 se
825 1011 908 1038 totius
919 1011 1022 1038 facino-

227 1057 276 1089 ris,
293 1057 418 1092 ejusque,
434 1056 508 1091 quod
531 1064 565 1083 ex
581 1060 644 1083 voto
668 1056 761 1088 cessit,
778 1059 918 1083 auctorem
939 1059 1018 1090 puta-

226 1102 298 1132 verit
315 1111 320 1128 :
339 1105 414 1133 tunc,
430 1102 506 1128 velut
519 1108 580 1135 qua‘,
593 1101 659 1133 Deo,
673 1101 750 1135 juxta
772 1101 860 1128 vicem
877 1108 960 1134 quam
982 1100 1021 1127 illi

226 1147 361 1175 tribuerat
372 1155 427 1174 non
443 1147 612 1181 rependerit,
626 1154 680 1173 non
697 1146 780 1173 modo
794 1146 852 1180 ipsa
865 1145 1021 1173 derelictio—

224 1194 269 1221 nis
285 1193 353 1221 iram
372 1193 399 1220 in
421 1198 482 1220 eam
507 1192 650 1220 conﬂatam
674 1192 794 1226 excipit,
818 1199 915 1219 verum
937 1192 1019 1218 etiam

223 1238 308 1266 Judas
327 1242 355 1266 et
371 1238 524 1266 Jerusalem
545 1238 567 1253 ⁸ο
578 1258 586 1270 ,
604 1237 721 1264 actionis
738 1237 845 1264 scilicet
869 1237 978 1264 habitus
992 1241 1020 1264 et

224 1283 465 1318 contemplationis
482 1293 488 1309 :
507 1282 649 1318 probrosis
659 1282 791 1309 nimirum
806 1282 953 1310 affectibus
966 1287 1020 1310 sta-

226 1331 285 1363 tim,
301 1330 358 1358 Deo
373 1331 561 1366 permittente,
578 1331 712 1358 adversus
728 1331 865 1358 actionem
877 1332 1020 1365 insurgen-

224 1377 309 1409 tibus,
324 1377 512 1412 hactenusque
525 1376 659 1404 munditia
673 1376 807 1404 nitentem
822 1377 1019 1404 conscientiam

223 1422 406 1456 fcedantibus;
426 1423 557 1456 falsisque
575 1414 728 1450 rationibus
755 1431 787 1450 ae
806 1423 1019 1458 cogitationibus

223 1475 278 1494 una
297 1475 359 1495 cum
385 1475 480 1494 rerum
504 1467 692 1501 speculatione
709 1468 845 1502 implexis,
867 1476 899 1496 ac
914 1474 1017 1496 rectam

224 1514 358 1541 hactenus
386 1513 508 1540 scientiae
533 1513 692 1548 opinionem
725 1514 958 1547 pervertentibus.
986 1515 1017 1541 Ei

222 1559 296 1586 enim
314 1559 360 1593 qui
383 1566 434 1593 pro
455 1557 563 1586 actione
579 1558 731 1591 extollitur,
747 1566 841 1586 eomes
853 1563 895 1586 est
910 1550 1019 1594 pertur-

222 1605 365 1632 bationum
392 1603 540 1639 ignominia
565 1611 597 1631 ac
622 1603 755 1638 probrum
779 1613 786 1630 :
808 1612 872 1631 eum
888 1612 955 1632 vero
971 1606 1019 1640 qui

222 1659 273 1687 pro
289 1651 404 1678 scientia
422 1650 543 1683 inﬂatur,
557 1650 632 1685 justo
649 1649 721 1677 Deus
738 1649 842 1684 iudicio
855 1658 951 1678 errore
964 1651 1018 1679 labi

222 1696 359 1732 permittit
372 1695 545 1731 speculandre
563 1695 656 1723 studio
670 1695 805 1723 veritatis.

258 1743 301 1770 12.
318 1743 413 1770 Divina
432 1750 529 1770 revera
550 1742 644 1777 regula
665 1742 765 1776 lexque
785 1750 818 1769 ex
834 1742 1018 1770 Providentia:

223 1789 377 1816 rationibus
400 1789 484 1816 rebus
506 1789 593 1816 indita
610 1793 662 1822 est,
687 1797 738 1824 per
752 1790 892 1817 contraria
912 1790 1018 1817 erudiri

222 1835 256 1862 ad
268 1835 347 1870 probi
361 1833 487 1869 gratique
503 1833 588 1861 animi
605 1842 729 1867 sensum,
744 1834 791 1868 qui
807 1834 959 1862 virtutibus
970 1834 1018 1861 do-

222 1881 320 1915 nisque
343 1879 404 1907 fulti
423 1879 521 1915 ingrati
534 1879 746 1912 exstiteramus;
759 1879 1017 1914 contrariorumque

222 1926 411 1960 experimento
425 1925 551 1960 provehi,
567 1929 597 1952 ut
611 1925 683 1952 bona
703 1928 878 1959 praestantem
895 1924 1017 1951 divinam

222 1970 372 2006 potentiam
387 1977 581 2005 agnoscamus;
597 1978 631 1997 ne
652 1969 763 1997 virtutis
783 1973 864 2004 atque
880 1970 1016 1996 bonorum

223 2017 295 2044 felici
311 2024 404 2048 cursu,
422 2015 599 2051 permittente
624 2015 807 2050 providentia,
831 2015 1016 2042 inviolabilem

222 2062 307 2089 animi
321 2062 468 2089 elationem
483 2061 638 2097 fastumque
652 2061 737 2093 nacti,
752 2060 780 2087 in
794 2060 942 2088 adversum
960 2060 1016 2087 Dco

222 2108 358 2143 superbiat
378 2107 507 2135 affectum
536 2106 720 2140 prolabamur,
737 2106 784 2141 qui
799 2111 923 2134 nostrum
944 2106 1016 2140 ipso-

223 2161 284 2180 rum
308 2157 415 2185 natura,
439 2159 494 2179 non
509 2152 596 2187 gratia
612 2152 834 2186 comparabilem,
850 2151 961 2178 virtutis
984 2159 1015 2178 ac

1079 237 1177 273 οἴδημα
1192 238 1242 273 τῆς
1256 238 1368 273 καρδίας
1383 238 1551 264 ἀποτίθεται.

1118 282 1141 308 ι’.
1163 283 1246 317 Ὀργὴ
1266 283 1368 317 Κυρίου
1381 283 1464 315 ἐστὶν,
1478 284 1494 318 ἡ
1507 282 1637 317 ἀνακωχὴ
1653 283 1705 318 τῆς
1716 281 1770 308 τῶν
1785 274 1873 307 θείιυν¹

1079 328 1259 362 χαρισμάτων
1274 328 1423 364 χορηγίας·
1440 328 1457 363 ἦ
1471 336 1513 359 τις
1525 327 1722 363 συμφερόντως
1738 327 1784 352 ἐπὶ
1799 326 1859 352 παν-

1078 381 1114 400 τα
1129 374 1236 408 γίνεται
1255 374 1318 401 νοῦν
1334 374 1436 410 ὑψηλὸν
1451 375 1499 401 καὶ
1513 374 1649 409 μετέωρον
1661 380 1669 388 ⁸
1693 372 1740 399 καὶ
1755 373 1811 402 τοῖς
1824 372 1860 397 δο-

1079 418 1164 446 Θεῖσιν
1179 420 1255 456 αὐτῷ
1273 420 1364 447 θεόθεν
1379 420 1484 454 καλοῖς,
1501 421 1537 452 ὡς
1562 419 1610 445 ἐπὶ
1625 419 1702 450 ἰδίοις
1724 417 1859 453 κατορθώ-

1080 473 1146 500 μασι
1165 466 1434 502 μεγαλαυχούμενον.

1115 553 1160 576 ια’.
1191 551 1248 583 Πᾶς
1267 551 1420 585 γνωστικὺς
1442 551 1488 578 καὶ
1504 550 1648 586 φιλόσοφος
1661 549 1735 581 νοῦς,
1755 551 1806 575 καὶ
1823 548 1861 574 τὸν

1083 597 1184 624 Ἰούδαν
1199 598 1256 633 ἔχει
1275 600 1320 625 καὶ
1336 599 1386 634 τὴν
1398 598 1594 634 Ἰερουσαλήμι
1617 597 1662 624 τὸν
1679 596 1730 632 μὲν
1755 595 1862 624 Ἰούδαν.

1076 642 1114 674 ὡς
1135 644 1291 680 πρακτικὴν
1312 644 1489 680 φιλοσοφίαν·
1510 644 1560 679 τὴν
1575 644 1604 669 δὲ
1621 641 1816 678 Ἰερουσαλὴμ,
1830 641 1863 671 ὡς

1077 690 1249 725 θεωρητικὴν
1278 691 1484 726 μυσταγωγίαν.
1504 691 1639 726 Ὀπηνίκα
1665 687 1713 716 οὖν
1743 689 1791 715 διὰ
1818 688 1863 722 τῆς

1076 735 1152 768 θείας
1167 737 1276 773 χάριτος
1301 739 1315 764 ὁ
1331 739 1455 772 φιῐόθεος
1470 737 1542 771 νοῦς,
1560 737 1631 764 κατά
1641 739 1674 763 ’τε
1688 736 1740 771 τὴν
1754 740 1863 771 »πρακτι-

1076 783 1126 818 κὴν
1140 785 1188 811 καὶ
1203 784 1373 820 Οεωρητικὴν
1384 784 1554 819 φιλοσοφίαν,
1571 785 1660 810 πᾶσαν
1672 782 1862 817 ἀντικειμένην

1075 830 1159 866 ἀρετῇ
1177 831 1223 858 καὶ
1238 831 1338 866 γνώσει
1352 831 1586 867 διακρουσάμενος
1610 830 1736 865 δύναμιν,
1757 829 1863 858 τελείως

1075 877 1106 904 τὸ
1122 877 1192 904 κατὰ
1207 877 1263 904 τῶν
1284 879 1450 914 πνευμάτων
1470 878 1520 913 τῆς
1544 877 1679 913 πονηρίας
1694 876 1861 911 ἀναδήστδτιι

1076 924 1177 958 κράτος
1192 924 1243 959 (u),
1265 924 1312 950 καὶ
1334 925 1372 960 μὴ
1394 925 1444 958 τὴν
1470 924 1584 950 δέουσαν
1602 923 1786 958 εὐχαριστίαν
1805 922 1862 948 ἀνά-

1075 970 1156 1006 Οηται
1171 970 1210 1006 τῷ
1224 971 1301 1006 αἰτίῳ
1314 972 1363 1007 τῆς
1376 971 1455 1006 νίκης
1466 970 1537 1006 Θεῷ,
1551 969 1608 997 ἀλλ’
1622 970 1719 1005 semei;
1732 969 1785 1005 τὴν
1799 978 1862 1003 mp-

1074 1017 1143 1050 δίαν,
1164 1018 1260 1045 ἑαυτὸν
1272 1019 1319 1045 τοῦ
1338 1019 1440 1050 παντὸς
1464 1018 1677 1053 κατορθώματος
1692 1017 1862 1052 ἡγησάμενος

1075 1063 1162 1089 αἴτιον
1175 1071 1181 1077 ’
1203 1063 1354 1098 τηνικαῦτα
1370 1063 1408 1095 ὼς
1424 1063 1461 1098 μὴ
1479 1062 1648 1094 ἀνταποδοὺς
1665 1061 1706 1096 τῷ
1723 1060 1786 1096 Θεῷ
1800 1061 1863 1086 κατὰ

1073 1109 1105 1134 τὸ
1120 1109 1307 1144 ἀνταπόδομα,
1325 1109 1339 1135 ὁ
1364 1109 1558 1135 ἀνταπέδωκεν
1586 1107 1670 1143 αὐτῷ,
1701 1107 1812 1142 δέχεται
1836 1107 1861 1132 o-L

1076 1155 1156 1190 μόνον
1171 1155 1253 1186 αὐτὸς
1267 1155 1415 1190 γινομένην
1432 1154 1475 1181 ἐπ’
1492 1154 1576 1181 αὑτὸν
1590 1154 1640 1189 τὴν
1654 1153 1742 1188 ὀργὴν
1758 1153 1810 1187 τῆς
1823 1154 1861 1185 ἐτ-

1074 1201 1271 1236 κατα).είψεως,
1300 1201 1369 1227 ἀλλὰ
1401 1201 1448 1227 καὶ
1466 1200 1565 1231 Ἰούδας
1589 1201 1637 1226 καὶ
1661 1200 1859 1235 Ἰερουσαλήμ·

1073 1248 1223 1280 τουτέστιν,
1241 1247 1319 1283 ἡτῆς
1343 1247 1470 1283 πράξεως
1487 1247 1544 1279 ἕξις
1572 1247 1621 1273 καὶ
1644 1248 1696 1281 τῆς
1726 1246 1861 1280 οεωρίας¹

1074 1293 1169 1321 παθῶν
1180 1295 1294 1329 ἀτιμίας
1310 1294 1423 1326 εὐθέως,
1442 1294 1615 1329 συγχωρήσει
1627 1293 1709 1325 Θεοῦ,
1727 1302 1862 1319 κατεπίν-

1075 1339 1228 1374 ισταμὲνων
1251 1339 1300 1374 τῆς
1330 1339 1466 1375 πράξεως,
1499 1339 1547 1366 καὶ
1571 1339 1620 1374 τὴν
1639 1338 1710 1370 τέως
1741 1338 1863 1374 καθαρὰν

1074 1385 1243 1420 μολυνόντων
1256 1384 1426 1420 συνείδησιν
1445 1385 1493 1411 καὶ
1505 1384 1611 1419 ψευδῶν
1627 1384 1741 1411 ἐννοιῶν
1757 1393 1862 1410 συνεπι-

1073 1430 1248 1465 πλεκομένων
1275 1431 1308 1465 τῇ
1335 1430 1438 1465 θεωρίᾳ
1452 1429 1506 1456 τῶν
1522 1431 1617 1462 ῦντων,
1643 1429 1693 1456 καὶ
1719 1430 1773 1464 τὴν
1800 1430 1863 1459 τέως

1072 1475 1156 1511 ὀρθὴν
1172 1474 1394 1511 διαστρεφουσῶν
1411 1475 1490 1507 δόξαν
1515 1475 1566 1509 τῆς
1583 1474 1726 1509 γνώσεως.
1741 1476 1797 1501 Τὸν
1813 1475 1863 1509 γὰρ

1071 1522 1254 1556 ἐπαιρόμενον
1271 1521 1318 1548 ἐπὶ
1335 1521 1445 1557 πράξει,
1465 1521 1559 1548 παθῶν
1579 1521 1676 1556 ἀτιμία
1689 1521 1861 1557 διαδέχεται’

1069 1567 1116 1594 τὸν
1130 1567 1158 1593 δὲ
1176 1567 1222 1593 ἐπὶ
1238 1567 1339 1601 γνώσει
1358 1566 1520 1602 ὑψούμενον,
1538 1567 1602 1601 περὶ
1615 1566 1668 1601 τὴν
1680 1566 1775 1602 ἀληθῆ
1798 1567 1862 1593 θεω-

1072 1614 1132 1649 ρίαν
1148 1614 1256 1640 πταίειν
1271 1614 1288 1649 ὴ
1305 1613 1396 1641 δικαία
1415 1613 1506 1649 κρίσις
1521 1614 1668 1648 συγχωρεῖ.

1106 1741 1150 1767 ιϐ’.
1165 1741 1243 1773 Θεῖος
1254 1742 1293 1773 ὡς
1307 1742 1414 1777 ἀληθῶς
1437 1742 1500 1777 ὅρος
1517 1751 1546 1769 τε
1570 1742 1617 1769 καὶ
1628 1743 1713 1777 νόμος
1729 1743 1803 1770 κατὰ
1817 1743 1862 1777 τὴν

1072 1787 1205 1822 Πρόνοιαν
1219 1788 1369 1823 ἐνυπάρχει
1383 1789 1440 1819 τοῖς
1464 1787 1534 1821 οὖσι,
1552 1788 1730 1816 παιδεύεσθαι
1745 1789 1792 1816 διὰ
1811 1790 1862 1815 τῶν

1068 1832 1198 1859 ἐναντίων
1215 1833 1373 1868 ἐπιτρέπων
1388 1833 1457 1869 πρὸς
1480 1833 1706 1868 εὐγνωμοσύνην,
1727 1835 1794 1866 τοὺς
1818 1835 1861 1860 ἐπὶ

1068 1877 1208 1910 κρείττοσι
1225 1878 1361 1911 φανέντας
1377 1878 1541 1914 ἀγνώμονας
1559 1879 1606 1913 (υ),
1624 1879 1672 1905 καὶ
1687 1879 1740 1913 τὴν
1764 1881 1860 1914 πεῖραν

1067 1924 1122 1950 τῶν
1151 1923 1350 1959 ἀντικειμένων
1375 1925 1424 1959 τῆς
1448 1924 1503 1951 τῶν
1531 1923 1622 1950 καλῶν
1650 1924 1859 1959 κατορθωτικῆς

1068 1968 1144 2000 θείας
1169 1969 1317 2002 ἐπίγνωσιν
1338 1969 1473 1996 ποιεῖσθαι
1502 1970 1664 2004 δυνάμεως·
1694 1971 1735 2002 ὼς
1762 1971 1798 1998 ἂν
1823 1972 1859 2006 μὴ

1069 2014 1211 2046 παντελῶς
1224 2015 1270 2041 ἐπὶ
1282 2016 1340 2047 τοῖς
1359 2015 1499 2051 ἀμείνοσιν
1515 2016 1696 2051 ἀκαοαίρετον
1713 2016 1791 2051 παρὰ
1810 2018 1859 2051 τῆς

1067 2061 1200 2096 Προνοίας
1215 2061 1288 2095 ἔχειν
1308 2061 1534 2097 συγχωρηθέντες
1556 2061 1607 2097 τὴν
1626 2062 1729 2097 οἴησιν,
1751 2063 1795 2094 εἰς
1810 2063 1858 2096 τὴν

1067 2106 1189 2133 ἀντίθεον
1200 2106 1249 2141 τῆς
1263 2107 1454 2142 ὑπερηφανίας
1468 2107 1588 2134 διάθεσιν
1599 2107 1856 2143 κατολισθήσωμεν,

1070 2153 1175 2180 ἑαυτῶν
1193 2154 1264 2180 κατὰ
1280 2153 1371 2188 φύσιν,
1386 2153 1444 2180 ἀλλ’
1458 2154 1508 2180 οὐκ
1531 2153 1679 2188 ἐπίκτητον
1691 2155 1787 2189 χάριτι
1809 2155 1856 2188 τὴν

222 2199 344 2226 scientia:
355 2197 556 2232 possessionem
567 2197 772 2230 existimemus;
787 2197 1015 2231 inveniamurque

1074 2199 1118 2234 τῆς
1133 2199 1234 2235 ἀρετῆς
1248 2200 1296 2226 καὶ
1314 2201 1364 2234 τῆς
1387 2199 1515 2233 γνώσεως
1533 2199 1631 2234 κτῆσιν
1648 2197 1719 2226 εἶναι
1730 2200 1855 2234 νομίζον-

223 2245 296 2271 bono
310 2243 389 2270 abusi
410 2243 443 2270 ad
467 2243 568 2270 malum
588 2242 779 2275 conﬂandum;
795 2250 828 2270 ac
849 2242 950 2277 quibus
971 2250 1014 2269 ar-

223 2291 296 2318 ctius
310 2289 487 2325 implicatam,
500 2289 692 2316 inconcussam
706 2289 734 2315 in
749 2288 829 2315 nobis
843 2295 953 2315 manere
967 2288 1015 2315 Dei

223 2337 388 2372 agnitionem
405 2337 529 2369 decebat,
545 2335 579 2364 iis
594 2336 662 2371 ipsis
675 2335 758 2371 (quod
772 2335 853 2371 absit)
869 2336 928 2371 ejus
940 2335 1016 2370 igno-

223 2382 319 2410 rantiae
338 2387 489 2410 teneamur.

258 2483 281 2499 ⁸ο
298 2483 321 2510 ll
336 2482 425 2510 Paral.
443 2490 526 2515 χχχιι,
538 2482 582 2510 25.

258 2538 297 2575 (ιι)
315 2539 436 2575 Τελσίως
450 2538 483 2565 τὸ
499 2538 574 2575 κατὰ
594 2536 910 2575 τῶζςττνευμᾰτωνιτῆς
922 2541 1014 2568 πονη-

218 2571 293 2609 ρίάξ
311 2573 481 2609 ἀνεδήσατο
498 2573 619 2609 ρςρᾴζρς.
634 2572 791 2609 Victoriam,
806 2571 925 2609 palmam
937 2575 1014 2609 _retu-

223 2606 265 2637 lit.
279 2606 330 2636 'Sic
345 2608 426 2643 Greg.
448 2608 476 2635 in
497 2607 610 2643 Basilio,
619 2607 657 2643 Vde
675 2606 823 2643 Maximino
841 2606 1015 2643 Christianos

260 2640 416 2678 rsequente'
427 2643 458 2669 τὸ
469 2643 518 2677 τῆς
530 2642 666 2678 ἀσεόείαςν
678 2642 789 2678 κράτος
808 2640 1007 2678 ἀναδήσασθαι.
1036 2658 1041 2662 ι

241 2653 257 2672 ε

241 2653 407 2678 ersequente
427 2653 458 2669 το
469 2653 518 2677 της
530 2653 658 2673 ασεοειας
678 2653 778 2676 κρατος
808 2653 1007 2677 σιναοησασνυιι.

222 2653 349 2707 galmam
361 2682 384 2705 et
399 2686 525 2705 coronam
537 2677 682 2712 impietatis
697 2677 799 2703 mereri.
814 2676 882 2703 Bud.
902 2675 946 2708 At,
967 2674 1013 2701 Pi-

223 2722 284 2744 cus.
298 2713 384 2740 Plane
395 2721 423 2740 se
438 2713 550 2747 gesserit
568 2712 752 2747 impudenter,
773 2714 846 2747 etc,
857 2718 917 2747 qua:
937 2717 1013 2747 mera

223 2749 333 2775 inscitia
345 2752 409 2775 est:
430 2745 460 2774 tit
474 2746 546 2782 quod
568 2745 802 2782 statimscquitur
823 2745 865 2782 Δ(1ο
897 2745 964 2772 Juda
987 2748 1016 2782 et

223 2783 388 2813 Jerusalem,
399 2779 501 2817 quibus
517 2781 641 2817 eamde
657 2779 845 2817 derelictionis
860 2780 928 2817 iram
944 2779 1015 2817 aceij

225 2817 293 2851 dere
306 2817 344 2843 ait
362 2813 504 2848 Maiimus,
527 2824 587 2851 qtue
603 2815 738 2851 Ezechizr,
759 2816 825 2851 dum
842 2815 943 2851 reddit,
968 2813 1013 2851 sed

226 2850 310 2878 ludas
326 2855 350 2877 et
362 2851 509 2878 Jerusalem
528 2849 664 2885 ingruunt.
686 2850 764 2876 Dicas
779 2850 854 2884 loqui
871 2850 905 2877 de
923 2849 1011 2876 hosti-

1067 2254 1112 2276 τες
1124 2253 1130 2260 ·
1152 2245 1200 2272 καὶ
1226 2245 1383 2281 εὑρεοῶμεν
1396 2244 1435 2280 τῷ
1458 2244 1534 2279 καλῷ
1554 2245 1623 2280 πρὸς
1637 2245 1688 2280 τὴν
1703 2245 1750 2272 τοῦ
1768 2246 1854 2272 κακοῖο

1065 2291 1201 2326 χρώμενοι
1220 2291 1339 2325 γένεσιν,
1356 2292 1401 2318 καὶ
1413 2291 1446 2318 δι’
1458 2287 1495 2318 ὧν
1510 2291 1562 2317 ἔδει
1572 2290 1654 2317 πλέον
1669 2291 1854 2326 διααφιγχθεί-

1066 2345 1115 2364 σαν
1124 2338 1153 2363 ὲν
1163 2338 1230 2372 ἡμῖν
1241 2337 1388 2364 ἀσάλευτον
1399 2337 1490 2372 μένειν
1501 2336 1550 2372 τὴν
1563 2337 1639 2364 θείαν
1651 2338 1811 2373 ἐπίγνωσιν,
1823 2338 1855 2364 δι’

1065 2383 1179 2410 ἐκείνων
1194 2382 1232 2414 ὡς
1245 2382 1296 2409 οὐκ
1313 2382 1416 2417 ὤφελον
1435 2381 1484 2418 τὴν
1508 2382 1611 2419 ταύτης
1624 2383 1793 2419 νοσήσαντες
1808 2384 1855 2417 ἀγ-

1064 2438 1150 2457 νοιαν.

1066 2533 1119 2561 bus
1129 2533 1214 2569 ipsius
1233 2532 1367 2569 Ezechiae.
1382 2532 1431 2569 ‘Sic
1449 2531 1526 2559 nullo
1537 2539 1619 2569 sensu
1632 2533 1740 2560 omnia.

1103 2566 1147 2604 (υ)⁷
1158 2567 1232 2600 Τοὺς
1257 2567 1307 2604 ἐπὶ
1323 2567 1473 2604 κρείττοσι
1497 2566 1649 2604 φανέντας
1665 2568 1850 2604 ἀγνώμονας.

1066 2602 1252 2638 Τὸκρεῖττον,
1266 2602 1339 2629 haud
1362 2609 1494 2638 veropro
1513 2602 1617 2638 virtute
1649 2603 1787 2635 sumitur;
1803 2610 1851 2630 nec

1066 2638 1112 2666 hic
1130 2636 1210 2665 aliter
1222 2637 1364 2664 Maximus.
1375 2637 1413 2664 De
1427 2637 1471 2663 illa
1484 2636 1556 2664 enim
1566 2638 1746 2665 Providentia
1763 2646 1851 2666 sermo

1066 2678 1117 2706 est,
1136 2680 1190 2707 qua
1207 2672 1281 2699 vitiis
1290 2676 1318 2699 et
1335 2671 1480 2699 aﬁ‘cctibus
1492 2671 1618 2699 laborare
1628 2673 1760 2705 sinimur,
1775 2679 1806 2700 ut
1818 2673 1848 2700 ad

1066 2706 1229 2735 modestiam
1252 2707 1376 2742 gratique
1400 2706 1482 2733 animi
1511 2714 1622 2734 sensum
1650 2708 1680 2735 in
1700 2708 1849 2735 virtutibus

1065 2750 1283 2778 componantur,
1293 2749 1455 2778 summeque
1472 2742 1527 2768 Deo
1538 2749 1649 2778 exesam
1665 2743 1769 2778 illique
1784 2751 1846 2770 eou-

1064 2778 1177 2804 trariam
1193 2777 1361 2811 superbiam,
1371 2777 1450 2811 longe
1465 2777 1646 2804 excutiamus.
1660 2777 1706 2805 Sic
1718 2786 1773 2805 non
1784 2779 1846 2805 bene

1063 2812 1154 2844 Picus,
1180 2812 1255 2838 rebus
1279 2812 1422 2847 prosperis,
1448 2811 1524 2839 rebus
1540 2813 1680 2845 secundis;
1707 2819 1755 2841 aut
1780 2817 1846 2840 certe

1063 2847 1154 2875 niinus
1175 2847 1319 2882 explicate.
