1920 3076
83 184 144 217 1265

112 240 158 273 ιγ’.
176 237 258 273 ’Όρον
271 237 317 264 καὶ
332 238 411 272 νόμον
426 237 614 272 ἐνυπάρχοντα
626 236 697 263 θεῖον
711 237 769 268 τοῖς
782 234 859 263 οὖσιν
873 235 896 264 Α

80 284 166 318 ῐσμεν,
192 283 240 317 τὴν
263 282 317 308 τῶν
345 282 429 308 ὄντων
451 281 613 316 συνεκτικὴν
631 282 773 317 πρόνοιανι
789 280 859 308 κατὰ

80 329 166 365 κρίσιν
189 328 296 355 δικαίαν
309 329 341 363 τῇ
358 327 454 361 σπάνει
475 327 529 353 τῶν
551 327 662 361 ἀγαθῶν
678 327 861 354 παιδεύουσαν

80 374 145 408 πρὸς
162 373 384 409 εὐγνωμοσύνην,
398 374 460 406 τοὺς
475 373 521 398 ἐπὶ
542 374 575 408 τῇ
598 373 713 408 ἀφθονίᾳ
727 372 780 398 τῶν
794 372 862 405 ἀγα-

80 419 132 446 θῶν
143 420 211 454 πρὸς
225 419 270 445 τὸν
283 418 385 454 ταύτης
401 418 518 454 χορηγὸν
536 418 670 452 φανέντας
686 417 860 452 ἀγνώμονας,

78 465 119 491 διὰ
131 464 185 491 τῶν
199 464 329 490 ἐναντίων
342 464 440 495 αὐτοὺς
456 463 524 498 πρὸς
549 463 725 498 συναίσθησιν
741 462 862 496 ἄγουσαν

79 511 125 544 τῆς
142 509 188 535 τοῦ
213 508 392 544 χαριζομένου
411 509 444 535 τὰ
466 508 535 535 καλὰ
558 507 743 542 διαγνώσεως.
761 507 794 533 'Il
818 504 862 534 ἐπ’

78 557 160 591 ἀρετῇ
175 555 229 590 γὰρ
251 556 349 590 οἴησις,
367 553 598 588 ἀπαιδαγώγητος
623 554 753 588 μένουσα,
770 553 800 579 τὸ
813 553 862 588 τῆς

78 601 266 637 ὑπερηφανίας
285 601 383 636 γεννᾷν
403 601 509 635 πέφυκε
534 600 650 635 νόσημα,
671 600 701 626 τὸ
723 599 773 635 τὴν
786 600 861 626 ἀντι-

78 647 207 683 κειμένην
220 647 259 682 τῷ
272 647 332 682 Θεῷ
345 647 427 682 φέρον
438 646 568 674 διάθεσιν.

112 737 155 763 ιδ’.
172 737 201 762 Ὀ
216 737 338 770 οἰόμενος
356 736 452 763 ἑαυτὸν
468 736 662 771 κατειληφέναι
678 736 708 762 τὸ
726 736 801 767 τέλος
813 736 863 770 τῆς

78 783 190 818 ἀρετῆς,
207 783 334 818 οὐδαμῶς
356 783 469 818 ζητήσει
493 782 585 809 λοιπὸν
601 783 649 818 τὴν
672 782 793 817 πηγαίαν
807 782 862 808 τῶν

78 828 168 856 καλῶν
185 829 285 860 αἰτίαν,
296 828 386 863 ἑαυτῷ
402 828 475 863 μόνῳ
489 828 663 863 περιγράψας
678 827 727 863 τὴν
739 828 789 863 τῆς
803 828 863 862 ἐφέ-

79 883 148 906 σεως
159 874 284 908 δύναμιν,
307 875 354 900 καὶ
369 874 449 900 αὐτὸν
465 875 513 909 τῆς
528 874 665 909 σωτηρίας
679 874 725 900 τὸν
737 875 799 909 ὅρον
815 874 860 908 ὑφ’

78 919 188 951 ἑαυτοῦ,
206 919 277 954 φημὶ
293 919 322 945 δὲ
339 918 384 945 τὸν
406 919 482 952 Θεὸν,
507 919 688 954 ζημιούμενος
707 919 756 955 (a3).
779 919 808 946 '0
832 919 861 946 δὲ

78 965 127 998 τῆς
153 963 250 990 ἑαυτοῦ
274 964 338 999 περὶ
363 964 398 990 τὰ
417 964 487 991 καλὰ
509 966 627 1001 φυσικῆς
651 965 862 999 συναισθόμενος

78 1008 186 1040 πενίας,
206 1009 236 1035 οὐ
257 1009 371 1035 παύεται
390 1009 581 1045 προτροπάδην
600 1010 705 1045 τρέχων
732 1010 800 1045 πρὸς
818 1010 863 1037 τὸν

77 1053 172 1079 δοῦναι
184 1053 332 1088 δυνάμενον
345 1054 393 1088 τῆς
410 1055 514 1086 ἐνδείας
531 1054 579 1090 τὴν
591 1055 741 1091 πλήρωσιν.

115 1101 158 1124 ιε’.
173 1098 202 1124 ὐ
217 1098 266 1132 τὴν
281 1098 407 1133 ἀπειρίαν
420 1100 469 1134 τῆς
477 1099 576 1134 ἀρετῆς
588 1099 723 1134 διαγνοὺς,
735 1101 864 1127 οὐδέποτε

79 1144 125 1170 τοῦ
153 1144 213 1171 κατ’
235 1144 319 1179 αὐτὴν
337 1145 454 1171 παύεται
472 1145 590 1180 δρόμου,
608 1145 651 1172 ἵνα
677 1146 714 1180 μὴ
739 1146 864 1181 ζημιωθῇ

78 1190 165 1225 αὐτὴν
180 1189 229 1224 τῆς
240 1189 341 1225 ἀρετῆς
348 1191 397 1224 τὴν
415 1191 502 1226 ἀρχὴν
522 1191 569 1218 καὶ
583 1191 614 1218 τὸ
628 1192 715 1224 τέλος,
729 1192 775 1219 τὸν
800 1192 866 1220 Θεὸν

79 1235 165 1269 λέγω,
182 1236 246 1270 περὶ
261 1236 356 1262 ἑαυτὸν
368 1237 531 1272 στήσαςιτὴν
548 1238 656 1273 κίνησιν
670 1240 719 1274 τῆς
736 1239 865 1273 ἐφέσεως

79 1281 129 1307 καὶ
145 1280 214 1316 λάθῃ
225 1281 342 1315 νομίζων
358 1281 520 1317 ἐπειλῆφθαι
532 1283 581 1317 τῆς
601 1284 765 1318 τελειότητος
775 1305 783 1318 ,
801 1285 867 1311 ὑπο-

81 1327 174 1361 μένων
196 1326 241 1352 τοῦ
263 1327 370 1361 ἀληθῶς
383 1327 458 1358 ὄντος
479 1327 528 1362 τὴν
555 1328 701 1361 ἔκπτωσιν,
718 1330 786 1364 πρὸς
800 1330 868 1365 ὅπερ

79 1374 223 1407 ἐπείγεται
245 1373 317 1399 πᾶσα
330 1373 474 1399 σπουδαίου
489 1373 604 1408 κίνησις.

131 1470 170 1498 ς’.
190 1467 294 1493 Γίνεται
308 1453 419 1499 δικαίως
435 1469 482 1494 ἐπὶ
495 1468 540 1495 τὸν
563 1468 737 1504 ὑψηλόφρονα
752 1469 814 1496 νοῦν
827 1470 869 1504 ὀρ-

80 1514 118 1548 γή
133 1521 139 1526 “
157 1513 306 1548 τουτέστιν,
320 1514 527 1548 ὲγκατάλειψις,
541 1515 612 1542 καθὰ
640 1516 747 1550 εἴρηται
766 1525 772 1531 ’
786 1517 869 1551 ἤγουν

408 182 574 212 CAPITUM
593 181 804 218 QUINQUlES
823 178 1082 210 CENTENORUM
1101 179 1294 210 CENTURIA
1314 179 1371 208 Ill.

1629 176 1695 208 1266

947 235 990 261 l5.
1006 235 1136 270 Regulam
1153 235 1294 271 legemque
1310 234 1428 261 divinam
1444 234 1526 260 rebus
1541 234 1629 261 inesse
1644 235 1696 262 sci-

911 288 982 313 mus,
997 289 1058 316 qua:
1075 281 1180 308 scilicet
1202 289 1246 309 res
1263 280 1385 308 continet
1409 287 1441 307 ac
1462 284 1616 313 conservat,
1631 281 1698 307 Pro-

910 326 1074 360 videntiam;
1093 328 1168 362 justo
1180 328 1260 362 plane
1272 326 1377 362 judicio
1394 326 1527 353 bonorum
1543 327 1657 360 penuria
1670 331 1698 353 et

912 376 1031 406 egestate
1054 373 1115 399 illos
1137 373 1319 403 erudientem,
1342 377 1373 399 ut
1394 372 1463 407 grati
1478 372 1561 398 animi
1586 379 1698 399 sensum

912 422 1062 449 assumant,
1084 418 1131 451 qui
1162 417 1241 444 bonis
1261 417 1412 448 allluentcs,
1435 417 1555 451 ipsorum
1576 416 1698 452 largitori

914 462 1012 496 ingrati
1031 463 1206 495 exstiterant;
1221 471 1253 489 ex
1274 462 1419 490 contrariis
1442 462 1571 489 nimirum
1595 462 1622 489 in
1637 471 1700 490 sen-

913 515 973 534 sum
989 507 1125 541 ducendo,
1139 509 1208 543 ejus,
1221 508 1266 542 qui
1281 508 1416 535 bonorum
1431 511 1526 534 auctor
1542 516 1572 534 ac
1586 508 1699 542 largitor

913 552 958 578 sit.
980 552 1045 584 Qum
1066 553 1139 579 enim
1164 560 1213 587 pro
1229 552 1338 579 virtutis
1355 553 1475 584 nomine,
1501 552 1590 579 inanis
1606 552 1700 586 opinio

914 598 1069 632 ruentisque
1090 598 1172 625 elatio
1194 598 1309 630 accedit,
1334 598 1386 624 nisi
1410 598 1587 633 castigatione
1610 598 1700 632 aliqua

913 647 1086 675 coercentur,
1099 643 1236 678 superbia:
1246 644 1372 671 morbum
1387 643 1525 678 (allectum
1538 644 1631 678 utique
1645 644 1700 671 Deo

913 689 1092 724 contrarium)
1112 689 1233 724 proclive
1250 690 1329 724 parit.
1386 687 1392 691 ’

949 735 992 761 Ην.
1015 735 1067 768 Qui
1091 743 1120 762 se
1140 735 1250 763 virtutis
1270 734 1351 762 ﬁnem
1370 740 1525 771 assecutum
1541 736 1619 771 561
1640 744 1701 763 esse

912 781 1059 813 existimat,
1078 789 1213 816 nusquam
1228 782 1357 816 deinceps
1373 781 1508 809 bonorum
1530 782 1632 809 fontem
1654 790 1703 809 au-

914 830 1072 860 ctoremque
1090 826 1221 860 requirat,
1238 826 1290 853 sibi
1311 826 1368 860 ipse
1388 826 1616 853 circumscribens
1630 827 1704 853 desi—

914 873 984 899 derii
999 873 1065 905 vim,
1080 880 1182 906 suoque
1197 872 1254 907 ipse
1271 873 1349 904 vitio,
1365 872 1451 906 ipsius
1462 872 1557 899 salutis
1571 872 1632 898 linis
1644 872 1702 908 (Dei

914 919 1055 954 nimirum)
1077 920 1211 954 jacturant
1237 918 1348 946 facietis.
1375 918 1427 952 Qui
1453 923 1544 945 autem
1569 919 1704 945 naturalis

914 971 969 991 sua:
982 965 1161 999 paupertatis,
1176 964 1209 991 ad
1231 964 1303 991 bona
1322 964 1396 998 quod
1411 964 1508 991 attinet
1528 972 1561 991 ac
1577 964 1701 996 honesta,

914 1010 966 1037 sibi
980 1010 1037 1045 ipse
1049 1010 1176 1038 conscius
1189 1015 1241 1043 est,
1254 1011 1287 1038 ad
1302 1018 1364 1038 eum
1379 1010 1508 1038 festinare
1528 1018 1582 1037 non
1604 1015 1702 1043 cessat,

914 1055 960 1089 qui
979 1056 1101 1090 penuriae
1122 1056 1343 1090 supplementum
1364 1063 1435 1082 unus
1457 1059 1585 1090 praestare
1603 1059 1702 1090 potest.

952 1100 994 1127 l5.
1010 1100 1061 1127 Cui
1074 1100 1180 1127 inﬁnita
1197 1101 1309 1128 virtutis
1326 1100 1480 1135 amplitudo
1495 1101 1637 1135 explorata
1649 1105 1702 1132 est,

916 1145 950 1172 ab
965 1146 1025 1181 ejus
1035 1154 1178 1180 nunquam
1197 1154 1281 1173 cursu
1295 1146 1416 1178 desistit,
1432 1154 1467 1174 ne
1479 1147 1544 1181 ejus
1560 1146 1646 1180 ipsius
1657 1147 1705 1181 qui

916 1194 1027 1221 virtutis
1043 1187 1212 1228 principium
1232 1202 1264 1221 ac
1285 1194 1347 1221 linis
1368 1198 1411 1221 est
1426 1194 1490 1229 (hoc
1512 1198 1564 1226 est,
1582 1194 1640 1229 Dei)
1662 1195 1705 1229 ja-

917 1245 1023 1267 cturam
1040 1239 1134 1272 faciat,
1157 1240 1216 1274 ipse
1238 1240 1312 1268 circa
1325 1248 1355 1268 se
1370 1240 1502 1267 desiderii
1523 1244 1627 1267 motum
1642 1239 1707 1267 deli-

918 1286 1022 1313 niens:
1053 1286 1268 1320 imprudensque
1297 1290 1410 1313 nactum
1442 1293 1471 1312 se
1506 1285 1704 1325 perfectionem

917 1331 1065 1364 existimet,
1088 1331 1123 1358 ab
1137 1339 1170 1359 eo
1193 1331 1337 1366 prolapsus
1357 1331 1431 1366 quod
1455 1336 1499 1359 est
1521 1339 1598 1364 vere,
1621 1335 1649 1358 et
1672 1331 1705 1358 ad

919 1378 993 1412 quod
1015 1381 1106 1404 motus
1126 1377 1227 1410 omnis,
1247 1377 1318 1412 ejus,
1333 1378 1381 1412 qui
1402 1377 1499 1404 virtuti
1517 1377 1621 1409 studet,
1639 1385 1706 1403 con-

921 1424 1020 1451 tendit.

956 1470 999 1497 l6.
1014 1470 1092 1498 Juste
1112 1471 1152 1497 ira
1166 1471 1194 1497 in
1207 1470 1329 1497 animum
1342 1471 1427 1497 altum
1442 1470 1592 1504 sapientem
1617 1469 1709 1496 obtin-

921 1516 960 1550 git
981 1525 988 1542 :
1019 1524 1119 1551 nempe
1142 1516 1296 1548 derelictio,
1320 1517 1360 1543 uti
1382 1515 1487 1543 dictum
1511 1521 1570 1548 est;
1593 1515 1660 1548 sive,
1679 1519 1710 1542 ut

80 1559 98 1593 ἡ
115 1557 166 1583 τοῦ
183 1557 355 1592 διοχληθῆναι
377 1558 457 1585 αὐτὸν
472 1559 544 1586 κατά
562 1569 592 1586 τε
608 1561 658 1596 τὴν
671 1561 780 1596 πρᾶξιν,
799 1562 867 1588 κατά

923 1562 1043 1589 divexari
1070 1571 1085 1590 a
1109 1563 1282 1590 daemonibus
1307 1570 1339 1589 ac
1365 1563 1479 1590 molesta
1504 1562 1560 1597 pati
1591 1562 1707 1594 sinatur,

80 1611 112 1628 τε
132 1603 184 1638 τὴν
198 1603 313 1638 θεωρίαν
325 1600 383 1630 ’ὑπὸ
397 1604 532 1639 δαιμόνων
545 1606 717 1641 συγχώρησις
730 1615 737 1622 ⁸
758 1607 801 1634 ἵνα
821 1608 869 1635 λά-

81 1649 131 1683 ϐῃ,
145 1648 196 1683 τῆς
213 1648 261 1683 μὲν
274 1649 369 1675 ἑαυτοῦ
385 1652 500 1685 φυσικῆς
513 1651 668 1683 ἀσθενείας,
683 1652 868 1688 συναίσθησιν·

79 1695 134 1729 τῆς
149 1694 178 1721 δὲ
194 1695 345 1730 σκεπούσης
367 1696 456 1728 αὑτὸν,
472 1697 519 1723 καὶ
549 1699 580 1722 τὸ
611 1698 664 1724 πᾶν
688 1698 873 1734 κατορθούσης

80 1741 140 1767 τῶν
154 1740 263 1774 ἀγαθῶν
276 1741 349 1772 θείας
366 1741 507 1777 δυνάμεώς
517 1751 545 1768 τε
561 1744 607 1769 καὶ
619 1743 740 1778 χάριτος⁷
752 1745 801 1778 τὴν
811 1745 872 1771 ἐπί-

80 1794 190 1820 γνωσιν
203 1794 209 1800 ·
228 1787 275 1813 καὶ
289 1786 455 1822 ταπεινωθῇ,
469 1788 564 1823 πόρρω
578 1788 717 1820 παντελῶς
732 1790 830 1816 ἑαυτοῦ
843 1790 873 1816 τὺ

80 1832 227 1867 ἀλλότριον
244 1832 291 1858 καὶ
317 1832 391 1867 παρὰ
417 1833 497 1866 φύσιν
519 1832 586 1867 ὕψος
606 1834 766 1869 ποιούμενος
779 1842 786 1848 ·
803 1834 872 1861 ὥστε

81 1879 124 1914 μὴ
142 1877 267 1904 ἐπελθεῖν
285 1878 329 1904 ἐπ’
345 1878 425 1904 αὑτὸν
437 1879 486 1913 τὴν
501 1879 583 1914 ἄλλην
594 1879 687 1914 ὀργὴν,
703 1880 753 1914 τῆς
768 1880 821 1907 τῶν
833 1880 874 1906 δο-

80 1924 191 1950 θέντων
207 1923 383 1958 χαρισμάτων
407 1923 588 1958 ἀφαιρέσεως,
609 1922 812 1951 ταπεινωθέντα
826 1925 875 1951 καὶ

79 1970 235 2004 γενόμενον
266 1970 314 2004 τῆς
339 1969 385 1996 τοῦ
414 1970 580 2005 παρέχοντος
615 1971 648 1997 τὰ
680 1971 750 1997 καλὰ
782 1979 874 1997 συναι-

79 2016 221 2052 σθήσεως.
448 2034 450 2036 -

121 2063 169 2094 ιζ’.
192 2062 220 2087 ’0
236 2061 274 2097 μὴ
289 2060 482 2097 σωφρονισθεὶς
497 2061 535 2096 τῷ
550 2062 651 2096 πρώτῳ
673 2062 739 2088 εῖδει
762 2062 811 2097 τῆς
828 2063 875 2098 ὀρ-

78 2109 153 2142 γῆς,
170 2107 255 2141 ἡγουν
281 2106 508 2140 ὲγκαταλείψεως,
531 2106 619 2132 ἐλθεῖν
639 2107 706 2142 πρὸς
737 2107 871 2134 ταπείνω-

79 2162 141 2184 σιν,
167 2153 339 2187 ἡγησάμενος
363 2152 447 2187 αὐτὴν
468 2152 518 2186 τῆς
540 2151 625 2187 καλῆς
649 2153 876 2188 ὲπιγνωμοσύνης

78 2192 261 2229 διῆἀσκαλον,
279 2198 327 2233 τὴν
339 2197 422 2232 ἄλλην
435 2198 539 2232 δέχεται
559 2198 652 2231 σαφῶς
665 2199 707 2224 ἐπ’
722 2198 803 2225 αὐτὸν
830 2200 876 2233 ὲρ-

79 2243 211 2278 χομέκνην
226 2242 318 2279 ὀργὴν,
336 2243 540 2278 ἀφαιρουμένην
563 2244 643 2270 αὑτοῦ
666 2244 715 2276 τὴν
733 2244 787 2270 τῶν
800 2253 876 2279 χαρι-

79 2291 204 2324 σμάτων
229 2289 377 2324 ἐνέργειαν,
395 2290 441 2316 καὶ
466 2290 567 2325 ἔρημον
597 2290 678 2317 αὑτὸν
704 2290 878 2317 καθιστῶσαν

77 2335 136 2370 τῆς
159 2334 228 2365 τέως
239 2335 408 2370 φρουρούσης
424 2335 572 2370 δυνάμεως.
591 2335 704 2369 Ἀφελῶ
720 2337 756 2370 γα
780 2355 792 2373 ,_
800 2337 877 2370 φησὶ,

78 2383 142 2408 τόν
159 2380 295 2415 φραγμὸν
308 2381 410 2413 αὐτοῦ,
429 2382 492 2416 περὶ
508 2380 554 2407 τοῦ
568 2381 723 2416 ἀγνώμονος
739 2380 848 2417 Ἰσραὴλ
865 2383 880 2408 ὁ

78 2428 158 2458 Θεὸς
173 2426 271 2460 λέγων,
293 2426 341 2453 καὶ
355 2427 439 2454 ἔσται
454 2428 497 2459 εὶς
511 2428 678 2462 διαρπαγήν
693 2436 701 2444 ·
717 2428 766 2454 καὶ
789 2431 878 2456 καθε-

77 2473 129 2500 λῶ
148 2471 205 2498 τὸν
224 2471 325 2505 τοῖχον
340 2471 442 2503 αὑτοῦ,
459 2472 507 2498 καὶ
525 2472 611 2498 ἔσται
640 2473 684 2504 εἰς
706 2473 879 2506 καταπάτη-

72 2527 128 2554 μα
147 2526 155 2532 ·
174 2517 223 2544 καὶ
237 2517 340 2550 ἀνήσω
359 2517 411 2544 τὸν
436 2517 598 2552 ἀμπελῶνὰ
616 2527 686 2552 μου,
700 2518 751 2545 καὶ
772 2520 808 2546 οὺ
832 2522 874 2553 μὴ

76 2563 203 2599 τμηθῇ,
228 2563 298 2590 οὐδὲ
326 2563 366 2598 μὴ
397 2563 501 2597 σκιαριῖ
517 2572 522 2578 ·
541 2564 590 2590 καὶ
621 2564 804 2599 ἀναϐήσεται
831 2567 875 2597 εἰς

76 2609 190 2636 αὐτὸν
203 2608 243 2640 ὡς
255 2609 297 2641 εις
311 2609 422 2642 χέρσον
441 2608 572 2639 ἄκανθα,
588 2609 636 2635 καὶ
658 2609 722 2642 ταῖς
737 2610 877 2644 νεφέλαις

76 2653 272 2688 ἐντελοῦμαι
285 2653 338 2680 τοῦ
350 2653 392 2687 μὴ
405 2653 511 2687 ,βρέξαι
522 2654 564 2686 εὶς
579 2654 682 2681 αὐτόν.

119 2732 147 2748 ⁵⁸
166 2729 219 2758 Isa.
236 2738 262 2763 v,
278 2730 304 2763 5,
319 2729 344 2756 6.

121 2798 243 2836 (x)'l"g_‘
261 2798 379 2836 ἑᾳυξοῦη
387 2797 588 2836 ζημιοςξμενος.
608 2797 687 2836 “ipse
705 2797 757 2836 sibi
781 2802 876 2836 auctor

75 2832 241 2866 amittendi
254 2833 349 2860 salutis
365 2833 445 2859 ﬁnem
458 2832 554 2867 (Deum
576 2832 691 2867 scilicet)
707 2832 820 2866 ejusque
837 2833 876 2866 ja—

76 2877 194 2901 ctura.
209 2868 287 2902 Quod
295 2869 334 2896 sic
346 2869 460 2901 clarum,
474 2867 564 2900 Picus,
576 2867 638 2900 hoc,
653 2871 680 2894 et
693 2874 751 2902 seq.
771 2874 844 2902 cap.,
859 2876 875 2895 α

893 2222 916 2250 Ι)

922 1613 980 1635 tum
1005 1609 1079 1643 quod
1102 1609 1136 1635 ad
1159 1609 1307 1641 actionem,
1327 1614 1385 1635 tum
1398 1608 1471 1643 quod
1488 1609 1522 1635 ad
1539 1609 1710 1642 contempla-

922 1655 1026 1681 tionem
1050 1654 1172 1682 attinet:
1198 1662 1254 1689 quo
1269 1654 1387 1686 scilicet,
1405 1654 1541 1681 naturalis
1558 1661 1614 1680 sum
1633 1652 1710 1679 inﬁr-

922 1700 1028 1727 mitatis
1047 1707 1128 1727 sensu
1155 1704 1297 1734 percepto,
1312 1707 1341 1726 se
1361 1702 1560 1734 protegentem,
1584 1700 1709 1733 bonaque

923 1746 1013 1772 omnia
1032 1750 1217 1780 praestantem,
1233 1745 1355 1772 divinam
1369 1745 1520 1780 potentiam
1538 1745 1708 1780 gratiamque

923 1795 1062 1826 agnoscat,
1076 1794 1104 1817 et
1115 1790 1294 1823 humilietur;
1312 1798 1345 1817 ac
1358 1790 1456 1825 procul
1468 1790 1580 1817 omnino
1591 1791 1708 1817 alienant

924 1841 1005 1871 atque
1019 1845 1034 1863 a
1044 1840 1149 1863 natura:
1166 1836 1320 1863 rationibus
1332 1836 1540 1868 abhorrentem,
1557 1835 1709 1863 celsitatem

924 1881 1052 1916 abjiciat;
1077 1889 1112 1908 nc
1132 1881 1185 1908 alia
1201 1881 1242 1907 ira
1266 1881 1305 1907 illi
1327 1880 1515 1915 superveniat,
1534 1889 1586 1915 qua
1605 1881 1710 1908 scilicet

925 1927 1064 1954 concessis
1076 1926 1157 1953 donis
1172 1926 1270 1953 ablatis
1291 1926 1464 1958 humiliatus,
1486 1925 1513 1952 in
1532 1926 1620 1960 ipsius
1638 1925 1709 1952 bona

925 1972 1075 2006 prtehentis
1093 1979 1204 1998 sensum
1216 1971 1318 1998 veniat.

962 2061 1005 2088 l7.
1018 2060 1071 2093 Qui
1087 2061 1177 2096 primo
1198 2060 1245 2088 irae
1264 2068 1365 2095 genere
1383 2059 1422 2094 (id
1442 2063 1495 2091 est,
1512 2058 1710 2093 derelictionis)

928 2106 1040 2133 minime
1063 2105 1227 2132 emendatus
1254 2109 1306 2136 est,
1335 2108 1365 2131 ut
1396 2104 1516 2138 seipsum
1542 2103 1710 2135 hulniliaret,

927 2152 1089 2179 existimans
1102 2152 1195 2186 probra
1211 2150 1389 2186 gratitudinis
1401 2157 1460 2176 eam
1470 2149 1626 2184 magistram
1640 2157 1711 2181 esse,

929 2201 1043 2227 alteram
1061 2200 1142 2234 plane
1156 2199 1185 2225 in
1200 2206 1229 2224 se
1249 2197 1406 2224 venientem
1430 2196 1498 2223 iram
1513 2195 1641 2229 excipiet,
1662 2195 1710 2222 dos

930 2253 1028 2272 uorum
1042 2245 1097 2272 vim
1110 2249 1258 2277 actumque
1273 2243 1455 2274 auferentem,
1468 2241 1657 2275 hactenusque
1670 2245 1698 2267 tu
1709 2255 1714 2260 -

931 2296 987 2318 tum
1010 2298 1073 2317 eum
1091 2293 1236 2324 praestante
1257 2288 1380 2322 potentia
1397 2292 1478 2322 atque
1493 2286 1605 2318 virtute,
1624 2286 1712 2320 ipsum

930 2337 1126 2365 dcnudanteln.
1137 2334 1266 2369 Auroram
1275 2333 1360 2364 enim,
1370 2332 1459 2366 inquit
1470 2332 1551 2362 Deus,
1561 2330 1595 2357 de
1606 2330 1712 2364 ingrato
1750 2344 1754 2349 ο

932 2382 1031 2409 lsraele
1048 2382 1176 2415 loquens,
1190 2387 1277 2414 sepem
1292 2379 1359 2410 eius,
1377 2381 1401 2403 et
1417 2378 1466 2403 erit
1480 2377 1507 2402 in
1522 2376 1712 2410 direptionem:

931 2428 1087 2461 diruamque
1098 2426 1240 2452 maceriam
1253 2425 1320 2459 ejus,
1337 2428 1360 2450 et
1373 2424 1421 2450 erit
1436 2424 1464 2450 in
1481 2421 1712 2448 ronculcationem.

933 2474 966 2501 Et
981 2472 1129 2506 relinquant
1145 2471 1248 2497 vineam
1270 2476 1365 2499 meum,
1377 2471 1401 2493 εἰ
1417 2475 1467 2493 non
1485 2466 1621 2501 putabitur
1632 2473 1714 2500 neque

930 2519 1046 2555 fodietnr
1058 2525 1065 2543 :
1078 2520 1101 2542 ει
1116 2514 1235 2541 ascendet
1250 2514 1277 2539 in
1291 2520 1361 2543 eum,
1371 2515 1400 2537 ut
1420 2511 1446 2536 in
1462 2515 1560 2536 terram
1572 2508 1714 2539 desertam,

929 2553 1026 2600 spina;
1040 2567 1063 2589 ει
1077 2561 1186 2589 nubibus
1199 2558 1328 2587 mandabo
1340 2566 1371 2584 ne
1379 2556 1472 2592 plnaul
1482 2563 1562 2590 super
1574 2563 1632 2582 eam
1645 2553 1678 2580 ⁸¹ι

931 2804 1014 2830 seipse
1042 2792 1302 2830 aﬂiciens‘injuria,
1330 2788 1505 2821 coruumelt'a;
1536 2787 1609 2823 quod
1632 2788 1713 2816 ulmis

930 2828 1101 2859 crassumac
1112 2828 1243 2864 supinum
1258 2830 1310 2854 est.
