1920 3076
127 131 197 164 1269

459 134 626 165 CAPITUM
643 135 853 170 QUINQUIES
872 135 1131 167 CENTENORUM
1150 138 1345 169 CENTURIA
1365 139 1422 169 IlI.

1677 138 1745 170 1270

122 187 176 221 τὴν
188 186 359 223 φρουροῦσαν
375 187 424 223 τὴν
437 188 527 224 ψυχὴν
544 189 635 224 χάριν,
645 189 693 216 καὶ
706 188 810 225 ἔρημον
828 198 905 216 κατα.-

965 198 1062 226 nempe
1077 192 1191 226 gratiam
1204 192 1322 220 animam
1340 194 1508 221 munientem
1525 193 1641 226 auferat,
1659 194 1750 229 ingra-

122 232 312 267 λιμπᾴνουσαν
328 233 374 260 τὸν
388 233 533 270 ἀγνώμονα
546 234 619 262 νοῦν.

159 323 214 353 κγ’,
235 320 318 355 Ὀργὴ
335 322 468 356 σωτήριος
479 323 563 354 ἐστιν,
581 323 597 358 ἠ
615 323 682 358 πρὸς
690 323 719 350 τδ
735 323 912 359 πολεμεῖσθαι

122 365 170 392 τὸν
198 365 374 402 ὑψηλόφρονα
397 368 459 394 νοῦν
480 369 538 400 τοῖς
554 369 669 397 πάθεσιν
685 369 737 396 ὑπὸ
749 370 804 396 τῶν
820 370 913 405 δαιμό-

121 419 188 442 νων,
207 410 266 438 θεία
279 412 452 448 συγχώρησις
466 422 474 429 ο
492 414 535 441 ἴνα
545 414 602 450 γνῷ
613 415 726 450 πάσχων
737 415 853 450 ἀτίμως,
868 416 912 442 ἐπ’

121 455 236 490 ἀρεταῖς
265 457 532 493 μεγαλαυχούμενος,
550 458 591 490 τίς
615 459 629 485 ὁ
654 459 756 485 τούτων
792 459 911 496 ὑπάρχει

121 499 206 534 δοτήρ
279 501 392 536 γένηται
408 502 461 529 τῶν
483 503 634 540 ἀλλοτρίων
652 505 766 540 γυμνὸς,
779 505 850 542 ἅπερ
874 505 911 537 ὡς

123 545 164 581 μὴ
178 545 279 579 λαὸὼν,
293 546 365 582 ἔχειν
377 548 498 583 ἐνόμιζε,

160 634 208 660 κδ’.
226 635 368 671 Μακάριος
396 636 480 669 ὅντως
501 638 602 670 ἐκεῖνος
616 639 630 665 ὁ
643 639 714 671 νοῦς,
729 641 742 665 ὁ
756 641 812 670 τοῖς
835 639 910 667 οὖσιν

121 678 226 706 ἅπασιν
247 680 396 714 ἐπαινετῶς
426 682 569 709 ἀποθανών
585 692 592 699 ο
608 685 664 715 τοῖς
681 685 731 719 μὲν
758 685 909 720 αίσθητοῑς.

120 725 157 759 τῇ
170 725 298 752 ἀποθέσει
321 726 370 761 τῆς
387 727 446 753 κατ’
462 727 588 762 αἴσθησιν
610 729 750 764 ἐνεργείας
766 737 773 744 ·
798 730 856 761 τοῖς
882 729 910 756 δὲ

121 771 242 804 νοητοῖς,
258 771 290 805 τῇ
315 771 366 806 τῆς
388 773 486 806 νοερᾶς
511 773 665 800 ἀποπαύσει
695 775 839 808 κινήσεως.
855 775 907 809 Ση-

121 814 241 849 μείωσαι
255 815 284 841 δὲ
301 816 342 842 ὅτι
356 815 402 842 νοῦ
416 816 531 843 θάνατον
546 817 740 853 ἐπαινούμενον
755 818 846 852 λέγει,
858 818 908 853 τὴν

965 241 1074 271 tamque
1088 243 1207 265 mentem
1224 243 1306 273 atque
1326 238 1480 275 improbam
1498 247 1612 267 vacuam
1631 240 1750 268 derelin-

963 287 1039 316 quaL

997 327 1040 355 ‘25.
1056 328 1098 355 Ira
1106 329 1234 357 salutaris
1246 335 1298 362 est,
1311 331 1404 358 divina
1415 330 1559 366 permissio
1575 330 1750 365 impugnandi

963 373 1081 400 animam
1098 375 1152 401 alta
1177 375 1327 409 sapientem
1349 376 1502 403 daemonum
1517 383 1610 410 opera,
1627 377 1673 410 qui
1691 376 1752 403 libi-

962 419 1042 446 dines
1059 424 1141 455 atque
1165 421 1281 449 aﬂ'ectus
1307 423 1492 455 succendant;
1509 427 1539 450 ut
1555 422 1619 449 dum
1635 423 1751 456 turpiter

962 473 993 492 ac
1010 463 1190 500 ignotitiniose
1205 467 1331 499 adicitur,
1354 469 1401 503 qui
1421 469 1550 496 virtutum
1567 468 1678 495 nomine
1691 469 1750 503 glo—

962 511 1097 544 riabatur,
1112 513 1221 540 noverit
1241 514 1304 548 quis
1327 514 1435 541 illarum
1456 513 1492 541 sit
1505 514 1601 547 dator;
1615 519 1662 541 aut
1676 518 1751 541 certe

963 557 1061 584 alienis
1078 557 1209 591 nudetur,
1224 567 1286 593 quae
1302 559 1343 587 sic
1361 559 1461 587 habere
1481 559 1663 592 existimabat,
1676 568 1708 587 ac
1727 561 1749 588 si

962 610 1017 629 non
1036 605 1200 638 accepisset.

995 647 1039 674 9-1.
1055 648 1154 676 Beatus
1166 657 1262 677 revera
1277 650 1322 677 ille
1339 651 1457 682 animus,
1476 651 1521 685 qui
1535 651 1642 677 cunctis
1654 651 1749 678 lauda—

961 691 1054 719 biliter
1077 693 1160 721 rebus
1177 701 1304 722 mortuus
1325 699 1385 727 est;
1412 695 1445 722 iis
1466 695 1578 730 quidem
1594 703 1653 729 quin
1667 703 1749 722 sensu

959 729 1160 771 percipiuntur,
1172 738 1277 774 objecta
1298 740 1434 767 sentiendi
1448 741 1624 774 operatione;
1639 740 1673 767 iis
1684 749 1750 767 vero

960 790 1020 817 qua:
1047 788 1148 817 mente,
1175 785 1330 823 cessatione
1354 786 1388 814 ab
1416 786 1585 821 intelligendi
1611 791 1686 814 motu
1719 794 1750 814 ac

960 828 1110 857 iunctione.
1123 830 1278 858 Notandum
1293 840 1358 859 vero
1389 832 1556 860 laudabilem
1574 833 1659 860 animi
1679 841 1751 859 mor-

121 861 192 896 πρὸς
209 863 299 888 πάντα
313 863 347 888 τὰ
359 862 425 889 ὄντα
444 863 588 898 γνωμικὴν
604 864 767 898 ἀπογένεσιν
784 865 834 900 (y),
849 865 905 899 μεθ’

962 878 1015 901 tem
1040 875 1189 910 appellare,
1212 885 1274 912 quae
1295 878 1436 905 voluntate
1452 877 1591 913 animique
1614 879 1749 906 sententia

119 907 156 942 ῆν
171 906 219 941 τὴν
230 907 290 943 θείᾳ
301 908 392 943 χάριτι
410 908 483 944 ζωὴν
501 909 678 944 ὑποδέχεσθαι
694 911 815 944 πέφυκεν
826 919 833 926 ·
847 911 908 937 ἀντὶ

114 952 178 987 ¹’τῶν
201 952 295 986 ὄντων,
310 953 340 980 τὸ
361 954 447 982 αἴτιον
472 954 526 981 τῶν
545 955 630 982 ὄντων
656 956 823 991 ἁνεννοὴτως
837 956 905 983 ἀπο-

119 996 222 1024 λαϐὼν.

158 1093 206 1111 κε.
222 1086 364 1122 Μακάριος
380 1089 394 1114 ὁ
420 1089 541 1123 συνάψας
567 1089 598 1116 τὸ
619 1090 667 1125 μὲν
689 1091 840 1125 πρακτικὸν
868 1091 906 1126 τῷ

118 1130 193 1157 κατὰ
222 1131 304 1164 φύσιν
328 1133 448 1169 ἀγαθῷ·
466 1134 498 1161 τὸ
524 1135 552 1161 δὲ
578 1134 755 1174 θεωρητικὸν2
773 1137 806 1171 τῇ
836 1135 906 1162 κατὰ

117 1173 203 1208 φύσιν
222 1175 346 1211 ἀληθείᾳ.
366 1177 445 1204 Πᾶσα
467 1179 522 1213 γὰρ
549 1178 658 1213 πρᾶξις,
673 1179 718 1205 διὰ
744 1173 775 1205 τὸ
802 1178 905 1212 ἀγαθὸν

118 1221 243 1253 γίνεσθαι
262 1221 366 1255 πέφυκε
381 1231 388 1238 '
403 1223 450 1249 καὶ
466 1224 541 1252 πᾶσα
556 1224 666 1257 θεωρία,
678 1224 727 1260 τὴν
748 1224 848 1259 γνῶσιν
862 1225 905 1252 διὰ

119 1265 206 1300 μόνην
221 1266 298 1301 ζητεῖ
312 1267 360 1302 τὴν
375 1268 506 1303 ἀλήθειαν
523 1276 530 1283 ·
546 1265 584 1295 ὧν
602 1269 798 1297 διανυσθέντων
808 1292 815 1304 ,
828 1271 906 1299 οὐδὲν

117 1310 197 1337 ἔσται
216 1312 357 1339 τοσὺνο).ον
377 1313 407 1339 τὸ
421 1313 539 1349 πλῆττον
556 1315 605 1349 τῆς
623 1315 713 1350 ψυχῆς
730 1316 761 1342 τὸ
787 1326 902 1352 πρακτι-

118 1356 178 1388 κὸν,
196 1356 258 1383 οὔτε
273 1357 325 1393 μὴν
339 1359 369 1385 τὺ
387 1359 555 1394 θεωρητικὸν
572 1361 669 1395 αὐτῆς,
682 1361 726 1388 διὰ
746 1362 828 1393 ξένων
845 1362 904 1397 δρι-
924 1378 927 1381 ι

119 1401 222 1437 μύττον
246 1402 432 1439 θεωρημάτων
451 1413 457 1419 ·
479 1407 580 1438 παντὸς
603 1407 730 1433 ἐπέκεινα
757 1408 905 1443 γενομένης

118 1446 169 1474 καὶ
184 1447 270 1480 ὄντος,
290 1448 337 1476 καὶ
352 1450 510 1486 νοουμένου,
528 1452 576 1478 καὶ
595 1452 636 1483 εἰς
649 1452 730 1479 αὐτὸν
741 1453 905 1488 είσδυσὰσης

117 1492 166 1552 ἐδέ
180 1492 250 1547 Θεὸν.
263 1494 308 1521 τὸν
324 1495 404 1530 μόνον
418 1497 520 1530 ἀγαθὸν
541 1499 587 1525 καὶ
606 1497 743 1534 ἀληθινὸν,
759 1499 806 1526 καὶ
835 1500 904 1537 ὑπὲρ
919 1523 939 1552 C

119 1539 212 1565 πᾶσαν
225 1540 319 1567 οὐσίαν
336 1542 400 1569 ὄντα
414 1543 461 1570 καὶ
477 1544 580 1580 νόησιν.

157 1675 214 1705 κε’.
227 1674 386 1710 Πρακτικῆς
403 1676 502 1712 ἀρετῆς
529 1677 604 1709 τέλος
618 1677 689 1706 εἶναί
704 1688 770 1713 φασι
790 1680 820 1707 τδ
839 1682 906 1714 ἀγα-

119 1717 179 1745 θόν.
192 1718 277 1746 Τοῦτο
291 1720 329 1752 δὲ,
347 1720 421 1753 θείας
440 1722 581 1757 ἐνεργείας
603 1724 720 1760 ὑπάρχει
741 1726 907 1762 συμπλήρω-

120 1772 175 1795 σις,
191 1765 259 1799 πρὸς
280 1765 313 1800 ἢν
333 1766 393 1800 ἄγει
414 1767 445 1793 τὸ
466 1767 573 1802 λογικὸν
591 1769 640 1803 τῆς
661 1770 760 1805 ψυχῆς,
775 1771 813 1806 τῷ
828 1771 906 1807 θυμῷ

120 1809 170 1835 καὶ
200 1811 232 1844 τῇ
265 1810 398 1846 ἐπιθυμίᾳ
430 1812 570 1848 χρώμενον
601 1814 672 1841 κατὰ
700 1815 802 1849 φύσιν·
831 1817 859 1843 ἐν

118 1855 150 1881 τὸ
164 1854 224 1881 καθ’
241 1855 369 1890 ὁμοίωσιν
386 1857 582 1892 ἀναφαίνεσθαι
605 1859 710 1894 πέφυκε
727 1861 828 1893 κάλλος
842 1862 878 1898 (ι)
897 1871 903 1878 ·

119 1901 292 1936 θεωρητικῆς
318 1901 346 1928 δέ
377 1911 442 1937 φασι
471 1904 630 1938 φιλοσοφίας
653 1904 722 1932 εἶναι
753 1906 801 1942 τὴν
836 1907 904 1943 ἀλή-

119 1947 197 1972 θειαν
210 1967 217 1978 ,
231 1947 308 1978 τέλος
324 1955 331 1963 ·
350 1949 410 1983 ἥτις
425 1950 536 1985 ἀμερῶς
551 1952 605 1978 τῶν
623 1951 687 1986 περὶ
696 1952 763 1979 Θεὸν
777 1953 905 1980 ἁπάντων

118 1992 241 2027 ὲνοειδής
255 1994 312 2021 ἐστι
330 1995 440 2028 γνῶσις,
456 1996 524 2031 πρὸς
548 1997 582 2031 ἣν
605 1998 619 2023 ὁ
643 1997 762 2033 καθαρὸς
792 2000 906 2034 φέρεται

118 2036 193 2068 νοῦς·
208 2038 363 2071 ἀποσϐέσας
379 2040 476 2066 ἑαυτοῦ
491 2041 630 2074 παντελῶς
642 2043 692 2078 τὴν
704 2044 763 2070 κατ’
780 2044 906 2080 αῐσθησιν

119 2082 212 2118 κρίσιν
228 2092 234 2099 ·
250 2081 309 2121 ἐνῇ
336 2084 445 2120 (γνώσει
473 2086 604 2122 δηλονότι)
629 2088 772 2124 ἀκίϐδηλον
798 2089 829 2117 τὸ
857 2091 906 2126 τῆς

119 2128 196 2161 Θείας
211 2129 315 2162 εἰκόνος
330 2131 436 2166 ἀξίωμα
448 2132 595 2160 δείκνυται.

155 2213 208 2246 κζ’.
225 2215 232 2223 ‘
251 2204 346 2247 Οὐδεὶς
357 2215 467 2243 δύναται
486 2217 532 2244 τδν
552 2217 618 2245 Θεὸν
636 2219 758 2254 εὐλογεῖν
782 2220 900 2257 ἀληθῶς,

161 2282 222 2310 ‘Cf.
237 2284 270 2311 ad
287 2284 408 2313 Thalass.
424 2294 451 2321 q.
469 2287 513 2314 M.

157 2343 196 2379 (ῃ)
215 2345 366 2385 Tigri:de
384 2346 482 2373 πάντα
500 2349 535 2375 τὰ
553 2349 624 2375 ὄντα
653 2351 806 2385 γνωμικὴν
831 2353 904 2380 ἁπο-

118 2379 250 2420 γένεσιγ.
280 2380 323 2408 Uti
336 2382 440 2414 γένεσις
454 2387 553 2420 notam
570 2388 628 2420 est;
646 2379 813 2419 ἑιγίνεσθὰι,
826 2379 901 2420 oriri,

118 2415 147 2441 in
164 2422 253 2453 rerum
265 2419 399 2453 ﬂaturam
413 2417 539 2453 produci;
565 2419 604 2444 sic
622 2415 791 2453 ἀπο-γένεσις,
807 2415 903 2449 Ηρδίιίο

119 2453 200 2487 atque
216 2449 336 2487 iii/tilum.
346 2449 426 2487 Mens
435 2459 499 2487 ergo
512 2449 688 2480 laudabiliter:
700 2449 825 2487 moritur,
839 2464 901 2483 cum

120 2484 161 2510 sic
179 2484 306 2524 se'habet
320 2485 354 2512 ad
368 2493 410 2524 res
425 2484 562 2524 alia—suae
586 2488 608 2514 si
634 2496 668 2514 ne
682 2494 754 2515 esset
773 2484 901 2524 quidem;

120 2518 194 2552 quod
212 2519 265 2545 illis
278 2520 425 2553 superatis,
452 2523 498 2548 uni
509 2522 565 2548 Deo
589 2526 616 2549 et
630 2523 736 2550 auctori
762 2518 820 2552 tota
849 2518 902 2552 im—I

119 2553 321 2595 pendituyd‘lon
334 2554 400 2581 satis
416 2555 506 2588 Picus,
523 2562 697 2591 spontaneum
710 2560 826 2595 omnium
845 2568 903 2595 quae

119 2591 183 2614 sunt
202 2588 470 2627 p:iva_llione_m;qrum
486 2588 741 2626 essetpaupertatis
767 2588 902 2627 deiini'tio,

122 2629 179 2661 _non
208 2623 378 2661 excellentiae
409 2623 469 2661 ejus
493 2623 604 2661 status,
626 2623 726 2661 'quem
769 2623 907 2656 Maximus

121 2657 242 2717 igtendit
256 2657 554 2695 :lescriberefllesyeh.
580 2657 786 2696 ἀπογενόμενοι,
801 2663 907 2690 ἀποθα-

121 2701 134 2717 ν
150 2700 220 2717 ντες.

120 2700 220 2723 νοντες.

156 2727 195 2766 (ε).
201 2727 251 2754 Ἐν
258 2723 315 2766 τὸ
325 2729 389 2755 καθ’
398 2729 539 2766 ὁμοίωσιν
547 2730 762 2765 ἀναφαίνεσθαι
773 2732 908 2766 πέφυκεν

120 2761 244 2800 κᾴνίλοςἴ
318 2771 369 2800 ᾳιιρ
395 2761 584 2799 complementa
606 2761 705 2793 'dieina:
734 2761 904 2800 operationis,

119 2797 201 2824 elucet
221 2797 402 2826 similitudinis
417 2797 513 2827 (letor:
533 2800 557 2827 id
575 2801 647 2835 quod
669 2797 758 2829 estad
780 2797 904 2830 similitu;

959 923 1012 951 est,
1031 927 1096 955 erga
1113 928 1157 948 res
1169 929 1265 949 omnes
1275 922 1354 957 quasi
1368 923 1510 950 decessum
1523 929 1554 950 ae
1566 922 1728 950 desitioncm
1740 932 1747 955 ;

958 969 1115 999 postquam,
1140 974 1201 1001 qua
1229 975 1279 1002 per
1303 968 1418 1002 gratiam
1448 972 1501 1000 est,
1538 968 1622 995 vitam
1665 968 1749 995 habet

959 1010 1115 1045 suscipere;
1129 1018 1221 1039 rerum
1240 1012 1310 1045 loco,
1329 1013 1418 1047 ipsum
1434 1020 1527 1040 rerutn
1543 1013 1690 1040 Auctorem
1705 1021 1748 1041 re-

959 1053 1080 1087 cipiens,
1091 1063 1145 1089 qua
1158 1063 1239 1082 nemo
1251 1056 1386 1092 intelligat
1398 1058 1515 1084 ratione.

992 1099 1037 1125 “25.
1058 1099 1158 1127 Beatus
1175 1101 1223 1135 qui
1242 1101 1339 1136 agendi
1358 1101 1414 1128 vim
1431 1102 1549 1129 naturali
1569 1102 1642 1129 bono
1661 1109 1746 1136 copu-

958 1143 1039 1176 lavit;
1056 1145 1164 1180 vimqne
1190 1147 1405 1181 contemplandi,
1430 1147 1549 1174 naturali
1572 1147 1683 1174 veritati
1699 1148 1748 1174 ad-

957 1186 1035 1214 dixit.
1057 1187 1149 1215 Omnis
1171 1189 1245 1216 enim
1268 1190 1349 1223 actio,
1375 1191 1438 1217 boni
1462 1198 1545 1218 causa
1569 1191 1626 1217 fieri
1647 1191 1746 1223 habet,

958 1233 1104 1268 omnisque
1133 1235 1328 1269 contemplatio
1353 1243 1400 1262 seu
1420 1236 1593 1270 -speculatio,
1623 1236 1746 1263 veritatis

960 1277 1047 1304 solum
1069 1278 1156 1313 gratia
1175 1279 1317 1307 scientiam
1339 1281 1438 1315 qtnerit
1456 1290 1463 1307 ε
1489 1281 1590 1316 quibus
1615 1281 1747 1309 absolutis

958 1327 1038 1358 atque
1056 1325 1186 1359 peractis,
1201 1325 1269 1353 nihil
1284 1334 1397 1360 prorsus
1409 1327 1473 1359 erit,
1490 1327 1563 1361 quod
1577 1327 1674 1362 agendi
1691 1327 1745 1353 vim

957 1368 1040 1395 animi
1058 1369 1148 1404 pulset
1165 1375 1213 1397 aut
1234 1370 1355 1398 offendat
1369 1392 1376 1403 ,
1394 1371 1518 1406 nihilque
1535 1371 1608 1406 quod
1625 1371 1745 1406 peregri-

956 1414 999 1441 nis
1012 1415 1205 1450 extraneisque
1228 1424 1259 1442 ae
1280 1417 1358 1444 novis
1380 1417 1594 1445 considerationi
1617 1417 1744 1452 objectis.

955 1460 1078 1495 ejusdem
1094 1461 1298 1495 contemplandi
1317 1462 1372 1488 vim
1393 1462 1518 1490 mordeat
1534 1471 1566 1489 ac
1578 1467 1722 1497 exasperet
1736 1471 1743 1488 :

957 1513 1018 1532 cum
1035 1506 1176 1539 nimirum,
1189 1511 1320 1542 superato
1334 1508 1469 1543 quidquid
1486 1513 1529 1535 est
1543 1516 1574 1535 ac
1594 1508 1742 1543 cogitatur,

959 1550 984 1577 in
997 1551 1085 1584 ipsum
1102 1551 1198 1584 Deum,
1217 1551 1263 1586 qui
1279 1553 1354 1579 solus
1370 1553 1459 1580 bonus
1476 1561 1611 1587 verusque
1624 1557 1676 1584 est,
1688 1560 1745 1579 om-

957 1594 1040 1628 nique
1070 1595 1191 1622 essentia
1224 1600 1252 1622 et
1282 1596 1425 1624 intellectu
1455 1598 1592 1632 superior,
1631 1597 1744 1625 immea-

957 1640 1039 1667 verit.

990 1686 1034 1712 26.
1048 1686 1123 1721 Ejus,
1137 1694 1197 1721 qum
1211 1687 1237 1713 in
1256 1687 1365 1714 actione
1382 1692 1519 1720 versatur,
1530 1688 1640 1715 virtutis
1651 1688 1743 1719 finem,

958 1730 1060 1757 bonum
1078 1739 1139 1758 esse
1154 1732 1241 1758 aiunt.
1258 1732 1315 1759 [Ioc
1329 1737 1432 1765 autem,
1454 1733 1554 1760 divinre
1575 1733 1743 1768 operationis

957 1776 1188 1810 complementum
1204 1777 1327 1810 exsistit;
1344 1778 1377 1805 ad
1390 1778 1463 1812 quod
1484 1778 1599 1805 facultas
1618 1779 1743 1812 rationis,

957 1820 996 1848 ira
1020 1825 1100 1848 utens
1124 1829 1156 1848 ac
1179 1823 1330 1857 cupiditate
1351 1827 1381 1850 ut
1403 1828 1507 1851 natura:
1531 1828 1743 1851 consentaneum

957 1871 1008 1898 est,
1023 1865 1115 1899 ducit;
1131 1867 1158 1893 in
1174 1875 1263 1902 eoque
1273 1869 1332 1903 ejus
1341 1869 1414 1903 quod
1427 1874 1468 1896 est
1478 1869 1511 1896 ad
1524 1870 1742 1901 similitudinem,

957 1911 1135 1946 pulchritudo
1152 1913 1242 1940 elucet
1259 1922 1264 1940 :
1283 1914 1421 1941 studentis
1434 1922 1501 1941 vero
1515 1915 1741 1949 contemplationi

957 1959 1138 1994 philosophia:
1155 1960 1247 1992 tinem,
1262 1960 1406 1987 veritatem
1421 1968 1482 1988 esse
1494 1961 1605 1993 dicunt;
1620 1961 1741 1988 omnium

957 2003 1061 2030 scilicet
1076 2003 1192 2032 indivise
1202 2004 1274 2031 circa
1284 2004 1368 2031 Deum
1379 2004 1567 2031 exsistentium
1579 2004 1741 2031 uniformem

957 2048 1112 2081 scientiam,
1128 2048 1208 2084 564
1222 2049 1255 2075 ad
1277 2056 1359 2083 quam
1382 2056 1460 2076 mens
1480 2056 1547 2083 pura
1566 2048 1665 2080 fertur;
1685 2052 1740 2074 tum

957 2094 1097 2126 nimirum,
1110 2101 1172 2121 cum
1181 2101 1278 2121 sensus
1287 2094 1423 2129 judicium
1441 2102 1455 2120 a
1468 2102 1496 2121 se
1510 2101 1623 2128 prorsus
1637 2093 1739 2123 exstin-

959 2139 1027 2165 xerit
1040 2148 1046 2166 τ
1066 2139 1093 2166 in
1110 2147 1163 2174 qua
1175 2140 1282 2175 (utique
1297 2139 1423 2175 scientia)
1439 2140 1545 2167 sincera
1560 2139 1660 2166 divinae
1675 2139 1738 2166 ima-

921 2185 942 2212 D
959 2184 1030 2219 ginis
1043 2185 1162 2219 dignitas
1178 2192 1238 2212 sese
1251 2184 1393 2220 magnifice
1409 2185 1509 2220 prodit.

991 2229 1034 2255 27.
1060 2229 1146 2256 Deum
1171 2237 1252 2257 nemo
1274 2238 1338 2257 vere
1361 2230 1525 2258 benedicere
1550 2234 1648 2266 potest,
1673 2231 1738 2266 quin

957 2356 1053 2391 dinem.
1065 2357 1158 2391 Itaque
1170 2357 1248 2390 ponit
1261 2357 1393 2384 Maximus
1403 2357 1592 2384 similitudinis
1605 2359 1738 2386 rationem

957 2389 983 2426 in
1002 2389 1154 2418 imitatione
1168 2389 1268 2418 divinm
1292 2392 1433 2423 bonitatis,
1455 2401 1515 2426 quae
1543 2393 1579 2420 sit
1607 2393 1633 2419 in
1659 2394 1739 2421 nobis

957 2424 1089 2461 virtutum
1103 2426 1177 2453 cultu
1186 2430 1214 2453 et
1227 2426 1335 2453 actione
1348 2435 1354 2452 :
1369 2424 1495 2461 imaginis
1511 2434 1576 2453 vero
1593 2428 1738 2460 rationem,

958 2459 984 2485 in
1004 2460 1202 2494 perfectissima
1218 2461 1262 2487 illa
1275 2461 1397 2487 omnium
1414 2459 1486 2488 circa
1500 2462 1586 2488 Deum
1606 2463 1734 2490 uniformi

956 2494 1082 2529 scientia,
1108 2503 1167 2529 qum
1193 2495 1333 2529 expressio
1347 2496 1383 2522 sit
1407 2495 1507 2523 divinae
1532 2496 1663 2523 veritatis.
1679 2498 1738 2524 Non

956 2528 1026 2555 bene
1045 2528 1142 2556 Picus:
1161 2529 1192 2556 In
1212 2538 1269 2564 qua:
1280 2538 1327 2563 pro
1343 2530 1517 2557 similitudine
1530 2530 1645 2564 reluccre
1671 2532 1737 2560 solet

956 2564 1090 2602 qnoildrmt
1115 2563 1316 2602 ornamentum:
1333 2565 1411 2602 quasi
1439 2565 1479 2596 τὸ,
1504 2567 1532 2602 ev
1592 2566 1692 2602 referat
1709 2568 1740 2593 τὸ

958 2598 1008 2635 τῆς
1023 2598 1122 2635 ψυχῇς,
1140 2607 1193 2625 non
1207 2599 1248 2630 τὸ,
1266 2598 1461 2634 συμπλήρωσις
1487 2601 1535 2635 τῆς
1547 2598 1635 2631 ’θείας
1662 2601 1739 2635 svsp-

959 2633 1050 2665 γείας.
1067 2633 1220 2668 Utrumque
1235 2641 1299 2660 sane
1313 2638 1341 2661 et
1355 2633 1518 2661 similitudo'
1530 2639 1557 2661 et
1588 2635 1675 2668 imago
1686 2655 1693 2664 .
1708 2633 1738 2663 in

958 2667 1050 2704 anima
1062 2667 1162 2704 elticet,
1173 2667 1232 2704 non
1246 2676 1295 2702 pro
1323 2669 1382 2704 ejus
1401 2669 1556 2696 substantia
1571 2667 1655 2704 (quod
1672 2671 1737 2697 atti-

958 2706 1005 2738 net
1020 2703 1052 2738 ad
1071 2702 1179 2738 Maximi
1196 2703 1241 2730 hic
1260 2702 1371 2738 scopum
1383 2703 1392 2738 )
1405 2704 1452 2730 sed
1467 2709 1550 2738 prout
1565 2702 1608 2731 vel
1635 2704 1737 2732 virtute

957 2737 998 2763 vel
1016 2737 1128 2764 scientia
1143 2737 1236 2771 pollet,
1252 2737 1354 2773 Deique
1365 2738 1392 2765 in
1406 2746 1434 2766 se
1451 2737 1601 2767 bonitatem
1615 2747 1646 2767 ac
1662 2740 1734 2768 veri-

958 2775 1039 2799 tatem
1055 2776 1169 2807 utraque
1185 2773 1278 2801 refert:
