1920 3076
867 110 880 117 ν

413 170 580 201 CAPITUM
598 169 810 207 QUINQUIES
829 168 1090 204 CENTENORUM
1108 169 1302 202 CENTURIA
1321 169 1378 199 III.

83 166 148 200 i273

1639 164 1710 198 13H

79 230 126 256 τοῦ
149 226 229 263 φύσει
240 226 343 261 ἀγαθοῦ
356 226 411 254 τῶν
424 227 592 262 μετεχόντων
610 227 778 258 ἀδιάπτωτος
787 225 860 261 ἡδονὶ

919 229 1018 253 natura
1033 225 1099 253 boni
1118 229 1182 254 sunt
1192 225 1350 260 participes,
1373 223 1449 251 ﬁrma
1464 231 1496 251 ac
1512 227 1642 252 constans
1659 231 1709 250 vo-

80 275 127 302 καὶ
142 272 291 309 ἀδιαίρετος
301 273 408 304 ἐνωσις.
419 272 468 300 Διὰ
482 273 512 300 δὲ
527 273 574 308 τῆς
587 272 726 308 ἀληθείας,
739 273 769 299 τδ
780 272 865 307 πέρας

81 323 174 350 πασῶν
190 319 349 354 ἐπεσήμανε
366 317 420 344 τῶν
446 317 585 352 γνώσεων,
600 318 647 344 καὶ
670 317 760 345 αὐτῶν
784 325 866 351 γινω-

81 365 219 400 σκομένων
235 372 242 380 ν
261 365 301 395 εἰς
316 364 394 399 ὅπερ,
411 364 449 396 ὡς
465 364 552 399 ἀρχὴν
574 364 622 390 καὶ
642 363 730 399 πέρας
756 363 865 390 πάντων

78 411 132 437 τῶν
146 411 240 442 ὄντων,
256 410 284 436 αἱ
302 409 374 436 κατὰ
390 409 470 444 φύσιν
482 410 604 445 κινήσεις
618 409 719 444 γενικῷ
728 416 783 441 jam
794 409 866 444 λόγῳ

79 456 253 482 συνέλκονται
270 463 277 469 ·
293 454 383 481 πάντα
405 454 526 490 νικώσης
551 454 622 481 κατὰ
643 455 725 489 φύσιν
740 455 778 486 ὡς
800 455 866 490 άληε

79 501 154 532 θείας
180 501 229 535 τῆς
251 499 304 526 τῶν
329 499 414 526 ὄντων
436 500 523 535 ἀρχῆς
551 500 599 526 καὶ
620 499 720 531 αἰτίας,
737 500 866 536 καὶπρὸς

79 547 179 581 ἑαυτὴν
199 545 381 581 συνελκούσης
397 545 451 573 τῶν
467 546 617 580 γεγονότων
628 546 678 581 τὴν
692 547 810 582 κίνησιν.

113 633 162 668 λβ’.
176 633 216 668 Τῇ
238 633 300 659 καθ’
317 633 455 669 ὑπεροχὴν
476 634 602 669 στερήσει
619 633 673 661 τῶν
691 634 810 667 πολλῶν,
827 634 866 666 ὡς

77 678 108 705 ἓν
132 679 179 704 καὶ
196 679 276 713 μόνον
293 679 310 714 ἠ
325 678 438 714 ἀλήθεια
462 679 584 714 πέφυκεν
598 679 802 714 ἀναφαίνεσθαι,
817 688 867 706 κα-

76 723 217 750 λύπτουσα
228 724 338 751 πάντων
352 725 407 751 τῶν
433 725 504 751 νοεῖν
520 724 537 760 ἢ
563 725 682 752 νοεῖσθαι
707 725 866 761 δυναμένων

77 772 128 801 τὰς
139 770 292 804 γνωστικὰς
308 770 446 805 δυνάμεις,
455 770 493 802 ὡς
509 771 578 806 ὑπὲρ
594 771 628 798 τὰ
642 771 755 799 νοοῦντὰ
773 781 803 798 τε
819 772 866 799 καὶ

75 816 211 851 νοούμενα
224 816 284 842 καθ’
298 815 415 851 ὕπαρξιν
428 816 592 852 ὑπερούσιον
607 815 684 845 οὖσα·
701 818 747 845 καὶ
758 818 864 853 ἀπείρῳ

75 862 192 897 δυνάμει
201 862 250 893 τὰς
263 862 333 888 κατὰ
345 862 395 897 τὴν
414 862 500 898 ἀρχὴν
520 863 566 890 καὶ
582 864 613 890 τὸ
624 864 702 896 τέλος
713 864 767 891 τῶν
781 865 865 891 ὄντων

75 906 234 942 ἀκρότητας
247 907 468 941 περιγράφουσα,
490 908 580 934 πᾶσαν
595 909 705 936 πάντων
717 909 785 945 πρὸς
800 910 864 936 ἑαυ-

74 951 126 985 τὴν
139 950 263 977 συνέλκει
278 951 386 986 κίνησιν
397 959 406 968 ”
423 952 480 982 τοῖς
503 952 553 987 μὲν
570 954 744 989 παρεχομένη
765 954 866 989 γνῶσιν

73 996 206 1031 ἀρίδηλον
215 993 249 1032 ἦς
269 996 460 1031 ἐστερήθησαν
479 997 590 1033 χάριτος
607 1006 614 1014 ·
632 999 689 1030 τοῖς
715 1000 744 1026 δὲ
764 1000 866 1036 δωρου-

75 1042 148 1076 μένη
164 1042 225 1068 κατ’
242 1041 370 1077 αἴσθησιν
388 1042 518 1078 ἄρρητον,
547 1041 580 1079 ἦς
600 1042 673 1080 εἴχον
703 1045 752 1082 τὴν
773 1047 866 1082 ἔφεσιν

73 1087 256 1124 ἁγαθότητος,
267 1089 300 1124 τῇ
315 1088 425 1124 μεθέξει
441 1090 562 1125 φανερὰν
573 1089 622 1126 τὴν
635 1091 793 1126 ἐπίγνωσιν.

75 1237 78 1239 λ
110 1208 163 1243 λγ.
189 1209 219 1236 '0
239 1210 311 1243 νοῦς,
336 1211 433 1245 σοφίας
458 1211 585 1248 ὄργανον,
618 1214 717 1248 φησιν’
732 1215 747 1240 ὁ
775 1215 864 1250 λόγος,

72 1253 205 1288 γνώσεως
222 1262 230 1270 '
246 1255 263 1290 ἡ
293 1255 354 1281 κατ’
382 1256 466 1291 ἄμφω
490 1258 592 1293 φυσικὴ
617 1258 801 1294 πληροφορία,
816 1261 866 1295 τῆς

73 1298 138 1325 κατ’
157 1298 242 1333 ἄμφω
259 1301 460 1336 συνισταμένης
476 1301 596 1334 πίστεως
608 1311 615 1318 ·
630 1303 677 1329 τοῦ
700 1303 728 1330 δὲ
754 1304 808 1331 τῶν
826 1305 866 1331 ία-

75 1343 174 1379 μὰτων
203 1345 384 1380 χαρίσματος,
405 1347 422 1381 ἡ
447 1349 550 1383 φυσικὴ
580 1348 781 1385 φιλανθρωπία.
807 1351 866 1378 Πᾶν

72 1389 132 1424 γὰρ
143 1390 267 1425 χάρισμα
279 1391 360 1424 θεῖον,
372 1393 524 1427 ἐπιτήδειον
534 1395 562 1420 ἐν
573 1395 637 1429 ἡμῖν
651 1394 708 1430 ἔχει
723 1396 768 1423 καὶ
780 1405 866 1432 προσ-

72 1435 157 1469 φυὲς,
174 1435 269 1472 ὥσπερ
288 1438 404 1473 δύναμιν
417 1460 425 1471 ,
442 1439 458 1474 ἢ
488 1439 544 1472 ἕξιν
565 1440 582 1475 ἢ
603 1441 734 1475 διάθεσιν,
749 1442 865 1478 ὅργανον

71 1479 211 1508 δεκτικόν.
220 1479 292 1515 Οἶον,
302 1484 317 1509 ὁ
331 1483 376 1510 τὸν
385 1484 446 1510 νοῦν
458 1484 550 1520 πάσης
563 1487 701 1522 αἰσθητῶν
715 1489 866 1523 φαντασίας

73 1526 195 1560 ποιήσας
219 1528 350 1562 καθαρὸν,
367 1530 474 1564 δέχεται
505 1531 618 1565 σοφίαν
633 1534 647 1560 ὁ
664 1533 692 1560 δὲ
713 1534 759 1561 τὸν
787 1536 864 1570 λόγον

71 1570 130 1596 τῶν
144 1571 274 1606 ἐμφύτων
286 1574 389 1608 παθῶν,
402 1575 488 1610 θυμοῦ
499 1577 572 1611 λέγω
587 1578 634 1605 καὶ
646 1580 804 1615 ἐπιθυμίας,
818 1590 866 1609 κα-

70 1617 217 1652 ταστήσας
233 1618 379 1655 δεσπότην,
393 1621 500 1657 δέχεται
517 1623 621 1657 γνῶσιν
635 1633 642 1641 ο
659 1626 673 1652 ὁ
687 1626 715 1653 δὲ
728 1627 778 1657 τὴν
794 1628 865 1655 κατὰ

72 1661 139 1709 acim
154 1664 202 1690 καὶ
219 1664 298 1698 λόγον
313 1667 377 1702 περὶ
391 1666 426 1694 τὰ
444 1667 502 1695 θεῖα
515 1669 661 1697 ἀσάλευτον
677 1661 864 1709 πληροφορίαν

71 1707 157 1743 ἔχων,
180 1709 229 1744 τὴν
248 1711 336 1738 πάντα
364 1712 517 1750 δυναμένην
540 1715 646 1751 δέχεται
677 1718 769 1745 πίστιν
783 1727 790 1734 ·
835 1720 864 1746 δὲ

69 1753 123 1790 τὴν
137 1756 256 1791 φυσικὴν
269 1758 446 1794 κατορθώσας
458 1761 665 1797 φιλανθρωπίαν
680 1765 749 1798 μετὰ
758 1764 807 1800 τήν
818 1774 864 1791 τε-

69 1800 152 1828 λείαν
183 1802 234 1836 τῆς
265 1803 409 1838 φιλαυτίας
436 1806 586 1842 ἀναίρεσιν,
603 1808 725 1844 ἰαμάτων
755 1810 863 1846 δέχεται

68 1846 240 1882 χαρίσματα.
684 1847 689 1854 “

106 1980 157 2010 λδ’.
173 1981 311 2015 Ἕκαστος
331 1985 410 2020 ήμῶν
421 2006 427 2018 ,
444 1988 515 2015 κατὰ
530 1989 579 2025 τὴν
595 1990 743 2026 ἀναλογίαν
756 1992 807 2027 τῆς
833 1995 862 2020 ἐν

66 2026 148 2073 ας)τῷ
156 2027 286 2061 πίστεως,
295 2038 410 2066 φανερου
415 2031 499 2068 μένην
509 2033 639 2070 κέκτηται
647 2036 693 2063 τοῦ
703 2026 862 2073 Πνεύματος

65 2072 122 2120 Τὴν
135 2073 292 2108 ἐνέργειαν.
308 2075 391 2103 Ὥστε
416 2079 519 2113 ταμίας
542 2081 661 2117 ὑπάρχει
680 2083 730 2117 τῆς
749 2084 861 2120 χάριτος

66 2118 188 2167 tardato;
212 2120 309 2167 ἑαυτοῦ
327 2130 334 2138 ·
352 2123 399 2149 καὶ
427 2125 519 2152 οὔποτ’
534 2125 568 2153 ἂν
598 2126 627 2155 εὖ
656 2118 764 2164 φρονῶν
789 2118 861 2167 άλλῳ

65 2163 234 2200 φθονήσειεν
253 2166 471 2203 ἐνευδοκιμοῦντι
490 2173 550 2203 ταῖς
577 2173 697 2208 χάρισιν.
721 2176 765 2201 ἐπ’
785 2163 861 2213 αὺτῷ

65 2211 207 2245 κειμένης
238 2213 287 2248 τῆς
312 2215 442 2252 δεκτικῆς
469 2218 523 2245 τῶν
542 2219 622 2247 θείων
643 2221 753 2256 ἀγαθῶν
768 2211 858 2251 διαθέλ

64 2264 152 2288 σεως.

103 2301 160 2352 λεῖ
170 2302 262 2352 Αἴτιον
273 2302 341 2352 εἶναι
368 2315 435 2343 φησι
463 2309 514 2344 τῆς
538 2310 592 2337 τῶν
621 2311 701 2339 θείων
727 2313 859 2352 διανομῆς

60 2347 191 2396 ἀγαθῷν,
203 2349 234 2375 τὸ
247 2351 347 2386 μέτρον
358 2353 408 2387 τῆς
419 2353 534 2380 ἑκάστου
550 2355 677 2388 πίστεως.
694 2358 791 2391 Καθὼς

62 2393 248 2440 πιστεύομεν,
265 2396 312 2422 καὶ
325 2396 374 2432 τὴν
385 2398 432 2424 ἐπὶ
446 2398 476 2425 τὸ
492 2399 622 2434 πράττειν
634 2402 685 2436 τῆς
700 2393 856 2440 προθυμίας

59 2438 190 2485 ἐπίδοσιν
205 2440 313 2475 ἔχομεν.
336 2442 365 2468 '0
380 2443 445 2477 γοῦν
462 2441 602 2479 πράττων,
622 2448 692 2475 κατὰ
714 2438 762 2485 τὴν
790 2438 853 2479 ανα-

57 2484 170 2533 λογίαν.
206 2486 256 2520 τῆς
297 2488 423 2523 πράξεως
458 2490 642 2520 ἐπιδείκνυται
684 2495 714 2522 τὸ
741 2484 856 2533 γμέτρον

59 2530 116 2578 τῆς
139 2531 276 2578 πίστεως,
301 2533 443 2569 δεχόμενος
474 2536 512 2568 ὡς
537 2538 680 2566 ἐπίστευσε
703 2541 733 2567 τὸ
758 2530 856 2578 μέτρον

55 2577 126 2623 ξτῖἧς⁸
143 2577 275 2623 χάριτος
301 2579 315 2605 ὁ
338 2579 367 2606 δὲ
391 2580 428 2616 μὴ
453 2583 591 2617 πράττων,
623 2586 693 2613 κατὰ
721 2588 770 2623 τὴν
790 2577 856 2616 ἀνα-

55 2621 164 2670 ito-{law-
177 2622 238 2670 τῆς
254 2624 390 2670 ἀπραξίας
414 2628 599 2656 ἐπιδείκνυται
627 2631 657 2658 τὸ
687 2621 786 2668 μέτρον
808 2636 858 2670 τῆς

56 2667 208 2715 ἀπιστίας,
229 2668 374 2715 δεχόμενος
392 2671 430 2704 ὡς
446 2673 591 2709 ὴπὶστησε,
608 2676 658 2712 τῆς
677 2667 790 2713 χάριτος
808 2667 857 2715 τήν

57 2712 206 2760 στέρησιν.
216 2713 321 2741 Οὐκοῦν
333 2717 426 2747 κακῶς
438 2721 510 2745 ποιεῖ
522 2720 676 2754 βασκαίνων
688 2725 744 2756 τοῖς
757 2712 855 2761 κατορ-

55 2755 160 2783 θοῦσιν
173 2758 188 2784 ὁ
203 2757 353 2794 φθονερὸς.
372 2761 415 2788 ἐπ’
433 2763 506 2799 αὖτῷ
528 2766 639 2801 σαφῶς,
657 2769 706 2796 οὐκ
723 2755 766 2796 ἐπ’
782 2755 854 2806 ἄλλῳ

102 2845 126 2861 ⁸³
143 2845 222 2874 Rom.
239 2856 285 2882 xu,
309 2853 331 2882 ϐ,

918 271 1009 306 luptas
1033 271 1206 305 indivisaque
1230 270 1296 298 unio
1316 274 1368 297 est.
1393 269 1524 296 Veritatis
1548 274 1640 296 autem
1660 277 1711 297 n0-

916 316 1002 348 mine,
1032 316 1157 343 omnium
1181 315 1355 347 notitiarum,
1383 314 1560 349 ipsorumque
1586 314 1710 341 omnium

916 368 977 395 quze
997 365 1152 388 noscuntur
1168 365 1250 395 alque
1269 359 1405 391 sciuntur,
1426 359 1506 386 linem
1527 358 1710 393 signiﬁcant;

916 407 944 433 in
965 414 1057 441 quem,
1074 411 1104 433 ut
1118 406 1284 442 principium
1305 406 1443 440 ﬁnemque
1463 411 1557 432 rerum
1574 405 1708 437 omnium,

916 453 1055 480 naturales
1069 457 1161 479 motus
1168 452 1290 487 generali
1303 451 1420 487 quadam
1435 450 1541 477 ratione
1552 455 1689 485 coguntur
1701 459 1709 477 :

916 506 979 525 cum
995 506 1094 533 nempe
1114 499 1206 526 vincat
1226 497 1317 525 omnia
1338 502 1466 531 tanquam
1485 495 1596 527 veritas,
1617 503 1709 523 rerum

917 543 1086 578 principium
1106 551 1137 571 ac
1156 551 1251 575 causa,
1272 546 1300 570 et
1322 542 1354 569 ad
1378 549 1417 574 se,
1433 549 1529 568 eorum
1544 548 1604 575 qua:
1620 545 1711 568 creata

917 593 991 621 sunt,
1004 590 1120 624 perinde
1131 593 1235 616 mottnn
1249 589 1348 616 trahat.

951 634 996 660 52.
1011 634 1050 660 Ea
1064 633 1212 660 multorum
1233 633 1400 668 privatione,
1421 640 1482 667 quae
1501 639 1551 667 per
1570 632 1710 659 excellen-

917 679 982 706 tiam
997 684 1049 711 est,
1067 679 1170 706 veritas
1192 683 1223 705 ut
1245 686 1329 705 unum
1351 682 1379 705 et
1392 678 1529 713 singulare
1543 681 1642 704 natura
1661 685 1711 705 sua

916 725 1017 756 elucet,
1032 725 1154 751 omnium
1169 732 1230 759 qua:
1243 724 1398 759 intelligere
1408 728 1457 751 aut
1473 724 1590 759 intelligi
1605 723 1710 757 valent,

917 770 1087 805 intelligendi
1098 770 1242 797 facultates
1253 770 1400 805 obtegens;
1419 770 1520 805 quippe
1537 778 1597 804 qum
1613 777 1711 804 super-

916 816 1054 843 essentiali
1078 816 1248 848 exsistentia,
1265 823 1328 842 cum
1341 816 1395 842 illis
1406 824 1466 850 qua:
1479 816 1644 850 intelligunt,
1653 820 1710 843 tum

916 868 978 895 quae.
996 861 1200 897 intelliguntur,
1227 861 1364 894 emineat;
1391 861 1553 895 inﬁnitaque
1575 862 1709 896 potentia,
1750 881 1754 885 .

917 913 1008 933 rerum
1034 906 1222 933 extremitates
1249 909 1277 933 et
1300 906 1430 940 principii
1456 906 1564 933 ratione
1589 910 1618 933 et
1647 906 1709 934 linis

916 951 1184 984 circumscribendo,
1206 959 1316 979 omnem
1341 952 1465 978 omnium
1491 952 1525 979 ad
1550 959 1579 979 se
1600 956 1707 979 motum

916 997 1020 1032 pariter
1033 997 1125 1024 trahat
1141 1005 1148 1023 :
1166 997 1228 1023 aliis
1244 996 1355 1031 quidem
1370 997 1430 1032 ejus
1440 997 1534 1032 gratiae
1546 1004 1599 1031 qua
1610 997 1710 1031 privati

915 1047 990 1076 sunt,
1004 1043 1106 1070 claram
1127 1043 1252 1070 notitiam
1275 1043 1418 1078 praebens;
1436 1043 1497 1070 aliis
1516 1050 1591 1074 vero,
1609 1050 1710 1070 arcano

915 1097 999 1117 Icnsu
1012 1097 1044 1117 ac
1056 1093 1149 1124 gustu,
1167 1097 1227 1116 eam
1241 1089 1404 1121 bonitatem,
1423 1089 1502 1123 cujus
1515 1088 1655 1116 desiderio
1667 1093 1711 1116 te-

916 1135 1065 1168 nebantur,
1087 1143 1121 1163 ex
1145 1135 1324 1170 perceptione
1346 1134 1491 1162 manifeste
1510 1134 1710 1169 agnoscendum

916 1180 1055 1207 tribuens.

951 1225 995 1252 55.
1013 1225 1182 1258 intellectus,
1201 1225 1342 1260 sapientize
1354 1232 1503 1260 organum;
1519 1225 1599 1257 ratio,
1618 1226 1710 1253 scien-

916 1270 977 1302 tiae;
1014 1270 1158 1304 utriusque
1193 1270 1327 1297 naturalis
1363 1270 1511 1302 certitudo,
1542 1270 1617 1302 ﬁdei,
1649 1278 1710 1305 qua:

916 1319 1034 1350 utraque
1048 1319 1164 1342 constat.
1190 1315 1258 1343 Doni
1279 1316 1439 1348 sanitatum,
1458 1316 1593 1343 naturalis
1611 1316 1709 1342 huma-

915 1361 987 1388 nitas
1008 1369 1040 1388 ac
1059 1361 1225 1396 benignitas.
1248 1360 1333 1388 Omne
1354 1361 1427 1388 enim
1448 1361 1571 1388 divinum
1594 1361 1709 1393 donum,

916 1407 1045 1434 idoneum
1063 1407 1090 1434 in
1113 1407 1194 1435 nobis
1208 1408 1450 1443 commodumque,
1470 1408 1545 1435 velut
1559 1408 1708 1443 potentiam

915 1455 964 1478 aut
976 1452 1101 1479 habitum
1120 1459 1169 1479 seu
1186 1452 1407 1487 dispositionem,
1422 1451 1554 1488 organum
1574 1453 1648 1480 illius
1660 1460 1708 1479 σοι

915 1504 967 1531 pax
986 1497 1078 1525 habet.
1094 1497 1218 1532 Exempli
1237 1505 1329 1530 causa,
1348 1498 1395 1532 qui
1417 1498 1451 1525 ab
1470 1498 1543 1525 omni
1566 1506 1658 1526 rerum
1680 1498 1709 1526 in

878 1556 900 1586 ο
916 1550 1027 1570 sensum
1042 1543 1200 1570 cadentium
1221 1543 1385 1578 cogitatione
1408 1544 1529 1570 animum
1542 1544 1708 1571 emundare-

916 1589 962 1619 rit.
982 1589 1144 1623 sapientiam
1159 1589 1256 1623 recipit
1273 1597 1279 1615 :
1301 1589 1347 1623 qui
1364 1596 1430 1616 vero
1448 1597 1544 1617 eorum
1559 1589 1708 1618 aﬁectuum

915 1633 962 1667 qui
982 1641 996 1660 a
1012 1638 1109 1660 natura
1122 1634 1203 1661 nobis
1221 1634 1297 1661 insiti
1317 1638 1381 1661 sunt
1397 1634 1454 1669 (irze
1466 1635 1572 1662 scilicet
1583 1639 1611 1662 et
1627 1635 1707 1670 cupi-

915 1677 1018 1712 ditatis)
1047 1679 1182 1706 rationem
1206 1679 1339 1706 arbitram
1361 1680 1546 1712 constituerit,
1569 1679 1650 1715 566
1680 1681 1705 1708 is

914 1723 1059 1754 scientiam
1073 1723 1193 1758 accipit:
1210 1724 1256 1758 qui
1271 1729 1362 1750 autem
1377 1728 1468 1751 mente
1484 1732 1516 1751 ac
1534 1725 1639 1752 ratione
1660 1725 1704 1752 in-

914 1776 1073 1796 concussam
1089 1769 1162 1796 circa
1175 1769 1266 1796 divina
1285 1770 1479 1797 certitudinem
1498 1775 1595 1797 nactus
1612 1776 1664 1802 est,
1681 1771 1706 1799 is

914 1814 989 1847 ﬁdei,
1003 1822 1063 1850 quae
1081 1815 1172 1842 omnia
1190 1819 1292 1850 potest,
1311 1823 1423 1850 compos
1435 1815 1552 1843 eﬁicitur
1565 1825 1572 1842 :
1586 1817 1633 1851 qui
1656 1817 1704 1844 dc~

913 1863 997 1898 nique
1013 1863 1121 1890 sublato
1138 1863 1259 1898 perfecte
1272 1871 1343 1891 caeco
1366 1863 1409 1891 sui
1431 1871 1524 1891 amore
1546 1871 1578 1890 ac
1599 1863 1705 1892 carnali

914 1909 1069 1945 (φιλαυτίαν
1084 1908 1194 1944 vocant)
1211 1909 1365 1936 naturalem
1373 1909 1571 1937 immanitatem
1588 1908 1705 1944 adeptus

912 1960 965 1988 est,
980 1957 1004 1984 is
1014 1956 1094 1983 donis
1104 1955 1251 1984 sanitatum
1270 1957 1383 1991 potitur.

947 2003 991 2029 54.
1007 2002 1129 2038 Quisque
1140 2007 1276 2036 nostrum,
1296 2010 1346 2038 pro
1358 2003 1418 2037 ejus
1435 2001 1498 2029 ﬁdei
1510 2003 1628 2035 ratione,
1644 2010 1707 2038 qua:

913 2047 940 2074 in
956 2047 1015 2081 ipso
1032 2051 1084 2079 est,
1106 2046 1279 2074 manifestam
1301 2047 1473 2074 nanciscitur
1494 2047 1614 2082 Spiritus
1636 2056 1707 2082 ope—

912 2092 1058 2119 rationem.
1074 2091 1202 2124 Proinde,
1219 2099 1274 2119 sum
1289 2092 1414 2126 quisquis
1425 2092 1518 2127 gratiae
1533 2093 1637 2120 arbiter
1649 2097 1702 2124 est,

911 2145 965 2164 nec
985 2137 1057 2164 ullus
1074 2144 1197 2172 unquam
1208 2137 1267 2164 sani
1283 2137 1380 2172 capitis
1400 2145 1434 2164 eo
1446 2138 1557 2164 nomine
1570 2138 1616 2165 alii
1627 2138 1706 2171 ,invi-

912 2185 994 2217 derit,
1010 2185 1083 2220 quod
1100 2185 1197 2220 gratiis
1215 2184 1335 2220 fulgeat;
1357 2185 1458 2220 quippe
1476 2192 1538 2212 cum
1560 2185 1704 2220 dispositio

877 2223 899 2251 Β
913 2232 1052 2266 animique
1068 2231 1177 2258 aﬁ'ectio
1189 2231 1345 2259 divinorum
1356 2239 1441 2267 capax
1458 2232 1605 2265 bonorum,
1626 2233 1653 2260 in
1667 2231 1703 2260 il-

912 2279 967 2306 lius
983 2278 1019 2304 sit
1028 2277 1080 2305 sita
1092 2277 1180 2304 libera
1195 2278 1349 2304 voluntate.
1467 2278 1473 2283 '

947 2323 991 2351 35.
1011 2323 1127 2350 Causam
1138 2330 1198 2350 esse
1211 2322 1249 2349 ait
1264 2323 1470 2350 distributionis
1481 2323 1637 2351 divinorum
1650 2323 1702 2351 bo-

912 2377 1021 2401 norum,
1038 2369 1100 2395 ﬁdei
1116 2369 1248 2404 cujusque
1271 2376 1427 2395 mensuram
1448 2369 1480 2396 ‘5.
1505 2369 1558 2396 Pro
1573 2377 1605 2396 eo
1627 2370 1703 2396 enim

907 2423 939 2442 ac
952 2414 1101 2446 credimus,
1114 2414 1198 2441 etiam
1211 2414 1245 2441 ad
1258 2415 1392 2449 agendum
1406 2414 1517 2449 majoris
1531 2414 1586 2441 vim
1602 2415 1702 2442 alacri-

907 2461 970 2488 tatis
982 2460 1124 2487 habemus.
1147 2460 1199 2493 Qui
1218 2468 1283 2496 ergo
1298 2461 1407 2487 actione
1429 2460 1563 2494 fungitur,
1579 2468 1629 2494 pro
1641 2460 1702 2495 ejus

906 2508 965 2530 rata
979 2503 1095 2535 ratione,
1114 2503 1176 2533 ﬁdei
1191 2512 1347 2531 mensuram
1367 2501 1499 2536 ostendit,
1517 2505 1610 2539 gratire
1625 2512 1700 2531 men-

909 2557 1001 2576 suram
1019 2554 1125 2581 nactus,
1137 2558 1187 2584 pro
1206 2558 1239 2577 eo
1249 2558 1281 2577 ac
1295 2550 1410 2577 credidit
1425 2559 1431 2577 :
1450 2550 1497 2584 qui
1512 2556 1602 2577 autent
1615 2551 1701 2578 actio-

911 2600 973 2620 nem
991 2602 1045 2621 non
1065 2600 1186 2629 pt'zcstat,
1202 2603 1251 2630 pro
1265 2595 1378 2622 desidia:
1400 2595 1481 2621 modo
1499 2595 1700 2622 incredulitatis

911 2647 1068 2666 mensuram
1092 2640 1193 2674 prodit,
1212 2640 1307 2675 gratim
1321 2640 1475 2675 privatione
1493 2641 1632 2672 multatus,
1649 2648 1698 2674 pro

909 2691 943 2710 eo
957 2691 989 2711 ac
1007 2684 1058 2712 fuit
1075 2685 1243 2712 incredulus.
1258 2685 1326 2712 Male
1339 2685 1423 2720 igitur
1437 2685 1512 2717 facit,
1531 2685 1577 2719 qui
1595 2684 1699 2712 invidia

908 2728 1048 2762 laborans,
1064 2730 1180 2758 aliorum
1196 2731 1299 2758 virtute
1315 2731 1494 2762 contabescit,
1509 2739 1570 2757 cum
1588 2731 1613 2756 in
1626 2731 1696 2765 ejus,

907 2782 962 2801 non
973 2776 1097 2809 alterius,
1111 2778 1253 2813 perspicue
1269 2777 1359 2812 posita
1372 2776 1407 2804 sit
1425 2777 1552 2804 facultate
1566 2775 1695 2803 credendi
