1951 3076
129 172 198 208 1277

464 170 631 201 CAPITUM
649 169 861 215 QUINQUIES
879 170 1141 202 CENTENORUM
1159 172 1353 204 CENTURIA
1371 174 1428 204 ΠΙ.

1683 174 1730 206 ιεῖ

127 228 185 256 κῶν
195 226 334 262 δυνάμεων
351 226 419 262 πρδς
441 228 504 258 τοὺς
517 227 633 260 τρόπους
661 226 709 253 καὶ
735 226 797 258 τοὺς
820 225 916 260 λόγους

971 228 1056 256 modis
1086 229 1295 264 rationibusque
1330 230 1519 258 mandatorum
1547 231 1751 267 contemperari

128 273 183 300 τῶν
196 272 310 299 ἐντολῶν
324 280 333 286 ·
350 271 462 307 πνεῦμα
475 271 504 298 δὲ
523 271 618 306 σοφίας
638 271 722 304 ἐστὶν,
739 272 757 306 ἡ
777 271 844 307 πρὸς
867 271 916 306 τὴν

130 317 221 345 αἰτίαν
236 316 289 343 τῶν
302 317 331 344 ἐν
347 318 407 349 ταῖς
420 317 539 348 ἐντολαῖς
554 316 818 352 πνευματικωτέρων
830 316 916 351 λόγων

131 363 264 399 ἀνάληψις
286 373 316 390 τε
338 364 387 390 καὶ
402 363 510 396 ἓνωσις,
532 363 593 390 καθ’
607 364 641 399 ἢν
652 363 800 398 ἀγνώστως
809 363 872 395 τοὺς
888 365 917 390 ἑν

130 409 201 444 Θεῷ,
216 409 288 436 κατὰ
301 409 331 436 τὸ
355 409 465 444 θεμιτὸν
478 409 641 445 ἀνθρώποις,
658 409 751 440 ἁπλῶς
769 409 916 444 μυούμενοι

130 457 185 483 τῶν
199 457 283 484 οντων
295 457 400 491 λόγους,
413 456 451 487 ὡς
465 456 496 483 ἐκ
506 465 580 488 τινος
604 456 805 492 βλυστανούσης
825 456 917 491 πηγῆς

130 503 180 537 τῆς
195 501 320 537 καρδίας,
340 503 390 537 τὴν
415 502 444 528 ἐν
466 503 523 533 τοῖς
545 502 616 533 ὅλοις
639 501 768 537 ἀλήθειαν
787 501 917 532 ποικίλως

130 549 187 579 τοῖς
197 547 286 579 ἄλλοις
300 547 455 583 ἀνθρώποις
470 547 672 583 προσφέρομεν.

167 602 205 637 μ’.
218 602 283 629 Ἀπὸ
295 602 343 637 μὲν
354 602 405 629 τῶν
415 603 446 629 ἐκ
455 603 523 629 Θεοῦ
532 603 705 637 τελευταίων,
717 604 782 639 ἡμῖν
795 603 823 630 δέ
833 613 918 639 προσ-

130 647 212 683 εχῶν,
239 648 285 674 ἐπὶ
303 648 338 674 τὰ
353 649 461 684 πρῶτα,
486 648 534 675 καὶ
554 649 631 684 ἡμῶν
648 649 697 684 μὲν
712 650 815 685 πόρρω,
834 649 873 684 τῷ
891 650 919 676 δὲ

129 692 191 727 Θεῷ
203 693 336 728 προσεχῆ,
347 693 409 720 καθ’
421 693 480 720 ὁδὸν
496 694 542 720 καὶ
554 693 631 726 τάξιν
643 693 835 729 ἀναϐαίνομεν.
853 694 919 721 Ἀτὼ

129 738 185 773 γὰρ
198 738 246 773 τῆς
256 739 352 773 ἀργίας
365 739 420 765 τῶν
437 739 530 766 κακῶν
546 739 591 766 διὰ
606 739 702 774 φόϐου,
722 739 769 766 ἐπὶ
794 740 843 776 τὴν
865 740 919 767 τῶν

129 784 237 818 ἀρετῶν
251 784 283 810 δι’
304 784 395 819 ἰσχύος
410 785 548 819 ἐρχόμεθα
561 785 661 820 πρᾶξιν
676 793 684 801 ο
700 785 755 812 ἀπὸ
764 785 791 812 δέ
801 785 851 820 τῆς
865 786 920 813 τῶν

129 829 237 864 ἀρετῶν
265 830 402 865 πράξεως,
428 831 475 856 ἐπὶ
494 831 544 865 τὴν
568 830 705 865 διάκρισιν
727 830 777 865 τῆς
798 830 896 866 βουλῆς
910 837 918 845 ·

127 875 185 928 ἀπὸ
199 875 227 902 δὲ
240 876 289 910 τῆς
307 875 481 911 διακρίσεως,
510 876 556 903 ἐπὶ
569 876 618 911 τὴν
641 876 697 908 ἕξιν
722 876 777 903 τῶν
803 876 918 912 ἀρετῶν,
936 901 956 928 n

128 920 215 956 ῆγουν
229 921 385 956 ἐπιστήμην
400 928 408 936 ⁵
429 921 483 948 ἀπὸ
504 922 531 948 δὲ
556 923 605 957 τῆς
628 922 709 955 ἕξεως
731 922 786 949 τῶν
803 923 917 958 ἀρετῶν,

131 967 179 993 ἐπὶ
204 967 255 1003 τὴν
279 968 381 1002 γνῶσιν
397 969 451 996 τῶν
465 970 494 996 ἐν
507 970 601 1001 αὐταῖς
611 971 672 1001 ταῖς
684 970 794 1004 ἀρεταῖς
807 970 894 1004 λόγων
911 979 918 986 ·

131 1012 187 1039 ἀπὸ
197 1013 226 1039 δὲ
239 1013 351 1049 ταύτης,
366 1015 406 1045 εἰς
415 1014 465 1050 τὴν
473 1015 541 1050 πρὸς
557 1016 620 1047 τοὺς
630 1016 815 1050 ἐγνωσμένους
826 1016 921 1050 λόγους

130 1058 187 1085 τῶν
211 1059 317 1094 ἀρετῶν
342 1061 557 1096 μεταποιητικὴν
579 1060 645 1094 ’ἐξιψ
664 1061 736 1096 φημὶ
752 1061 842 1097 δὲτὴν
858 1061 920 1088 σύν-

130 1111 190 1129 εσιν
204 1111 211 1117 ·
229 1103 277 1130 καὶ
292 1104 347 1130 ἀπὸ
364 1104 478 1140 ταύτης,
497 1105 537 1136 είς
563 1105 613 1140 τὴν
627 1105 718 1140 ἁπλῆν
733 1105 783 1141 τῆς
800 1105 829 1131 ἐν
850 1105 921 1136 ὅλοις

131 1147 262 1182 ἀληθείας
280 1148 383 1184 ἀκριϐῆ
404 1149 521 1185 θεωρίαν
537 1157 544 1164 ·
563 1150 609 1184 ἀφ’
627 1147 661 1185 ἧς
679 1149 845 1185 ὁρμώμενοι,
858 1150 921 1176 πολ-

131 1193 197 1224 λοὺς
223 1194 272 1220 καὶ
297 1194 436 1226 ποικίλους
457 1195 488 1221 ἐκ
504 1196 554 1230 τῆς
573 1195 628 1221 τῶν
643 1195 729 1222 ὅντων
742 1195 878 1230 αἰσθητῶν
890 1203 920 1221 τε

131 1238 180 1266 καὶ
191 1238 296 1274 νοητῶν
311 1238 412 1266 οὐσιῶν
430 1239 516 1274 σοφῆς
529 1239 657 1275 θεωρίας,
683 1240 805 1271 εὐσεϐεῖς
825 1240 921 1274 λόγους

131 1284 198 1320 περὶ
212 1284 263 1320 τῆς
277 1283 408 1317 ἀλτιθείας
422 1284 612 1312 ἀποδώσομεν.

169 1424 226 1467 μα’.
242 1431 279 1458 Τδ
293 1430 361 1463 πρὸς
377 1430 449 1465 ἡμᾶς
460 1430 521 1456 κατ’
537 1429 680 1465 ἐνέργειαν
692 1429 800 1465 πρῶτον
808 1430 919 1464 ἀγαθὸν,

130 1478 200 1512 ὅπερ
224 1476 299 1502 ἐστὶν
315 1476 330 1502 ό
358 1475 450 1510 φόόος,
477 1475 630 1502 τελευταῖον
647 1474 858 1511 ἀπηριθμήσατο
871 1475 921 1511 τῆς

130 1520 245 1556 Γραφῆς
256 1521 269 1547 ὁ
280 1520 368 1554 λόγος,
381 1519 418 1551 ὡς
430 1519 527 1554 σοφίας
541 1519 640 1555 ἀρχὴν,
652 1519 698 1553 ἀφ’
710 1515 740 1545 οὗ
756 1519 919 1554 κινούμενοι,

966 273 1122 308 contingit;
1155 274 1271 309 spiritus
1302 275 1462 310 sapientia),
1495 275 1693 310 spiritaliorum
1722 275 1753 304 in

966 321 1102 348 mandatis
1111 321 1246 348 rationum
1271 322 1297 348 in
1320 322 1468 349 Auctorem
1480 327 1507 349 ct
1520 330 1629 349 causam
1646 330 1753 349 assum-~

967 367 1026 402 ptio
1041 367 1174 402 unioque,
1187 375 1252 402 qua,
1265 367 1357 402 ignota
1373 367 1490 399 ratione,
1503 375 1562 402 qum
1574 368 1601 394 in
1614 368 1670 395 Deo
1688 374 1753 395 sunt

967 421 1058 440 rerum
1071 413 1191 440 rationes
1205 413 1366 447 simpliciter
1384 413 1484 447 (quoad
1496 413 1654 440 hominibus
1676 413 1751 447 licet)

967 457 1080 490 edocti,
1109 458 1186 485 velut
1213 465 1247 485 ex
1267 458 1359 485 cordis
1387 458 1504 492 quadam
1532 459 1698 493 scaturigine
1720 466 1752 485 ac

967 503 1042 531 fonte
1054 524 1062 537 ,
1080 504 1260 531 exsistentem
1284 504 1313 531 in
1334 504 1471 532 universis
1487 504 1630 531 veritatem
1641 524 1649 536 ,
1678 504 1752 531 varie

968 549 1030 576 aliis
1040 549 1200 576 hominibus
1217 549 1413 584 expromimus.

1003 606 1046 634 40.
1062 606 1103 633 Ah
1114 606 1146 632 iis
1161 613 1221 640 qua:
1234 614 1249 633 a
1264 606 1318 633 Deo
1331 610 1467 640 postrema
1481 610 1554 637 sunt,
1568 605 1648 632 nobis
1661 610 1752 632 autem

968 652 1094 686 proxima
1114 651 1244 685 velutque
1265 651 1407 683 haerentia,
1421 651 1454 679 ad
1472 651 1570 685 prima,
1581 655 1662 685 atque
1678 658 1692 676 a
1704 658 1752 676 uo-

969 701 1012 728 bis
1024 700 1136 736 quidem
1148 703 1265 732 remota,
1291 699 1348 726 Deo
1367 703 1459 726 autem
1474 698 1610 734 proxima,
1633 698 1675 725 via
1688 705 1756 732 qua—

969 746 1031 774 dam
1057 746 1209 780 ordineque
1232 745 1418 772 ascendimus.
1444 744 1486 771 Ab
1507 751 1540 770 eo
1554 743 1627 770 enim
1649 743 1721 777 quod
1739 750 1756 769 α

969 790 1049 818 malis
1066 798 1116 825 per
1126 790 1252 816 timorem
1265 789 1461 819 abstineamus,
1477 788 1510 815 ad
1523 788 1656 815 virtutum
1671 795 1754 822 opera

969 844 1017 871 per
1030 835 1217 862 fortitudinem
1229 834 1534 869 praestanda-venimus;
1553 841 1568 860 a
1581 832 1756 867 praestatione

971 881 1052 917 568
1070 885 1161 908 autem
1176 881 1322 912 virtutum,
1345 879 1378 906 ad
1391 879 1498 906 consilii
1516 879 1726 910 discretionem;
1741 886 1756 904 a

971 927 1137 954 discretione
1150 930 1253 958 autem,
1270 925 1304 952 ad
1321 925 1455 952 virtutum
1468 924 1603 955 habitum,
1621 924 1677 950 sive
1691 931 1757 957 pru-

970 972 1106 1004 dentiam;
1129 979 1145 998 a
1160 971 1294 998 virtutum
1320 975 1413 997 autem
1435 969 1543 1001 habitu,
1564 968 1598 995 ad
1617 968 1756 994 rationum

970 1017 998 1044 in
1017 1017 1167 1044 virtutibus
1183 1016 1250 1051 ipsis
1265 1015 1423 1048 scientiam;
1441 1015 1476 1042 ab
1491 1015 1603 1049 illaque,
1625 1013 1658 1040 ad
1675 1013 1756 1040 habi—

970 1066 1029 1089 tum
1047 1069 1102 1097 quo
1129 1061 1164 1089 ad
1185 1061 1340 1096 exploratas
1363 1060 1444 1087 nobis
1468 1060 1603 1086 virtutum
1631 1058 1756 1086 rationes

971 1106 1158 1135 convertimur
1175 1107 1202 1133 in
1211 1113 1311 1140 easque
1325 1102 1552 1136 transmutamur,
1565 1110 1663 1138 nempe
1673 1103 1756 1130 intel—

971 1152 1128 1187 ligentiam;
1149 1155 1230 1186 atque
1246 1151 1279 1178 ab
1294 1151 1357 1182 hoc,
1375 1150 1408 1177 ad
1422 1149 1575 1184 simplicem
1594 1148 1718 1176 veritatis
1729 1148 1757 1174 in

971 1197 1110 1224 universis
1137 1200 1292 1224 accuratam
1327 1195 1614 1230 contemplationem:
1641 1202 1675 1221 ex
1703 1202 1756 1228 qua

971 1242 1086 1278 profecti
1104 1242 1215 1277 orsique
1227 1261 1234 1274 ,
1252 1241 1347 1276 plures
1358 1244 1440 1275 atque
1465 1239 1599 1272 diversas,
1617 1246 1650 1266 ex
1664 1246 1756 1265 rerum

972 1292 1029 1315 tum
1043 1295 1103 1322 qua
1115 1287 1143 1314 in
1160 1295 1270 1314 sensum
1284 1286 1395 1318 cadunt,
1411 1290 1468 1313 tum
1480 1293 1540 1320 quae
1553 1288 1644 1312 mente
1658 1284 1757 1311 intelli-

971 1337 1083 1369 guntur,
1105 1332 1202 1368 pietati
1217 1332 1354 1360 hzerentes
1366 1331 1400 1359 de
1413 1331 1527 1358 veritate
1550 1330 1698 1358 reddemus
1712 1338 1757 1358 ra-

972 1379 1071 1406 tiones.

1006 1436 1050 1464 41.
1068 1435 1189 1463 Primum
1201 1434 1291 1469 quoad
1310 1441 1359 1461 nos
1376 1434 1404 1461 in
1421 1436 1483 1460 actu
1501 1433 1614 1464 bonum,
1630 1431 1759 1458 timorem

972 1480 1087 1512 scilicet,
1103 1483 1272 1515 postremum
1292 1477 1431 1505 recensuit
1451 1476 1609 1511 Scriptura,
1628 1480 1756 1509 tanquam

972 1524 1113 1559 sapientia:
1126 1522 1292 1558 principium
1305 1531 1312 1555 ;
1331 1530 1346 1549 a
1363 1529 1417 1557 quo
1430 1521 1512 1548 ducto
1530 1524 1620 1547 motus
1632 1519 1756 1550 exordio,

130 1567 200 1602 πρὸς
220 1566 251 1592 τὸ
265 1565 315 1600 τῆς
333 1564 430 1599 σοφίας
442 1564 519 1596 τέλος
531 1564 580 1599 τὴν
596 1563 706 1590 σύνεσιν
717 1563 764 1599 (ci,
779 1563 918 1590 ἀναὸαίνο-

972 1570 1005 1598 ad
1018 1570 1157 1605 sapientia:
1169 1569 1250 1596 ﬁnem
1264 1567 1303 1603 (id
1318 1571 1371 1598 est,
1392 1565 1612 1602 intelligentiam)
1625 1565 1737 1592 ascendi
1748 1580 1756 1585 -

132 1620 195 1648 μεν,
218 1611 278 1647 μεθ’
297 1611 330 1646 ἣν
353 1610 496 1646 προσεχεῖς
523 1609 598 1645 αὐτῷ
627 1609 759 1644 γινόμεθα
784 1609 824 1645 τῷ
850 1609 919 1645 Θεῷ,

133 1656 220 1691 μόνην
245 1655 295 1690 τὴν
323 1654 418 1689 σοφίαν
444 1654 494 1690 τῆς
521 1654 591 1689 πρὸς
606 1654 688 1681 αὐτὸν
702 1654 825 1686 ἐνώσεως
842 1663 920 1690 μεσι-

131 1701 264 1729 τεύουσαν
287 1700 405 1735 ἔχοντες.
421 1700 458 1727 Οὐ
477 1700 530 1735 γάρ
542 1700 600 1726 ἐστι
614 1699 727 1726 δυνατὸν
742 1699 921 1726 ἐπιλαϐέσθαι

133 1747 241 1780 σοφίας,
260 1746 305 1772 τδν
319 1746 356 1781 μὴ
373 1746 507 1781 πρότερον
520 1745 564 1772 διὰ
578 1745 625 1772 τοῦ
640 1745 732 1781 φόϐου,
752 1745 800 1772 καὶ
812 1744 866 1771 τῶν
877 1744 922 1771 διὰ

133 1791 219 1827 μέσου
233 1791 335 1817 λοιπῶν
348 1790 535 1826 χαρισμάτων,
553 1788 602 1825 τὴν
621 1798 650 1816 τε
667 1789 816 1825 λήμηνιτῆς
831 1789 921 1824 ἀγνοί-

132 1846 179 1869 ας,
199 1837 246 1863 καὶ
263 1836 309 1863 τὸν
339 1836 389 1871 τῆς
412 1835 512 1866 κακίας
538 1835 687 1871 κονιορτὸν,
707 1834 803 1861 ἑαυτοῦ
821 1842 922 1861 παντε-

132 1881 189 1913 λῶς
200 1881 428 1916 ἀποσεισάμενον.
452 1880 501 1907 Διὰ
521 1879 601 1907 τοῦτο
627 1879 686 1915 Θεῷ
716 1881 776 1916 μέν,
799 1880 921 1916 προσεχῆ

130 1927 183 1962 τὴν
204 1927 298 1961 σοφίαν
314 1945 321 1959 ,
340 1926 407 1961 ἡμῖν
426 1925 464 1960 δὲ,
482 1925 528 1952 τὸν
544 1925 626 1961 φόϐον
655 1926 671 1961 ἡ
701 1924 823 1961 γραφικὴ
846 1925 921 1958 τάξις

131 1972 268 2008 διέθηκεν,
295 1972 338 1999 ἵνα
369 1973 450 2007 ἡμεῖς
474 1971 600 2007 εὐταξίας
630 1972 760 2007 μάθωμεν
787 1972 848 2007 ὅρον
875 1972 922 1999 καὶ

131 2018 226 2052 νόμον.
585 2050 588 2053 4

173 2073 228 2110 με’.
243 2075 292 2101 Διὰ
305 2074 408 2101 τούτων
421 2071 466 2101 οὖν
489 2073 681 2105 ἀναϐαίνοντες
699 2073 754 2100 τῶν
775 2072 922 2107 ὀφθαλμῶν

131 2120 185 2154 τῆς
212 2119 340 2151 πίστεως,
368 2120 450 2154 ⁸ἤγουν
465 2119 622 2154 φωτισμῶν,
641 2119 709 2154 πρὸς
720 2118 770 2154 τὴν
783 2118 857 2145 θείαν
873 2118 921 2153 τῆς

135 2165 233 2199 σοφίας
257 2165 430 2200 συναγόμεθα
452 2165 574 2200 μονάδα·
601 2165 650 2200 τὴν
677 2164 864 2199 γεγενημένην
887 2163 921 2190 δι’

133 2211 209 2245 ἡμᾶς
236 2210 289 2236 τῶν
314 2208 492 2246 χαρισμάτων
512 2210 658 2245 διαίρεσιν,
676 2210 744 2246 πρὸς
765 2209 814 2245 τὴν
830 2209 919 2236 αἰτίαν

134 2256 188 2283 τῶν
214 2256 391 2291 χαρισμάτων
409 2256 583 2290 συνάγοντες,
602 2257 661 2287 ταῖς
681 2255 750 2282 κατὰ
767 2255 849 2290 μέρος
863 2255 916 2282 τῶν

133 2301 240 2336 ἀρετῶν
253 2301 413 2333 ἀναϐάσεσι,
438 2302 522 2337 μηδὲν
536 2301 591 2328 τῶν
614 2301 767 2337 εἰρημένων
788 2300 917 2336 συνεργίᾳ

133 2346 203 2373 Θεοῦ
216 2347 482 2382 παραλιμπάνοντες,
496 2348 538 2374 ἴνα
552 2347 588 2383 μὴ
602 2348 663 2374 κατ’
680 2347 769 2381 ὀλίγον
788 2346 919 2381 ἀμελοῦν-

133 2402 189 2425 τες.
201 2393 303 2428 τυφλὴν
324 2393 403 2428 ἡμῶν
424 2393 472 2429 silv
498 2394 588 2420 πίστιν
603 2392 650 2422 καὶ
665 2393 821 2428 ἀνόμματον
833 2399 919 2418 κατα-

134 2439 288 2473 στήσωμεν,
318 2439 368 2465 οὑκ
394 2438 508 2474 ἔχουσαν
522 2439 582 2470 τοὺς
613 2438 656 2465 διὰ
678 2438 733 2465 τῶν
755 2437 843 2473 ἔργων
869 2436 916 2463 τοῦ

133 2484 292 2519 Πνεύματος
311 2485 477 2520 φωτισμοὺς,
500 2485 548 2512 καὶ
566 2484 743 2519 κολασθῶμεν
753 2483 864 2514 δικαίως
877 2483 917 2514 εῑς

173 2571 208 2606 (c)
228 2573 302 2607 Πρὸς
326 2575 358 2601 τὸ
381 2573 436 2607 τῆς
461 2574 570 2608 σοφίας
583 2574 670 2607 τέλος
694 2573 751 2607 τὴν
776 2574 915 2601 σύνεσιν.

135 2607 288 2642 Singularis
313 2609 359 2636 hic
383 2607 584 2636 videtur'vocis
598 2609 674 2640 τέλος
700 2609 834 2643 acceptio.
857 2608 916 2635 Non

135 2643 403 2682 enimjntelligentia
421 2647 448 2670 et
471 2643 581 2682 ξύνεσις
597 2643 717 2682 proprie
732 2643 795 2670 ﬁnis
815 2647 860 2682 est
871 2650 917 2670 sa-

156 2677 258 2717 ientign,
271 2684 340 2717 cum_
350 2678 406 2717 haec
418 2685 463 2717 per
470 2677 567 2717 fectior
581 2677 617 2705 sit
632 2677 814 2717 omniumque
832 2678 918 2717 _abso-

147 2712 214 2743 utio,
225 2714 279 2745 qua
291 2712 341 2746 ipsi
350 2712 506 2740 immediate
520 2713 631 2740 unimur
645 2713 711 2745 Deo;
725 2712 773 2740 sed
789 2713 915 2740 ultimum

137 2752 180 2773 est
193 2749 223 2786 et
239 2747 317 2786 quasi
331 2746 574 2786 limes,_§pe::_qu_o
587 2752 727 2786 postremo
752 2747 915 2786 sapientiam

139 2781 331 2817 nanciscimur,
345 2789 396 2817 nec
409 2781 481 2808 aliud
496 2781 628 2809 Maximus
649 2782 700 2809 hac
712 2781 841 2817 loquendi
860 2782 915 2817 for-

139 2823 188 2852 ma
197 2815 336 2852 voluerit;
351 2816 463 2852 ultimus
479 2816 584 2844 scilicet
599 2817 632 2844 ad
651 2824 710 2844 eam
726 2815 836 2852 gradus.
863 2816 914 2849 Qui

140 2851 203 2879 velit
214 2850 289 2882 τέλος
306 2851 360 2885 hic,
371 2851 510 2884 effectura,
521 2859 592 2885 esse,
610 2860 691 2888 quam
707 2850 766 2889 ej‘us
787 2852 862 2880 vocis
876 2852 915 2878 si-

971 1624 1032 1643 mus
1046 1624 1052 1642 :
1066 1622 1147 1650 quem
1159 1614 1244 1646 nacti,
1260 1614 1316 1641 Deo
1329 1613 1453 1648 proxime
1466 1612 1637 1639 cohaerentes
1649 1630 1656 1643 ,
1671 1610 1758 1638 solam

971 1660 1080 1688 unionis
1099 1667 1160 1688 cum
1181 1660 1241 1694 ipso
1258 1659 1380 1686 medium
1395 1657 1537 1685 vinculum
1563 1656 1696 1683 habemus
1716 1664 1757 1683 sa-

970 1704 1112 1739 pientiam.
1141 1703 1201 1730 Non
1227 1703 1300 1730 enim
1327 1709 1443 1737 usquam
1470 1700 1569 1736 aliquis
1594 1700 1763 1734 sapientiam.

970 1748 1167 1784 apprehendat,
1189 1748 1254 1782 quin
1270 1747 1347 1782 prius
1361 1755 1410 1782 per
1424 1746 1549 1773 timorem
1565 1745 1691 1780 donaque
1711 1753 1763 1773 re»

970 1794 1044 1829 liqua
1059 1793 1212 1828 interjccta,
1227 1801 1243 1820 ιι
1260 1800 1289 1819 se
1310 1792 1369 1827 ipse
1385 1796 1443 1819 tum
1465 1791 1624 1826 ignorantiae
1645 1791 1757 1822 leniam,

972 1844 1028 1866 tum
1046 1839 1156 1866 malitia:
1176 1839 1317 1873 pulverem
1333 1837 1444 1872 penitus
1456 1836 1618 1864 excusserit.
1638 1835 1763 1867 Idcirco,

970 1883 1026 1910 Deo
1038 1882 1149 1918 quidem
1161 1882 1286 1917 proxime
1299 1882 1470 1916 sapientiam,
1481 1880 1562 1908 nobis
1573 1884 1664 1907 autem
1679 1879 1760 1906 timo-

971 1935 1040 1960 rem,
1065 1927 1213 1962 Scripturze
1229 1926 1298 1953 ordo
1316 1926 1432 1961 digessit
1447 1930 1478 1952 ut
1498 1923 1594 1954 et'nos
1611 1924 1762 1960 compositi

971 1972 1076 1999 Ordinis
1091 1972 1226 1999 rationem
1241 1971 1384 2007 legemque
1397 1970 1565 1998 noverimus.

1007 2073 1051 2113 .42.
1066 2073 1118 2100 Per
1131 2072 1181 2099 hos
1203 2072 1285 2107 igitur
1297 2071 1358 2098 ﬁdet
1377 2070 1483 2102 oculos,
1503 2070 1556 2097 hoc
1569 2074 1619 2102 est,
1636 2070 1762 2097 illustri“

971 2117 1070 2149 tiones,
1087 2117 1115 2144 in
1141 2116 1264 2143 divinam
1283 2115 1431 2150 Sapientia),
1457 2115 1581 2150 cogimur
1606 2115 1759 2147 unitatem;

971 2170 1032 2190 eam
1055 2162 1170 2193 scilicet,
1191 2169 1251 2196 qua:
1275 2165 1388 2195 propter
1413 2168 1463 2188 nos
1485 2160 1606 2194 exstitit,
1622 2162 1761 2189 donorum

972 2209 1146 2239 divisionem,
1159 2207 1186 2234 in
1196 2207 1331 2234 donorum
1344 2207 1432 2242 ipsum
1441 2207 1590 2235 Auctorem
1603 2214 1635 2234 ac
1647 2214 1761 2235 causam

969 2255 1138 2290 colligentes,
1150 2253 1364 2288 particularihus
1373 2254 1506 2281 virtutum
1518 2253 1762 2289 progressionibus

969 2308 1065 2328 eorum
1077 2307 1135 2334 quae
1145 2299 1216 2326 dicta
1227 2302 1300 2330 sunt,
1310 2298 1366 2325 Deo
1375 2298 1495 2333 auspice,
1506 2298 1575 2326 nihil
1584 2299 1759 2331 omittentes;

971 2353 1016 2378 ne,
1028 2346 1092 2373 dum
1106 2344 1235 2380 paulatim
1247 2343 1420 2378 negligimus,
1432 2351 1530 2371 caecam
1542 2349 1661 2371 nostram
1676 2344 1757 2371 ﬁdem

972 2396 1054 2426 atque
1074 2391 1162 2418 oculis
1188 2389 1311 2416 orbatam
1335 2393 1487 2416 statuamus
1501 2409 1508 2422 ,
1532 2397 1615 2424 quam
1632 2389 1759 2417 absentia

968 2444 1094 2471 operum,
1114 2435 1233 2470 Spiritus
1248 2433 1454 2461 ,illustrationcs
1473 2434 1616 2468 deﬁciant;
1639 2435 1751 2462 merit04

969 2491 1022 2517 que
1043 2482 1071 2509 in
1087 2481 1192 2508 inﬁnita
1209 2481 1306 2508 saecula
1321 2481 1478 2516 puniamur,
1495 2485 1526 2507 ut
1541 2481 1588 2516 qui
1610 2481 1637 2508 in
1662 2480 1752 2513 nobis,

971 2571 1174 2607 gniﬁcationem
1200 2570 1274 2607 inter
1285 2570 1388 2607 primas
1404 2570 1478 2607 illius
1495 2570 1573 2607 po_n_it
1595 2569 1753 2607 Thesaurua,

971 2604 1023 2633 nec
1037 2607 1083 2633 isa
1100 2613 1166 2633 vero
1183 2604 1294 2632 abierit:
1315 2605 1360 2632 Sic
1371 2604 1456 2637 enim,
1473 2604 1502 2632 c.’
1523 2605 1567 2635 44,
1592 2604 1754 2639 sapientiam

970 2641 1087 2668 monada
1119 2649 1167 2668 seu
1184 2641 1317 2667 unitatem
1346 2641 1459 2674 exponit
1483 2639 1625 2670 Maximus,
1651 2647 1683 2666 ex
1700 2646 1754 2673 qua

969 2676 1088 2703 virtutes
1102 2676 1215 2710 reliquae
1234 2673 1421 2711 intelligantur
1434 2674 1593 2711 procedere,
1611 2674 1638 2700 in
1653 2673 1755 2711 quibus

970 2711 1077 2745 origine
1096 2708 1184 2745 prima
1199 2711 1215 2745 ἡ
1233 2708 1351 2741 σύνεσις,
1372 2708 1497 2744 ἰρειιήυο
1509 2709 1543 2745 ad
1573 2716 1623 2745 nos
1646 2708 1752 2745 ultima,

970 2742 1028 2779 qua'
1041 2742 1233 2780 incipientes'a
1246 2745 1343 2780 timore
1359 2742 1517 2780 gradumad
1538 2743 1699 2780 sapientiam
1713 2742 1753 2780 fa-

970 2777 1068 2809 cimus.
1088 2777 1148 2814 qua:
1164 2784 1206 2807 cst
1236 2780 1282 2806 illa
1294 2777 1429 2806 virtutum
1452 2779 1484 2806 ad
1513 2777 1599 2814 ipsam
1615 2777 1752 2814 ἀποκατά-

971 2823 1073 2845 σταςις.
1092 2813 1140 2842 seu
1154 2815 1309 2842 revocatio:
1322 2814 1394 2848 quod
1415 2819 1561 2848 utrumque
1578 2813 1754 2844 Maximus,ut

969 2849 1177 2882 subtilissimus,
1196 2850 1223 2878 in
1235 2853 1326 2877 mente
1343 2849 1480 2878 habuerit.
