1920 3076
197 178 265 213 1279

779 179 808 209 S.
830 178 973 209 MAXIMI
992 175 1244 206 CONFESSORIS

1752 175 1815 208 1280

195 239 271 275 quod
290 239 318 268 iu
336 238 415 265 nobis
432 242 483 269 est,
497 237 606 265 divinos
621 238 685 265 ﬁdei
699 237 793 265 oculos
806 237 980 266 excaecareri-

1037 233 1168 268 ἀπείρους
1190 232 1300 264 αἰῶνας,
1324 232 1360 263 ὡς
1384 232 1413 258 ὲν
1437 232 1542 265 ἑαυτοῖς
1565 233 1636 260 κατᾶ
1654 233 1704 268 τὴν
1720 234 1813 261 πίστιν·

195 293 267 313 IDUS.

229 372 274 400 45.
289 372 420 405 Quisquis
435 371 463 397 in
479 379 508 398 se
523 378 573 405 per
587 370 720 397 desidiam
737 377 790 397 non
808 369 984 404 exsequendo

195 417 334 450 mandata,
350 416 485 452 ejusmodi
498 417 592 443 oculos
607 416 712 447 etl'odit,
725 423 839 450 prorsus
851 416 984 449 reprobus

195 467 248 495 est,
271 463 317 498 qui
341 463 427 490 Deum
443 463 470 489 in
489 463 577 496 ipsum
600 461 777 496 aspicientem
798 460 915 495 amplius
928 468 983 486 non

196 509 304 536 habeat.
321 508 462 543 Siquidem
480 507 554 534 enim
567 507 653 534 divini
670 506 789 541 Spiritus
807 505 983 540 operationes

195 554 355 588 aﬂlatusque
384 553 527 587 Scriptura
550 552 645 579 oculos
668 551 776 578 Domini
799 551 981 585 nuncupat“,

195 597 242 631 qui
262 597 399 631 implendo
414 595 541 623 mandata
557 595 608 622 hos
625 603 679 621 non
692 595 790 629 aperit,
806 594 891 621 Deum
910 594 937 621 in
953 602 982 622 se

195 643 373 677 aspicientem
392 650 445 668 non
463 642 556 668 habet.
572 641 648 667 Haud
669 641 741 667 enim
751 641 808 672 alii,
822 645 852 667 ut
868 648 916 674 par
929 644 981 672 est,

195 688 270 715 ocuii
283 692 357 719 sunt,
376 688 477 722 quibus
503 687 575 714 Deus
591 686 673 721 569
690 686 842 720 terrigenas
860 686 982 720 aspicere

194 733 287 765 novit;
301 732 401 767 quippe
424 739 485 758 cum
504 735 597 758 nostra
617 731 727 758 virtutis
742 731 803 757 luce
822 730 981 763 illustratio,

195 777 280 804 divini
295 782 424 812 aspectus
439 777 534 803 radius
549 776 595 803 sit.

231 823 274 850 Η.
291 823 441 857 Sapientia.
456 823 547 849 unitas
560 826 611 854 est,
626 829 686 856 qua:
702 822 729 849 in
745 821 861 848 diversis
880 828 912 848 ex
924 820 981 855 ipsa

194 869 344 896 virtutibus
372 868 513 895 indivisim
539 867 746 899 consideretur,
775 867 858 901 inque
885 874 980 893 eorum

1035 281 1096 307 ὅσον
1106 280 1136 306 τὸ
1154 281 1196 314 ἐφ’
1210 280 1286 315 ἡμῖν,
1302 279 1364 311 τοὺς
1375 279 1464 311 θείους
1476 279 1700 314 ὲκτυφλώσαντες
1723 281 1814 316 ὀφθαλ-

1037 332 1113 359 μους.

1072 373 1126 405 μγ¹.
1148 370 1207 401 Πᾶς
1225 371 1238 396 ὁ
1260 370 1311 404 τῆς
1327 369 1445 401 πίστεως
1462 370 1490 396 ἐν
1503 369 1591 404 ἐαυτῷ
1606 369 1652 396 διὰ
1662 369 1712 404 τῆς
1723 370 1815 405 ἀργίας

1033 416 1088 442 τῶν
1115 416 1229 442 ἐντολῶν
1258 416 1321 446 τοὺς
1344 415 1482 446 τοιούτους
1501 414 1635 450 ἀνορύξας
1653 415 1815 450 ὀφθαλμοὺς,

1034 460 1143 491 πάντως
1157 460 1330 495 κατάκριτος,
1346 459 1443 495 μηκέτι
1456 459 1503 485 τὸν
1519 459 1584 485 Θεὸν
1598 459 1668 494 ἔχων
1683 460 1723 491 είς
1739 460 1816 486 αὐτον

1034 505 1223 532 ὲπιῦλέποντα.
1251 505 1283 531 El
1305 504 1359 540 γὰρ
1371 505 1419 536 τὰς
1433 504 1573 540 ἐνεργείας
1584 504 1632 531 τοῦ
1648 505 1817 540 Πνεύματος,

1034 551 1126 586 φησὶν,
1151 551 1307 586 ὀφθαλμοὺς
1325 551 1428 586 Κυρίου
1453 550 1651 586 προσαγορεύει
1675 551 1689 576 ὁ
1705 550 1816 585 λόγος,ὸ

1035 598 1072 632 μὴ
1091 597 1202 629 τούτους
1228 598 1261 632 τῇ
1277 595 1374 632 πράξει
1389 596 1444 622 τῶν
1459 596 1573 622 ἐντολῶν
1590 595 1742 629 διανοίγων,
1759 597 1815 622 ἑπι-

1033 643 1166 669 ὃλέποντα
1177 642 1221 668 τὸν
1237 641 1303 668 Θεὸν
1317 641 1360 668 ἐπ’
1370 641 1453 668 αὑτὸν
1464 641 1513 667 οὐκ
1525 641 1590 676 ἔχει.
1606 641 1646 666 Δι’
1656 641 1745 668 ἄλλων
1753 642 1814 676 γὰρ,

1032 689 1069 720 ὡς
1083 688 1165 721 εἰκὸς,
1181 687 1328 722 ὀφθαλμῶν
1343 687 1502 713 ἐπισκοπεῖν
1523 686 1587 718 τοὺς
1600 687 1647 712 ἐπὶ
1660 688 1712 722 γῆς
1726 687 1758 712 οὐ
1774 687 1816 712 πέ-

1033 742 1119 768 φυκεν
1143 735 1157 760 ὁ
1181 733 1258 765 Θεὸς,
1284 732 1363 767 εἴπερ
1380 732 1456 762 Θείας
1473 731 1594 766 ὁράσεως
1608 732 1688 764 ἀκτίς
1707 733 1791 763 ἐστιν,
1803 733 1816 758 ὀ

1032 778 1093 805 κατ’
1108 777 1208 813 ἀρετὴν
1222 776 1303 812 ὴμῶν
1316 776 1467 810 φωτισμός.

1067 823 1118 857 μδ⁷.
1140 823 1172 850 Ἡ
1188 822 1268 856 σοφία
1282 821 1366 856 μονάς
1394 822 1463 853 ἐστι,
1483 821 1542 852 ταῖς
1561 820 1591 852 ἐξ
1617 821 1702 856 αὐτῆς
1725 821 1816 855 διαφά-

1033 875 1089 902 ροις
1113 867 1224 902 ἀρεταῖς
1251 866 1380 900 ἀτμήτως
1405 865 1611 900 ἐνθεωρουμένη
1628 873 1635 880 ·
1664 865 1712 891 καὶ
1747 874 1816 900 μονο-

195 913 404 947 operatiouibus
429 912 604 939 uniformiter
628 911 980 946 intelligatur;ae'rursus

1037 913 1109 944 ειδῶς
1119 914 1177 944 ταῖς
1192 912 1282 939 αὐτῶν
1300 911 1450 946 ἐνεργείαις
1465 911 1655 945 ἐπινοουμένη·
1674 911 1722 938 καὶ
1739 911 1815 937 πάλιν

195 958 314 992 simplex‘
333 958 423 984 unitas
437 958 586 985 virtutibus
600 965 660 992 qua:
670 965 703 984 ex
717 957 774 991 ipsa
787 961 860 989 sunt,
874 957 906 983 ad
921 964 980 983 eam

195 1010 243 1029 seu
263 1002 395 1037 originem
415 1001 612 1033 remeantibus,
641 1001 815 1033 ostenditur;
847 1009 909 1027 cum
930 1009 981 1027 nos

195 1047 309 1078 scilicet,
321 1055 438 1081 quorum
452 1055 544 1079 causa,
559 1046 729 1081 singularum
746 1047 880 1074 virtutum
899 1053 981 1080 gene—

195 1093 302 1120 ratione
331 1093 524 1128 progreditur,
550 1093 670 1126 ipsarum
699 1092 867 1126 singularum
893 1092 980 1124 cultu,

194 1139 349 1166 sublimiori
362 1146 475 1166 ascensu
495 1139 523 1164 in
536 1140 621 1173 ipsam
636 1137 801 1172 eolligimur.

230 1186 275 1211 45.
294 1185 358 1212 Fide
376 1192 446 1212 eatea
464 1183 596 1219 prmditus
608 1187 666 1215 est,
679 1183 726 1217 qui
738 1190 792 1209 non
807 1186 918 1217 pratstat
937 1181 980 1208 di-

194 1231 259 1258 vina
273 1230 337 1257 ﬁdei
359 1235 504 1265 praecepta.
520 1229 589 1256 Cum
611 1228 684 1255 enim
701 1228 748 1254 Dei
771 1231 905 1262 praecepta
925 1227 981 1254 sint

195 1273 256 1305 lux;
270 1273 358 1307 palam
382 1277 423 1298 est
445 1278 538 1298 carere
553 1270 646 1297 divina
668 1269 739 1301 luce,
754 1269 800 1303 qui
816 1277 870 1296 non
884 1277 982 1304 opera—

195 1323 240 1345 tur
252 1318 344 1345 divina
370 1315 732 1352 praecepta“;nudamquc,
759 1323 813 1342 non
839 1323 899 1349 qum
917 1322 980 1342 vero

195 1364 240 1397 sit,
256 1363 433 1391 circumferre
448 1362 569 1389 divinam
581 1360 805 1395 appellationem.

230 1447 274 1475 46.
286 1447 372 1474 Nemo
386 1446 432 1481 qui
448 1450 552 1481 peccet,
565 1447 655 1473 carnis
675 1445 874 1477 inﬁrmitatem,
896 1452 980 1472 excu-

193 1493 280 1521 sando
290 1496 597 1528 peccatum,pr:etcxere
606 1495 704 1526 potest.
715 1490 790 1523 Quod
802 1491 874 1517 enim
884 1495 982 1518 natura

194 1538 250 1566 Deo
263 1538 353 1565 Verbo
368 1538 443 1564 unita
458 1541 509 1569 est,
530 1537 619 1563 soluta
638 1535 841 1567 maledictione,
857 1540 912 1563 tota
925 1537 968 1563 vir

195 1588 254 1611 tute
281 1588 362 1618 atque
391 1583 492 1609 robore
518 1583 669 1608 instaurata
692 1585 755 1613 est,
789 1585 819 1608 ut
832 1582 980 1609 excusandi

194 1630 369 1665 proclivioris
380 1631 407 1656 in
418 1630 483 1656 vitia
494 1637 525 1656 ac
542 1629 672 1656 libidines
684 1628 810 1661 atl‘ectus,
827 1630 918 1656 omnis
929 1637 980 1656 no-

195 1675 396 1710 bisprzetextus
411 1675 536 1702 sublatus
554 1675 599 1702 sit.
616 1675 699 1702 Verbi
719 1675 791 1702 enim
812 1675 909 1707 deitas,
923 1676 981 1710 ipsa

195 1731 304 1757 semper
318 1722 444 1749 fidelibus
460 1730 561 1755 eomes,
583 1721 761 1748 exsisteutem
776 1720 805 1748 in
822 1729 904 1748 carne
918 1729 981 1748 nec-

196 1767 249 1794 cati
260 1768 346 1802 legem
363 1767 522 1802 exstinguit.

231 1813 275 1839 47.
291 1812 341 1845 Qui
362 1812 414 1839 ﬁde
428 1813 455 1839 in
470 1813 555 1839 Deum
574 1816 601 1839 et
622 1813 765 1844 charitate,
785 1813 981 1840 innaturalium

196 1858 343 1884 atfectuum
363 1858 542 1884 abhorrentes
559 1866 573 1884 a
595 1857 699 1884 ratione
719 1858 899 1892 cupiditates,
923 1859 981 1886 sive

197 1909 299 1936 motus,
316 1904 427 1936 devicit,
439 1904 496 1938 ipsa
512 1912 620 1939 quoque
638 1904 754 1931 naturali
775 1905 833 1939 lege
846 1905 980 1937 excessit;

198 1953 326 1984 totusque
342 1950 376 1976 ad
401 1950 616 1985 intelligibilium
645 1951 785 1985 regionem
814 1950 912 1977 transit
930 1960 936 1977 :
951 1959 982 1978 ae

198 1994 272 2029 quod
293 1999 390 2022 natura
416 1995 494 2022 aliine
511 1995 690 2030 ejusdemque
708 1995 817 2029 generis
836 2001 896 2027 est.
919 2004 980 2023 cum

199 2039 243 2067 his
259 2048 319 2074 qua:
333 2040 369 2066 illi
392 2045 568 2067 accesserunt
610 2048 664 2067 una
684 2048 777 2067 secum
797 2040 832 2067 ab
853 2046 981 2069 extranea

198 2087 333 2113 servitute
348 2086 450 2113 educit.

233 2131 278 2157 48.
293 2131 428 2162 Scientia,
447 2131 501 2157 nisi
520 2137 579 2157 eam
596 2130 714 2157 actionis
737 2131 811 2157 cultu
832 2130 927 2158 divino
946 2133 981 2159 ti-

199 2185 275 2204 more
296 2184 435 2208 coerceas,
450 2177 534 2203 animi
554 2177 703 2203 elationem
725 2177 806 2209 facit;
830 2177 855 2204 ei
878 2178 981 2205 scilicet

200 2222 246 2256 qui
268 2229 299 2248 ca
324 2220 434 2247 inﬂatus
453 2221 497 2253 sit,
520 2225 616 2248 auctor
627 2221 772 2252 exsistens,
791 2226 821 2248 ut
844 2223 916 2256 quod
941 2222 980 2249 le-
998 2239 1019 2265 [ι

199 2271 295 2294 iterato
324 2267 438 2301 accepit,
463 2267 537 2294 velut
560 2266 700 2301 proprium
713 2270 849 2300 ostentet;
875 2268 914 2294 sic
932 2275 982 2302 per

199 2320 257 2339 eam
280 2312 415 2339 sermonis
437 2312 590 2347 symbolum
606 2312 760 2343 conferens,
777 2316 806 2338 ut
830 2312 857 2339 in
873 2320 906 2342 eo
928 2313 980 2341 sibi

197 2357 305 2384 laudent
322 2361 421 2391 captet.
446 2357 511 2389 Qum
527 2361 618 2383 autem
635 2356 707 2383 actio
730 2364 784 2383 una
801 2364 864 2383 cum
886 2357 980 2385 divino

197 2410 289 2430 amore
305 2402 364 2438 ipsa
388 2406 565 2437 augmentum
581 2401 664 2432 facit,
689 2401 754 2428 dum
778 2402 829 2429 sibi
849 2403 978 2438 majorem

196 2457 278 2484 quant
298 2456 349 2483 pro
364 2448 532 2483 agendorum
554 2448 659 2475 ratione
672 2447 817 2475 scientiam
833 2455 888 2475 non
906 2456 982 2475 arro—

196 2499 250 2527 gat,
264 2502 338 2526 eum,
354 2493 400 2528 qui
419 2493 465 2520 illa
488 2493 626 2527 fungatur,
645 2493 678 2519 ad
697 2501 794 2520 sensus
818 2494 980 2521 modestiam

1031 958 1102 993 ἁπλῆ
1118 958 1201 993 μονὰς
1220 957 1447 991 ἀποδεικνυμένη,
1464 957 1524 988 ταῖς
1541 956 1610 990 πρὸς
1625 956 1709 992 αὐτὴν
1723 957 1779 983 τῶν
1790 956 1816 989 ἐξ

1030 1004 1114 1038 αὐτῆς
1129 1003 1234 1038 ἀρετῶν
1246 1002 1499 1028 ἀποκαταστάσεσιν
1511 1010 1517 1017 ε
1529 1001 1593 1027 ὅταν
1608 1002 1700 1036 ἡμεῖς,
1718 1001 1755 1027 δι’
1773 1000 1815 1032 οὓς

1030 1048 1101 1074 κατὰ
1118 1048 1167 1083 τὴν
1181 1047 1301 1082 ἑκάστης
1316 1047 1415 1082 ἀρετῆς
1434 1047 1541 1081 γένεσιν
1559 1048 1676 1073 ποιεῖται
1687 1047 1739 1081 τὴν
1751 1046 1816 1082 πρό-

1029 1094 1097 1125 οδον,
1116 1092 1285 1123 ἀνατατικῶς
1307 1092 1342 1119 δι’
1372 1092 1491 1127 ἑκάστης
1517 1093 1617 1127 ἀρετῆς
1641 1092 1710 1127 πρὸς
1733 1091 1815 1126 αὐτὴν

1030 1139 1215 1173 συναγόμεθα.

1067 1187 1118 1220 με’.
1134 1184 1245 1219 Τυφλὴν
1257 1183 1313 1218 ἔχει
1323 1183 1372 1218 τὴν
1388 1183 1490 1214 πίστιν,
1504 1182 1517 1208 ὁ
1529 1183 1563 1209 τὰ
1576 1183 1647 1209 κατὰ
1660 1182 1711 1217 τὴν
1723 1183 1814 1209 πίστιν

1030 1229 1089 1256 θεῖα
1107 1230 1305 1264 προστάγματα
1327 1229 1363 1265 μὴ
1378 1228 1571 1265 ἐργαζόμενος.
1583 1229 1614 1255 Εἰ
1627 1229 1683 1264 γὰρ
1695 1229 1756 1263 φῶς
1766 1231 1814 1256 εισι

1029 1274 1064 1301 τὰ
1080 1275 1126 1301 τοῦ
1150 1274 1218 1301 Θεοῦ
1248 1274 1458 1310 προστάγματα,
1483 1274 1563 1308 δῆλον
1585 1274 1626 1300 ὃτι
1650 1274 1713 1308 δίχα
1746 1275 1814 1301 θείου

1030 1319 1116 1353 φωτός
1135 1321 1218 1351 ἐστιν,
1235 1320 1249 1345 ὸ
1271 1319 1308 1354 μὴ
1328 1319 1455 1353 πράττων
1478 1317 1512 1344 τὰ
1529 1318 1588 1344 θεῖα
1604 1318 1815 1354 προστάγματα,

1031 1363 1077 1390 καὶ
1093 1364 1184 1399 ψιλὴν,
1201 1364 1259 1390 ἀλλ’
1275 1364 1325 1390 οὐκ
1341 1363 1429 1399 ἀληθῆ
1453 1363 1503 1398 τὴν
1529 1362 1606 1389 θείαν
1638 1364 1816 1399 περιφέρεται

1031 1411 1137 1446 κλῆσιν.
1781 1418 1786 1423 ⁸

1068 1454 1126 1490 μέ.
1153 1455 1246 1486 Οὐδεὶς
1274 1454 1439 1490 ἁμαρτάνων
1470 1453 1582 1480 δύναται
1610 1454 1660 1488 τῆς
1682 1453 1816 1488 ἁμαρτίας

1032 1500 1180 1535 συνήγορον
1193 1499 1265 1534 ἔχειν
1281 1501 1330 1534 τῆς
1344 1499 1444 1534 σαρκὸς
1458 1499 1507 1534 τὴν
1520 1498 1672 1525 ἀσθένειαν.
1704 1498 1739 1525 Ἦ
1766 1499 1817 1534 γὰρ

1032 1545 1101 1580 πρξις
1117 1545 1162 1570 τὸν
1177 1544 1242 1570 Θεὸν
1254 1544 1339 1578 Λόγον
1350 1544 1455 1576 ἓνωσις,
1473 1542 1536 1577 ὅλην
1548 1542 1597 1578 τὴν
1608 1543 1689 1577 φύσιν
1700 1544 1732 1577 τῇ
1745 1543 1817 1569 λύσει

1032 1591 1080 1625 τῆς
1092 1591 1213 1625 κατάρας
1225 1590 1391 1625 ἀνέρρωσεν,
1406 1589 1609 1624 ἀπροφάσιστον
1621 1589 1688 1623 ἡμῖν
1704 1597 1817 1623 ποιησα-

1034 1635 1101 1670 μένη
1126 1635 1175 1670 τὴν
1200 1634 1269 1670 πρὸς
1285 1634 1319 1660 τὰ
1335 1633 1408 1669 πάθη
1423 1635 1472 1668 τῆς
1484 1632 1596 1668 γνώμης
1615 1632 1816 1668 προσπάθειαν.

1038 1681 1070 1706 'Il
1084 1679 1138 1715 γὰρ
1153 1679 1198 1706 τοῦ
1214 1679 1301 1713 Λόγου
1320 1679 1430 1714 Θεότης,
1451 1678 1522 1705 κατὰ
1534 1679 1613 1713 χάριν
1629 1678 1674 1704 ἀεὶ
1701 1679 1818 1705 συνοῦσα

1032 1727 1088 1757 τοῖς
1103 1726 1143 1757 είς
1161 1725 1242 1752 αὐτὸν
1256 1725 1426 1757 πιστεύουσι,
1446 1724 1492 1751 τὸν
1514 1725 1543 1750 ἐν
1566 1726 1600 1760 τῇ
1629 1725 1714 1759 σαρκὶ
1738 1726 1818 1760 νόμον

1031 1773 1080 1806 τῆς
1095 1772 1231 1807 ἁμαρτίας
1250 1770 1444 1805 ἀπομαραίνει.

1070 1815 1123 1850 μζ.
1146 1815 1174 1841 ’0
1191 1815 1244 1841 τῶν
1257 1815 1332 1849 παρὰ
1350 1815 1431 1849 φύσιν
1450 1815 1544 1842 παθῶν
1562 1814 1606 1841 διὰ
1621 1816 1672 1850 τῆς
1690 1815 1731 1846 εἰς
1755 1815 1817 1841 Θεὸν

1032 1861 1151 1892 πίστεως
1166 1861 1213 1886 καὶ
1230 1860 1341 1895 ἀγάπης
1356 1861 1469 1895 νικήσας
1483 1860 1532 1891 τὰς
1544 1860 1719 1894 παραλόγους
1730 1859 1817 1886 ἐπιθυ-

1034 1907 1109 1942 μίας,
1139 1907 1225 1932 είτουν
1242 1906 1372 1940 κινήσεις,
1398 1906 1446 1932 καὶ
1457 1905 1539 1932 αὑτοῦ
1564 1904 1611 1931 τοῦ
1639 1905 1714 1932 κατὰ
1740 1905 1817 1939 φύσιν

1032 1951 1084 1984 ἔξω
1103 1952 1207 1986 γίνεται
1224 1952 1318 1986 νόμου,
1335 1951 1382 1978 καὶ
1395 1951 1462 1986 πρὸς
1475 1951 1524 1985 τὴν
1541 1951 1633 1985 χώραν
1647 1951 1703 1977 τῶν
1715 1951 1817 1986 νοητῶν

1031 1997 1091 2028 ὅλος
1105 1997 1330 2031 μεταὸιὸάςεται,
1339 1997 1386 2023 καὶ
1399 1996 1429 2022 τὸ
1445 1996 1514 2022 κατὰ
1526 1996 1606 2029 φύσιν
1616 1996 1758 2030 ὁμόφυλον
1770 1997 1815 2031 (d).

1033 2042 1102 2077 μετὰ
1133 2042 1187 2068 τῶν
1216 2042 1441 2077 προσγενομένων
1471 2041 1555 2076 αὐτῷ,
1588 2043 1639 2076 τῆς
1673 2041 1817 2077 ἀλλοτρίας

1032 2088 1119 2122 ἐαυτῷ
1140 2088 1316 2114 συνεκϐάλλει
1330 2087 1462 2118 δουλείας.

1069 2132 1122 2168 μη’.
1138 2134 1183 2168 Μὴ
1203 2133 1382 2168 χαλινουμένη
1409 2132 1447 2167 τῷ
1475 2131 1539 2166 θείῳ
1569 2131 1645 2166 φόϐῳ
1674 2133 1748 2158 κατὰ
1772 2132 1817 2166 τὴν

1033 2178 1132 2212 πρᾶξιν
1151 2178 1168 2212 ἡ
1188 2177 1299 2211 γνῶσις,
1318 2177 1402 2211 τύφον
1426 2176 1580 2212 ἐργάζεται,
1607 2177 1645 2207 ὡς
1670 2179 1772 2203 οἰκεῖον
1790 2177 1817 2202 τδ

1032 2223 1234 2257 δεδανεισμένον
1248 2223 1447 2258 προὸάλλεσοαι
1470 2222 1601 2249 πείθουσα
1617 2223 1664 2249 τὴν
1680 2224 1729 2249 ἐπ’
1752 2223 1816 2257 αὐτῇ

1033 2267 1202 2305 τυφωθέντα,
1220 2268 1288 2303 πρὸς
1303 2269 1402 2294 οίκεῖον
1416 2269 1526 2294 ἔπαινον
1540 2268 1587 2294 τὸν
1602 2267 1701 2302 ἔρανον
1717 2269 1763 2294 τοῦ
1779 2268 1818 2294 16-

1034 2323 1082 2348 γου
1097 2313 1267 2347 ποιούμενον.
1286 2314 1317 2340 Ἦ
1329 2313 1357 2339 δέ
1372 2313 1469 2348 πρᾶξις
1485 2314 1522 2348 τῷ
1536 2313 1601 2348 Οείῳ
1615 2314 1817 2345 συναυξάνουτα

1034 2359 1118 2393 πόθῳ,
1136 2359 1184 2393 τὴν
1200 2359 1269 2391 ὑπὲρ
1283 2359 1317 2385 τὰ
1332 2359 1455 2394 πρακτέα
1471 2359 1508 2394 μὴ
1522 2359 1699 2394 λαμϐάνουσα
1710 2360 1817 2392 γνῶσιν,

1033 2405 1078 2431 τὸν
1092 2404 1241 2439 πρακτικὸν
1268 2404 1413 2439 ἐργάζεται
1440 2405 1654 2438 ταπείφόφρονα,
1668 2406 1726 2435 τοῖς
1750 2403 1817 2437 ὑπὲρ

1034 2449 1082 2485 τὴν
1094 2450 1197 2477 οἰκείαν
1212 2450 1325 2485 δύναμιν
1341 2451 1432 2484 λόγοις
1457 2449 1526 2485 πρὸς
1551 2450 1649 2476 ἑαυτὸν
1678 2449 1817 2477 συστελλό-

1037 2504 1125 2530 μενον.

196 2541 348 2574 componit,
368 2540 415 2575 qui
431 2539 561 2566 nimirum
581 2539 737 2566 rationibus
759 2547 835 2566 suam
858 2539 931 2567 illius
946 2540 1101 2568 facultatem
1117 2541 1312 2576 superantibus
1328 2541 1355 2567 in
1369 2548 1398 2568 se
1412 2540 1588 2569 contrahe“;

234 2597 255 2612 ¹¹¹
271 2597 383 2623 Zachar.
401 2605 439 2628 ιιι,
452 2596 478 2623 9.
517 2595 539 2611 ⁵ο
553 2596 632 2623 Prov.
645 2604 680 2626 vi,
695 2595 739 2621 25.

236 2655 246 2667 ⁸
258 2655 335 2684 Conf.
358 2655 391 2682 ad
405 2655 482 2682 Thal.
497 2663 523 2690 q.
539 2655 582 2682 55.

234 2711 271 2745 (ίί)
305 2711 339 2737 Τὸ
367 2710 441 2737 κατὰ
463 2710 554 2744 φύσιν·
583 2710 746 2743 ὁμόφυλον.
771 2710 908 2743 Allcgoria
930 2715 982 2741 est,

199 2747 259 2780 ejus
270 2746 342 2779 quod
367 2745 510 2772 habetur!
538 2745 617 2771 Esdr.
646 2753 679 2780 ιι,
695 2752 760 2780 γιιιιο
791 2749 982 2780 recensentur,

201 2779 247 2814 qui
263 2781 363 2814 egressi
376 2785 439 2807 sunt
455 2780 488 2807 de
504 2780 640 2814 Babylone
648 2779 680 2806 ad
695 2779 899 2806 instaurandum
919 2779 983 2806 llie-

203 2813 365 2848 rosolymam
389 2819 417 2841 et
433 2813 574 2848 templum,
595 2814 748 2840 numeratis
771 2813 853 2840 etiam
872 2814 980 2840 illorum

203 2847 300 2878 servis,
318 2853 345 2874 et
359 2847 496 2882 iumentis
506 2857 553 2875 seu
578 2848 743 2883 pecoribus;
757 2857 817 2883 qure
841 2854 905 2875 sunt
930 2849 979 2875 ista

205 2857 300 2878 ECI'VIS,
318 2857 345 2874 Cl.
359 2857 489 2882 JllmellllS
506 2857 553 2875 seu
597 2857 743 2880 θεοιιυιιες
757 2857 817 2883 (ιιιίΕ
841 2857 905 2875 Sillll
930 2857 979 2875 ISHI

205 2883 416 2917 προσγενόμενα,
446 2888 542 2918 ρι’ωιρι·
563 2857 595 2910 1i:
607 2883 751 2918 ὁμόφυλον,
766 2883 812 2918 qui
835 2889 911 2911 erant
929 2884 981 2919 ipsi

1037 2711 1142 2738 Hchrtei
1165 2720 1171 2736 :
1194 2710 1238 2737 illa
1258 2710 1334 2743 quasi
1360 2709 1521 2741 adtventt'tia;
1544 2716 1605 2742 qua:
1629 2709 1721 2736 omnia
1736 2710 1813 2738 simul

1035 2746 1133 2772 educta
1145 2750 1208 2772 sunt
1225 2753 1258 2771 ex
1275 2745 1419 2779 peregrina
1438 2744 1482 2771 illa
1498 2744 1639 2779 servitute.
1666 2744 1736 2771 Nihil
1752 2751 1812 2779 apte

1035 2781 1124 2811 Picus.
1142 2780 1175 2807 Et
1204 2778 1389 2814 quod'arridrt
1417 2778 1679 2814 naturaetcallaec
1705 2780 1759 2814 ipsa
1771 2778 1811 2806 ibi

1034 2816 1159 2850 pluribus
1177 2813 1302 2845 maxime,
1325 2814 1411 2850 amica
1438 2813 1477 2850 illi
1497 2813 1636 2849 allegoria,
1665 2813 1795 2849 “usuque

1034 2848 1149 2885 spiritali
1161 2855 1187 2877 et
1197 2849 1364 2885 tropologieo
1378 2848 1511 2883 exposita.
