  <div class='ocr_page' id='page_1' title='image "/cluster/home/n/w/nwhite01/storage/ocr_20150623/90/njp.32101077772828/658.png"; bbox 0 0 1920 3076; ppageno 0'>
   <div class='ocr_carea' id='block_1_1' title="bbox 110 130 174 163">
    <p class='ocr_par' dir='ltr' id='par_1_1' title="bbox 110 130 174 163">
     <span class='ocr_line' id='line_1_1' title="bbox 110 130 174 163; baseline -0.031 0"><span class='ocrx_word' id='word_1_1' title='bbox 110 130 174 163; x_wconf 67' lang='lat'><strong>1231</strong></span> 
     </span>
    </p>
   </div>
   <div class='ocr_carea' id='block_1_2' title="bbox 438 127 1397 166">
    <p class='ocr_par' dir='ltr' id='par_1_2' title="bbox 438 127 1397 166">
     <span class='ocr_line' id='line_1_2' title="bbox 438 127 1397 166; baseline 0.001 -6"><span class='ocrx_word' id='word_1_2' title='bbox 438 130 604 160; x_wconf 83' lang='lat' dir='ltr'><strong>CAPITUM</strong></span> <span class='ocrx_word' id='word_1_3' title='bbox 621 128 831 166; x_wconf 83' lang='lat' dir='ltr'><strong>QUINQUIES</strong></span> <span class='ocrx_word' id='word_1_4' title='bbox 848 127 1108 160; x_wconf 70' lang='lat' dir='ltr'><strong>CENTENORUM</strong></span> <span class='ocrx_word' id='word_1_5' title='bbox 1128 130 1320 161; x_wconf 69' lang='lat' dir='ltr'><strong>CENTURIA</strong></span> <span class='ocrx_word' id='word_1_6' title='bbox 1340 131 1397 161; x_wconf 91' lang='lat' dir='ltr'><strong>IlI.</strong></span> 
     </span>
    </p>
   </div>
   <div class='ocr_carea' id='block_1_3' title="bbox 1660 130 1727 162">
    <p class='ocr_par' dir='ltr' id='par_1_3' title="bbox 1660 130 1727 162">
     <span class='ocr_line' id='line_1_3' title="bbox 1660 130 1727 162; baseline -0.015 0"><span class='ocrx_word' id='word_1_7' title='bbox 1660 130 1727 162; x_wconf 71' lang='lat'><strong>1282</strong></span> 
     </span>
    </p>
   </div>
   <div class='ocr_carea' id='block_1_4' title="bbox 143 182 891 219">
    <p class='ocr_par' dir='ltr' id='par_1_4' title="bbox 143 182 891 219">
     <span class='ocr_line' id='line_1_4' title="bbox 143 182 891 219; baseline -0.001 -9"><span class='ocrx_word' id='word_1_8' title='bbox 143 185 197 219; x_wconf 67' lang='grc' dir='ltr'>μίν.</span> <span class='ocrx_word' id='word_1_9' title='bbox 217 182 348 217; x_wconf 75' lang='grc' dir='ltr'><strong>Οὐράνιον</strong></span> <span class='ocrx_word' id='word_1_10' title='bbox 373 183 530 218; x_wconf 67' lang='grc' dir='ltr'>οἰκητήριίν</span> <span class='ocrx_word' id='word_1_11' title='bbox 556 184 640 216; x_wconf 71' lang='grc' dir='ltr'>ἐστιν,</span> <span class='ocrx_word' id='word_1_12' title='bbox 664 184 680 218; x_wconf 84' lang='grc' dir='ltr'>ἡ</span> <span class='ocrx_word' id='word_1_13' title='bbox 706 184 766 210; x_wconf 78' lang='grc' dir='ltr'>κατ’</span> <span class='ocrx_word' id='word_1_14' title='bbox 791 182 891 217; x_wconf 77' lang='grc' dir='ltr'>ἀρετὴν</span> 
     </span>
    </p>
   </div>
   <div class='ocr_carea' id='block_1_5' title="bbox 944 182 1746 219">
    <p class='ocr_par' dir='ltr' id='par_1_5' title="bbox 976 183 1746 217">
     <span class='ocr_line' id='line_1_5' title="bbox 976 183 1746 217; baseline 0.001 -5"><span class='ocrx_word' id='word_1_15' title='bbox 976 185 1020 212; x_wconf 65' lang='lat' dir='ltr'><strong>tt).</strong></span> <span class='ocrx_word' id='word_1_16' title='bbox 1037 185 1154 212; x_wconf 80' lang='lat' dir='ltr'><strong>Coeleste</strong></span> <span class='ocrx_word' id='word_1_17' title='bbox 1164 185 1334 212; x_wconf 85' lang='lat' dir='ltr'><strong>domicilium</strong></span> <span class='ocrx_word' id='word_1_18' title='bbox 1347 189 1399 217; x_wconf 88' lang='lat' dir='ltr'><strong>est,</strong></span> <span class='ocrx_word' id='word_1_19' title='bbox 1419 183 1563 213; x_wconf 79' lang='lat' dir='ltr'><strong>affectibus</strong></span> <span class='ocrx_word' id='word_1_20' title='bbox 1580 192 1679 212; x_wconf 83' lang='lat' dir='ltr'><strong>vacans</strong></span> <span class='ocrx_word' id='word_1_21' title='bbox 1695 188 1746 213; x_wconf 84' lang='lat' dir='ltr'><strong>ac&#39;</strong></span> 
     </span>
    </p>
   </div>
   <div class='ocr_carea' id='block_1_6' title="bbox 106 228 890 265">
    <p class='ocr_par' dir='ltr' id='par_1_6' title="bbox 106 228 890 265">
     <span class='ocr_line' id='line_1_6' title="bbox 106 228 890 265; baseline -0.003 -9"><span class='ocrx_word' id='word_1_22' title='bbox 106 229 214 264; x_wconf 78' lang='grc' dir='ltr'>ἀπαθὴς</span> <span class='ocrx_word' id='word_1_23' title='bbox 241 229 309 261; x_wconf 73' lang='grc' dir='ltr'>ἕξις,</span> <span class='ocrx_word' id='word_1_24' title='bbox 325 229 371 255; x_wconf 75' lang='grc' dir='ltr'><strong>καὶ</strong></span> <span class='ocrx_word' id='word_1_25' title='bbox 387 230 403 264; x_wconf 88' lang='grc' dir='ltr'>ὴ</span> <span class='ocrx_word' id='word_1_26' title='bbox 428 229 511 264; x_wconf 78' lang='grc' dir='ltr'>μηδὲν</span> <span class='ocrx_word' id='word_1_27' title='bbox 526 228 624 265; x_wconf 70' lang='grc' dir='ltr'>ἔχουσα</span> <span class='ocrx_word' id='word_1_28' title='bbox 639 230 743 264; x_wconf 84' lang='grc' dir='ltr'>πλάνης</span> <span class='ocrx_word' id='word_1_29' title='bbox 757 228 890 264; x_wconf 56' lang='grc' dir='ltr'>πολεμοῦν</span> 
     </span>
    </p>
   </div>
   <div class='ocr_carea' id='block_1_7' title="bbox 106 275 416 311">
    <p class='ocr_par' dir='ltr' id='par_1_7' title="bbox 106 275 416 311">
     <span class='ocr_line' id='line_1_7' title="bbox 106 275 416 311; baseline 0 -9"><span class='ocrx_word' id='word_1_30' title='bbox 106 276 174 311; x_wconf 75' lang='grc' dir='ltr'>αὐτῇ</span> <span class='ocrx_word' id='word_1_31' title='bbox 188 275 285 310; x_wconf 86' lang='grc' dir='ltr'>νόημα,</span> <span class='ocrx_word' id='word_1_32' title='bbox 306 275 416 308; x_wconf 82' lang='grc' dir='ltr'>γνῶσις.</span> 
     </span>
    </p>
   </div>
   <div class='ocr_carea' id='block_1_8' title="bbox 143 320 890 356">
    <p class='ocr_par' dir='ltr' id='par_1_8' title="bbox 143 320 890 356">
     <span class='ocr_line' id='line_1_8' title="bbox 143 320 890 356; baseline -0.004 -8"><span class='ocrx_word' id='word_1_33' title='bbox 143 325 174 348; x_wconf 88' lang='grc' dir='ltr'><strong>ν’.</strong></span> <span class='ocrx_word' id='word_1_34' title='bbox 206 322 311 356; x_wconf 81' lang='grc' dir='ltr'>Ὠσπερ</span> <span class='ocrx_word' id='word_1_35' title='bbox 342 321 417 352; x_wconf 81' lang='grc' dir='ltr'><strong>τέλος</strong></span> <span class='ocrx_word' id='word_1_36' title='bbox 444 321 603 356; x_wconf 76' lang='grc' dir='ltr'><strong>κινηθείσης</strong></span> <span class='ocrx_word' id='word_1_37' title='bbox 631 321 744 356; x_wconf 62' lang='grc' dir='ltr'>μονάδος</span> <span class='ocrx_word' id='word_1_38' title='bbox 770 320 844 346; x_wconf 70' lang='grc' dir='ltr'>ἐστὶν</span> <span class='ocrx_word' id='word_1_39' title='bbox 874 320 890 354; x_wconf 87' lang='grc' dir='ltr'><strong>ή</strong></span> 
     </span>
    </p>
   </div>
   <div class='ocr_carea' id='block_1_9' title="bbox 109 366 889 402">
    <p class='ocr_par' dir='ltr' id='par_1_9' title="bbox 109 366 889 402">
     <span class='ocr_line' id='line_1_9' title="bbox 109 366 889 402; baseline -0.004 -9"><span class='ocrx_word' id='word_1_40' title='bbox 109 367 220 402; x_wconf 86' lang='grc' dir='ltr'>μυριὰς,</span> <span class='ocrx_word' id='word_1_41' title='bbox 242 367 288 393; x_wconf 76' lang='grc' dir='ltr'>καὶ</span> <span class='ocrx_word' id='word_1_42' title='bbox 302 367 372 401; x_wconf 79' lang='grc' dir='ltr'>ἀρχὴ</span> <span class='ocrx_word' id='word_1_43' title='bbox 388 367 424 401; x_wconf 85' lang='grc' dir='ltr'><strong>μὴ</strong></span> <span class='ocrx_word' id='word_1_44' title='bbox 443 367 600 402; x_wconf 77' lang='grc' dir='ltr'><strong>κινηθείσης</strong></span> <span class='ocrx_word' id='word_1_45' title='bbox 617 366 746 401; x_wconf 70' lang='grc' dir='ltr'>μυριάδας</span> <span class='ocrx_word' id='word_1_46' title='bbox 772 366 846 391; x_wconf 78' lang='grc' dir='ltr'>ἐστὶν</span> <span class='ocrx_word' id='word_1_47' title='bbox 873 366 889 399; x_wconf 85' lang='grc' dir='ltr'>ὴ</span> 
     </span>
    </p>
   </div>
   <div class='ocr_carea' id='block_1_10' title="bbox 110 410 892 447">
    <p class='ocr_par' dir='ltr' id='par_1_10' title="bbox 110 410 892 447">
     <span class='ocr_line' id='line_1_10' title="bbox 110 410 892 447; baseline -0.005 -7"><span class='ocrx_word' id='word_1_48' title='bbox 110 413 195 447; x_wconf 79' lang='grc' dir='ltr'>μονάς</span> <span class='ocrx_word' id='word_1_49' title='bbox 211 421 218 428; x_wconf 87' lang='lat'><strong>&#39;</strong></span> <span class='ocrx_word' id='word_1_50' title='bbox 233 412 303 447; x_wconf 79' lang='grc' dir='ltr'>ἀρχὴ</span> <span class='ocrx_word' id='word_1_51' title='bbox 319 412 373 447; x_wconf 78' lang='grc' dir='ltr'>γὰρ</span> <span class='ocrx_word' id='word_1_52' title='bbox 389 413 488 444; x_wconf 80' lang='grc' dir='ltr'>παντὸς</span> <span class='ocrx_word' id='word_1_53' title='bbox 499 412 602 444; x_wconf 82' lang='grc' dir='ltr'>τέλους,</span> <span class='ocrx_word' id='word_1_54' title='bbox 614 413 630 447; x_wconf 92' lang='grc' dir='ltr'><strong>ή</strong></span> <span class='ocrx_word' id='word_1_55' title='bbox 642 412 701 439; x_wconf 79' lang='grc' dir='ltr'>κατ’</span> <span class='ocrx_word' id='word_1_56' title='bbox 717 412 783 438; x_wconf 75' lang='grc' dir='ltr'>αὐτὸ</span> <span class='ocrx_word' id='word_1_57' title='bbox 800 410 892 445; x_wconf 68' lang='grc' dir='ltr'>σαφῶς</span> 
     </span>
    </p>
   </div>
   <div class='ocr_carea' id='block_1_11' title="bbox 106 457 891 493">
    <p class='ocr_par' dir='ltr' id='par_1_11' title="bbox 106 457 891 493">
     <span class='ocr_line' id='line_1_11' title="bbox 106 457 891 493; baseline -0.004 -9"><span class='ocrx_word' id='word_1_58' title='bbox 106 458 237 493; x_wconf 80' lang='grc' dir='ltr'><strong>ἀκινησία</strong></span> <span class='ocrx_word' id='word_1_59' title='bbox 251 458 404 493; x_wconf 76' lang='grc' dir='ltr'>καθέστηκε</span> <span class='ocrx_word' id='word_1_60' title='bbox 417 466 424 473; x_wconf 83' lang='grc'><em>”</em></span> <span class='ocrx_word' id='word_1_61' title='bbox 442 458 490 484; x_wconf 75' lang='grc' dir='ltr'><strong>καὶ</strong></span> <span class='ocrx_word' id='word_1_62' title='bbox 504 458 579 489; x_wconf 75' lang='grc' dir='ltr'>τέλος</span> <span class='ocrx_word' id='word_1_63' title='bbox 597 457 687 492; x_wconf 80' lang='grc' dir='ltr'>πάσης</span> <span class='ocrx_word' id='word_1_64' title='bbox 701 458 796 492; x_wconf 82' lang='grc' dir='ltr'>ἀρχῆς,</span> <span class='ocrx_word' id='word_1_65' title='bbox 815 457 831 491; x_wconf 88' lang='grc' dir='ltr'>ἡ</span> <span class='ocrx_word' id='word_1_66' title='bbox 844 457 891 491; x_wconf 80' lang='grc' dir='ltr'>τῆς</span> 
     </span>
    </p>
   </div>
   <div class='ocr_carea' id='block_1_12' title="bbox 107 501 893 539">
    <p class='ocr_par' dir='ltr' id='par_1_12' title="bbox 107 501 893 539">
     <span class='ocr_line' id='line_1_12' title="bbox 107 501 893 539; baseline -0.004 -9"><span class='ocrx_word' id='word_1_67' title='bbox 107 504 168 531; x_wconf 79' lang='grc' dir='ltr'>κατ’</span> <span class='ocrx_word' id='word_1_68' title='bbox 190 503 274 538; x_wconf 77' lang='grc' dir='ltr'>αὐτὴν</span> <span class='ocrx_word' id='word_1_69' title='bbox 297 504 427 539; x_wconf 84' lang='grc' dir='ltr'>κινήσεως</span> <span class='ocrx_word' id='word_1_70' title='bbox 452 504 568 538; x_wconf 82' lang='grc' dir='ltr'><strong>ὑπάρχει</strong></span> <span class='ocrx_word' id='word_1_71' title='bbox 591 503 806 538; x_wconf 76' lang='grc' dir='ltr'><strong>συμπλήρωσις·</strong></span> <span class='ocrx_word' id='word_1_72' title='bbox 823 501 893 528; x_wconf 76' lang='grc' dir='ltr'>οὕτω</span> 
     </span>
    </p>
   </div>
   <div class='ocr_carea' id='block_1_13' title="bbox 105 548 891 584">
    <p class='ocr_par' dir='ltr' id='par_1_13' title="bbox 105 548 891 584">
     <span class='ocr_line' id='line_1_13' title="bbox 105 548 891 584; baseline -0.005 -8"><span class='ocrx_word' id='word_1_73' title='bbox 105 549 155 576; x_wconf 72' lang='grc' dir='ltr'>καὶ</span> <span class='ocrx_word' id='word_1_74' title='bbox 173 550 189 583; x_wconf 83' lang='grc' dir='ltr'>ἡ</span> <span class='ocrx_word' id='word_1_75' title='bbox 206 548 306 580; x_wconf 79' lang='grc' dir='ltr'><strong>πίστις,</strong></span> <span class='ocrx_word' id='word_1_76' title='bbox 322 549 394 584; x_wconf 82' lang='grc' dir='ltr'>ἁρχὴ</span> <span class='ocrx_word' id='word_1_77' title='bbox 410 549 481 576; x_wconf 72' lang='grc' dir='ltr'>κατὰ</span> <span class='ocrx_word' id='word_1_78' title='bbox 496 549 576 583; x_wconf 79' lang='grc' dir='ltr'>φύσιν</span> <span class='ocrx_word' id='word_1_79' title='bbox 590 548 696 584; x_wconf 79' lang='grc' dir='ltr'><strong>ἀρετῶν</strong></span> <span class='ocrx_word' id='word_1_80' title='bbox 722 548 891 582; x_wconf 81' lang='grc' dir='ltr'>ὑπάρχουσα,</span> 
     </span>
    </p>
   </div>
   <div class='ocr_carea' id='block_1_14' title="bbox 106 592 891 628">
    <p class='ocr_par' dir='ltr' id='par_1_14' title="bbox 106 592 891 628">
     <span class='ocr_line' id='line_1_14' title="bbox 106 592 891 628; baseline -0.001 -10"><span class='ocrx_word' id='word_1_81' title='bbox 106 592 184 624; x_wconf 80' lang='grc' dir='ltr'>τέλος</span> <span class='ocrx_word' id='word_1_82' title='bbox 203 592 258 627; x_wconf 71' lang='grc' dir='ltr'>ἔχει</span> <span class='ocrx_word' id='word_1_83' title='bbox 274 592 320 619; x_wconf 81' lang='grc' dir='ltr'>τοῦ</span> <span class='ocrx_word' id='word_1_84' title='bbox 337 592 370 619; x_wconf 86' lang='grc' dir='ltr'>δι’</span> <span class='ocrx_word' id='word_1_85' title='bbox 383 593 473 619; x_wconf 83' lang='grc' dir='ltr'>αὐτῶν</span> <span class='ocrx_word' id='word_1_86' title='bbox 490 593 593 627; x_wconf 81' lang='grc' dir='ltr'><strong>ἀγαθοῦ</strong></span> <span class='ocrx_word' id='word_1_87' title='bbox 607 594 657 628; x_wconf 82' lang='grc' dir='ltr'><strong>τὴν</strong></span> <span class='ocrx_word' id='word_1_88' title='bbox 673 592 868 627; x_wconf 79' lang='grc' dir='ltr'><strong>συμπλήρωσιν</strong></span> <span class='ocrx_word' id='word_1_89' title='bbox 884 599 891 606; x_wconf 84' lang='lat'><strong><em>°</em></strong></span> 
     </span>
    </p>
   </div>
   <div class='ocr_carea' id='block_1_15' title="bbox 106 638 893 674">
    <p class='ocr_par' dir='ltr' id='par_1_15' title="bbox 106 638 893 674">
     <span class='ocr_line' id='line_1_15' title="bbox 106 638 893 674; baseline 0 -10"><span class='ocrx_word' id='word_1_90' title='bbox 106 639 156 665; x_wconf 82' lang='grc' dir='ltr'>καὶ</span> <span class='ocrx_word' id='word_1_91' title='bbox 173 638 202 664; x_wconf 82' lang='grc' dir='ltr'>τὸ</span> <span class='ocrx_word' id='word_1_92' title='bbox 220 639 290 665; x_wconf 79' lang='grc' dir='ltr'>κατὰ</span> <span class='ocrx_word' id='word_1_93' title='bbox 307 638 388 673; x_wconf 83' lang='grc' dir='ltr'>φύσιν</span> <span class='ocrx_word' id='word_1_94' title='bbox 403 639 515 673; x_wconf 81' lang='grc' dir='ltr'>ἀγαθὸν,</span> <span class='ocrx_word' id='word_1_95' title='bbox 531 641 568 670; x_wconf 76' lang='grc' dir='ltr'>ὡς</span> <span class='ocrx_word' id='word_1_96' title='bbox 582 639 686 674; x_wconf 80' lang='grc' dir='ltr'>ἀρετῶν</span> <span class='ocrx_word' id='word_1_97' title='bbox 702 639 788 670; x_wconf 77' lang='grc' dir='ltr'>τέλος,</span> <span class='ocrx_word' id='word_1_98' title='bbox 808 638 893 674; x_wconf 85' lang='grc' dir='ltr'>ἀρχὴν</span> 
     </span>
    </p>
   </div>
   <div class='ocr_carea' id='block_1_16' title="bbox 106 683 893 720">
    <p class='ocr_par' dir='ltr' id='par_1_16' title="bbox 106 683 893 720">
     <span class='ocr_line' id='line_1_16' title="bbox 106 683 893 720; baseline 0 -9"><span class='ocrx_word' id='word_1_99' title='bbox 106 683 169 719; x_wconf 72' lang='grc' dir='ltr'>ἔχον</span> <span class='ocrx_word' id='word_1_100' title='bbox 181 685 230 719; x_wconf 82' lang='grc' dir='ltr'>τὴν</span> <span class='ocrx_word' id='word_1_101' title='bbox 245 685 346 717; x_wconf 85' lang='grc' dir='ltr'>πίστιν,</span> <span class='ocrx_word' id='word_1_102' title='bbox 362 686 429 720; x_wconf 89' lang='grc' dir='ltr'>πρδς</span> <span class='ocrx_word' id='word_1_103' title='bbox 443 685 528 720; x_wconf 71' lang='grc' dir='ltr'>αὐτὴν</span> <span class='ocrx_word' id='word_1_104' title='bbox 555 685 713 716; x_wconf 83' lang='grc' dir='ltr'>ὲνδιαθέτως</span> <span class='ocrx_word' id='word_1_105' title='bbox 738 687 893 718; x_wconf 75' lang='grc' dir='ltr'>συνάγεται.</span> 
     </span>
    </p>
   </div>
   <div class='ocr_carea' id='block_1_17' title="bbox 105 730 893 765">
    <p class='ocr_par' dir='ltr' id='par_1_17' title="bbox 105 730 893 765">
     <span class='ocr_line' id='line_1_17' title="bbox 105 730 893 765; baseline 0.001 -10"><span class='ocrx_word' id='word_1_106' title='bbox 105 730 201 761; x_wconf 70' lang='lat' dir='ltr'><strong>Iliam;</strong></span> <span class='ocrx_word' id='word_1_107' title='bbox 220 730 272 765; x_wconf 86' lang='grc' dir='ltr'><strong>γάρ</strong></span> <span class='ocrx_word' id='word_1_108' title='bbox 297 731 370 756; x_wconf 81' lang='grc' dir='ltr'>ἐστιν</span> <span class='ocrx_word' id='word_1_109' title='bbox 393 731 543 757; x_wconf 66' lang='grc' dir='ltr'>ἐνδιάθετον</span> <span class='ocrx_word' id='word_1_110' title='bbox 575 731 687 764; x_wconf 76' lang='grc' dir='ltr'>ἀγαθὸν,</span> <span class='ocrx_word' id='word_1_111' title='bbox 720 731 765 756; x_wconf 73' lang='grc' dir='ltr'>καὶ</span> <span class='ocrx_word' id='word_1_112' title='bbox 793 730 893 764; x_wconf 83' lang='grc' dir='ltr'>ἀγαθόν</span> 
     </span>
    </p>
   </div>
   <div class='ocr_carea' id='block_1_18' title="bbox 104 775 893 810">
    <p class='ocr_par' dir='ltr' id='par_1_18' title="bbox 104 775 893 810">
     <span class='ocr_line' id='line_1_18' title="bbox 104 775 893 810; baseline 0.001 -10"><span class='ocrx_word' id='word_1_113' title='bbox 104 776 180 802; x_wconf 77' lang='grc' dir='ltr'>ἐστιν</span> <span class='ocrx_word' id='word_1_114' title='bbox 196 775 375 810; x_wconf 77' lang='grc' dir='ltr'>ἐνεργηθεῖσα</span> <span class='ocrx_word' id='word_1_115' title='bbox 401 776 502 807; x_wconf 78' lang='grc' dir='ltr'>πίστις.</span> <span class='ocrx_word' id='word_1_116' title='bbox 528 777 626 807; x_wconf 77' lang='grc' dir='ltr'>Πιστὸς</span> <span class='ocrx_word' id='word_1_117' title='bbox 646 776 673 802; x_wconf 78' lang='grc' dir='ltr'>δὲ</span> <span class='ocrx_word' id='word_1_118' title='bbox 703 776 774 803; x_wconf 78' lang='grc' dir='ltr'>κατὰ</span> <span class='ocrx_word' id='word_1_119' title='bbox 803 776 893 809; x_wconf 75' lang='grc' dir='ltr'>φύσιν,</span> 
     </span>
    </p>
   </div>
   <div class='ocr_carea' id='block_1_19' title="bbox 105 821 892 862">
    <p class='ocr_par' dir='ltr' id='par_1_19' title="bbox 105 821 892 862">
     <span class='ocr_line' id='line_1_19' title="bbox 105 821 892 862; baseline 0 -15"><span class='ocrx_word' id='word_1_120' title='bbox 105 821 154 847; x_wconf 72' lang='grc' dir='ltr'>καὶ</span> <span class='ocrx_word' id='word_1_121' title='bbox 166 821 264 854; x_wconf 81' lang='grc' dir='ltr'>ἁγαθός</span> <span class='ocrx_word' id='word_1_122' title='bbox 276 822 374 847; x_wconf 83' lang='grc' dir='ltr'>ἐστινό</span> <span class='ocrx_word' id='word_1_123' title='bbox 386 822 470 862; x_wconf 54' lang='grc' dir='ltr'>Θεόςς</span> <span class='ocrx_word' id='word_1_124' title='bbox 489 822 517 847; x_wconf 61' lang='grc' dir='ltr'>τὴ</span> <span class='ocrx_word' id='word_1_125' title='bbox 534 822 594 856; x_wconf 78' lang='grc' dir='ltr'>μὲν,</span> <span class='ocrx_word' id='word_1_126' title='bbox 609 821 646 852; x_wconf 86' lang='grc' dir='ltr'>ὡς</span> <span class='ocrx_word' id='word_1_127' title='bbox 662 821 768 856; x_wconf 81' lang='grc' dir='ltr'>πρῶτον</span> <span class='ocrx_word' id='word_1_128' title='bbox 783 821 892 855; x_wconf 72' lang='grc' dir='ltr'>ἀγαθόν·</span> 
     </span>
    </p>
   </div>
   <div class='ocr_carea' id='block_1_20' title="bbox 103 857 930 903">
    <p class='ocr_par' dir='ltr' id='par_1_20' title="bbox 103 857 930 903">
     <span class='ocr_line' id='line_1_20' title="bbox 103 857 930 903; baseline 0 -11"><span class='ocrx_word' id='word_1_129' title='bbox 103 867 136 892; x_wconf 73' lang='grc' dir='ltr'>τὸ</span> <span class='ocrx_word' id='word_1_130' title='bbox 150 867 190 899; x_wconf 75' lang='grc' dir='ltr'>δὲ,</span> <span class='ocrx_word' id='word_1_131' title='bbox 211 867 248 898; x_wconf 86' lang='grc' dir='ltr'>ὡς</span> <span class='ocrx_word' id='word_1_132' title='bbox 267 867 381 902; x_wconf 80' lang='grc' dir='ltr'>ἔσχατον</span> <span class='ocrx_word' id='word_1_133' title='bbox 400 857 522 903; x_wconf 65' lang='grc' dir='ltr'>ὀρεκτόν.</span> <span class='ocrx_word' id='word_1_134' title='bbox 535 867 639 893; x_wconf 82' lang='grc' dir='ltr'>Ὶάὑτὺν</span> <span class='ocrx_word' id='word_1_135' title='bbox 662 867 691 893; x_wconf 81' lang='grc' dir='ltr'><strong>δὲ</strong></span> <span class='ocrx_word' id='word_1_136' title='bbox 712 866 797 892; x_wconf 65' lang='grc' dir='ltr'>ταῦτα</span> <span class='ocrx_word' id='word_1_137' title='bbox 829 866 895 893; x_wconf 78' lang='grc' dir='ltr'>καθ·</span> <span class='ocrx_word' id='word_1_138' title='bbox 912 857 930 883; x_wconf 67' lang='grc' dir='ltr'><strong><em>Β</em></strong></span> 
     </span>
    </p>
   </div>
   <div class='ocr_carea' id='block_1_21' title="bbox 105 912 895 948">
    <p class='ocr_par' dir='ltr' id='par_1_21' title="bbox 105 912 895 948">
     <span class='ocr_line' id='line_1_21' title="bbox 105 912 895 948; baseline -0.001 -10"><span class='ocrx_word' id='word_1_139' title='bbox 105 912 206 947; x_wconf 63' lang='grc' dir='ltr'>ἕστηκε</span> <span class='ocrx_word' id='word_1_140' title='bbox 219 913 298 939; x_wconf 78' lang='grc' dir='ltr'>παντὶ</span> <span class='ocrx_word' id='word_1_141' title='bbox 312 913 617 948; x_wconf 72' lang='grc' dir='ltr'>τρόπῳάλλήλοιςδντα,</span> <span class='ocrx_word' id='word_1_142' title='bbox 634 912 728 947; x_wconf 74' lang='grc' dir='ltr'>μηδενὶ</span> <span class='ocrx_word' id='word_1_143' title='bbox 743 912 814 947; x_wconf 86' lang='grc' dir='ltr'>λόγῳ</span> <span class='ocrx_word' id='word_1_144' title='bbox 827 912 895 946; x_wconf 79' lang='grc' dir='ltr'>πλὴν</span> 
     </span>
    </p>
   </div>
   <div class='ocr_carea' id='block_1_22' title="bbox 102 957 893 993">
    <p class='ocr_par' dir='ltr' id='par_1_22' title="bbox 102 957 893 993">
     <span class='ocr_line' id='line_1_22' title="bbox 102 957 893 993; baseline -0.001 -10"><span class='ocrx_word' id='word_1_145' title='bbox 102 957 153 983; x_wconf 70' lang='grc' dir='ltr'>τοῦ</span> <span class='ocrx_word' id='word_1_146' title='bbox 171 958 229 984; x_wconf 85' lang='grc' dir='ltr'>κατ’</span> <span class='ocrx_word' id='word_1_147' title='bbox 248 958 369 984; x_wconf 80' lang='grc' dir='ltr'>ἐπίνοιαν</span> <span class='ocrx_word' id='word_1_148' title='bbox 397 958 519 993; x_wconf 85' lang='grc' dir='ltr'>ἀλλήλων</span> <span class='ocrx_word' id='word_1_149' title='bbox 539 957 716 993; x_wconf 79' lang='grc' dir='ltr'><strong>διαιρούμενα</strong></span> <span class='ocrx_word' id='word_1_150' title='bbox 743 957 893 989; x_wconf 79' lang='grc' dir='ltr'><strong>παντελῶς,</strong></span> 
     </span>
    </p>
   </div>
   <div class='ocr_carea' id='block_1_23' title="bbox 103 1003 894 1040">
    <p class='ocr_par' dir='ltr' id='par_1_23' title="bbox 103 1003 894 1040">
     <span class='ocr_line' id='line_1_23' title="bbox 103 1003 894 1040; baseline -0.001 -11"><span class='ocrx_word' id='word_1_151' title='bbox 103 1003 151 1029; x_wconf 79' lang='grc' dir='ltr'><strong>διὰ</strong></span> <span class='ocrx_word' id='word_1_152' title='bbox 165 1003 214 1038; x_wconf 78' lang='grc' dir='ltr'>τὴν</span> <span class='ocrx_word' id='word_1_153' title='bbox 231 1003 285 1029; x_wconf 80' lang='grc' dir='ltr'><strong>τῶν</strong></span> <span class='ocrx_word' id='word_1_154' title='bbox 300 1005 347 1030; x_wconf 79' lang='grc' dir='ltr'><strong>ἀπ’</strong></span> <span class='ocrx_word' id='word_1_155' title='bbox 366 1004 447 1030; x_wconf 75' lang='grc' dir='ltr'>αὑτοῦ</span> <span class='ocrx_word' id='word_1_156' title='bbox 472 1003 642 1040; x_wconf 81' lang='grc' dir='ltr'>ἀρχομένων,</span> <span class='ocrx_word' id='word_1_157' title='bbox 670 1003 718 1030; x_wconf 73' lang='grc' dir='ltr'><strong>καὶ</strong></span> <span class='ocrx_word' id='word_1_158' title='bbox 747 1004 786 1035; x_wconf 78' lang='grc' dir='ltr'>εἰς</span> <span class='ocrx_word' id='word_1_159' title='bbox 814 1003 894 1029; x_wconf 70' lang='grc' dir='ltr'>αὐτὸν</span> 
     </span>
    </p>
   </div>
   <div class='ocr_carea' id='block_1_24' title="bbox 103 1048 893 1084">
    <p class='ocr_par' dir='ltr' id='par_1_24' title="bbox 103 1048 893 1084">
     <span class='ocr_line' id='line_1_24' title="bbox 103 1048 893 1084; baseline 0 -10"><span class='ocrx_word' id='word_1_160' title='bbox 103 1048 257 1083; x_wconf 76' lang='grc' dir='ltr'><strong>ληγόντων,</strong></span> <span class='ocrx_word' id='word_1_161' title='bbox 270 1049 387 1084; x_wconf 80' lang='grc' dir='ltr'>κίνησιν.</span> <span class='ocrx_word' id='word_1_162' title='bbox 407 1050 478 1084; x_wconf 78' lang='grc' dir='ltr'>Ἀρα</span> <span class='ocrx_word' id='word_1_163' title='bbox 493 1050 509 1084; x_wconf 84' lang='grc' dir='ltr'>ὴ</span> <span class='ocrx_word' id='word_1_164' title='bbox 530 1049 631 1084; x_wconf 81' lang='grc' dir='ltr'>μυριὰς</span> <span class='ocrx_word' id='word_1_165' title='bbox 646 1049 760 1084; x_wconf 78' lang='grc' dir='ltr'>ἐσχάτου</span> <span class='ocrx_word' id='word_1_166' title='bbox 780 1048 893 1084; x_wconf 78' lang='grc' dir='ltr'>ὀρεκτοῦ</span> 
     </span>
    </p>
   </div>
   <div class='ocr_carea' id='block_1_25' title="bbox 104 1094 894 1130">
    <p class='ocr_par' dir='ltr' id='par_1_25' title="bbox 104 1094 894 1130">
     <span class='ocr_line' id='line_1_25' title="bbox 104 1094 894 1130; baseline -0.003 -9"><span class='ocrx_word' id='word_1_167' title='bbox 104 1095 229 1130; x_wconf 74' lang='grc' dir='ltr'>φέρουσα</span> <span class='ocrx_word' id='word_1_168' title='bbox 251 1095 345 1127; x_wconf 82' lang='grc' dir='ltr'>τύπον,</span> <span class='ocrx_word' id='word_1_169' title='bbox 373 1095 426 1121; x_wconf 88' lang='grc' dir='ltr'><strong>τῶν</strong></span> <span class='ocrx_word' id='word_1_170' title='bbox 449 1095 517 1130; x_wconf 80' lang='grc' dir='ltr'>πρὸς</span> <span class='ocrx_word' id='word_1_171' title='bbox 530 1095 596 1120; x_wconf 82' lang='grc' dir='ltr'>αὐτὸ</span> <span class='ocrx_word' id='word_1_172' title='bbox 611 1094 778 1128; x_wconf 86' lang='grc' dir='ltr'>κινουμένων</span> <span class='ocrx_word' id='word_1_173' title='bbox 791 1094 894 1120; x_wconf 85' lang='grc' dir='ltr'>τελείαν</span> 
     </span>
    </p>
   </div>
   <div class='ocr_carea' id='block_1_26' title="bbox 103 1139 894 1175">
    <p class='ocr_par' dir='ltr' id='par_1_26' title="bbox 103 1139 894 1175">
     <span class='ocr_line' id='line_1_26' title="bbox 103 1139 894 1175; baseline 0 -10"><span class='ocrx_word' id='word_1_174' title='bbox 103 1140 273 1174; x_wconf 78' lang='grc' dir='ltr'><strong>περιγράφει</strong></span> <span class='ocrx_word' id='word_1_175' title='bbox 294 1141 344 1175; x_wconf 83' lang='grc' dir='ltr'><strong>τὴν</strong></span> <span class='ocrx_word' id='word_1_176' title='bbox 364 1140 456 1174; x_wconf 73' lang='grc' dir='ltr'>ἔφεσιν</span> <span class='ocrx_word' id='word_1_177' title='bbox 471 1148 478 1155; x_wconf 94' lang='grc'><strong>·</strong></span> <span class='ocrx_word' id='word_1_178' title='bbox 492 1141 538 1166; x_wconf 72' lang='grc' dir='ltr'>καὶ</span> <span class='ocrx_word' id='word_1_179' title='bbox 552 1141 568 1175; x_wconf 79' lang='grc' dir='ltr'>ἡ</span> <span class='ocrx_word' id='word_1_180' title='bbox 589 1140 683 1174; x_wconf 86' lang='grc' dir='ltr'>μονὰς,</span> <span class='ocrx_word' id='word_1_181' title='bbox 701 1139 809 1174; x_wconf 84' lang='grc' dir='ltr'>πρώτου</span> <span class='ocrx_word' id='word_1_182' title='bbox 826 1140 894 1172; x_wconf 80' lang='grc' dir='ltr'>ἁγα-</span> 
     </span>
    </p>
   </div>
   <div class='ocr_carea' id='block_1_27' title="bbox 104 1184 893 1222">
    <p class='ocr_par' dir='ltr' id='par_1_27' title="bbox 104 1184 893 1222">
     <span class='ocr_line' id='line_1_27' title="bbox 104 1184 893 1222; baseline -0.001 -11"><span class='ocrx_word' id='word_1_183' title='bbox 104 1185 154 1212; x_wconf 84' lang='grc' dir='ltr'>θοῦ</span> <span class='ocrx_word' id='word_1_184' title='bbox 176 1185 297 1220; x_wconf 80' lang='grc' dir='ltr'>φέρουσα</span> <span class='ocrx_word' id='word_1_185' title='bbox 322 1185 471 1222; x_wconf 43' lang='grc' dir='ltr'>σύμϐολονλ</span> <span class='ocrx_word' id='word_1_186' title='bbox 492 1185 546 1211; x_wconf 84' lang='grc' dir='ltr'><strong>τῶν</strong></span> <span class='ocrx_word' id='word_1_187' title='bbox 563 1184 610 1211; x_wconf 73' lang='grc' dir='ltr'><strong>ἀπ’</strong></span> <span class='ocrx_word' id='word_1_188' title='bbox 624 1184 706 1211; x_wconf 74' lang='grc' dir='ltr'>αὑτοῦ</span> <span class='ocrx_word' id='word_1_189' title='bbox 726 1185 893 1218; x_wconf 72' lang='grc' dir='ltr'>κινουμένων</span> 
     </span>
    </p>
   </div>
   <div class='ocr_carea' id='block_1_28' title="bbox 103 1229 773 1274">
    <p class='ocr_par' dir='ltr' id='par_1_28' title="bbox 103 1229 773 1274">
     <span class='ocr_line' id='line_1_28' title="bbox 103 1229 773 1274; baseline 0 -18"><span class='ocrx_word' id='word_1_190' title='bbox 103 1230 214 1274; x_wconf 74' lang='grc' dir='ltr'>τελείαν</span> <span class='ocrx_word' id='word_1_191' title='bbox 230 1231 391 1266; x_wconf 74' lang='grc' dir='ltr'>ἐπιφέρεται</span> <span class='ocrx_word' id='word_1_192' title='bbox 410 1230 488 1265; x_wconf 81' lang='grc' dir='ltr'>βάσιν</span> <span class='ocrx_word' id='word_1_193' title='bbox 506 1231 568 1266; x_wconf 83' lang='lat' dir='ltr'><strong>[duo</strong></span> <span class='ocrx_word' id='word_1_194' title='bbox 581 1230 644 1265; x_wconf 77' lang='lat' dir='ltr'><strong>Reg.</strong></span> <span class='ocrx_word' id='word_1_195' title='bbox 671 1229 773 1265; x_wconf 52' lang='lat' dir='ltr'><strong>eadem]</strong></span> 
     </span>
    </p>
   </div>
   <div class='ocr_carea' id='block_1_29' title="bbox 140 1314 893 1350">
    <p class='ocr_par' dir='ltr' id='par_1_29' title="bbox 140 1314 893 1350">
     <span class='ocr_line' id='line_1_29' title="bbox 140 1314 893 1350; baseline -0.003 -8"><span class='ocrx_word' id='word_1_196' title='bbox 140 1315 191 1342; x_wconf 79' lang='grc' dir='ltr'>να’.</span> <span class='ocrx_word' id='word_1_197' title='bbox 207 1314 306 1350; x_wconf 84' lang='grc' dir='ltr'>Πρώτη</span> <span class='ocrx_word' id='word_1_198' title='bbox 326 1315 398 1341; x_wconf 69' lang='grc' dir='ltr'>ἐστὶν</span> <span class='ocrx_word' id='word_1_199' title='bbox 422 1315 551 1348; x_wconf 73' lang='grc' dir='ltr'>ἀπάθεια,</span> <span class='ocrx_word' id='word_1_200' title='bbox 589 1315 605 1349; x_wconf 83' lang='grc' dir='ltr'>ἡ</span> <span class='ocrx_word' id='word_1_201' title='bbox 645 1314 778 1347; x_wconf 78' lang='grc' dir='ltr'>παντελὴς</span> <span class='ocrx_word' id='word_1_202' title='bbox 806 1314 893 1348; x_wconf 81' lang='grc' dir='ltr'>ἀποχὴ</span> 
     </span>
    </p>
   </div>
   <div class='ocr_carea' id='block_1_30' title="bbox 100 1359 894 1395">
    <p class='ocr_par' dir='ltr' id='par_1_30' title="bbox 100 1359 894 1395">
     <span class='ocr_line' id='line_1_30' title="bbox 100 1359 894 1395; baseline -0.004 -8"><span class='ocrx_word' id='word_1_203' title='bbox 100 1361 160 1388; x_wconf 77' lang='grc' dir='ltr'><strong>τῶν</strong></span> <span class='ocrx_word' id='word_1_204' title='bbox 186 1361 247 1387; x_wconf 81' lang='grc' dir='ltr'>κατ’</span> <span class='ocrx_word' id='word_1_205' title='bbox 274 1361 414 1395; x_wconf 72' lang='grc' dir='ltr'>ἐνέργειαν</span> <span class='ocrx_word' id='word_1_206' title='bbox 440 1360 542 1392; x_wconf 85' lang='grc' dir='ltr'>κακῶν,</span> <span class='ocrx_word' id='word_1_207' title='bbox 572 1361 600 1386; x_wconf 79' lang='grc' dir='ltr'><strong>ἐν</strong></span> <span class='ocrx_word' id='word_1_208' title='bbox 626 1361 682 1390; x_wconf 85' lang='grc' dir='ltr'>τοῖς</span> <span class='ocrx_word' id='word_1_209' title='bbox 708 1359 894 1393; x_wconf 78' lang='grc' dir='ltr'><strong>εἰσαγομένοις</strong></span> 
     </span>
    </p>
   </div>
   <div class='ocr_carea' id='block_1_31' title="bbox 102 1404 893 1441">
    <p class='ocr_par' dir='ltr' id='par_1_31' title="bbox 102 1404 893 1441">
     <span class='ocr_line' id='line_1_31' title="bbox 102 1404 893 1441; baseline -0.004 -8"><span class='ocrx_word' id='word_1_210' title='bbox 102 1406 279 1441; x_wconf 78' lang='grc' dir='ltr'>θεωρουμένη</span> <span class='ocrx_word' id='word_1_211' title='bbox 296 1413 303 1419; x_wconf 89' lang='grc'>·</span> <span class='ocrx_word' id='word_1_212' title='bbox 319 1405 432 1440; x_wconf 75' lang='grc' dir='ltr'>δευτέρα</span> <span class='ocrx_word' id='word_1_213' title='bbox 449 1405 487 1438; x_wconf 76' lang='grc' dir='ltr'>δὲ,</span> <span class='ocrx_word' id='word_1_214' title='bbox 507 1406 523 1440; x_wconf 82' lang='grc' dir='ltr'>ἡ</span> <span class='ocrx_word' id='word_1_215' title='bbox 541 1405 672 1440; x_wconf 85' lang='grc' dir='ltr'>παντελὴς</span> <span class='ocrx_word' id='word_1_216' title='bbox 690 1404 760 1431; x_wconf 79' lang='grc' dir='ltr'>κατὰ</span> <span class='ocrx_word' id='word_1_217' title='bbox 775 1405 893 1431; x_wconf 80' lang='grc' dir='ltr'>διάνοιαν</span> 
     </span>
    </p>
   </div>
   <div class='ocr_carea' id='block_1_32' title="bbox 101 1449 894 1487">
    <p class='ocr_par' dir='ltr' id='par_1_32' title="bbox 101 1449 894 1487">
     <span class='ocr_line' id='line_1_32' title="bbox 101 1449 894 1487; baseline -0.004 -9"><span class='ocrx_word' id='word_1_218' title='bbox 101 1452 172 1487; x_wconf 73' lang='grc' dir='ltr'>περὶ</span> <span class='ocrx_word' id='word_1_219' title='bbox 187 1452 235 1486; x_wconf 86' lang='grc' dir='ltr'>τὴν</span> <span class='ocrx_word' id='word_1_220' title='bbox 251 1450 306 1477; x_wconf 86' lang='grc' dir='ltr'><strong>τῶν</strong></span> <span class='ocrx_word' id='word_1_221' title='bbox 329 1451 423 1478; x_wconf 80' lang='grc' dir='ltr'>κακῶν</span> <span class='ocrx_word' id='word_1_222' title='bbox 445 1451 646 1484; x_wconf 73' lang='grc' dir='ltr'>συγκατάθεσιν</span> <span class='ocrx_word' id='word_1_223' title='bbox 666 1450 787 1484; x_wconf 73' lang='grc' dir='ltr'>ἀποϐολὴ</span> <span class='ocrx_word' id='word_1_224' title='bbox 819 1449 894 1483; x_wconf 87' lang='grc' dir='ltr'>λογι-</span> 
     </span>
    </p>
   </div>
   <div class='ocr_carea' id='block_1_33' title="bbox 105 1495 891 1532">
    <p class='ocr_par' dir='ltr' id='par_1_33' title="bbox 105 1495 891 1532">
     <span class='ocr_line' id='line_1_33' title="bbox 105 1495 891 1532; baseline -0.003 -9"><span class='ocrx_word' id='word_1_225' title='bbox 105 1497 196 1531; x_wconf 87' lang='grc' dir='ltr'>σμῶν,</span> <span class='ocrx_word' id='word_1_226' title='bbox 213 1498 242 1523; x_wconf 83' lang='grc' dir='ltr'>ὲν</span> <span class='ocrx_word' id='word_1_227' title='bbox 255 1497 311 1527; x_wconf 75' lang='grc' dir='ltr'>τοῖς</span> <span class='ocrx_word' id='word_1_228' title='bbox 327 1496 395 1531; x_wconf 81' lang='grc' dir='ltr'>μετὰ</span> <span class='ocrx_word' id='word_1_229' title='bbox 413 1496 492 1530; x_wconf 86' lang='grc' dir='ltr'>λόγου</span> <span class='ocrx_word' id='word_1_230' title='bbox 507 1497 556 1532; x_wconf 78' lang='grc' dir='ltr'>τὴν</span> <span class='ocrx_word' id='word_1_231' title='bbox 574 1495 673 1531; x_wconf 85' lang='grc' dir='ltr'>ἀρετὴν</span> <span class='ocrx_word' id='word_1_232' title='bbox 687 1495 808 1531; x_wconf 84' lang='grc' dir='ltr'>μετιοῦσι</span> <span class='ocrx_word' id='word_1_233' title='bbox 822 1503 891 1529; x_wconf 77' lang='grc' dir='ltr'>γινο-</span> 
     </span>
    </p>
   </div>
   <div class='ocr_carea' id='block_1_34' title="bbox 106 1540 891 1576">
    <p class='ocr_par' dir='ltr' id='par_1_34' title="bbox 106 1540 891 1576">
     <span class='ocr_line' id='line_1_34' title="bbox 106 1540 891 1576; baseline -0.001 -9"><span class='ocrx_word' id='word_1_234' title='bbox 106 1542 178 1576; x_wconf 75' lang='grc' dir='ltr'>μένη</span> <span class='ocrx_word' id='word_1_235' title='bbox 215 1542 292 1576; x_wconf 84' lang='grc' dir='ltr'>τρίτη</span> <span class='ocrx_word' id='word_1_236' title='bbox 308 1542 346 1573; x_wconf 80' lang='grc' dir='ltr'>δὲ,</span> <span class='ocrx_word' id='word_1_237' title='bbox 368 1542 384 1576; x_wconf 81' lang='grc' dir='ltr'><strong>ὴ</strong></span> <span class='ocrx_word' id='word_1_238' title='bbox 408 1541 468 1567; x_wconf 78' lang='grc' dir='ltr'>κατ’</span> <span class='ocrx_word' id='word_1_239' title='bbox 495 1541 645 1576; x_wconf 76' lang='grc' dir='ltr'>ἐπιθυμίαν</span> <span class='ocrx_word' id='word_1_240' title='bbox 671 1541 734 1575; x_wconf 77' lang='grc' dir='ltr'>περὶ</span> <span class='ocrx_word' id='word_1_241' title='bbox 757 1541 791 1567; x_wconf 75' lang='grc' dir='ltr'>τὰ</span> <span class='ocrx_word' id='word_1_242' title='bbox 818 1540 891 1575; x_wconf 83' lang='grc' dir='ltr'>πάθη</span> 
     </span>
    </p>
   </div>
   <div class='ocr_carea' id='block_1_35' title="bbox 103 1586 894 1622">
    <p class='ocr_par' dir='ltr' id='par_1_35' title="bbox 103 1586 894 1622">
     <span class='ocr_line' id='line_1_35' title="bbox 103 1586 894 1622; baseline -0.001 -9"><span class='ocrx_word' id='word_1_243' title='bbox 103 1587 242 1622; x_wconf 75' lang='grc' dir='ltr'>παντελὴς</span> <span class='ocrx_word' id='word_1_244' title='bbox 263 1587 403 1622; x_wconf 81' lang='grc' dir='ltr'>ἀκινησία,</span> <span class='ocrx_word' id='word_1_245' title='bbox 421 1588 449 1614; x_wconf 82' lang='grc' dir='ltr'><strong>ἐν</strong></span> <span class='ocrx_word' id='word_1_246' title='bbox 466 1589 522 1618; x_wconf 74' lang='grc' dir='ltr'>τοῖς</span> <span class='ocrx_word' id='word_1_247' title='bbox 535 1587 580 1614; x_wconf 82' lang='grc' dir='ltr'><strong>διὰ</strong></span> <span class='ocrx_word' id='word_1_248' title='bbox 595 1587 648 1614; x_wconf 88' lang='grc' dir='ltr'><strong>τῶν</strong></span> <span class='ocrx_word' id='word_1_249' title='bbox 671 1586 818 1622; x_wconf 81' lang='grc' dir='ltr'>σχημάτων</span> <span class='ocrx_word' id='word_1_250' title='bbox 831 1587 894 1617; x_wconf 79' lang='grc' dir='ltr'>τοὺς</span> 
     </span>
    </p>
   </div>
   <div class='ocr_carea' id='block_1_36' title="bbox 102 1632 892 1668">
    <p class='ocr_par' dir='ltr' id='par_1_36' title="bbox 102 1632 892 1668">
     <span class='ocr_line' id='line_1_36' title="bbox 102 1632 892 1668; baseline -0.001 -10"><span class='ocrx_word' id='word_1_251' title='bbox 102 1632 201 1666; x_wconf 82' lang='grc' dir='ltr'>λόγους</span> <span class='ocrx_word' id='word_1_252' title='bbox 214 1632 314 1665; x_wconf 86' lang='grc' dir='ltr'>νοητῶς</span> <span class='ocrx_word' id='word_1_253' title='bbox 339 1632 486 1668; x_wconf 75' lang='grc' dir='ltr'>θεωμένοις</span> <span class='ocrx_word' id='word_1_254' title='bbox 509 1632 563 1658; x_wconf 86' lang='grc' dir='ltr'><strong>τῶν</strong></span> <span class='ocrx_word' id='word_1_255' title='bbox 586 1632 732 1667; x_wconf 82' lang='grc' dir='ltr'>ὁρωμένων</span> <span class='ocrx_word' id='word_1_256' title='bbox 748 1639 754 1645; x_wconf 89' lang='grc'>·</span> <span class='ocrx_word' id='word_1_257' title='bbox 777 1632 892 1666; x_wconf 84' lang='grc' dir='ltr'>τετάρτη</span> 
     </span>
    </p>
   </div>
   <div class='ocr_carea' id='block_1_37' title="bbox 102 1677 893 1712">
    <p class='ocr_par' dir='ltr' id='par_1_37' title="bbox 102 1677 893 1712">
     <span class='ocr_line' id='line_1_37' title="bbox 102 1677 893 1712; baseline -0.001 -8"><span class='ocrx_word' id='word_1_258' title='bbox 102 1678 135 1704; x_wconf 77' lang='grc' dir='ltr'><strong>δέ</strong></span> <span class='ocrx_word' id='word_1_259' title='bbox 150 1678 224 1703; x_wconf 73' lang='grc' dir='ltr'>ἐστιν</span> <span class='ocrx_word' id='word_1_260' title='bbox 239 1678 367 1710; x_wconf 80' lang='grc' dir='ltr'>ἀπάθεια,</span> <span class='ocrx_word' id='word_1_261' title='bbox 380 1678 396 1712; x_wconf 85' lang='grc' dir='ltr'>ἡ</span> <span class='ocrx_word' id='word_1_262' title='bbox 410 1678 457 1705; x_wconf 69' lang='grc' dir='ltr'>καὶ</span> <span class='ocrx_word' id='word_1_263' title='bbox 471 1678 556 1712; x_wconf 85' lang='grc' dir='ltr'>αὐτῆς</span> <span class='ocrx_word' id='word_1_264' title='bbox 582 1678 633 1712; x_wconf 81' lang='grc' dir='ltr'><strong>τῆς</strong></span> <span class='ocrx_word' id='word_1_265' title='bbox 649 1677 729 1712; x_wconf 82' lang='grc' dir='ltr'>ψιλῆς</span> <span class='ocrx_word' id='word_1_266' title='bbox 744 1677 893 1711; x_wconf 79' lang='grc' dir='ltr'>φαντασίας</span> 
     </span>
    </p>
   </div>
   <div class='ocr_carea' id='block_1_38' title="bbox 103 1723 893 1758">
    <p class='ocr_par' dir='ltr' id='par_1_38' title="bbox 103 1723 893 1758">
     <span class='ocr_line' id='line_1_38' title="bbox 103 1723 893 1758; baseline -0.001 -8"><span class='ocrx_word' id='word_1_267' title='bbox 103 1723 240 1755; x_wconf 81' lang='grc' dir='ltr'>παντελὴς</span> <span class='ocrx_word' id='word_1_268' title='bbox 249 1723 392 1758; x_wconf 80' lang='grc' dir='ltr'>κάθαρσις,</span> <span class='ocrx_word' id='word_1_269' title='bbox 407 1726 435 1750; x_wconf 84' lang='grc' dir='ltr'><strong>ἐν</strong></span> <span class='ocrx_word' id='word_1_270' title='bbox 450 1726 505 1755; x_wconf 80' lang='grc' dir='ltr'>τοῖς</span> <span class='ocrx_word' id='word_1_271' title='bbox 521 1724 565 1751; x_wconf 79' lang='grc' dir='ltr'><strong>διὰ</strong></span> <span class='ocrx_word' id='word_1_272' title='bbox 580 1723 707 1758; x_wconf 72' lang='grc' dir='ltr'>γνώσεως</span> <span class='ocrx_word' id='word_1_273' title='bbox 719 1724 765 1750; x_wconf 77' lang='grc' dir='ltr'>καὶ</span> <span class='ocrx_word' id='word_1_274' title='bbox 777 1723 893 1758; x_wconf 76' lang='grc' dir='ltr'>θεωρίας</span> 
     </span>
    </p>
   </div>
   <div class='ocr_carea' id='block_1_39' title="bbox 103 1769 892 1804">
    <p class='ocr_par' dir='ltr' id='par_1_39' title="bbox 103 1769 892 1804">
     <span class='ocr_line' id='line_1_39' title="bbox 103 1769 892 1804; baseline -0.001 -9"><span class='ocrx_word' id='word_1_275' title='bbox 103 1769 227 1804; x_wconf 81' lang='grc' dir='ltr'>καθαρὸν</span> <span class='ocrx_word' id='word_1_276' title='bbox 254 1770 301 1795; x_wconf 83' lang='grc' dir='ltr'><strong>καὶ</strong></span> <span class='ocrx_word' id='word_1_277' title='bbox 327 1770 421 1801; x_wconf 76' lang='grc' dir='ltr'>διειδὲς</span> <span class='ocrx_word' id='word_1_278' title='bbox 447 1770 580 1804; x_wconf 74' lang='grc' dir='ltr'>ἔσοπτρον</span> <span class='ocrx_word' id='word_1_279' title='bbox 596 1769 643 1796; x_wconf 83' lang='grc' dir='ltr'>τοῦ</span> <span class='ocrx_word' id='word_1_280' title='bbox 661 1769 728 1795; x_wconf 87' lang='grc' dir='ltr'>Θεοῦ</span> <span class='ocrx_word' id='word_1_281' title='bbox 741 1769 892 1804; x_wconf 84' lang='grc' dir='ltr'>ποιησαμέ-</span> 
     </span>
    </p>
   </div>
   <div class='ocr_carea' id='block_1_40' title="bbox 102 1814 893 1852">
    <p class='ocr_par' dir='ltr' id='par_1_40' title="bbox 102 1814 893 1852">
     <span class='ocr_line' id='line_1_40' title="bbox 102 1814 893 1852; baseline -0.006 -8"><span class='ocrx_word' id='word_1_282' title='bbox 102 1826 163 1848; x_wconf 86' lang='grc' dir='ltr'>νοις</span> <span class='ocrx_word' id='word_1_283' title='bbox 177 1818 208 1843; x_wconf 82' lang='grc' dir='ltr'><strong>τὸ</strong></span> <span class='ocrx_word' id='word_1_284' title='bbox 224 1817 398 1852; x_wconf 79' lang='grc' dir='ltr'>ἡγεμονικὸν,</span> <span class='ocrx_word' id='word_1_285' title='bbox 414 1815 606 1850; x_wconf 82' lang='grc' dir='ltr'>συνισταμένη.</span> <span class='ocrx_word' id='word_1_286' title='bbox 628 1815 656 1841; x_wconf 89' lang='lat'><strong>&#39;0</strong></span> <span class='ocrx_word' id='word_1_287' title='bbox 669 1814 756 1841; x_wconf 80' lang='grc' dir='ltr'>τοίνυν</span> <span class='ocrx_word' id='word_1_288' title='bbox 770 1814 893 1848; x_wconf 82' lang='grc' dir='ltr'>καθάρας</span> 
     </span>
    </p>
   </div>
   <div class='ocr_carea' id='block_1_41' title="bbox 102 1856 892 1898">
    <p class='ocr_par' dir='ltr' id='par_1_41' title="bbox 102 1856 892 1898">
     <span class='ocr_line' id='line_1_41' title="bbox 102 1856 892 1898; baseline -0.005 -9"><span class='ocrx_word' id='word_1_289' title='bbox 102 1863 202 1890; x_wconf 80' lang='grc' dir='ltr'>ἑαυτὸν</span> <span class='ocrx_word' id='word_1_290' title='bbox 226 1863 366 1898; x_wconf 77' lang='grc' dir='ltr'>ἐνεργείας</span> <span class='ocrx_word' id='word_1_291' title='bbox 387 1862 493 1894; x_wconf 83' lang='grc' dir='ltr'>παθῶν,</span> <span class='ocrx_word' id='word_1_292' title='bbox 519 1862 567 1887; x_wconf 74' lang='grc' dir='ltr'><strong>καὶ</strong></span> <span class='ocrx_word' id='word_1_293' title='bbox 587 1860 638 1896; x_wconf 84' lang='grc' dir='ltr'>τῆς</span> <span class='ocrx_word' id='word_1_294' title='bbox 655 1856 698 1887; x_wconf 71' lang='grc' dir='ltr'><strong>ἐπ’</strong></span> <span class='ocrx_word' id='word_1_295' title='bbox 715 1860 806 1890; x_wconf 80' lang='grc' dir='ltr'>αὐτοῖς</span> <span class='ocrx_word' id='word_1_296' title='bbox 822 1858 892 1885; x_wconf 79' lang='grc' dir='ltr'>κατὰ</span> 
     </span>
    </p>
   </div>
   <div class='ocr_carea' id='block_1_42' title="bbox 101 1900 891 1943">
    <p class='ocr_par' dir='ltr' id='par_1_42' title="bbox 101 1900 891 1943">
     <span class='ocr_line' id='line_1_42' title="bbox 101 1900 891 1943; baseline -0.006 -8"><span class='ocrx_word' id='word_1_297' title='bbox 101 1909 225 1935; x_wconf 85' lang='grc' dir='ltr'>διάνοιαν</span> <span class='ocrx_word' id='word_1_298' title='bbox 243 1908 468 1942; x_wconf 76' lang='grc' dir='ltr'>συγκαταθέσεως</span> <span class='ocrx_word' id='word_1_299' title='bbox 486 1900 688 1943; x_wconf 77' lang='grc' dir='ltr'>ἐλευθερωθεὶς,</span> <span class='ocrx_word' id='word_1_300' title='bbox 704 1906 751 1932; x_wconf 79' lang='grc' dir='ltr'>καὶ</span> <span class='ocrx_word' id='word_1_301' title='bbox 766 1905 814 1940; x_wconf 86' lang='grc' dir='ltr'>τῆς</span> <span class='ocrx_word' id='word_1_302' title='bbox 828 1905 891 1940; x_wconf 79' lang='grc' dir='ltr'>περὶ</span> 
     </span>
    </p>
   </div>
   <div class='ocr_carea' id='block_1_43' title="bbox 101 1949 892 1988">
    <p class='ocr_par' dir='ltr' id='par_1_43' title="bbox 101 1949 892 1988">
     <span class='ocr_line' id='line_1_43' title="bbox 101 1949 892 1988; baseline -0.006 -8"><span class='ocrx_word' id='word_1_303' title='bbox 101 1954 177 1981; x_wconf 73' lang='grc' dir='ltr'>αὐτὰ</span> <span class='ocrx_word' id='word_1_304' title='bbox 203 1953 261 1979; x_wconf 87' lang='grc' dir='ltr'>κατ’</span> <span class='ocrx_word' id='word_1_305' title='bbox 288 1953 435 1988; x_wconf 80' lang='grc' dir='ltr'>ἐπιθυμίαν</span> <span class='ocrx_word' id='word_1_306' title='bbox 466 1953 599 1987; x_wconf 83' lang='grc' dir='ltr'>κινήσεως</span> <span class='ocrx_word' id='word_1_307' title='bbox 623 1952 716 1978; x_wconf 85' lang='grc' dir='ltr'>στάσιν</span> <span class='ocrx_word' id='word_1_308' title='bbox 729 1949 828 1981; x_wconf 74' lang='grc' dir='ltr'>λαϐὼν,</span> <span class='ocrx_word' id='word_1_309' title='bbox 844 1949 892 1975; x_wconf 76' lang='grc' dir='ltr'><strong>καὶ</strong></span> 
     </span>
    </p>
   </div>
   <div class='ocr_carea' id='block_1_44' title="bbox 100 1995 892 2034">
    <p class='ocr_par' dir='ltr' id='par_1_44' title="bbox 100 1995 892 2034">
     <span class='ocr_line' id='line_1_44' title="bbox 100 1995 892 2034; baseline -0.004 -9"><span class='ocrx_word' id='word_1_310' title='bbox 100 1999 155 2033; x_wconf 83' lang='grc' dir='ltr'>τῆς</span> <span class='ocrx_word' id='word_1_311' title='bbox 170 1998 258 2025; x_wconf 81' lang='grc' dir='ltr'>αὐτῶν</span> <span class='ocrx_word' id='word_1_312' title='bbox 288 1998 368 2034; x_wconf 82' lang='grc' dir='ltr'>ψιλῆς</span> <span class='ocrx_word' id='word_1_313' title='bbox 392 1997 542 2032; x_wconf 79' lang='grc' dir='ltr'>φαντασίας</span> <span class='ocrx_word' id='word_1_314' title='bbox 567 1997 611 2023; x_wconf 71' lang='grc' dir='ltr'><strong>τὸν</strong></span> <span class='ocrx_word' id='word_1_315' title='bbox 632 1996 694 2023; x_wconf 80' lang='grc' dir='ltr'>νοῦν</span> <span class='ocrx_word' id='word_1_316' title='bbox 717 1995 892 2029; x_wconf 79' lang='grc' dir='ltr'>καταστήσας</span> 
     </span>
    </p>
   </div>
   <div class='ocr_carea' id='block_1_45' title="bbox 101 2040 890 2079">
    <p class='ocr_par' dir='ltr' id='par_1_45' title="bbox 101 2040 890 2079">
     <span class='ocr_line' id='line_1_45' title="bbox 101 2040 890 2079; baseline -0.006 -8"><span class='ocrx_word' id='word_1_317' title='bbox 101 2042 265 2079; x_wconf 69' lang='grc' dir='ltr'>ἁμὸλυντον,</span> <span class='ocrx_word' id='word_1_318' title='bbox 285 2044 334 2076; x_wconf 81' lang='grc' dir='ltr'>τὰς</span> <span class='ocrx_word' id='word_1_319' title='bbox 360 2044 496 2079; x_wconf 82' lang='grc' dir='ltr'>τέσσαρας</span> <span class='ocrx_word' id='word_1_320' title='bbox 523 2042 635 2077; x_wconf 72' lang='grc' dir='ltr'>γενικὰς</span> <span class='ocrx_word' id='word_1_321' title='bbox 661 2042 793 2072; x_wconf 79' lang='grc' dir='ltr'>ἀπαθείας</span> <span class='ocrx_word' id='word_1_322' title='bbox 810 2040 890 2075; x_wconf 80' lang='grc' dir='ltr'>ἔχων,</span> 
     </span>
    </p>
   </div>
   <div class='ocr_carea' id='block_1_46' title="bbox 101 2085 890 2125">
    <p class='ocr_par' dir='ltr' id='par_1_46' title="bbox 101 2085 890 2125">
     <span class='ocr_line' id='line_1_46' title="bbox 101 2085 890 2125; baseline -0.006 -9"><span class='ocrx_word' id='word_1_323' title='bbox 101 2090 246 2125; x_wconf 81' lang='grc' dir='ltr'>ἐξέρχεται</span> <span class='ocrx_word' id='word_1_324' title='bbox 274 2091 321 2124; x_wconf 81' lang='grc' dir='ltr'><strong>τῆς</strong></span> <span class='ocrx_word' id='word_1_325' title='bbox 347 2090 413 2124; x_wconf 84' lang='grc' dir='ltr'>ὖλης</span> <span class='ocrx_word' id='word_1_326' title='bbox 439 2089 486 2116; x_wconf 75' lang='grc' dir='ltr'>καὶ</span> <span class='ocrx_word' id='word_1_327' title='bbox 502 2089 555 2115; x_wconf 84' lang='grc' dir='ltr'><strong>τῶν</strong></span> <span class='ocrx_word' id='word_1_328' title='bbox 569 2088 679 2120; x_wconf 84' lang='grc' dir='ltr'>ὑλικῶν,</span> <span class='ocrx_word' id='word_1_329' title='bbox 697 2088 744 2114; x_wconf 77' lang='grc' dir='ltr'>καὶ</span> <span class='ocrx_word' id='word_1_330' title='bbox 759 2087 826 2121; x_wconf 74' lang='grc' dir='ltr'>πρὸς</span> <span class='ocrx_word' id='word_1_331' title='bbox 842 2085 890 2120; x_wconf 83' lang='grc' dir='ltr'>τὴν</span> 
     </span>
    </p>
   </div>
   <div class='ocr_carea' id='block_1_47' title="bbox 101 2131 891 2170">
    <p class='ocr_par' dir='ltr' id='par_1_47' title="bbox 101 2131 891 2170">
     <span class='ocr_line' id='line_1_47' title="bbox 101 2131 891 2170; baseline -0.006 -8"><span class='ocrx_word' id='word_1_332' title='bbox 101 2135 201 2170; x_wconf 76' lang='grc' dir='ltr'>νοερὰν</span> <span class='ocrx_word' id='word_1_333' title='bbox 216 2136 261 2162; x_wconf 74' lang='grc' dir='ltr'>καὶ</span> <span class='ocrx_word' id='word_1_334' title='bbox 270 2135 344 2162; x_wconf 80' lang='grc' dir='ltr'>θείαν</span> <span class='ocrx_word' id='word_1_335' title='bbox 360 2136 405 2161; x_wconf 73' lang='grc' dir='ltr'><strong>καὶ</strong></span> <span class='ocrx_word' id='word_1_336' title='bbox 420 2134 560 2170; x_wconf 78' lang='grc' dir='ltr'>εἰρηνικὴν</span> <span class='ocrx_word' id='word_1_337' title='bbox 571 2133 625 2160; x_wconf 86' lang='grc' dir='ltr'><strong>τῶν</strong></span> <span class='ocrx_word' id='word_1_338' title='bbox 639 2132 741 2168; x_wconf 86' lang='grc' dir='ltr'>νοητῶν</span> <span class='ocrx_word' id='word_1_339' title='bbox 752 2131 891 2165; x_wconf 75' lang='grc' dir='ltr'>ἐπείγεται</span> 
     </span>
    </p>
   </div>
   <div class='ocr_carea' id='block_1_48' title="bbox 100 2181 191 2217">
    <p class='ocr_par' dir='ltr' id='par_1_48' title="bbox 100 2181 191 2217">
     <span class='ocr_line' id='line_1_48' title="bbox 100 2181 191 2217; baseline -0.011 -9"><span class='ocrx_word' id='word_1_340' title='bbox 100 2181 191 2217; x_wconf 74' lang='grc' dir='ltr'>λῆξιν.</span> 
     </span>
    </p>
   </div>
   <div class='ocr_carea' id='block_1_49' title="bbox 138 2309 888 2350">
    <p class='ocr_par' dir='ltr' id='par_1_49' title="bbox 138 2309 888 2350">
     <span class='ocr_line' id='line_1_49' title="bbox 138 2309 888 2350; baseline -0.007 -10"><span class='ocrx_word' id='word_1_341' title='bbox 138 2313 188 2350; x_wconf 72' lang='grc' dir='ltr'><strong>νβ’.</strong></span> <span class='ocrx_word' id='word_1_342' title='bbox 218 2312 332 2348; x_wconf 84' lang='grc' dir='ltr'>Πρώτην</span> <span class='ocrx_word' id='word_1_343' title='bbox 355 2313 489 2340; x_wconf 79' lang='grc' dir='ltr'>ἀπάθειαν</span> <span class='ocrx_word' id='word_1_344' title='bbox 504 2311 590 2345; x_wconf 81' lang='grc' dir='ltr'>λέγει,</span> <span class='ocrx_word' id='word_1_345' title='bbox 604 2310 652 2345; x_wconf 86' lang='grc' dir='ltr'>τὴν</span> <span class='ocrx_word' id='word_1_346' title='bbox 665 2309 733 2345; x_wconf 82' lang='grc' dir='ltr'>πρὸς</span> <span class='ocrx_word' id='word_1_347' title='bbox 750 2309 888 2345; x_wconf 82' lang='grc' dir='ltr'>ἁμαρτίαν</span> 
     </span>
    </p>
   </div>
   <div class='ocr_carea' id='block_1_50' title="bbox 100 2355 888 2393">
    <p class='ocr_par' dir='ltr' id='par_1_50' title="bbox 100 2355 888 2393">
     <span class='ocr_line' id='line_1_50' title="bbox 100 2355 888 2393; baseline -0.006 -8"><span class='ocrx_word' id='word_1_348' title='bbox 100 2359 150 2386; x_wconf 79' lang='grc' dir='ltr'>τοῦ</span> <span class='ocrx_word' id='word_1_349' title='bbox 181 2358 306 2393; x_wconf 79' lang='grc' dir='ltr'>σώματος</span> <span class='ocrx_word' id='word_1_350' title='bbox 333 2358 392 2384; x_wconf 82' lang='grc' dir='ltr'>κατ’</span> <span class='ocrx_word' id='word_1_351' title='bbox 418 2357 556 2391; x_wconf 77' lang='grc' dir='ltr'>ἐνέργειαν</span> <span class='ocrx_word' id='word_1_352' title='bbox 586 2355 726 2389; x_wconf 74' lang='grc' dir='ltr'>ἀνέπαφον</span> <span class='ocrx_word' id='word_1_353' title='bbox 759 2355 888 2389; x_wconf 85' lang='grc' dir='ltr'>κίνησιν·</span> 
     </span>
    </p>
   </div>
   <div class='ocr_carea' id='block_1_51' title="bbox 100 2399 890 2439">
    <p class='ocr_par' dir='ltr' id='par_1_51' title="bbox 100 2399 890 2439">
     <span class='ocr_line' id='line_1_51' title="bbox 100 2399 890 2439; baseline -0.008 -8"><span class='ocrx_word' id='word_1_354' title='bbox 100 2404 234 2439; x_wconf 76' lang='grc' dir='ltr'>δευτέραν</span> <span class='ocrx_word' id='word_1_355' title='bbox 246 2403 286 2436; x_wconf 81' lang='grc' dir='ltr'>δὲ,</span> <span class='ocrx_word' id='word_1_356' title='bbox 301 2403 349 2438; x_wconf 82' lang='grc' dir='ltr'>τὴν</span> <span class='ocrx_word' id='word_1_357' title='bbox 360 2403 431 2429; x_wconf 86' lang='grc' dir='ltr'>κατὰ</span> <span class='ocrx_word' id='word_1_358' title='bbox 443 2401 531 2436; x_wconf 78' lang='grc' dir='ltr'>ψυχὴν</span> <span class='ocrx_word' id='word_1_359' title='bbox 543 2400 597 2427; x_wconf 85' lang='grc' dir='ltr'><strong>τῶν</strong></span> <span class='ocrx_word' id='word_1_360' title='bbox 610 2399 740 2435; x_wconf 81' lang='grc' dir='ltr'>ὲμπαθῶν</span> <span class='ocrx_word' id='word_1_361' title='bbox 752 2400 890 2435; x_wconf 83' lang='grc' dir='ltr'>λογισμῶν</span> 
     </span>
    </p>
   </div>
   <div class='ocr_carea' id='block_1_52' title="bbox 101 2446 891 2484">
    <p class='ocr_par' dir='ltr' id='par_1_52' title="bbox 101 2446 891 2484">
     <span class='ocr_line' id='line_1_52' title="bbox 101 2446 891 2484; baseline -0.008 -7"><span class='ocrx_word' id='word_1_362' title='bbox 101 2450 209 2478; x_wconf 83' lang='grc' dir='ltr'>τελείαν</span> <span class='ocrx_word' id='word_1_363' title='bbox 222 2448 368 2483; x_wconf 78' lang='grc' dir='ltr'>ἀποϐολὴν,</span> <span class='ocrx_word' id='word_1_364' title='bbox 382 2448 415 2474; x_wconf 76' lang='grc' dir='ltr'><strong>δι’</strong></span> <span class='ocrx_word' id='word_1_365' title='bbox 429 2446 462 2484; x_wconf 86' lang='grc' dir='ltr'><strong>ἦς</strong></span> <span class='ocrx_word' id='word_1_366' title='bbox 479 2447 533 2473; x_wconf 87' lang='grc' dir='ltr'><strong>τῶν</strong></span> <span class='ocrx_word' id='word_1_367' title='bbox 557 2446 650 2473; x_wconf 82' lang='grc' dir='ltr'>παθῶν</span> <span class='ocrx_word' id='word_1_368' title='bbox 672 2446 891 2481; x_wconf 84' lang='grc' dir='ltr'>ἀπομαραίνεται</span> 
     </span>
    </p>
   </div>
   <div class='ocr_carea' id='block_1_53' title="bbox 101 2491 891 2531">
    <p class='ocr_par' dir='ltr' id='par_1_53' title="bbox 101 2491 891 2531">
     <span class='ocr_line' id='line_1_53' title="bbox 101 2491 891 2531; baseline -0.008 -8"><span class='ocrx_word' id='word_1_369' title='bbox 101 2495 177 2523; x_wconf 79' lang='grc' dir='ltr'>κατὰ</span> <span class='ocrx_word' id='word_1_370' title='bbox 188 2495 237 2531; x_wconf 85' lang='grc' dir='ltr'>τὴν</span> <span class='ocrx_word' id='word_1_371' title='bbox 254 2494 365 2529; x_wconf 83' lang='grc' dir='ltr'>πρώτην</span> <span class='ocrx_word' id='word_1_372' title='bbox 382 2494 515 2520; x_wconf 82' lang='grc' dir='ltr'>ἀπάθειαν</span> <span class='ocrx_word' id='word_1_373' title='bbox 530 2492 648 2527; x_wconf 80' lang='grc' dir='ltr'>κίνησις,</span> <span class='ocrx_word' id='word_1_374' title='bbox 665 2491 829 2523; x_wconf 79' lang='grc' dir='ltr'>ὲξάπτοντας</span> <span class='ocrx_word' id='word_1_375' title='bbox 843 2492 891 2517; x_wconf 83' lang='grc' dir='ltr'>αὑ-</span> 
     </span>
    </p>
   </div>
   <div class='ocr_carea' id='block_1_54' title="bbox 100 2537 893 2576">
    <p class='ocr_par' dir='ltr' id='par_1_54' title="bbox 100 2537 893 2576">
     <span class='ocr_line' id='line_1_54' title="bbox 100 2537 893 2576; baseline -0.005 -9"><span class='ocrx_word' id='word_1_376' title='bbox 100 2541 153 2576; x_wconf 82' lang='grc' dir='ltr'><strong>τὴν</strong></span> <span class='ocrx_word' id='word_1_377' title='bbox 169 2540 238 2576; x_wconf 82' lang='grc' dir='ltr'>πρὸς</span> <span class='ocrx_word' id='word_1_378' title='bbox 256 2540 397 2575; x_wconf 75' lang='grc' dir='ltr'>ἐνέργειαν</span> <span class='ocrx_word' id='word_1_379' title='bbox 423 2539 472 2565; x_wconf 81' lang='grc' dir='ltr'><strong>οὐκ</strong></span> <span class='ocrx_word' id='word_1_380' title='bbox 498 2538 598 2573; x_wconf 75' lang='grc' dir='ltr'>ἔχουσα</span> <span class='ocrx_word' id='word_1_381' title='bbox 613 2537 676 2569; x_wconf 75' lang='grc' dir='ltr'>τοὺς</span> <span class='ocrx_word' id='word_1_382' title='bbox 698 2537 829 2571; x_wconf 73' lang='grc' dir='ltr'>ἐμπαθεῖς</span> <span class='ocrx_word' id='word_1_383' title='bbox 850 2538 893 2564; x_wconf 91' lang='grc' dir='ltr'>λο-</span> 
     </span>
    </p>
   </div>
   <div class='ocr_carea' id='block_1_55' title="bbox 101 2583 890 2622">
    <p class='ocr_par' dir='ltr' id='par_1_55' title="bbox 101 2583 890 2622">
     <span class='ocr_line' id='line_1_55' title="bbox 101 2583 890 2622; baseline -0.008 -8"><span class='ocrx_word' id='word_1_384' title='bbox 101 2587 220 2622; x_wconf 85' lang='grc' dir='ltr'>γισμούς</span> <span class='ocrx_word' id='word_1_385' title='bbox 238 2594 244 2601; x_wconf 93' lang='grc'><strong>·</strong></span> <span class='ocrx_word' id='word_1_386' title='bbox 257 2586 352 2622; x_wconf 84' lang='grc' dir='ltr'>τρίτην</span> <span class='ocrx_word' id='word_1_387' title='bbox 368 2585 406 2617; x_wconf 84' lang='grc' dir='ltr'><strong>δὲ,</strong></span> <span class='ocrx_word' id='word_1_388' title='bbox 420 2584 470 2620; x_wconf 81' lang='grc' dir='ltr'><strong>τὴν</strong></span> <span class='ocrx_word' id='word_1_389' title='bbox 493 2584 557 2619; x_wconf 76' lang='grc' dir='ltr'>περὶ</span> <span class='ocrx_word' id='word_1_390' title='bbox 577 2583 611 2610; x_wconf 83' lang='grc' dir='ltr'>τὰ</span> <span class='ocrx_word' id='word_1_391' title='bbox 628 2583 702 2617; x_wconf 85' lang='grc' dir='ltr'>πάθη</span> <span class='ocrx_word' id='word_1_392' title='bbox 722 2583 829 2610; x_wconf 85' lang='grc' dir='ltr'>τελείαν</span> <span class='ocrx_word' id='word_1_393' title='bbox 841 2584 890 2618; x_wconf 84' lang='grc' dir='ltr'>τῆς</span> 
     </span>
    </p>
   </div>
   <div class='ocr_carea' id='block_1_56' title="bbox 101 2628 890 2668">
    <p class='ocr_par' dir='ltr' id='par_1_56' title="bbox 101 2628 890 2668">
     <span class='ocr_line' id='line_1_56' title="bbox 101 2628 890 2668; baseline -0.008 -8"><span class='ocrx_word' id='word_1_394' title='bbox 101 2633 256 2668; x_wconf 73' lang='grc' dir='ltr'>ἐπιθυμίας</span> <span class='ocrx_word' id='word_1_395' title='bbox 267 2632 423 2667; x_wconf 81' lang='grc' dir='ltr'>ἀκινησίαν,</span> <span class='ocrx_word' id='word_1_396' title='bbox 441 2630 476 2657; x_wconf 87' lang='grc' dir='ltr'><strong>δι’</strong></span> <span class='ocrx_word' id='word_1_397' title='bbox 493 2631 525 2666; x_wconf 83' lang='grc' dir='ltr'>ἢν</span> <span class='ocrx_word' id='word_1_398' title='bbox 540 2630 586 2656; x_wconf 77' lang='grc' dir='ltr'>καὶ</span> <span class='ocrx_word' id='word_1_399' title='bbox 607 2630 620 2665; x_wconf 73' lang='grc'><strong>1)</strong></span> <span class='ocrx_word' id='word_1_400' title='bbox 635 2629 748 2663; x_wconf 78' lang='grc' dir='ltr'>δευτέρα</span> <span class='ocrx_word' id='word_1_401' title='bbox 767 2628 890 2662; x_wconf 83' lang='grc' dir='ltr'>γίνεσθαι</span> 
     </span>
    </p>
   </div>
   <div class='ocr_carea' id='block_1_57' title="bbox 102 2673 888 2712">
    <p class='ocr_par' dir='ltr' id='par_1_57' title="bbox 102 2673 888 2712">
     <span class='ocr_line' id='line_1_57' title="bbox 102 2673 888 2712; baseline -0.008 -8"><span class='ocrx_word' id='word_1_402' title='bbox 102 2677 223 2712; x_wconf 71' lang='grc' dir='ltr'>πέφυκε.</span> <span class='ocrx_word' id='word_1_403' title='bbox 237 2677 271 2712; x_wconf 84' lang='grc' dir='ltr'>τῇ</span> <span class='ocrx_word' id='word_1_404' title='bbox 285 2676 339 2702; x_wconf 82' lang='grc' dir='ltr'><strong>τῶν</strong></span> <span class='ocrx_word' id='word_1_405' title='bbox 352 2674 489 2710; x_wconf 83' lang='grc' dir='ltr'>λογισμῶν</span> <span class='ocrx_word' id='word_1_406' title='bbox 512 2674 677 2708; x_wconf 83' lang='grc' dir='ltr'>καθαρότητι</span> <span class='ocrx_word' id='word_1_407' title='bbox 696 2673 888 2708; x_wconf 71' lang='grc' dir='ltr'>συνισταμένηο</span> 
     </span>
    </p>
   </div>
   <div class='ocr_carea' id='block_1_58' title="bbox 102 2718 890 2758">
    <p class='ocr_par' dir='ltr' id='par_1_58' title="bbox 102 2718 890 2758">
     <span class='ocr_line' id='line_1_58' title="bbox 102 2718 890 2758; baseline -0.008 -9"><span class='ocrx_word' id='word_1_408' title='bbox 102 2722 240 2758; x_wconf 79' lang='grc' dir='ltr'>τετάρτην</span> <span class='ocrx_word' id='word_1_409' title='bbox 257 2722 285 2747; x_wconf 83' lang='grc' dir='ltr'><strong>δὲ</strong></span> <span class='ocrx_word' id='word_1_410' title='bbox 301 2721 375 2755; x_wconf 81' lang='grc' dir='ltr'>λέγει</span> <span class='ocrx_word' id='word_1_411' title='bbox 386 2720 532 2750; x_wconf 82' lang='grc' dir='ltr'>ἀπάθειαν,</span> <span class='ocrx_word' id='word_1_412' title='bbox 548 2719 597 2753; x_wconf 83' lang='grc' dir='ltr'>τὴν</span> <span class='ocrx_word' id='word_1_413' title='bbox 613 2718 683 2744; x_wconf 86' lang='grc' dir='ltr'>κατὰ</span> <span class='ocrx_word' id='word_1_414' title='bbox 698 2718 818 2744; x_wconf 80' lang='grc' dir='ltr'>διάνοιαν</span> <span class='ocrx_word' id='word_1_415' title='bbox 838 2727 890 2744; x_wconf 87' lang='grc' dir='ltr'>πα-</span> 
     </span>
    </p>
   </div>
   <div class='ocr_carea' id='block_1_59' title="bbox 104 2762 889 2802">
    <p class='ocr_par' dir='ltr' id='par_1_59' title="bbox 104 2762 889 2802">
     <span class='ocr_line' id='line_1_59' title="bbox 104 2762 889 2802; baseline -0.005 -8"><span class='ocrx_word' id='word_1_416' title='bbox 104 2767 160 2794; x_wconf 86' lang='grc' dir='ltr'><strong>σῶν</strong></span> <span class='ocrx_word' id='word_1_417' title='bbox 188 2767 242 2794; x_wconf 82' lang='grc' dir='ltr'><strong>τῶν</strong></span> <span class='ocrx_word' id='word_1_418' title='bbox 270 2765 407 2802; x_wconf 84' lang='grc' dir='ltr'>αἰσθητῶν</span> <span class='ocrx_word' id='word_1_419' title='bbox 434 2763 591 2800; x_wconf 81' lang='grc' dir='ltr'>φαντασιῶν</span> <span class='ocrx_word' id='word_1_420' title='bbox 618 2762 725 2789; x_wconf 84' lang='grc' dir='ltr'>τελείαν</span> <span class='ocrx_word' id='word_1_421' title='bbox 750 2762 889 2795; x_wconf 83' lang='grc' dir='ltr'>ἀπόθεσιν,</span> 
     </span>
    </p>
   </div>
   <div class='ocr_carea' id='block_1_60' title="bbox 102 2808 890 2849">
    <p class='ocr_par' dir='ltr' id='par_1_60' title="bbox 102 2808 890 2849">
     <span class='ocr_line' id='line_1_60' title="bbox 102 2808 890 2849; baseline -0.006 -9"><span class='ocrx_word' id='word_1_422' title='bbox 102 2813 165 2840; x_wconf 75' lang='grc' dir='ltr'>καθ’</span> <span class='ocrx_word' id='word_1_423' title='bbox 181 2815 215 2849; x_wconf 84' lang='grc' dir='ltr'>ἢν</span> <span class='ocrx_word' id='word_1_424' title='bbox 231 2814 247 2849; x_wconf 84' lang='grc' dir='ltr'><strong>ἡ</strong></span> <span class='ocrx_word' id='word_1_425' title='bbox 259 2812 338 2849; x_wconf 86' lang='grc' dir='ltr'>τρίτη</span> <span class='ocrx_word' id='word_1_426' title='bbox 353 2813 402 2847; x_wconf 86' lang='grc' dir='ltr'>τὴν</span> <span class='ocrx_word' id='word_1_427' title='bbox 412 2812 520 2847; x_wconf 79' lang='grc' dir='ltr'>γένεσιν</span> <span class='ocrx_word' id='word_1_428' title='bbox 534 2809 656 2844; x_wconf 84' lang='grc' dir='ltr'>εἴληφεν,</span> <span class='ocrx_word' id='word_1_429' title='bbox 667 2808 717 2835; x_wconf 81' lang='grc' dir='ltr'><strong>οὐκ</strong></span> <span class='ocrx_word' id='word_1_430' title='bbox 732 2808 832 2843; x_wconf 72' lang='grc' dir='ltr'>ἔχουσα</span> <span class='ocrx_word' id='word_1_431' title='bbox 842 2809 890 2840; x_wconf 75' lang='grc' dir='ltr'>τὰς</span> 
     </span>
    </p>
   </div>
   <div class='ocr_carea' id='block_1_61' title="bbox 942 230 1730 265">
    <p class='ocr_par' dir='ltr' id='par_1_61' title="bbox 942 230 1730 265">
     <span class='ocr_line' id='line_1_61' title="bbox 942 230 1730 265; baseline 0.001 -8"><span class='ocrx_word' id='word_1_432' title='bbox 942 231 1106 265; x_wconf 86' lang='lat' dir='ltr'><strong>tranquillus</strong></span> <span class='ocrx_word' id='word_1_433' title='bbox 1119 231 1228 258; x_wconf 82' lang='lat' dir='ltr'><strong>virtutis</strong></span> <span class='ocrx_word' id='word_1_434' title='bbox 1240 231 1364 263; x_wconf 86' lang='lat' dir='ltr'><strong>habitus;</strong></span> <span class='ocrx_word' id='word_1_435' title='bbox 1381 230 1561 265; x_wconf 86' lang='lat' dir='ltr'><strong>scientiaque,</strong></span> <span class='ocrx_word' id='word_1_436' title='bbox 1583 238 1643 265; x_wconf 69' lang='lat' dir='ltr'><strong>qua:</strong></span> <span class='ocrx_word' id='word_1_437' title='bbox 1655 230 1730 258; x_wconf 82' lang='lat' dir='ltr'><strong>nullo</strong></span> 
     </span>
    </p>
   </div>
   <div class='ocr_carea' id='block_1_62' title="bbox 941 276 1629 312">
    <p class='ocr_par' dir='ltr' id='par_1_62' title="bbox 941 276 1629 312">
     <span class='ocr_line' id='line_1_62' title="bbox 941 276 1629 312; baseline -0.003 -7"><span class='ocrx_word' id='word_1_438' title='bbox 941 277 1044 305; x_wconf 89' lang='lat' dir='ltr'><strong>erroris</strong></span> <span class='ocrx_word' id='word_1_439' title='bbox 1061 277 1179 312; x_wconf 80' lang='lat' dir='ltr'><strong>cogitatu</strong></span> <span class='ocrx_word' id='word_1_440' title='bbox 1198 277 1314 311; x_wconf 78' lang='lat' dir='ltr'><strong>falsique</strong></span> <span class='ocrx_word' id='word_1_441' title='bbox 1329 277 1425 304; x_wconf 87' lang='lat' dir='ltr'><strong>notitia</strong></span> <span class='ocrx_word' id='word_1_442' title='bbox 1444 276 1629 311; x_wconf 81' lang='lat' dir='ltr'><strong>impugnetur.</strong></span> 
     </span>
    </p>
   </div>
   <div class='ocr_carea' id='block_1_63' title="bbox 977 321 1729 356">
    <p class='ocr_par' dir='ltr' id='par_1_63' title="bbox 977 321 1729 356">
     <span class='ocr_line' id='line_1_63' title="bbox 977 321 1729 356; baseline 0.001 -7"><span class='ocrx_word' id='word_1_443' title='bbox 977 323 1019 349; x_wconf 82' lang='grc'><strong>50.</strong></span> <span class='ocrx_word' id='word_1_444' title='bbox 1049 322 1283 355; x_wconf 83' lang='lat' dir='ltr'><strong>Quemadmodum</strong></span> <span class='ocrx_word' id='word_1_445' title='bbox 1306 322 1420 348; x_wconf 85' lang='lat' dir='ltr'><strong>unitatis</strong></span> <span class='ocrx_word' id='word_1_446' title='bbox 1447 326 1527 348; x_wconf 73' lang='lat' dir='ltr'><strong>mota:</strong></span> <span class='ocrx_word' id='word_1_447' title='bbox 1553 321 1633 356; x_wconf 83' lang='lat' dir='ltr'><strong>57o</strong></span> <span class='ocrx_word' id='word_1_448' title='bbox 1656 321 1729 355; x_wconf 85' lang='lat' dir='ltr'><strong>ﬁnis,</strong></span> 
     </span>
    </p>
   </div>
   <div class='ocr_carea' id='block_1_64' title="bbox 943 367 1731 403">
    <p class='ocr_par' dir='ltr' id='par_1_64' title="bbox 943 367 1731 403">
     <span class='ocr_line' id='line_1_64' title="bbox 943 367 1731 403; baseline -0.001 -9"><span class='ocrx_word' id='word_1_449' title='bbox 943 369 1043 403; x_wconf 70' lang='lat' dir='ltr'><strong>myrias</strong></span> <span class='ocrx_word' id='word_1_450' title='bbox 1055 373 1113 400; x_wconf 86' lang='lat' dir='ltr'><strong>est;</strong></span> <span class='ocrx_word' id='word_1_451' title='bbox 1129 368 1351 402; x_wconf 90' lang='lat' dir='ltr'><strong>principiumque</strong></span> <span class='ocrx_word' id='word_1_452' title='bbox 1374 371 1454 394; x_wconf 66' lang='lat' dir='ltr'><strong>motat</strong></span> <span class='ocrx_word' id='word_1_453' title='bbox 1471 367 1601 402; x_wconf 81' lang='lat' dir='ltr'><strong>myriadis</strong></span> <span class='ocrx_word' id='word_1_454' title='bbox 1616 370 1657 393; x_wconf 88' lang='lat' dir='ltr'><strong>est</strong></span> <span class='ocrx_word' id='word_1_455' title='bbox 1671 367 1731 394; x_wconf 84' lang='lat' dir='ltr'><strong>uni-</strong></span> 
     </span>
    </p>
   </div>
   <div class='ocr_carea' id='block_1_65' title="bbox 943 411 1730 448">
    <p class='ocr_par' dir='ltr' id='par_1_65' title="bbox 943 411 1730 448">
     <span class='ocr_line' id='line_1_65' title="bbox 943 411 1730 448; baseline -0.004 -8"><span class='ocrx_word' id='word_1_456' title='bbox 943 419 984 441; x_wconf 88' lang='lat' dir='ltr'><strong>tas</strong></span> <span class='ocrx_word' id='word_1_457' title='bbox 996 415 1095 448; x_wconf 74' lang='lat' dir='ltr'><strong>(omnis</strong></span> <span class='ocrx_word' id='word_1_458' title='bbox 1111 413 1183 440; x_wconf 89' lang='lat' dir='ltr'><strong>enim</strong></span> <span class='ocrx_word' id='word_1_459' title='bbox 1208 413 1271 440; x_wconf 89' lang='lat' dir='ltr'><strong>ﬁnis</strong></span> <span class='ocrx_word' id='word_1_460' title='bbox 1291 413 1479 447; x_wconf 90' lang='lat' dir='ltr'><strong>principium,</strong></span> <span class='ocrx_word' id='word_1_461' title='bbox 1501 412 1560 446; x_wconf 88' lang='lat' dir='ltr'><strong>ejus</strong></span> <span class='ocrx_word' id='word_1_462' title='bbox 1587 411 1730 446; x_wconf 84' lang='lat' dir='ltr'><strong>perspicue</strong></span> 
     </span>
    </p>
   </div>
   <div class='ocr_carea' id='block_1_66' title="bbox 943 456 1731 492">
    <p class='ocr_par' dir='ltr' id='par_1_66' title="bbox 943 456 1731 492">
     <span class='ocr_line' id='line_1_66' title="bbox 943 456 1731 492; baseline -0.001 -8"><span class='ocrx_word' id='word_1_463' title='bbox 943 458 1121 484; x_wconf 85' lang='lat' dir='ltr'><strong>immobilitas</strong></span> <span class='ocrx_word' id='word_1_464' title='bbox 1144 462 1186 484; x_wconf 87' lang='lat' dir='ltr'><strong>est</strong></span> <span class='ocrx_word' id='word_1_465' title='bbox 1201 479 1209 490; x_wconf 86' lang='lat'><strong>,</strong></span> <span class='ocrx_word' id='word_1_466' title='bbox 1243 457 1359 492; x_wconf 86' lang='lat' dir='ltr'><strong>ﬁnisque</strong></span> <span class='ocrx_word' id='word_1_467' title='bbox 1384 457 1473 484; x_wconf 81' lang='lat' dir='ltr'><strong>omnis</strong></span> <span class='ocrx_word' id='word_1_468' title='bbox 1491 456 1628 491; x_wconf 84' lang='lat' dir='ltr'><strong>principii,</strong></span> <span class='ocrx_word' id='word_1_469' title='bbox 1657 457 1731 483; x_wconf 86' lang='lat' dir='ltr'><strong>illius</strong></span> 
     </span>
    </p>
   </div>
   <div class='ocr_carea' id='block_1_67' title="bbox 943 502 1732 538">
    <p class='ocr_par' dir='ltr' id='par_1_67' title="bbox 943 502 1732 538">
     <span class='ocr_line' id='line_1_67' title="bbox 943 502 1732 538; baseline -0.003 -8"><span class='ocrx_word' id='word_1_470' title='bbox 943 508 1034 530; x_wconf 89' lang='lat' dir='ltr'><strong>motus</strong></span> <span class='ocrx_word' id='word_1_471' title='bbox 1046 504 1277 538; x_wconf 74' lang='lat' dir='ltr'><strong>complementum</strong></span> <span class='ocrx_word' id='word_1_472' title='bbox 1291 503 1342 537; x_wconf 85' lang='lat' dir='ltr'><strong>est)</strong></span> <span class='ocrx_word' id='word_1_473' title='bbox 1357 502 1398 530; x_wconf 86' lang='lat' dir='ltr'><strong>sic</strong></span> <span class='ocrx_word' id='word_1_474' title='bbox 1412 507 1439 530; x_wconf 88' lang='lat' dir='ltr'><strong>et</strong></span> <span class='ocrx_word' id='word_1_475' title='bbox 1455 502 1534 533; x_wconf 91' lang='lat' dir='ltr'><strong>ﬁdes,</strong></span> <span class='ocrx_word' id='word_1_476' title='bbox 1552 510 1614 529; x_wconf 85' lang='lat' dir='ltr'><strong>cum</strong></span> <span class='ocrx_word' id='word_1_477' title='bbox 1628 502 1663 529; x_wconf 86' lang='lat' dir='ltr'><strong>sit</strong></span> <span class='ocrx_word' id='word_1_478' title='bbox 1683 510 1732 528; x_wconf 86' lang='lat' dir='ltr'><strong>na-</strong></span> 
     </span>
    </p>
   </div>
   <div class='ocr_carea' id='block_1_68' title="bbox 944 548 1732 583">
    <p class='ocr_par' dir='ltr' id='par_1_68' title="bbox 944 548 1732 583">
     <span class='ocr_line' id='line_1_68' title="bbox 944 548 1732 583; baseline -0.003 -7"><span class='ocrx_word' id='word_1_479' title='bbox 944 554 1005 576; x_wconf 78' lang='lat' dir='ltr'><strong>tura</strong></span> <span class='ocrx_word' id='word_1_480' title='bbox 1017 550 1148 577; x_wconf 73' lang='lat' dir='ltr'><strong>virtutum</strong></span> <span class='ocrx_word' id='word_1_481' title='bbox 1176 549 1357 583; x_wconf 84' lang='lat' dir='ltr'><strong>principium,</strong></span> <span class='ocrx_word' id='word_1_482' title='bbox 1377 549 1436 583; x_wconf 86' lang='lat' dir='ltr'><strong>ejus</strong></span> <span class='ocrx_word' id='word_1_483' title='bbox 1460 548 1524 575; x_wconf 89' lang='lat' dir='ltr'><strong>boni</strong></span> <span class='ocrx_word' id='word_1_484' title='bbox 1548 548 1732 582; x_wconf 85' lang='lat' dir='ltr'><strong>complemen-</strong></span> 
     </span>
    </p>
   </div>
   <div class='ocr_carea' id='block_1_69' title="bbox 945 592 1733 628">
    <p class='ocr_par' dir='ltr' id='par_1_69' title="bbox 945 592 1733 628">
     <span class='ocr_line' id='line_1_69' title="bbox 945 592 1733 628; baseline -0.001 -8"><span class='ocrx_word' id='word_1_485' title='bbox 945 600 1012 626; x_wconf 89' lang='lat' dir='ltr'><strong>tum,</strong></span> <span class='ocrx_word' id='word_1_486' title='bbox 1027 594 1101 628; x_wconf 89' lang='lat' dir='ltr'><strong>quod</strong></span> <span class='ocrx_word' id='word_1_487' title='bbox 1126 602 1174 628; x_wconf 89' lang='lat' dir='ltr'><strong>per</strong></span> <span class='ocrx_word' id='word_1_488' title='bbox 1196 594 1256 621; x_wconf 83' lang='lat' dir='ltr'><strong>illas</strong></span> <span class='ocrx_word' id='word_1_489' title='bbox 1280 597 1437 628; x_wconf 61' lang='lat' dir='ltr'><strong>praestatur,</strong></span> <span class='ocrx_word' id='word_1_490' title='bbox 1466 592 1548 619; x_wconf 87' lang='lat' dir='ltr'><strong>ﬁnem</strong></span> <span class='ocrx_word' id='word_1_491' title='bbox 1565 593 1663 625; x_wconf 84' lang='lat' dir='ltr'><strong>habet;</strong></span> <span class='ocrx_word' id='word_1_492' title='bbox 1683 593 1733 619; x_wconf 81' lang='lat' dir='ltr'><strong>bo-</strong></span> 
     </span>
    </p>
   </div>
   <div class='ocr_carea' id='block_1_70' title="bbox 944 638 1729 675">
    <p class='ocr_par' dir='ltr' id='par_1_70' title="bbox 944 638 1729 675">
     <span class='ocr_line' id='line_1_70' title="bbox 944 638 1729 675; baseline -0.005 -7"><span class='ocrx_word' id='word_1_493' title='bbox 944 649 1065 675; x_wconf 86' lang='lat' dir='ltr'><strong>numque</strong></span> <span class='ocrx_word' id='word_1_494' title='bbox 1093 645 1207 672; x_wconf 88' lang='lat' dir='ltr'><strong>natura,</strong></span> <span class='ocrx_word' id='word_1_495' title='bbox 1235 644 1362 674; x_wconf 87' lang='lat' dir='ltr'><strong>tanquam</strong></span> <span class='ocrx_word' id='word_1_496' title='bbox 1383 640 1472 673; x_wconf 92' lang='lat' dir='ltr'><strong>ipsum</strong></span> <span class='ocrx_word' id='word_1_497' title='bbox 1496 639 1629 665; x_wconf 75' lang='lat' dir='ltr'><strong>virtutum</strong></span> <span class='ocrx_word' id='word_1_498' title='bbox 1653 638 1729 668; x_wconf 92' lang='lat' dir='ltr'><strong>ﬁnis.</strong></span> 
     </span>
    </p>
   </div>
   <div class='ocr_carea' id='block_1_71' title="bbox 944 684 1732 721">
    <p class='ocr_par' dir='ltr' id='par_1_71' title="bbox 944 684 1732 721">
     <span class='ocr_line' id='line_1_71' title="bbox 944 684 1732 721; baseline -0.005 -8"><span class='ocrx_word' id='word_1_499' title='bbox 944 687 1016 721; x_wconf 88' lang='lat' dir='ltr'><strong>quod</strong></span> <span class='ocrx_word' id='word_1_500' title='bbox 1049 686 1128 713; x_wconf 77' lang='lat' dir='ltr'><strong>fidem</strong></span> <span class='ocrx_word' id='word_1_501' title='bbox 1154 685 1320 720; x_wconf 81' lang='lat' dir='ltr'><strong>principium</strong></span> <span class='ocrx_word' id='word_1_502' title='bbox 1343 685 1454 716; x_wconf 84' lang='lat' dir='ltr'><strong>habeat,</strong></span> <span class='ocrx_word' id='word_1_503' title='bbox 1483 684 1515 710; x_wconf 87' lang='lat' dir='ltr'><strong>ad</strong></span> <span class='ocrx_word' id='word_1_504' title='bbox 1540 691 1600 711; x_wconf 87' lang='lat' dir='ltr'><strong>eam</strong></span> <span class='ocrx_word' id='word_1_505' title='bbox 1624 684 1732 710; x_wconf 81' lang='lat' dir='ltr'><strong>interno</strong></span> 
     </span>
    </p>
   </div>
   <div class='ocr_carea' id='block_1_72' title="bbox 945 729 1733 766">
    <p class='ocr_par' dir='ltr' id='par_1_72' title="bbox 945 729 1733 766">
     <span class='ocr_line' id='line_1_72' title="bbox 945 729 1733 766; baseline -0.004 -8"><span class='ocrx_word' id='word_1_506' title='bbox 945 732 1036 758; x_wconf 82' lang='lat' dir='ltr'><strong>animo</strong></span> <span class='ocrx_word' id='word_1_507' title='bbox 1056 732 1208 766; x_wconf 74' lang='lat' dir='ltr'><strong>colligitur.</strong></span> <span class='ocrx_word' id='word_1_508' title='bbox 1227 731 1276 757; x_wconf 86' lang='lat' dir='ltr'><strong>Est</strong></span> <span class='ocrx_word' id='word_1_509' title='bbox 1301 730 1375 757; x_wconf 87' lang='lat' dir='ltr'><strong>enim</strong></span> <span class='ocrx_word' id='word_1_510' title='bbox 1399 729 1465 756; x_wconf 91' lang='lat' dir='ltr'><strong>ﬁdes</strong></span> <span class='ocrx_word' id='word_1_511' title='bbox 1479 729 1581 756; x_wconf 91' lang='lat' dir='ltr'><strong>bonum</strong></span> <span class='ocrx_word' id='word_1_512' title='bbox 1602 729 1686 755; x_wconf 87' lang='lat' dir='ltr'><strong>animi</strong></span> <span class='ocrx_word' id='word_1_513' title='bbox 1701 736 1733 755; x_wconf 88' lang='lat' dir='ltr'><strong>ac</strong></span> 
     </span>
    </p>
   </div>
   <div class='ocr_carea' id='block_1_73' title="bbox 946 773 1732 810">
    <p class='ocr_par' dir='ltr' id='par_1_73' title="bbox 946 773 1732 810">
     <span class='ocr_line' id='line_1_73' title="bbox 946 773 1732 810; baseline -0.005 -6"><span class='ocrx_word' id='word_1_514' title='bbox 946 777 1102 809; x_wconf 86' lang='lat' dir='ltr'><strong>internum;</strong></span> <span class='ocrx_word' id='word_1_515' title='bbox 1139 777 1318 810; x_wconf 89' lang='lat' dir='ltr'><strong>bonumque,</strong></span> <span class='ocrx_word' id='word_1_516' title='bbox 1355 775 1444 810; x_wconf 89' lang='lat' dir='ltr'><strong>ipsum</strong></span> <span class='ocrx_word' id='word_1_517' title='bbox 1470 774 1539 802; x_wconf 92' lang='lat' dir='ltr'><strong>ﬁdes</strong></span> <span class='ocrx_word' id='word_1_518' title='bbox 1564 773 1658 801; x_wconf 79' lang='lat' dir='ltr'><strong>efﬁcax</strong></span> <span class='ocrx_word' id='word_1_519' title='bbox 1679 779 1732 801; x_wconf 86' lang='lat' dir='ltr'><strong>est.</strong></span> 
     </span>
    </p>
   </div>
   <div class='ocr_carea' id='block_1_74' title="bbox 946 820 1732 857">
    <p class='ocr_par' dir='ltr' id='par_1_74' title="bbox 946 820 1732 857">
     <span class='ocr_line' id='line_1_74' title="bbox 946 820 1732 857; baseline -0.004 -8"><span class='ocrx_word' id='word_1_520' title='bbox 946 823 1026 857; x_wconf 81' lang='lat' dir='ltr'><strong>Atqui</strong></span> <span class='ocrx_word' id='word_1_521' title='bbox 1051 823 1123 849; x_wconf 78' lang='lat' dir='ltr'><strong>Deus</strong></span> <span class='ocrx_word' id='word_1_522' title='bbox 1151 827 1249 849; x_wconf 82' lang='lat' dir='ltr'><strong>natura</strong></span> <span class='ocrx_word' id='word_1_523' title='bbox 1268 821 1355 848; x_wconf 89' lang='lat' dir='ltr'><strong>ﬁdelis</strong></span> <span class='ocrx_word' id='word_1_524' title='bbox 1375 828 1407 848; x_wconf 86' lang='lat' dir='ltr'><strong>ac</strong></span> <span class='ocrx_word' id='word_1_525' title='bbox 1422 821 1512 847; x_wconf 87' lang='lat' dir='ltr'><strong>bonus</strong></span> <span class='ocrx_word' id='word_1_526' title='bbox 1537 824 1594 854; x_wconf 87' lang='lat' dir='ltr'><strong>est;</strong></span> <span class='ocrx_word' id='word_1_527' title='bbox 1618 820 1732 847; x_wconf 88' lang='lat' dir='ltr'><strong>alterum</strong></span> 
     </span>
    </p>
   </div>
   <div class='ocr_carea' id='block_1_75' title="bbox 945 867 1733 903">
    <p class='ocr_par' dir='ltr' id='par_1_75' title="bbox 945 867 1733 903">
     <span class='ocr_line' id='line_1_75' title="bbox 945 867 1733 903; baseline -0.003 -9"><span class='ocrx_word' id='word_1_528' title='bbox 945 868 1067 903; x_wconf 84' lang='lat' dir='ltr'><strong>quidem,</strong></span> <span class='ocrx_word' id='word_1_529' title='bbox 1082 873 1112 894; x_wconf 91' lang='lat' dir='ltr'><strong>ut</strong></span> <span class='ocrx_word' id='word_1_530' title='bbox 1128 869 1247 903; x_wconf 89' lang='lat' dir='ltr'><strong>primum</strong></span> <span class='ocrx_word' id='word_1_531' title='bbox 1271 867 1374 894; x_wconf 87' lang='lat' dir='ltr'><strong>bonum</strong></span> <span class='ocrx_word' id='word_1_532' title='bbox 1389 875 1396 896; x_wconf 82' lang='lat'><strong>:</strong></span> <span class='ocrx_word' id='word_1_533' title='bbox 1415 867 1532 894; x_wconf 88' lang='lat' dir='ltr'><strong>alterum</strong></span> <span class='ocrx_word' id='word_1_534' title='bbox 1547 874 1630 898; x_wconf 87' lang='lat' dir='ltr'><strong>vero,</strong></span> <span class='ocrx_word' id='word_1_535' title='bbox 1645 870 1675 893; x_wconf 90' lang='lat' dir='ltr'><strong>ut</strong></span> <span class='ocrx_word' id='word_1_536' title='bbox 1685 874 1733 892; x_wconf 85' lang='lat' dir='ltr'><strong>su—</strong></span> 
     </span>
    </p>
   </div>
   <div class='ocr_carea' id='block_1_76' title="bbox 945 911 1732 947">
    <p class='ocr_par' dir='ltr' id='par_1_76' title="bbox 945 911 1732 947">
     <span class='ocr_line' id='line_1_76' title="bbox 945 911 1732 947; baseline -0.003 -8"><span class='ocrx_word' id='word_1_537' title='bbox 945 920 1070 947; x_wconf 87' lang='lat' dir='ltr'><strong>premum</strong></span> <span class='ocrx_word' id='word_1_538' title='bbox 1083 912 1242 947; x_wconf 85' lang='lat' dir='ltr'><strong>appetibile.</strong></span> <span class='ocrx_word' id='word_1_539' title='bbox 1267 912 1330 939; x_wconf 76' lang='lat' dir='ltr'><strong>llaec</strong></span> <span class='ocrx_word' id='word_1_540' title='bbox 1351 919 1416 938; x_wconf 83' lang='lat' dir='ltr'><strong>vero</strong></span> <span class='ocrx_word' id='word_1_541' title='bbox 1434 912 1504 938; x_wconf 88' lang='lat' dir='ltr'><strong>idem</strong></span> <span class='ocrx_word' id='word_1_542' title='bbox 1521 911 1594 938; x_wconf 88' lang='lat' dir='ltr'><strong>inter</strong></span> <span class='ocrx_word' id='word_1_543' title='bbox 1615 919 1644 938; x_wconf 88' lang='lat' dir='ltr'><strong>se</strong></span> <span class='ocrx_word' id='word_1_544' title='bbox 1659 911 1732 938; x_wconf 89' lang='lat' dir='ltr'><strong>onmi</strong></span> 
     </span>
    </p>
   </div>
   <div class='ocr_carea' id='block_1_77' title="bbox 945 957 1732 992">
    <p class='ocr_par' dir='ltr' id='par_1_77' title="bbox 945 957 1732 992">
     <span class='ocr_line' id='line_1_77' title="bbox 945 957 1732 992; baseline 0 -8"><span class='ocrx_word' id='word_1_545' title='bbox 945 957 1026 984; x_wconf 91' lang='lat' dir='ltr'><strong>modo</strong></span> <span class='ocrx_word' id='word_1_546' title='bbox 1041 962 1115 989; x_wconf 85' lang='lat' dir='ltr'><strong>sunt,</strong></span> <span class='ocrx_word' id='word_1_547' title='bbox 1131 957 1206 984; x_wconf 88' lang='lat' dir='ltr'><strong>nulla</strong></span> <span class='ocrx_word' id='word_1_548' title='bbox 1224 965 1338 992; x_wconf 89' lang='lat' dir='ltr'><strong>prorsus</strong></span> <span class='ocrx_word' id='word_1_549' title='bbox 1361 957 1469 985; x_wconf 85' lang='lat' dir='ltr'><strong>ratione</strong></span> <span class='ocrx_word' id='word_1_550' title='bbox 1491 957 1631 990; x_wconf 88' lang='lat' dir='ltr'><strong>distincta,</strong></span> <span class='ocrx_word' id='word_1_551' title='bbox 1651 965 1732 992; x_wconf 87' lang='lat' dir='ltr'><strong>quam</strong></span> 
     </span>
    </p>
   </div>
   <div class='ocr_carea' id='block_1_78' title="bbox 944 1001 1732 1036">
    <p class='ocr_par' dir='ltr' id='par_1_78' title="bbox 944 1001 1732 1036">
     <span class='ocr_line' id='line_1_78' title="bbox 944 1001 1732 1036; baseline 0 -9"><span class='ocrx_word' id='word_1_552' title='bbox 944 1010 1004 1036; x_wconf 62' lang='lat' dir='ltr'><strong>quae</strong></span> <span class='ocrx_word' id='word_1_553' title='bbox 1025 1002 1119 1029; x_wconf 85' lang='lat' dir='ltr'><strong>subtili</strong></span> <span class='ocrx_word' id='word_1_554' title='bbox 1145 1002 1265 1036; x_wconf 73' lang='lat' dir='ltr'><strong>cogitatu</strong></span> <span class='ocrx_word' id='word_1_555' title='bbox 1290 1002 1431 1035; x_wconf 87' lang='lat' dir='ltr'><strong>noscitur;</strong></span> <span class='ocrx_word' id='word_1_556' title='bbox 1449 1001 1485 1028; x_wconf 90' lang='lat' dir='ltr'><strong>ob</strong></span> <span class='ocrx_word' id='word_1_557' title='bbox 1511 1009 1605 1028; x_wconf 90' lang='lat' dir='ltr'><strong>eorum</strong></span> <span class='ocrx_word' id='word_1_558' title='bbox 1628 1002 1732 1029; x_wconf 81' lang='lat' dir='ltr'><strong>scilicet</strong></span> 
     </span>
    </p>
   </div>
   <div class='ocr_carea' id='block_1_79' title="bbox 945 1047 1732 1082">
    <p class='ocr_par' dir='ltr' id='par_1_79' title="bbox 945 1047 1732 1082">
     <span class='ocr_line' id='line_1_79' title="bbox 945 1047 1732 1082; baseline 0 -8"><span class='ocrx_word' id='word_1_559' title='bbox 945 1053 1061 1080; x_wconf 90' lang='lat' dir='ltr'><strong>motum;</strong></span> <span class='ocrx_word' id='word_1_560' title='bbox 1081 1055 1141 1082; x_wconf 68' lang='lat' dir='ltr'><strong>quae</strong></span> <span class='ocrx_word' id='word_1_561' title='bbox 1156 1048 1191 1074; x_wconf 86' lang='lat' dir='ltr'><strong>ab</strong></span> <span class='ocrx_word' id='word_1_562' title='bbox 1210 1048 1257 1074; x_wconf 89' lang='lat' dir='ltr'><strong>illo</strong></span> <span class='ocrx_word' id='word_1_563' title='bbox 1276 1047 1380 1074; x_wconf 90' lang='lat' dir='ltr'><strong>ducunt</strong></span> <span class='ocrx_word' id='word_1_564' title='bbox 1395 1047 1542 1081; x_wconf 84' lang='lat' dir='ltr'><strong>originem,</strong></span> <span class='ocrx_word' id='word_1_565' title='bbox 1556 1051 1584 1074; x_wconf 89' lang='lat' dir='ltr'><strong>et</strong></span> <span class='ocrx_word' id='word_1_566' title='bbox 1599 1047 1627 1075; x_wconf 87' lang='lat' dir='ltr'><strong>in</strong></span> <span class='ocrx_word' id='word_1_567' title='bbox 1645 1047 1732 1082; x_wconf 84' lang='lat' dir='ltr'><strong>ipsum</strong></span> 
     </span>
    </p>
   </div>
   <div class='ocr_carea' id='block_1_80' title="bbox 944 1092 1733 1128">
    <p class='ocr_par' dir='ltr' id='par_1_80' title="bbox 944 1092 1733 1128">
     <span class='ocr_line' id='line_1_80' title="bbox 944 1092 1733 1128; baseline -0.001 -8"><span class='ocrx_word' id='word_1_568' title='bbox 944 1093 1086 1120; x_wconf 86' lang='lat' dir='ltr'><strong>desinunt.</strong></span> <span class='ocrx_word' id='word_1_569' title='bbox 1116 1093 1215 1128; x_wconf 82' lang='lat' dir='ltr'><strong>Myrias</strong></span> <span class='ocrx_word' id='word_1_570' title='bbox 1235 1093 1328 1128; x_wconf 82' lang='lat' dir='ltr'><strong>igitur,</strong></span> <span class='ocrx_word' id='word_1_571' title='bbox 1345 1101 1406 1128; x_wconf 71' lang='lat' dir='ltr'><strong>qua:</strong></span> <span class='ocrx_word' id='word_1_572' title='bbox 1431 1093 1551 1127; x_wconf 91' lang='lat' dir='ltr'><strong>supremi</strong></span> <span class='ocrx_word' id='word_1_573' title='bbox 1578 1092 1733 1127; x_wconf 76' lang='lat' dir='ltr'><strong>appetibilis</strong></span> 
     </span>
    </p>
   </div>
   <div class='ocr_carea' id='block_1_81' title="bbox 944 1138 1733 1174">
    <p class='ocr_par' dir='ltr' id='par_1_81' title="bbox 944 1138 1733 1174">
     <span class='ocr_line' id='line_1_81' title="bbox 944 1138 1733 1174; baseline -0.004 -8"><span class='ocrx_word' id='word_1_574' title='bbox 944 1139 1058 1166; x_wconf 89' lang='lat' dir='ltr'><strong>formam</strong></span> <span class='ocrx_word' id='word_1_575' title='bbox 1074 1143 1160 1174; x_wconf 77' lang='lat' dir='ltr'><strong>gerat,</strong></span> <span class='ocrx_word' id='word_1_576' title='bbox 1172 1147 1267 1166; x_wconf 86' lang='lat' dir='ltr'><strong>eorum</strong></span> <span class='ocrx_word' id='word_1_577' title='bbox 1281 1159 1288 1171; x_wconf 93' lang='lat'><strong>,</strong></span> <span class='ocrx_word' id='word_1_578' title='bbox 1305 1147 1365 1173; x_wconf 68' lang='lat' dir='ltr'><strong>quae</strong></span> <span class='ocrx_word' id='word_1_579' title='bbox 1390 1138 1417 1165; x_wconf 89' lang='lat' dir='ltr'><strong>in</strong></span> <span class='ocrx_word' id='word_1_580' title='bbox 1441 1138 1531 1172; x_wconf 90' lang='lat' dir='ltr'><strong>ipsum</strong></span> <span class='ocrx_word' id='word_1_581' title='bbox 1560 1142 1733 1167; x_wconf 82' lang='lat' dir='ltr'><strong>moveantur,</strong></span> 
     </span>
    </p>
   </div>
   <div class='ocr_carea' id='block_1_82' title="bbox 944 1182 1731 1219">
    <p class='ocr_par' dir='ltr' id='par_1_82' title="bbox 944 1182 1731 1219">
     <span class='ocr_line' id='line_1_82' title="bbox 944 1182 1731 1219; baseline -0.004 -8"><span class='ocrx_word' id='word_1_582' title='bbox 944 1184 1093 1218; x_wconf 78' lang='lat' dir='ltr'><strong>perfectam</strong></span> <span class='ocrx_word' id='word_1_583' title='bbox 1116 1184 1313 1219; x_wconf 88' lang='lat' dir='ltr'><strong>appetitionem</strong></span> <span class='ocrx_word' id='word_1_584' title='bbox 1328 1183 1425 1211; x_wconf 88' lang='lat' dir='ltr'><strong>deﬁnit</strong></span> <span class='ocrx_word' id='word_1_585' title='bbox 1444 1192 1450 1209; x_wconf 87' lang='lat'><strong>:</strong></span> <span class='ocrx_word' id='word_1_586' title='bbox 1469 1183 1612 1217; x_wconf 89' lang='lat' dir='ltr'><strong>unitasque</strong></span> <span class='ocrx_word' id='word_1_587' title='bbox 1625 1202 1633 1214; x_wconf 91' lang='lat'><strong>,</strong></span> <span class='ocrx_word' id='word_1_588' title='bbox 1652 1182 1731 1216; x_wconf 83' lang='lat' dir='ltr'><strong>primi</strong></span> 
     </span>
    </p>
   </div>
   <div class='ocr_carea' id='block_1_83' title="bbox 944 1230 1730 1265">
    <p class='ocr_par' dir='ltr' id='par_1_83' title="bbox 944 1230 1730 1265">
     <span class='ocr_line' id='line_1_83' title="bbox 944 1230 1730 1265; baseline -0.001 -9"><span class='ocrx_word' id='word_1_589' title='bbox 944 1230 1008 1257; x_wconf 91' lang='lat' dir='ltr'><strong>boni</strong></span> <span class='ocrx_word' id='word_1_590' title='bbox 1023 1230 1157 1265; x_wconf 81' lang='lat' dir='ltr'><strong>symbolo,</strong></span> <span class='ocrx_word' id='word_1_591' title='bbox 1171 1238 1266 1257; x_wconf 87' lang='lat' dir='ltr'><strong>eorum</strong></span> <span class='ocrx_word' id='word_1_592' title='bbox 1279 1238 1340 1264; x_wconf 67' lang='lat' dir='ltr'><strong>qua:</strong></span> <span class='ocrx_word' id='word_1_593' title='bbox 1359 1230 1393 1256; x_wconf 86' lang='lat' dir='ltr'><strong>ab</strong></span> <span class='ocrx_word' id='word_1_594' title='bbox 1406 1230 1466 1264; x_wconf 89' lang='lat' dir='ltr'><strong>ipso</strong></span> <span class='ocrx_word' id='word_1_595' title='bbox 1484 1233 1640 1260; x_wconf 75' lang='lat' dir='ltr'><strong>moventur,</strong></span> <span class='ocrx_word' id='word_1_596' title='bbox 1667 1236 1730 1263; x_wconf 87' lang='lat' dir='ltr'><strong>pcr-</strong></span> 
     </span>
    </p>
   </div>
   <div class='ocr_carea' id='block_1_84' title="bbox 944 1275 1520 1303">
    <p class='ocr_par' dir='ltr' id='par_1_84' title="bbox 944 1275 1520 1303">
     <span class='ocr_line' id='line_1_84' title="bbox 944 1275 1520 1303; baseline 0 -1"><span class='ocrx_word' id='word_1_597' title='bbox 944 1275 1041 1302; x_wconf 84' lang='lat' dir='ltr'><strong>lectam</strong></span> <span class='ocrx_word' id='word_1_598' title='bbox 1060 1276 1146 1302; x_wconf 82' lang='lat' dir='ltr'><strong>basim</strong></span> <span class='ocrx_word' id='word_1_599' title='bbox 1162 1275 1245 1303; x_wconf 82' lang='lat' dir='ltr'><strong>infert</strong></span> <span class='ocrx_word' id='word_1_600' title='bbox 1258 1283 1289 1302; x_wconf 88' lang='lat' dir='ltr'><strong>ac</strong></span> <span class='ocrx_word' id='word_1_601' title='bbox 1301 1275 1520 1302; x_wconf 79' lang='lat' dir='ltr'><strong>fundamentum.</strong></span> 
     </span>
    </p>
   </div>
   <div class='ocr_carea' id='block_1_85' title="bbox 978 1320 1732 1355">
    <p class='ocr_par' dir='ltr' id='par_1_85' title="bbox 978 1320 1732 1355">
     <span class='ocr_line' id='line_1_85' title="bbox 978 1320 1732 1355; baseline -0.004 -8"><span class='ocrx_word' id='word_1_602' title='bbox 978 1321 1021 1347; x_wconf 75' lang='lat'><strong>51.</strong></span> <span class='ocrx_word' id='word_1_603' title='bbox 1035 1321 1126 1348; x_wconf 88' lang='lat' dir='ltr'><strong>Prima</strong></span> <span class='ocrx_word' id='word_1_604' title='bbox 1149 1321 1267 1348; x_wconf 72' lang='grc' dir='ltr'>ἀπάθεια</span> <span class='ocrx_word' id='word_1_605' title='bbox 1287 1324 1329 1348; x_wconf 77' lang='lat' dir='ltr'><strong>est</strong></span> <span class='ocrx_word' id='word_1_606' title='bbox 1342 1320 1554 1355; x_wconf 76' lang='lat' dir='ltr'><strong>(imperturbatio</strong></span> <span class='ocrx_word' id='word_1_607' title='bbox 1581 1320 1732 1354; x_wconf 75' lang='lat' dir='ltr'><strong>alfcctuum-</strong></span> 
     </span>
    </p>
   </div>
   <div class='ocr_carea' id='block_1_86' title="bbox 944 1363 1732 1401">
    <p class='ocr_par' dir='ltr' id='par_1_86' title="bbox 944 1363 1732 1401">
     <span class='ocr_line' id='line_1_86' title="bbox 944 1363 1732 1401; baseline -0.003 -10"><span class='ocrx_word' id='word_1_608' title='bbox 944 1373 993 1400; x_wconf 83' lang='lat' dir='ltr'><strong>quc</strong></span> <span class='ocrx_word' id='word_1_609' title='bbox 1005 1366 1136 1401; x_wconf 82' lang='lat' dir='ltr'><strong>vacuitas)</strong></span> <span class='ocrx_word' id='word_1_610' title='bbox 1153 1373 1214 1392; x_wconf 87' lang='lat' dir='ltr'><strong>cum</strong></span> <span class='ocrx_word' id='word_1_611' title='bbox 1226 1373 1240 1392; x_wconf 88' lang='lat' dir='ltr'><strong>a</strong></span> <span class='ocrx_word' id='word_1_612' title='bbox 1256 1365 1333 1392; x_wconf 88' lang='lat' dir='ltr'><strong>malis</strong></span> <span class='ocrx_word' id='word_1_613' title='bbox 1349 1365 1408 1399; x_wconf 87' lang='lat' dir='ltr'><strong>ipso</strong></span> <span class='ocrx_word' id='word_1_614' title='bbox 1420 1372 1503 1399; x_wconf 88' lang='lat' dir='ltr'><strong>opere</strong></span> <span class='ocrx_word' id='word_1_615' title='bbox 1518 1371 1632 1399; x_wconf 88' lang='lat' dir='ltr'><strong>prorsus</strong></span> <span class='ocrx_word' id='word_1_616' title='bbox 1648 1363 1732 1390; x_wconf 86' lang='lat' dir='ltr'><strong>absti-</strong></span> 
     </span>
    </p>
   </div>
   <div class='ocr_carea' id='block_1_87' title="bbox 943 1407 1732 1445">
    <p class='ocr_par' dir='ltr' id='par_1_87' title="bbox 943 1407 1732 1445">
     <span class='ocr_line' id='line_1_87' title="bbox 943 1407 1732 1445; baseline -0.004 -9"><span class='ocrx_word' id='word_1_617' title='bbox 943 1418 1040 1437; x_wconf 86' lang='lat' dir='ltr'><strong>nemus</strong></span> <span class='ocrx_word' id='word_1_618' title='bbox 1056 1419 1062 1436; x_wconf 87' lang='lat'><strong>:</strong></span> <span class='ocrx_word' id='word_1_619' title='bbox 1081 1410 1164 1445; x_wconf 86' lang='lat' dir='ltr'><strong>inque</strong></span> <span class='ocrx_word' id='word_1_620' title='bbox 1186 1410 1240 1436; x_wconf 89' lang='lat' dir='ltr'><strong>illis</strong></span> <span class='ocrx_word' id='word_1_621' title='bbox 1263 1410 1467 1441; x_wconf 79' lang='lat' dir='ltr'><strong>consideratur,</strong></span> <span class='ocrx_word' id='word_1_622' title='bbox 1482 1409 1528 1443; x_wconf 87' lang='lat' dir='ltr'><strong>qui</strong></span> <span class='ocrx_word' id='word_1_623' title='bbox 1542 1408 1633 1435; x_wconf 82' lang='lat' dir='ltr'><strong>adhuc</strong></span> <span class='ocrx_word' id='word_1_624' title='bbox 1652 1407 1732 1435; x_wconf 90' lang='lat' dir='ltr'><strong>indu-</strong></span> 
     </span>
    </p>
   </div>
   <div class='ocr_carea' id='block_1_88' title="bbox 944 1452 1733 1487">
    <p class='ocr_par' dir='ltr' id='par_1_88' title="bbox 944 1452 1733 1487">
     <span class='ocr_line' id='line_1_88' title="bbox 944 1452 1733 1487; baseline -0.004 -6"><span class='ocrx_word' id='word_1_625' title='bbox 944 1459 1043 1481; x_wconf 88' lang='lat' dir='ltr'><strong>cuntur</strong></span> <span class='ocrx_word' id='word_1_626' title='bbox 1061 1463 1067 1480; x_wconf 97' lang='lat'>:</span> <span class='ocrx_word' id='word_1_627' title='bbox 1084 1455 1213 1484; x_wconf 87' lang='lat' dir='ltr'><strong>secunda,</strong></span> <span class='ocrx_word' id='word_1_628' title='bbox 1232 1462 1294 1481; x_wconf 91' lang='lat' dir='ltr'><strong>eum</strong></span> <span class='ocrx_word' id='word_1_629' title='bbox 1307 1462 1402 1481; x_wconf 85' lang='lat' dir='ltr'><strong>omnes</strong></span> <span class='ocrx_word' id='word_1_630' title='bbox 1422 1454 1523 1483; x_wconf 80' lang='lat' dir='ltr'><strong>animo,</strong></span> <span class='ocrx_word' id='word_1_631' title='bbox 1537 1453 1638 1487; x_wconf 83' lang='lat' dir='ltr'><strong>quibus</strong></span> <span class='ocrx_word' id='word_1_632' title='bbox 1655 1452 1733 1479; x_wconf 86' lang='lat' dir='ltr'><strong>malis</strong></span> 
     </span>
    </p>
   </div>
   <div class='ocr_carea' id='block_1_89' title="bbox 944 1498 1733 1534">
    <p class='ocr_par' dir='ltr' id='par_1_89' title="bbox 944 1498 1733 1534">
     <span class='ocr_line' id='line_1_89' title="bbox 944 1498 1733 1534; baseline -0.003 -8"><span class='ocrx_word' id='word_1_633' title='bbox 944 1499 1160 1532; x_wconf 79' lang='lat' dir='ltr'><strong>consentiamus,</strong></span> <span class='ocrx_word' id='word_1_634' title='bbox 1188 1500 1368 1534; x_wconf 78' lang='lat' dir='ltr'><strong>cogitationes</strong></span> <span class='ocrx_word' id='word_1_635' title='bbox 1399 1499 1557 1534; x_wconf 85' lang='lat' dir='ltr'><strong>abigimus;</strong></span> <span class='ocrx_word' id='word_1_636' title='bbox 1574 1498 1656 1532; x_wconf 87' lang='lat' dir='ltr'><strong>inque</strong></span> <span class='ocrx_word' id='word_1_637' title='bbox 1678 1498 1733 1525; x_wconf 87' lang='lat' dir='ltr'><strong>illis</strong></span> 
     </span>
    </p>
   </div>
   <div class='ocr_carea' id='block_1_90' title="bbox 945 1544 1733 1580">
    <p class='ocr_par' dir='ltr' id='par_1_90' title="bbox 945 1544 1733 1580">
     <span class='ocr_line' id='line_1_90' title="bbox 945 1544 1733 1580; baseline -0.004 -8"><span class='ocrx_word' id='word_1_638' title='bbox 945 1546 1088 1580; x_wconf 79' lang='lat' dir='ltr'><strong>contingit,</strong></span> <span class='ocrx_word' id='word_1_639' title='bbox 1107 1546 1154 1580; x_wconf 90' lang='lat' dir='ltr'><strong>qui</strong></span> <span class='ocrx_word' id='word_1_640' title='bbox 1168 1546 1273 1573; x_wconf 79' lang='lat' dir='ltr'><strong>ratione</strong></span> <span class='ocrx_word' id='word_1_641' title='bbox 1288 1545 1387 1572; x_wconf 88' lang='lat' dir='ltr'><strong>comite</strong></span> <span class='ocrx_word' id='word_1_642' title='bbox 1403 1545 1532 1572; x_wconf 83' lang='lat' dir='ltr'><strong>virtutem</strong></span> <span class='ocrx_word' id='word_1_643' title='bbox 1549 1545 1651 1571; x_wconf 88' lang='lat' dir='ltr'><strong>colunt.</strong></span> <span class='ocrx_word' id='word_1_644' title='bbox 1668 1544 1733 1570; x_wconf 82' lang='lat' dir='ltr'><strong>&#39;I‘er-</strong></span> 
     </span>
    </p>
   </div>
   <div class='ocr_carea' id='block_1_91' title="bbox 946 1590 1734 1626">
    <p class='ocr_par' dir='ltr' id='par_1_91' title="bbox 946 1590 1734 1626">
     <span class='ocr_line' id='line_1_91' title="bbox 946 1590 1734 1626; baseline 0 -8"><span class='ocrx_word' id='word_1_645' title='bbox 946 1592 992 1624; x_wconf 84' lang='lat' dir='ltr'><strong>tia,</strong></span> <span class='ocrx_word' id='word_1_646' title='bbox 1016 1600 1078 1619; x_wconf 88' lang='lat' dir='ltr'><strong>cum</strong></span> <span class='ocrx_word' id='word_1_647' title='bbox 1091 1592 1238 1626; x_wconf 80' lang='lat' dir='ltr'><strong>appetendi</strong></span> <span class='ocrx_word' id='word_1_648' title='bbox 1258 1591 1374 1619; x_wconf 83' lang='lat' dir='ltr'><strong>facultas</strong></span> <span class='ocrx_word' id='word_1_649' title='bbox 1397 1592 1473 1618; x_wconf 89' lang='lat' dir='ltr'><strong>nullo</strong></span> <span class='ocrx_word' id='word_1_650' title='bbox 1494 1591 1576 1618; x_wconf 91' lang='lat' dir='ltr'><strong>modo</strong></span> <span class='ocrx_word' id='word_1_651' title='bbox 1589 1590 1734 1618; x_wconf 68' lang='lat' dir='ltr'><strong>affectibus</strong></span> 
     </span>
    </p>
   </div>
   <div class='ocr_carea' id='block_1_92' title="bbox 944 1636 1732 1671">
    <p class='ocr_par' dir='ltr' id='par_1_92' title="bbox 944 1636 1732 1671">
     <span class='ocr_line' id='line_1_92' title="bbox 944 1636 1732 1671; baseline -0.003 -7"><span class='ocrx_word' id='word_1_652' title='bbox 944 1642 1069 1665; x_wconf 78' lang='lat' dir='ltr'><strong>movetur</strong></span> <span class='ocrx_word' id='word_1_653' title='bbox 1085 1645 1116 1664; x_wconf 89' lang='lat' dir='ltr'><strong>ac</strong></span> <span class='ocrx_word' id='word_1_654' title='bbox 1133 1637 1256 1669; x_wconf 86' lang='lat' dir='ltr'><strong>libidine,</strong></span> <span class='ocrx_word' id='word_1_655' title='bbox 1284 1638 1311 1664; x_wconf 94' lang='lat' dir='ltr'><strong>in</strong></span> <span class='ocrx_word' id='word_1_656' title='bbox 1339 1638 1373 1664; x_wconf 89' lang='lat' dir='ltr'><strong>iis</strong></span> <span class='ocrx_word' id='word_1_657' title='bbox 1387 1637 1434 1671; x_wconf 87' lang='lat' dir='ltr'><strong>qui</strong></span> <span class='ocrx_word' id='word_1_658' title='bbox 1455 1645 1503 1671; x_wconf 89' lang='lat' dir='ltr'><strong>per</strong></span> <span class='ocrx_word' id='word_1_659' title='bbox 1523 1636 1622 1670; x_wconf 80' lang='lat' dir='ltr'><strong>ﬁguras</strong></span> <span class='ocrx_word' id='word_1_660' title='bbox 1642 1643 1732 1663; x_wconf 85' lang='lat' dir='ltr'><strong>rerum</strong></span> 
     </span>
    </p>
   </div>
   <div class='ocr_carea' id='block_1_93' title="bbox 944 1683 1732 1718">
    <p class='ocr_par' dir='ltr' id='par_1_93' title="bbox 944 1683 1732 1718">
     <span class='ocr_line' id='line_1_93' title="bbox 944 1683 1732 1718; baseline -0.005 -7"><span class='ocrx_word' id='word_1_661' title='bbox 944 1684 1032 1711; x_wconf 84' lang='lat' dir='ltr'><strong>oculis</strong></span> <span class='ocrx_word' id='word_1_662' title='bbox 1042 1684 1237 1718; x_wconf 79' lang='lat' dir='ltr'><strong>subjectarum,</strong></span> <span class='ocrx_word' id='word_1_663' title='bbox 1250 1683 1412 1717; x_wconf 83' lang='lat' dir='ltr'><strong>spiritaliter</strong></span> <span class='ocrx_word' id='word_1_664' title='bbox 1425 1683 1545 1709; x_wconf 84' lang='lat' dir='ltr'><strong>rationes</strong></span> <span class='ocrx_word' id='word_1_665' title='bbox 1557 1686 1732 1708; x_wconf 85' lang='lat' dir='ltr'><strong>eoutueutur.</strong></span> 
     </span>
    </p>
   </div>
   <div class='ocr_carea' id='block_1_94' title="bbox 943 1727 1732 1763">
    <p class='ocr_par' dir='ltr' id='par_1_94' title="bbox 943 1727 1732 1763">
     <span class='ocr_line' id='line_1_94' title="bbox 943 1727 1732 1763; baseline -0.003 -7"><span class='ocrx_word' id='word_1_666' title='bbox 943 1729 1044 1761; x_wconf 87' lang='lat' dir='ltr'><strong>Quarta</strong></span> <span class='ocrx_word' id='word_1_667' title='bbox 1058 1729 1176 1763; x_wconf 86' lang='lat' dir='ltr'><strong>denique</strong></span> <span class='ocrx_word' id='word_1_668' title='bbox 1193 1729 1414 1762; x_wconf 84' lang='lat' dir='ltr'><strong>imperturbatio,</strong></span> <span class='ocrx_word' id='word_1_669' title='bbox 1428 1732 1470 1754; x_wconf 87' lang='lat' dir='ltr'><strong>est</strong></span> <span class='ocrx_word' id='word_1_670' title='bbox 1489 1727 1531 1754; x_wconf 80' lang='lat' dir='ltr'><strong>vel</strong></span> <span class='ocrx_word' id='word_1_671' title='bbox 1544 1727 1578 1754; x_wconf 89' lang='lat' dir='ltr'><strong>ab</strong></span> <span class='ocrx_word' id='word_1_672' title='bbox 1590 1728 1648 1762; x_wconf 89' lang='lat' dir='ltr'><strong>ipsa</strong></span> <span class='ocrx_word' id='word_1_673' title='bbox 1658 1727 1732 1754; x_wconf 83' lang='lat' dir='ltr'><strong>nuda</strong></span> 
     </span>
    </p>
   </div>
   <div class='ocr_carea' id='block_1_95' title="bbox 944 1770 1730 1806">
    <p class='ocr_par' dir='ltr' id='par_1_95' title="bbox 944 1770 1730 1806">
     <span class='ocr_line' id='line_1_95' title="bbox 944 1770 1730 1806; baseline 0 -8"><span class='ocrx_word' id='word_1_674' title='bbox 944 1771 1108 1806; x_wconf 84' lang='lat' dir='ltr'><strong>cogitatione</strong></span> <span class='ocrx_word' id='word_1_675' title='bbox 1128 1772 1206 1806; x_wconf 85' lang='lat' dir='ltr'><strong>plena</strong></span> <span class='ocrx_word' id='word_1_676' title='bbox 1225 1771 1384 1806; x_wconf 83' lang='lat' dir='ltr'><strong>integraque</strong></span> <span class='ocrx_word' id='word_1_677' title='bbox 1397 1770 1576 1803; x_wconf 88' lang='lat' dir='ltr'><strong>cmundatio;</strong></span> <span class='ocrx_word' id='word_1_678' title='bbox 1593 1771 1620 1797; x_wconf 91' lang='lat' dir='ltr'><strong>in</strong></span> <span class='ocrx_word' id='word_1_679' title='bbox 1635 1771 1668 1798; x_wconf 88' lang='lat' dir='ltr'><strong>iis</strong></span> <span class='ocrx_word' id='word_1_680' title='bbox 1681 1771 1730 1806; x_wconf 89' lang='lat' dir='ltr'><strong>qui</strong></span> 
     </span>
    </p>
   </div>
   <div class='ocr_carea' id='block_1_96' title="bbox 943 1815 1733 1850">
    <p class='ocr_par' dir='ltr' id='par_1_96' title="bbox 943 1815 1733 1850">
     <span class='ocr_line' id='line_1_96' title="bbox 943 1815 1733 1850; baseline -0.001 -7"><span class='ocrx_word' id='word_1_681' title='bbox 943 1824 993 1850; x_wconf 85' lang='lat' dir='ltr'><strong>per</strong></span> <span class='ocrx_word' id='word_1_682' title='bbox 1003 1816 1147 1843; x_wconf 87' lang='lat' dir='ltr'><strong>scientiam</strong></span> <span class='ocrx_word' id='word_1_683' title='bbox 1160 1820 1188 1843; x_wconf 92' lang='lat' dir='ltr'><strong>et</strong></span> <span class='ocrx_word' id='word_1_684' title='bbox 1198 1816 1468 1850; x_wconf 76' lang='lat' dir='ltr'><strong>contemplationem,</strong></span> <span class='ocrx_word' id='word_1_685' title='bbox 1485 1815 1617 1842; x_wconf 91' lang='lat' dir='ltr'><strong>mundum</strong></span> <span class='ocrx_word' id='word_1_686' title='bbox 1630 1823 1661 1842; x_wconf 86' lang='lat' dir='ltr'><strong>ac</strong></span> <span class='ocrx_word' id='word_1_687' title='bbox 1675 1816 1733 1850; x_wconf 87' lang='lat' dir='ltr'><strong>pel-</strong></span> 
     </span>
    </p>
   </div>
   <div class='ocr_carea' id='block_1_97' title="bbox 942 1860 1731 1895">
    <p class='ocr_par' dir='ltr' id='par_1_97' title="bbox 942 1860 1731 1895">
     <span class='ocr_line' id='line_1_97' title="bbox 942 1860 1731 1895; baseline -0.001 -8"><span class='ocrx_word' id='word_1_688' title='bbox 942 1860 1064 1887; x_wconf 86' lang='lat' dir='ltr'><strong>lucidum</strong></span> <span class='ocrx_word' id='word_1_689' title='bbox 1078 1861 1126 1888; x_wconf 86' lang='lat' dir='ltr'><strong>Dei</strong></span> <span class='ocrx_word' id='word_1_690' title='bbox 1151 1860 1293 1894; x_wconf 86' lang='lat' dir='ltr'><strong>speculum</strong></span> <span class='ocrx_word' id='word_1_691' title='bbox 1322 1864 1442 1887; x_wconf 89' lang='lat' dir='ltr'><strong>mentem</strong></span> <span class='ocrx_word' id='word_1_692' title='bbox 1465 1860 1655 1887; x_wconf 85' lang='lat' dir='ltr'><strong>reddiderunt.</strong></span> <span class='ocrx_word' id='word_1_693' title='bbox 1678 1860 1731 1895; x_wconf 66' lang='lat' dir='ltr'><strong>Qui</strong></span> 
     </span>
    </p>
   </div>
   <div class='ocr_carea' id='block_1_98' title="bbox 942 1905 1733 1942">
    <p class='ocr_par' dir='ltr' id='par_1_98' title="bbox 942 1905 1733 1942">
     <span class='ocr_line' id='line_1_98' title="bbox 942 1905 1733 1942; baseline -0.001 -9"><span class='ocrx_word' id='word_1_694' title='bbox 942 1907 1025 1942; x_wconf 80' lang='lat' dir='ltr'><strong>igitur</strong></span> <span class='ocrx_word' id='word_1_695' title='bbox 1040 1907 1074 1933; x_wconf 86' lang='lat' dir='ltr'><strong>ab</strong></span> <span class='ocrx_word' id='word_1_696' title='bbox 1089 1906 1146 1940; x_wconf 82' lang='lat' dir='ltr'><strong>ipso</strong></span> <span class='ocrx_word' id='word_1_697' title='bbox 1162 1914 1191 1933; x_wconf 87' lang='lat' dir='ltr'><strong>se</strong></span> <span class='ocrx_word' id='word_1_698' title='bbox 1202 1906 1332 1933; x_wconf 84' lang='lat' dir='ltr'><strong>vitiorum</strong></span> <span class='ocrx_word' id='word_1_699' title='bbox 1346 1913 1394 1933; x_wconf 91' lang='lat' dir='ltr'><strong>seu</strong></span> <span class='ocrx_word' id='word_1_700' title='bbox 1405 1905 1551 1932; x_wconf 90' lang='lat' dir='ltr'><strong>libidinum</strong></span> <span class='ocrx_word' id='word_1_701' title='bbox 1565 1910 1625 1933; x_wconf 87' lang='lat' dir='ltr'><strong>actu</strong></span> <span class='ocrx_word' id='word_1_702' title='bbox 1637 1914 1733 1933; x_wconf 89' lang='lat' dir='ltr'><strong>emun-</strong></span> 
     </span>
    </p>
   </div>
   <div class='ocr_carea' id='block_1_99' title="bbox 942 1951 1730 1985">
    <p class='ocr_par' dir='ltr' id='par_1_99' title="bbox 942 1951 1730 1985">
     <span class='ocr_line' id='line_1_99' title="bbox 942 1951 1730 1985; baseline 0.003 -7"><span class='ocrx_word' id='word_1_703' title='bbox 942 1951 1028 1984; x_wconf 87' lang='lat' dir='ltr'><strong>davit,</strong></span> <span class='ocrx_word' id='word_1_704' title='bbox 1040 1959 1072 1978; x_wconf 88' lang='lat' dir='ltr'><strong>ac</strong></span> <span class='ocrx_word' id='word_1_705' title='bbox 1090 1959 1124 1978; x_wconf 87' lang='lat' dir='ltr'><strong>ne</strong></span> <span class='ocrx_word' id='word_1_706' title='bbox 1139 1951 1193 1978; x_wconf 88' lang='lat' dir='ltr'><strong>illis</strong></span> <span class='ocrx_word' id='word_1_707' title='bbox 1206 1952 1297 1979; x_wconf 88' lang='lat' dir='ltr'><strong>animo</strong></span> <span class='ocrx_word' id='word_1_708' title='bbox 1312 1952 1465 1979; x_wconf 87' lang='lat' dir='ltr'><strong>consentiat</strong></span> <span class='ocrx_word' id='word_1_709' title='bbox 1484 1952 1554 1979; x_wconf 91' lang='lat' dir='ltr'><strong>liber</strong></span> <span class='ocrx_word' id='word_1_710' title='bbox 1573 1953 1669 1985; x_wconf 78' lang='lat' dir='ltr'><strong>evasit,</strong></span> <span class='ocrx_word' id='word_1_711' title='bbox 1690 1953 1730 1980; x_wconf 86' lang='lat' dir='ltr'><strong>af-</strong></span> 
     </span>
    </p>
   </div>
   <div class='ocr_carea' id='block_1_100' title="bbox 942 1997 1731 2032">
    <p class='ocr_par' dir='ltr' id='par_1_100' title="bbox 942 1997 1731 2032">
     <span class='ocr_line' id='line_1_100' title="bbox 942 1997 1731 2032; baseline 0.001 -8"><span class='ocrx_word' id='word_1_712' title='bbox 942 1998 1070 2032; x_wconf 87' lang='lat' dir='ltr'><strong>fectuque</strong></span> <span class='ocrx_word' id='word_1_713' title='bbox 1091 1997 1125 2024; x_wconf 83' lang='lat' dir='ltr'><strong>ad</strong></span> <span class='ocrx_word' id='word_1_714' title='bbox 1142 2005 1174 2024; x_wconf 86' lang='lat' dir='ltr'><strong>ea</strong></span> <span class='ocrx_word' id='word_1_715' title='bbox 1192 1998 1297 2024; x_wconf 79' lang='lat' dir='ltr'><strong>moveri</strong></span> <span class='ocrx_word' id='word_1_716' title='bbox 1321 2001 1403 2031; x_wconf 88' lang='lat' dir='ltr'><strong>atque</strong></span> <span class='ocrx_word' id='word_1_717' title='bbox 1422 1997 1486 2024; x_wconf 89' lang='lat' dir='ltr'><strong>illici</strong></span> <span class='ocrx_word' id='word_1_718' title='bbox 1503 1997 1585 2024; x_wconf 89' lang='lat' dir='ltr'><strong>desiit</strong></span> <span class='ocrx_word' id='word_1_719' title='bbox 1603 1998 1670 2032; x_wconf 92' lang='lat' dir='ltr'><strong>:qui</strong></span> <span class='ocrx_word' id='word_1_720' title='bbox 1687 1998 1731 2025; x_wconf 85' lang='lat' dir='ltr'><strong>de-</strong></span> 
     </span>
    </p>
   </div>
   <div class='ocr_carea' id='block_1_101' title="bbox 942 2041 1729 2076">
    <p class='ocr_par' dir='ltr' id='par_1_101' title="bbox 942 2041 1729 2076">
     <span class='ocr_line' id='line_1_101' title="bbox 942 2041 1729 2076; baseline 0.003 -8"><span class='ocrx_word' id='word_1_721' title='bbox 942 2041 1025 2075; x_wconf 90' lang='lat' dir='ltr'><strong>nique</strong></span> <span class='ocrx_word' id='word_1_722' title='bbox 1045 2049 1060 2068; x_wconf 86' lang='lat' dir='ltr'><strong>a</strong></span> <span class='ocrx_word' id='word_1_723' title='bbox 1083 2041 1158 2068; x_wconf 92' lang='lat' dir='ltr'><strong>nudo</strong></span> <span class='ocrx_word' id='word_1_724' title='bbox 1175 2042 1234 2076; x_wconf 83' lang='lat' dir='ltr'><strong>ipso</strong></span> <span class='ocrx_word' id='word_1_725' title='bbox 1257 2041 1376 2076; x_wconf 84' lang='lat' dir='ltr'><strong>cogitatu</strong></span> <span class='ocrx_word' id='word_1_726' title='bbox 1395 2041 1584 2069; x_wconf 85' lang='lat' dir='ltr'><strong>intaminatam</strong></span> <span class='ocrx_word' id='word_1_727' title='bbox 1609 2048 1729 2070; x_wconf 84' lang='lat' dir='ltr'><strong>mentem</strong></span> 
     </span>
    </p>
   </div>
   <div class='ocr_carea' id='block_1_102' title="bbox 942 2087 1729 2124">
    <p class='ocr_par' dir='ltr' id='par_1_102' title="bbox 942 2087 1729 2124">
     <span class='ocr_line' id='line_1_102' title="bbox 942 2087 1729 2124; baseline 0.001 -10"><span class='ocrx_word' id='word_1_728' title='bbox 942 2087 1071 2119; x_wconf 89' lang='lat' dir='ltr'><strong>reddidit,</strong></span> <span class='ocrx_word' id='word_1_729' title='bbox 1089 2087 1113 2114; x_wconf 89' lang='lat' dir='ltr'><strong>is</strong></span> <span class='ocrx_word' id='word_1_730' title='bbox 1127 2087 1334 2122; x_wconf 86' lang='lat' dir='ltr'><strong>quadruplicem</strong></span> <span class='ocrx_word' id='word_1_731' title='bbox 1354 2087 1509 2122; x_wconf 77' lang='lat' dir='ltr'><strong>generieam</strong></span> <span class='ocrx_word' id='word_1_732' title='bbox 1523 2088 1654 2115; x_wconf 76' lang='grc' dir='ltr'>ἀπάθειαν</span> <span class='ocrx_word' id='word_1_733' title='bbox 1667 2089 1729 2124; x_wconf 89' lang='lat' dir='ltr'><strong>(im—</strong></span> 
     </span>
    </p>
   </div>
   <div class='ocr_carea' id='block_1_103' title="bbox 942 2131 1727 2167">
    <p class='ocr_par' dir='ltr' id='par_1_103' title="bbox 942 2131 1727 2167">
     <span class='ocr_line' id='line_1_103' title="bbox 942 2131 1727 2167; baseline 0.001 -8"><span class='ocrx_word' id='word_1_734' title='bbox 942 2132 1178 2166; x_wconf 74' lang='lat' dir='ltr'><strong>perturbatimiem</strong></span> <span class='ocrx_word' id='word_1_735' title='bbox 1198 2131 1314 2167; x_wconf 87' lang='lat' dir='ltr'><strong>scilicet)</strong></span> <span class='ocrx_word' id='word_1_736' title='bbox 1339 2136 1446 2164; x_wconf 88' lang='lat' dir='ltr'><strong>nactus,</strong></span> <span class='ocrx_word' id='word_1_737' title='bbox 1471 2140 1486 2160; x_wconf 87' lang='lat' dir='ltr'><strong>e</strong></span> <span class='ocrx_word' id='word_1_738' title='bbox 1507 2137 1578 2160; x_wconf 89' lang='lat' dir='ltr'><strong>terra</strong></span> <span class='ocrx_word' id='word_1_739' title='bbox 1596 2134 1727 2160; x_wconf 88' lang='lat' dir='ltr'><strong>terrenis-</strong></span> 
     </span>
    </p>
   </div>
   <div class='ocr_carea' id='block_1_104' title="bbox 905 2177 1727 2214">
    <p class='ocr_par' dir='ltr' id='par_1_104' title="bbox 905 2177 1727 2214">
     <span class='ocr_line' id='line_1_104' title="bbox 905 2177 1727 2214; baseline 0.002 -10"><span class='ocrx_word' id='word_1_740' title='bbox 905 2182 928 2209; x_wconf 85' lang='lat' dir='ltr'><strong>D</strong></span> <span class='ocrx_word' id='word_1_741' title='bbox 943 2186 995 2213; x_wconf 85' lang='lat' dir='ltr'><strong>que</strong></span> <span class='ocrx_word' id='word_1_742' title='bbox 1011 2178 1160 2213; x_wconf 76' lang='lat' dir='ltr'><strong>egreditur,</strong></span> <span class='ocrx_word' id='word_1_743' title='bbox 1188 2182 1215 2205; x_wconf 91' lang='lat' dir='ltr'><strong>et</strong></span> <span class='ocrx_word' id='word_1_744' title='bbox 1239 2177 1273 2204; x_wconf 84' lang='lat' dir='ltr'><strong>ad</strong></span> <span class='ocrx_word' id='word_1_745' title='bbox 1298 2177 1429 2204; x_wconf 89' lang='lat' dir='ltr'><strong>mentium</strong></span> <span class='ocrx_word' id='word_1_746' title='bbox 1447 2178 1622 2213; x_wconf 76' lang='lat' dir='ltr'><strong>divinumque</strong></span> <span class='ocrx_word' id='word_1_747' title='bbox 1646 2182 1727 2214; x_wconf 89' lang='lat' dir='ltr'><strong>atque</strong></span> 
     </span>
    </p>
   </div>
   <div class='ocr_carea' id='block_1_105' title="bbox 942 2223 1728 2259">
    <p class='ocr_par' dir='ltr' id='par_1_105' title="bbox 942 2223 1728 2259">
     <span class='ocr_line' id='line_1_105' title="bbox 942 2223 1728 2259; baseline 0.004 -9"><span class='ocrx_word' id='word_1_748' title='bbox 942 2228 1067 2259; x_wconf 86' lang='lat' dir='ltr'><strong>pacatam</strong></span> <span class='ocrx_word' id='word_1_749' title='bbox 1082 2223 1249 2258; x_wconf 84' lang='lat' dir='ltr'><strong>spiritalium</strong></span> <span class='ocrx_word' id='word_1_750' title='bbox 1266 2223 1399 2258; x_wconf 87' lang='lat' dir='ltr'><strong>requiem,</strong></span> <span class='ocrx_word' id='word_1_751' title='bbox 1414 2224 1562 2259; x_wconf 87' lang='lat' dir='ltr'><strong>beatasque</strong></span> <span class='ocrx_word' id='word_1_752' title='bbox 1575 2225 1653 2253; x_wconf 87' lang='lat' dir='ltr'><strong>sedes</strong></span> <span class='ocrx_word' id='word_1_753' title='bbox 1663 2233 1728 2253; x_wconf 87' lang='lat' dir='ltr'><strong>con-</strong></span> 
     </span>
    </p>
   </div>
   <div class='ocr_carea' id='block_1_106' title="bbox 941 2269 1040 2297">
    <p class='ocr_par' dir='ltr' id='par_1_106' title="bbox 941 2269 1040 2297">
     <span class='ocr_line' id='line_1_106' title="bbox 941 2269 1040 2297; baseline -0.01 -1"><span class='ocrx_word' id='word_1_754' title='bbox 941 2269 1040 2297; x_wconf 88' lang='lat' dir='ltr'><strong>tendit.</strong></span> 
     </span>
    </p>
   </div>
   <div class='ocr_carea' id='block_1_107' title="bbox 975 2313 1727 2352">
    <p class='ocr_par' dir='ltr' id='par_1_107' title="bbox 975 2313 1727 2352">
     <span class='ocr_line' id='line_1_107' title="bbox 975 2313 1727 2352; baseline 0.003 -11"><span class='ocrx_word' id='word_1_755' title='bbox 975 2313 1019 2341; x_wconf 73' lang='grc'><strong>52.</strong></span> <span class='ocrx_word' id='word_1_756' title='bbox 1048 2313 1166 2340; x_wconf 80' lang='lat' dir='ltr'><strong>Primam</strong></span> <span class='ocrx_word' id='word_1_757' title='bbox 1194 2314 1330 2340; x_wconf 82' lang='grc' dir='ltr'>ἀπάθειαν</span> <span class='ocrx_word' id='word_1_758' title='bbox 1355 2315 1638 2349; x_wconf 76' lang='lat' dir='ltr'><strong>(imperturbatianem</strong></span> <span class='ocrx_word' id='word_1_759' title='bbox 1662 2317 1727 2352; x_wconf 72' lang='lat' dir='ltr'><strong>affe-</strong></span> 
     </span>
    </p>
   </div>
   <div class='ocr_carea' id='block_1_108' title="bbox 941 2358 1727 2394">
    <p class='ocr_par' dir='ltr' id='par_1_108' title="bbox 941 2358 1727 2394">
     <span class='ocr_line' id='line_1_108' title="bbox 941 2358 1727 2394; baseline 0.005 -11"><span class='ocrx_word' id='word_1_760' title='bbox 941 2362 1081 2392; x_wconf 83' lang='lat' dir='ltr'><strong>ctuumque</strong></span> <span class='ocrx_word' id='word_1_761' title='bbox 1094 2358 1271 2392; x_wconf 77' lang='lat' dir='ltr'><strong>vacuitatem)</strong></span> <span class='ocrx_word' id='word_1_762' title='bbox 1296 2363 1386 2390; x_wconf 82' lang='lat' dir='ltr'><strong>vocat,</strong></span> <span class='ocrx_word' id='word_1_763' title='bbox 1406 2359 1540 2386; x_wconf 89' lang='lat' dir='ltr'><strong>illibatum</strong></span> <span class='ocrx_word' id='word_1_764' title='bbox 1563 2361 1688 2394; x_wconf 87' lang='lat' dir='ltr'><strong>corporis</strong></span> <span class='ocrx_word' id='word_1_765' title='bbox 1699 2361 1727 2387; x_wconf 92' lang='lat' dir='ltr'><strong>in</strong></span> 
     </span>
    </p>
   </div>
   <div class='ocr_carea' id='block_1_109' title="bbox 940 2403 1727 2440">
    <p class='ocr_par' dir='ltr' id='par_1_109' title="bbox 940 2403 1727 2440">
     <span class='ocr_line' id='line_1_109' title="bbox 940 2403 1727 2440; baseline 0.004 -10"><span class='ocrx_word' id='word_1_766' title='bbox 940 2408 1082 2438; x_wconf 88' lang='lat' dir='ltr'><strong>peceatum</strong></span> <span class='ocrx_word' id='word_1_767' title='bbox 1103 2404 1162 2438; x_wconf 90' lang='lat' dir='ltr'><strong>ipso</strong></span> <span class='ocrx_word' id='word_1_768' title='bbox 1179 2408 1240 2430; x_wconf 87' lang='lat' dir='ltr'><strong>actu</strong></span> <span class='ocrx_word' id='word_1_769' title='bbox 1255 2403 1332 2438; x_wconf 82' lang='lat'><strong>571</strong></span> <span class='ocrx_word' id='word_1_770' title='bbox 1349 2407 1467 2437; x_wconf 90' lang='lat' dir='ltr'><strong>motum;</strong></span> <span class='ocrx_word' id='word_1_771' title='bbox 1483 2405 1594 2431; x_wconf 87' lang='lat' dir='ltr'><strong>alteram</strong></span> <span class='ocrx_word' id='word_1_772' title='bbox 1607 2425 1613 2437; x_wconf 92' lang='lat'><strong>,</strong></span> <span class='ocrx_word' id='word_1_773' title='bbox 1637 2406 1727 2440; x_wconf 88' lang='lat' dir='ltr'><strong>perfe-</strong></span> 
     </span>
    </p>
   </div>
   <div class='ocr_carea' id='block_1_110' title="bbox 941 2449 1728 2484">
    <p class='ocr_par' dir='ltr' id='par_1_110' title="bbox 941 2449 1728 2484">
     <span class='ocr_line' id='line_1_110' title="bbox 941 2449 1728 2484; baseline 0.003 -8"><span class='ocrx_word' id='word_1_774' title='bbox 941 2453 984 2477; x_wconf 88' lang='lat' dir='ltr'><strong>cte</strong></span> <span class='ocrx_word' id='word_1_775' title='bbox 999 2450 1091 2476; x_wconf 88' lang='lat' dir='ltr'><strong>animo</strong></span> <span class='ocrx_word' id='word_1_776' title='bbox 1104 2449 1244 2476; x_wconf 88' lang='lat' dir='ltr'><strong>abdicatas</strong></span> <span class='ocrx_word' id='word_1_777' title='bbox 1270 2450 1431 2476; x_wconf 85' lang='lat' dir='ltr'><strong>libidinosas</strong></span> <span class='ocrx_word' id='word_1_778' title='bbox 1451 2450 1574 2484; x_wconf 82' lang='lat' dir='ltr'><strong>vitioque</strong></span> <span class='ocrx_word' id='word_1_779' title='bbox 1592 2451 1728 2478; x_wconf 63' lang='lat' dir='ltr'><strong>haerentes</strong></span> 
     </span>
    </p>
   </div>
   <div class='ocr_carea' id='block_1_111' title="bbox 941 2494 1729 2530">
    <p class='ocr_par' dir='ltr' id='par_1_111' title="bbox 941 2494 1729 2530">
     <span class='ocr_line' id='line_1_111' title="bbox 941 2494 1729 2530; baseline 0.001 -8"><span class='ocrx_word' id='word_1_780' title='bbox 941 2495 1131 2530; x_wconf 79' lang='lat' dir='ltr'><strong>cogitationes,</strong></span> <span class='ocrx_word' id='word_1_781' title='bbox 1146 2503 1179 2522; x_wconf 87' lang='lat' dir='ltr'><strong>ex</strong></span> <span class='ocrx_word' id='word_1_782' title='bbox 1191 2502 1246 2529; x_wconf 91' lang='lat' dir='ltr'><strong>quo</strong></span> <span class='ocrx_word' id='word_1_783' title='bbox 1259 2499 1312 2527; x_wconf 89' lang='lat' dir='ltr'><strong>est,</strong></span> <span class='ocrx_word' id='word_1_784' title='bbox 1328 2498 1417 2529; x_wconf 90' lang='lat' dir='ltr'><strong>utpro</strong></span> <span class='ocrx_word' id='word_1_785' title='bbox 1432 2494 1532 2530; x_wconf 90' lang='lat' dir='ltr'><strong>prioris</strong></span> <span class='ocrx_word' id='word_1_786' title='bbox 1546 2495 1729 2530; x_wconf 86' lang='lat' dir='ltr'><strong>imperturba-</strong></span> 
     </span>
    </p>
   </div>
   <div class='ocr_carea' id='block_1_112' title="bbox 942 2541 1729 2576">
    <p class='ocr_par' dir='ltr' id='par_1_112' title="bbox 942 2541 1729 2576">
     <span class='ocr_line' id='line_1_112' title="bbox 942 2541 1729 2576; baseline 0 -8"><span class='ocrx_word' id='word_1_787' title='bbox 942 2541 1024 2568; x_wconf 89' lang='lat' dir='ltr'><strong>tionis</strong></span> <span class='ocrx_word' id='word_1_788' title='bbox 1035 2541 1126 2573; x_wconf 92' lang='lat' dir='ltr'><strong>modo,</strong></span> <span class='ocrx_word' id='word_1_789' title='bbox 1140 2541 1287 2567; x_wconf 88' lang='lat' dir='ltr'><strong>libidinum</strong></span> <span class='ocrx_word' id='word_1_790' title='bbox 1299 2545 1389 2567; x_wconf 87' lang='lat' dir='ltr'><strong>motus</strong></span> <span class='ocrx_word' id='word_1_791' title='bbox 1399 2541 1600 2576; x_wconf 79' lang='lat' dir='ltr'><strong>exstinguatur,</strong></span> <span class='ocrx_word' id='word_1_792' title='bbox 1613 2542 1656 2568; x_wconf 91' lang='lat' dir='ltr'><strong>cui</strong></span> <span class='ocrx_word' id='word_1_793' title='bbox 1666 2542 1729 2568; x_wconf 90' lang='lat' dir='ltr'><strong>libi-</strong></span> 
     </span>
    </p>
   </div>
   <div class='ocr_carea' id='block_1_113' title="bbox 941 2586 1727 2620">
    <p class='ocr_par' dir='ltr' id='par_1_113' title="bbox 941 2586 1727 2620">
     <span class='ocr_line' id='line_1_113' title="bbox 941 2586 1727 2620; baseline 0 -6"><span class='ocrx_word' id='word_1_794' title='bbox 941 2587 1045 2614; x_wconf 68' lang='lat' dir='ltr'><strong>dinosae</strong></span> <span class='ocrx_word' id='word_1_795' title='bbox 1055 2586 1235 2620; x_wconf 78' lang='lat' dir='ltr'><strong>cogitationes</strong></span> <span class='ocrx_word' id='word_1_796' title='bbox 1252 2586 1352 2617; x_wconf 86' lang='lat' dir='ltr'><strong>desint,</strong></span> <span class='ocrx_word' id='word_1_797' title='bbox 1368 2586 1469 2620; x_wconf 85' lang='lat' dir='ltr'><strong>quibus</strong></span> <span class='ocrx_word' id='word_1_798' title='bbox 1485 2586 1513 2612; x_wconf 88' lang='lat' dir='ltr'><strong>in</strong></span> <span class='ocrx_word' id='word_1_799' title='bbox 1526 2591 1616 2613; x_wconf 79' lang='lat' dir='ltr'><strong>actum</strong></span> <span class='ocrx_word' id='word_1_800' title='bbox 1628 2595 1727 2614; x_wconf 84' lang='lat' dir='ltr'><strong>accen-</strong></span> 
     </span>
    </p>
   </div>
   <div class='ocr_carea' id='block_1_114' title="bbox 941 2630 1728 2666">
    <p class='ocr_par' dir='ltr' id='par_1_114' title="bbox 941 2630 1728 2666">
     <span class='ocr_line' id='line_1_114' title="bbox 941 2630 1728 2666; baseline 0 -7"><span class='ocrx_word' id='word_1_801' title='bbox 941 2631 1022 2659; x_wconf 84' lang='lat' dir='ltr'><strong>datur</strong></span> <span class='ocrx_word' id='word_1_802' title='bbox 1037 2639 1043 2657; x_wconf 86' lang='lat'>:</span> <span class='ocrx_word' id='word_1_803' title='bbox 1058 2631 1177 2663; x_wconf 84' lang='lat' dir='ltr'><strong>tertiam,</strong></span> <span class='ocrx_word' id='word_1_804' title='bbox 1190 2631 1339 2666; x_wconf 78' lang='lat' dir='ltr'><strong>perfectam</strong></span> <span class='ocrx_word' id='word_1_805' title='bbox 1353 2631 1508 2665; x_wconf 87' lang='lat' dir='ltr'><strong>appetentis</strong></span> <span class='ocrx_word' id='word_1_806' title='bbox 1521 2631 1604 2658; x_wconf 88' lang='lat' dir='ltr'><strong>animi</strong></span> <span class='ocrx_word' id='word_1_807' title='bbox 1623 2631 1651 2657; x_wconf 90' lang='lat' dir='ltr'><strong>in</strong></span> <span class='ocrx_word' id='word_1_808' title='bbox 1662 2630 1728 2659; x_wconf 81' lang='lat' dir='ltr'><strong>vilia</strong></span> 
     </span>
    </p>
   </div>
   <div class='ocr_carea' id='block_1_115' title="bbox 941 2676 1727 2710">
    <p class='ocr_par' dir='ltr' id='par_1_115' title="bbox 941 2676 1727 2710">
     <span class='ocr_line' id='line_1_115' title="bbox 941 2676 1727 2710; baseline 0.001 -7"><span class='ocrx_word' id='word_1_809' title='bbox 941 2684 973 2704; x_wconf 90' lang='lat' dir='ltr'><strong>ac</strong></span> <span class='ocrx_word' id='word_1_810' title='bbox 989 2676 1121 2703; x_wconf 89' lang='lat' dir='ltr'><strong>libidines</strong></span> <span class='ocrx_word' id='word_1_811' title='bbox 1133 2676 1325 2708; x_wconf 86' lang='lat' dir='ltr'><strong>cessationem,</strong></span> <span class='ocrx_word' id='word_1_812' title='bbox 1337 2684 1391 2710; x_wconf 85' lang='lat' dir='ltr'><strong>qua</strong></span> <span class='ocrx_word' id='word_1_813' title='bbox 1402 2682 1429 2703; x_wconf 84' lang='lat' dir='ltr'><strong>et</strong></span> <span class='ocrx_word' id='word_1_814' title='bbox 1443 2676 1563 2703; x_wconf 86' lang='lat' dir='ltr'><strong>secunda</strong></span> <span class='ocrx_word' id='word_1_815' title='bbox 1578 2676 1617 2707; x_wconf 80' lang='lat' dir='ltr'><strong>ﬁt,</strong></span> <span class='ocrx_word' id='word_1_816' title='bbox 1629 2684 1689 2710; x_wconf 81' lang='lat' dir='ltr'><strong>qua:</strong></span> <span class='ocrx_word' id='word_1_817' title='bbox 1699 2676 1727 2704; x_wconf 91' lang='lat' dir='ltr'><strong>in</strong></span> 
     </span>
    </p>
   </div>
   <div class='ocr_carea' id='block_1_116' title="bbox 940 2721 1727 2758">
    <p class='ocr_par' dir='ltr' id='par_1_116' title="bbox 940 2721 1727 2758">
     <span class='ocr_line' id='line_1_116' title="bbox 940 2721 1727 2758; baseline -0.003 -8"><span class='ocrx_word' id='word_1_818' title='bbox 940 2722 1138 2758; x_wconf 76' lang='lat' dir='ltr'><strong>cogitationum</strong></span> <span class='ocrx_word' id='word_1_819' title='bbox 1155 2722 1276 2756; x_wconf 87' lang='lat' dir='ltr'><strong>puritate</strong></span> <span class='ocrx_word' id='word_1_820' title='bbox 1293 2722 1420 2749; x_wconf 89' lang='lat' dir='ltr'><strong>consistit</strong></span> <span class='ocrx_word' id='word_1_821' title='bbox 1435 2731 1440 2748; x_wconf 95' lang='lat'>:</span> <span class='ocrx_word' id='word_1_822' title='bbox 1456 2727 1582 2756; x_wconf 86' lang='lat' dir='ltr'><strong>quartam</strong></span> <span class='ocrx_word' id='word_1_823' title='bbox 1595 2721 1727 2756; x_wconf 86' lang='lat' dir='ltr'><strong>denique,</strong></span> 
     </span>
    </p>
   </div>
   <div class='ocr_carea' id='block_1_117' title="bbox 941 2765 1729 2801">
    <p class='ocr_par' dir='ltr' id='par_1_117' title="bbox 941 2765 1729 2801">
     <span class='ocr_line' id='line_1_117' title="bbox 941 2765 1729 2801; baseline -0.003 -8"><span class='ocrx_word' id='word_1_824' title='bbox 941 2774 995 2801; x_wconf 85' lang='lat' dir='ltr'><strong>qua</strong></span> <span class='ocrx_word' id='word_1_825' title='bbox 1014 2765 1137 2792; x_wconf 85' lang='lat' dir='ltr'><strong>omnium</strong></span> <span class='ocrx_word' id='word_1_826' title='bbox 1163 2773 1223 2800; x_wconf 71' lang='lat' dir='ltr'><strong>qua:</strong></span> <span class='ocrx_word' id='word_1_827' title='bbox 1247 2773 1329 2792; x_wconf 88' lang='lat' dir='ltr'><strong>sensu</strong></span> <span class='ocrx_word' id='word_1_828' title='bbox 1353 2765 1526 2800; x_wconf 77' lang='lat' dir='ltr'><strong>attinguntur</strong></span> <span class='ocrx_word' id='word_1_829' title='bbox 1548 2765 1729 2800; x_wconf 79' lang='lat' dir='ltr'><strong>cogitationes</strong></span> 
     </span>
    </p>
   </div>
   <div class='ocr_carea' id='block_1_118' title="bbox 942 2810 1725 2846">
    <p class='ocr_par' dir='ltr' id='par_1_118' title="bbox 942 2810 1725 2846">
     <span class='ocr_line' id='line_1_118' title="bbox 942 2810 1725 2846; baseline 0.001 -8"><span class='ocrx_word' id='word_1_830' title='bbox 942 2811 1035 2839; x_wconf 89' lang='lat' dir='ltr'><strong>animo</strong></span> <span class='ocrx_word' id='word_1_831' title='bbox 1059 2810 1247 2846; x_wconf 76' lang='lat' dir='ltr'><strong>proﬁigamus,</strong></span> <span class='ocrx_word' id='word_1_832' title='bbox 1264 2811 1336 2838; x_wconf 86' lang='lat' dir='ltr'><strong>unde</strong></span> <span class='ocrx_word' id='word_1_833' title='bbox 1361 2815 1387 2838; x_wconf 88' lang='lat' dir='ltr'><strong>ct</strong></span> <span class='ocrx_word' id='word_1_834' title='bbox 1402 2811 1483 2838; x_wconf 87' lang='lat' dir='ltr'><strong>tertia</strong></span> <span class='ocrx_word' id='word_1_835' title='bbox 1504 2815 1596 2838; x_wconf 90' lang='lat' dir='ltr'><strong>ortum</strong></span> <span class='ocrx_word' id='word_1_836' title='bbox 1619 2810 1725 2839; x_wconf 82' lang='lat' dir='ltr'><strong>habuit.</strong></span> 
     </span>
    </p>
   </div>
  </div>
