1920 3076
214 121 284 154 1⁸233

791 121 821 150 S.
841 121 984 151 ΜΑΧῙΜΙ
1001 121 1255 152 CONFESSORIS

1766 125 1827 159 1281

211 182 305 204 rerum
322 174 457 210 ejusmodi
482 173 694 210 cogitationibus
709 181 816 207 carens,
841 175 940 210 quibus
953 176 994 203 vi-

1050 176 1197 210 φαντασίας
1208 176 1263 203 τῶν
1279 176 1415 213 αἰσθητῶν
1432 178 1619 212 εἰδοποιούσας
1635 180 1706 217 αὐτῇ
1717 181 1771 208 τῶν
1781 189 1828 208 πα-

211 221 313 248 tiorum
329 220 462 254 imagines
476 227 507 246 ac
525 219 673 246 simulacra
688 219 727 246 illi
741 219 935 247 informentur.

246 265 290 292 55.
306 264 433 299 Quisquis
461 263 578 291 actionis
601 264 692 291 cultor
707 264 758 296 sit,
782 264 847 292 huic
867 268 997 299 tanquam

211 309 282 337 servi
298 313 380 343 atque
400 309 517 341 ancillae,
535 308 605 336 ratio
617 309 772 344 mentisque
782 310 909 344 cogitatio
924 310 998 337 labo-

211 358 284 385 rant,
300 354 366 381 dum
381 353 512 381 studiosae
523 354 640 382 actionis
652 355 749 382 modos
763 355 943 382 adinvcniunt
956 360 997 382 at-

211 408 264 435 que
276 400 422 432 fabricant,
436 408 600 435 omnemque
624 401 823 436 propemodum
839 401 894 428 vim
920 409 997 428 suam

210 445 238 472 in
252 445 437 480 nequissimos
462 445 577 480 spiritus
589 445 689 472 actioni
703 445 822 473 infensos
838 446 997 473 instructam

209 491 314 518 habent
324 495 406 525 atque
415 494 582 518 contentam.
593 491 706 526 Expleta
716 495 819 523 autem,
829 499 890 525 quae
897 490 997 518 actioni

210 537 312 570 studet,
328 537 510 572 philosophia,
527 544 607 572 quam
619 537 743 564 senarius
754 544 888 564 annorum
903 544 999 564 nume-

209 589 258 609 rus
274 582 426 617 designavit
442 582 557 615 (dictum
578 589 696 616 namque
713 586 765 613 est,
783 582 921 609 senarium
945 589 997 608 nu-

209 636 316 656 merum
333 635 392 655 eam
409 632 513 662 partem
531 627 714 662 philosophia:
733 627 857 662 symbolo
882 627 996 658 referre,

209 682 271 709 qure
304 674 439 701 actionem
468 672 545 708 colit)
571 673 604 699 ad
632 673 783 707 spiritalem
801 673 882 700 liberi
917 673 998 708 (ratio

209 721 315 748 scilicet
340 719 494 753 mentisque
518 718 656 753 cogitatio)
683 719 878 751 dimittuntur;
899 726 998 754 nempe

209 766 244 792 ad
265 765 388 792 affinium
415 765 443 792 in
460 765 542 792 rebus
571 765 708 791 rationum
736 764 996 799 contemplationem

209 815 394 838 revertantur.

245 857 288 884 5.5.
313 857 415 884 Servus
434 856 585 890 alienigena
611 862 641 882 ac
659 854 760 895 ancilla
770 855 805 886 9°,
826 854 865 881 ira
884 858 949 881 sunt
971 860 999 882 et

209 901 358 936 cupiditas;
374 908 442 935 quos
453 901 561 927 animus
576 900 800 934 contemplationi
815 899 934 929 deditus,
948 906 998 934 per

208 945 398 974 fortitudinem
418 953 450 972 ac
460 945 679 980 temperantiam,
694 945 808 972 rationis
821 952 931 979 semper
946 944 998 971 do-

208 992 293 1019 minio
309 991 336 1018 in
350 991 482 1018 virtutum
498 991 661 1025 obsequium
677 991 832 1024 mancipat;
849 989 922 1017 haud
937 997 998 1017 om-

208 1038 275 1064 nino
286 1037 411 1063 libertate
427 1036 544 1068 donans,
567 1041 648 1063 autve
663 1036 816 1067 dimittens,
832 1035 921 1062 donec
947 1043 997 1061 na-

209 1086 278 1109 turze
297 1082 340 1109 lex
365 1081 399 1108 ab
418 1081 532 1115 spiritus
546 1081 606 1116 lege
629 1081 759 1115 absorpta
776 1079 871 1112 fuerit,
894 1087 927 1107 ac
943 1080 966 1106 si
982 1087 998 1106 a

207 1127 264 1153 vita
291 1125 398 1153 infinita
426 1125 533 1152 miserm
559 1125 650 1152 carnis
674 1132 759 1156 mors,
785 1127 896 1158 totaque
925 1123 999 1150 clare

208 1173 304 1199 aeterni
333 1172 410 1207 regni
435 1171 524 1205 imago
551 1169 666 1203 eniteat,
691 1177 800 1197 omnem
821 1170 996 1205 exemplaris,

209 1217 335 1245 imitandi
352 1217 417 1248 ritu,
437 1217 553 1243 formam
577 1223 734 1251 expressam
761 1216 885 1242 lubens:
917 1223 998 1250 quam

209 1266 307 1289 nactus
320 1261 544 1296 contemplationi
563 1261 677 1288 studens
690 1261 810 1293 animus,
831 1261 900 1288 iram
912 1266 940 1288 et
952 1269 999 1287 eu-

209 1306 353 1341 piditatem
366 1306 492 1332 libertate
514 1305 597 1332 donat
611 1314 617 1331 :
632 1305 703 1333 hanc
720 1305 847 1340 quidem,
865 1305 895 1332 in
912 1305 998 1332 divini

210 1352 312 1379 amoris
329 1351 518 1378 intemeratam
530 1352 697 1386 voluptatem
713 1359 746 1378 ac
758 1350 928 1386 impollutam
941 1351 1000 1378 ille-

210 1397 320 1423 cebram
332 1400 513 1428 convertens;
529 1396 602 1422 illam
617 1403 694 1428 vero,
710 1396 738 1423 in
755 1395 892 1423 fervorem
916 1396 999 1431 spiri-

211 1442 292 1468 talem
303 1448 501 1475 accensumque
515 1441 587 1475 jugis
602 1444 693 1468 motus
704 1441 880 1475 agitationem
899 1449 932 1469 ac
955 1449 999 1468 so-

210 1486 302 1513 brium
319 1485 442 1512 furorem
455 1485 611 1512 traducens.

246 1575 290 1602 55.
302 1573 410 1602 [Eterni
425 1573 502 1609 regni
517 1574 606 1608 imago
621 1581 653 1600 ac
669 1573 845 1601 simulacrum
855 1593 862 1606 ,
877 1579 920 1601 cst
938 1574 998 1601 ani-

210 1627 272 1648 mus
287 1619 476 1655 cognoscenda
494 1619 610 1646 veritate
626 1619 805 1646 immutabilis
816 1639 823 1651 ,
845 1627 996 1654 sensusque

210 1666 314 1693 virtute
332 1664 447 1692 colenda
461 1665 654 1699 incorruptus;
672 1664 764 1691 animo
777 1672 877 1699 nempe
893 1672 925 1692 ac
936 1673 998 1692 cor-

211 1718 289 1746 pore,
305 1712 363 1739 sola
378 1711 470 1738 divina
486 1710 600 1745 spiritus
614 1711 673 1745 lege
692 1710 765 1737 inter
789 1718 818 1737 se
846 1710 995 1743 devinctis,

211 1765 243 1785 ea
256 1758 371 1789 ratione,
390 1765 442 1792 qua
464 1764 562 1785 sensus
585 1756 614 1783 in
633 1756 713 1791 572
735 1760 855 1784 mentem
883 1756 998 1791 spiritus

211 1803 401 1830 immutatione
417 1802 530 1835 transit;
547 1809 601 1837 qua
621 1802 752 1829 nimirum
763 1821 770 1834 ,
783 1801 843 1837 jugi
859 1802 998 1829 incitatam

210 1854 288 1876 motu
313 1849 466 1883 miramque
493 1856 525 1875 ac
551 1852 674 1882 vegetam
691 1847 784 1874 omnia
802 1848 997 1882 pervadentem

211 1893 327 1920 rationis
342 1893 530 1927 operationem
544 1893 666 1925 habent;
682 1892 710 1919 in
720 1900 774 1928 qua
789 1892 865 1919 nulla
885 1900 999 1927 prorsus

212 1947 227 1966 a
244 1939 300 1966 Deo
311 1938 507 1966 dissimilitudo
518 1939 649 1965 occurrit.

247 1985 290 2012 56.
305 1984 490 2019 Cupiditatem
505 1992 566 2018 qua:
584 1988 647 2011 actu
659 1984 812 2018 expleamr,
829 1984 997 2018 voluptatem

211 2037 272 2057 esse
286 2029 392 2062 dicunt,
409 2037 472 2057 cum
492 2030 595 2057 bonum
616 2037 737 2064 praesens
758 2029 793 2056 ad
814 2030 874 2064 ejus
893 2033 999 2064 spectet

212 2076 416 2109 definitionem;
432 2077 602 2111 voluptatem
622 2079 714 2102 autem
727 2083 789 2110 quae
803 2082 859 2102 non
875 2080 938 2102 actu
952 2083 999 2102 ex—

211 2122 332 2156 pleatur,
347 2121 536 2156 cupiditatem,
555 2124 586 2146 ut
598 2119 631 2146 ad
642 2120 722 2154 cuius
737 2119 926 2146 definitionem
937 2127 1000 2154 spe-

1048 221 1101 248 θῶν
1112 221 1161 253 τὰς
1178 222 1293 254 εἰκόνας.

1082 265 1132 300 νγ’.
1152 267 1236 293 Παντὶ
1260 266 1420 303 πρακτικῷ,
1443 268 1535 301 παιδὸς
1558 269 1606 296 καὶ
1628 270 1774 307 παιδίσκης
1792 273 1827 300 δί-

1047 321 1099 348 κην
1115 313 1161 349 (e),
1179 314 1192 340 ὁ
1211 314 1289 348 λόγος
1304 315 1350 341 καὶ
1373 315 1389 349 ή
1416 314 1521 342 διάνοια
1538 315 1680 351 μοχθοῦσι,
1695 318 1759 350 τοὺς
1772 319 1826 345 κατ’

1047 359 1148 394 ἀρετὴν
1162 359 1211 395 τῆς
1225 360 1352 395 πράξεως
1366 360 1485 395 τρόπους
1502 361 1671 394 ἐπινοοῦντὲς
1686 371 1716 389 τε
1731 363 1777 390 καὶ
1787 364 1828 399 δη-

1049 405 1255 440 μιουργοῦντες,
1269 405 1317 432 καὶ
1332 403 1387 432 οἷον
1400 407 1490 433 πᾶσαν
1511 407 1616 434 ἑαυτῶν
1628 409 1700 435 κατὰ
1718 410 1770 436 τῶν
1785 410 1828 436 ἀν-

1047 451 1210 484 τικειμένων
1223 452 1257 486 τῇ
1282 453 1421 487 πρακτικῇ
1440 453 1603 488 πνευμάτων
1625 453 1677 488 τῆς
1701 455 1828 490 πονηρίας

1047 495 1096 530 τὴν
1109 496 1224 530 δύναμιν
1250 496 1357 532 ἔχοντες
1379 498 1622 533 ἀντιτεταγμένην·
1638 499 1828 535 πληρώσαντες

1047 541 1075 567 δὲ
1090 541 1139 577 τὴν
1152 543 1306 577 πρακτικὴν
1321 543 1489 577 φιλοσοφίαν,
1506 544 1539 579 ἡν
1549 545 1563 571 ὁ
1579 544 1658 576 ἕκτος
1671 545 1728 572 τῶν
1745 547 1830 573 ἐνιαυ-

1048 587 1101 613 τῶν
1118 587 1310 622 παρεδήλωσεν
1326 588 1457 624 ἀριθμός·
1489 589 1597 625 εἴρηται
1620 591 1676 624 γὰρ
1697 591 1739 618 ὅτι
1764 592 1778 618 ὁ
1802 591 1830 624 ἕξ

1048 632 1173 667 ἀριθμὸς,
1189 633 1237 667 τὴν
1253 634 1408 668 πρακτικὴν
1426 634 1554 669 σημαίνει
1570 635 1746 670 φιλοσοφίαν·
1761 636 1830 662 ἐλεύ-

1048 677 1121 713 θεροι
1138 678 1206 713 πρὸς
1230 679 1279 714 τὴν
1307 680 1497 715 πνευματικὴν
1521 680 1696 713 ἀπολύονται,
1713 681 1831 716 δηλονότι

1047 722 1101 749 τῶν
1116 723 1145 749 ἐν
1159 724 1215 754 τοῖς
1227 721 1287 750 οὖσι
1305 725 1443 758 συγγενῶν
1452 725 1539 759 λόγων
1554 725 1671 761 θεωρίαν
1687 727 1830 763 ἐπανερχό-

1050 775 1135 802 μενοι,
1152 767 1166 794 ὃ
1182 777 1211 794 τε
1226 768 1303 803 λόγος
1319 769 1394 804 καὶή
1411 769 1524 796 διάνοια.

1014 839 1036 867 Β
1083 845 1130 871 νδ’.
1150 845 1314 881 Ἀλλόφυλος
1331 847 1396 878 παῖς
1418 848 1476 874 ἐστι
1497 848 1544 874 καὶ
1560 849 1704 886 παιδίσκη,
1721 850 1736 876 ὀ
1749 849 1830 884 θυμὸς

1049 891 1123 926 καὶὴ
1139 890 1288 926 ὲπιθυμίω
1304 892 1351 924 οὒς
1368 892 1550 928 ὑποξεύγνυσι
1562 894 1606 921 διὰ
1621 895 1723 927 παντὸς
1737 897 1772 931 τῇ
1790 896 1830 922 δε-

1049 936 1164 971 σποτεία
1177 937 1224 962 τοῦ
1237 937 1326 971 λόγου,
1343 938 1410 973 πρὸς
1425 938 1577 973 ὑπηρεσίαν
1590 940 1643 966 τῶν
1666 941 1785 976 ἀρετῶν,
1800 941 1830 968 δι’

1047 981 1159 1016 ἀνδρίας
1173 981 1220 1008 καλ¹
1236 983 1413 1019 σωφροσύνης
1430 984 1444 1010 ὁ
1460 984 1636 1020 Θεωρητηκὺς
1649 985 1722 1018 νοῦς,
1740 987 1779 1021 μὴ
1797 986 1831 1013 διο

1047 1027 1109 1058 δοὺς
1125 1028 1217 1059 αὐτοῖς
1240 1028 1379 1060 παντελῶς
1394 1029 1443 1064 τὴν
1458 1030 1528 1064 πρὸς
1555 1029 1712 1065 ἐλευθερίαν
1725 1032 1830 1065 ἄφεσιν,

1047 1073 1100 1105 ἕως
1114 1073 1146 1100 ἂν
1160 1074 1300 1110 καταποθῇ
1316 1074 1354 1110 τῷ
1370 1075 1444 1110 νόμῳ
1463 1075 1510 1102 τοῦ
1526 1076 1681 1111 πνεύματος
1697 1077 1807 1109 τελείως
1820 1078 1832 1104 6

1048 1121 1096 1156 τῆς
1111 1120 1218 1155 φύσεως
1230 1121 1320 1156 νόμος,
1337 1121 1463 1158 καθάπερ
1479 1123 1531 1149 ὐπὸ
1543 1123 1616 1158 ζωῆς
1627 1124 1754 1159 ἀπείρου,
1770 1132 1832 1158 σαρ-

1049 1167 1096 1198 κὸς
1108 1167 1240 1202 δυστήνου
1254 1167 1379 1200 Θάνατος,
1395 1168 1442 1194 καὶ
1468 1169 1542 1195 πᾶσα
1559 1168 1652 1204 δειχθῇ
1666 1169 1797 1204 καθαρῶς
1816 1171 1831 1205 ή

1049 1211 1099 1246 τῆς
1113 1212 1231 1246 ἀνάρχου
1247 1211 1385 1246 βασιλείας
1400 1212 1491 1245 εἰκὼν,
1509 1215 1598 1240 πᾶσαν
1612 1215 1712 1249 ἔχουσα
1728 1215 1776 1242 τοῦ
1788 1217 1832 1250 ἀρ-

1048 1255 1165 1291 χετύπου
1179 1256 1223 1283 διὰ
1238 1257 1380 1292 μιμήσεως
1395 1257 1443 1292 τὴν
1461 1259 1578 1294 μορφήν·
1600 1260 1661 1286 καθ’
1675 1261 1710 1295 ἣν
1722 1261 1832 1295 γενόμε-

1049 1311 1093 1333 νος
1109 1302 1123 1328 ὁ
1135 1301 1300 1337 θεωρητικὸς
1317 1303 1390 1336 νοῦς,
1418 1304 1577 1340 ἐλευθέρους
1594 1306 1713 1332 ποιεῖται
1737 1307 1784 1333 τόν
1806 1315 1832 1333 τι

1049 1346 1134 1382 θυμὸν
1148 1347 1195 1373 καὶ
1209 1347 1259 1382 τὴν
1274 1346 1433 1382 ἐπιθυμίαν·
1446 1349 1496 1383 τὴν
1511 1348 1571 1383 μὲν,
1584 1349 1652 1384 πρὸς
1669 1350 1720 1384 τὴν
1732 1351 1833 1386 ἀκήρα-

1048 1400 1094 1418 τον
1107 1391 1153 1418 τοῦ
1169 1391 1240 1418 θείου
1259 1391 1359 1427 ἔρωτος
1383 1393 1479 1429 ἡδονὴν
1495 1394 1542 1420 καὶ
1557 1394 1607 1429 τὴν
1621 1394 1758 1430 ἄχραντον
1774 1396 1829 1422 Θέλ-

1051 1437 1091 1469 ξιν
1106 1436 1317 1472 μετασκευὰζων
1331 1445 1337 1452 ·
1354 1437 1404 1472 τὴν
1417 1438 1455 1470 δὲ,
1472 1438 1540 1473 πρὸς
1558 1438 1632 1471 ζέσιν
1646 1440 1833 1476 πνευματικὴν

1050 1483 1097 1509 καὶ
1111 1483 1242 1518 διάπυρον
1256 1483 1426 1518 ἀεικινησίαν
1450 1483 1483 1520 (1)
1510 1485 1556 1510 καὶ
1583 1484 1710 1520 σώφρονα
1735 1486 1834 1521 μανίαν

1051 1528 1248 1564 μεταϐιϐάζων.

1081 1577 1128 1600 νεν.
1149 1574 1280 1610 Ἀνὰρχου
1297 1573 1436 1609 βασιλείας
1454 1575 1529 1601 ἐστὶν
1555 1575 1646 1608 εἰκὼν,
1669 1576 1685 1611 ἡ
1713 1576 1763 1603 τοῦ
1789 1577 1833 1603 Vir?

1047 1620 1112 1655 περὶ
1127 1620 1176 1655 τὴν
1202 1620 1290 1656 ἀληθῆ
1318 1621 1418 1654 γνῶσιν
1434 1621 1562 1656 ἀτρεψία,
1577 1622 1622 1648 καὶ
1642 1623 1658 1657 ἡ
1671 1623 1723 1657 τῆς
1739 1623 1835 1658 αεσθὴ-

1048 1674 1117 1698 σεως
1134 1667 1199 1701 περὶ
1210 1666 1259 1701 τὴν
1269 1667 1369 1701 ἀρετὴν
1382 1667 1523 1702 ἁφθαρσία
1535 1675 1542 1683 ·
1559 1669 1609 1702 τῆς
1622 1668 1713 1703 ψυχῆς
1728 1669 1779 1695 καὶ
1791 1668 1834 1695 τοῦ

1049 1711 1185 1746 σώματος,
1201 1712 1271 1738 κατὰ
1284 1712 1334 1745 τὴν
1351 1712 1379 1738 ὲν
1401 1712 1537 1746 πνεύματι
1551 1713 1620 1747 πρὸς
1644 1712 1690 1739 τὸν
1708 1711 1774 1740 νοῦν
1789 1713 1836 1748 τῆς

1048 1756 1199 1792 αίσθήσεως
1228 1757 1416 1792 μεταποίησιν,
1434 1757 1506 1792 μόνῳ
1534 1758 1574 1792 τῷ
1597 1757 1662 1793 θείῳ
1687 1759 1764 1793 νόμῳ
1790 1758 1834 1785 τοῦ

1048 1801 1202 1837 πνεύματος
1217 1802 1341 1838 ἀλλήλοις
1356 1803 1566 1838 συνδεδεμένων,
1581 1803 1643 1830 καθ’
1663 1805 1699 1839 ἢν
1713 1804 1764 1839 τὴν
1779 1805 1834 1831 ἀει-

1048 1847 1157 1882 κίνητον
1172 1847 1220 1874 τοῦ
1236 1847 1316 1882 λόγου
1335 1848 1383 1875 καὶ
1398 1849 1490 1880 ζῶσαν
1514 1847 1660 1881 διαπαντὸς
1676 1849 1772 1884 ἔχουσι
1797 1850 1834 1876 δι-

1050 1892 1212 1928 ικνουμένην
1229 1893 1370 1928 ἐνέργειαν
1384 1902 1390 1908 ·
1411 1894 1440 1921 ὲν
1489 1895 1564 1922 πᾶσα
1577 1895 1719 1927 παντελῶς
1737 1896 1834 1922 ἄπεστι

1048 1937 1117 1972 πρὸς
1130 1937 1160 1964 τὺ
1172 1937 1248 1963 Θεῖον
1260 1938 1429 1973 ἅπέμφασις.

1084 1981 1140 2015 νς]
1160 1983 1376 2019 Ἐνεργουμένην
1404 1984 1553 2019 ἐπιθυμίαν
1581 1984 1664 2019 φασὶν
1688 1982 1762 2011 εἶναι
1788 1985 1835 2020 τὴν

1048 2028 1155 2064 ἡδονὴν,
1173 2028 1253 2064 εἴπερ
1272 2029 1360 2064 παρὸν
1384 2030 1498 2064 ἀγαθὸν,
1513 2030 1583 2056 κατὰ
1597 2030 1642 2056 τὸν
1657 2030 1746 2065 αὐτῆς
1763 2032 1834 2056 ἐστιν

1048 2073 1179 2109 ὁρισμόν·
1206 2073 1385 2110 ὰνενέργητον
1409 2074 1438 2101 δὲ
1461 2075 1567 2110 ἡδονὴν,
1597 2076 1646 2109 τὴν
1674 2075 1833 2110 ἐπιθυμίαν,

1049 2118 1127 2154 εἴπερ
1142 2118 1238 2154 μέλλον
1253 2119 1365 2154 ἀγαθὸν,
1381 2120 1452 2147 κατὰ
1467 2121 1513 2148 τὸν
1524 2121 1608 2156 αὐτῆς
1620 2122 1695 2147 ἐστιν
1711 2121 1833 2157 ὁρισμόν·

213 2171 270 2194 etet
289 2167 392 2193 bonum
419 2166 528 2192 absens.
551 2165 631 2196 iram,
654 2172 735 2199 quam
759 2164 850 2191 animo
867 2165 995 2192 molimur

1050 2164 1094 2190 τὸν
1109 2164 1136 2190 δὲ
1152 2164 1247 2199 θυμὸν,
1263 2165 1361 2200 μανίας
1382 2166 1572 2201 μελετωμένην
1587 2167 1707 2201 κίνησιν,
1724 2167 1773 2192 καὶ
1788 2166 1836 2201 τὴν

213 2210 316 2237 furoris
330 2210 531 2241 incitationem;
558 2209 689 2241 furorem,
712 2216 794 2243 quam
817 2209 877 2243 ipso
901 2217 994 2244 opere.

213 2254 266 2288 Qui
280 2262 346 2289 ergo
361 2254 411 2281 has
435 2253 579 2280 facultates
595 2252 695 2279 rationi
710 2253 868 2288 subjccerit,
885 2254 996 2284 cupidi-

249 2322 273 2338 “
289 2322 375 2350 Exod.
391 2330 446 2356 xxx,
461 2323 478 2350 2
493 2331 570 2358 seqq.

251 2388 284 2425 (e)
293 2388 414 2425 γῙΙαιδὸς
428 2388 654 2425 καὶγπαιδίσκης
665 2388 763 2425 δίκην,
773 2388 854 2417 Clara
871 2389 992 2425 tropolo-

213 2423 267 2460 κὶα,
285 2423 418 2460 ἀέξοι-νίς
439 2423 570 2455 Hebraeis,
582 2424 629 2460 qui
654 2428 717 2451 sunt
738 2424 766 2450 τὸ
787 2423 932 2458 ὁμόφυλον,
954 2424 993 2460 sie

214 2458 284 2486 belle
304 2458 367 2486 Pico
384 2466 467 2493 supra
494 2459 664 2493 expositum;
683 2466 799 2493 quorum
819 2459 938 2486 servitus
958 2459 992 2486 ad

215 2498 322 2528 tempus
337 2497 419 2525 esset,
432 2493 459 2519 id
472 2497 523 2525 est,
544 2493 571 2520 in
586 2501 672 2520 annos
687 2501 780 2526 senos;
796 2493 884 2528 deque
905 2494 993 2521 servis

213 2528 375 2563 alienigenis
387 2529 434 2562 qui
456 2528 484 2554 in
504 2533 666 2562 perpetuum
683 2534 777 2555 essent
797 2528 941 2560 servituri;
958 2528 993 2555 de

213 2563 389 2590 facultatibus
408 2563 491 2590 animi
524 2571 587 2590 cum
611 2563 715 2590 ratione
738 2567 765 2590 et
788 2563 846 2590 sine
874 2563 992 2590 ratione.

212 2598 288 2625 Nihil
299 2598 368 2624 bene
379 2598 468 2628 Picus,
485 2598 554 2624 Puer
567 2601 591 2624 et
606 2598 693 2632 puclla
708 2599 838 2632 negotium
862 2598 994 2632 facessunt

215 2633 269 2661 into
284 2637 368 2667 cepte,
380 2633 532 2667 suscipiunt
548 2641 595 2659 seu
610 2632 726 2665 habent;
739 2640 770 2659 ac
781 2632 853 2667 quod
872 2632 990 2665 reddidi,

217 2667 346 2695 laborant.
356 2667 384 2694 Ὀ
399 2667 476 2699 ἕκτος
490 2667 544 2694 τῶν
560 2668 639 2693 ὲτῶψ
659 2675 788 2694 annorum
799 2668 929 2698 senarius,
943 2675 995 2693 nu-

213 2710 301 2729 merus
317 2711 326 2729 :
342 2703 411 2730 male
428 2710 541 2736 prorsus
556 2702 637 2729 editis
649 2707 719 2735 erat,
732 2703 844 2737 ἀρετῶν,
856 2703 992 2733 virtutum,

214 2737 266 2764 etsi
280 2737 407 2772 excoquit
418 2737 509 2764 Picus.
522 2737 587 2770 Qua:
602 2738 675 2764 enim
696 2745 767 2765 senio
779 2737 913 2764 virtutes?
927 2744 994 2772 quaf

215 2775 308 2799 ternas
320 2771 422 2798 norunt
447 2773 614 2806 philosophi,
633 2777 724 2800 ternas
748 2771 881 2807 theologi;
899 2771 992 2798 neutri

215 2812 314 2832 senas:
332 2815 382 2833 nec
394 2808 421 2833 in
435 2808 584 2834 virtutibus
598 2812 774 2837 consecratus
792 2807 837 2834 hic
860 2814 992 2833 numerus

1051 2210 1158 2244 μανίαν,
1171 2210 1256 2248 Θυμὸν
1273 2211 1479 2246 ἐνεργούμενον.
1496 2212 1525 2238 '0
1538 2211 1603 2246 γοῦν
1619 2212 1723 2243 ταύτας
1738 2211 1836 2238 ὑποτά-

1050 2255 1097 2288 ξας
1111 2255 1150 2290 τῷ
1165 2255 1238 2291 λόγῳ
1252 2257 1301 2288 τὰς
1316 2257 1456 2292 δυνάμεις,
1472 2257 1593 2293 εὑρήσει,
1609 2257 1659 2293 τὴν
1676 2258 1728 2293 μὲν
1741 2257 1835 2284 ἐπιθυ-

1045 2395 1098 2430 est,
1111 2392 1171 2430 ipse
1181 2391 1282 2427 alioqui
1298 2393 1325 2430 i_n
1340 2400 1369 2420 se
1380 2393 1530 2430 perfectus.
1544 2398 1572 2421 et
1585 2394 1708 2430 actionis
1727 2394 1834 2430 symbo-

1046 2426 1222 2462 lumrideirco
1237 2426 1310 2462 quod
1330 2426 1489 2455 sex‘diebus
1508 2428 1628 2456 mundus
1637 2426 1769 2457 conditus
1781 2435 1832 2460 est.

1047 2461 1162 2498 septimo
1176 2461 1261 2498 quieti
1280 2462 1400 2495 addicto,
1412 2464 1458 2498 qui
1480 2468 1524 2490 est
1535 2464 1594 2491 dies
1618 2464 1749 2497 Sabbati;
1766 2473 1834 2491 nova

1046 2496 1127 2523 nobis
1140 2497 1280 2533 creatione
1292 2497 1319 2524 in
1334 2498 1408 2525 diem
1420 2496 1598 2525 ‘Dominicum
1612 2496 1756 2533 auspicata
1774 2500 1832 2533 ejus

1047 2532 1251 2568 resurrectione
1270 2538 1417 2568 nostraque
1433 2533 1461 2560 in
1473 2533 1530 2565 illo,
1547 2541 1644 2560 versus
1659 2532 1671 2558 ἱ
1691 2542 1743 2568 per
1756 2536 1834 2568 cujus

1045 2566 1205 2604 προεόρτιον
1219 2566 1265 2604 die
1280 2566 1518 2604 magnorsabbati,
1541 2575 1602 2595 mea
1622 2566 1752 2604 relegens
1777 2566 1834 2596 haec
1870 2581 1877 2587 -

1044 2601 1226 2636 subnotabam
1237 2602 1297 2629 Kal.
1313 2601 1402 2636 April.
1422 2602 1478 2630 ind.
1493 2611 1548 2630 xvi.

1083 2635 1115 2670 (ι’)
1132 2636 1281 2670 Διάπιφον
1298 2635 1499 2671 ἀείκινησίαν.
1524 2638 1573 2665 llic
1607 2645 1708 2672 nempe
1737 2637 1831 2669 ardor,

1048 2669 1162 2706 incoque
1172 2669 1326 2705 proprietas
1342 2669 1550 2706 perfectissimae
1561 2673 1663 2700 divina:
1675 2669 1831 2699 charitatis:

1049 2705 1093 2736 Τὸ,
1110 2706 1260 2742 διαπειρον.
1274 2705 1350 2741 quod
1368 2711 1438 2739 erat,
1468 2715 1519 2734 nec
1547 2708 1633 2742 probe
1655 2707 1750 2735 Graeca
1768 2715 1829 2737 vox.

1047 2747 1098 2780 nec
1108 2740 1257 2780 quidquam
1282 2740 1355 2775 apta.
1373 2742 1447 2769 Pico.
1465 2740 1589 2778 lgnotitm
1604 2748 1759 2778 perpetuum
1774 2749 1831 2769 mo-

1046 2779 1121 2802 tum:
1138 2779 1203 2809 imo,
1221 2784 1371 2804 accensum.
