1920 3076
82 145 148 176 1255

80 199 152 233 μίαν,
168 195 243 232 αὖτῷ
258 195 403 230 γινομένην
421 195 528 230 ἡδονὴν,
555 194 626 221 κατὰ
650 194 699 229 τὴν
722 195 750 220 ὲν
768 193 858 228 χάριτι
875 195 894 223 Α

78 245 143 280 πρὸς
158 243 187 270 τὸ
201 243 277 269 Θεῖον
299 242 347 277 τῆς
369 241 457 276 ψυχῆς
472 242 605 276 ἄχραντον
620 240 796 274 συμπλοκήν
817 239 861 265 τὸν

77 291 104 317 δὲ
118 290 212 324 θυμὸν,
230 288 304 320 ζέσιν
318 288 465 322 ἀκήρατον,
482 287 530 321 τῆς
546 285 610 321 περὶ
623 285 652 311 τὸ
667 285 742 311 Θεῐον
765 284 861 318 ἡδονῆς

78 334 273 371 φρουρητικὴν,
298 333 346 359 καὶ¹
373 332 500 368 σώφρονα
522 331 630 366 μανίαν,
649 331 696 365 τῆς
721 330 790 356 κατὰ
812 328 861 364 τὴν

78 383 169 415 ἔφεσιν
185 381 237 414 τῆς
248 379 336 414 ψυχῆς
355 378 499 412 θελκτικῆς
522 377 662 411 δυνάμεως
677 375 730 402 ἀπὸ
749 375 803 401 τῶν
817 374 858 400 ὅν‹

48 432 55 435 ’
77 436 128 453 των
144 426 255 456 τελείως
274 424 450 458 ἐκστατικὴν.
470 423 574 449 Οὐκοῦν
592 423 643 453 ἕως
659 423 689 448 ἐν
708 422 774 456 ἡμῖν
788 421 802 446 ὁ
816 420 861 446 κό-

78 480 144 507 σμος
161 471 206 505 ζῇ,
225 469 272 496 καὶ
288 470 303 504 ἡ
318 469 386 503 πρὸς
400 468 434 494 τὰ
457 468 537 494 ὑλικὰ
559 467 607 501 τῆς
634 466 723 500 ψυχῆς
738 464 860 494 ἑκούσιος

78 517 176 552 σχέσις,
193 516 224 542 οὐ
243 515 285 541 δεῖ
303 514 415 545 ταύταις
430 513 559 547 παρέχειν
575 511 728 546 ἐλευθερίαν
743 511 802 541 ταῖς
817 509 861 535 δυ-

77 562 186 596 νάμεσι,
215 557 313 595 μήπως
343 560 463 594 μιγεῖσαι
483 559 538 589 τοῖς
554 557 691 592 αἰσθητοῖς
705 555 742 586 ὡς
759 554 860 590 ὁμοφύ-

76 607 140 638 λοις,
168 605 347 640 πολεμήσωσι
369 605 417 639 τὴν
439 604 540 638 ψυχὴν.
564 604 612 629 καὶ
632 602 751 629 λάϐωσιν
775 600 860 635 αὐτὴν

77 651 243 686 δορυάλωτον
268 649 455 685 γεγενημένην
484 650 542 680 τοῖς
569 648 693 680 πάθεσιν,
718 647 755 678 ὡς
777 647 859 673 πάλαι

77 697 125 732 τὴν
139 695 328 731 Ἰερουσαλὴμ,
345 696 371 721 οί
399 694 578 721 Βαϐυλώνιοι.
610 695 661 720 Τὸν
690 693 744 728 γὰρ
774 693 858 719 αἰῶνα

77 742 137 769 καθ’
151 741 260 773 ὂν¹τοῦς
283 741 449 775 ἀλλοφύλους
474 740 572 771 παῖδας
587 738 725 766 δουλεύειν
741 739 754 764 ὁ
779 737 859 772 νόμος

78 788 215 820 ἐκέλευσε,
233 788 283 823 τὴν
311 787 378 823 πρὸς
401 787 448 813 τὸν
464 788 566 822 κόσμον
582 787 686 817 τοῦτον,
703 786 786 821 ἤγουν
810 785 860 818 τὴν

78 833 217 868 παροῦσαν
230 832 313 868 ζωὴν,
327 832 473 868 γνωμικὴν
489 832 539 867 τῆς
555 832 644 867 ψυχῆς
662 831 782 865 ὲσήμανε
799 829 859 864 σχέ-

78 886 118 905 σιν
132 880 146 905 ὁ
161 879 252 913 λόγος,
277 879 322 906 διὰ
337 878 390 905 τῶν
413 878 611 914 ἱστορουμένων
629 876 808 912 παραδεικνὺς
826 876 858 902 τὰ
876 870 897 898 Β

77 923 219 957 νοούμενα.

111 1050 158 1082 νζ¹.
180 1049 334 1085 Ἦργμένον
354 1049 438 1084 λέγει,
463 1050 493 1077 τὸ
514 1051 614 1077 κακόν·
632 1051 719 1086 ἀρχὴν
735 1051 790 1087 γὰρ
804 1052 860 1086 ἔχει

77 1095 124 1130 τὴν
135 1095 214 1130 ἡμῶν
229 1095 304 1131 παρὰ
326 1095 406 1129 φύσιν
423 1096 529 1131 κίνησιν
541 1105 547 1112 ·
564 1097 613 1123 οὐκ
625 1097 762 1133 ἠργμένον
778 1097 816 1130 δὲ,
831 1097 861 1123 τὸ

77 1141 177 1174 ἀγαθόν
194 1142 245 1176 (gl'
262 1142 314 1177 πρὸ
329 1142 430 1174 παντὸς
449 1142 503 1177 γὰρ
515 1143 613 1174 αἰῶνος
624 1144 670 1169 καὶ
687 1144 794 1178 χρόνου,
810 1145 860 1177 φύ-

49 1189 54 1195 '
79 1194 118 1212 σει
135 1187 166 1213 τὸ
180 1187 294 1221 ἀγαθόν.
313 1188 417 1220 Νοητὸν
432 1187 506 1222 λέγει
523 1188 552 1214 τὸ
565 1188 678 1222 ἀγαθὸν,
696 1189 710 1215 ὃ
724 1189 765 1215 δεῖ
781 1189 860 1224 μόνον

78 1233 160 1260 νοεῖν·
180 1233 210 1259 οὺ
240 1233 333 1267 νοητὸν
353 1233 391 1264 δὲ,
409 1234 439 1260 τὸ
462 1234 556 1265 κακὸν,
575 1235 642 1269 ὅπερ
662 1235 702 1261 δεῖ
727 1235 806 1269 μόνον
824 1235 860 1270 μὴ

79 1279 145 1305 νοεῖν
157 1286 165 1293 ⁸
185 1278 268 1314 ῥητὸν
281 1279 309 1305 δὲ
323 1278 398 1312 λέγει
414 1281 444 1305 τὸ
463 1279 574 1313 ἀγαθὸν,
593 1280 659 1306 αὐτὸ
671 1280 725 1315 γὰρ
744 1280 784 1306 δεῖ
812 1281 860 1314 μό-

78 1332 120 1349 νον
135 1324 285 1350 λαλεῖσθαι.
303 1325 358 1350 Καὶ
377 1325 518 1359 γινόμενον
530 1325 604 1358 λέγει
621 1325 651 1351 τὸ
664 1325 775 1359 ἀγαθόν·
791 1325 861 1351 κατᾶ

79 1368 156 1402 φύσιν
166 1369 222 1405 γὰρ
240 1361 362 1405 ὕπαρχον
379 1370 538 1406 ἀγέννητον,
554 1370 625 1397 κατὰ
647 1371 726 1405 χάριν
739 1371 782 1397 διὰ
799 1371 857 1404 φιλ-

80 1415 236 1450 ανθρωπίαν
250 1417 315 1451 παρ’
328 1416 407 1451 ἡμῶν
424 1416 550 1450 ἀνέχεται
564 1416 700 1450 γίνεσθαι,
721 1417 789 1452 πρὸς
811 1418 860 1452 τὴν

79 1461 155 1495 ἡμῶν
168 1461 222 1488 τῶν
241 1462 389 1488 ποιούντων
407 1463 452 1489 καὶ
465 1461 618 1488 λαλούντων
633 1462 774 1493 ἐκοέωςιν,
791 1463 860 1497 ὅπερ

78 1506 118 1532 δεῖ
132 1506 286 1540 μονώτατον
301 1506 437 1541 γίνεσθαι·
454 1507 484 1533 οὐ
501 1505 661 1541 ποιούμενον
674 1506 702 1532 δὲ
721 1506 751 1532 τὸ
765 1506 859 1536 κακὸν.

79 1552 144 1588 ὅπερ
158 1553 197 1579 δεῖ
213 1553 294 1588 μόνον
312 1553 349 1588 μὴ
366 1552 501 1586 γίνεσθαι.
521 1552 643 1587 Φοαρτὸν
666 1551 740 1587 λέγει
755 1552 785 1578 τὸ
810 1561 861 1579 και
874 1543 894 1571 C

80 1598 140 1625 κον
159 1599 246 1635 φθορὰ
264 1599 318 1635 γάρ
335 1601 409 1626 ἐστιν
424 1600 441 1634 ἡ
458 1599 505 1626 τοῦ
524 1599 611 1626 κακοῦ
629 1598 721 1634 φύσις,
736 1599 861 1634 οὐδαμῶς

81 1644 139 1670 κατ’
151 1645 227 1671 οὐδὲν
242 1644 359 1679 ὓπαρξιν
371 1644 470 1678 ἔχουσα
482 1652 488 1659 ·
509 1644 647 1679 ἄφθαρτον
662 1644 690 1670 δὲ
706 1645 736 1670 τὸ
748 1644 860 1678 ἀγαθὸν,

81 1688 116 1719 ὼς
129 1690 171 1716 ἀεὶ
196 1690 236 1722 ὃν,
260 1690 308 1716 καὶ
325 1690 458 1725 μηδέποτε
480 1690 527 1716 τοῦ
546 1688 615 1716 εἶναι
631 1690 795 1724 παυόμενον,
814 1691 861 1716 καὶ

81 1736 187 1763 πάντων
199 1735 243 1768 οἷς
258 1737 412 1771 ἐγγίνηται,
425 1736 620 1771 φρουρητικόν.
634 1736 719 1762 Τοῦτο
734 1736 809 1770 γοῦν,
823 1736 861 1770 τῷ

84 1781 130 1815 μὲν
144 1781 302 1816 λογιστικῷ,
321 1781 455 1816 ζητοῦμεν
465 1790 471 1796 ·
497 1781 536 1816 τῷ
550 1781 577 1808 δὲ
591 1780 792 1816 ἐπιθυμητικῷ,
812 1789 861 1806 ποκ

67 1825 178 1862 ,θοῦμεν
190 1836 197 1842 ·
214 1828 254 1863 τῷ
270 1827 298 1853 δὲ
321 1827 439 1862 ουμικῴ,
456 1826 627 1862 φυλάττομεν
647 1827 748 1854 ἄσυλον
760 1836 766 1843 -
785 1826 823 1861 τῷ
840 1826 861 1853 δ’

82 1873 232 1909 αἰσθητικῷ
254 1874 314 1900 κατ’
338 1875 504 1909 ἐπιστήμην,
522 1874 621 1908 ἀμιγὲς
635 1874 701 1900 αὐτὸ
714 1874 768 1900 τῶν
784 1875 860 1900 ἐναν-

81 1918 143 1946 τίων
155 1920 345 1956 διακρίνομεν·
367 1920 404 1955 τῷ
418 1920 446 1945 δὲ
460 1919 615 1955 φωνητικῷ,
632 1919 774 1951 λαλοῦντες
797 1920 862 1946 αὐτὸ

81 1965 209 2000 ποιοῦμεν
233 1967 290 1997 τοῖς
317 1965 443 1999 ἀγνοοῦσι
469 1965 599 2000 φανερόψ
627 1964 728 1999 καὶτῷ
745 1965 860 2000 γονίμῳ.

81 2009 251 2046 πληθύνομεν
265 2011 330 2037 αὑτό
341 2019 348 2025 ”
381 2009 481 2045 μᾶλλον
506 2010 529 2036 δ’
552 2009 651 2044 ἀληθὲς
667 2011 764 2043 εἰπεῖν,
781 2012 861 2046 ἡμεῖς

80 2055 138 2081 κατ’
150 2056 217 2082 αὐτὸ
234 2055 437 2090 πληθυνόμεοα.

410 141 575 173 CAPITUM
592 139 1079 178 QUINQUIES‘CENTENORUM
1097 141 1294 173 CENTURIA
1317 142 1376 173 ῐΙῐ.

1632 143 1701 175 1286

912 197 995 221 tatem
1013 194 1040 221 in
1058 196 1229 230 voluptatem
1244 196 1387 229 transisse,
1407 204 1456 231 per
1473 197 1557 225 animi
1570 207 1632 226 cum
1645 199 1701 227 Deo

915 240 1087 274 impollutam
1102 241 1128 267 in
1141 241 1229 276 gratia
1240 241 1421 268 cohaesionem
1434 241 1567 275 inveniet;
1576 243 1701 278 iramque.

914 287 942 313 in
960 286 1155 314 intemeratum
1184 287 1320 314 fervorem
1334 308 1340 319 ,
1355 287 1505 322 voluptatis
1524 288 1595 316 circa
1614 290 1700 317 Deum

913 333 1061 365 vindicem,
1081 335 1261 369 sobriumqne
1286 335 1435 367 fervorem,
1468 342 1534 369 quo,
1562 335 1700 363 desiderio

912 380 1039 407 mulcens
1058 385 1086 407 et
1101 380 1261 407 illecebrosa
1285 381 1367 407 animi
1393 381 1508 408 facultas
1520 401 1527 411 ,
1552 381 1672 415 perfecte
1685 390 1700 409 a

915 426 998 453 rebus
1015 426 1133 453 excedit.
1152 426 1279 458 Quandiu
1293 427 1377 461 igitur
1390 427 1510 454 mundus
1525 427 1552 454 in
1565 428 1646 455 nobis
1657 429 1694 455 vi.

912 472 962 503 vit,
979 471 1189 506 voluntariaquc
1213 472 1298 498 animi
1321 472 1353 499 ad
1376 480 1419 499 res
1435 476 1559 500 terrenas
1578 473 1699 506 all'eetio,

913 516 1065 543 cavendum
1078 516 1158 543 nobis
1173 524 1207 542 ne
1220 516 1268 543 itas
1279 516 1354 543 vires
1367 517 1494 544 libertate
1509 517 1653 550 donemus,
1667 527 1700 546 nc

913 562 984 590 forte
1000 570 1062 589 cum
1080 562 1164 589 rebus
1181 562 1210 588 in
1228 569 1339 589 sensum
1358 563 1521 590 cadentibus
1542 565 1619 591 velut
1638 572 1699 592 cuin

914 607 1061 635 tribulibus
1075 608 1236 639 commistae,
1252 607 1372 635 animum
1388 608 1462 635 bello
1481 613 1597 642 tentent,
1610 610 1699 637 vitiis-

912 661 965 687 que
989 661 1020 680 ac
1040 653 1186 680 affectibus
1211 653 1369 680 dedititium
1396 655 1590 690 captivumque
1615 656 1699 691 (haud

912 707 991 726 secus
1013 707 1045 726 ac
1064 699 1128 726 olim
1151 700 1292 735 Babylonii
1307 700 1487 736 Jcrosolyma)
1502 702 1621 736 capiant.
1643 702 1699 729 Sae-

912 743 1004 769 culum
1027 742 1099 770 enim
1114 763 1121 774 ,
1139 751 1194 777 quo
1210 747 1267 770 toto
1283 744 1325 771 lex
1346 752 1441 772 servos
1457 746 1625 780 alienigenas
1640 754 1699 773 scr—

911 788 970 815 virc
993 793 1171 823 praeceperat,
1187 797 1245 816 eam
1257 798 1319 824 quae
1340 791 1441 818 mentis
1455 792 1593 818 sententia
1606 800 1638 819 ac
1652 800 1699 818 vo-

912 833 1028 864 luntate,
1043 833 1076 860 ad
1094 833 1227 860 mundum
1243 834 1325 861 istum
1350 835 1393 870 (ad
1411 843 1471 862 eam
1491 837 1597 864 scilicet
1616 845 1698 871 quam

913 878 940 905 in
952 886 985 905 eo
1006 878 1125 905 vivimus
1143 879 1244 914 vitam)
1263 879 1373 907 affectio
1396 888 1428 907 ac
1442 881 1528 908 libido
1549 886 1590 908 est
1602 902 1609 914 ,
1627 882 1700 909 Scri-

913 929 992 959 ptura
1004 924 1187 959 significavit;
1202 933 1251 959 per
1275 933 1306 952 ea
1320 934 1381 959 quae
1396 930 1471 960 gesta
1493 931 1652 958 narrantur,
1665 935 1698 954 ea

912 978 972 1004 qua:
993 970 1111 1005 spiritali
1125 978 1207 997 sensu
1225 970 1402 1005 intelligenda
1418 975 1493 1004 sunt,
1516 971 1608 999 obiter
1629 972 1699 999 imii-

911 1023 987 1042 CﬂllS.

946 1060 990 1087 57.
1006 1059 1106 1086 Malunt
1123 1065 1267 1095 occeptum
1284 1061 1351 1088 dicit
1367 1070 1373 1088 :
1390 1062 1491 1096 quippe
1508 1070 1570 1090 cum
1586 1063 1698 1090 innatu-

912 1105 996 1132 ralcm
1020 1110 1125 1132 motum
1153 1110 1278 1132 nostrum
1299 1107 1436 1141 originem
1461 1108 1568 1135 habeat.
1593 1109 1698 1136 Bonum

911 1157 1002 1179 autem
1014 1160 1068 1180 non
1081 1156 1240 1188 occeptum;
1252 1153 1325 1187 quod
1338 1153 1467 1180 nimirum
1476 1159 1571 1181 natura
1585 1155 1697 1187 bonum,

911 1198 984 1225 omni
999 1203 1121 1233 tempore
1137 1207 1251 1233 aevoque
1264 1199 1389 1228 anterius
1406 1203 1457 1228 csl.
1472 1200 1646 1237 lntclligibilc
1659 1201 1700 1228 di-

911 1244 948 1271 cit
963 1244 1075 1276 bonum,
1091 1245 1164 1279 quod
1182 1246 1272 1272 solum
1293 1250 1323 1272 ut
1335 1246 1521 1282 intelligamus
1536 1256 1626 1282 opcra'
1634 1257 1698 1282 prc—

911 1290 978 1316 timn
1009 1295 1138 1317 estznou
1165 1291 1337 1326 intelligibile
1362 1296 1453 1318 autem
1476 1293 1595 1322 malum.
1625 1293 1698 1328 quod

911 1335 998 1362 solum
1020 1344 1074 1362 non
1092 1337 1244 1371 intelligere
1269 1345 1316 1364 seu
1340 1338 1460 1372 cogitare
1477 1338 1557 1365 nobis
1579 1343 1697 1373 praestet.

910 1381 995 1407 Porro
1007 1381 1116 1408 fandum
1132 1387 1210 1408 vocat
1221 1383 1322 1409 bonum
1335 1402 1341 1414 ,
1359 1383 1431 1417 quod
1449 1383 1537 1418 ipsum
1551 1384 1638 1410 solum
1650 1393 1699 1411 nos

911 1426 1047 1461 loqnipar
1063 1431 1118 1460 cst,
1142 1428 1264 1462 dicitque
1280 1428 1382 1455 bonum
1398 1436 1458 1455 esse
1475 1429 1548 1463 quod
1571 1429 1610 1461 fit,
1626 1430 1700 1464 quod

911 1479 972 1497 cum
988 1476 1086 1498 natura
1101 1473 1252 1506 ingenitum
1274 1473 1309 1499 sit
1321 1481 1352 1500 ac
1370 1481 1423 1500 non
1444 1473 1558 1506 factum,
1575 1474 1610 1500 ob
1623 1482 1699 1501 sum—

912 1524 982 1543 mam
1001 1517 1209 1552 benignitatem,
1228 1523 1258 1545 ut
1272 1526 1287 1545 a
1302 1519 1393 1551 nobis,
1407 1519 1443 1546 ob
1453 1524 1576 1546 nostram
1593 1520 1641 1554 qui.
1654 1520 1696 1546 fa-

915 1562 1001 1590 cimus
1025 1567 1107 1597 atquc
1130 1564 1270 1598 loquimur
1290 1564 1500 1597 deificationem,
1515 1573 1565 1600 per
1584 1566 1700 1600 gratiam

917 1608 972 1639 fiat,
998 1609 1161 1643 propensius
1174 1609 1311 1642 admittit;
1330 1610 1403 1644 quod
1426 1618 1512 1637 unum
1530 1611 1645 1638 maxime
1668 1619 1700 1638 ac

915 1654 1162 1688 singularissimum
1186 1655 1255 1687 ﬁeri,
1274 1663 1363 1690 opera:
1388 1657 1505 1690 pretium
1523 1661 1583 1683 est:
1598 1658 1698 1684 malum

917 1707 980 1726 vero
994 1700 1067 1734 quod
1082 1708 1135 1726 non
1149 1700 1206 1731 fiat,
1222 1701 1294 1734 quod
1308 1702 1396 1727 solum
1412 1709 1467 1727 non
1480 1701 1558 1735 573
1576 1701 1634 1729 fieri
1656 1704 1700 1730 dc-

915 1749 985 1771 ceat.
1008 1744 1193 1778 Corruplibile
1218 1745 1319 1771 malum
1335 1746 1458 1772 voeitat:
1481 1751 1523 1773 est
1542 1747 1615 1773 enim
1639 1755 1700 1774 cor-

914 1789 1005 1823 ruptio
1022 1789 1084 1815 mali
1109 1794 1218 1821 natura,
1235 1797 1296 1824 qua:
1313 1791 1416 1817 nullam
1436 1798 1550 1825 prorsus
1566 1792 1699 1819 exsislen-

913 1834 976 1860 tiam
987 1838 1033 1861 aut
1047 1834 1226 1862 substantiam
1240 1835 1338 1862 habeat
1356 1844 1362 1862 :
1380 1835 1481 1863 bonum
1503 1841 1594 1863 autem
1610 1837 1699 1864 incor-

914 1878 1053 1912 ruptibilc,
1072 1882 1101 1905 ut
1117 1879 1188 1914 quod
1202 1879 1238 1906 sit
1252 1888 1369 1915 semper,
1381 1885 1408 1908 et
1419 1883 1558 1916 nunquam
1578 1890 1638 1909 esse
1652 1883 1700 1910 dc-

914 1924 994 1957 sinat,
1013 1933 1044 1952 ac
1055 1925 1156 1959 quibus
1171 1925 1250 1957 inest,
1268 1926 1481 1954 incolumitatem
1497 1935 1528 1954 ac
1541 1934 1698 1963 perennita-

915 1974 969 1996 tem
991 1970 1100 1997 tribuat.
1125 1971 1200 1998 Istud
1219 1971 1300 2007 igitur
1317 1973 1425 2007 (nempe
1444 1973 1556 2009 bonum)
1572 1974 1699 2002 facultate

913 2016 1027 2043 rationis
1046 2016 1213 2051 qurerimus;
1230 2016 1381 2052 cupiditate
1403 2026 1526 2046 amamus
1543 2027 1574 2047 ac
1590 2020 1698 2048 deside—

914 2069 1022 2094 ramus;
1039 2061 1090 2094 ira,
1107 2062 1266 2090 inviolabile
1281 2071 1440 2096 servamus;
1454 2072 1550 2092 sensus
1568 2065 1698 2093 facultate

80 2107 127 2134 per
143 2101 285 2129 scientiam
302 2109 334 2128 ac
353 2101 508 2133 solertiam,
527 2101 726 2129 incommistum
757 2103 845 2137 ipsum
865 2113 879 2132 a
899 2108 1043 2135 contrariis
1063 2108 1261 2143 discernimus;
1285 2110 1360 2137 vocis
1391 2118 1511 2145 organo,
1533 2111 1567 2138 ad
1590 2119 1637 2138 cos
1651 2112 1698 2146 qui

81 2146 213 2179 nesciant,
222 2146 705 2181 loquendomanifestamus;genitali
722 2146 862 2182 facultate,
882 2150 970 2186 ipsum
994 2153 1224 2188 multiplicamus;
1247 2162 1295 2183 seu
1329 2156 1432 2191 potius,
1449 2161 1480 2184 ut
1512 2165 1576 2184 vere
1598 2157 1697 2191 dicam,

80 2199 111 2219 ex
123 2192 184 2226 ejus
202 2199 252 2218 nos
264 2191 415 2219 rationibus
429 2193 651 2228 multiplicemur.

112 2249 165 2286 νη’.
182 2251 229 2277 Δεῖ
242 2250 288 2277 τὸν
307 2250 472 2286 Θεωρητικδν
487 2250 558 2285 νοῦν,
575 2251 752 2286 βασιλεύοντα
768 2253 821 2280 τῶν
834 2255 860 2281 ἐν

950 2256 994 2284 58.
1011 2256 1107 2292 Opera:
1132 2260 1252 2293 pretium
1267 2264 1309 2287 est
1328 2264 1448 2288 mentem
1472 2263 1697 2298 contemplationi

81 2297 134 2327 τοῖς
146 2294 206 2323 οὖσι
223 2297 366 2332 νοημάτων
383 2305 411 2323 τε
435 2297 484 2324 καὶ
507 2297 660 2333 θεαμάτων,
685 2300 733 2326 καὶ
747 2299 802 2327 τῶν
821 2301 861 2327 oi-

83 2340 161 2367 κείων
181 2341 351 2377 κινημάτων,
368 2338 424 2374 ἕξιν
445 2343 542 2377 ἄγονον
557 2343 629 2378 ἔχειν
645 2345 744 2376 κακίας
756 2353 763 2361 ο
783 2354 860 2373 τουτ-

84 2384 148 2417 ἐστι,
166 2387 267 2413 κακίαν
284 2387 352 2422 μήτε
370 2386 608 2422 συλλαμϐάνουσαν
625 2390 774 2423 παντελῶς,
793 2393 861 2425 μήτε

83 2430 242 2459 τίκτουσαν·
258 2433 300 2466 ἐφ’
313 2430 346 2468 ἧς
360 2432 441 2459 αὐτὸν
454 2431 495 2459 δεῖ
522 2433 586 2469 περὶ
600 2433 716 2467 θεωρίαν
733 2436 860 2472 κινούμε-

85 2481 127 2499 νον
149 2476 289 2511 φέρεσθαι,
307 2477 406 2511 μήπως
430 2478 622 2513 πνευματικὴν
638 2479 800 2514 ποιούμενος
814 2482 863 2515 τὴν

84 2519 136 2545 τῶν
162 2521 245 2548 ὄντων
267 2522 419 2557 διάσκεψιν,
451 2522 540 2549 λαθὼν
567 2525 704 2561 περιπέσῃ
732 2525 784 2552 τινὶ
810 2526 864 2552 τῶν

85 2567 279 2603 παραφθείρειν
307 2568 351 2595 διὰ
375 2569 447 2600 τινὸς
468 2570 522 2596 τῶν
542 2570 680 2605 αἰσθητῶν
704 2572 865 2606 πεφυκότων

129 2645 246 2684 'Dionys.
258 2650 289 2676 de
302 2651 353 2677 diu.
370 2658 440 2678 nom.

122 2722 340 2766 (gll‘llplwéror
370 2730 403 2766 td
433 2731 543 2757 κακόν·
573 2731 628 2758 οὐκ
651 2732 799 2766 ἠργμένον
830 2735 862 2761 τὸ

209 2755 217 2761 ”
223 2755 338 2803 ἀῖςριιιηι
348 2755 391 2803 ηιῇ
395 2755 448 2803 ίμχή
483 2755 583 2792 ιῖάηυηὶ
589 2755 644 2803 illi"
653 2755 826 2803 ’έᾶἶιαίηέοιιὶ
831 2755 863 2797 ἰιέ

90 2795 225 2836 gnatisque
240 2795 312 2825 clara
322 2800 396 2836 ratio
405 2795 522 2827 Maximo
538 2800 635 2836 tradita
649 2810 655 2827 τ
670 2795 742 2836 quod
758 2795 860 2831 malum

92 2831 105 2849 ει
122 2831 196 2857 nobis
212 2839 358 2868 nostraque
376 2835 577 2867 sitvoluntate;
596 2831 698 2864 bonum
719 2842 809 2865 autem
832 2839 859 2866 in

915 2300 1047 2333 deditam,
1060 2310 1120 2336 qum
1134 2304 1330 2331 exsistentibus
1345 2305 1372 2331 in
1387 2306 1468 2332 rebus
1487 2308 1648 2336 notionibus
1666 2318 1698 2337 ac

916 2348 1138 2382 speculabilibus,
1165 2350 1275 2384 suisque
1295 2350 1353 2385 ipsa
1376 2352 1496 2379 motibus
1519 2353 1696 2386 dominetur.

916 2391 1065 2419 infecundo
1081 2393 1141 2420 vitii
1160 2402 1192 2421 ac
1209 2395 1319 2422 malitiae
1336 2395 1430 2423 habitu
1455 2398 1596 2431 praeditam
1612 2407 1672 2427 esse
1689 2409 1696 2426 ε

915 2437 1052 2471 ejusmodi
1063 2438 1169 2466 scilicet
1185 2439 1291 2470 habitu,
1320 2441 1366 2475 qui
1390 2449 1442 2468 nec
1469 2442 1564 2470 vilium
1584 2451 1616 2471 ac
1640 2453 1698 2472 ma-

913 2481 1001 2509 litiam
1024 2483 1138 2510 omnino
1162 2485 1311 2520 concipiat,
1341 2488 1565 2522 nequc-pariat:
1581 2497 1635 2524 quo
1657 2490 1700 2517 in-

914 2531 1057 2562 structam,
1070 2529 1137 2556 ferri
1151 2538 1212 2558 eam
1225 2531 1304 2558 decet
1316 2537 1397 2567 atque
1409 2534 1513 2562 moveri
1530 2535 1561 2562 ad
1577 2540 1700 2563 contem—

913 2573 1080 2608 plationem;
1095 2583 1129 2603 ne
1140 2575 1211 2603 forte
1218 2577 1282 2604 dum
1296 2578 1410 2612 spiritali
1422 2587 1513 2608 rerum
1533 2581 1698 2616 inspectioni

918 2739 1034 2776 tota_sua
1043 2735 1188 2776 latitudine
1198 2737 1338 2776 abstrahat
1347 2739 1380 2766 ab
1388 2747 1420 2767 co
1431 2740 1502 2774 quod
1512 2744 1552 2767 cst
1564 2740 1696 2776 mapisse;

914 2771 993 2810 quod
1007 2771 1160 2810 sit_l'i_onutn
1177 2777 1287 2810 natura,
1301 2774 1388 2808 ipsum
1413 2771 1544 2802 retentum
1560 2771 1696 2810 Deusquc;

910 2805 1030 2843 lnsipide
1048 2805 1129 2832 Picus
1154 2810 1181 2832 et
1202 2805 1383 2843 deduci-6790);,
1402 2810 1504 2838 malum
1520 2805 1696 2843 coarctatimt,

909 2840 1004 2867 bonum
1021 2849 1071 2866 non
1086 2845 1228 2868 arctamm.
