1920 3076
234 118 301 151 1237

817 115 846 145 S.
867 115 962 145 ΜΛΧΙ
967 114 993 144 Μ
997 116 1010 145 Ι
1028 113 1282 145 CONFESSORIS

1789 107 1848 144 1938

233 173 413 210 impenditur,
427 170 587 207 imprudens
608 171 636 199 in
659 170 818 206 quempiam
837 171 1016 206 nequissimo-

1076 170 1202 205 πονηρῶν
1228 170 1402 206 πνευμάτων,
1420 168 1468 205 τὴν
1485 169 1571 204 ἁγνὴν
1596 168 1642 204 τῆς
1671 167 1783 203 καρδίας
1797 168 1847 196 διά..

233 228 295 248 rum
313 219 458 255 spirituum
471 217 583 250 incidat,
603 217 650 252 qui
663 217 755 252 aliquo
768 218 912 245 sensilinm
928 225 1021 244 rerum

233 267 361 298 incursu,
374 269 478 292 castam
494 263 587 291 cordis
612 263 814 298 dispectionem
839 271 1022 298 corrumpere

232 311 345 337 soleant.

267 356 311 383 59.
339 355 391 388 Qui
417 354 530 382 virtutis
555 359 603 382 aut
632 355 755 382 scientia:
778 355 901 388 nomine,
931 355 1021 382 inanis

230 401 324 436 gloria:
339 401 435 428 aculeo
449 401 505 428 ullo
525 401 687 428 vulneratus
707 406 760 434 est,
787 401 917 428 elationis
935 401 1020 428 animi

231 456 348 480 comam,
363 449 451 475 instar
463 448 619 480 Absalonis,
637 448 720 476 stulte
752 449 879 476 nutriens
894 449 934 481 ⁹¹;
961 451 1020 475 arte

231 495 349 522 fucatam
363 494 528 529 mistamque
549 494 623 521 velut
640 494 756 526 mulum,
782 502 834 529 qua
852 498 1021 529 spectatores

230 541 492 574 seducat,moralem
500 540 805 575 ostentatdisciplinam
825 550 831 567 :
848 549 902 575 qua
912 536 1021 568 tumens

230 591 312 622 atque
323 587 444 619 inflatus,
461 586 520 614 fore
536 587 687 620 existimat,
702 592 733 613 ut
745 587 793 622 qui
803 586 931 614 doctrina
941 586 1019 613 verbi

230 633 336 668 genuit,
354 636 496 667 parentem
522 632 652 667 subigat;
677 632 730 659 hoc
757 639 857 666 nempe
879 636 1018 666 satagens,

231 682 261 705 ut
280 681 390 705 omnem
415 678 526 705 virtutis
554 685 585 704 ae
605 677 728 705 scientiae
755 677 911 705 claritatem
930 697 936 709 ,
960 685 1021 712 qua:

229 724 324 751 divino
340 731 455 751 munere
465 722 537 758 patri
554 723 685 757 suppetit,
703 723 731 749 in
754 730 783 750 se
801 722 859 757 ipse
881 722 958 749 velut
973 729 1020 748 su-

229 769 331 804 perbus
347 768 488 804 tyrannice
504 768 661 795 transferat.
684 768 785 795 Verum
818 767 865 794 hic
883 767 945 795 talis
957 787 964 799 ,
986 767 1020 794 ad

229 814 364 842 naturalis
374 814 406 840 .in
426 814 524 848 spiritu
538 806 735 848 speculationis
749 813 805 841 lata
822 820 963 848 egressus,
985 813 1020 840 ad

1074 216 1181 251 σκεψιν.

1107 350 1156 379 νθ’.
1175 352 1204 377 '0
1232 350 1370 386 κενοδοξία
1394 350 1457 381 τινὶ,
1475 350 1507 375 δι’
1527 348 1627 383 ἀρετὴν
1643 349 1659 383 ἢ
1677 348 1776 384 ῃνῶσιν
1788 357 1848 382 τρω-

1072 398 1140 430 θεὶς,
1155 398 1204 431 τὴν
1218 398 1306 432 κόμην
1323 396 1445 432 ματαίως
1463 396 1625 430 διατρέφων,
1642 395 1766 429 καθάπερ
1779 393 1849 420 Ἀϐε-

1073 442 1170 475 σαλὼν,
1190 443 1239 478 τῆς
1257 444 1381 478 οἰήσεως,
1398 441 1664 476 ὲπιτετεχνασμένην
1690 449 1718 466 τε
1748 440 1795 467 καὶ
1812 449 1850 476 μι-

1073 489 1141 522 κτὴν
1152 488 1247 523 ὥσπερ
1259 489 1370 523 ἡμίονον
1379 488 1446 522 πρὸς
1459 488 1567 522 ἀπάτην
1580 487 1635 513 τῶν
1643 486 1798 521 θεωμένων,
1808 487 1850 522 τὴν

1072 534 1171 570 ἠθικὴν
1196 534 1380 561 ἐπιδείκνυται
1407 533 1562 560 πολιτείαν·
1583 533 1626 566 ἐφ’
1651 530 1686 568 ἦς
1708 532 1850 568 αἰωρούμε-

1072 589 1128 613 νος,
1144 580 1230 607 οἴεται
1246 580 1292 607 τὸν
1314 581 1486 615 γεννήσαντα
1498 580 1543 606 διὰ
1558 579 1607 614 τῆς
1620 579 1796 611 διδασκαλίας
1811 578 1851 604 τοῦ

1071 627 1151 661 λόγου
1177 626 1284 661 πατέρα
1309 625 1504 661 χειρώσασθαι,
1526 626 1616 652 πᾶσαν
1637 624 1798 660 βουλόμενος
1811 624 1852 659 τὴν

1071 672 1110 707 τῷ
1126 672 1210 706 πατρὶ
1227 671 1384 707 προσοῦσαν
1405 671 1498 698 θεόθεν
1522 670 1602 703 δόξαν
1625 670 1673 706 τῆς
1697 670 1800 705 ἀρετῆς
1813 670 1852 696 καὶ

1071 719 1122 754 τῆς
1135 718 1272 752 γνώσεως,
1285 718 1322 750 ὡς
1338 718 1514 753 ὑπερήφανος
1528 718 1568 750 είς
1582 717 1677 744 ἑαυτὸν
1693 717 1853 752 τυραννικῶς

1072 763 1288 799 ὲφελκύσασθαι.
1307 764 1375 790 Ἀλλ’
1392 765 1406 791 ό
1423 763 1543 795 τοιοῦτος
1564 763 1678 796 ἐξελθὼν
1695 763 1735 795 είς
1748 763 1780 789 τὸ
1793 762 1852 788 πλά-

1072 818 1118 841 τος
1141 810 1189 844 τῆς
1207 810 1235 836 ὲν
1255 809 1393 844 πνεύματι
1419 810 1538 845 φυσικῆς
1563 809 1691 844 θεωρίας,
1718 808 1788 844 πρὸς
1815 808 1853 834 τὸν

229 860 331 887 bellum
348 859 421 894 quod
430 867 481 894 pro
495 859 611 886 veritate
631 859 738 886 ratione
755 858 938 886 committitur
949 878 957 891 ,
980 858 1016 885 vi-

1073 855 1142 891 ὑπὲρ
1158 855 1289 891 ἀληθείας
1316 855 1426 889 λογικὸν
1441 856 1570 890 πόλεμον,
1584 856 1628 883 διὰ
1650 855 1699 891 τὴν
1714 855 1803 888 ζῶσαν
1818 856 1853 881 αἶ-

230 911 312 941 gente
326 906 352 933 in
364 913 398 933 eo
413 913 505 938 sensu,
520 913 535 932 e
546 905 631 933 densa
647 913 750 940 quercu
765 910 942 933 terrenarum
957 912 1021 940 spc-

231 952 413 984 culabilium,
444 959 522 978 coma
549 955 669 984 tenetur,
693 952 780 986 ipsam
807 953 916 980 inanem
939 952 1024 980 animi

229 998 381 1025 elationem
400 997 483 1024 morti
499 998 684 1025 innectentem
702 1018 709 1030 ,
737 998 893 1033 coelumque
908 999 979 1025 inter
996 1002 1024 1026 et

231 1049 344 1075 terram,
363 1043 484 1070 medium
497 1043 727 1077 suspendentem,
746 1043 862 1070 habens.
879 1043 930 1076 Qui
949 1043 1022 1070 enim

229 1089 320 1115 inanis
330 1088 423 1123 gloria:
437 1088 506 1115 vitio
520 1088 637 1120 laborat,
664 1088 753 1116 instar
777 1089 841 1116 coeli
853 1108 860 1121 ,
877 1089 1021 1116 scientiam

228 1141 284 1161 non
300 1134 393 1166 habet,
407 1141 467 1168 qua:
479 1141 589 1160 sursum
619 1133 690 1161 ferat
715 1141 730 1161 a
757 1133 920 1162 detrahente
938 1135 1021 1162 stulta

230 1180 273 1207 sui
297 1179 428 1214 opinione
447 1188 452 1205 :
470 1187 502 1206 ac
525 1187 615 1214 neque
646 1187 744 1207 rursus
766 1183 868 1207 terram
894 1180 1022 1212 (actionis

233 1225 340 1252 scilicet
365 1226 393 1252 in
423 1225 580 1252 humilitate
609 1225 707 1261 basim)
732 1234 746 1253 a
775 1233 884 1253 sursum
909 1227 1022 1254 tollente

229 1271 301 1298 fastu
329 1271 410 1306 574.
434 1278 466 1298 ac
492 1271 631 1304 elatione,
661 1271 784 1306 proclive
809 1271 1020 1306 depritnentem.

234 1316 323 1348 Hunc,
344 1317 391 1351 qui
408 1317 503 1351 genuit
519 1317 627 1348 doctor,
651 1316 831 1344 humanitatis
845 1324 937 1349 sensu,
959 1321 1022 1344 tan-

228 1370 311 1397 quam
327 1363 390 1397 pius
410 1370 442 1389 ac
465 1362 623 1397 religiosus,
641 1366 669 1390 et
692 1367 835 1390 mortuum
857 1363 948 1398 luget;
972 1363 1020 1390 Dei

229 1408 335 1435 scilicet
352 1408 490 1442 exemplo,
518 1408 616 1435 nolens
633 1412 749 1436 mortem
774 1409 928 1443 peccatoris
941 1429 948 1442 ,
972 1408 1020 1436 sed

228 1459 259 1481 ut
274 1457 451 1481 convertatur
463 1458 491 1480 et
505 1454 580 1480 vivat
598 1454 631 1479 ³³.

263 1499 308 1526 60.
325 1499 547 1533 Uniuseujusque
571 1498 693 1526 hominis
718 1499 817 1526 salutis
840 1499 950 1526 initium
975 1507 1019 1527 sa-

228 1545 331 1580 pientia
339 1548 463 1578 est;qu:e
471 1544 582 1578 quidem
597 1544 743 1579 incipiens,
757 1546 877 1580 primum
892 1545 1019 1573 timorem

227 1590 321 1622 efﬁcit,
348 1594 500 1625 posteaque
524 1598 587 1617 cum
610 1590 696 1618 fuerit
719 1595 930 1624 consummata,
948 1592 1021 1620 desi—

228 1636 336 1663 derium
360 1643 537 1671 amoremque
562 1636 716 1664 constituit.
737 1637 785 1664 Vel
810 1637 902 1672 potius
925 1637 984 1672 ipsa
1004 1646 1019 1665 a

228 1682 364 1717 principio
374 1686 486 1717 propter
497 1690 548 1710 nos
559 1682 764 1717 dispensatione
776 1683 860 1710 timor
871 1685 1017 1716 exsistens,

227 1732 258 1755 ut
272 1732 407 1754 amantem
423 1735 438 1755 a
452 1728 522 1755 vitio
535 1736 566 1755 ac
579 1729 714 1763 pravitate
733 1735 903 1764 compescat,
918 1738 949 1758 ac
957 1738 1019 1765 qua:

226 1777 321 1808 postea
338 1774 395 1808 ipsa
410 1779 523 1809 propter
544 1782 573 1801 se
587 1782 665 1801 amor
684 1779 783 1802 natura
806 1775 833 1802 in
859 1775 914 1804 ﬁne
941 1776 1019 1804 inve-

227 1820 330 1852 niatur,
350 1825 380 1846 ut
393 1828 441 1847 eos
455 1821 502 1855 qui
525 1822 585 1855 ejus
604 1821 763 1848 convictum
783 1821 868 1849 rebus
885 1822 1017 1850 omnibus

225 1865 409 1899 antiquiorem
423 1866 590 1898 habuerunt,
609 1866 726 1901 spiritali
742 1867 800 1894 risu
821 1867 978 1902 adimpleat.

261 1910 304 1938 61.
322 1910 460 1945 Sapientia
473 1916 502 1939 et
522 1912 604 1939 timor
619 1917 671 1945 est,
693 1921 755 1947 quae.
777 1914 929 1941 secundum
947 1914 1017 1950 fuga:

215 1954 360 1991 rationem
374 1975 380 1987 ,
409 1963 463 1982 non
481 1957 677 1991 appetentibus
693 1958 812 1992 privatio
825 1959 940 1986 exsistat
954 1967 962 1991 ;
986 1963 1015 1986 et

225 2008 303 2027 amor
322 2008 370 2027 seu
385 2001 565 2034 desiderium,
581 2011 643 2037 qua:
663 2003 781 2031 fruentis
801 2004 885 2031 animi
903 2005 1015 2033 habitus

225 2046 403 2081 diligentibus
421 2047 476 2074 liat.
493 2047 555 2075 Haec
567 2049 641 2075 enim
656 2050 784 2084 supplicii
807 2051 1014 2085 exspectatione

224 2099 239 2118 a
255 2092 329 2119 vitiis
342 2092 475 2126 liberans,
491 2098 519 2121 et
535 2095 662 2121 timorem
674 2095 749 2127 facit,
764 2100 792 2123 et
807 2103 928 2124 amorem
947 2105 1014 2132 ope-

225 2142 311 2169 ratur,
329 2145 389 2172 qnae
402 2138 537 2165 virtutum
556 2139 738 2173 acquisitione
752 2140 786 2167 ad
809 2141 929 2169 videnda
952 2151 1013 2177 qua:

224 2182 316 2209 futura
330 2186 405 2213 sunt,
422 2188 542 2210 mentem
560 2184 733 2212 assuefaciat.

259 2227 304 2255 62.
330 2227 426 2255 Omnis
447 2228 586 2256 confessio
608 2229 731 2257 animum
755 2229 903 2266 humiliat;
929 2233 1016 2262 altera

223 2272 347 2306 quidem,
368 2273 456 2308 gratia
471 2274 669 2308 justilicatam;
689 2276 776 2304 altera
799 2285 876 2310 vero,
898 2279 1015 2313 propria

224 2317 324 2345 mentis
340 2318 457 2353 ignavia,
482 2327 557 2346 reatu
572 2320 658 2354 ipsam
669 2320 782 2349 docens.

257 2406 301 2432 65.
318 2405 505 2435 Confessionis
528 2409 629 2443 duplex
655 2414 698 2437 est
719 2411 789 2438 ratio
804 2420 811 2437 :
827 2411 912 2440 altera
924 2433 930 2445 ,
949 2421 1010 2448 quae

223 2452 373 2486 gratiarum
391 2453 509 2482 actionis
535 2462 616 2482 causa
639 2456 673 2483 ob
697 2456 769 2484 bona
795 2459 916 2492 prastita
940 2459 1007 2493 fiat;

223 2498 309 2524 altera
322 2518 329 2529 ,
348 2506 407 2533 qum
424 2499 533 2526 dicatur
559 2500 591 2527 ad
611 2502 752 2536 arguenda
773 2511 805 2530 ac
827 2505 1008 2533 examinanda

224 2546 329 2576 patrata
349 2544 429 2571 mala.
445 2545 564 2572 Vocatur
585 2547 658 2573 enim
676 2547 822 2581 confessio,
843 2554 899 2576 tum
924 2550 1009 2578 bene-

223 2587 347 2614 liciorum
357 2588 480 2622 quibusa
491 2590 547 2617 Deo
563 2590 652 2618 aﬂ‘ecti
668 2599 773 2625 sumus,
781 2601 842 2620 cum
860 2595 1009 2629 gratiarum

223 2631 331 2659 actione
341 2635 578 2666 commemoratio,
601 2640 658 2662 tum
673 2637 743 2664 male
757 2634 907 2672 gestorum,
925 2641 959 2668 ab
976 2641 1010 2668 iis

222 2678 269 2712 qui
284 2678 322 2705 rei
338 2684 412 2711 sunt,
431 2679 501 2707 facta
522 2682 671 2717 evulgatio.
696 2684 816 2719 Utraque
842 2686 915 2713 enim
935 2687 1010 2722 ejus-

223 2724 296 2750 modi
307 2730 370 2752 sunt
381 2732 441 2760 qua:
452 2726 582 2754 humilem
595 2736 704 2756 sensum
717 2730 835 2764 pariant.
852 2732 920 2760 Tum
934 2734 1008 2762 enim

256 2813 279 2829 ἰ
296 2814 319 2841 ll
338 2815 404 2851 Reg.
420 2825 494 2849 xvm,
513 2818 540 2845 9.
579 2820 601 2835 9*
617 2820 718 2847 Ezech.
736 2829 811 2855 an,
827 2822 870 2850 52.

1075 903 1182 938 σθησιν,
1198 903 1237 938 τῷ
1258 903 1335 930 δάσει
1363 903 1414 937 τῆς
1439 902 1519 937 δρυὸς
1531 902 1585 929 τῶν
1599 902 1702 929 ὑλικῶν
1717 902 1852 938 θεαμάτων

1074 950 1217 984 κρατεῖται
1243 949 1293 984 τῆς
1317 948 1418 984 κόμης,
1451 948 1537 983 αὐτὴν
1565 947 1635 983 ἔχων
1660 948 1853 983 συνδεσμοῦσαν

1073 996 1143 1030 πρὸς
1159 994 1286 1027 θάνατον,
1303 995 1353 1030 τὴν
1369 995 1494 1021 διάκενον
1509 994 1609 1029 οἴησιν,
1625 994 1674 1028 τὴν
1690 993 1853 1029 κρεμνοῦσαν

1073 1040 1153 1067 αὐτὸν
1164 1040 1302 1076 ἀναμέσον
1314 1039 1361 1066 τοῦ
1378 1038 1506 1075 οὐρανοῦ,
1521 1039 1570 1066 καὶ
1586 1039 1723 1073 ἀναμέσον
1738 1039 1790 1074 τῆς
1801 1040 1851 1073 γῆς.

1073 1087 1111 1113 Οὐ
1129 1087 1184 1121 γὰρ
1201 1086 1258 1121 ἔχει
1274 1085 1376 1120 γνῶσιν
1395 1087 1409 1112 ό
1434 1085 1584 1119 κενόδοξος,
1600 1085 1726 1119 καθάπερ
1750 1085 1852 1120 οὐρανὸν

1072 1131 1239 1158 ἀνέλκουσαν
1255 1131 1338 1158 αὑτὸν
1353 1131 1404 1166 τῆς
1428 1131 1615 1166 κατασπώσης
1641 1131 1760 1166 οἰήσεως
1772 1139 1780 1146 ·
1807 1131 1852 1158 οὐδ’

1072 1175 1108 1204 αὖ
1123 1176 1206 1203 πάλιν
1226 1177 1289 1211 γῆν,
1306 1177 1356 1212 τὴν
1382 1176 1411 1203 ὲν
1427 1177 1460 1212 τῇ
1485 1175 1653 1203 ταπεινώσει
1682 1175 1757 1210 λέγω
1787 1175 1852 1210 βάσιν

1071 1224 1122 1258 τῆς
1138 1224 1276 1259 πράξεως,
1297 1224 1486 1250 καθέλκουσαν
1514 1223 1595 1250 αὑτὸν
1617 1223 1668 1258 τῆς
1697 1223 1853 1256 ἁνασπώπης

1073 1269 1233 1306 φυσιώσεως
1246 1279 1253 1285 ”
1272 1271 1302 1297 ὃν
1328 1270 1423 1298 πενθεῖ
1439 1270 1487 1297 καὶ
1512 1270 1628 1297 θανόντα
1647 1270 1692 1296 διὰ
1708 1269 1854 1305 φιλανθρω-

1072 1317 1137 1343 πίαν
1153 1317 1190 1349 ὡς
1207 1316 1330 1351 φιλόθεος
1348 1318 1361 1344 ὀ
1382 1317 1518 1352 γεννήσας
1543 1315 1716 1357 διδάσκαλος,
1749 1317 1853 1352 μιμήσει

1072 1363 1152 1395 θεοῦ,
1185 1363 1222 1398 μὴ
1249 1363 1413 1398 βουλόμενος
1429 1363 1475 1389 τὸν
1492 1363 1607 1390 θάνατον
1620 1362 1669 1389 τοῦ
1685 1361 1853 1398 ἁμαρτωλῷ,

1071 1409 1109 1441 ὼς
1123 1409 1153 1436 τὸ
1169 1409 1344 1444 ἐπιστρέψαι,
1361 1410 1408 1436 καὶ
1423 1409 1472 1444 ζῇν
1484 1409 1576 1435 αὐτόν.

1109 1497 1140 1532 ξ’.
1164 1498 1248 1534 Ἀρχὴ
1272 1499 1318 1525 καὶ
1343 1498 1420 1530 τέλος
1435 1499 1494 1525 ἐστὶ
1509 1499 1559 1533 τῆς
1574 1499 1694 1526 ἑκάστου
1712 1499 1853 1535 σωτηρίας,

1033 1528 1054 1557 C
1072 1545 1089 1580 ἡ
1114 1528 1327 1580 σοφία-’.φόϐον
1356 1528 1568 1580 μὲν-ἀρχομένη
1594 1545 1703 1580 πρῶτον
1730 1528 1854 1580 δηιὶἱηυρ-

1071 1590 1167 1624 γοῦσα,
1184 1590 1231 1617 καὶ
1255 1590 1337 1618 πόθον
1353 1591 1468 1625 ὕστερον
1483 1591 1662 1626 τελειουμένη
1686 1592 1854 1618 συνιστῶσα”

1073 1635 1173 1671 μᾶλλον
1191 1635 1220 1662 δὲ
1233 1636 1318 1670 φόϐος
1331 1636 1400 1671 αὑτὴ
1417 1637 1478 1663 κατ’
1493 1637 1579 1672 ἀρχὰς
1591 1637 1624 1663 δι’
1637 1638 1711 1672 ἡμᾶς
1724 1638 1854 1672 οἰκονομι-

1071 1682 1127 1714 κῶς
1141 1682 1282 1718 γινομένη,
1300 1683 1343 1709 ῑνα
1365 1683 1456 1719 παύσῃ
1483 1683 1583 1715 κακίας
1605 1684 1652 1710 τὸν
1667 1684 1800 1720 ἐραστὴν,
1815 1686 1854 1710 καὶ

1071 1728 1154 1760 πόθος
1170 1727 1282 1763 ὕστερον
1293 1729 1417 1762 φυσικῶς
1431 1729 1616 1765 εὑρισκομένη
1633 1729 1666 1756 δι’
1675 1730 1778 1766 ἑαυτὴν
1794 1730 1853 1756 κατὰ

1069 1772 1099 1800 τὸ
1112 1773 1199 1813 τέλος,
1213 1773 1257 1801 ἵνα
1273 1774 1405 1810 πληρώσῃ
1418 1774 1537 1808 γέλωτος
1550 1775 1658 1810 νοητοῦ,
1673 1776 1740 1808 τοὺς
1751 1776 1801 1811 τὴν
1811 1776 1853 1802 σὺ·

1068 1819 1117 1854 τῆς
1133 1819 1242 1847 πάντων
1256 1819 1310 1846 τῶν
1324 1819 1410 1847 όντων
1422 1819 1626 1857 ὰλλαξαμένους
1641 1829 1672 1848 συ
1677 1822 1806 1857 μϐίωσιν.

1103 1906 1154 1940 Ea’.
1172 1908 1206 1934 'H
1221 1908 1302 1942 σοφία
1318 1908 1366 1935 καὶ
1380 1909 1463 1943 φόϐος
1482 1908 1551 1941 ἐστὶ,
1567 1908 1639 1936 κατὰ
1654 1909 1704 1945 τὴν
1715 1909 1851 1944 ἀποφυγὴν

1066 1954 1198 1990 γινομένη
1230 1955 1368 1991 στέρησις,
1395 1946 1453 1987 τοῖς
1479 1956 1529 1982 οὐκ
1547 1956 1726 1992 ὀρεγομένοις
1756 1958 1848 1992 αὐτῆς·

1066 2001 1113 2027 καὶ
1127 2001 1209 2033 πόθος
1236 2002 1323 2034 ἐστὶν,
1336 2001 1394 2034 ἕξις
1410 2002 1613 2036 ἀπολαυστικῆς
1627 2003 1773 2038 ἐνεργείας
1786 2003 1851 2038 εὑρι-

1066 2048 1186 2083 σκομένη
1203 2049 1260 2079 τοῖς
1273 2047 1420 2082 ἀγαπῶσιν
1435 2048 1530 2082 αὐτήν.
1544 2047 1618 2083 Αὕτη
1632 2048 1689 2083 γὰρ
1706 2049 1795 2075 ἐλπίδι
1811 2056 1850 2074 κο-

1065 2092 1169 2124 λάσεως
1183 2092 1277 2120 παθῶν
1298 2093 1522 2126 ἀπαλλάσσουσα,
1540 2094 1588 2119 καὶ
1603 2093 1687 2127 φόϐον
1704 2095 1792 2120 ποιεῖ’
1809 2093 1849 2120 καὶ

1065 2139 1146 2166 πόθον
1161 2139 1318 2174 ἐργάζεται,
1332 2140 1365 2175 τῇ
1383 2139 1437 2165 τῶν
1452 2138 1558 2174 ἀρετῶν
1570 2139 1716 2175 ὲπικτήσει
1733 2140 1779 2167 τὸν
1794 2140 1849 2166 νοῦν

1030 2197 1052 2225 D
1065 2184 1190 2216 ἐθίζουσα
1207 2184 1317 2219 βλέπειν
1329 2185 1363 2212 τὰ
1379 2185 1521 2220 μέλλοντα.

1101 2229 1150 2264 ξβ’.
1166 2230 1244 2257 Πᾶσα
1271 2230 1476 2267 ἐξομολόγησις,
1496 2235 1621 2260 ταπεινοῖ
1640 2235 1692 2270 τὴν
1715 2235 1817 2270 ψυχήν·
1833 2234 1847 2268 ἡ

1065 2274 1125 2310 μὲν,
1141 2275 1233 2311 χάριτι
1246 2276 1315 2303 Θεοῦ
1329 2277 1537 2305 δικαιωθεῖσαν·
1555 2280 1572 2314 ἡ
1589 2280 1628 2312 δὲ,
1647 2281 1772 2317 ῥᾳθυμίᾳ
1785 2280 1847 2316 γνὼσ

1066 2329 1120 2356 μης
1129 2321 1234 2353 οἰκείας
1262 2322 1305 2348 ἐπ’
1322 2322 1492 2358 ἐγκλήμασιν
1516 2324 1693 2361 ἑνεχομένην.
1710 2328 1792 2362 αὐτὴν
1811 2328 1848 2353 ἐκ-

1062 2367 1236 2395 διδάσκουσα.

1099 2412 1149 2447 ξγ’.
1164 2414 1256 2445 Διττὺς
1268 2415 1282 2440 ό
1295 2415 1344 2450 τῆς
1359 2415 1581 2452 ὲξομολογήσεως
1592 2419 1672 2453 λόγος
1685 2429 1691 2435 -
1707 2422 1722 2447 ὁ
1738 2421 1795 2456 μὲν,
1808 2421 1846 2448 ἐπ’

1063 2457 1224 2493 εὐχαριστίᾳ
1239 2459 1294 2486 τῶν
1315 2460 1509 2497 δεδωρημένων
1524 2463 1637 2497 ἀγαθῶν
1653 2466 1811 2500 γινόμενος·
1836 2467 1848 2492 ὁ

1062 2503 1100 2536 δὲ,
1118 2504 1162 2530 ἐπ’
1179 2504 1284 2540 ἐλέγχῳ
1311 2506 1358 2533 καὶ
1373 2507 1485 2542 ἐτασμῷ
1507 2507 1562 2534 τῶν
1581 2510 1678 2542 κακῶς
1693 2512 1847 2547 πεπραγμέ-

1062 2558 1115 2576 νων
1127 2549 1285 2585 λεγόμενος.
1310 2551 1521 2589 Ἐξομολόγησις
1538 2555 1592 2590 γὰρ
1617 2555 1740 2590 λέγεται,
1765 2560 1809 2584 καὶ
1831 2559 1845 2592 ή

1058 2596 1111 2622 τῶν
1126 2594 1155 2623 εὖ
1172 2597 1346 2625 πεπονθότων
1363 2599 1421 2634 μετ’
1436 2600 1613 2636 εὐχαριστίας
1628 2603 1683 2630 τῶν
1702 2600 1779 2632 θείων
1803 2605 1842 2630 εὐ-

1058 2642 1192 2678 εργεσιῶν
1205 2644 1403 2680 ἀπαρίθμησις,
1420 2647 1465 2673 καὶ
1477 2648 1494 2682 ἡ
1511 2647 1565 2675 τῶν
1578 2650 1674 2682 κακῶς
1688 2652 1844 2687 πεπραγμέ-

1058 2697 1111 2716 νων
1128 2690 1205 2725 παρὰ
1224 2691 1278 2718 τῶν
1291 2692 1425 2720 ὑπαιτίων
1439 2693 1631 2730 ὲξαγόρευσις·
1651 2698 1789 2733 ἀμφότερα
1805 2698 1841 2727 δὲ.

1058 2736 1252 2770 ταπεινώσεως
1265 2738 1384 2775 ὑπάρχει
1399 2741 1539 2776 ποιητικά.
1565 2741 1600 2771 '0
1613 2752 1644 2770 τε
1658 2743 1713 2781 γὰρ
1728 2744 1768 2772 ἐπ’
1780 2745 1842 2778 ἀγα·
