1920 3076
141 128 198 162 1289

448 129 614 161 CAPITUM
632 130 842 168 QUINQUIES
860 131 1118 163 CENTENORUM
1136 131 1326 162 CENTURIA
1350 131 1407 161 III.

1680 134 1746 168 1290

140 186 187 217 tot;
201 183 370 219 εὐχαριστῶν
384 183 462 220 ὁμοῦ,
481 186 527 212 καὶ
540 186 554 212 6
565 187 609 213 ἐπ’
626 186 796 222 ἐγκλήμασιν
813 185 908 218 ἐταζό-

974 187 1006 222 lui
1024 186 1059 214 ob
1073 186 1143 214 dona
1159 187 1257 214 collata
1275 186 1375 222 gratias
1388 185 1453 221 agit.
1479 194 1509 213 se
1525 186 1663 221 humiliat,
1688 194 1747 217 tum

139 239 216 267 μενος.
230 229 427 257 ταπεινοῦται·
452 232 466 258 6
491 232 549 267 μὲν,
566 233 661 259 ἑαυτὸν
677 233 786 265 ἀνάξιον
809 233 911 268 κρίνων

137 277 185 304 τῶν
196 276 323 304 δοθέντων
337 276 438 304 καλῶν·
452 278 467 304 6
484 277 524 309 δὲ,
538 278 632 306 λαϐεῖν
643 279 739 314 ἄφεσιν
753 279 809 305 τῶν
822 278 912 314 πλημ-

138 322 301 358 μεληθέντων
314 322 452 358 δεόμενος.

168 368 210 402 ξδ’.
222 369 258 395 Τὸ
270 368 320 404 τῆς
331 369 522 405 ὑπερηφανίας
535 370 630 402 πάθος,
646 372 678 397 ὲκ
692 371 738 398 δύο
748 371 913 406 συνέστηκεν

136 414 251 450 ἅγνοιῶν.
270 414 322 454 Δύο
344 416 372 442 δὲ
391 415 567 443 συνελθοῦσαι
588 418 654 452 πρὸς
680 417 777 444 ἕνωσιν
793 418 910 451 ἄγνοιαι,

138 461 195 497 μίαν
209 461 339 497 φρόνησιν
350 462 556 497 συγκεχυμένην
567 462 740 491 ἀποτελοῦσι.
756 463 844 494 Μόνος
858 464 912 499 γὰρ

136 507 228 538 ἐκεῖνός
240 508 314 534 ἐστιν
327 507 510 542 ὑπερήφανος,
527 509 541 534 ὁ
557 508 604 534 καὶ
623 508 671 543 τὴν
685 509 759 535 θείαν
776 509 911 544 βοήθειαν,

135 552 177 579 καὶ
199 553 246 588 τὴν
275 552 450 588 ἀνθρωπίνην
476 554 611 589 ἀγνοήσας
638 554 790 581 ἀσθένειαν.
809 554 913 582 Οὐκοῦν

135 599 302 634 ὑπερηφανία
321 599 390 632 ἐστὶ,
415 600 491 632 θείας
514 600 561 626 καὶ
586 599 761 636 ἀνθρωπίνης
786 600 913 634 γνώσεως

136 646 267 681 στέρησις.
284 646 323 680 Τῇ
355 646 409 681 γὰρ
433 646 487 673 τῶν
506 646 613 682 ἀληθῶν
638 646 731 682 ἄκρων
764 646 912 681 ἀποφάσει,

136 691 180 726 μία
195 692 240 718 καὶ
253 691 354 729 ψευδὴς
370 692 486 727 ὑπάρχει
501 692 666 726 κατάφασις.

166 735 210 769 ξέ.
241 737 273 763 Ἦ
298 737 447 769 κενοδοξία,
476 737 578 764 σκοποῦ
607 737 655 773 μὲν
679 737 727 764 τοῦ
753 737 825 764 κατὰ
848 737 914 764 Θεόν

133 782 202 808 ἔστιν
224 781 372 814 ἔκστασις·
407 782 476 817 πρὸς
502 782 531 809 δὲ
556 783 635 810 ἄλλον
662 783 764 810 σκοπὸν
781 784 914 819 παρὰτὺν

133 826 201 854 θεῖον
228 827 346 863 ὑπάρχει
374 828 535 863 μετάϐασις.
559 828 703 861 Κενόδοεος
727 828 781 864 γάρ
799 830 884 862 ἐστιν,
900 830 914 856 6

133 873 179 908 τῆς
193 874 306 906 οικείας,
331 873 399 900 ἀλλὰ
425 874 463 910 μὴ
481 874 530 909 τῆς
555 873 630 906 θείας
656 875 737 901 ἕνεκα
762 875 852 910 δόξης,
866 875 915 911 τὴν

132 918 228 954 ἀρετὴν
245 918 425 954 ἐπιτηδεύων,
441 919 488 946 καὶ
509 919 600 951 πόνοις
622 919 732 951 οίκείοις
749 920 814 952 τοὺς
827 920 856 954 ἐξ
871 921 916 948 ἀν-

134 963 247 1000 θρώπων
262 964 465 996 ἀνυποστάτους
480 964 609 996 ἐπαίνους
623 965 693 992 ὼνού
699 974 791 1001 μενος.

165 1009 218 1041 ξς’.
241 1009 270 1036 '0
295 1010 538 1046 ὰνθρωπάρεσκος,
566 1011 655 1046 μόνων
673 1012 847 1048 ἐπιμελεῖται
861 1011 916 1040 τῶν

123 1055 301 1090 φαινομένων
316 1055 399 1090 ὴθῶν,
416 1056 463 1083 καὶ
479 1057 532 1094 μὴν
546 1059 594 1085 καὶ
608 1058 687 1093 λόγου
706 1057 753 1084 τοῦ
776 1058 891 1090 κόλακος
906 1066 915 1074 ·

132 1099 175 1126 ἵνα
189 1100 247 1131 τοῖς
265 1100 314 1134 μὲν
336 1099 385 1135 τὴν
399 1100 495 1136 ὅρασιν
504 1122 512 1134 ,
525 1101 565 1137 τῷ
585 1102 614 1129 δὲ
635 1102 684 1137 τὴν
696 1102 781 1138 ἀκοὴν
793 1103 918 1138 σφετερί-

131 1145 221 1179 ζηται,
242 1144 297 1171 τῶν
314 1145 405 1180 μόνοις
424 1146 561 1181 ἡδομένων
585 1148 601 1182 ἢ
627 1147 675 1174 καὶ
692 1147 917 1183 καταπληττομέ-

130 1198 182 1217 νων
195 1192 263 1226 «τοῐς
280 1192 453 1226 φαινομένοις
471 1201 502 1219 τε
518 1193 565 1220 καὶ
580 1194 768 1228 ἀκουομένοις,
783 1194 830 1219 καὶ
848 1193 918 1230 μόνῃ

130 1237 162 1270 τῇ
178 1235 307 1271 αἰσθήσει
324 1237 551 1272 περιγραφόντων
563 1237 612 1273 τὴν
642 1238 756 1273 ἀρετήν.
778 1237 919 1273 Ἀνθρωπ-

129 1282 279 1317 αρέσκειαν
293 1280 339 1308 οὖν
356 1291 457 1317 φαμεν,
482 1283 531 1318 τὴν
552 1282 590 1314 ὡς
605 1283 647 1309 ἐπ’
661 1284 744 1318 ἀρετῇ
761 1282 794 1309 δι’
814 1282 920 1319 ivi)de-

130 1335 198 1358 πους
215 1327 364 1362 γινομένην
379 1327 433 1354 τῶν
446 1328 518 1363 ᾑθῶν
530 1337 559 1354 τε
575 1328 661 1362 λόγων
675 1327 817 1360 ἐπίδειξιν.

164 1457 215 1490 5;".
236 1457 397 1493 Ύπόκρισίς
421 1459 490 1489 ἐστι,
516 1457 608 1492 φιλίας
624 1458 806 1493 προσποίησις
817 1465 825 1473 ο
842 1457 858 1494 ἢ
874 1458 919 1493 μῖ-

128 1513 186 1536 σος,
216 1504 340 1538 σχήματι
367 1503 460 1538 φιλίας
487 1503 750 1539 κεκαλυμμένονθῆ
774 1503 869 1539 ἔχθρα,
885 1503 919 1530 δι’

127 1549 239 1581 εὐνοίας
254 1550 442 1585 ἐνεργουμένη
454 1558 461 1566 ·
478 1550 493 1585 ἢ
508 1549 615 1583 φθόνος,
631 1549 741 1585 ἀγάπης
755 1549 919 1586 χαρακτῆρα

127 1595 323 1631 μιμούμενος·
351 1595 371 1631 ῆ¹
396 1595 465 1630 βίος,
494 1595 594 1630 ἀρετῆς
624 1595 777 1631 πλάσματι,
803 1595 862 1622 ἀλλ’
888 1596 919 1622 οὐ

114 1642 278 1677 ,πράγματι
291 1641 322 1667 τὺ
338 1641 451 1675 κόσμιον
465 1640 545 1675 ἔχων·
556 1640 574 1676 ἢ
585 1640 758 1676 δικαιοσύνης
773 1642 921 1677 προσποίη-

131 1695 188 1718 σις,
216 1688 252 1722 τῇ
270 1685 317 1712 τοῦ
333 1684 401 1712 εἶναι
417 1686 526 1721 δοκήσει
540 1687 745 1721 συντηρουμένη
759 1694 765 1701 ·
783 1686 799 1721 ἢ
817 1687 919 1722 ἀπάτη,

124 1732 264 1768 ἀληθείας
284 1730 386 1765 ἔχουσα
412 1731 553 1765 μόρφωσιν
564 1739 570 1745 ·
589 1731 622 1765 ἦν
637 1732 661 1756 οἱ
675 1731 720 1756 τὸν
737 1731 797 1764 ὅφιν
814 1732 846 1765 τῇ
866 1730 921 1757 τῶν

122 1778 202 1814 ἠθῶν
219 1776 378 1812 σκολιότητι
399 1776 576 1811 μιμούμενοι,
595 1776 814 1810 ἐπιτηδεύουσιν.

159 1867 216 1903 En’.
241 1867 276 1893 Ἥ
292 1866 346 1893 τῶν
362 1865 446 1892 ὄντων
472 1864 557 1896 αἰτία,
583 1864 630 1890 καὶ
644 1863 698 1890 τῶν
723 1865 752 1891 ὲν
774 1865 830 1896 τοῖς
847 1861 922 1890 οὖσιν

121 1913 257 1948 ἀγαθῶν,
274 1912 349 1938 ἐστὶν
368 1912 382 1938 6
397 1911 473 1942 Θεός.
494 1910 523 1937 '0
537 1909 628 1936 τοίνυν
645 1910 709 1945 περὶ
722 1909 772 1945 τὴν
785 1909 886 1946 ἀρετὴν
900 1909 917 1944 ἢ

119 1959 174 1993 τὴν
190 1957 299 1992 γνῶσιν
312 1955 503 1990 ἐπαιρόμενος,
522 1953 569 1981 καὶ
585 1953 622 1989 μὴ
639 1953 679 1988 τῷ
704 1954 796 1989 μέτρῳ
819 1953 869 1988 τῆς
892 1953 922 1979 ἓν

120 2003 225 2039 χάριτι
253 2001 355 2036 ἀρετῆς
381 1999 441 2035 ἦτοι
466 1998 619 2034 προκοπῆς,
646 1996 922 2031 συνεπεκτείνωντῆς

117 2048 235 2079 οἰκείας
252 2045 394 2077 ἀσθενείας
407 2045 456 2080 τὴν
473 2043 710 2079 ἐπιγνωμοσύνην,
727 2042 757 2069 τὸ
771 2043 820 2078 τῆς
836 2043 921 2077 ὑπερ-

117 2094 255 2131 ηερανίας
270 2092 354 2118 κακὸν
371 2092 401 2118 οὺ
416 2091 553 2124 διέφυγεν.
571 2089 601 2116 '0
614 2090 642 2116 δὲ
656 2089 735 2124 δόξης
748 2089 840 2115 ἕνεκεν
856 2088 924 2120 ἰδίας

115 2141 150 2168 τὸ
167 2140 266 2167 καλὸν
279 2138 456 2172 ἐπιτηδεύων,
472 2137 568 2163 ἑαυτὸν
583 2136 630 2163 τοῦ
641 2136 709 2162 Θεοῦ
730 2136 924 2171 προτετίμηκε,

114 2187 160 2222 τῷ
176 2186 236 2220 τῆς
254 2183 409 2215 κενοδοξίας
424 2183 481 2218 ἥλῳ
508 2183 684 2218 περιπαρείς.
706 2182 736 2208 ’0
760 2181 798 2207 δὲν
813 2181 880 2216 προς
895 2181 925 2207 τὸ

115 2230 272 2265 θεαθῆναι
295 2228 350 2259 τοῖς
366 2226 532 2262 ἀνθρώποις,
560 2227 646 2254 ποιῶν
666 2227 682 2263 ἢ
709 2226 798 2254 λαλῶν
822 2227 859 2262 (Ιι)
873 2227 923 2261 τὴν

115 2277 252 2314 ἀρετὴν,
265 2274 316 2308 τῆς
333 2273 407 2305 θείας
421 2273 510 2309 πολλῷ
525 2273 574 2309 τὴν
591 2273 765 2309 ἀνθρωπίνην
788 2272 924 2308 ἀποδοχὴν

116 2322 305 2359 ὑπερέθηκε,
334 2320 373 2355 τῷ
395 2320 446 2354 τῆς
469 2319 731 2356 ἀνθρωπαρεσκείας
748 2319 829 2346 πάθει
843 2328 924 2354 νοση-

114 2369 303 2404 λευόμενος’
322 2367 337 2393 6
363 2366 391 2392 δὲ
419 2366 499 2401 μόνον
514 2367 547 2401 τῇ
572 2366 632 2393 κατ’
656 2365 756 2401 ἀρετὴν
780 2365 925 2400 σεμνότητι

115 2415 195 2451 πρὸς
215 2412 333 2447 ἀπάτην
348 2411 508 2446 κακούργως
522 2411 679 2446 ἐπιχρώσας
694 2411 729 2437 τὰ
740 2411 805 2447 ἢθη,
819 2411 866 2437 καὶ
876 2410 926 2445 τὴν

114 2459 262 2496 ’πονηρὰν
280 2458 329 2493 τῆς
344 2457 457 2493 γνώμης
481 2457 600 2484 διάθεσιν
616 2457 656 2492 τῷ
682 2457 838 2492 φαινομένῳ
861 2458 928 2491 σχη-

113 2516 196 2545 ματι
214 2504 372 2533 καλύπτων
388 2505 438 2540 τῆς
455 2504 608 2536 εὐλαϐείας,
632 2503 671 2539 τῷ
695 2503 745 2538 τῆς
758 2504 929 2539 ὑποκρίσεως

111 2555 282 2590 ἐξωνεῖται
296 2551 365 2586 δόλῳ
384 2552 432 2586 τὴν
444 2552 554 2587 ἀρετήν.
571 2551 676 2578 Οὐκοῦν
701 2552 715 2577 6
736 2550 866 2582 τοιοῦτος,
883 2549 927 2576 ἐπ’

112 2601 196 2629 ἄλλα.
215 2597 302 2633 παρὰ
314 2597 362 2633 τὴν
378 2597 468 2624 αἰτίαν
490 2597 606 2624 ἑκάστου
623 2596 726 2623 τούτων
740 2596 867 2632 ἀπήγαγε
882 2595 928 2622 τὸν

113 2656 172 2675 σκο
176 2646 217 2673 πό
220 2654 237 2671 ν
243 2666 250 2672 .

155 2692 216 2726 ξίν,
235 2692 245 2701 ⁸
265 2689 360 2720 Οὐδεὶς
375 2688 427 2715 τῶν
442 2688 567 2724 πονηρῶν
579 2688 723 2724 δαιμόνων,
740 2688 786 2715 τοῦ
802 2687 928 2723 ἐναρέτου

157 2753 168 2764 '
185 2751 237 2780 Cf.
253 2748 293 2776 ad
305 2748 426 2775 Thalass.
439 2755 466 2781 q.
480 2747 523 2774 56.

169 2797 202 2830 ll)
228 2793 333 2824 Ποιῶν
346 2795 362 2828 ἣ
376 2794 488 2822 λαλῶν.
502 2794 569 2821 Male
580 2794 662 2822 editis
680 2795 776 2830 δοκῶν,
802 2795 874 2830 quod
901 2799 929 2823 et

169 2800 189 2826 Ιι
228 2799 333 2824 Honor
346 2799 362 2828 ἢ
376 2799 488 2822 λάλων.
502 2799 569 2821 Male
580 2799 662 2822 editis
680 2799 776 2826 δοκων,

113 2799 258 2865 τιεθιίίέιέ
274 2836 390 2857 conatus
403 2835 455 2863 est,
471 2830 582 2856 Exercet
595 2834 640 2856 aut
657 2829 776 2857 simulat.

291 2877 424 2907 ΡΑϊιιοι.
450 2876 507 2907 Gn.
532 2877 593 2907 XC.

962 230 1009 265 qui
1026 230 1198 257 examinatur
1212 230 1247 257 oh
1263 233 1368 265 patrata
1385 229 1517 263 crimina;
1531 235 1649 265 quorum
1664 233 1746 266 alter,

963 276 1083 311 acceptis
1106 276 1188 304 bonis
1208 276 1351 311 indignum
1380 283 1409 303 se
1433 276 1555 311 iudicet;
1579 277 1648 306 alter
1669 286 1746 312 vero,

965 322 1071 350 veniam
1087 322 1250 350 delictorum
1266 322 1391 356 accipere
1408 321 1521 357 ﬂagitet.

998 369 1043 396 64.
1059 367 1202 403 Superbiae
1228 368 1326 395 vitium
1349 375 1382 395 ex
1403 367 1507 403 duplici
1530 373 1640 396 constat
1670 370 1748 406 igno-

963 415 1063 443 rantia.
1087 415 1134 442 Hae
1158 422 1244 448 vero,
1269 415 1298 441 in
1323 422 1409 442 unum
1432 418 1582 448 coeuntes,
1607 416 1749 452 alteraque

963 461 1042 489 alteri
1056 465 1200 493 consertae,
1219 460 1360 488 confusam
1377 468 1458 488 unam
1484 461 1606 489 eiiiciunt
1626 462 1750 496 pruden-

965 507 1041 535 tiam.
1056 507 1137 535 Solus
1148 506 1221 534 enim
1238 507 1283 534 ille
1298 507 1435 541 superbus
1449 511 1500 538 est,
1519 507 1565 541 qui
1587 511 1615 534 et
1625 507 1749 534 divinum

964 553 1107 586 auxilium,
1124 557 1153 580 et
1164 553 1311 580 humanam
1327 553 1434 587 ignorat
1455 553 1680 581 imbecillitatem.
1701 551 1750 581 Est

965 598 1057 634 ilaque
1072 598 1212 634 superbia,
1230 598 1330 626 divinae
1351 598 1532 633 humanaeque
1544 599 1667 626 scientia:
1691 599 1749 634 pri—

965 642 1048 669 vatio.
1079 642 1272 669 Extremorum
1299 649 1418 676 namque
1439 649 1567 669 verorum
1591 643 1748 678 negatione,

966 694 1019 713 una
1034 686 1155 721 falsaque
1167 686 1275 713 exsistit
1291 685 1448 714 afﬁrmatio.

1000 731 1044 759 65.
1060 731 1151 759 inanis
1165 731 1262 766 gloria,
1277 738 1291 758 a
1313 731 1408 758 divino
1428 739 1511 767 scopo
1532 739 1621 767 exque
1649 733 1751 760 divinis

966 778 1119 805 rationibus
1129 777 1294 804 exorbitatio
1305 782 1357 810 est,
1369 777 1449 812 575
1457 777 1538 813 inque
1545 778 1629 805 alium
1638 786 1751 814 scopum

967 831 1047 859 quam
1058 823 1181 850 divinum
1197 822 1327 850 deviatio.
1349 823 1441 850 inanis
1454 823 1528 851 enim
1549 824 1644 859 glorize
1663 825 1753 852 cultor

967 874 1030 902 est,
1059 870 1106 904 qui
1126 877 1182 896 sua:
1211 869 1305 905 gloria;
1324 877 1418 904 causa,
1439 877 1496 897 non
1519 869 1629 903 divina,
1656 871 1752 898 virtuti

966 915 1069 947 studet,
1086 915 1197 950 suisque
1215 915 1357 942 laboribus
1371 915 1481 950 fragiles
1495 923 1527 943 ac
1542 923 1604 951 qua:
1623 923 1657 943 ne
1677 917 1752 944 exsi—

967 965 1043 990 stant
1056 961 1179 997 quidem,
1193 961 1329 989 humanas
1343 961 1455 989 redimit
1471 961 1576 990 laudes.

1001 1008 1045 1036 66.
1068 1007 1121 1042 Qui
1143 1008 1341 1036 assentationis
1365 1007 1434 1035 vitio
1456 1008 1572 1041 laborat,
1596 1015 1681 1035 unum
1701 1008 1755 1036 hoc

967 1059 1046 1081 curat
1063 1057 1092 1081 ut
1108 1054 1232 1081 exterius
1245 1058 1322 1089 gestu
1335 1053 1488 1089 habituque
1501 1061 1592 1081 mores
1603 1062 1669 1082 suos
1680 1061 1756 1082 com—

967 1104 1050 1134 ponat
1066 1108 1072 1124 :
1091 1099 1177 1126 sedet
1193 1099 1338 1126 adulatorii
1357 1099 1493 1127 sermonis
1501 1099 1635 1126 rationem
1652 1099 1753 1132 habet;

969 1149 999 1171 ut
1011 1144 1140 1172 nimirum
1158 1145 1246 1172 altero
1258 1148 1400 1179 aspectum
1414 1144 1547 1178 deliniat;
1563 1145 1649 1172 altero
1661 1149 1753 1172 autem

967 1197 1016 1217 eos
1024 1190 1152 1223 inuleeat,
1161 1190 1207 1225 qui
1215 1190 1323 1218 nonnisi
1332 1189 1398 1218 visis
1408 1190 1562 1225 auditisque
1571 1190 1753 1224 delectantur,

968 1243 1017 1262 seu
1034 1235 1116 1262 etiam
1129 1235 1183 1262 illis
1195 1235 1376 1262 admiratione
1389 1234 1539 1268 ducuntur,
1556 1243 1588 1262 ac
1599 1235 1658 1263 solo
1670 1243 1753 1263 sensu
1789 1259 1794 1263 .

968 1282 1100 1308 virtutem
1120 1281 1367 1309 circumscribunt.
1381 1281 1584 1308 Asscnlationis
1598 1281 1689 1316 itaque
1705 1289 1754 1308 seu

969 1324 1129 1351 demerendi
1139 1324 1266 1352 homines
1276 1324 1373 1352 vitium
1388 1323 1673 1360 (ἀνορωπαρέσκειαν)
1685 1324 1753 1351 dici-

970 1378 1041 1403 mus,
1062 1378 1122 1405 quae
1137 1370 1165 1397 in
1180 1370 1304 1398 moribus
1318 1378 1350 1398 ac
1364 1370 1539 1398 sermonibus
1553 1371 1631 1405 quasi
1645 1371 1755 1397 virtutis

969 1416 1081 1443 nomine
1099 1416 1248 1443 ostentatio
1264 1416 1409 1451 contingit.

1006 1462 1049 1489 67.
1076 1461 1233 1497 llypocrisis
1251 1482 1258 1494 ,
1286 1461 1414 1489 amicitim
1453 1461 1593 1488 simulatio
1620 1465 1681 1495 est;
1709 1466 1756 1488 aut

971 1508 1076 1542 odium,
1092 1508 1218 1536 amicitiae
1229 1508 1325 1535 habitu
1337 1507 1502 1536 occultatum
1515 1517 1522 1542 ;
1540 1508 1754 1541 aulinimicitizr,

971 1563 1032 1591 qua:
1044 1556 1244 1583 benevolentia:
1257 1555 1319 1582 ﬁcta
1333 1556 1425 1590 specie
1441 1559 1640 1589 exerceantur;
1655 1559 1702 1582 aut
1715 1555 1757 1582 in-

970 1601 1054 1632 vidia,
1074 1601 1231 1628 dilectionis
1250 1600 1364 1635 figuram
1382 1599 1504 1627 referens
1526 1609 1532 1627 :
1555 1605 1603 1627 aut
1622 1601 1688 1633 vita,
1701 1601 1758 1628 vir-

971 1647 1038 1674 tutis
1054 1647 1128 1678 fuco,
1149 1655 1203 1673 non
1227 1647 1286 1682 ipsa
1301 1654 1330 1673 re
1354 1646 1526 1674 honestatem
1556 1646 1684 1673 habens:
1710 1652 1758 1674 aut

967 1692 1082 1728 justitize
1097 1692 1238 1719 simulatio
1252 1712 1259 1724 ,
1280 1699 1340 1726 qua:
1364 1692 1422 1718 sola
1437 1690 1600 1726 apparentia
1625 1695 1733 1718 constet
1748 1700 1756 1723 ;

971 1742 1016 1765 aut
1028 1745 1118 1769 error,
1129 1737 1253 1764 veritatis
1264 1736 1378 1763 fortnam
1395 1737 1518 1769 habens;
1532 1744 1613 1771 quam
1631 1736 1650 1763 ii
1663 1737 1758 1764 colunt
1794 1733 1800 1740 ’

971 1791 1053 1818 atque
1073 1787 1225 1815 sectantur,
1250 1782 1298 1817 qui
1322 1789 1430 1809 morum
1447 1782 1582 1817 pravitate
1601 1787 1758 1817 serpentem

973 1828 1129 1855 imitantur.

1007 1873 1051 1901 68.
1080 1874 1153 1900 Deus
1177 1881 1271 1900 rerum
1290 1878 1387 1901 auctor
1416 1878 1469 1904 est,
1491 1881 1523 1901 ac
1544 1873 1680 1901 bonorum
1698 1881 1760 1908 qua:

973 1918 1058 1945 rebus
1071 1918 1177 1944 insunt.
1193 1917 1218 1944 is
1232 1918 1336 1952 itaque,
1362 1918 1409 1953 qui
1429 1919 1541 1945 virtutis
1562 1922 1610 1946 aut
1636 1919 1760 1946 scicntia:

973 1964 1084 1990 nomine
1097 1963 1249 1996 extollitur,
1267 1971 1319 1990 nec
1340 1972 1390 1999 pro
1403 1964 1484 1991 modo
1505 1964 1616 1991 virtutis
1635 1972 1681 1992 seu
1695 1972 1760 1999 pro-

973 2009 1071 2041 fectus,
1094 2013 1238 2044 praestante
1253 2009 1350 2044 gratia.
1378 2009 1545 2037 infirmitatis
1564 2017 1619 2037 sum
1637 2009 1761 2037 modesto

974 2062 1055 2082 sensu
1073 2054 1241 2088 agnitionem
1259 2055 1375 2082 intendit
1390 2075 1397 2086 ,
1428 2055 1564 2090 superhize
1587 2056 1689 2082 malum
1705 2064 1761 2082 non

975 2099 1080 2134 eﬁ‘ugit.
1094 2099 1145 2132 Qui
1159 2108 1234 2128 vero.
1248 2101 1364 2136 propria:
1378 2101 1471 2135 gloria:
1481 2108 1563 2128 causa
1588 2101 1761 2129 honestatem

976 2145 1050 2177 coiit,
1079 2145 1137 2179 ipse
1159 2153 1189 2172 se
1214 2145 1280 2177 Deo,
1305 2145 1394 2172 inanis
1412 2145 1504 2180 glorim
1530 2145 1607 2173 clavo
1626 2144 1761 2176 conﬁxus,

943 2202 963 2229 ο
976 2189 1143 2224 anteposuit.
1163 2190 1215 2223 Qui
1234 2195 1324 2218 autem
1341 2196 1371 2218 ut
1391 2191 1424 2218 ab
1450 2191 1610 2219 hominibus
1636 2191 1764 2218 videatur

976 2239 1024 2263 aut
1039 2235 1103 2263 facit
1119 2244 1180 2270 qu:e
1192 2237 1304 2264 virtutis
1320 2241 1393 2267 sunt.
1411 2242 1458 2263 aut
1472 2237 1595 2271 loquitur
1607 2257 1614 2269 ,
1638 2240 1763 2264 assenta-

977 2281 1061 2308 tionis
1072 2281 1169 2307 morbo
1180 2281 1319 2313 laborans,
1339 2281 1419 2316 longe
1436 2281 1522 2315 pluris
1536 2281 1619 2308 habet
1636 2285 1665 2307 ut
1675 2281 1765 2307 homi—

977 2327 1070 2359 nibus.
1100 2334 1182 2361 quam
1197 2331 1228 2354 ut
1251 2320 1308 2354 Deo
1332 2327 1476 2361 probetur.
1497 2326 1549 2359 Qui
1569 2326 1688 2361 denique
1705 2326 1765 2353 sola

978 2372 1089 2399 virtutis
1104 2372 1248 2407 honestate
1262 2372 1296 2399 ad
1313 2371 1405 2400 fucum
1427 2371 1583 2398 faciendum
1609 2371 1680 2397 malo
1703 2374 1765 2397 asin

979 2425 1070 2444 mores
1081 2417 1196 2449 imbuit,
1212 2424 1379 2452 pravamque
1394 2416 1478 2444 animi
1502 2415 1675 2443 affectionem
1697 2423 1766 2442 con-

979 2464 1076 2499 spicuo
1093 2464 1232 2499 religionis
1247 2463 1357 2499 pietatis
1372 2463 1467 2491 habitu
1488 2463 1604 2498 obtegit.
1631 2462 1655 2490 is
1681 2462 1766 2497 hypo-

980 2509 1061 2536 crisis
1072 2508 1136 2536 dolo
1150 2509 1281 2536 virtutem
1297 2509 1420 2536 redimit.
1435 2508 1486 2542 Qui
1502 2516 1568 2543 ergo
1584 2508 1645 2536 talis
1656 2512 1709 2539 est,
1733 2507 1767 2534 all

981 2554 1034 2581 alia
1056 2562 1138 2589 quam
1167 2554 1200 2582 ad
1226 2558 1377 2587 auctorem,
1401 2554 1501 2581 horum
1523 2554 1656 2589 cujusque
1684 2552 1768 2579 ﬁnem

982 2599 1087 2627 retulit.

934 855 955 883 Β

1010 2688 1054 2716 69.
1061 2689 1158 2717 Nullus
1166 2697 1286 2724 unquam
1294 2690 1526 2725 nequissimorum
1535 2689 1700 2720 daemonum,
1709 2687 1769 2723 ejus

948 2795 1121 2841 solmcismus
1134 2800 1186 2830 est,
1203 2803 1255 2824 nec
1273 2796 1339 2824 satis
1357 2795 1403 2822 hic
1438 2795 1573 2831 congruit,
1600 2793 1652 2822 etsi
1690 2793 1770 2822 Picus

1574 2874 1609 2904 Μ
