1920 3076
186 144 252 177 1291

770 140 802 170 S.
818 139 963 170 MAXIMI
983 140 1240 173 CUNFESSORIS

1755 143 1824 177 129‘)

183 202 232 236 qui
249 200 360 228 virtutis
372 199 463 228 cultor
482 203 536 230 est,
566 196 739 225 alacritatem
765 201 966 232 promptumqut

1031 196 1099 224 ποτὲ
1118 197 1219 225 κωλύει
1231 198 1262 225 τὸ
1274 198 1416 235 πρόθυμον
1427 207 1434 216 '
1452 200 1524 229 ἀλλὰ
1537 200 1584 228 καὶ
1598 199 1700 236 μᾶλλον
1715 200 1766 233 τὰς
1781 201 1824 228 έλ-

182 247 305 275 animum
320 245 451 282 prohibet
467 254 475 272 :
492 244 561 280 quin
587 243 671 271 etiam
694 242 829 270 virtutum
852 242 979 271 defectus

183 292 247 319 dolo
263 295 419 326 amputans,
432 290 551 325 majores
565 293 681 317 conatus
690 288 824 316 adhibere
837 288 977 321 hortatur,

181 345 277 373 parem
293 344 356 364 cum
371 337 407 364 iis
419 336 467 372 qui
486 336 639 364 certamine
666 335 821 370 funguntur
842 334 980 363 exhibens

181 382 373 415 alacritatem;
390 382 538 418 ⁵761]οο
554 381 662 409 scilicet
671 388 765 416 agens,
779 384 811 408 ut
821 380 980 409 exercentis

182 428 216 455 ad
238 428 370 463 pietatem
397 432 483 456 totum
507 427 535 455 in
557 435 587 455 se
603 427 725 455 animum
747 427 850 460 trahat,
875 427 979 455 amisso

182 474 383 504 mediocritatis
393 474 571 510 aequilibrio;
601 474 680 509 isque
697 474 768 502 adeo
792 473 957 509 imprudens
970 495 978 507 ,

181 520 216 548 ad
239 520 316 547 aliud
329 528 413 555 quam
439 520 587 548 videbatur
614 519 801 547 diversorium
826 520 880 548 iter
914 527 980 548 con-

181 565 287 593 tendat.

216 611 261 639 70.
279 611 433 644 Daemones,
445 619 497 639 nec
511 611 667 639 castitatem
689 611 821 644 oderunt,
836 618 889 639 nec
903 611 978 647 jeju-

180 658 258 685 nium
275 662 455 685 exsecrantur
476 665 483 684 :
502 665 557 685 non
575 657 756 692 pecuniarum
772 657 976 693 elargitionem,

180 711 237 730 non
247 703 477 738 hospitalitatem,
491 710 546 730 non
557 703 727 738 psalmorum
740 703 976 735 decantationem,

179 757 237 776 non
259 749 389 777 lectionis
405 757 536 784 operam,
558 755 613 776 non
632 748 773 776 silentium
795 756 827 776 ac
850 749 978 777 solitudi-

179 802 256 827 nem,
275 802 330 822 non
347 794 447 822 eximie
465 794 599 822 sublimes
621 794 794 830 disciplinas,
822 802 878 822 non
898 795 977 822 strati

180 841 258 868 humi
267 840 412 873 duritiem,
421 848 476 868 non
489 841 607 876 vigilias,
625 848 681 868 non
695 841 802 876 reliqua
813 841 906 869 omnia
915 841 977 877 qui-

1029 240 1133 277 λείψεις
1147 242 1266 279 δολερῶς
1283 243 1437 279 περικόψας
1453 244 1508 272 τῶν
1525 245 1642 280 ἀρετῶν,
1658 244 1709 276 τὰς
1726 244 1823 271 ἔπιτε-

1028 296 1087 321 σεις
1102 288 1282 325 ὑπαγορεύει,
1307 290 1368 322 τοῖς
1381 290 1552 325 ἀγωνισταῖς
1564 290 1822 326 συμπροθυμούμε-

999 332 1002 336 ”
1029 342 1084 366 νος·
1102 334 1146 362 ἵνα
1163 334 1232 371 πρὸς
1247 335 1345 363 ἑαυτὸν
1362 335 1428 371 ὃλην
1452 338 1601 373 ποιήσηται
1617 335 1666 363 τοῦ
1682 337 1822 372 ἀσκουμέ-

1030 388 1077 406 νου
1093 380 1143 415 τὴν
1160 380 1278 413 ἔννοιαν,
1294 381 1527 417 παραπολέσασαν
1546 382 1579 410 τὸ
1599 383 1658 410 ἴσον
1671 382 1722 418 τῆς
1740 382 1823 418 μεσό-

1029 434 1111 461 τητος
1129 426 1272 462 στάθμιον,
1286 428 1335 455 καὶ
1345 428 1415 465 λάθῃ
1433 429 1503 465 πρὸς
1516 428 1582 457 ἄλλο
1591 428 1671 464 παρὰ
1682 428 1714 455 τδ
1726 427 1824 456 δοκοῦν

1030 473 1160 501 ὁδεύουσα.
1173 474 1358 510 καταγώγιον.

1065 601 1096 626 0'.
1121 598 1153 626 Ol
1177 599 1305 635 δαίμονες
1322 599 1385 626 οὔτε
1404 599 1584 635 σωφροσύνην
1603 598 1741 634 μισοῦσιν,
1759 598 1823 626 οὔτε

1028 644 1157 681 νηστείαν
1172 628 1384 681 βδελύσσονταιο
1410 628 1623 682 οὺΙχρημόῖτων
1640 628 1772 678 διάδοσιν,
1790 645 1823 672 οὗ

1028 690 1192 725 φιλοξενίαν,
1210 691 1242 718 οὗ
1256 691 1430 727 ψαλμῳὸίαν,
1446 691 1477 718 οὐ
1507 691 1606 728 σχολὴν
1624 691 1822 726 ἀναγνώσεως,

1027 737 1077 772 οὐχ
1093 737 1222 772 ἡσυχίαν,
1236 737 1268 764 οὐ
1293 737 1349 764 τῶν
1365 737 1538 773 μαθημάτων
1553 737 1589 764 τὰ
1606 731 1775 773 ὑψηλότατα,
1789 738 1821 764 οὐ

1027 783 1190 818 χαμευνίαν,
1206 784 1256 810 οὐκ
1281 783 1447 819 ἀγρυπνίαν,
1472 784 1503 811 οὺ
1517 783 1552 810 τὰ
1568 783 1652 811 λοιπὰ
1667 783 1769 815 πάντα,
1785 783 1822 810 δι’

1027 825 1067 856 ὧν
1079 828 1094 855 6
1109 828 1181 856 κατὰ
1197 829 1264 856 Θεὺν
1278 829 1512 866 χαρακτηρίζεται
1531 830 1597 865 βίος,
1613 830 1666 862 ἓως
1684 829 1755 865 πρὸς
1770 829 1822 856 αὺ-

179 887 234 915 bus
245 886 394 922 insignitur
406 887 461 914 vita
476 874 606 922 religiose
621 887 720 923 pieque
735 874 872 920 instituta,
886 874 966 922 quan-

1026 875 1087 907 τοὺς
1103 874 1233 902 νένευκεν
1249 876 1264 903 ὁ
1284 876 1385 908 σκοπὸς
1399 876 1447 905 καὶ
1464 876 1480 912 ἡ
1496 875 1571 903 αἰτία
1584 875 1641 903 τῶν
1654 874 1818 910 γινομένων.

180 932 227 960 diu
243 940 340 960 eorum
352 940 414 967 quae
430 937 549 968 aguntur
563 932 598 960 ad
609 939 658 960 eos
673 932 762 968 vergit
776 932 904 960 intentio.

215 990 258 1016 Ἡ.
277 988 409 1023 Reliquos
420 988 491 1016 forte
508 988 647 1016 daemones
659 988 742 1016 citius
752 988 975 1024 deprehendens,

179 1035 229 1071 qui
253 1035 288 1062 ad
312 1034 444 1070 pietatem
463 1039 586 1067 exercet,
608 1034 683 1070 quod
708 1035 743 1062 ab
769 1035 824 1062 illis
849 1034 976 1062 imminet

180 1082 323 1111 damnum.
336 1080 417 1108 facile
433 1080 549 1116 effugiet
566 1088 573 1108 :
596 1085 634 1114 at,
655 1081 703 1116 qui
720 1081 748 1108 in
760 1081 871 1109 virtutis
885 1081 975 1109 stadio

179 1128 233 1163 ipsi
257 1127 325 1155 socii
348 1135 381 1154 ac
404 1126 547 1163 adjutores
573 1126 742 1159 videantur,
770 1127 874 1163 quique
897 1127 976 1154 velut

179 1173 262 1201 simul
273 1173 371 1201 collata
383 1179 465 1207 opera
480 1179 535 1199 una
548 1172 680 1207 templum
693 1171 829 1200 aediﬁcare
841 1171 928 1200 velint
939 1172 973 1205 ’³,

179 1227 306 1255 quamam
321 1219 390 1246 adeo
403 1217 531 1245 sublimis
545 1223 626 1245 mens
643 1221 673 1244 ut
687 1217 887 1252 deprehendat,
904 1217 975 1246 citra

178 1264 319 1293 efﬁcacem
337 1263 486 1299 vivumque
509 1269 680 1295 sermonem,
697 1262 744 1297 qui
760 1262 855 1290 omnia
877 1271 975 1298 perva-

178 1310 230 1343 dit,
247 1314 275 1338 et
289 1317 376 1346 usque
392 1309 427 1337 ad
440 1309 605 1336 divisionem
621 1308 719 1336 animae
733 1316 765 1336 ac
778 1309 892 1344 spiritus
908 1317 974 1344 per—

178 1357 261 1392 tingit
277 1356 377 1392 "?qui
392 1363 492 1390 nempe
505 1355 646 1382 discernat
673 1362 705 1382 ac
720 1355 828 1391 judicct
847 1363 973 1390 quantam

177 1412 262 1439 opera
279 1410 415 1438 scnsaque
432 1410 465 1430 ac
476 1403 596 1438 cogitata
609 1402 739 1430 animalia
751 1402 807 1430 sint
822 1402 973 1438 (naturales

177 1449 285 1477 scilicet
300 1447 411 1476 virtutis
425 1447 533 1482 species
544 1446 715 1482 motusque),
728 1454 760 1474 ac
773 1454 900 1482 quamam
917 1446 973 1481 spi-

177 1494 270 1523 ritalia
289 1494 361 1530 (qua:
374 1493 506 1520 nimirum
526 1495 659 1527 superent
680 1496 808 1519 naturam
829 1492 973 1527 Deumque

177 1538 349 1574 insigniant;
376 1541 483 1564 natura
498 1544 566 1564 vero
583 1536 742 1563 tribuantur
759 1543 810 1571 per
821 1535 949 1571 gratiam)
963 1544 970 1562 :

177 1585 225 1620 qui
243 1584 327 1612 ctiam
341 1590 506 1618 compagum
528 1586 556 1610 et
572 1582 758 1609 medullarum
776 1581 902 1618 (virtutis
917 1582 972 1610 sci-

176 1631 242 1660 licet
260 1630 405 1658 modorum
430 1637 494 1656 cum
518 1627 690 1664 spiritalibus
712 1627 878 1663 rationibus)
903 1635 970 1655 con-

176 1678 335 1705 venientem
348 1676 392 1704 vel
411 1675 666 1703 disconvenientem
676 1675 838 1710 juncturam
857 1673 971 1701 omnino

176 1724 287 1751 noverit
303 1731 310 1750 :
327 1722 523 1756 discernatque
547 1720 731 1756 cogitationes
751 1724 778 1747 et
802 1720 971 1748 intentiones

176 1767 303 1796 cerdium
318 1766 341 1783 "
353 1766 496 1802 (obscuras
510 1765 628 1798 scilicet,
643 1765 670 1792 in
686 1765 719 1792 iis
731 1773 792 1800 qua:
803 1765 876 1793 dicta
893 1770 968 1798 sunt,

175 1821 227 1849 pro
244 1812 432 1848 profunditate
449 1811 612 1839 aﬂeetiones
634 1818 682 1838 seu
707 1811 897 1844 habitudines,
925 1819 970 1839 ca-

176 1865 295 1893 rumque
310 1857 403 1885 animo
416 1856 569 1884 invisibiles
586 1864 685 1884 causas
706 1864 738 1884 ac
753 1856 884 1892 rationes)
901 1865 907 1884 :
924 1856 968 1884 cui

175 1904 253 1931 nulla
265 1907 393 1930 creatura
407 1901 554 1929 invisibilis
580 1906 623 1929 est
641 1902 650 1938 (
663 1902 691 1929 in
707 1903 788 1930 nobis
799 1903 906 1932 scilicet
921 1903 968 1939 qui

174 1948 261 1976 latere
275 1947 424 1982 videmur).
441 1946 489 1974 sed
504 1946 576 1974 nuda
590 1947 682 1974 omnia
711 1951 739 1975 et
756 1953 853 1983 aperta
867 1949 890 1965 ’θ
901 1949 967 1985 (non

175 1994 304 2021 casolum
313 2001 374 2028 qua:
381 1993 452 2020 facta
463 1996 565 2020 suntet
576 1993 707 2028 cogitata,
721 1993 768 2021 sed
793 1998 821 2022 et
835 2002 896 2030 quae
909 1995 967 2031 jam

174 2039 300 2068 futurum
324 2042 366 2067 est
383 2042 441 2066 uta
464 2038 544 2066 nobis
567 2037 634 2066 tiant
656 2044 684 2067 et
701 2039 879 2076 cogitentur).

212 2096 258 2123 72.
287 2094 458 2122 Divisionem
480 2093 578 2121 animae
603 2097 632 2120 et
654 2093 770 2128 spiritus
790 2098 880 2127 vocat,
908 2094 966 2122 dis-

173 2141 338 2169 tinctionem
355 2139 501 2171 virtutum,
514 2146 576 2174 quae.
588 2146 622 2166 cx
638 2143 736 2166 natura
756 2144 832 2171 sunt,
848 2148 966 2175 quarum

173 2191 273 2215 natura
283 2185 419 2213 habemus
427 2184 550 2212 rationes
562 2192 570 2217 ;
584 2188 612 2212 et
623 2192 729 2217 earum,
739 2193 800 2220 quae
810 2193 842 2213 ex
854 2186 965 2221 spiritu,

1061 973 1112 1002 oa'.
1126 975 1197 1007 Τοὺς
1208 975 1258 1010 μὲν
1269 975 1366 1007 ἄλλους
1378 975 1519 1010 δαίμονας,
1531 974 1625 1010 τάχιον
1637 974 1703 1006 ἴσως
1713 975 1728 1001 ὸ
1735 974 1820 1010 ἀσκη-

1024 1019 1075 1057 ei);
1088 1020 1326 1056 καταλαϐόμενος,
1347 1020 1448 1057 ῥᾳδίως
1474 1021 1526 1057 τὴν
1541 1020 1570 1054 ἐξ
1593 1020 1686 1047 αὐτῶν
1717 1019 1821 1055 suam

1025 1067 1210 1103 διαδιδράσκει
1221 1077 1229 1083 ·
1254 1068 1317 1099 τοὺς
1334 1067 1364 1094 δὲ
1385 1066 1534 1099 δοκοῦντας
1549 1068 1692 1104 συνεργεῖν
1704 1067 1746 1102 τῷ
1760 1067 1819 1103 896-

1027 1121 1071 1149 μῳ
1089 1113 1141 1149 τῆς
1152 1112 1266 1149 αρετῆς,
1288 1113 1336 1140 καὶ
1350 1111 1408 1140 οἷον
1423 1113 1624 1148 συνοικοδομεϊν
1640 1113 1821 1149 βουλομένους

1022 1159 1069 1187 τὸν
1083 1159 1147 1187 ναὸν
1160 1160 1268 1196 Κυρίῳ.
1283 1159 1326 1192 τίς
1341 1159 1374 1186 ἃν
1386 1158 1441 1186 τῶν
1455 1160 1526 1194 ἄγαν
1542 1159 1655 1195 ὑψηλῶν
1670 1159 1820 1187 καταλάδοι

1024 1207 1097 1239 νοῦς,
1115 1205 1202 1242 χωρὶς
1213 1206 1261 1233 τοῦ
1275 1206 1320 1233 διὰ
1337 1207 1447 1234 πάντων
1460 1206 1613 1242 χωροῦντος
1632 1206 1764 1242 ἐνεργοῦς
1778 1206 1820 1232 λό-

1023 1261 1074 1287 γου
1093 1253 1140 1279 καὶ
1157 1251 1271 1285 ζῶντος,
1298 1252 1346 1280 καὶ
1373 1252 1562 1288 διικνουμένου
1583 1251 1649 1288 ἄχρι
1681 1251 1819 1288 μερισμοῦ

1019 1298 1113 1333 ψυχῆς
1128 1297 1176 1324 καὶ
1187 1296 1502 1332 πνεύματοςμτουτέστι,
1517 1296 1748 1331 διαγινώσκοντος
1759 1296 1820 1323 τίνα

1023 1343 1078 1370 τῶν
1094 1342 1184 1378 ἔργων
1200 1342 1217 1378 ἢ
1235 1341 1382 1377 νοημάτων
1399 1341 1455 1369 εἰσὶ
1465 1342 1582 1378 ψυχικὰ,
1599 1342 1744 1368 τουτέστιν
1759 1341 1818 1376 εῑδη

1024 1386 1128 1421 φυσικὰ
1143 1387 1192 1420 τῆς
1206 1387 1308 1423 ἀρετῆς
1329 1387 1347 1423 ἢ
1375 1387 1527 1422 κινήματα,
1546 1387 1595 1414 καὶ
1608 1386 1670 1413 τίνα
1687 1387 1818 1421 τυγχάνει

1024 1434 1210 1470 πνευματικὰ,
1224 1434 1376 1469 τρυτέστιν,
1396 1434 1466 1469 ὑπὲρ
1479 1433 1562 1468 φύσιν
1577 1433 1625 1460 καὶ
1641 1433 1710 1461 Θεὸν
1731 1442 1819 1470 χαρα-

1024 1481 1206 1517 κτηρίζοντα·
1228 1482 1262 1517 τῇ
1295 1480 1376 1515 φύσει
1401 1480 1430 1507 δὲ
1459 1480 1533 1507 κατὰ
1558 1480 1641 1516 χάριν
1667 1479 1816 1515 διδόμενα·

1025 1527 1161 1564 ἀρμῶντε
1180 1527 1227 1554 καὶ
1241 1526 1360 1562 μυελῶν,
1381 1525 1430 1562 τὴν
1446 1526 1514 1562 πρὸς
1532 1525 1595 1558 τοὺς
1611 1525 1818 1561 πνευματικῶς

1023 1573 1119 1608 λόγους
1132 1572 1186 1600 τῶν
1208 1573 1270 1600 κατ’
1284 1572 1387 1609 ἀρετὴν
1407 1572 1528 1608 τρόπων,
1545 1571 1676 1608 ἁρμόδιον
1697 1571 1714 1607 ἢ
1735 1572 1818 1607 ἀναρ-

1025 1619 1116 1655 μόδιον
1127 1619 1216 1646 διόλου
1233 1618 1377 1645 σύννευσιν
1402 1610 1601 1654 ἐπισταμένου,
1629 1617 1774 1652 κρίνοπός
1788 1625 1817 1644 τε

1022 1665 1072 1698 τὰς
1087 1664 1256 1700 ἐνθυμήσεις
1273 1664 1320 1692 καὶ
1331 1664 1380 1696 τὰς
1395 1664 1500 1695 ἑννοίας
1519 1664 1573 1691 τῶν
1587 1663 1720 1699 καρδιῶν,
1736 1671 1818 1689 τουτ-

1022 1711 1091 1744 έστι,
1108 1711 1158 1742 τὰς
1172 1710 1218 1737 ἐπὶ
1234 1711 1291 1743 τοῖς
1305 1710 1461 1746 εἰρημένοις
1476 1710 1590 1744 ἀφανεῖς
1601 1709 1674 1736 κατὰ
1687 1709 1718 1735 τδ
1734 1709 1817 1744 βάθος

1023 1758 1141 1794 σχέσεις,
1163 1758 1210 1784 καὶ
1227 1757 1278 1788 τὰς
1296 1756 1368 1783 κατὰ
1384 1757 1475 1793 ψυχὴν
1486 1756 1622 1792 ἀοράτους
1645 1755 1753 1782 τούτων
1773 1756 1816 1781 σι-

1021 1804 1091 1836 τίας,
1106 1801 1128 1838 ᾧ
1144 1804 1193 1830 οὐκ
1204 1803 1263 1830 ἔστι
1280 1802 1370 1834 κτίσις
1386 1802 1503 1837 ἀφανὴς,
1522 1802 1552 1828 ὲν
1566 1802 1632 1836 ήμῖν
1643 1802 1702 1833 τοῖς
1719 1800 1817 1828 lavet.

1021 1859 1077 1877 νειν
1092 1849 1216 1877 δοκοῦσι·
1236 1849 1326 1877 πάντα
1346 1848 1376 1876 δὲ
1395 1848 1488 1884 γυμνὰ
1501 1849 1548 1875 καὶ
1563 1848 1814 1883 τετραχηλισμένα,

1020 1895 1051 1923 οὗ
1087 1896 1170 1931 μόνον
1196 1894 1230 1921 τὰ
1255 1894 1429 1930 γεγενημένα
1444 1902 1474 1920 τε
1501 1893 1547 1920 καὶ
1576 1893 1741 1929 νενοημένα,
1759 1893 1815 1920 ἀλλ’

1020 1940 1070 1977 ήδη
1084 1940 1132 1968 καὶ
1154 1939 1189 1967 τὰ
1201 1939 1388 1976 γεννησόμενα
1413 1940 1480 1974 παρ’
1505 1938 1585 1975 ἡμῶν
1604 1939 1653 1966 καὶ
1679 1939 1814 1975 νοηῠησό-

1021 1995 1101 2023 μενα.

1053 2093 1103 2130 οβ’.
1120 2093 1263 2129 Μερισμὸν
1289 2092 1378 2128 ψυχῆς
1394 2093 1442 2119 καὶ
1470 2091 1628 2128 πνεύματος
1652 2093 1741 2127 λέγει,
1763 2093 1813 2129 τὴν

1017 2140 1149 2176 διαφορὰν
1165 2139 1220 2166 τῶν
1234 2139 1267 2166 ὲκ
1280 2138 1389 2174 φύσεως
1404 2138 1522 2174 ἀρετῶν,
1546 2134 1585 2165 ὧν
1602 2139 1729 2173 φυσικῶς
1752 2139 1810 2175 Elu-

1019 2194 1070 2222 μεν
1086 2187 1151 2218 τοὺς
1165 2185 1276 2220 λόγους’
1293 2185 1341 2212 καλ
1355 2185 1410 2212 τῶν
1435 2186 1468 2211 ἐκ
1493 2184 1661 2219 πνεύματος,
1686 2182 1726 2212 ὦν
1742 2186 1811 2212 κατὰ

173 2239 292 2267 quarum
315 2230 363 2259 Dei
392 2238 506 2258 munere
537 2229 653 2266 gratiam
678 2231 840 2266 accipimus.
861 2232 964 2261 Harum

1026 2233 1122 2268 ἰωρεὰν
1135 2231 1270 2268 δεχόμεθα
1295 2233 1346 2268 τὴν
1366 2233 1457 2268 χάριν.
1479 2232 1588 2259 Τούτων
1601 2232 1658 2268 γὰρ
1677 2232 1811 2268 εὐκρινῶς

173 2278 247 2305 enim
259 2277 333 2305 clare
350 2277 555 2304 distinctionem
570 2276 635 2304 facit
648 2277 787 2305 discretor
799 2286 900 2306 sermo.

207 2334 253 2362 75.
264 2333 454 2368 Cogitationes
471 2336 500 2360 et
524 2332 704 2365 intentiones,
728 2341 845 2368 quarum
870 2341 963 2363 sertae

172 2377 309 2406 discretor
321 2382 374 2409 est,
387 2376 473 2404 animi
488 2377 515 2404 in
530 2376 633 2404 divinis
645 2377 802 2405 rationibus
816 2383 844 2405 et
856 2378 964 2414 cogita-

172 2424 296 2452 tionibus
310 2423 474 2451 ati‘ectiones
488 2427 580 2455 vocat,
595 2431 748 2459 earumque
763 2424 874 2459 (nempe
897 2424 965 2453 ade-

171 2470 305 2504 ctionum)
331 2469 411 2505 577
434 2477 540 2497 causas.
564 2469 702 2505 Cogitatio
731 2477 851 2505 namque
873 2475 967 2499 movet

170 2515 345 2548 memoriam,
373 2516 453 2550 cujus
479 2515 590 2551 propria
612 2515 722 2543 ati'eetio
741 2520 784 2544 est
812 2524 819 2542 :
846 2516 966 2545 intentio

169 2565 263 2590 autem
283 2561 369 2589 ﬁnem
394 2561 524 2594 attendit,
550 2562 598 2596 qui
624 2561 736 2597 quidem
758 2561 874 2590 denotat
899 2570 965 2590 eau-

169 2616 238 2636 sam.

205 2666 248 2693 τι.
263 2664 333 2693 Cum
341 2665 413 2693 Deus
424 2665 611 2693 essentialitcr
627 2665 664 2692 sit
675 2665 801 2697 scicntia,
815 2665 960 2701 palamque

168 2717 278 2738 omnem
292 2711 436 2738 scientiam
454 2710 600 2738 antecedat
613 2718 702 2742 mens,
714 2710 766 2738 sub
780 2718 861 2746 quam
875 2710 958 2738 etiam

169 2754 208 2783 illi
227 2761 416 2792 comparatum
432 2760 476 2784 est
487 2760 517 2784 ut
534 2756 615 2784 cadat
630 2765 636 2783 ε
655 2756 734 2791 plane
748 2756 820 2783 Deus
842 2756 958 2784 scicntia

1015 2278 1067 2314 τὴν
1081 2278 1224 2314 διαστολὴν
1239 2279 1357 2305 ποιεῖται
1375 2278 1477 2313 κρίνων
1494 2279 1509 2305 ὁ
1523 2277 1611 2312 λόγος.

1053 2335 1102 2371 ογ’.
1117 2335 1173 2366 Τὰς
1189 2335 1353 2371 ἐνθυμήσεις
1367 2335 1415 2362 καὶ
1428 2335 1477 2366 τὰς
1491 2334 1606 2366 ἑννοίας,
1619 2330 1659 2362 ὧν
1675 2335 1736 2363 ἔστι
1750 2342 1810 2369 κριο

1016 2383 1093 2414 τικὸς
1117 2383 1131 2409 ὁ
1154 2381 1246 2416 λόγος,
1275 2381 1360 2416 φησὶν
1382 2378 1453 2407 εῐναι
1472 2380 1523 2412 τὰς
1538 2380 1589 2416 τῆς
1604 2380 1700 2416 ψυχῆς
1719 2382 1766 2408 ἐπί
1779 2389 1810 2407 τι

1016 2429 1073 2460 τοῖς
1086 2428 1168 2460 θείοις
1180 2427 1270 2461 λόγοις
1285 2427 1333 2454 καὶ
1345 2427 1402 2458 τοϊς
1414 2426 1556 2462 λογισμοῖς
1566 2427 1687 2462 σχέσεις,
1701 2427 1749 2454 καὶ
1761 2427 1810 2458 τὰς

1017 2474 1109 2502 αὐτῶν
1124 2473 1225 2509 δηλαδὴ
1241 2473 1297 2501 τῶν
1313 2473 1433 2508 σχέσεων
1446 2472 1548 2504 αἰτίας.
1567 2473 1599 2500 Ἦ
1619 2472 1674 2508 γὰρ
1688 2473 1808 2509 ἐνθύμη-

1016 2529 1070 2553 σις,
1084 2521 1155 2547 κινεί
1172 2519 1293 2555 μνήμην,
1309 2516 1343 2555 ἧς
1354 2519 1454 2545 οἰκεῖον
1467 2519 1485 2554 ἡ
1510 2518 1605 2554 σχέσις
1615 2525 1622 2534 ·
1641 2519 1658 2554 ἡ
1677 2519 1707 2545 δὲ
1721 2519 1810 2546 ἔννοια

1020 2566 1107 2602 πέρας
1123 2566 1286 2599 ἀποσκοπεῖ,
1305 2566 1373 2599 ὅπερ
1392 2564 1483 2592 αἰτίαν
1499 2564 1713 2600 χαρακτηρίζει.

1051 2666 1097 2692 οδ’.
1127 2665 1160 2692 Εἰ
1175 2665 1234 2692 κατ’
1245 2665 1339 2692 οὐσίαν
1354 2665 1455 2700 γνῶσίς
1469 2666 1544 2692 ἐστιν
1557 2666 1571 2692 ὀ
1581 2666 1660 2698 Θεδς.
1678 2667 1806 2701 προηγεῖ-

1013 2719 1059 2738 ται
1081 2711 1111 2737 δὲ
1139 2710 1234 2745 σαφῶς
1255 2711 1347 2746 πάσης
1364 2710 1494 2745 γνώσεως
1508 2710 1582 2744 νοῦς,
1608 2708 1632 2746 ᾧ
1646 2713 1695 2738 καὶ
1708 2710 1806 2738 ὑποπί-

1013 2765 1092 2784 πτειν
1106 2756 1244 2792 πέφυκεν·
1271 2756 1325 2792 ἄρα
1340 2756 1411 2792 ὑπὲρ
1425 2756 1529 2793 ταύτην
1542 2757 1618 2784 ἐστὶν
1634 2758 1648 2784 ό
1660 2756 1725 2788 Geo;
1735 2777 1742 2790 ,
1764 2755 1805 2782 ὃτι

205 2841 228 2857 ’⁸
239 2842 273 2868 ΠΙ
287 2842 366 2870 Esdr.
390 2851 416 2875 ν,
433 2843 467 2870 88
516 2843 540 2859 νδ
553 2843 636 2869 Hebr.
651 2851 687 2875 ιν,
706 2844 748 2871 12.
788 2845 810 2860 ’³⁸
827 2845 893 2871 ibid.
933 2844 957 2860 9⁵

1026 2844 1041 2871 l.
1056 2844 1099 2871 15.
