1920 3076
155 155 224 188 1293

477 156 645 188 CAPITUM
667 154 877 192 QUINQUIES
902 151 1165 184 CENTENORUM
1191 153 1386 184 CENTURIA
1406 153 1464 184 IlI.

1711 154 1781 184 1294

152 214 201 240 καὶ
215 211 286 248 ὑπὲρ
299 211 387 240 πάντα
401 211 475 242 νοῦν.
491 208 514 247 ᾧ
528 212 630 247 γνῶσις
643 211 704 238 καῡῩ
715 210 805 237 ότιοῦν
818 209 939 245 πέφυκεν

1008 209 1116 244 uperior
1131 213 1184 242 est,
1201 217 1264 236 cum
1279 214 1307 236 et
1322 215 1432 236 omnem
1444 206 1550 236 infinite
1566 206 1682 236 excedat
1705 216 1783 236 mcn—

154 259 329 292 ὑποπίπτιιν,
345 257 540 293 ὑπεραπείρως
551 256 715 292 καθέστηκε.

188 349 236 373 oe’.
263 345 312 378 Τίς
332 344 379 372 τὸν
395 344 466 371 θείον
489 343 540 370 οὐκ
554 342 624 379 ἔχων
640 341 797 370 ἐνοικοῦντα
810 340 889 375 λόγον
904 339 944 375 τῷ

154 393 231 428 βάθει
255 393 307 427 τῆς
329 391 443 427 καρδίας
453 410 461 424 ,
489 389 636 425 δυνήσεται
652 389 716 421 τοὺς
728 387 841 422 ἀφανεῖς
851 386 944 418 δόλους

153 440 203 474 τῆς
216 439 278 466 καθ’
289 439 306 474 ὴ
311 438 370 473 μῶν
387 437 558 473 ὑποκρίσεως
572 436 626 462 τῶν
640 435 775 470 δαιμόνων
784 432 942 467 ὐποκλίνας,

154 486 251 520 στῆναι
276 484 338 511 καθ’
350 483 447 511 ἑαυτὸν
474 482 646 521 μονώτατοςΒ
678 479 763 516 χωρίς
789 486 862 511 τινος
883 479 945 505 ἑπι-

156 531 258 567 μιξίας,
279 530 328 557 καὶ
341 529 520 564 οἰκοδομῆσαι
535 527 584 554 τοῦ
600 526 704 562 Κυρίου
719 525 764 552 τὸν
777 523 852 556 ναὺν,
874 523 946 550 κατὰ

154 577 201 603 τὸν
217 576 305 612 μέγαν
317 574 472 610 Ζοροϐάϐελ
487 573 533 601 καὶ
545 572 592 599 τὸν
606 570 711 607 Ἰησοῦν
726 570 774 598 καὶ
786 570 850 601 τοὺς
863 569 946 604 ἡγου-

158 622 255 657 μένους
273 620 328 647 τῶν
341 619 464 655 πατριῶν
474 639 482 652 ,
512 617 668 653 φάσκοντας
679 615 828 651 διαρρήδην
841 614 947 650 μεγάλῃ

154 668 189 703 τῇ
204 668 279 702 φωνῇ
301 667 356 697 τοῖς
377 664 518 692 ἀπατεῶσι
540 662 679 696 πνεύμασι
694 662 743 697 τῆς
758 659 947 696 ὑπερηφανίας

156 711 203 737 καὶ
218 711 266 745 τῆς
284 709 437 742 κενοδοξίας
453 709 501 736 καὶ
515 708 565 742 τῆς
580 705 825 743 ἁνθρωπαρεσκίας
838 705 885 732 καὶ
898 705 948 740 τῆς

156 755 342 790 ὑποκρίσεως·
359 755 419 789 Οὺχ
431 754 504 789 ἡμῖν
518 754 567 780 καί
582 752 653 787 ὑμῖν
675 751 729 778 τοῦ
752 750 949 785 οἰκοδομῆσαι

156 800 211 827 τὸν
228 798 313 827 οἷκον
329 799 426 833 Κυρίῳ
442 799 482 832 τῷ
497 799 557 831 Θεῷ
571 797 670 832 ἡμῶν·
694 796 778 831 ἡμεῖς
794 796 849 831 γὰρ
861 796 949 830 μόνοι

158 846 397 881 οίκοδομήσομεν
413 845 452 878 τῷ
463 845 560 879 Κυρίῳ
574 844 628 872 τοῦ
648 842 787 877 Ἰσραήλ·
806 841 949 876 γινώσκων

994 260 1060 286 tcm,
1076 255 1105 282 in
1122 263 1205 290 quam
1221 259 1251 283 ut
1263 254 1342 283 cadat
1359 255 1415 282 ulle
1431 254 1513 282 modo
1528 255 1653 283 scientia;
1670 261 1782 290 compa-

993 306 1083 329 ratum
1093 305 1148 329 est.

1027 345 1072 375 75.
1086 347 1154 381 Quis
1181 347 1235 375 nisi
1257 348 1313 375 alto
1334 351 1448 382 pectore
1473 346 1599 374 divinum
1625 354 1783 374 sermonem

993 393 1218 421 contubernalem
1234 392 1349 426 habens,
1368 392 1556 420 invisibilibus
1575 391 1731 420 dmmonum
1752 390 1783 419 in

994 447 1045 467 nos
1061 438 1246 467 simulationis
1269 443 1349 467 caute
1370 439 1464 467 vitatis
1490 438 1571 472 dolis,
1593 443 1644 474 per
1666 445 1697 466 se
1721 437 1784 474 ipse

995 484 1232 521 singularissimus
1266 490 1338 513 stare
1367 486 1480 521 poterit,
1505 485 1573 520 quin
1595 483 1645 512 uili
1667 483 1783 512 commi—

996 535 1116 564 sceatur,
1129 532 1319 567 templumque
1335 531 1445 559 Domini
1460 531 1546 559 instar
1557 530 1649 566 magni
1660 528 1784 557 Zoroba-

996 577 1039 604 be]
1056 581 1083 604 et
1096 576 1161 605 Jesu
1172 582 1199 605 et
1211 577 1312 605 ducum
1324 577 1488 605 familiarum
1499 581 1660 609 exstruere;
1679 575 1726 611 qui
1741 575 1785 603 di-

996 627 1069 650 serte
1083 629 1180 658 magna
1197 630 1265 651 voce
1282 622 1476 650 seductoribus
1494 622 1636 657 spiritibus
1646 621 1785 656 superbiae

997 667 1141 702 inanisque
1154 668 1246 703 gloria:
1257 672 1285 695 et
1300 667 1493 695 ussentationis
1508 674 1540 695 ac
1562 666 1717 702 hypocrisis
1741 666 1787 693 di—

997 717 1061 740 cant
1074 721 1081 739 :
1096 713 1156 740 Non
1167 717 1205 740 est
1217 713 1289 740 nobis
1297 717 1321 740 et
1332 713 1401 741 vobis
1412 713 1545 747 aediﬁcare
1557 713 1662 740 domum
1672 709 1785 739 Domina

999 757 1052 785 Deo
1067 762 1156 785 nostra
1172 765 1182 785 .'
1197 766 1243 785 nos
1257 759 1327 785 enim
1341 758 1392 785 soli
1414 758 1602 792 wdiﬁcabimus
1616 756 1729 784 Domino
1743 754 1785 784 Is-

999 802 1057 831 rael
1071 803 1094 820 ⁹⁷
1110 812 1118 837 ;
1131 803 1176 830 cui
1190 811 1289 838 nempe
1303 803 1474 838 exploratum
1487 803 1532 835 sit,
1544 803 1643 830 borum
1657 802 1787 830 mistione

998 852 1028 877 et
1049 849 1216 877 commercio
1229 849 1376 877 aediﬁcium
1404 856 1485 878 omne
1507 849 1600 884 perire
1628 852 1658 876 et
1674 849 1764 877 everti
1777 869 1785 881 .
1820 871 1825 877 .

157 892 195 925 ὡς
218 893 236 929 ἡ
259 891 362 920 τούτων
378 890 514 928 ἐπιμιξία,
531 892 579 924 τῆς
591 889 655 925 ὅλης
671 889 815 924 οἰκοδομῆς
831 889 948 914 ποιεῖται

1008 894 1212 930 livinorumque
1240 894 1418 922 denariorum
1451 894 1560 922 decoris
1592 894 1709 930 gratiam
1739 898 1786 921 au-

159 938 261 974 φθοράν
277 938 323 965 καὶ
338 937 509 972 καθαίρεσιν,
521 937 569 964 καὶ
579 936 646 972 συλᾷ
660 936 710 972 τῆς
723 935 777 962 τῶν
787 934 867 962 Θείων
881 934 947 962 ἀνα-

159 984 289 1020 θημάτων
303 983 468 1019 εὐπρεπείας
484 982 533 1019 τὴν
548 982 638 1018 χάριν.

195 1033 248 1062 ος’.
265 1029 361 1059 οὐδεὶς
375 1028 487 1056 δύναταί
500 1036 562 1056 τινα
574 1027 631 1054 τῶν
644 1026 798 1063 εἰρημένων
812 1024 949 1061 δαιμόνων

158 1076 230 1112 ῑχων
247 1076 299 1111 τὴν
319 1074 421 1111 ἀρετὴν
437 1073 707 1110 συμμετερχόμενον,
722 1072 826 1108 ταύτην
840 1071 880 1107 τῷ
892 1072 951 1098 Κυ-

162 1121 212 1156 ρίῳ
225 1119 418 1155 οἰκοδομῆσαι·
443 1118 473 1145 οὺ
489 1117 542 1154 γὰρ
557 1118 616 1153 Ιχει
629 1117 676 1144 τὸν
690 1116 757 1144 Θεὸν
771 1116 826 1144 τῶν
838 1115 951 1150 γινομέ-

160 1174 215 1193 νων
228 1166 305 1198 τέλος
318 1185 326 1198 ,
348 1165 378 1192 ὃν
395 1164 531 1199 θεώμενος
546 1163 651 1199 ταύτην
665 1162 793 1196 διέξεισιν
805 1170 812 1177 ·
838 1161 906 1188 ἀλλὰ
920 1160 952 1188 τὺ

163 1211 259 1244 πάθος,
275 1211 344 1247 ὅπερ
356 1210 400 1238 διὰ
411 1209 514 1246 ταύτης
531 1209 700 1244 συνίστησιν.

196 1297 246 1330 οἷ’.
260 1298 292 1324 Οί
308 1298 367 1325 κακτ*
379 1295 496 1331 ἔλλειψιν
508 1296 608 1332 ἀρετῆς
622 1294 814 1331 πολεμοῦντες,
826 1293 953 1329 δαίμνᾶς

164 1343 250 1377 Εἰσιν,
276 1344 301 1370 οἱ
325 1342 454 1379 πορνείαν
478 1342 526 1369 καὶ
539 1341 642 1378 μέθην,
668 1341 852 1377 φιλαργυρίαν
863 1349 893 1367 τε
906 1340 954 1368 καὶ

163 1390 261 1425 φθόνον
275 1389 462 1420 διδάσκοντες-
480 1389 506 1415 οι
519 1389 548 1415 δὲ
561 1388 624 1416 καθ’
637 1388 791 1424 ὑπερϐολὴν
805 1387 955 1423 πολεμοῦν-

163 1444 231 1468 τες,
258 1435 327 1462 εἰσὶν
347 1435 373 1461 οἱ
403 1434 452 1469 τὴν
478 1434 566 1469 οίησιν
595 1433 641 1461 καὶ
666 1433 717 1469 τὴν
741 1433 893 1467 κενοδοξίαν
908 1433 955 1461 καὶ

163 1481 214 1517 τὴν
239 1481 426 1516 ὑπερηφανίαν
453 1480 709 1512 διδάσκοντες,’καὶ
726 1479 770 1506 διὰ
793 1480 848 1507 τῶν
860 1480 955 1514 δεξιῶν

163 1527 222 1559 τοῖς
235 1527 394 1562 ἀριστεροῖς
407 1524 654 1561 ὲπικεκρυμμένως
669 1525 860 1561 ὲμπείροντες.

199 1594 251 1628 οη’.
269 1591 332 1619 Εἴθε
348 1592 455 1626 γένοιτο
470 1591 517 1618 καὶ
531 1591 605 1627 ἡμᾶς
617 1591 662 1618 ἀεὶ
675 1591 765 1626 λέγειν
775 1592 833 1623 τοῖς
846 1592 876 1618 ὲν
889 1590 956 1618 πλάν-

165 1647 250 1674 σματι
275 1638 367 1672 φιλίας
391 1638 581 1673 πνευματικῆς
605 1638 729 1673 ἀοράτως
752 1637 956 1672 προσϐάλλουσι

164 1684 303 1719 πνεύμασι
319 1685 368 1719 τῆς
387 1683 529 1719 πονηρίας,
545 1683 593 1710 καὶ
607 1683 651 1710 διὰ
664 1683 712 1710 τοῦ
728 1683 831 1718 ἀγαθοῦ
847 1682 957 1719 λεληθό-

164 1739 220 1763 τως
229 1730 398 1766 βουλομένοις
411 1730 633 1764 κατεργάσασθαι
646 1730 696 1764 τῆς
707 1727 845 1765 ἁμαρτίας
857 1729 902 1756 τὸν
910 1728 958 1755 θά-

165 1785 246 1805 νατον
257 1778 303 1804 καὶ
313 1777 431 1811 λέγουσι·
440 1775 740 1809 Συνοικοδομήσομεν
747 1774 816 1809 ὑμῖν
823 1773 957 1801 terr-adv

166 1822 209 1856 τῷ
215 1821 407 1856 Κυρίφὺμῶν·
416 1822 478 1855 Οὐχ
487 1820 558 1854 ἡμῖν
566 1819 615 1846 καὶ
623 1818 694 1854 ὑμῖν
701 1818 754 1846 τοῦ
762 1818 958 1853 σίκοδομῆσαι

166 1868 222 1896 τὸν
232 1866 319 1895 οἷκον
331 1867 428 1901 Κυρίῳ
442 1866 482 1899 τῷ
494 1865 556 1898 Θεῷ
570 1863 655 1899 ἡμῶν
666 1873 673 1880 -
702 1863 788 1898 ἡμεῖς
801 1864 856 1898 γὰρ
870 1862 958 1897 μόνοι

166 1914 408 1950 οἰκοδομήσομεν
422 1912 462 1946 τῷ
473 1912 572 1946 Κυρίῳ
585 1911 638 1938 τοῦ
654 1911 783 1944 Ἰσραήλ.
798 1909 881 1937 Μόνοι
894 1909 955 1946 μὲν,

166 1963 210 1990 ὃτι
221 1963 276 1989 τῶν
288 1961 349 1988 κατ’
362 1959 480 1994 ἔλλειψιν
494 1958 544 1993 τῆς
557 1957 660 1993 ἀρετῆς
673 1956 866 1991 πολεμούντων
880 1955 958 1982 ἔλευ-

169 2008 335 2044 θερωθὲντες
362 2005 525 2041 πνευμάτων
537 2024 544 2037 ,
572 2000 609 2030 ὧν
625 2003 672 2030 καὶ
688 2002 878 2037 ὲκϐεϐήκαμεν
890 2021 898 2033 ,
926 2001 957 2028 οὐ

169 2053 323 2089 βουλόμεθα
336 2053 398 2084 ταῖς
414 2049 580 2087 ὑπερϐολαῖς
592 2048 626 2075 δι’
637 2048 714 2084 ὑμῶν
727 2048 892 2084 ἐπαρθέντες
904 2047 957 2075 πά-

168 2099 213 2126 λιν
227 2098 412 2134 περι-καρῆναι
425 2117 433 2130 ,
459 2097 506 2124 καὶ
520 2096 614 2123 πεσεῖν
629 2095 744 2127 πτῶσιν,
768 2093 895 2120 τοσοῦτον
908 2093 958 2128 τῆς

168 2143 307 2180 προτέρας
334 2142 529 2178 χαλεπωτέραν
542 2161 550 2174 ,
575 2141 637 2168 ὅσον
653 2140 704 2174 τῆς
720 2140 769 2176 μὲν
782 2137 816 2175 ἦν
828 2138 957 2166 ἐπανόδου

169 2190 249 2220 ἐλπὶς
262 2188 386 2223 εὐχερὴς,
401 2187 597 2222 συγγνωσθεῖσι
607 2186 652 2213 διὰ
658 2186 706 2221 τὴν
715 2185 864 2212 ἀσθένειαν·
875 2185 909 2220 τῇ
917 2183 956 2216 δὲ,

168 2236 188 2272 ἢ
212 2235 262 2262 οὐκ
283 2233 367 2266 ἐστιν,
394 2233 411 2269 ἢ
432 2232 564 2268 δυσχερὴς
587 2232 663 2259 ἔσται
687 2232 824 2268 μισηθεῖσι
844 2230 888 2258 διὰ
907 2230 957 2266 τὴν

169 2279 362 2316 ὑπερηφανίαν
375 2297 384 2312 ,
412 2279 461 2306 καὶ
478 2278 525 2305 τοῦ
540 2278 626 2311 δεξιοῦ
642 2279 815 2314 ποιουμένοις
827 2278 920 2314 ἕτερόν
931 2286 958 2304 τι

169 2325 340 2361 δεξιιίηερον.
370 2325 407 2352 Οὺ
423 2324 499 2360 μόνοι
510 2324 539 2351 δὲ
553 2324 645 2355 πάλιν,
668 2325 709 2352 ὅτι
723 2325 787 2356 τοὺς
800 2324 894 2359 ἁγίους
905 2324 957 2358 ἀγ-

171 2371 268 2406 γέλους
288 2370 386 2407 ἔχομεν
402 2371 456 2397 τῶν
469 2370 561 2397 καλῶν
574 2370 763 2406 συλλήπτορας
775 2378 782 2385 ·
812 2369 911 2405 μᾶλλον
929 2370 959 2397 δὲ

171 2417 218 2444 τὸν
239 2416 305 2444 Θεὸν
323 2417 405 2444 αὐτὸν
415 2437 422 2450 ,
449 2417 517 2451 ἡμῖν
536 2416 633 2443 ἑαυτὸν
647 2415 831 2451 ἐμφανίζοντα
847 2414 891 2441 διὰ
905 2414 959 2441 τῶν

172 2462 261 2498 ιργων
274 2463 324 2497 τῆς
336 2461 509 2496 δικαιοσύνης
519 2482 527 2494 ,
556 2461 603 2487 καὶ
617 2462 691 2497 ἡμᾶς
703 2460 792 2496 ἑαυτῴ
807 2461 869 2488 ναὸν
881 2460 959 2495 ἅγιον

173 2505 375 2540 οἰκοδομοῦντα,
391 2505 439 2533 καὶ
450 2505 551 2536 παντὸς
565 2504 668 2537 πάθους
683 2504 834 2541 ἐλεύθερον.

209 2572 257 2599 00'.
281 2572 394 2608 Ἀρετῆς
410 2573 471 2608 ὅρος
484 2573 558 2600 ἐστὶν
571 2593 578 2605 ,
596 2574 613 2608 ἡ
628 2572 678 2608 τῆς
692 2571 865 2608 ἀνθρωπίνης
878 2573 960 2600 ἀσθε-

174 2619 247 2650 νείας
262 2619 321 2645 κατ’
333 2619 479 2653 ἐπίγνωσιν
494 2620 563 2654 πρὸς
576 2619 626 2654 τὴν
638 2619 713 2646 θείαν
724 2619 840 2654 δύναμιν
850 2620 959 2652 ἓνωσις.

179 2665 210 2691 '0
229 2664 318 2691 τοίνυν
340 2665 435 2691 ἑαυτὸν
457 2666 491 2701 τῇ
505 2665 632 2700 ἀσθενείᾳ
647 2665 826 2700 περιγράφων
842 2666 892 2702 τῆς
908 2666 960 2702 φύ-

174 2719 242 2742 σεινς
257 2730 264 2743 ,
293 2711 361 2746 πρὸς
374 2712 419 2738 τὸν
432 2711 494 2747 ὅρον
511 2712 560 2738 οὐκ
572 2709 637 2747 ἦ).οε
651 2711 701 2748 τῆς
714 2712 815 2747 ἀρετῆς
824 2721 830 2727 '
855 2713 902 2740 κῖιὶ
916 2713 961 2741 διὰ

209 2789 232 2804 ’⁷
250 2788 285 2815 111
300 2787 378 2815 Esdr.
393 2797 419 2821 ν,
433 2789 477 2815 71.

208 2846 219 2860 “
234 2846 275 2874 Cf.
291 2846 323 2874 ad
338 2846 459 2874 Tlialass.
475 2854 502 2883 q.
519 2847 561 2874 56.

997 940 1073 969 ferri.

1038 1030 1083 1059 '16.
1106 1030 1194 1058 Nemo
1209 1030 1257 1066 qui
1284 1029 1370 1058 ullum
1398 1029 1536 1057 dictorum
1559 1029 1715 1057 demonu‘m
1738 1035 1787 1056 eo-

999 1077 1082 1105 lenda
1103 1077 1208 1105 virtute
1234 1077 1390 1112 adiutorem
1416 1082 1449 1103 ac
1471 1075 1578 1104 socium
1606 1078 1704 1102 nactus
1731 1074 1786 1106 sit.

1001 1124 1117 1152 Domino
1130 1123 1267 1152 aedificare
1278 1126 1386 1158 potest;
1404 1121 1505 1157 quippe
1520 1121 1568 1157 qui
1580 1121 1678 1154 Deum,
1690 1127 1788 1148 eorum

968 1203 970 1206 ι
1001 1177 1063 1205 qua:
1087 1169 1158 1197 ﬁunt
1183 1169 1264 1197 ﬂiiem
1285 1175 1341 1196 non
1358 1168 1478 1201 habeat,
1500 1168 1529 1195 in
1555 1173 1638 1202 quem
1662 1171 1790 1202 spectans

1002 1215 1049 1244 illa
1065 1216 1249 1251 defungatur,
1272 1214 1322 1242 sed
1346 1214 1475 1242 affectum
1504 1213 1613 1250 (vitium
1632 1213 1739 1241 scilicet
1757 1220 1791 1240 ac

1002 1260 1157 1296 libidinem)
1172 1267 1254 1295 quem
1271 1259 1371 1287 collata
1397 1259 1425 1286 in
1441 1265 1503 1287 eam
1529 1264 1613 1294 opera
1643 1257 1789 1286 substruit.

1039 1307 1082 1334 77.
1099 1305 1150 1340 Qui
1166 1313 1216 1341 per
1231 1305 1368 1333 defectum
1383 1304 1495 1332 virtutis
1510 1304 1671 1340 impugnant
1688 1303 1792 1331 dmo-

1003 1359 1064 1384 nes,
1091 1351 1120 1378 hi
1139 1355 1213 1384 sunt,
1242 1351 1290 1386 qui
1322 1349 1533 1377 fornicationem
1556 1353 1585 1377 et
1604 1348 1767 1376 ebrietatem
1781 1367 1791 1381 ,

1004 1395 1201 1430 avaritiamque
1224 1399 1254 1422 et
1276 1393 1410 1421 invidiam
1432 1393 1556 1421 docent:
1575 1393 1622 1428 qui
1649 1399 1718 1420 vero
1741 1399 1790 1427 per

1004 1447 1158 1472 excessum,
1173 1439 1220 1474 qui
1234 1439 1365 1466 tumentis
1379 1437 1465 1466 animi
1478 1437 1579 1465 fastum
1588 1441 1616 1464 ct
1631 1436 1790 1467 elationem,

1005 1485 1170 1520 inanemque
1183 1485 1297 1520 gloriam
1310 1489 1338 1512 ct
1353 1483 1510 1518 superbiam
1523 1490 1586 1510 cum
1601 1482 1730 1514 doceant,
1741 1489 1792 1517 per

1005 1538 1039 1559 ea
1055 1539 1117 1567 quae
1132 1531 1252 1558 secunda
1267 1534 1340 1562 sunt,
1357 1529 1477 1557 sinistris
1490 1529 1598 1556 occulte
1618 1528 1755 1556 inserunt.

1041 1597 1084 1625 78.
1115 1597 1225 1625 Utinam
1257 1604 1307 1624 nos
1334 1603 1444 1631 quoque
1473 1603 1582 1631 semper
1614 1594 1794 1630 nequissimis

1006 1641 1158 1676 spiritibus,
1183 1639 1245 1668 ﬁcta
1271 1639 1403 1675 spiritalis
1423 1640 1552 1667 amicitiae
1578 1640 1670 1674 specie
1694 1639 1792 1668 invisi-

1006 1687 1099 1714 biliter
1114 1686 1314 1718 adoricntibus,
1324 1684 1444 1720 bonique
1456 1689 1589 1720 praetextu
1603 1691 1634 1712 ac
1647 1685 1794 1713 occasione

1006 1733 1113 1760 occulte
1139 1732 1244 1766 peccati
1269 1735 1386 1758 mortem
1409 1731 1580 1759 consciscere
1615 1731 1795 1759 molientibus

1007 1786 1039 1805 ac
1053 1777 1209 1804 dicentibus
1225 1786 1231 1802 :
1243 1775 1443 1810 zEdi/icabimus
1457 1776 1586 1804 vobiscum
1601 1777 1727 1812 templum
1739 1776 1794 1804 Da—

1008 1823 1078 1849 mino
1097 1824 1192 1854 vestro,
1209 1821 1334 1849 dicanms
1348 1831 1353 1848 :
1371 1821 1430 1848 Non
1445 1825 1483 1848 est
1509 1821 1580 1849 nobis
1604 1824 1629 1848 et
1644 1820 1714 1849 vobis
1728 1822 1794 1849 cedi—

1007 1867 1089 1902 ﬁcare
1104 1867 1211 1894 domum
1231 1866 1343 1893 Domino
1362 1866 1416 1893 Deo
1441 1869 1556 1894 nostra:
1579 1874 1626 1894 nos
1655 1868 1724 1894 enim
1745 1868 1796 1895 soli

1007 1912 1195 1947 adi/icabimns
1211 1911 1322 1939 Domino
1335 1912 1428 1940 Israel.
1458 1911 1513 1940 Soli
1532 1911 1655 1948 quidem,
1679 1913 1742 1948 quia
1760 1914 1795 1941 ab

1007 1959 1043 1986 iis
1067 1958 1174 1986 liberati
1203 1958 1355 1993 spiritibus,
1379 1959 1426 1994 qui
1449 1967 1499 1994 per
1521 1959 1634 1987 virtutis
1657 1959 1795 1987 defectum

1008 2001 1217 2038 impugnabant,
1234 2010 1304 2038 quos
1321 2003 1498 2031 etcvasimus
1510 2024 1517 2037 ,
1535 2004 1667 2031 nolumus
1681 2012 1730 2040 per
1746 2013 1796 2032 vos

1008 2050 1108 2077 iterum
1122 2049 1291 2076 excellentiis
1309 2049 1373 2077 elati
1390 2049 1522 2085 transfigi,
1547 2053 1679 2085 tantoque
1703 2050 1796 2085 priore

1009 2096 1092 2132 578
1108 2097 1235 2133 graviore
1249 2103 1314 2124 casu
1328 2103 1420 2129 ruere,
1437 2101 1540 2132 quanto
1565 2096 1600 2124 ab
1621 2096 1668 2124 illo
1682 2097 1795 2132 quidem

1010 2142 1099 2170 facilis
1121 2145 1180 2170 erat
1204 2148 1266 2177 spes
1283 2141 1390 2169 reditus
1402 2162 1410 2175 ,
1436 2141 1538 2176 quibus
1553 2141 1588 2169 ob
1607 2141 1797 2169 infirmitatem

1010 2188 1140 2223 proclivis
1154 2187 1233 2215 venia
1258 2187 1353 2215 foret:
1371 2187 1405 2215 ab
1432 2187 1487 2215 hoc
1507 2191 1617 2220 autem,
1642 2192 1690 2215 aut
1710 2187 1796 2220 nulla,

1010 2238 1059 2261 aut
1069 2241 1150 2268 quam
1161 2233 1278 2261 difﬁcilis
1291 2233 1354 2266 erit,
1369 2241 1438 2268 quos
1450 2233 1580 2268 superbia
1589 2241 1688 2261 exesos
1702 2233 1795 2265 faciat.

1011 2287 1043 2307 ac
1069 2280 1116 2314 qui
1139 2286 1173 2307 eo
1195 2279 1267 2314 quod
1294 2279 1420 2306 dextrum
1442 2283 1502 2311 cst,
1528 2279 1602 2306 aliud
1627 2279 1693 2315 quid
1710 2281 1798 2315 magis

1012 2325 1141 2353 dextrum
1160 2332 1370 2361 praesumamus.
1394 2325 1501 2353 Rursus
1519 2329 1611 2352 autem
1639 2333 1693 2352 non
1720 2326 1769 2353 soli
1789 2346 1796 2358 ,

1011 2370 1085 2405 quod
1103 2374 1213 2398 sanctos
1233 2370 1345 2405 angelos
1371 2370 1508 2398 bonorum
1531 2370 1672 2406 adjutores
1694 2370 1798 2398 habea-

1013 2423 1092 2447 mus;
1105 2415 1172 2450 quin
1184 2415 1238 2442 imo
1260 2415 1350 2450 ipsum
1367 2415 1464 2448 Deum,
1477 2422 1527 2450 per
1541 2415 1655 2450 iustitia:
1669 2423 1751 2450 opera
1768 2423 1799 2443 se

1012 2461 1093 2488 nobis
1104 2460 1335 2492 manifestantem,
1351 2468 1455 2495 nosque
1467 2460 1520 2487 sibi
1534 2460 1562 2487 in
1587 2461 1720 2495 templum
1733 2468 1797 2488 sau-

1012 2512 1098 2539 ctum,
1114 2514 1146 2535 ac
1162 2507 1237 2535 omni
1254 2514 1355 2534 vacans
1370 2507 1442 2539 labe,
1453 2507 1646 2535 :edificautem.

1051 2576 1094 2603 79.
1110 2575 1226 2603 Virtutis
1241 2575 1311 2603 ratio
1325 2579 1377 2607 est,
1400 2574 1570 2603 inﬁrmitatis
1588 2575 1717 2604 humane
1735 2583 1798 2604 cum

1013 2621 1106 2649 divina
1127 2621 1250 2657 potentia
1268 2627 1318 2656 per
1338 2620 1505 2656 agnitionem
1529 2621 1603 2649 unio.
1630 2621 1682 2655 Qui
1707 2622 1802 2656 itaque

1013 2667 1072 2702 ipse
1088 2674 1116 2694 se
1133 2670 1238 2694 na'urze
1250 2666 1409 2693 inﬁrmitate
1434 2666 1633 2694 circumscribit
1660 2667 1694 2694 ad
1710 2667 1799 2694 virtu-

1015 2713 1049 2741 tis
1063 2713 1197 2740 rationem
1214 2719 1268 2739 non
1282 2711 1376 2744 venit;
1390 2709 1507 2745 ideoque
1521 2711 1667 2747 delinquit,
1682 2711 1799 2739 necdum
