1920 3076
180 159 246 191 1237

510 157 677 207 CA.PITUM
695 156 906 194 QUlNQUIES
925 156 1186 190 CENTENORUM
1208 161 1403 192 CENTURIA
1422 163 1481 194 III.

1741 164 1809 196 12le

176 218 231 244 τῶν
246 216 404 252 δαιμονίων,
420 217 469 244 οὐκ
483 217 657 244 εἰσακούεται
672 216 902 252 προσευχόμενος,
919 215 958 241 οὺς

1021 214 1115 243 niente
1131 223 1196 252 erga
1219 225 1341 245 errorem
1362 219 1528 253 diemonum,
1549 228 1601 248 nec
1623 220 1681 256 ipse
1696 223 1810 250 exaudi-

179 263 248 298 ἔχων
272 263 313 294 εἰς
335 264 490 299 προσευχῆς
506 263 637 298 δύναμιν,
667 263 718 298 τὴν
731 262 786 289 ἀπὺ
800 263 851 298 τῆς
866 262 970 297 πλάνης

177 309 231 335 τῶν
245 308 334 335 ἀθέων
347 309 483 336 Ἰουδαίων
496 309 673 345 ἐπιστροφήν.
692 309 773 336 Ὅθεν
784 308 832 335 τοῦ
843 308 970 343 διακενῆς

178 356 378 392 προσεύχεσθαι
396 358 442 383 καὶ
457 356 551 384 τοῦτον
565 357 679 392 ἀπάγων
694 358 708 383 ὁ
720 357 798 389 Θεδς,
817 357 896 391 φησὶ,
913 355 969 382 Καὶ

178 403 219 430 σὺ
234 403 277 438 μὴ
295 404 469 438 προσεύχου
490 404 557 437 περὶ
573 402 626 430 τοῦ
640 403 718 430 λαοῦ
733 403 852 434 τούτου,
866 402 914 429 καὶ
925 401 967 436 μὴ

178 449 268 481 ἀξίου
292 449 345 476 τοῦ
365 449 526 484 ἐλεηθῆναι
541 449 663 482 αὐτοὺς,
680 449 727 476 καὶ
741 448 784 484 μὴ
799 449 902 483 εὔχου,
920 448 968 474 καὶ

175 494 218 528 μὴ
236 495 408 528 προσέλθῃς
420 503 471 529 μοι
487 495 554 528 περὶ
569 494 669 522 αὐτῶν
681 494 725 522 ἐτι
736 516 744 528 ,
772 494 817 521 ὅτι
834 495 889 522 οὐκ
905 495 968 520 εισ-

178 540 355 574 ιιλιούσομαι.

215 588 271 619 πγ¹.
290 585 396 620 Πολλῆς
410 586 493 618 ὅντως
508 587 583 613 ἐστὶν
597 586 772 622 ἀδελτηρίας,
787 587 831 613 ἴνα
846 585 883 622 μὴ
896 585 967 620 λέγω

178 631 393 668 παραφροσύνης
405 652 412 664 ,
440 633 473 660 δι’
484 634 567 669 εὐχῆς
590 633 703 660 δικαίων
724 633 864 668 ἐπιζητεῖν
878 641 967 668 σωτη-

179 677 239 711 ράν
251 697 259 710 ,
291 677 338 704 τδν
361 678 432 706 κατὰ
455 679 575 706 διάθεσιν
594 680 651 711 τοῖς
670 679 804 715 ὀλεθρίοις
817 679 965 715 ἡδόμενονθ

176 722 311 750 κάκείνων
340 723 475 751 αιτεῖσθαι
505 723 699 760 συγχώρησιν,
730 721 771 756 οἷς
795 724 966 759 ὲγκαυχᾶται

176 768 384 804 κατ’ὲνέργειαν
398 769 526 806 προθέσει
544 770 734 806 σπιλούμενος,
752 770 811 797 δέον
827 770 864 806 μὴ
877 770 966 807 ἀργὴν

175 814 222 849 ἐᾷν
243 814 367 849 γίνεσθαι
391 817 438 842 καὶ
457 816 587 852 ἀκίνητον
610 818 658 844 τοῦ
677 817 782 844 δικαίου
797 817 846 853 τὴν
860 816 964 852 δέησιν,

173 860 220 885 τλν
247 859 349 895 ταύτης
371 860 515 896 δεόμενον,
544 862 622 898 ειπερ
642 862 750 898 ἀληθῶς
764 863 822 894 τοῖς
836 864 965 898 πονηροῖς

174 905 357 940 ἀπεχθάνεται
367 915 374 923 ·
401 907 460 934 ἀλλ’
470 908 582 944 ἐνεργὸν
595 910 683 936 ποιεῖν
698 909 746 936 καὶ
760 909 885 945 ἰσχυρὰν,
900 910 963 942 ταῖς

174 947 288 983 οἰκείαις
311 952 422 988 ἀρεταῖς
445 955 643 991 πτερουμένην,
668 956 716 983 καὶ
738 955 893 991 φθάνουσαν
916 957 963 984 τὸν

175 996 349 1034 συγχώρησιν
361 999 462 1027 διδόναι
473 1001 528 1028 τῶν
539 1001 791 1039 πλημμεληθέντων
802 1003 960 1039 δυνάμενον.

210 1086 263 1114 πδν.
291 1088 375 1116 Πολὺ
395 1090 493 1124 ἰσχύει
516 1091 569 1119 τοῦ
585 1092 702 1120 δικαίου
723 1093 742 1128 ή
759 1093 881 1128 δέησις,
906 1094 962 1121 εἴτε

174 1133 206 1159 ἐκ
228 1133 277 1160 τοῦ
301 1136 464 1171 ποιουμένου
479 1137 580 1172 ταύτην
593 1138 697 1165 δικαίου
707 1159 715 1171 ,
746 1140 800 1166 εἴτε
815 1139 847 1166 ὲκ
859 1139 906 1166 τοῦ
919 1139 962 1174 γί-

173 1179 267 1206 νεσθαι
281 1181 367 1216 αὐτὴν
381 1182 540 1217 αἰτουμένου
556 1183 603 1210 τὸν
615 1185 719 1212 δίκαιον
731 1205 738 1217 ,
765 1182 960 1221 ἐνεργουμένη.

178 1224 246 1251 Ὑπὸ
259 1225 307 1260 μὲν
321 1227 375 1263 γὰρ
388 1227 434 1255 τοῦ
447 1229 550 1255 δικαίου
563 1230 759 1266 ἐνεργουμένη,
770 1231 877 1258 δίδωσιν
888 1232 961 1267 αὑτῷ

174 1271 330 1306 παρρησίαν
343 1274 410 1309 πρὸς
421 1274 468 1301 τὸν
480 1275 571 1302 δοῦναι
583 1276 730 1312 δυνάμενον
739 1278 773 1305 τὰ
783 1277 838 1304 τῶν
848 1278 961 1305 δικαίων

172 1317 322 1352 αίτήματα’
337 1318 390 1346 ὗπδ
401 1319 429 1346 δὲ
441 1320 487 1346 τοῦ
501 1321 604 1357 ταύτην
618 1322 778 1357 αἰτουμένου
790 1323 836 1350 τὸν
845 1323 958 1357 δίκαιον,

171 1362 222 1396 τῆς
235 1363 373 1398 προτέρας
385 1364 466 1392 αὑτὸν
481 1366 632 1402 μοχθηρίας
646 1367 775 1403 ἀφίστησι
788 1389 795 1402 ,
823 1369 959 1404 μεταὸάλ-

171 1407 255 1434 λουσα
272 1409 340 1443 πρὸς
354 1410 455 1446 ἀρετὴν
470 1411 545 1447 αὑτῷ
558 1412 607 1448 τὴν
620 1413 748 1441 διάθεσιν.

207 1456 259 1480 σις’.
269 1454 278 1464 ¹
288 1454 341 1481 Τοῦ
350 1455 513 1483 Ἀποστόλου
526 1459 677 1493 εἰρηκότος,
687 1456 768 1494 Ἐνῷ
775 1460 960 1496 ἀγαλλιᾶσθε

171 1498 276 1533 ὀλίγον
290 1499 365 1534 ἄρτι,
383 1502 409 1528 ει
432 1501 502 1529 δέον
520 1503 585 1530 ἐστὶ
608 1505 802 1540 λυπηθέντας
822 1507 900 1542 ὑμᾶς
924 1507 959 1534 ἐν

169 1544 323 1578 ποικίλοις
339 1548 524 1582 πειρασμοῖς,
542 1549 601 1581 πῶς
614 1559 656 1583 τις
669 1550 838 1586 λυπούμενος
852 1553 880 1579 ἐν
898 1561 958 1580 πει-
971 1556 993 1586 C

170 1591 287 1625 ρασμοῖς
301 1590 410 1618 δύναται
425 1593 604 1628 ἀγαλλιᾶσοαι
617 1596 645 1622 ὲν
658 1592 679 1631 ᾧ
691 1596 813 1624 λυπεῖται
828 1607 836 1632 ;

205 1682 264 1711 πς’.
281 1680 337 1716 Τὴν
348 1681 437 1718 λύπην
449 1683 540 1719 διττὴν
552 1683 606 1712 οἵδε
623 1686 674 1720 τῆς
687 1686 814 1723 ἀληθείας
829 1690 843 1716 ὀ
857 1690 934 1723 λόγος
947 1698 956 1705 ·

167 1725 218 1760 τὴν
231 1725 291 1760 μὲν,
305 1728 377 1755 κατὰ
389 1728 478 1764 ψυχὴν
491 1730 601 1764 ἀφανῶς
613 1741 620 1748 ν
644 1732 693 1767 τὴν
706 1733 744 1765 δὲ,
758 1733 818 1760 κατ’
830 1734 957 1770 αἴσθησιν

169 1771 296 1806 φανερῶς
310 1774 518 1809 συνισταμένην·
534 1776 580 1802 καὶ
594 1777 643 1811 τὴν
660 1778 720 1812 μὲν,
735 1778 795 1805 ὅλον
807 1779 856 1814 τῆς
866 1779 956 1816 ψυχῆς

167 1816 199 1842 τὸ
215 1816 296 1851 βάθος
310 1818 577 1854 περιλαμϐάνουσαν,
595 1823 628 1857 τῇ
644 1823 755 1858 μάστιγι
769 1825 819 1858 τῆς
832 1825 955 1861 συνειδή-

168 1869 236 1893 σεως
251 1862 434 1899 αίκιζόμενον’
450 1866 499 1901 τὴν
513 1866 552 1897 δὲ,
570 1868 659 1894 πᾶσαν
673 1869 722 1904 τὴν
738 1869 864 1905 αἴσθησιν
877 1879 954 1906 περι-

167 1907 325 1944 γράφουσαν
337 1929 345 1941 ,
371 1910 411 1945 τῷ
433 1910 510 1947 βάρει
526 1912 580 1938 τῶν
592 1912 723 1947 ἀλγεινῶν
739 1915 954 1952 συστελλομένην

166 1952 217 1987 τῆς
230 1956 347 1990 φυσικῆς
359 1955 525 1991 διαχύσεως·
556 1959 604 1985 καὶ
618 1959 667 1994 τὴν
683 1960 733 1994 μὲν
743 1981 749 1992 ,
776 1961 826 1996 τῆς
839 1962 899 1988 κατ’
911 1963 954 1989 αἷ-

168 1995 263 2029 σθησὲι
278 1997 371 2034 ἡδονῆς
388 2007 395 2013 ·
424 2000 473 2035 τὴν
488 2000 526 2032 δὲ,
537 2001 587 2035 τῆς
603 2004 672 2030 κατὰ
683 2004 772 2040 ψυχὴν
784 1995 954 2042 εὖφροσύνης

166 2041 242 2074 τέλος
257 2043 432 2080 ὑπάρχουσαν
444 2055 452 2062 ·
472 2048 573 2081 μᾶλλον
586 2049 614 2075 δὲ
629 2050 679 2085 τὴν
693 2051 754 2085 μὲν,
771 2052 825 2078 τῶν
841 2054 900 2079 κατ’
910 2041 953 2080 αἶ’-

167 2088 262 2123 σθησιν
283 2091 430 2126 γνωμικῶν
443 2101 450 2108 ·
476 2093 526 2129 τὴν
546 2094 584 2126 δὲ,
601 2095 658 2122 τῶν
674 2097 733 2122 κατ’
746 2097 830 2134 αὐτὴν
845 2099 950 2134 συμπέ-

165 2143 260 2171 ρασμα
274 2137 348 2171 παρὰ
361 2139 472 2175 γνώμην
487 2140 580 2167 παθῶν
593 2142 786 2177 τυγχάνουσαν.

199 2224 253 2256 πζ’.
275 2225 353 2262 Λύπη
370 2227 428 2254 ἐστὶ
439 2249 446 2259 ,
471 2231 531 2256 κατ’
543 2230 592 2265 ἐμὲ
608 2231 700 2266 φάναι,
717 2233 837 2267 διάθεσις
848 2236 950 2271 ἡδονῶν

162 2271 333 2308 ἑστερημένη
343 2280 350 2288 ·
369 2274 497 2309 στέρησις
510 2275 538 2302 δὲ
553 2276 722 2313 καθέστηκεν
733 2279 845 2315 ἡδονῶν,
861 2283 949 2310 πόνων

161 2317 295 2352 ἐπαγωγή
307 2325 315 2333 ⁸
341 2319 422 2350 πόνος
434 2319 462 2346 δὲ
478 2320 570 2356 σαφῶς
584 2322 654 2355 ἐστι,
678 2326 797 2361 φυσικῆς
811 2326 894 2359 ἕξεως
907 2328 949 2355 ἔλα

161 2358 250 2408 Esaia;
276 2361 292 2395 ἦ
319 2361 514 2408 υποχώρησις·
544 2365 662 2402 ἔλλειψις
681 2369 710 2396 δὲ
737 2358 852 2408 φυσικῆς
875 2358 948 2401 ἐστιν

160 2403 247 2454 esse;
257 2425 264 2438 ,
295 2406 380 2439 πάθος
404 2409 454 2444 τῆς
469 2411 540 2438 κατὰ
553 2412 634 2446 φύσιν
648 2403 877 2454 ὑποκειμένης-τῇ
891 2419 947 2452 ἔξει

159 2450 313 2502 δυνέιμεως.
331 2453 368 2480 Τὸ
380 2454 407 2481 δὲ
422 2455 506 2489 πάθος
521 2457 570 2493 τῆς
584 2460 654 2487 κατὰ
667 2450 753 2495 φύσιν.
763 2450 947 2502 ὑποκειμένης

160 2497 193 2547 τῇ
217 2496 272 2529 ἔξει
295 2498 435 2534 δυνάμεώς
454 2502 544 2536 ἔστιν,
574 2505 588 2531 ὁ
604 2506 674 2533 κατὰ
698 2507 747 2544 τὴν
771 2496 946 2547 παράχίρησίν

160 2542 219 2590 τῆς,
229 2545 346 2590 φυσικῆς
360 2546 501 2581 ἐνεργείας
518 2549 618 2584 τρόπος
630 2559 638 2566 ·
667 2542 839 2590 παραχρησις
849 2542 880 2582 ’ἐξ
895 2542 944 2583 τοῦ

160 2589 223 2637 κατῖ
232 2589 371 2625 ἐνέργειαν
382 2593 484 2626 τρόπου
499 2595 678 2632 καθέστηκεν,
693 2599 710 2634 ὴ
727 2589 794 2634 πρὸς
805 2601 835 2627 τδ
850 2601 887 2637 μὴ
899 2611 945 2628 πε-

158 2632 245 2681 φυκδς
259 2635 331 2662 κατὰ
344 2636 425 2670 φύσιν
438 2639 484 2665 καὶ
496 2638 678 2676 ὑφιστάμενον
690 2632 726 2678 (It)
740 2632 790 2679 τῆς
804 2632 945 2681 δυνάμεως

158 2677 275 2714 κίνησις.
569 2685 574 2689 ”

196 2754 203 2770 ’
219 2755 319 2784 Jerem.
338 2766 384 2791 vn,
407 2759 450 2788 16.
477 2762 585 2790 'lPetr.
605 2772 624 2797 l,
638 2765 664 2792 6.

193 2812 202 2822 '
218 2811 260 2840 Cl‘.
273 2814 307 2841 ad
322 2815 443 2845 Thalass.
456 2827 483 2854 q.
498 2819 541 2848 58.

1022 265 1076 293 tur,
1095 262 1168 296 quod
1191 262 1266 297 impii
1287 263 1376 291 Judmi
1397 265 1583 293 convertendo
1604 273 1633 292 sc
1651 265 1685 293 ab
1701 274 1806 299 errore,

1020 308 1110 335 nullas
1131 309 1284 343 precationi
1303 310 1377 337 vires
1395 310 1537 338 aﬁ'errcnt.
1557 311 1634 339 Unde
1651 316 1678 340 et
1699 313 1771 341 Deus
1792 321 1808 340 a

1018 351 1176 380 trustraneo
1196 353 1244 380 illo
1267 361 1380 389 precum
1399 355 1504 382 ambitu
1526 363 1589 383 eum
1610 364 1749 384 avocans:
1770 358 1806 384 Τιι

1019 406 1131 433 quoque,
1159 398 1258 434 inquit,
1282 399 1337 426 noli
1357 408 1435 427 orare
1455 409 1503 436 pro
1524 401 1620 437 populo
1645 402 1702 434 hoc,
1724 408 1748 429 et
1775 412 1807 429 ne

1019 450 1094 478 roges
1111 448 1140 470 ut
1159 452 1249 471 eorum
1268 446 1413 479 miserear;
1431 454 1478 474 nec
1495 447 1569 474 ultra
1590 457 1638 483 pro
1658 450 1694 476 eis
1711 449 1746 476 ad
1766 458 1807 476 me

1018 490 1167 524 accesseris,
1179 491 1242 524 quia
1256 499 1307 518 non
1317 493 1458 519 exaudiam
1476 493 1495 520 ‘.

1053 579 1097 607 85.
1115 580 1233 608 Sumam
1248 588 1342 609 revera
1360 581 1519 610 ει‹1ἱι1ἰιοιὶε
1537 588 1588 615 est,
1605 592 1639 611 ne
1652 584 1740 612 diram
1755 586 1805 613 de-

1017 626 1137 659 mentiae,
1150 627 1288 662 justorum
1308 628 1436 663 precibus
1450 629 1567 656 salutem
1583 632 1740 665 exquirere,
1758 633 1805 667 qui

1016 672 1140 705 exitiosis
1161 673 1244 701 rebus
1265 681 1300 701 ac,
1321 682 1382 709 qua:
1401 675 1544 702 interitum
1568 676 1686 711 pariant,
1712 678 1806 705 animo

1016 717 1187 751 delectetur;
1200 727 1351 754 eorumque
1365 720 1474 748 veniam
1486 726 1591 756 petere,
1601 722 1703 756 quibus
1715 724 1805 758 reipsa

1016 763 1132 792 sordens
1144 766 1246 793 mentis
1267 766 1410 801 proposito
1418 767 1566 802 glorietur;
1583 776 1645 796 eum
1658 777 1708 804 par
1720 776 1803 803 esset,

1015 810 1104 844 utqui
1121 810 1187 846 justi
1204 811 1426 847 deprecationem
1451 813 1590 848 implorat,
1611 822 1666 841 non
1688 815 1804 843 otiosam

1015 859 1162 890 motusque
1178 862 1318 891 expertem
1338 864 1370 884 ac
1388 857 1510 885 desidem
1532 866 1592 886 eam
1610 859 1670 887 ﬁeri
1688 860 1802 893 sineret.

1014 899 1037 927 si
1061 900 1143 928 modo
1159 909 1224 929 vere
1239 902 1278 929 illi
1298 902 1369 929 mala
1386 902 1582 938 displicerent;
1597 903 1645 931 sed
1665 905 1805 933 eilicacem

1012 945 1197 981 validamque,
1222 948 1343 982 propriis
1367 948 1453 982 ipsius
1482 949 1633 977 virtutibus
1657 951 1802 978 subnixam

1012 992 1153 1028 altumque
1167 993 1303 1021 volantem
1321 994 1458 1028 redderet,
1468 1004 1586 1030 eumque
1600 1002 1800 1033 assequentem,

1013 1037 1060 1072 qui
1073 1041 1164 1072 potest
1173 1037 1338 1066 delictorum
1350 1040 1458 1071 veniam
1471 1041 1605 1076 pnebere.

1047 1090 1091 1117 84.
1113 1089 1226 1118 Multum
1246 1090 1316 1118 valet
1330 1092 1398 1127 justi
1424 1092 1583 1128 deprecatio,
1606 1095 1664 1123 sive
1683 1103 1717 1123 ex
1734 1091 1812 1132 justi.

1012 1134 1099 1170 ipsius
1115 1135 1257 1163 otl'erentis
1272 1144 1400 1171 persona,
1420 1138 1478 1166 sive
1494 1139 1576 1171 illius,
1593 1141 1671 1176 cujus
1683 1142 1741 1177 ipse
1756 1151 1802 1171 ro-

1011 1182 1075 1213 gatu
1090 1179 1196 1206 Numen
1212 1179 1377 1215 interpellat,
1397 1181 1503 1209 efﬁcax.
1521 1183 1599 1212 Justo
1619 1185 1693 1213 enim
1709 1187 1803 1215 efﬁca—

1012 1229 1071 1249 cem
1092 1223 1228 1255 reddenti,
1251 1223 1379 1252 ﬁduciam
1399 1225 1566 1260 impetrandi
1591 1229 1706 1263 praebet,
1726 1232 1799 1266 apud

1011 1272 1073 1293 eum
1089 1267 1134 1300 qui
1150 1267 1288 1301 justorum
1305 1268 1455 1303 petitiones
1470 1275 1562 1305 potest
1576 1272 1715 1307 tribuere;
1735 1282 1798 1302 eum

1011 1318 1076 1338 vero
1090 1312 1138 1346 qui
1148 1313 1252 1347 justum
1269 1318 1442 1348 precatorem
1460 1315 1582 1349 adhibet,
1598 1325 1613 1345 a
1633 1318 1726 1353 priore
1746 1320 1799 1347 im-

1010 1358 1148 1393 probitate
1157 1359 1294 1395 ‘abjungit,
1304 1361 1364 1396 ejus
1378 1360 1500 1388 animum
1511 1362 1545 1390 ad
1559 1363 1688 1392 virtutem
1703 1366 1798 1393 tradu-
1815 1377 1818 1379 ·

1009 1409 1085 1430 cens.
1408 1409 1415 1415 '

1044 1449 1089 1477 85.
1114 1450 1182 1478 Cum
1197 1451 1344 1486 Apostolus
1365 1451 1440 1480 dicat
1458 1461 1465 1480 :
1487 1453 1520 1480 In
1544 1461 1594 1489 quo
1622 1455 1798 1488 exsuttabitis.

1010 1496 1140 1524 modicum
1158 1505 1238 1529 nunc,
1261 1498 1284 1525 si
1308 1503 1409 1534 oportet
1424 1501 1576 1528 contristari
1597 1509 1642 1528 eos
1665 1503 1693 1529 in
1718 1503 1799 1530 variis

1010 1542 1196 1570 mutationibus
1211 1544 1236 1576 ';
1255 1544 1394 1579 quomodo
1410 1545 1458 1580 qui
1486 1546 1512 1573 in
1533 1547 1732 1575 tentationibus
1750 1549 1800 1576 tri-

1008 1591 1107 1620 statur,
1131 1588 1158 1615 in
1184 1596 1218 1616 eo
1238 1590 1378 1618 exsultare
1404 1591 1492 1626 possit
1519 1592 1547 1619 in
1573 1600 1629 1628 quo
1651 1594 1796 1627 tristatur;

1008 1633 1087 1668 cujus
1100 1641 1199 1668 nempe
1211 1635 1297 1669 gratia
1311 1636 1430 1663 mteret?

1041 1678 1087 1705 86.
1118 1679 1260 1713 Duplicem
1290 1680 1429 1708 tristitiam
1455 1682 1533 1709 novit
1565 1691 1631 1711 vera
1656 1684 1794 1718 doctrina;

1006 1722 1120 1751 alterum
1130 1731 1192 1758 qua:
1204 1724 1232 1751 in
1247 1725 1340 1753 animo
1351 1726 1467 1754 occultis
1478 1728 1631 1756 rationibus
1642 1729 1794 1765 conﬂatur;

1005 1768 1130 1800 alteram,
1147 1775 1208 1802 qua:
1220 1768 1302 1804 580
1315 1769 1343 1796 in
1365 1777 1447 1797 sensu
1467 1772 1611 1800 manifeste
1626 1774 1714 1808 posita
1731 1781 1773 1803 est
1787 1786 1794 1803 :

1006 1820 1038 1839 ac
1056 1813 1130 1840 illam
1154 1813 1276 1848 quidem,
1299 1819 1387 1842 totum
1410 1817 1493 1844 animi
1519 1819 1686 1853 profundum
1709 1828 1794 1850 occu-

1006 1866 1081 1893 pare,
1099 1859 1172 1894 quod
1193 1861 1369 1889 conscientiae
1383 1862 1489 1898 ﬂagello
1505 1866 1616 1900 vapulet
1630 1875 1638 1893 :
1658 1867 1730 1896 bane
1743 1876 1793 1896 au-
1813 1862 1817 1867 ’

1005 1909 1071 1938 tem,
1095 1912 1205 1934 sensum
1234 1914 1342 1935 omnem
1366 1909 1578 1944 circumvenire,
1604 1920 1687 1947 quem
1710 1922 1793 1950 grave

1004 1951 1193 1979 molestiarum
1205 1953 1314 1987 pondus
1330 1962 1344 1981 a
1357 1957 1474 1983 naturali
1488 1957 1634 1986 diﬂ‘usione
1649 1966 1791 1994 coerceat;

1004 1997 1133 2033 illamque
1143 1998 1212 2026 adeo
1222 2000 1371 2035 voluptatis
1387 2009 1494 2035 sensus,
1507 2003 1577 2031 bane
1588 2005 1690 2034 laetitiae
1705 2008 1791 2035 animi

1004 2042 1086 2070 ﬁnem
1096 2044 1229 2072 exsistere
1243 2054 1249 2072 :
1265 2047 1331 2081 quin
1351 2048 1452 2082 potius,
1473 2049 1547 2077 illam
1563 2052 1675 2086 quidem
1693 2061 1792 2082 sensus

1002 2088 1150 2117 aﬁ‘ectuum
1168 2099 1201 2118 ex
1218 2092 1375 2126 voluntate;
1401 2094 1472 2122 hanc
1490 2100 1592 2128 autem,
1612 2105 1708 2126 eorum
1730 2108 1790 2135 qua:

1002 2138 1102 2170 praeter
1117 2137 1287 2165 voluntatem
1307 2146 1395 2174 eaque
1412 2141 1497 2169 invita
1517 2142 1556 2169 illi
1575 2144 1712 2179 accidunt,
1727 2154 1789 2175 esse

1002 2182 1160 2210 terminum.

966 2220 988 2248 Ῑ)
1037 2228 1082 2255 8⁷.
1095 2228 1219 2257 Tristitia
1231 2236 1274 2259 est
1286 2232 1370 2267 (quod
1385 2234 1496 2269 quidem
1510 2236 1651 2273 existimo)
1668 2237 1786 2273 disposi~

1003 2273 1041 2301 tio
1058 2274 1142 2302 animi
1159 2282 1208 2303 seu
1228 2276 1338 2306 aﬁ'ectio
1353 2280 1541 2314 voluptatibus
1555 2289 1663 2310 carens.
1684 2283 1786 2312 Harum

1001 2324 1093 2348 autem
1107 2321 1235 2355 privatio,
1250 2323 1376 2352 laborum
1390 2325 1504 2354 inﬁictio
1515 2332 1566 2355 est.
1581 2328 1671 2357 Labor
1682 2335 1785 2364 autem,

997 2367 1130 2395 naturalis
1148 2368 1259 2397 habitus
1272 2371 1361 2405 palam
1381 2371 1515 2406 defectus,
1531 2382 1579 2402 seu
1593 2375 1742 2404 subductio
1753 2385 1794 2405 ae

998 2419 1123 2441 recessus
1139 2418 1192 2442 est.
1214 2415 1342 2444 Defectus
1356 2422 1450 2445 autem
1464 2422 1492 2446 et
1511 2419 1635 2448 absentia
1651 2423 1789 2451 naturalis
1814 2427 1817 2432 '

999 2457 1121 2492 habitus,
1140 2461 1231 2495 passio
1250 2466 1290 2489 est
1311 2467 1340 2490 et
1359 2463 1436 2492 labes
1455 2472 1502 2492 seu
1523 2466 1658 2501 egritudo
1672 2469 1732 2504 ejus
1744 2469 1784 2497 fa-
1817 2485 1820 2488 ~

998 2504 1120 2538 cultatis,
1141 2514 1202 2541 quae
1220 2512 1319 2537 natura
1342 2509 1449 2538 habirui
1470 2511 1592 2548 subjecta
1612 2519 1665 2542 est.
1690 2515 1784 2543 Passio

997 2554 1089 2578 autem
1104 2557 1133 2580 et
1153 2553 1229 2581 labes
1250 2561 1298 2582 seu
1321 2556 1454 2591 aegritudo
1476 2558 1536 2593 ejus
1559 2558 1707 2593 facultatis,
1722 2569 1784 2596 quin

997 2602 1095 2626 natura
1109 2599 1216 2627 habitui
1236 2601 1359 2637 subjecta
1374 2607 1426 2636 est,
1442 2605 1540 2633 modus
1552 2611 1594 2634 est
1605 2614 1654 2642 per
1666 2607 1782 2636 abusum

994 2645 1127 2672 naturalis
1143 2647 1321 2681 operationis.
1349 2649 1434 2678 Porro
1461 2651 1565 2679 abusus
1584 2653 1658 2680 modi
1681 2661 1781 2689 opera-

995 2691 1088 2723 tionis,
1102 2696 1192 2720 motus
1205 2698 1247 2720 est
1263 2694 1412 2727 facultatis,
1434 2697 1460 2723 in
1478 2697 1504 2724 id
1522 2699 1596 2732 quod
1613 2703 1710 2726 natura
1728 2700 1780 2727 mi-

994 2737 1066 2766 nime
1084 2743 1271 2773 comparatum
1282 2744 1333 2773 est,
1350 2749 1441 2776 neque
1461 2750 1523 2770 vere
1541 2749 1593 2771 est.

194 2870 230 2905 (tr)
251 2871 366 2907 Ἰιπρὸς
389 2874 420 2902 τὸ
442 2875 485 2911 μὴ
512 2879 645 2913 πεφυκὸς
669 2882 742 2908 κατὰ
764 2883 858 2916 φύσιν
887 2885 935 2911 amt
956 2895 958 2908 ς

1012 2886 1168 2922 στιὶμενον.
1187 2887 1272 2916 Motus
1305 2890 1439 2924 facultatis
1473 2893 1499 2919 in
1526 2893 1554 2920 id
1569 2893 1639 2928 quod
1659 2901 1710 2920 non
1738 2899 1777 2920 est
