1920 3076
162 113 230 146 13)]

742 118 772 147 S.
792 118 936 148 MAXIMI
954 118 1208 150 CONFESSORIS

1721 117 1788 150 130$

160 167 279 204 spiritali
294 169 395 205 gaudio
407 169 504 203 afficit,
520 170 568 206 qui
590 175 689 207 sponte
707 172 858 207 assumptis
872 172 950 199 labo-

1006 173 1088 210 ἶκυχὴν
1112 174 1321 208 πνευματικῶς,
1353 175 1368 202 ὀ
1392 176 1447 207 τοῖς
1470 175 1604 207 ἑκουσίοις
1626 174 1676 211 τὴν
1700 174 1789 210 σάρκα

160 216 239 243 ribus
254 223 356 251 corpus
373 216 487 252 subigit.

194 261 256 289 100.
271 261 322 290 Ubi
338 262 447 290 animus
455 262 567 290 virtutis
577 270 659 291 causa
671 264 765 291 sensui
774 263 948 292 addicentem

158 306 288 335 aﬂ‘ectum
305 307 485 341 abdicaverit,
497 309 565 344 quin
577 317 675 337 sensus
688 309 715 337 in
730 310 874 338 laboribus
884 318 949 338 ver-

159 358 254 386 setur,
282 353 341 381 ﬁeri
374 354 590 390 haudquaquam
623 356 724 391 possit;
755 356 800 384 cui
821 356 950 384 videlicet.

158 399 243 426 animi
258 399 375 428 facultas
394 408 492 428 eorum
508 410 570 437 quae
588 402 728 430 delectant
748 403 838 430 solcrs
853 402 950 430 inven-

159 444 224 477 trix,
238 446 389 474 voluntatis
415 447 516 475 affectu
540 455 573 475 ac
590 448 707 476 libidine
728 449 767 475 illi
790 449 948 484 conjuncta,

158 490 249 524 desit;
267 499 348 519 secus
365 501 444 521 vero.
459 502 521 528 quae
536 502 586 529 per
605 495 818 527 continentiam,
835 500 949 522 natura-

158 535 227 563 lium
244 544 342 565 sensus
359 538 531 574 voluptatum
555 540 735 568 rebellantem
759 541 815 567 vim
837 545 950 568 strenue

158 583 336 617 comprimat,
354 584 438 620 inque
453 585 584 616 violentis
601 592 701 621 praeter
715 591 843 614 naturam
866 585 950 614 illatis

159 627 314 662 laboribus,
326 638 376 664 per
392 631 556 666 patientiam
567 636 698 659 constans
710 631 866 666 inﬂexaquc
885 639 951 659 con-

159 674 260 707 sistat;
277 683 309 702 ac
327 676 477 711 ejusmodi,
490 681 520 704 ut
536 685 551 704 a
566 677 661 705 divina
669 677 950 713 virtutisdignatione

159 728 192 748 ac
211 721 348 755 claritate,
373 724 446 751 inani
470 724 563 752 illeeta
583 725 725 760 voluptate
741 733 798 752 non
816 724 949 758 excedat;

159 775 212 795 nec
236 769 328 796 carnis
354 770 537 806 indulgentia,
560 771 596 799 ob
617 779 716 799 sensus
739 771 863 799 dolorem
889 772 951 799 fun-

160 813 250 847 gendo
265 814 417 847 laboribus,
430 823 445 842 a
458 816 593 843 virtutum
606 816 730 844 celsitate
742 816 861 844 excidat.
880 816 950 843 Sen-

159 864 208 885 sus
223 863 315 887 autem
339 859 445 889 doloris
461 869 544 889 causa
561 861 653 889 animo
673 866 725 894 est,
748 861 792 888 his
809 868 870 897 quae
886 866 951 888 sunt

159 911 194 930 ex
208 909 318 936 natura,
336 905 416 940 plene
436 911 582 941 occupato.
606 906 709 934 Sensus
728 907 899 941 voluptatem
918 913 950 933 ac

158 947 316 982 libidinem,
329 950 494 978 innaturalls
506 951 590 978 animi
607 952 732 986 operatio
748 951 894 987 perspicue
909 951 950 978 in-

159 994 253 1028 ducit;
277 996 356 1032 cujus
381 997 533 1024 conllandaa
553 997 660 1025 nullum
682 998 756 1025 aliud
783 997 871 1033 possit
888 1005 949 1025 esse

158 1039 338 1076 principium,
352 1049 434 1076 quam
453 1041 526 1076 quod
541 1042 662 1075 animus,
680 1050 712 1070 ea
725 1050 787 1077 qua:
802 1050 836 1071 ex
849 1046 947 1070 natura

158 1085 274 1122 ejusque
286 1087 441 1116 rationibus
454 1087 602 1121 exsistunt,
618 1096 633 1116 a
648 1096 678 1116 se
690 1088 796 1124 abjicit.

316 1198 455 1231 QUARTO
473 1198 637 1227 CENTENA
656 1199 791 1227 CAPITA.

196 1243 223 1270 1.
255 1242 395 1270 Nimirum
424 1244 481 1276 ,vim
514 1244 715 1278 inventricem,
748 1245 950 1281 intelligentem

160 1288 246 1316 animi
261 1288 421 1317 facultatem
439 1289 526 1317 novit.
543 1289 607 1318 Haec
620 1298 636 1318 a
652 1298 751 1319 sensus
767 1292 891 1326 seiuncta
902 1299 951 1320 ne-

159 1333 330 1362 cessitudine
341 1342 373 1362 ac
387 1335 513 1369 libidine,
523 1343 638 1364 vacuam
650 1344 719 1364 cura
733 1337 766 1363 ad
779 1337 950 1372 voluptatem

160 1386 193 1406 ac
211 1379 326 1408 delicias
346 1380 448 1408 mentis
467 1381 612 1416 proposito
632 1389 744 1409 carnem
767 1382 947 1417 derelinquit,

160 1432 197 1453 ne
218 1425 279 1461 ejus
304 1425 419 1461 quidem
440 1426 566 1454 dolorem
589 1427 683 1454 levare
705 1427 855 1460 sustinens,
874 1428 949 1463 quod

160 1470 262 1499 mentis
279 1474 337 1499 tota
348 1472 390 1499 vis
405 1475 434 1499 et
444 1471 555 1499 atl‘ectio
573 1471 675 1500 divinis
691 1472 796 1500 intenta
815 1473 860 1501 sit.

195 1566 224 1594 2.
237 1566 314 1594 Mens
328 1570 357 1593 et
371 1573 469 1594 sensus
481 1567 648 1594 contrariam
664 1567 737 1594 inter
752 1574 782 1595 se
797 1567 950 1595 naturalem

161 1612 352 1647 operationem
374 1612 487 1643 habent,
514 1613 550 1639 ob
572 1612 759 1648 subjectarum
782 1613 838 1641 illis
857 1620 950 1641 rerum

161 1665 298 1685 summam
322 1657 578 1685 dissimilitudinem
601 1663 633 1686 ac
653 1658 853 1686 diversitatem.
876 1659 951 1686 Mens

162 1705 238 1732 enim
256 1704 394 1739 subjectas
410 1704 493 1732 habet
512 1704 700 1740 intelligibiles
717 1703 951 1740 incorporeasque

162 1750 345 1782 substantias,
358 1758 427 1785 quas
442 1750 481 1777 illi
495 1755 685 1785 comparatum
699 1755 729 1777 ut
741 1751 905 1786 incorporea
920 1758 952 1778 ac

163 1795 283 1831 spiritali
308 1796 415 1823 ratione
440 1801 567 1830 capessat
586 1805 592 1822 :
615 1804 712 1823 sensus
735 1803 812 1828 vero,
839 1800 952 1822 naturas

162 1842 310 1869 scnsibiles
329 1846 357 1868 et
373 1849 531 1876 corporeas,
551 1849 621 1876 quas
638 1846 666 1869 et
681 1841 739 1876 ipse
755 1845 854 1869 natura
869 1841 952 1868 habet

163 1892 194 1914 ut
205 1887 350 1922 percipiat.

199 1933 226 1960 5.
253 1932 322 1960 Hinc
345 1933 467 1968 proclive
487 1933 577 1968 oritu'r
596 1933 723 1968 voluptas
746 1940 854 1965 sensus,
879 1932 952 1967 quod

163 1978 274 2005 animus
288 1986 320 2005 ca
344 1986 405 2013 qua!
429 1983 493 2006 sunt
508 1986 541 2005 ex
561 1984 659 2006 natura
684 1979 804 2014 abjiciat.
825 1978 951 2012 Quandiu

163 2023 237 2050 enim
262 2023 317 2056 ille,
334 2023 414 2051 bonis
435 2031 469 2051 ex
494 2029 593 2052 natura
615 2024 736 2055 insudat,
758 2024 831 2051 haud
854 2027 953 2058 prasto

163 2069 282 2098 facultas
298 2074 352 2104 est,
375 2078 437 2105 quae
451 2071 602 2106 voluptatis
625 2079 724 2099 sensus
746 2071 858 2098 modum
876 2070 953 2098 adiu-

163 2116 269 2143 veniat.

999 220 1091 252 πόνοις
1107 219 1248 256 δαμάζων.

1037 265 1070 302 ρ’.
1087 266 1142 302 Τῆς
1165 267 1253 303 ψυχῆς
1274 267 1345 304 ὑπὲρ
1361 269 1463 304 ἀρετῆς
1488 269 1556 305 πρὸς
1584 268 1634 304 τὴν
1662 267 1791 301 αῖσθητιν

999 312 1174 340 ἀποδιάθεσιν
1191 314 1379 349 κτησαμένης,
1396 315 1550 350 ὲξανάγκης
1570 315 1587 349 ὴ
1612 313 1739 348 αἴσθησις
1760 312 1791 338 ὲν

1000 358 1091 391 πόνοις
1102 358 1189 391 ἔσται,
1200 359 1250 395 τὴν
1259 360 1314 387 τῶν
1328 361 1412 395 ἡδέων
1421 361 1596 396 ὲπινοητικὴν
1613 358 1792 394 συνημμένην

1000 404 1069 440 αὐτῇ
1087 404 1157 431 κατά
1181 404 1231 440 τὴν
1257 405 1400 442 γνωμικὴν
1429 406 1533 441 σχέσιν,
1564 406 1616 440 τῆς
1635 403 1727 439 ψυχῆς
1740 403 1791 429 οὐκ

1000 449 1100 484 ἔχουσα
1115 449 1241 485 δύναμιν⁸
1257 450 1410 478 τούναντίον
1433 450 1472 483 δὲ,
1497 449 1546 486 τὴν
1564 449 1614 484 μὲν
1634 448 1688 475 τῶν
1705 446 1791 481 αὐτῆς

1001 496 1123 529 φυσικῶν
1138 495 1238 531 ἡδονῶν
1252 496 1447 527 ἐπανάστασιν,
1467 495 1500 522 δι’
1513 494 1677 530 ἐγκρατείας
1698 493 1793 528 ἀνδρι-

1001 540 1056 572 κῶς
1073 541 1328 576 ἀποῤῥαπίζουσαν·
1351 541 1418 576 πρὸς
1434 541 1463 568 δὲ
1486 541 1535 576 τὴν
1551 540 1605 566 τῶν
1620 539 1695 574 παρὰ
1711 538 1794 573 φύσιν

1001 587 1048 613 καὶ
1062 586 1197 613 ἀκουσίων
1220 587 1309 614 πόνων
1334 587 1500 621 ἐπαγωγὴν,
1516 587 1561 613 διὰ
1574 586 1624 620 τῆς
1639 585 1793 620 ὑπομονῆς.

1001 632 1158 667 ἀμείλικτον
1172 633 1311 665 παντελῶς
1327 633 1517 669 διαμένουσαν,
1528 633 1573 659 καὶ
1589 631 1638 667 τῆς
1649 631 1709 658 κατ’
1727 630 1794 664 ἀρε-

999 677 1051 713 τὴν
1065 677 1234 713 θεοπρεποῦς
1249 678 1327 710 ἀξίας
1340 687 1371 705 τε
1400 679 1448 705 καὶ
1462 678 1542 712 δόξης
1562 678 1607 704 διὰ
1627 677 1676 711 τὴν
1689 675 1795 703 ἀνυπό-

1002 730 1099 749 στατον
1117 722 1214 758 ἡδονὴν
1228 723 1278 750 οὐκ
1294 723 1486 759 ἐξισταμένην,
1503 723 1552 749 καὶ
1575 722 1644 757 πρὸς
1670 722 1721 756 τὴν
1737 720 1792 747 τῶν

1001 768 1091 795 πόνων
1113 768 1256 804 ἀντίληψιν
1280 769 1366 803 φειδοῖ
1388 769 1438 805 τῆς
1454 768 1554 805 σαρκὸς
1569 767 1614 794 διὰ
1627 767 1678 803 τὴν
1691 765 1792 793 ὀδυνῶ-

1002 823 1052 841 σαν
1071 814 1215 849 αἴσθησιν,”
1232 815 1279 842 τοῦ
1297 815 1381 850 ὕψους
1407 814 1461 842 τῶν
1484 814 1589 850 ἀρετῶν
1614 814 1665 840 οὐκ
1692 811 1793 840 ἀποπι-

1003 868 1132 887 πτουσαν.
1151 861 1208 896 Τῆς
1228 861 1257 888 δὲ
1287 862 1346 888 κατ’
1360 861 1489 896 αἴσθησιν
1510 860 1599 895 λύπης
1621 859 1697 886 αἰτία
1727 857 1793 884 καθ-

1004 906 1130 941 έστηκεν,
1145 907 1162 941 ἡ
1178 906 1245 941 πρὸς
1255 907 1289 933 τὰ
1299 907 1368 937 κατὰ
1388 907 1469 942 φύσιν
1490 907 1538 941 τῆς
1551 906 1642 941 ψυχῆς
1656 903 1793 939 παντελὴς

1003 950 1126 986 ἀσχολία.
1143 952 1198 987 Τὴν
1214 951 1243 978 δὲ
1257 951 1318 979 κατ’
1331 952 1456 987 αἴσθησιν
1468 951 1575 987 ἡδονὴν,
1587 953 1604 986 ἠ
1621 950 1698 985 παρὰ
1711 949 1793 984 φύσιν

1002 996 1126 1032 ἐνέργεια
1142 997 1191 1032 τῆς
1207 997 1298 1032 ψυχῆς
1317 997 1456 1032 προδήλως
1470 997 1626 1032 ὑφίστησιν,
1640 995 1726 1030 ἀλλην
1741 994 1793 1031 ἀρ-

1002 1042 1053 1077 χὴν
1079 1042 1153 1078 ἔχειν
1172 1043 1204 1070 οὐ
1225 1043 1379 1078 δυναμένην
1403 1043 1579 1075 συστάσεως,
1595 1042 1614 1077 ἢ
1635 1041 1687 1077 τὴν
1705 1041 1794 1077 ψυχῆς

1001 1086 1056 1115 τῶν
1068 1088 1139 1114 κατὰ
1153 1087 1234 1123 φύσιν
1245 1088 1384 1117 ἀπόθεσιν.

1177 1203 1249 1230 EKA
1255 1202 1394 1229 ΤΟΝΤΑΣ
1436 1202 1610 1229 TETAPTH.

1035 1247 1068 1274 α’.
1083 1248 1092 1258 ³
1111 1247 1305 1283 Ἐπινοητικὴν
1322 1246 1375 1276 οἵδε
1396 1248 1445 1283 τὴν
1463 1247 1561 1282 νοεράν
1573 1248 1623 1282 τῆς
1635 1245 1727 1281 ψυχῆς
1738 1245 1785 1272 δῦ-

999 1301 1081 1328 ναμιν
1095 1293 1137 1328 (θ’
1155 1294 1216 1329 ἥτις
1236 1294 1410 1330 χωριζομένη
1425 1294 1476 1329 τῆς
1498 1294 1559 1320 κατ’
1577 1293 1707 1328 αῐσοησιν
1724 1292 1786 1327 σχέ-

1000 1347 1079 1370 σεως,
1093 1339 1196 1375 ἔρημον
1209 1340 1258 1374 τῆς
1273 1340 1342 1375 πρὸς
1357 1339 1454 1375 ἡδονὴν
1477 1339 1526 1374 τὴν
1549 1339 1640 1374 σάρκα
1654 1338 1790 1372 καταλιμ-

1001 1385 1082 1412 πάνει
1102 1385 1240 1421 προνοίας,
1255 1386 1326 1412 κατά
1342 1386 1392 1421 τὴν
1403 1385 1432 1411 ὲν
1447 1385 1544 1421 γνώμῃ
1556 1385 1659 1420 σχέσιν,
1674 1384 1736 1410 οὐδὲ
1745 1383 1795 1418 τὴν

1001 1430 1098 1464 ὀδύνην
1117 1431 1168 1466 τῆς
1194 1431 1295 1466 σαρκδς
1319 1431 1470 1466 ἀνεχομένη
1487 1430 1726 1466 παραμυθεῖσθαι,
1749 1429 1795 1456 διὰ

1002 1477 1052 1513 τὴν
1066 1477 1094 1504 ὲν
1108 1477 1199 1512 σχέσει
1213 1477 1263 1513 τῆς
1275 1476 1388 1512 γνώμης
1401 1477 1469 1513 πρὸς
1483 1477 1518 1504 τὰ
1540 1476 1599 1503 Θεῖα
1614 1476 1710 1512 ὁλικὴν
1731 1484 1794 1512 σχο-

962 1508 984 1540 C
1000 1508 1060 1558 λην.

1037 1569 1070 1605 β’.
1098 1570 1170 1602 Νοῦς
1192 1569 1241 1597 καὶ
1261 1568 1388 1604 αἰσθησις
1403 1567 1597 1604 ἀντικειμένην
1617 1567 1711 1603 έχουσι
1725 1566 1794 1602 πρὸς

1001 1614 1104 1651 ἄλληλα
1127 1616 1178 1651 τὴν
1194 1616 1266 1643 κατά
1279 1614 1360 1650 φύσιν
1375 1615 1525 1651 ἐνέργειαν,
1542 1613 1586 1641 διά
1601 1614 1651 1650 τὴν
1672 1613 1728 1640 τῶν
1743 1613 1794 1640 αὑς

1001 1661 1057 1693 τοῖς
1077 1661 1268 1696 ὑποκειμένων
1285 1660 1440 1696 ἀκροτάτην
1458 1660 1592 1698 διαφορὰν
1605 1660 1652 1686 καὶ
1665 1658 1808 1694 ἑτερότη-.

1001 1716 1046 1735 τα.
1069 1707 1098 1734 '0
1116 1707 1166 1742 μὲν
1193 1707 1259 1741 γὰρ,
1283 1706 1469 1740 ὑποκειμένας
1490 1705 1546 1740 ἔχει
1562 1705 1612 1736 τὰς
1627 1704 1728 1739 νοητὰς
1747 1704 1794 1730 καὶ

1002 1752 1166 1787 ἀσωμάτους
1186 1751 1293 1783 οὐσίας,
1311 1748 1349 1777 ὧν
1373 1750 1527 1785 ἀσωμάτως
1542 1748 1795 1784 ἀντιλαμϐάνεσθαι

1003 1798 1058 1835 [qq.
1079 1799 1114 1825 ad
1140 1796 1261 1825 Tltalass.
1276 1805 1302 1832 q.
1328 1796 1372 1827 58,
1391 1793 1430 1823 ὧν
1458 1795 1520 1823 κατ’
1537 1795 1632 1822 οὐσίαν
1650 1793 1794 1830 ἀντιλαμ]

1003 1845 1136 1879 πέφυκενσ
1155 1844 1171 1878 ὴ
1187 1843 1226 1875 δὲ,
1241 1840 1292 1874 τὰς
1302 1842 1434 1877 αἰσθητὰς
1449 1842 1496 1868 καὶ
1512 1840 1673 1876 σωματικὰς
1686 1840 1794 1876 φύσεις,

1002 1887 1040 1917 ὧν
1059 1889 1107 1916 καὶ
1121 1889 1191 1924 αὑτὴ
1203 1887 1326 1923 φυσικῶς
1338 1886 1581 1922 ἀντιλαμϐάνεται.

1038 1938 1073 1968 γ’.
1095 1934 1128 1961 Ἦ
1146 1933 1196 1968 τῆς
1220 1933 1310 1968 ψυχῆς
1326 1931 1380 1958 τῶν
1402 1932 1472 1958 κατὰ
1487 1931 1568 1966 φύσιν
1589 1930 1733 1963 ἀπόθεσις,
1746 1932 1797 1966 τῆς

1003 1980 1066 2008 κατ’
1082 1979 1210 2015 αἴσθησιν
1235 1978 1344 2014 ἡδονῆς
1359 1977 1432 2013 ἀρχὴ
1455 1977 1578 2011 γίνεσθαι
1603 1977 1723 2010 πέφυκε.
1740 1977 1797 2011 Τῆς

1004 2027 1060 2061 γὰρ
1072 2025 1163 2061 ψυχῆς
1180 2025 1245 2060 περὶ
1259 2023 1295 2050 τὰ
1314 2023 1386 2050 κατά
1402 2023 1485 2058 φύσιν
1505 2022 1597 2057 ἀγαθὰ
1611 2022 1795 2058 πονουμένης,

1004 2073 1054 2098 οὐκ
1069 2071 1143 2097 ἔστιν
1159 2071 1176 2105 ἡ
1195 2070 1241 2096 τὸν
1260 2069 1321 2096 κατ’
1344 2068 1472 2104 αἴσθησιν
1499 2069 1549 2104 τῆς
1573 2068 1670 2104 ἡδονῆς
1694 2068 1797 2104 τρόπον

1004 2117 1208 2152 ὲφευρίσκουσσ.
1226 2115 1351 2150 δύναμις.

199 2163 227 2189 4.
240 2162 292 2190 Ubi
307 2162 379 2190 ratio
392 2161 602 2189 considerandis
616 2162 660 2194 iis,
673 2169 735 2197 quae
753 2162 835 2198 584
851 2162 878 2189 in
890 2170 951 2190 sen-

1040 2163 1070 2190 6'.
1096 2161 1182 2189 Ἔνθα
1209 2161 1288 2195 λόγος
1315 2159 1533 2196 προκαθηγεϊται
1565 2160 1615 2195 τῆς
1644 2159 1795 2194 αἰσθήσεως

164 2215 226 2234 sum
240 2207 352 2239 cadunt,
367 2207 461 2234 sensui
476 2207 566 2242 prrit.
579 2208 713 2235 naturalis
727 2208 817 2235 omnis
827 2208 954 2243 voluptas

165 2259 276 2280 carnem
291 2252 402 2286 deﬁcit;
417 2253 462 2280 cui
479 2260 578 2281 sensus
594 2253 664 2281 liber
681 2261 714 2281 ac
725 2253 840 2282 rationis
854 2253 953 2281 vincu-

165 2300 201 2328 lis
220 2299 339 2332 solutus,
355 2304 387 2327 ut
402 2299 478 2328 illius
493 2300 684 2335 voluptatibus
706 2300 855 2333 ministret,
868 2300 950 2327 desit.

165 2344 351 2378 Quamobrem
373 2345 456 2373 etiam
483 2353 596 2374 necesse
619 2351 672 2379 est,
694 2346 849 2374 rationein
871 2345 953 2374 nobis

166 2388 337 2422 dominante,
350 2398 412 2425 quae
433 2389 473 2417 illi
492 2390 666 2425 mancipatur
684 2390 795 2418 virtutis
808 2389 953 2426 obsequio,

167 2441 278 2463 carnem
293 2436 426 2471 torqueri.

1008 2209 1077 2236 κατᾶ
1091 2208 1139 2244 τὴν
1154 2206 1207 2234 τῶν
1220 2206 1327 2242 ὁρατῶν
1338 2205 1466 2241 θεωρίαν,
1483 2205 1572 2240 πάσης
1587 2204 1736 2240 ἐστέρηται
1749 2204 1795 2238 τῆς

1009 2254 1081 2282 κατὰ
1096 2253 1177 2288 φύσιν
1194 2253 1210 2288 ἡ
1230 2251 1298 2286 σὰρξ
1323 2251 1432 2286 ἡδονῆς.
1446 2251 1496 2277 οὐκ
1516 2250 1616 2285 ἔχουσα
1632 2250 1683 2285 τὴν
1701 2249 1796 2284 αἴσθη-

1007 2309 1049 2327 σιν
1065 2300 1164 2334 ἄφετον
1183 2299 1230 2325 καὶ
1243 2297 1297 2325 τῶν
1312 2296 1432 2331 λογικῶν
1455 2296 1662 2331 ἀπολελυμένην
1678 2294 1795 2330 δεσμῶν,

1006 2347 1047 2379 εἰς
1068 2346 1219 2382 ὑπηρεσίαν
1248 2344 1303 2372 τῶν
1335 2345 1396 2371 κατ’
1421 2343 1507 2378 αὐτὴν
1525 2342 1640 2378 ἡδονῶν.
1657 2342 1740 2369 Ὅθεν
1754 2342 1798 2368 καὶ

1008 2392 1161 2427 ὲξανάγκης
1174 2390 1336 2426 κρατοῦντος
1348 2390 1395 2416 τοῦ
1409 2390 1439 2416 ὲν
1447 2389 1512 2425 ἡμῖν
1524 2388 1616 2422 λόγου,
1629 2389 1646 2424 ὴ
1658 2388 1729 2424 πρὸς
1738 2388 1797 2423 ἀρε-

1008 2438 1058 2474 τὴν
1071 2437 1146 2473 αὐτῷ
1159 2436 1320 2464 δουλωθεῖσα
1339 2435 1513 2472 βασανίζεται
1525 2434 1604 2470 σάρξ.

204 2513 265 2541 'Ex
288 2513 350 2541 ead.
381 2519 478 2550 quaest.
509 2515 544 2543 58
568 2524 602 2544 ex
629 2523 682 2551 qua
701 2516 844 2551 superiora
863 2498 1012 2548 ἀυτολεξει.

205 2582 236 2619 (Ι)
261 2582 475 2623 Ἐπιζοητικῂν
484 2580 620 2623 οἶδε-τὴν
634 2582 744 2623 roso?!“
767 2581 824 2623 τῆς
851 2582 953 2623 ψυχῆς

168 2617 308 2654 adiﬁcantur.
323 2617 467 2654 Expositio
475 2622 517 2645 est
529 2619 590 2654 ejus
602 2618 675 2654 quod
689 2618 798 2654 dixerat
810 2617 956 2654 superiori,

170 2661 194 2680 c.
217 2652 269 2680 l00
281 2653 330 2687 τὴν
349 2653 404 2688 τῷν
424 2652 509 2688 ἡδέων
523 2652 699 2688 smmum
712 2652 875 2688 σχέσινῇεἰο
897 2661 958 2688 pas-

171 2688 233 2720 sim,
260 2687 340 2715 aliam
357 2687 410 2715 alia
430 2687 566 2715 sententia
582 2688 716 2716 Maximus
732 2687 854 2721 exponit,
878 2695 910 2715 ac
935 2688 958 2714 si

172 2722 396 2758 essetrdiversus
413 2727 518 2750 auctor.
532 2724 653 2758 Esseque
676 2731 731 2758 non
759 2730 827 2758 raro
845 2722 958 2758 suadeat

173 2756 261 2784 Photii
279 2758 336 2792 ipsa
351 2766 478 2790 censura,
499 2766 514 2785 a
542 2756 636 2786 limine
669 2757 768 2790 Quaest.
793 2757 830 2783 ad
847 2757 959 2784 Thalas-

173 2792 356 2829 siumposita,
373 2797 400 2820 et
416 2793 490 2829 quod
518 2793 576 2829 ipse
597 2793 761 2829 quandoque
774 2792 955 2829 deprehendi,

175 2825 262 2853 Marci
275 2827 397 2861 quaedam
416 2825 554 2861 αὐτολεξὲὶ
566 2825 669 2855 inserta
684 2825 745 2854 aliis
773 2827 881 2854 Maximi
905 2827 958 2855 Ca-

614 2886 630 2896 η

1009 2581 1076 2617 pita.
1090 2580 1264 2617 Refertcrgo
1277 2579 1354 2612 illud,
1367 2578 1432 2617 οἶδε,
1451 2578 1625 2617 superiorem
1642 2581 1795 2617 auctorem,

1009 2614 1056 2652 qui
1073 2616 1114 2643 sic
1123 2614 1291 2652 intellectum
1307 2620 1355 2642 aut
1367 2614 1512 2652 rationem,
1534 2614 1693 2652 facultatem
1715 2615 1798 2652 animi

1010 2649 1187 2691 ξπινοητικὴν
1203 2650 1242 2691 (id
1256 2655 1309 2681 est,
1322 2649 1496 2691 excogitandi
1507 2649 1734 2691 seuinveniepdi
1757 2657 1799 2676 so-

1008 2684 1118 2722 lertem)
1143 2685 1222 2720 quasi
1241 2684 1401 2720 paraphrasi
1427 2684 1576 2716 vocaverit,
1600 2692 1657 2722 non
1677 2684 1798 2722 divinam

1010 2718 1180 2756 Scripturam
1206 2718 1253 2747 aui
1279 2718 1446 2756 sermonem,
1469 2724 1508 2756 ut
1531 2727 1586 2746 non
1609 2719 1683 2756 bene
1708 2718 1800 2756 reddi-

1009 2757 1049 2783 dit
1065 2753 1155 2783 Picus.
1170 2755 1257 2783 Socus
1268 2763 1331 2782 cum
1345 2755 1455 2782 additur
1468 2755 1557 2788 λόγος,
1575 2754 1615 2781 uti
1629 2753 1797 2789 quandoque

1009 2791 1074 2819 facit
1090 2790 1235 2824 Maximus,
1249 2798 1282 2818 ac
1296 2790 1398 2826 passim
1411 2790 1457 2817 alii
1470 2789 1598 2827 theologi.
