1920 3076
101 150 171 182 i305

390 142 392 145 y
433 150 601 183 CAPITUM
619 152 832 189 QUINQUIES
849 152 1112 187 CENTENORUM
1131 157 1326 189 CENTURIA
1345 159 1395 191 IV.

1669 161 1735 195 130]

135 207 166 235 ε’.
188 207 217 234 ’0
231 206 294 240 νοῦς
314 207 372 243 ἄμα
394 207 444 243 τὴν
456 209 582 245 αῐσθησιν
601 210 704 237 οίκείαν
722 211 793 238 κατὰ
808 210 886 246 φύσιν

978 213 1004 240 5.
1029 213 1116 246 Mens,
1135 223 1199 242 mox
1213 223 1246 243 ac
1269 223 1380 244 sensum
1397 216 1452 244 vim
1475 217 1615 253 propriam
1631 225 1663 246 ex
1685 227 1730 246 na-

97 254 232 288 ἠγήσεται
244 253 370 290 δύναμιν,
381 256 441 287 ταῖς
453 255 508 282 τῶν
521 255 660 291 αἰσθητῶν
676 256 894 292 ὲπιπλεκόμενος

97 299 282 334 ἐπιφανείαις,
294 300 503 338 ἐπινοεῖταιτὰς
519 301 654 337 σαρκικὰς
673 301 782 336 ἡδονὰς,
801 301 832 328 οὺ
847 301 893 328 δυ-

96 345 217 380 νάμενος
234 345 290 372 τῶν
310 346 416 381 ὁρατῶν
437 346 562 383 διαϐῆναι
585 347 635 383 τὴν
651 347 743 382 φύσιν,
763 349 797 384 τῇ
824 347 893 383 πρὸς

96 391 151 427 τὴν
169 390 296 426 αῐσθησιν
310 392 430 427 ἐμπαθεῖ
450 393 542 428 σχέσει
559 393 749 429 κατασχεθείς.

136 437 174 469 ς’.
190 437 221 464 Εἰ
236 438 286 464 οὐκ
311 438 369 465 ἔστι
384 439 497 466 δυνατὸν
521 439 589 475 πρὸς
614 440 650 466 τὰ
674 440 795 475 συγγενῆ
809 440 892 475 νοητὰ

95 483 145 510 τὸν
157 484 220 510 νοῦν
233 484 369 520 διαϐῆναι,
385 486 447 521 δίχα
464 486 514 521 τῆς
525 486 579 512 τῶν
590 486 633 513 διὰ
646 486 730 521 μέσοι)
740 487 893 522 προὸεὸλη-

97 530 190 566 μένων
201 530 339 566 αἰσθητῶν
358 531 484 568 θεωρίας·
501 532 601 568 ταύτην
615 532 645 558 δὲ
666 533 803 567 γενέσθαι,
822 541 892 560 παν-

95 577 184 609 τελῶς
203 578 344 614 ἀμήχανον
357 579 443 615 χωρὶς
459 579 510 614 τῆς
525 579 600 615 αὐτῷ
621 579 671 614 μὲν
693 579 890 615 συγκειμένης,

98 626 158 656 τοῖς
177 624 316 658 αἰσθητοῖς
329 625 357 651 δὲ
374 625 444 652 κατὰ
465 625 546 660 φύσιν
562 625 710 660 συγγενοῦς
725 625 890 661 αἰσθήσεως·

96 670 212 702 εἰκότως
227 672 252 697 εί
267 670 316 706 μὲν
336 670 482 706 προϐαλὼν
504 671 618 706 ἐνσχεθῇ
636 672 697 702 ταῖς
717 671 890 705 ἐπιφανείαις

95 715 153 742 τῶν
169 715 285 751 ὁρατῶν,
307 715 448 750 ἐνέργειαν
474 713 546 742 εἶναι
566 716 685 750 φυσικὴν
704 715 754 750 τὴν
778 723 890 748 συγκει-

98 761 184 796 μένην
201 761 322 797 οἰόμενος
342 761 478 796 αἴσθησιν,
505 761 559 788 τῶν
581 761 630 796 μὲν
654 760 725 788 κατὰ
739 760 820 795 φύσιν
842 761 890 787 ὲκ-

98 807 229 834 πέπτωκε
249 807 363 843 νοητῶν·
386 807 440 834 τῶν
462 807 491 834 δὲ
519 807 593 842 παρὰ
610 806 690 840 φύσιν
713 807 814 842 ἀμφοῖν
829 807 889 833 ταῖν

96 854 201 888 χεροῖν,
220 852 235 879 ὃ
253 853 286 888 δὴ
299 853 418 887 λέγεται,
434 852 582 879 ἐπελάϐετο
596 852 741 887 σωμάτων·
756 849 796 883 οἷς
812 851 888 887 παρὰ

97 900 144 926 τὸν
160 899 239 933 λόγον
256 898 463 934 ὲνεργούμενος,
486 899 530 925 διὰ
542 898 590 934 τὴν
609 898 688 924 αὑτὸν
703 898 888 932 ὲκνικήσασαν

97 945 238 981 αἴσθησιν,
252 945 302 980 τῆς
320 945 369 980 μὲν
384 945 454 972 κατὰ
462 944 550 980 ψυχὴν
562 944 652 979 λύπης
671 945 811 979 γεννήτωρ
824 944 890 970 καθ-

99 990 219 1022 ίσταται,
234 991 345 1026 συχναῖς
363 991 423 1022 ταῖς
448 990 519 1017 κατὰ
533 989 686 1024 συνείδησιν
706 989 831 1025 μάστιξιν
847 989 890 1016 αἰ-

97 1037 253 1073 κιζόμενος·
275 1038 324 1072 τῆς
338 1036 366 1063 δὲ
380 1038 439 1063 κατ’
456 1036 584 1071 αἴσθησιν
598 1036 694 1071 ἡδονῆς
709 1035 836 1071 ἀρίδηλος
846 1035 889 1071 γί-

94 1092 176 1111 νεται
200 1084 335 1119 ποιητὴς,
363 1085 425 1116 ταῖς
444 1083 578 1115 ἐπινοίαις
600 1083 656 1110 τῶν
672 1084 889 1119 περιπιητικῶν

95 1129 206 1165 τρόπων
224 1130 275 1164 τῆς
296 1129 397 1165 σαρκὸς
415 1129 619 1164 λιπαινόμενος.
635 1129 667 1156 Ei
691 1129 720 1155 δὲ
745 1128 795 1165 τὴν
820 1129 888 1163 πρὸς

95 1175 235 1210 αἴσθησιν,
250 1175 308 1209 ἅμα
323 1175 356 1210 τῇ
372 1174 510 1210 προσὸολῇ
526 1174 580 1201 τῶν
591 1174 739 1209 ὁρωμένων
752 1174 888 1210 διατεμὼν

95 1221 270 1255 ἐπιφάνειαν,
285 1221 348 1253 τοὺς
364 1221 569 1256 πνευματικοὺς
579 1221 634 1248 τῶ)
652 1222 736 1248 ὄντων
749 1221 888 1257 καθαροὺς

93 1266 152 1294 τῶν
174 1266 218 1293 ἔπ’
236 1266 329 1298 αὐτοῖς
341 1267 489 1302 σχημάτων
502 1265 628 1294 θεάσεται
643 1267 750 1301 λόγους,
768 1267 817 1303 τὴν
838 1268 887 1303 μὲν

93 1313 145 1346 τῆς
161 1312 251 1347 ψυχῆς
265 1312 363 1347 ἡδονὴν
385 1312 596 1347 κατειργάσατο,
613 1312 707 1347 μηδενὶ
721 1313 775 1339 τῶν
789 1313 886 1348 αἰσθη-

92 1358 151 1385 τῶν
165 1358 361 1393 θεωρουμένων
384 1358 587 1394 κρατουμένης,
603 1359 653 1394 τὴν
671 1358 700 1386 δὲ
726 1360 775 1394 τῆς
791 1359 887 1395 αἰσθή-

93 1415 164 1438 σεως
182 1407 365 1442 συνεστήσατο
387 1406 489 1442 λύπην,
512 1406 622 1434 πάντων
647 1407 718 1433 κατὰ
735 1405 816 1441 φύσιν
831 1405 886 1433 τῶν

92 1451 232 1488 αἰσθητῶν
249 1451 446 1487 ἐστερημένης.

129 1495 162 1529 ζ’.
191 1496 300 1531 Ἐπειδὴ
314 1496 363 1532 τὴν
386 1496 436 1531 μὲν
453 1497 503 1532 τῆς
517 1497 607 1532 ψυχῆς
621 1497 720 1531 λύπην,
742 1497 826 1532 ῆγουν
840 1496 886 1523 τὸν

945 262 1006 286 tura
1019 267 1080 287 esse
1089 260 1210 293 duxerit,
1229 269 1322 289 rerum
1339 262 1483 289 seusilium
1497 263 1592 298 ﬁguris
1609 271 1641 291 ac
1656 265 1733 292 colo-

944 305 1022 333 ribus
1048 305 1199 342 implicata,
1221 309 1313 336 carnis
1329 309 1485 344 voluptates
1507 310 1656 345 excogitat,
1677 319 1732 340 non

942 352 1038 380 valens
1063 361 1156 380 rerum
1185 354 1393 391 aspertahilium
1422 359 1551 383 naturam
1582 363 1732 390 superare,

942 406 1004 434 quae
1017 398 1165 426 libidinosa
1177 400 1211 427 ad
1228 408 1339 428 sensum
1353 401 1498 429 affectione
1511 402 1617 429 irretita
1633 403 1678 430 sit.

979 446 1006 473 6.
1017 445 1086 473 Cum
1100 446 1158 473 ﬁeri
1175 454 1230 473 non
1248 447 1348 482 possit,
1366 453 1397 475 ut
1411 456 1490 475 mens
1509 448 1543 476 ad
1559 453 1674 484 cognata
1691 449 1734 476 in—

942 491 1094 527 telligibilia
1117 496 1248 525 transeat,
1265 493 1332 528 quin
1358 494 1484 527 sensilia,
1500 502 1561 529 quae
1582 494 1672 522 media
1691 495 1733 522 in-

941 537 1055 573 terjccta
1069 543 1145 571 sunt,
1162 539 1338 573 speculetur;
1361 540 1475 574 haecque
1490 540 1537 567 illa
1553 541 1631 568 nullo
1651 549 1732 576 pror—

941 591 989 612 sus
1009 584 1091 611 modo
1105 584 1208 619 absque
1225 592 1321 618 sensu,
1338 585 1377 612 illi
1393 585 1504 620 quidem
1517 585 1686 617 adlucrente,
1704 589 1732 612 at

941 632 989 666 qui
1005 636 1104 658 natura
1120 632 1268 658 sensilibus
1290 631 1381 658 aﬁinis
1399 632 1446 664 sit,
1465 631 1602 666 speculari
1616 632 1707 658 valeat
1722 639 1729 658 :

941 677 1040 704 merito
1056 684 1133 717 sane,
1157 677 1295 712 siquidem
1313 685 1344 704 ea
1357 677 1530 712 attingendo,
1545 685 1638 704 rerum
1649 684 1731 711 aspe-

939 722 1082 750 ctabilium
1092 723 1186 758 ﬁguris
1199 730 1231 750 ac
1243 723 1384 750 coloribus
1396 723 1568 755 inhaerescat,
1577 722 1730 757 simplicem

939 775 1000 796 esse
1019 773 1078 795 rata
1093 768 1293 803 operationem,
1308 776 1369 803 quae
1382 776 1481 796 sensus
1492 768 1662 803 compositus
1676 772 1729 801 est,

939 814 973 842 ab
981 814 1202 850 intelligibilibus
1208 822 1239 842 ac
1247 814 1430 849 spiritalibus,
1438 822 1499 849 qu:e
1506 819 1569 841 sunt
1577 822 1609 842 ex
1619 818 1728 847 natura,

941 859 1078 894 prolapsa,
1092 859 1228 886 ambabus
1247 859 1331 894 (quod
1354 859 1442 894 aiunt)
1462 858 1599 891 manibus,
1617 859 1730 885 innatu-

941 905 1008 932 ralia
1019 913 1136 940 corpora
1150 904 1344 939 apprehendit,
1359 912 1390 931 ac
1401 904 1542 935 complexa
1554 908 1612 931 est:
1627 904 1730 938 quibus

939 951 1021 978 aliter
1033 958 1066 978 ac
1080 951 1178 978 suadet
1193 950 1264 977 ratio
1277 951 1368 977 excita
1385 957 1417 976 ac
1439 953 1523 980 mota,
1537 949 1573 975 ob
1590 957 1687 976 sensus
1701 950 1729 976 in

939 1005 999 1024 eam
1011 997 1169 1028 victoriam,
1188 996 1308 1023 tristitiae
1322 995 1407 1023 animi
1423 994 1531 1022 crebris
1551 995 1730 1022 conscientia:

938 1043 1105 1070 verberibus
1122 1042 1290 1077 vapulantis,
1304 1049 1407 1076 parens
1426 1041 1553 1073 exsistit;
1575 1047 1728 1073 sensusque

939 1090 1029 1125 palam
1044 1088 1196 1123 voluptatis
1209 1090 1306 1115 auctor
1319 1086 1449 1119 efﬁcitur,
1469 1094 1530 1120 quae
1544 1085 1651 1113 scilicet
1671 1093 1730 1113 mo-

939 1137 982 1163 dis
1003 1135 1129 1163 l‘ovenda:
1143 1133 1236 1161 carnis
1254 1132 1442 1168 excogitandis
1465 1131 1581 1159 nimium
1594 1135 1728 1166 quantum

938 1181 1092 1209 delectetur
1102 1187 1135 1207 ac
1144 1179 1222 1207 velut
1234 1179 1430 1214 impinguetur.
1443 1177 1490 1205 Sin
1503 1182 1594 1205 autem
1612 1185 1675 1204 mox
1695 1183 1728 1204 ac

938 1227 1028 1263 attigit
1046 1225 1236 1261 percepitque,
1259 1229 1374 1252 externa
1399 1230 1492 1251 rerum
1517 1223 1726 1258 aspectabilium

937 1273 1054 1301 dissecta
1068 1271 1170 1306 specie,
1187 1270 1327 1305 spiritales
1349 1276 1439 1296 rerum
1454 1269 1585 1300 rationes,
1605 1268 1726 1303 ipsarum

937 1319 1032 1355 ﬁguris
1057 1317 1206 1352 depuratas
1230 1315 1416 1349 conspexerit,
1447 1314 1532 1341 animi
1556 1315 1726 1349 voluptatem

937 1364 1077 1400 produxit,
1103 1362 1151 1398 qui
1174 1361 1252 1388 nullo
1270 1361 1393 1387 visorum
1418 1359 1561 1386 scnsilium
1581 1363 1725 1391 teneatur;

937 1416 1089 1444 sensusque
1104 1408 1239 1439 dolorem,
1258 1405 1387 1433 omnibus
1403 1412 1437 1432 ex
1455 1409 1553 1432 natura
1576 1404 1727 1432 sensilibus

935 1457 1045 1492 privati,
1063 1456 1216 1484 constituit.

972 1503 999 1529 7.
1013 1501 1082 1534 Quia
1098 1502 1181 1537 igitur
1199 1502 1282 1529 animi
1298 1501 1410 1537 quidem
1427 1498 1566 1527 tristitiam
1580 1503 1629 1524 seu
1647 1495 1727 1522 dolo-

91 1542 177 1570 πόνον
185 1541 292 1578 (ταύτὸν
301 1542 354 1578 γὰρ
368 1543 495 1577 ἀλλήλοις
503 1543 671 1579 ἀμφότερα),
686 1545 702 1578 ἡ
712 1543 773 1570 κατ’
786 1543 883 1578 alaeq-

940 1555 996 1575 rem
1017 1548 1150 1583 (laborem
1174 1548 1298 1576 scilicet:
1316 1553 1380 1575 sunt
1394 1546 1468 1574 enim
1484 1545 1541 1571 haec
1552 1541 1660 1576 eadem)
1678 1548 1727 1568 vo-

91 1597 137 1616 σιν
151 1588 233 1624 ἡδονὴ
251 1588 401 1624 συνίστησι·
417 1589 467 1625 τὴν
479 1589 509 1616 δὲ
533 1591 584 1625 τῆς
606 1589 760 1624 αἰσθήσεως
781 1589 882 1624 λύπην,

90 1635 179 1671 ἤγουν
195 1634 242 1662 τὸν
258 1635 346 1666 πόνον,
365 1635 382 1670 ἡ
399 1634 470 1665 xeris
494 1634 584 1670 ψυχὴν
599 1636 685 1662 ποιεῖν
702 1635 782 1670 ἡδονὴ
798 1634 887 1669 πέφυ-

91 1689 153 1713 κεν,
170 1680 282 1712 εἰκότως
296 1682 310 1708 ὁ
324 1681 374 1716 τῆς
388 1680 449 1707 κατ’
464 1680 560 1707 ἐλπίδα.
583 1679 657 1715 ζωῆς
675 1680 729 1708 τοῦ
744 1681 818 1708 Θεοῦ
836 1681 886 1708 καί

91 1725 231 1760 Σωτῆρος
252 1725 339 1761 ἡμῶν
360 1726 463 1760 Ἰησοῦ
479 1726 619 1760 Χριστοῦ,
637 1726 674 1752 δι’
691 1726 886 1760 ἀναστάσεως

90 1771 209 1806 νεκρῶν
222 1773 267 1805 εἰς
280 1772 487 1807 κληρονομίαν
502 1772 657 1807 ἄφθαρτον
670 1772 719 1809 καὶ
739 1772 887 1806 ἀμίαντον

90 1818 143 1845 καὶ
159 1818 333 1853 ἀμάραντον
347 1817 554 1853 τετηρημένην
572 1818 607 1845 ὲν
632 1818 788 1852 οὐρανοῖς,
811 1819 886 1853 ἐφιέ-

93 1872 190 1899 μενος,
205 1863 277 1891 κατὰ
292 1863 342 1899 μὲν
364 1865 413 1900 τὴν
426 1863 515 1900 ψυχὴν
528 1863 690 1898 ἀγαλλίασιν
710 1864 777 1899 ἔχει,
797 1864 886 1899 χαρὰν

91 1909 286 1944 ἁνεκλάλητον,
302 1909 433 1945 διηνεκῶς
446 1911 479 1945 τῇ
492 1910 546 1936 τῶν
561 1909 711 1945 μελλόντων
722 1910 810 1936 ἑλπίδι
822 1918 886 1943 γαν-

89 1955 209 1990 νύμενος
228 1955 350 1989 ἀγαθῶν·
366 1955 440 1982 κατὰ
453 1955 481 1981 δὲ
494 1955 544 1991 τὴν
560 1955 651 1991 σάρκα
669 1955 716 1981 καὶ
729 1955 779 1990 τὴν
790 1954 884 1990 αἴσθη-

91 2009 146 2034 σιν,
164 2000 263 2037 λύπην,
282 2001 366 2036 ῆγουν
381 2001 443 2032 τοὺς
459 2001 491 2027 ὲκ
505 2000 559 2027 τῶν
577 2001 706 2027 ποικίλων
724 2001 885 2035 πειρασμῶν

88 2047 299 2083 ἐπιγινομένους
313 2048 381 2083 αὐτῇ
403 2047 512 2079 πόνους,
526 2048 573 2074 καὶ
587 2048 636 2078 τὰς
651 2048 693 2074 ἐπ’
710 2048 806 2078 αὺτοῖ;
824 2047 880 2074 ὀδύ-

88 2101 152 2124 νας.
177 2093 256 2130 [Idan
271 2093 326 2128 γὰρ
347 2094 442 2128 ἀρετῇ,
458 2093 539 2128 ἡδονὴ
555 2093 602 2119 καὶ
622 2092 702 2124 πόνος
718 2093 883 2129 παρέπεται·

89 2139 175 2170 πόνος
195 2139 246 2174 μὲν
259 2139 371 2174 σαρκὸς,
395 2139 581 2174 ἐστερημένης
601 2138 652 2173 τῆς
668 2139 820 2175 προσηνοῦς
838 2139 884 2166 καὶ

88 2184 233 2220 λειοτέρας
256 2185 418 2220 αἰσθήσεως·
447 2184 528 2221 ἡδονὴ
557 2184 585 2211 δὲ
608 2184 707 2220 ψυχῆς,
725 2185 824 2216 παντὸς
841 2186 883 2212 αι-

936 1594 1028 1630 luptas
1041 1602 1139 1622 sensus
1152 1594 1313 1627 constituit;
1326 1599 1477 1627 sensusque
1491 1589 1614 1617 dolorem
1625 1587 1663 1624 (id
1672 1591 1725 1618 est,

936 1638 1072 1675 laborem)
1088 1639 1173 1666 animi
1191 1640 1320 1674 voluptas
1336 1638 1427 1665 facere
1448 1635 1607 1667 consuevit;
1625 1633 1727 1660 merito

936 1684 971 1718 is,
985 1685 1031 1720 qui
1051 1686 1116 1712 vitae
1135 1685 1163 1712 in
1178 1693 1226 1719 spe
1242 1685 1348 1720 positte,
1363 1683 1411 1710 Dei
1427 1691 1459 1709 ac
1475 1681 1623 1709 Saluatoris
1641 1678 1726 1706 nostri

935 1730 999 1757 Iesu
1016 1729 1114 1758 Christi
1130 1738 1176 1766 per
1190 1730 1406 1757 resurrectionem
1420 1736 1452 1755 ea:
1465 1727 1585 1757 mortuis,
1596 1726 1624 1752 in
1641 1725 1727 1752 Intre-

936 1777 1046 1804 ditatem
1069 1775 1293 1811 incorruptibilem
1321 1778 1346 1801 et
1366 1773 1605 1801 incontam‘inatmn
1626 1774 1650 1796 ct
1674 1770 1725 1796 im-

936 1822 1139 1849 marcescibilcm
1154 1826 1334 1848 conservatam
1353 1821 1381 1846 in
1400 1818 1470 1845 malis
1489 1818 1509 1850 ⁷,
1532 1815 1669 1844 desiderio
1685 1819 1726 1841 tc-

935 1873 1028 1900 netur,
1054 1869 1146 1895 animo
1166 1867 1277 1903 quidem
1300 1866 1428 1897 exsultat,
1450 1863 1605 1899 gaudetque
1625 1861 1725 1897 gaudio

936 1915 1124 1946 inenarrabili,
1139 1914 1275 1942 bonorum
1293 1912 1373 1948 585
1389 1911 1545 1938 futurorum
1563 1917 1610 1944 ενι·
1622 1907 1726 1943 jugitcr

935 1962 1083 1997 gaunicns;
1104 1969 1187 1988 carne
1208 1964 1299 1987 autem
1324 1968 1356 1986 ac
1376 1966 1459 1986 sensu
1488 1956 1610 1983 dolorem
1631 1954 1722 1984 habet,

935 2008 1044 2035 labores
1057 2007 1162 2035 scilicet
1174 2007 1221 2042 qui
1236 2014 1269 2033 ex
1288 2005 1372 2032 variis
1391 2002 1589 2031 tentationibus
1605 2000 1645 2027 illi
1656 2008 1723 2027 ουιιι

935 2053 1046 2086 ﬂantur,
1068 2060 1099 2080 ac
1124 2060 1192 2087 quas
1212 2052 1251 2079 illi
1268 2058 1405 2078 arrumnas
1423 2057 1455 2076 ac
1475 2049 1585 2075 dolores
1603 2046 1723 2081 pariunt.

935 2099 1016 2128 Omni
1041 2100 1114 2127 enim
1144 2098 1242 2126 virtuti
1267 2103 1323 2125 tum
1351 2097 1488 2131 voluptas,
1513 2098 1571 2120 tum
1595 2097 1621 2119 ct
1647 2092 1726 2118 labor

935 2153 1027 2173 comes
1038 2145 1146 2173 exsistit
1161 2153 1168 2171 :
1188 2152 1286 2179 nempe
1303 2143 1395 2170 carnis
1409 2141 1497 2173 labor,
1512 2147 1593 2175 quam
1608 2137 1726 2165 blandus
1757 2166 1760 2169 ‘

934 2190 1079 2224 leniorque
1104 2196 1202 2216 sensus
1224 2187 1345 2219 deﬁciat,
1368 2186 1506 2220 animique
1526 2184 1660 2218 voluptas,
1677 2181 1724 2217 qui

91 2229 194 2264 σθητοῦ
208 2229 339 2265 καθαροῖς
361 2229 537 2266 ὲντρυφώσης
560 2231 617 2262 τοῖς
638 2230 667 2257 ἐν
690 2229 824 2265 πλεύματι
837 2231 883 2258 λό-

940 2234 971 2261 ab
985 2222 1060 2261 omni
1076 2234 1170 2261 sensili
1184 2233 1262 2269 puris
1279 2233 1307 2260 in
1325 2232 1426 2267 spiritu
1450 2229 1603 2258 rationibus
1618 2227 1726 2255 deliciis

89 2284 162 2312 γοις.

128 2326 165 2358 η’.
180 2322 245 2349 Δέον
263 2323 321 2349 ἐστὶ
343 2322 390 2349 τὸν
408 2323 470 2350 νοῦν
491 2324 562 2351 κατὰ
578 2324 627 2360 τὴν
640 2325 784 2361 παροῦσαν
812 2327 885 2363 ζωὴν

90 2368 185 2406 (τοῦτο
193 2368 247 2404 γάρ
258 2377 302 2403 μοι
317 2369 427 2402 νοεῖται,
443 2369 474 2395 τὸ
487 2369 556 2405 νῦν),
565 2371 636 2397 κατὰ
649 2373 738 2406 σάρκα
752 2373 886 2409 λυπούμε-

89 2423 148 2447 νον,
164 2415 208 2442 διὰ
227 2415 290 2446 τοὺς
307 2415 421 2447 πολλοὺς
438 2416 536 2447 πόνους
557 2416 612 2443 τῶν
631 2417 701 2453 ὑπὲρ
721 2419 823 2454 ἀρετῆς
839 2419 886 2446 αὖ·

89 2461 131 2497 τῷ
145 2462 358 2496 προσαγομένων
371 2462 545 2498 πειρασμῶν,
558 2463 602 2490 ἀεὶ
617 2465 722 2499 χαίρειν
740 2466 810 2492 κατὰ
828 2465 883 2499 ψυ-

89 2507 155 2543 χὴν,
176 2507 223 2533 καὶ
243 2507 356 2542 ἥδεσθαι
370 2507 415 2534 διὰ
428 2507 478 2543 τὴν
496 2508 592 2535 ὲλπίδα
607 2509 664 2535 τῶν
683 2509 801 2537 αἰωνίων
813 2511 883 2544 ἀγα-

91 2553 159 2585 θῶν,
176 2552 228 2579 κᾶν
245 2552 294 2588 ἔχῃ
305 2554 550 2589 καταπονουμένην
561 2554 611 2589 τὴν
618 2554 754 2590 αἴσθησιν.
772 2555 813 2582 Οὐ
827 2555 883 2591 γὰρ

90 2599 164 2631 ἄξια
181 2599 216 2625 τὰ
227 2598 386 2633 παθήματα
401 2599 456 2626 τοῦ
466 2599 526 2626 νῦν
535 2599 638 2634 καιροῦ
652 2601 728 2634 πρὸς
740 2600 797 2635 τὴν
810 2602 883 2636 μέλ-

89 2647 214 2672 λουσαν
226 2644 321 2677 δόξαν
334 2645 603 2673 ἀποκαλύπτεσθαι
624 2647 668 2679 είς
689 2646 777 2681 ἡμᾶς,
800 2647 883 2683 φησὶν

90 2691 106 2717 6
121 2690 195 2722 θεῖος
217 2691 282 2717 Ἀπὸ
287 2690 390 2722 στολος.

128 2735 163 2762 θ’.
179 2736 286 2772 Ψυχῆς,
308 2737 325 2772 ἡ
351 2737 429 2773 σὰρξ,
447 2738 504 2765 ἀλλ’
519 2739 552 2765 οὐ
569 2740 670 2775 σαρκδς
688 2741 705 2776 ὴ
726 2740 798 2776 ψυχή
811 2749 818 2756 ·
835 2740 883 2768 τοῦ

91 2781 148 2817 γὰρ
160 2782 326 2817 κρείττονος,
342 2783 426 2818 φησὶ,
446 2783 477 2810 τὸ
490 2782 581 2820 ἧττον,
593 2785 653 2811 ἀλλ’
666 2787 696 2812 οὐ
711 2785 756 2813 τοῦ
771 2786 881 2821 ἥττονος

131 2873 140 2889 ⁷
157 2873 253 2902 ll‘etr.
271 2882 289 2905 ι,
306 2874 331 2901 5.
372 2873 382 2889 ⁸
397 2874 406 2901 ῐ
421 2874 493 2901 Pctr.
511 2881 529 2904 ι,
544 2873 570 2900 G.
610 2874 619 2889 τ’
633 2873 712 2901 Rom.
729 2881 784 2902 vui.
803 2874 834 2901 i8

936 2280 1040 2308 afﬂuat.

972 2327 998 2354 8.
1013 2325 1108 2360 Operae
1129 2324 1248 2359 pretium
1265 2328 1307 2351 est
1324 2327 1353 2350 ut
1369 2323 1478 2350 animus
1493 2323 1550 2350 vita
1565 2321 1618 2348 hac
1635 2320 1726 2354 (hunc

935 2372 1009 2400 enim
1023 2371 1090 2398 mibi
1105 2378 1216 2398 sensum
1232 2369 1325 2400 habet.
1337 2369 1410 2404 quod
1423 2368 1536 2400 dicitur,
1548 2366 1627 2400 nunc)
1643 2373 1726 2393 carne

935 2419 1032 2447 dolens
1045 2425 1077 2444 ac
1090 2424 1220 2448 maerens,
1233 2416 1269 2443 ob
1283 2423 1380 2443 carum
1398 2414 1579 2442 tentationum
1589 2413 1610 2445 ',
1625 2411 1726 2447 quibus

935 2464 1047 2492 virtutis
1062 2470 1144 2491 causa
1161 2462 1309 2498 appetitur,
1327 2461 1507 2496 multiplicem
1527 2458 1664 2490 laborem,
1680 2464 1726 2484 se-

935 2518 998 2538 cum
1016 2511 1075 2546 ipse
1092 2516 1201 2544 semper
1213 2508 1329 2544 gaudeat
1343 2515 1375 2534 ac
1388 2505 1565 2542 jucundetur,
1578 2512 1626 2539 spe
1639 2503 1727 2530 fretus

935 2557 1092 2584 futurorum
1105 2555 1253 2587 bonorum,
1267 2554 1319 2582 etsi
1333 2560 1446 2581 sensum
1461 2550 1603 2579 laboribus
1615 2549 1722 2576 divexa-

936 2605 993 2629 tum
1016 2600 1125 2628 habeat.
1143 2600 1178 2628 Ut
1195 2599 1268 2627 enim
1289 2599 1328 2626 ait
1344 2597 1455 2625 divinus
1473 2595 1620 2632 Apostolus
1639 2602 1647 2620 :
1665 2593 1725 2621 Non

935 2650 997 2673 sunt
1011 2645 1147 2681 condignae
1162 2645 1296 2681 passiones
1311 2643 1388 2678 Imjus
1405 2641 1539 2677 temporis,
1556 2640 1590 2667 ad
1606 2639 1725 2674 futuram

936 2692 1061 2729 gloriam,
1076 2699 1135 2727 quae
1150 2690 1310 2718 revelabitur
1322 2690 1350 2716 in
1365 2688 1438 2715 nobis
1446 2689 1470 2718 ,'.

971 2740 997 2767 9.
1013 2739 1093 2772 Caro,
1110 2737 1195 2765 animi
1214 2740 1265 2770 est,
1281 2744 1335 2763 non
1354 2734 1473 2763 vicissim
1494 2732 1602 2760 animus
1622 2729 1724 2758 carnis.

937 2787 985 2814 Est
1007 2785 1080 2813 enim
1106 2782 1317 2820 praestantioris,
1334 2780 1438 2816 inquit,
1456 2779 1483 2807 id
1506 2777 1579 2814 quod
1603 2774 1726 2804 deterius
