1916 3076
67 150 135 184 1309

400 155 566 186 CAPITUM
585 157 796 193 QUINQUIES
814 157 1074 190 CENTENORUM
1093 155 1285 191 CENTURIA
1306 160 1356 191 IV.

1625 153 1693 187 mm

63 216 126 237 των.
141 208 227 243 χωρὶς
239 208 289 244 τῆς
302 209 418 236 ἑκάστου
430 210 557 247 δεκτικῆς
575 210 658 244 ἕξεως
666 221 696 239 τε
711 212 759 240 καὶ
772 213 853 241 am.

909 220 1022 248 quorum
1037 214 1156 247 donum,
1170 213 1273 249 absque
1289 214 1384 241 habitu
1401 221 1434 240 ac
1450 211 1579 240 facultate
1596 211 1691 246 cujus-

65 261 147 288 μεως·
166 252 230 280 οὔτε
251 254 305 290 μὴν
327 255 408 282 πάλιν
430 256 460 282 ἒν
478 256 533 283 τῶν
554 257 794 294 ἀπηριθμημένων
805 259 853 286 ἇν-

63 298 172 334 θρωπος
196 300 328 333 κτήσεται
354 301 423 327 κατὰ
444 301 560 338 δύναμιν
577 303 706 337 φυσικὴν,
729 303 790 338 δίχα
803 306 853 338 τῆς

61 344 234 378 χορηγούσης
242 344 327 371 ταῦτα
340 345 415 378 θείας
427 346 577 382 δυνάμεως.
588 348 643 374 Καὶ
652 348 762 382 δηλοῦσι
774 348 853 375 τοῦτο

64 391 157 424 σαφῶς
180 391 279 423 πάντες
310 391 393 426 ἅγιοι,
422 393 492 427 μετὰ
514 393 563 426 τὰς
589 394 772 429 ἀποκαλύψεις
798 395 853 422 τῶν

61 436 153 470 θείων,
168 436 314 472 ζητοῦντες
336 437 393 465 τῶν
408 439 655 474 ἀποκαλυφθέντων
673 441 736 473 τοὺς
746 441 851 476 λόγους.

108 522 140 550 δ’.
160 523 189 550 Ὀ
204 523 265 559 δίχα
278 524 382 558 πάθους
398 526 493 559 αίτῶν,
505 521 641 562 λαμϐάνει
652 528 702 564 τὴν
714 528 762 556 τοῦ
777 529 854 565 ἐνερ-

61 569 121 603 γεῖν
141 569 274 598 δύνασθαι
296 571 376 607 χάριν
400 573 472 600 κατὰ
489 573 539 608 τὴν
552 573 652 609 πρᾶξιν
675 574 725 606 τὰς
741 575 851 612 ἀρετάς·

60 615 109 641 καὶ
131 615 145 643 ὁ
167 615 256 651 ζητῶν
286 617 412 649 ἀπαθῶς.
436 618 560 654 εὑρίσκει
581 621 652 647 κατὰ
668 620 718 656 τὴν
735 621 855 658 φυσικὴν

60 660 190 695 θεωρίαν,
203 661 252 699 τήν
267 663 296 689 ὲν
311 663 368 694 τοῖς
389 662 466 691 οὖσιν
485 664 614 700 ἀλήθειαν
628 674 635 680 '
647 666 695 693 καὶ
715 667 730 692 ὁ
745 667 854 701 κρούων

59 706 174 738 ἀπαθῶς
196 707 244 742 τὴν
265 707 350 744 θύραν
364 708 412 743 τῆς
428 709 564 742 Ὂιὼσεως,
588 710 736 742 ἀκωλύτως
751 712 791 743 εις
803 712 854 746 τὴν

59 752 222 788 ἀπόκρυφον
236 753 287 789 τῆς
301 755 437 789 μυστικῆς
452 755 590 790 Θεολογίας
604 755 747 783 ἐλεύσεται
761 757 852 792 χάριν.

97 801 139 825 ιε’.
156 799 185 826 '0
195 799 310 832 ἀπαθῶς
318 800 352 827 τὰ
361 799 422 827 θεῖα
434 799 523 835 ζητῶν
535 801 595 836 im),
609 801 717 834 πάντως
726 801 852 838 λήψεται,

58 844 92 871 τὸ
115 844 294 880 ζητούμενον.
315 846 345 873 '0
368 846 398 873 δὲ
429 846 500 882 μετά
523 855 596 879 τινος
622 847 725 880 πάθους
751 848 851 884 ζητῶν,

59 890 241 924 ἀποτεύξεται
268 891 316 918 τοῦ
347 891 525 928 ζητουμένου.
548 894 618 928 Φησὶ
644 893 709 928 γὰρ,
725 893 852 927 Αἰτεῖτε,
871 883 892 911 Β

59 937 110 965 καί
127 938 164 965 οὐ
180 937 358 973 λαμϐάνετε,
378 938 454 967 διότι
475 939 573 972 κακῶς
586 939 703 968 αἰτεῖτε.

96 1029 148 1058 ις’.
164 1026 247 1061 Ζητεῖ
255 1025 283 1052 ὲν
295 1026 362 1062 ἡμῖν
376 1026 426 1062 τὴν
438 1026 493 1053 τῶν
508 1026 594 1054 ὅντων
607 1027 710 1062 γνῶσιν
721 1027 751 1055 τὺ
768 1028 855 1057 Πνιῦ-

60 1080 99 1105 μα
117 1071 149 1098 τὸ
165 1071 252 1106 ἅγιον,
270 1072 317 1099 καὶ
331 1072 432 1108 ἐρευνᾷ
443 1079 450 1087 ·
469 1072 526 1099 ἀλλ’
546 1073 597 1100 οὐκ
618 1073 710 1108 ἐαυτῷ
732 1073 810 1109 ζητεί
825 1074 856 1103 τὸ

58 1117 239 1153 ζητούμενον,
253 1118 295 1145 ὅτι
308 1118 386 1150 Θεὸς,
402 1118 450 1145 καὶ
469 1118 559 1154 πάσης
574 1119 704 1146 ἐπέκεινα
716 1120 855 1154 γνώσεως·

57 1163 116 1190 ἀλλ’
130 1164 197 1199 ἡμῖν
208 1164 264 1196 τοῖς
276 1163 414 1199 δεομένοις
430 1165 479 1200 τῆς
492 1164 630 1199 γνώσεως·
648 1165 743 1202 ὥσπερ
757 1167 856 1201 ἀμέλει

57 1209 106 1237 καὶ
121 1209 136 1235 ὁ
152 1209 239 1246 Λόγος
254 1209 360 1243 γίνεται
380 1210 459 1247 σὰρξ,
484 1211 533 1247 οὐχ
550 1211 657 1247 ⁸ἑαυτῷ,
672 1211 729 1238 ἀλλ’
744 1213 810 1248 ἡμῖν
825 1212 859 1240 τὸ

59 1256 105 1283 διὰ
127 1256 179 1291 τῆς
196 1257 298 1293 σαρκὸς
324 1257 445 1291 ἐξανύων
466 1259 627 1294 μυστήριον.
646 1258 691 1290 Ὧς
702 1258 757 1294 γὰρ
770 1259 858 1295 χωρὶς

58 1303 163 1339 σαρκὸς
183 1303 284 1339 νοεριῖη
300 1303 491 1340 ὲψυχωμένης,
504 1304 555 1331 οὐκ
568 1305 678 1340 ἐνήργει
696 1304 857 1340 θεοπρεπῶς

57 1349 94 1375 τὰ.
109 1348 184 1376 κατὰ
198 1348 282 1382 φύσιν
305 1349 320 1374 ὁ
344 1349 432 1383 Λόγος
450 1350 500 1384 τῆς
524 1349 637 1384 σαρκὸς,
654 1349 742 1382 οὕτως
753 1350 857 1378 οὐδὲτὸ

58 1394 176 1430 Πνεῦμα
189 1393 219 1421 τὸ
229 1393 307 1429 ἆγιον
326 1394 355 1421 ὲν
373 1395 430 1426 τοῖς
445 1394 534 1429 ἁγίοις
556 1396 663 1431 ἐνεργεῖ
676 1396 726 1428 τὰς
740 1396 857 1431 γνώσεις

57 1440 114 1467 τῶν
132 1439 303 1475 μυστηρίων,
321 1439 407 1475 χωρὶς
425 1440 476 1476 τῆς
491 1441 563 1468 κατὰ
578 1440 660 1476 φύσιν
676 1441 813 1479 ζητούσης
825 1451 856 1470 τε

58 1486 109 1513 καὶ
128 1485 283 1523 ἐρευνώσης
298 1485 348 1522 τὴν
366 1486 468 1520 γνῶσιν
485 1487 641 1523 δυνάμεως.

904 269 958 295 que
975 261 1084 288 illorum
1101 269 1211 296 capace.
1229 261 1264 288 At
1278 268 1368 295 neque
1383 267 1480 287 rursus
1493 259 1535 285 vel
1554 265 1639 284 unum
1657 265 1691 283 cx

905 306 1074 333 enumeratis
1093 306 1177 333 homo
1196 311 1382 341 consequatur
1402 313 1435 333 ex
1452 308 1556 332 natura
1573 303 1691 334 viribus,

904 359 937 379 ac
951 352 1003 379 nisi
1018 351 1111 379 divina
1124 352 1227 379 virtute
1242 352 1300 379 lnec
1316 351 1553 379 subministrante.
1568 349 1692 382 Remque

903 398 1052 434 perspicue
1075 398 1225 425 ostendunt
1250 398 1337 425 sancti
1363 405 1476 428 omnes,
1499 399 1563 431 post
1585 394 1694 421 divinas

904 444 1095 476 revelationes,
1107 451 1206 471 eorum
1219 451 1280 479 qua:
1294 444 1414 472 revelata
1428 446 1531 475 essent,
1546 440 1694 476 quaerendo

903 489 1025 516 rationes
1036 488 1068 516 “.

940 537 983 564 Μ.
1000 536 1052 570 Qui
1077 535 1137 564 sine
1158 535 1366 571 perturbatione
1386 535 1470 570 petit,
1486 533 1600 570 gratiam
1619 532 1694 560 acci-

904 582 944 618 pit
955 583 988 615 ",
999 590 1052 617 qua
1067 582 1186 610 actionis
1198 582 1273 609 cultu
1287 582 1405 609 virtutes
1418 580 1526 615 operari
1542 580 1628 615 possit
1641 588 1648 607 :
1662 586 1694 606 ac

903 628 950 664 qui
968 627 1167 663 imper-turbate
1181 627 1290 663 quaerit,
1301 627 1444 654 veritatem
1462 627 1490 653 in
1506 626 1599 657 rebus,
1611 629 1694 652 natu-

903 674 968 701 ralis
984 673 1009 700 vi
1027 673 1239 708 speculationis,
1256 673 1371 700 invenit.
1388 672 1440 706 Qui
1457 672 1575 706 denique
1592 672 1694 706 imper-

904 720 1012 747 turbate
1028 719 1151 748 scientia:
1167 720 1258 754 pulsat
1270 720 1393 755 januam,
1406 719 1481 746 nullo
1497 717 1695 752 impedimento

904 765 938 793 ad
952 765 1087 793 occultam
1101 766 1222 802 mystica:
1235 765 1380 800 theologia:
1395 764 1504 791 invadet
1515 763 1641 798 gratiam.

940 811 983 838 i5.
997 810 1049 844 Qui
1070 811 1268 846 imperturbate
1285 810 1431 845 animoque
1449 808 1595 836 alleclibus
1609 815 1697 835 vacuo

905 857 997 885 divina
1016 857 1124 892 quaerit,
1140 857 1203 889 hoc,
1217 856 1291 891 quod
1312 856 1422 891 qnmrit,
1436 855 1549 882 omnino
1567 854 1696 889 accipiet.

905 904 956 937 Qui
971 908 1063 931 autem
1075 903 1156 938 587
1167 903 1267 930 aﬂ'ectu
1279 902 1372 937 aliquo
1384 909 1415 928 ae
1427 900 1635 937 perturbatione
1647 907 1697 927 seu

904 951 1020 978 libidine
1041 951 1156 985 quaerit,
1175 949 1288 977 minime
1311 952 1506 983 consequetur.
1522 947 1567 974 Ait
1587 947 1661 974 enim
1687 954 1696 974 :

905 997 1009 1028 Petilis,
1022 1000 1047 1023 et
1060 1005 1111 1023 non
1126 996 1256 1031 accipitis,
1267 1003 1297 1022 eo
1313 995 1381 1030 quod
1395 993 1465 1021 male
1480 993 1575 1029 petatis
1586 992 1619 1019 ¹³.

942 1043 985 1070 16.
999 1041 1103 1076 Quaerit
1117 1041 1145 1069 in
1161 1041 1242 1068 nobis
1255 1040 1375 1076 Spiritus
1388 1043 1499 1067 sanctus
1513 1045 1546 1065 ac
1559 1041 1698 1065 scrutatur

904 1096 999 1116 rerum
1012 1087 1172 1120 scientiam;
1188 1094 1243 1114 non
1258 1091 1350 1114 tamen
1373 1092 1434 1113 eam
1454 1084 1507 1111 sibi
1529 1084 1588 1118 ipse
1600 1082 1698 1118 quan-it

907 1135 1005 1172 (utqui
1017 1135 1090 1162 Deus
1103 1134 1154 1166 sit,
1172 1141 1336 1168 omnemque
1347 1131 1462 1160 excedat
1471 1129 1639 1163 scientiam),
1649 1128 1697 1156 sed

906 1181 996 1212 nobis.
1009 1179 1111 1215 quibus
1129 1180 1175 1206 illa
1191 1186 1260 1214 opus
1275 1178 1322 1206 sit.
1337 1177 1380 1205 Uti
1397 1177 1480 1204 etiam
1497 1183 1563 1203 sane
1578 1175 1698 1203 Verbum

906 1234 971 1254 caro
986 1226 1035 1259 ﬁt;
1053 1233 1108 1253 non
1127 1225 1217 1260 ipsum
1233 1224 1298 1255 sibi,
1313 1223 1360 1251 sed
1377 1222 1468 1254 nobis,
1482 1221 1555 1257 quod
1572 1228 1621 1255 per
1637 1227 1699 1247 car-

906 1281 969 1301 nem
984 1278 1026 1300 est
1038 1273 1151 1308 ejusque
1164 1271 1364 1306 assumptione,
1379 1268 1538 1305 mysterium
1555 1273 1698 1302 peragens.

906 1318 1142 1353 Quemadmodum
1163 1317 1236 1356 enim
1255 1316 1390 1347 Verbum,
1402 1323 1457 1342 non
1478 1313 1538 1341 sine
1559 1320 1640 1340 carne
1658 1312 1699 1339 in-

907 1365 1089 1401 telligentium
1109 1371 1185 1391 more
1206 1361 1342 1394 animata,
1359 1368 1420 1396 qua
1439 1368 1472 1388 ex
1493 1359 1584 1387 carnis
1601 1361 1699 1385 natura

906 1416 1000 1444 erant,
1016 1411 1109 1438 divine
1123 1409 1293 1444 operabatur
1311 1416 1317 1434 :
1335 1407 1375 1434 sic
1392 1413 1482 1441 neque
1500 1405 1619 1439 Spiritus
1635 1411 1699 1431 san-

906 1460 983 1490 ctus,
998 1456 1102 1491 absque
1117 1455 1236 1482 naturali
1253 1453 1382 1481 facultate
1398 1451 1543 1479 scientiam
1560 1453 1700 1485 quaerente

907 1510 939 1530 ac
959 1505 1114 1535 scrutante,
1130 1500 1323 1536 mysteriorum
1342 1498 1460 1533 notitias~
1473 1497 1501 1524 in
1517 1495 1618 1523 sanctis
1633 1502 1701 1530 ope-

909 1552 997 1574 ratur.

95 1578 141 1611 ιζ’.
157 1577 265 1613 Ὥσπερ
279 1577 330 1604 οὐκ
345 1576 404 1604 ἔστι
416 1578 502 1613 χωρὶς
521 1577 636 1614 ἡλιακοῦ
652 1578 741 1612 φωτὸς
757 1579 853 1614 ὀφθαλ‹

1006 1581 1084 1609 Sieut
1095 1580 1154 1607 ﬁeri
1167 1588 1221 1607 non
1235 1583 1336 1614 potest,
1350 1582 1380 1605 ut
1391 1578 1489 1606 oculus
1504 1578 1607 1613 absque
1618 1575 1700 1604 solari

61 1623 112 1659 μὸν
129 1623 378 1659 ἀντιλαμϐάνεσθαι
389 1623 445 1650 τῶν
461 1623 609 1659 αἰσθητῶν,
623 1623 697 1651 οὕτω
706 1624 768 1660 δίχα
778 1634 860 1653 πνευ-

63 1670 182 1707 ματικοῦ
198 1671 287 1706 φωτὸς
313 1671 375 1704 νοῦς
391 1671 563 1706 ἀνθρώπινος
587 1672 681 1700 οὔποτ’
697 1673 731 1700 ἂν
754 1673 860 1707 δέξεται

61 1717 181 1753 θεωρίαν
195 1717 395 1752 πνευματικήν.
414 1717 451 1744 Τὸ
473 1717 523 1753 μὲν
551 1717 606 1753 γὰρ
633 1719 764 1754 αἰσθητὸν
789 1719 859 1753 φῶς,

61 1763 134 1791 κατὰ
144 1763 224 1798 φύσιν
233 1763 345 1798 φωτίζει
359 1763 408 1798 τὴν
424 1763 551 1798 αἴσθησιν
560 1763 629 1800 πρὸς
642 1763 693 1799 τὴν
700 1763 755 1791 τῶν
767 1773 861 1800 σωμα-

60 1809 148 1836 τικῶν
158 1809 309 1844 ἀντίληψιν·
321 1808 352 1836 τδ
360 1809 388 1836 δὲ
399 1810 594 1845 πνευματικὸν,
605 1809 673 1845 πρὸς
683 1809 732 1846 τὴν
744 1810 860 1846 θεωρίαν

61 1855 108 1881 τὸν
127 1854 193 1881 νοῦν
209 1853 380 1889 καταυγάζει
398 1853 467 1890 πρὸς
482 1854 649 1890 κατανόησιν
664 1855 719 1882 τῶν
734 1855 806 1892 ὑπὲρ
817 1856 860 1883 ατ-

62 1900 175 1936 σθησιν.

98 1950 146 1981 ιη’.
165 1946 221 1978 Τὰς
251 1945 302 1982 μὲν
319 1946 470 1982 ζητητικάς
490 1955 520 1973 τι
542 1946 590 1974 καὶ
602 1946 784 1982 ἑρευνητικὰς
799 1946 857 1983 [qm

62 1993 96 2021 59
111 1993 150 2021 ad
172 1992 294 2020 Thala».
307 1991 478 2028 δξερευνητ.]
497 1991 552 2019 τῶν
567 1992 648 2019 θείων
668 1992 799 2028 δυνάμεις
812 1992 859 2018 οὑ-

62 2037 172 2070 σιωδῶς
189 2036 248 2072 ἔχει
265 2035 512 2070 καταϐεόλημένας
529 2036 600 2072 αὐτῇ
618 2035 694 2071 παρὰ
718 2034 766 2062 τοῦ
791 2035 860 2062 Κτί-

62 2092 163 2115 σαντος
188 2083 249 2110 κατ’
266 2083 354 2118 αὐτὴν
369 2082 418 2118 τὴν
436 2083 477 2114 είς
493 2081 524 2108 τὸ
540 2079 611 2109 εἶναι
625 2080 754 2117 πάροδον,
773 2082 790 2116 ἡ
804 2080 859 2109 τῶν

61 2129 218 2164 ἀνθρώπων
232 2127 331 2162 φύσις·
355 2126 406 2158 τὰς
429 2126 458 2153 δὲ
485 2125 540 2153 τῶν
567 2125 649 2152 θείων
661 2124 858 2160 ἀποκαλύψεις,

61 2174 134 2202 κατὰ
150 2174 232 2209 χάριν
253 2174 270 2210 ἠ
293 2173 340 2200 τοῦ
368 2172 501 2207 παναγίου
517 2171 676 2207 Πνεύματος
690 2170 859 2206 ὲπιφοιτῶσα

910 1628 971 1655 luce
985 1634 1029 1654 res
1046 1625 1189 1661 percipiat,
1202 1631 1263 1659 qua}
1278 1625 1307 1651 in
1323 1631 1432 1651 sensum
1450 1623 1553 1650 cadunt
1569 1631 1576 1650 :
1591 1622 1635 1649 sic
1651 1626 1704 1648 nec

911 1673 958 1701 llat
976 1680 1096 1708 unquam
1106 1692 1113 1704 ,
1129 1676 1160 1699 ut
1175 1678 1254 1698 mens
1270 1670 1389 1697 humana
1405 1669 1474 1696 citra
1491 1668 1641 1704 spiritalem
1658 1667 1698 1694 lu-

901 1725 982 1749 .eem.
998 1717 1149 1753 spiritalem
1168 1715 1429 1750 contemplationem
1450 1714 1593 1749 suscipiat.
1608 1713 1701 1740 Altera

909 1762 983 1790 enim
1006 1762 1070 1794 lux,
1089 1762 1123 1789 ad
1147 1759 1326 1795 percipienda
1349 1766 1482 1793 corpora,
1503 1766 1554 1793 per
1576 1762 1701 1784 naturam

909 1813 1022 1834 sensum
1037 1806 1172 1838 illustrat;
1188 1805 1287 1836 altera,
1299 1804 1333 1831 ad
1351 1803 1610 1838 contemplationem
1624 1809 1708 1829 men-

910 1855 966 1879 tem
981 1851 1130 1884 illuminat,
1144 1855 1176 1878 ut
1189 1858 1223 1878 ea
1237 1857 1300 1885 quae
1314 1857 1428 1878 sensum
1442 1847 1581 1876 excedant
1595 1847 1703 1883 perspi-

909 1898 975 1925 ciat.
1650 1899 1655 1904 '

948 1944 992 1972 18.
1004 1944 1084 1973 Vires
1099 1942 1241 1979 quaerendi
1252 1941 1346 1971 divina
1358 1949 1391 1969 ac
1402 1940 1554 1973 scrutandi,
1565 1939 1700 1968 essentia-

909 1990 972 2018 liter
985 1997 1002 2017 a
1016 1991 1106 2025 prima
1123 1990 1181 2025 ipsa
1198 1989 1357 2017 conditione
1374 1995 1406 2015 ac
1419 1987 1527 2022 origine
1543 1987 1577 2014 ab
1590 1989 1701 2014 auctore

909 2036 1028 2063 insertas
1039 2035 1123 2063 habet
1135 2035 1254 2063 humana
1266 2039 1381 2068 natura;
1396 2041 1495 2063 verum
1506 2032 1613 2063 divinas
1625 2040 1698 2063 reve-

908 2081 1041 2114 lationes,
1061 2089 1111 2116 per
1133 2082 1266 2117 gratiam,
1286 2082 1452 2110 sanctissimi
1475 2082 1595 2117 Spiritus
1614 2081 1702 2109 virtus

909 2127 1071 2161 adveniens,
1086 2131 1208 2163 praestat.
1225 2127 1304 2161 Quod
1326 2132 1417 2156 tamen
1436 2128 1492 2164 jam
1511 2127 1600 2160 initio,
1620 2127 1702 2155 hasce

908 2174 984 2202 vires
1005 2182 1057 2209 per
1078 2177 1238 2210 peccatum,
1256 2181 1349 2202 rerum
1373 2173 1409 2201 ob
1431 2173 1526 2201 oculos
1549 2173 1700 2208 positarum

42 2238 49 2244 .
62 2221 184 2246 ποιεῖται
213 2217 338 2253 δύναμις.
361 2217 471 2252 Ἐπειδὴ
493 2216 522 2243 δὲ
549 2215 611 2243 κατ’
634 2215 721 2251 ἀρχὰς
743 2215 787 2243 διὰ
807 2216 853 2250 τῆς

910 2223 1026 2246 naturae.
1041 2218 1164 2253 Nequam
1182 2219 1228 2246 ille
1246 2219 1379 2251 aﬂixerat,
1393 2226 1445 2246 nec
1460 2222 1520 2246 erat
1535 2217 1582 2253 qui
1599 2217 1701 2249 intelli—

63 2264 213 2300 ἁμαρτίας,
235 2265 268 2299 τῇ
292 2263 372 2298 φύσει
388 2262 443 2289 τῶν
464 2262 569 2298 ὁρατῶν
587 2261 688 2293 ταύτας
703 2262 719 2288 ὁ
741 2261 853 2297 πονηρὸς

909 2269 986 2300 geret
1003 2269 1052 2292 aut
1067 2265 1226 2299 exquireret
1241 2265 1329 2292 Deum
1342 2264 1374 2297 ιδ,
1391 2264 1465 2299 quod
1486 2263 1578 2292 cuncti
1597 2268 1702 2293 natura:

63 2309 228 2346 προσήλωσε
244 2308 294 2340 τὰς
309 2308 449 2344 δυνάμεις,
463 2307 511 2334 καὶ
523 2307 574 2334 οὐκ
588 2303 623 2342 ἦν
638 2307 652 2333 ὁ
666 2305 764 2333 συνιὼν
780 2306 797 2342 ἢ
814 2307 861 2334 ὲκ-

61 2355 155 2391 ζητῶν
170 2355 215 2381 τδν
232 2353 309 2385 Θεὸν,
322 2353 431 2383 πάντων
445 2353 501 2380 τῶν
520 2351 724 2390 μετειληφότων
737 2352 786 2388 τῆς
808 2351 859 2387 φύ-

63 2410 144 2434 σεως,
159 2400 210 2435 τὴν
231 2399 328 2434 νοεράν
350 2407 379 2426 τε
399 2398 446 2426 καὶ
471 2397 586 2433 λογικὴν
604 2397 718 2433 δύναμιν
742 2396 859 2433 ἑχόντων

62 2446 331 2483 περιγεγραμμένην
346 2445 380 2480 τῇ
395 2443 541 2479 ἐπιφανείᾳ
562 2443 617 2471 τῶν
634 2443 789 2478 αἰσθητῶν,
811 2443 861 2473 καὶ

63 2491 204 2528 μηδεμίαν
224 2490 404 2526 κεκτημένων
421 2489 526 2516 ιννοιαν
550 2487 606 2514 τῶν
627 2487 698 2524 ὑπὲρ
718 2488 854 2523 αἴσθησιν,

62 2538 180 2569 suam;
194 2537 211 2572 ἠ
228 2535 274 2565 τοῦ
296 2535 431 2570 παναγίου
453 2533 613 2570 Πνεύματος
637 2533 729 2570 χάρις,
744 2535 802 2565 τοῖς
818 2534 858 2573 μὴ

63 2583 137 2611 κατὰ
154 2582 285 2618 πρόθεσιν
302 2580 466 2612 tametsi»:
480 2580 535 2609 ὑπὸ
548 2580 600 2616 τὴν
618 2580 730 2616 ἀπάτην
741 2580 856 2615 reveni-

63 2638 132 2662 νοις,
158 2629 216 2656 τῶν
239 2627 341 2655 ὑλικὸν
359 2626 540 2663 muluium.
556 2626 608 2662 τὴν
635 2626 854 2663 προσηλωμένην

99 2708 119 2724 ³·
140 2707 210 2736 Dan.
228 2714 275 2742 ιιι,
291 2706 324 2740 8;
339 2705 455 2734 Zachar.
470 2713 507 2740 ιν,
524 2705 552 2735 5.

101 2765 152 2800 (m)
186 2765 218 2792 '0
230 2764 352 2797 ἀπαθῶς
361 2764 398 2791 τὰ
409 2764 474 2791 θεῖα
480 2763 586 2800 ζητῶν.
602 2763 706 2800 Nempe
723 2763 850 2800 sedatum

65 2799 192 2829 animum
206 2800 276 2835 petit
290 2800 379 2827 oratio
392 2807 424 2827 ac
437 2799 596 2835 illibatum;
616 2799 759 2835 quidquid
772 2799 853 2827 deni-

65 2843 119 2871 que
136 2843 170 2863 ea
189 2833 251 2871 vox,
266 2835 417 2871 totiesﬂhic
441 2833 558 2871 Maximo
574 2833 723 2871 inculcata,
740 2834 852 2871 Graeco-

66 2869 126 2899 rum
137 2878 189 2899 usu
201 2870 332 2899 insinuat.
344 2870 430 2898 Erant
441 2869 515 2897 edita
528 2869 599 2898 male
611 2869 714 2903 luxata,
732 2869 854 2898 confusis

908 2311 1069 2346 participes,
1086 2310 1258 2346 intelligendi
1279 2310 1339 2338 vim
1359 2318 1391 2338 ac
1412 2310 1538 2343 rationis,
1556 2317 1648 2338 rerum
1671 2309 1701 2337 in

908 2364 1019 2387 sensum
1042 2356 1201 2385 cadentium
1221 2356 1369 2392 superﬁcie
1385 2364 1418 2384 ac
1434 2356 1509 2383 velut
1526 2357 1628 2385 cortice
1643 2357 1700 2385 cir-

907 2401 1104 2436 cumscriptam
1118 2401 1264 2433 haberent,
1275 2400 1407 2435 omnique
1419 2408 1511 2428 rerum
1524 2407 1606 2428 sensu
1620 2409 1701 2436 supe-
1722 2403 1729 2412 ’

907 2446 1012 2474 riorum
1025 2446 1147 2482 cogitatu
1160 2453 1299 2481 sensuque
1313 2449 1455 2479 carerent;
1472 2446 1572 2474 merito
1586 2445 1701 2474 sanctis-

910 2492 973 2521 simi
988 2492 1109 2530 Spiritus
1122 2492 1218 2528 gratia,
1232 2491 1276 2525 iis,
1290 2492 1337 2529 qui
1352 2499 1409 2520 non
1423 2491 1549 2520 consulto
1564 2495 1593 2520 et
1603 2492 1700 2519 animi-

910 2543 956 2571 tus
975 2539 1062 2568 errori
1084 2542 1296 2570 concesserant,
1312 2545 1328 2566 a
1352 2537 1484 2570 terrenis,
1502 2537 1603 2572 quibus
1621 2536 1700 2567 aﬂixa

909 2584 1068 2617 tenebatur,
1084 2585 1206 2613 avulsam
1228 2591 1260 2612 ac
1282 2584 1360 2619 quasi
1385 2583 1497 2612 reﬁxam
1523 2583 1698 2615 facultatem,
1731 2585 1738 2591 "

910 2629 962 2662 sibi
980 2630 1068 2666 ipsam
1085 2631 1207 2662 restituit
1220 2639 1227 2659 :
1240 2638 1323 2668 quam
1335 2629 1465 2659 videlicet
1475 2630 1569 2667 gratim
1584 2636 1699 2658 munere

602 2705 625 2721 "
639 2704 736 2737 Matth.
751 2713 798 2739 vn,
814 2706 843 2735 8.
882 2708 903 2725 ⁸³
914 2709 972 2740 Jac.
990 2718 1027 2744 IV,
1044 2710 1072 2738 5.
1111 2709 1132 2726 ¹⁸
1148 2709 1220 2738 Psal.
1236 2717 1295 2742 xm,
1307 2708 1343 2742 ἃς
1361 2716 1406 2741 ιιι,
1426 2708 1454 2736 5.

904 2767 957 2804 boc
970 2773 998 2796 et
1012 2767 1138 2804 sequenti
1145 2767 1233 2804 capite
1244 2775 1252 2800 ;
1267 2766 1408 2804 nonnullis
1419 2765 1502 2804 etiam
1520 2764 1694 2804 desideratis.

904 2799 1064 2838 lmportuné
1081 2799 1260 2838 Picusfdicta
1273 2801 1451 2838 deVerboin
1465 2809 1559 2836 carne,
1570 2800 1649 2838 quasi
1661 2799 1699 2830 de

906 2836 987 2867 nobis
1001 2846 1032 2868 ac
1047 2838 1081 2867 de
1102 2845 1184 2870 carne
1201 2837 1270 2876 ipsa,
1285 2837 1358 2866 dicta
1375 2836 1475 2866 reddit.
