1916 3076
209 154 276 188 13H

799 151 829 182 S.
850 151 994 182 MAXIM!
1015 150 1269 182 CONFESSORIS

1790 145 1843 177 319.

210 210 340 238 mundam
363 207 472 243 adepti,
494 206 664 242 quzesierunt
688 204 808 241 primum
833 210 865 234 et-
883 206 997 234 scrutati

1071 207 1253 242 ποκατέστησε
1269 206 1396 241 δύναμιν·
1409 202 1442 238 ἡν
1459 204 1582 240 καθαρὰν
1596 202 1787 233 ἀπ’)ὶαεόντες
1799 201 1844 228 id

210 256 322 286 simt”:
345 259 458 288 tumque
478 253 684 288 exquisicrunt,
699 257 727 280 et
747 257 812 280 sunt
832 254 997 287 exscrutati,

211 309 259 336 per
272 299 396 327 eamdem
411 298 517 326 scilicet
528 298 649 333 Spiritus
661 297 785 333 gratiam.

246 387 289 414 19.
307 386 469 413 Animorum
492 384 599 412 scilicet
619 384 729 419 proprie
749 385 838 416 salus,
855 384 918 412 ﬁdei
937 385 1001 413 ﬁnis

209 437 262 460 cst.
281 432 357 459 Fidei
377 439 444 458 vero
464 430 535 462 ﬁnis,
549 431 608 465 ejus
629 431 702 464 quod
721 429 857 457 creditum
876 435 919 457 est
936 438 1000 458 vera

211 478 343 506 revelatio
357 481 399 504 est
410 484 442 503 ac
458 476 653 503 manifestatio.
665 476 733 503 Vera
749 480 840 502 autem
855 476 915 511 ejus
928 476 1002 511 quod

211 524 347 552 creditum
365 523 447 558 588
460 527 502 550 est
513 522 645 549 revelatio
656 526 684 549 et
695 521 889 554 manifestatio,
902 529 1001 549 arcana

212 573 255 596 est
267 575 316 602 pro
328 568 387 602 ejus
399 567 462 594 ﬁdei
480 567 586 594 ratione
602 575 655 601 qua
671 567 788 602 quisque
803 567 934 601 prteditus
949 571 1001 599 est.

212 614 273 648 ejus
291 613 364 648 quod
385 613 520 640 creditum
537 617 580 640 est
595 612 815 647 comprehensio.
830 613 896 648 Ejus
911 617 1003 640 autem

214 659 287 694 quod
311 659 447 686 creditum
472 663 514 685 est
535 659 757 693 comprehensio,
773 666 870 686 eorum
893 663 934 686 cst
956 659 1003 694 qui

215 704 397 732 crediderunt
412 704 445 730 ad
461 704 628 739 principium
646 711 695 738 pro
710 703 772 730 ﬁnis
788 704 894 731 ratione
912 712 1004 731 rever-

216 750 267 776 sio.
290 749 393 776 Eorum
416 753 507 776 autem
532 749 579 783 qui
605 748 783 776 crediderunt
804 749 837 776 ad
861 750 1004 784 proprium

216 794 382 830 principium
408 802 457 830 pro
491 795 553 822 ﬁnis
578 795 685 822 ratione
709 794 848 827 reversio,
874 794 1004 822 desiderii

217 841 376 875 adimpletio
396 845 448 867 est.
470 839 605 867 Desiderii
628 844 720 867 autem
742 840 913 875 adimplctio,
932 841 1006 876 jugis

218 891 309 913 motus
323 885 402 920 quies
413 890 455 912 est
467 885 656 920 appetentium
672 886 746 913 circa
760 886 919 921 appetibile.
930 887 1007 921 Jugis

218 935 310 958 autem
329 935 420 958 motus
439 931 518 966 quies
540 931 729 966 appetentium
751 931 824 959 circa
843 932 1005 967 appetibile,

217 978 291 1013 jugis
303 981 344 1005 est
355 981 382 1005 et
396 977 527 1004 continua
539 977 698 1012 appetibilis
709 977 814 1005 fruitio.
825 978 902 1013 Jugis
916 983 1007 1006 autem

221 1027 250 1051 et
279 1024 411 1051 continua
441 1023 599 1058 appetihilis
631 1023 744 1056 fruitio,
765 1024 921 1051 divinorum
953 1025 1007 1051 vim

220 1077 330 1097 onmem
351 1073 457 1096 natura:
475 1069 665 1104 superantium
687 1070 860 1104 participatio
880 1077 912 1097 ac
932 1078 1009 1097 com-

221 1114 355 1141 mercium
376 1117 427 1140 est.
441 1113 602 1140 Divinorum
621 1118 712 1140 autent
732 1119 837 1141 natura;
851 1113 906 1140 vim
924 1121 1008 1148 supe-

222 1160 343 1186 rantium
370 1158 545 1193 participatio
567 1166 599 1186 ac
617 1158 828 1190 commercium,
848 1167 944 1186 eorum
967 1163 1008 1186 est

223 1204 270 1238 qui
289 1203 498 1239 participatione
516 1211 548 1230 ac
566 1204 732 1231 commercio
751 1204 880 1239 gaudent,
894 1212 955 1232 cum
974 1212 1008 1232 eo

223 1250 258 1277 de
271 1251 350 1285 cujus
363 1249 481 1284 gaudent
495 1249 704 1284 participatione
715 1253 743 1276 et
755 1250 918 1277 commercio
933 1250 1010 1277 simi-

224 1295 322 1322 litudo.
339 1295 495 1322 Similituth
510 1298 601 1321 autem
628 1301 722 1321 eorum
739 1294 784 1328 qui
802 1294 1011 1329 participatione

224 1345 253 1367 ct
267 1337 434 1368 eammercio
450 1340 580 1375 gaudent.
594 1347 656 1366 cum
675 1339 733 1374 ipso
747 1339 781 1366 de
797 1340 875 1372 cujus
891 1339 1011 1374 gaudent

226 1385 435 1420 participatione
459 1388 486 1411 ct
511 1384 693 1415 commercio,
717 1383 742 1410 vi
767 1383 955 1411 similitudinis
982 1385 1010 1411 in

1048 253 1098 287 τῆς
1110 253 1233 288 χάριτος,
1252 253 1361 288 πρῶτον
1380 250 1517 286 ἐζήτησαν
1537 249 1585 276 καὶ
1609 248 1782 284 ὴρεύνηςαν.
1798 249 1844 273 11‘.

1049 298 1136 330 οὕτως
1149 297 1317 332 ἐξεζήτησαν
1337 296 1383 323 καὶ
1408 295 1605 330 ὲξηρεύνησαν,
1621 294 1665 321 διὰ
1689 293 1740 328 τῆς
1756 292 1845 326 αὐτῆς

1049 343 1149 380 δηλαδὴ
1161 343 1208 369 τοῦ
1226 342 1384 377 [Ινεύματος
1398 341 1520 377 χάριτος.

1088 389 1132 416 ιο¹.
1151 389 1277 424 Σωτηρία
1290 388 1391 424 δηλαδὴ
1403 387 1507 422 ψυχῶν,
1523 387 1625 422 κυρίως
1639 386 1709 417 ἐστὶ,
1724 386 1756 411 τὸ
1769 384 1849 414 τέλος

1051 436 1102 470 τῆς
1117 435 1244 465 πίστεως.
1259 434 1342 466 Τέλος
1353 434 1381 461 δὲ
1405 433 1523 464 πίστεώς
1542 434 1624 464 ἐστιν,
1641 431 1717 468 ἡτοῦ
1734 439 1849 457 πιστευ-

1053 481 1144 512 θέντος
1159 479 1260 514 ὰληθὴς
1275 478 1458 513 ἀποκάλυψις.
1480 477 1594 512 ’Δληθὴς
1615 476 1644 503 δὲ
1659 475 1708 503 τοῦ
1733 483 1845 501 πιστευ-

1053 525 1146 556 θέντος
1161 524 1235 550 ἐστὶν
1255 523 1438 558 ἀποκάλυψις,
1457 523 1473 558 ἠ
1497 522 1568 549 κατὰ
1585 521 1734 555 ἀναλογίαν
1750 521 1802 555 τῆς
1820 520 1851 546 ὲν

1054 570 1162 605 ἑκάστῳ
1188 570 1306 601 πίστεως
1336 569 1454 605 ἄρῤητος
1481 567 1529 594 τοῦ
1559 566 1784 602 πεπιστευμένου
1809 565 1851 601 (n)

1054 615 1251 651 περιχώρησις.
1283 613 1472 650 Περιχώρησις
1500 613 1529 640 δὲ
1553 613 1600 640 τοῦ
1623 611 1852 647 πεπιστευμένου

1055 662 1236 696 καθέστηκεν,
1255 662 1272 697 ἡ
1299 661 1368 697 προς
1391 661 1441 696 τὴν
1457 659 1545 696 ἀρχὴν
1560 660 1630 686 κατᾶ
1653 659 1684 686 τὸ
1703 659 1783 690 τέλος
1798 657 1853 684 τῶν

1055 706 1277 733 πεπιστευκότων
1301 706 1452 737 ἐπάνοδος..
1480 706 1513 732 Ἦ
1537 705 1566 732 δὲ
1589 705 1659 740 πρὸς
1674 704 1727 739 τὴν
1745 703 1854 730 οἰιίεεαν

1055 753 1142 788 ἀρχὴν
1165 753 1235 778 κατὰ
1259 752 1288 778 τὸ
1305 752 1382 784 τέλος
1406 751 1460 778 τῶν
1477 751 1703 778 πεπιστευκότων
1719 748 1855 779 Ambo“;

1055 798 1140 828 ἐστιν,
1160 799 1176 832 ἡ
1196 799 1246 833 τῆς
1269 797 1389 831 ἐφέσεως
1410 797 1560 832 πλήρωσις.
1587 796 1727 830 Ἑφέσεως
1741 795 1771 821 δὲ
1789 794 1854 829 adﬁ-

1059 842 1141 877 ρωσίς
1156 843 1239 873 ἐστιν,
1257 843 1274 878 ἡ
1289 843 1353 878 περὶ
1366 842 1396 869 τὺ
1410 842 1507 877 ὲφετὺν
1520 842 1574 868 τῶν
1591 841 1750 876 ἐφιεμένων
1764 839 1852 866 ἀεικι-

1060 896 1139 921 νητος
1157 888 1261 919 στάσις.
1284 888 1452 923 Ἀεικίνητος
1465 888 1493 915 δὲ
1511 887 1606 918 στάσις
1624 887 1690 922 περὶ
1706 886 1739 912 τδ
1756 885 1854 919 ὲφετδν

1060 933 1115 961 τῶν
1128 934 1279 968 ἐφιεμένων
1292 934 1374 965 ἐστὶν,
1393 935 1411 969 ἡ
1424 933 1471 960 τοῦ
1494 933 1590 968 ἐφετοῦ
1616 932 1748 968 διηνεκὴς
1762 939 1793 957 τε
1807 931 1853 957 καὶ

1061 979 1222 1010 ἀδιάστατος
1247 979 1408 1010 ἀπόλαυσις.
1441 978 1603 1010 Ἀπὸλαυσις
1626 979 1653 1004 δὲ
1669 977 1803 1012 διηνεκὴς
1824 984 1852 1001 τε

1062 1026 1110 1051 καὶ
1124 1025 1285 1057 ὰδιάστατος
1302 1024 1350 1051 τοῦ
1370 1025 1477 1060 ἐφετοῦ,
1491 1026 1508 1060 ἡ
1523 1025 1576 1052 τῶν
1591 1025 1661 1060 ὑπὲρ
1675 1023 1760 1058 φύσιν
1775 1023 1853 1049 θείων

1063 1069 1216 1104 καθέστηκε
1226 1069 1345 1104 μέθεξις,
1357 1069 1473 1102 Μέοεξις
1485 1069 1512 1096 δὲ
1528 1069 1581 1095 τῶν
1593 1069 1665 1103 ὑπὲρ
1677 1068 1761 1102 φύσιν
1775 1067 1854 1093 θείων

1061 1115 1148 1147 ἐστὶν,
1159 1116 1176 1150 ἡ
1189 1115 1256 1150 πρὸς
1264 1115 1295 1142 τὸ
1308 1115 1488 1150 μετεχόμενον
1499 1115 1554 1142 τῶν
1565 1114 1737 1150 μετεχόντων
1751 1113 1854 1148 ὁμοεω-

1062 1167 1115 1192 σις.
1144 1160 1177 1186 Ίι
1198 1160 1226 1187 δὲ
1243 1161 1311 1196 πρὸς
1334 1161 1365 1187 τὸ
1399 1161 1579 1196 μετεχόμενον
1607 1159 1663 1186 τῶν
1684 1159 1854 1195 μετεχόντων

1061 1205 1190 1241 ὁμοίωσις
1207 1207 1289 1239 ἔστιν,
1310 1208 1327 1242 ἠ
1347 1208 1408 1234 κατ’
1423 1207 1562 1242 ἐνέργειαν
1587 1205 1655 1240 πρὸς
1679 1205 1747 1231 αὐτὸ
1759 1204 1791 1230 τὸ
1808 1212 1853 1239 με·

1062 1252 1205 1287 τεχόμενον
1237 1253 1291 1279 τῶν
1321 1254 1488 1288 μετεχόντων
1515 1253 1548 1279 δι’
1566 1252 1727 1287 ὁμοιότητος
1749 1251 1854 1285 ἐνδεχο-

1063 1297 1131 1332 μένη
1148 1298 1292 1334 ταυτότης.
1315 1299 1347 1325 Ἡ
1371 1300 1400 1325 δὲ
1427 1299 1482 1326 τῶν
1499 1299 1666 1334 μετεχόντων
1688 1296 1853 1331 ἐνδεχομένη

1063 1342 1122 1368 κατ’
1131 1343 1270 1378 ἐνέργειαν
1281 1345 1315 1371 δι’
1325 1345 1483 1380 ὁμοιότητος
1491 1344 1632 1379 ταυτότης,
1647 1345 1664 1378 ἡ
1679 1343 1716 1370 δι’
1728 1343 1853 1378 ὁμοιότη-

1062 1394 1109 1418 τος
1121 1388 1188 1422 πρὸς
1205 1388 1235 1415 τὸ
1248 1390 1428 1426 μτεχὸμενόν
1439 1391 1496 1417 ἐστι
1509 1389 1605 1422 θέωσις
1617 1389 1672 1416 τῶν
1686 1389 1855 1424 ἀξιουμένων

226 1434 299 1460 actu.
313 1435 413 1464 quanta
434 1430 556 1464 pnestari
576 1433 666 1464 potest
681 1429 723 1464 (ut
741 1429 860 1464 vocant),
881 1429 1010 1459 identilas
1024 1423 1044 1452 (ἶ
1062 1433 1183 1466 θεώσεως
1198 1437 1216 1463 ⁸.

227 1481 278 1504 est.
294 1476 395 1503 Eorum
412 1475 529 1510 denique
561 1475 606 1510 qui
625 1476 834 1511 participatione
867 1484 900 1503 ac
933 1480 1100 1508 commercio
1129 1482 1265 1517 gaudent,
1285 1488 1387 1518 quanta
1412 1484 1533 1519 praestari
1555 1488 1645 1519 potest
1669 1484 1696 1510 in
1722 1487 1785 1511 actu
1808 1489 1855 1517 per

228 1522 436 1549 similitudinem
448 1521 588 1553 identilas,
600 1527 661 1548 eum
673 1529 706 1548 eo
717 1521 794 1557 cujus
806 1521 1017 1557 participatiOne
1034 1528 1062 1552 et
1070 1527 1236 1555 commercio
1247 1528 1377 1564 gaudent,
1389 1537 1486 1557 eorum
1499 1534 1541 1557 est
1552 1529 1598 1564 qui
1610 1529 1684 1564 digni
1716 1532 1782 1556 sunt
1811 1528 1854 1563 qui

228 1567 329 1595 deitatc
340 1567 489 1599 donentur,
499 1566 646 1594 deiﬁcatio.

263 1609 308 1639 ‘20.
325 1612 443 1643 Natura,
457 1619 554 1639 eorum
571 1619 632 1646 quae
648 1615 713 1638 sunt
728 1619 810 1646 supra
827 1617 954 1640 naturam
971 1622 1017 1641 ra-

230 1658 319 1686 tiones
331 1665 385 1685 non
399 1657 496 1690 habet;
513 1657 552 1684 uti
566 1664 656 1692 neque
670 1663 765 1684 eorum
781 1658 865 1693 leges,
879 1666 940 1693 qum
954 1663 1019 1687 sunt

230 1709 329 1740 praater
347 1708 483 1731 naturam.
498 1703 586 1738 Supra
604 1708 731 1730 naturam
751 1708 844 1731 autem
862 1711 923 1732 esse
944 1705 1017 1738 dico,

231 1751 352 1778 divinam
371 1751 444 1777 illam
462 1749 592 1783 omnique
609 1749 740 1784 majorem
756 1749 876 1784 cogitatu
891 1750 1019 1785 volupta-

232 1802 303 1829 tem,
316 1803 398 1830 quam
415 1795 471 1822 Deo
486 1794 577 1829 dignis
593 1801 643 1828 per
657 1793 772 1829 gratiam
791 1794 869 1821 unito
887 1801 1018 1829 pnestare

232 1846 330 1869 natura
353 1845 542 1876 comparatum
561 1844 603 1867 cst
623 1849 629 1866 :
652 1844 751 1875 praster
769 1845 894 1868 natumut
915 1845 1018 1873 autem,

233 1887 280 1922 qui
298 1887 379 1922 hujus
396 1886 550 1921 privatione
567 1885 642 1912 nulla
656 1885 682 1912 vi
698 1886 833 1913 sermonis
849 1886 1021 1920 explicabilis

234 1932 370 1960 conﬂatur
384 1933 477 1966 dolor;
493 1933 572 1968 cujus
586 1933 668 1964 Deus,
679 1932 781 1966 quibus
795 1937 893 1966 praeter
906 1932 1020 1967 gratiam

235 1979 264 2006 in
275 1978 364 2013 dignis
377 1978 481 2011 unitur,
493 1982 591 2005 natura
602 1977 708 2005 exsistit
719 1982 824 2005 auctor.
835 1977 888 2005 Pro
898 1977 1021 2012 subjecta

236 2024 310 2053 enim
329 2024 461 2059 cujusque
482 2024 671 2058 dispOsitionis
692 2023 835 2058 qualitate,
852 2022 1025 2056 qui,cunctis

238 2070 363 2103 uniatur,
380 2070 466 2102 Deus,
483 2077 536 2104 qua
558 2069 635 2096 novit
653 2069 711 2104 ipse
733 2069 854 2100 ratione,
872 2076 921 2102 pro
940 2076 974 2095 eo
993 2076 1025 2095 ac

238 2116 354 2151 quisque
377 2124 393 2143 a
413 2117 504 2151 seipse
526 2116 660 2143 formatus
680 2118 722 2142 est
742 2122 775 2142 ac
795 2117 969 2148 comparatus
991 2113 1024 2140 ad

237 2168 301 2187 eum
319 2160 538 2195 suscipiendum,
554 2160 600 2195 qui
617 2159 731 2186 omnino
746 2159 774 2185 in
792 2158 845 2186 ﬁne
861 2159 1025 2186 saeculorum

239 2205 368 2232 omnibus
381 2204 518 2233 uniendus
529 2209 580 2237 est,
592 2202 693 2239 singuli
706 2210 818 2230 sensum
832 2202 944 2237 praebet.

273 2261 296 2277 "
310 2261 330 2288 I.
340 2261 414 2288 Petr.
430 2269 448 2293 I.
467 2261 508 2288 11).

1105 1621 1138 1644 κ’.
1155 1619 1211 1645 οὐκ
1226 1619 1282 1654 ἔχει
1295 1620 1312 1655 ἡ
1328 1619 1410 1654 φύσις
1424 1620 1479 1647 τῶν
1492 1620 1561 1656 ὑπὲρ
1578 1620 1658 1655 φύσιν
1671 1621 1735 1653 τοὺς
1749 1621 1854 1656 λόγως,

1069 1661 1164 1698 ὥσπερ
1189 1664 1251 1690 οὐδὲ
1278 1665 1332 1690 τῶν
1353 1665 1430 1700 παρὰ
1445 1665 1527 1700 φύσιν
1544 1666 1608 1697 τοὺς
1632 1666 1742 1701 νόμους.
1771 1667 1856 1702 Ὑπὲρ

1069 1706 1151 1740 φύσιν
1163 1707 1191 1734 δὲ
1205 1708 1287 1743 λέγω,
1298 1709 1347 1744 τὴν
1371 1710 1448 1737 Θείαν
1462 1710 1510 1736 καὶ
1524 1711 1685 1745 ἀνεννόητον
1699 1711 1810 1746 ἡδονὴν,
1826 1713 1857 1747 ἠγ

1071 1754 1158 1779 ποιεῖν
1174 1753 1296 1788 πέφυκεν
1309 1754 1323 1780 ὁ
1336 1754 1404 1786 Θεὸς
1414 1756 1505 1789 φύσει,
1521 1756 1591 1782 κατὰ
1603 1756 1686 1791 χάριν
1699 1759 1757 1788 τοῖς
1773 1757 1856 1789 ἀξξοις

1071 1797 1224 1832 ἐνούμενος·
1243 1799 1318 1833 παρὰ
1332 1799 1414 1834 φύσιν
1434 1800 1472 1832 δὲ,
1487 1801 1536 1835 τὴν
1561 1802 1631 1827 κατὰ
1646 1801 1778 1837 στέρησιν
1794 1803 1854 1828 uri-

1071 1851 1121 1877 της
1145 1845 1342 1880 συνισταμένην
1364 1845 1545 1881 ἁνεκλάλητον
1567 1846 1664 1881 ὀδύνην
1677 1867 1684 1879 ,
1711 1847 1748 1882 ἢν
1773 1849 1856 1874 ποιεῖν

1072 1889 1167 1915 εἴωθεν
1182 1890 1196 1915 ὁ
1212 1889 1279 1921 Θεὸς
1296 1890 1385 1925 φύσει,
1409 1892 1485 1927 παρὰ
1500 1891 1549 1926 τὴν
1571 1892 1651 1927 χάριν
1663 1893 1722 1924 τοῖς
1741 1893 1857 1926 ἁναξξοις

1073 1933 1228 1968 ὲνούμενος.
1245 1935 1323 1961 Κατὰ
1337 1936 1390 1971 γὰρ
1400 1937 1448 1971 τὴν
1462 1936 1647 1972 ὑποκειμένην
1666 1938 1775 1973 ἑκάστῳ
1792 1939 1856 1965 ποιό-

1072 1987 1142 2012 τητα
1161 1979 1211 2014 τῆς
1228 1979 1386 2012 διαθέσεως,
1410 1982 1424 2007 ὁ
1442 1982 1508 2013 Θεὸς
1530 1984 1586 2014 τοῖς
1601 1983 1687 2010 πᾶσιν
1705 1985 1856 2020 ἐνούμενος,

1072 2023 1110 2054 ὡς
1122 2021 1191 2049 οἶδεν
1207 2024 1298 2056 αὐτος,
1313 2025 1362 2060 τὴν
1375 2025 1502 2061 αἴσθησιν
1515 2027 1623 2062 ἑκάστῳ
1636 2029 1798 2063 παρέχεται,
1810 2038 1855 2056 xa-

1074 2068 1128 2101 θὼς
1142 2070 1216 2096 ἐστιν
1231 2070 1345 2102 ἕκαστος
1362 2071 1408 2105 ὑφ’
1421 2072 1518 2098 ἑαυτοῦ
1531 2072 1782 2109 διαπεπλασμένος,
1794 2075 1856 2109 πρὸς

1075 2113 1208 2149 ὑποδοχὴν
1221 2114 1270 2141 τοῦ
1288 2115 1394 2147 πάντως
1415 2116 1498 2142 πᾶσιν
1523 2117 1732 2152 ἑνωθησομένου
1749 2119 1820 2145 κατᾶ
1831 2119 1855 2145 τὸ

1075 2159 1163 2195 πέρας
1174 2160 1229 2187 τῶν
1245 2161 1359 2189 αἰώνων.

274 2307 283 2317 ⁴
294 2307 454 2342 Sequuntur
468 2308 547 2344 longe
557 2308 636 2343 plura
648 2313 693 2342 qu.
708 2307 754 2334 illa
765 2304 799 2334 59
807 2307 903 2342 ,digna
917 2306 1026 2335 Maxrmi
1043 2313 1122 2334 vena.

276 2367 315 2407 _(u)
323 2369 353 2395 Ἠ
363 2367 490 2407 ᾆρῤητος
497 2369 694 2407 {spuria/rage
705 2368 757 2407 τοῖς
763 2359 1009 2407 ξτεξιήιστευμένοι]

1076 2365 1121 2407 Sic
1137 2371 1204 2405 ergo
1215 2363 1362 2404 Maxumum
1373 2362 1771 2407 intelligo.“Manifestationcm
1782 2371 1812 2407 ac
1819 2371 1854 2390 rc-

211 2408 214 2411 '
241 2403 299 2431 Alia
307 2400 426 2437 profano
445 2410 497 2429 usu
505 2402 588 2437 hujus
605 2400 679 2437 vocis
687 2401 861 2437 signiﬁcatio,
875 2409 957 2435 quam
978 2400 1024 2427 hic

241 2436 397 2466 conveniat.
410 2436 489 2469 Quod
504 2436 570 2463 vero
585 2436 677 2471 reddit
686 2436 777 2471 Picus,
794 2444 896 2471 arcana
918 2443 1025 2471 prom-

241 2474 290 2503 εἰο.
306 2480 360 2499 non
386 2471 534 2504 satisfacit;
551 2479 602 2498 nec
616 2469 687 2498 satis
697 2470 779 2498 video
804 2470 872 2505 quid
901 2469 932 2497 ea
956 2477 1024 2505 voce

241 2508 317 2535 velit.
329 2507 446 2534 Budmus
462 2507 542 2541 longe
554 2505 661 2533 doctior
684 2505 712 2532 in
729 2503 896 2541 Damasceno
912 2505 946 2532 de
961 2503 1024 2531 Tri-

243 2543 294 2570 nit.
319 2542 440 2569 divinam
470 2539 651 2576 personarum
672 2539 869 2576 περιχώρησιν,
899 2540 1024 2576 unionem

243 2577 352 2607 reddit:
366 2576 440 2611 quod
467 2573 538 2603 forte
566 2576 649 2610 paulo
671 2573 879 2611 liberiusrest:
906 2573 1026 2611 theologi

243 2609 511 2639 tircuminécssianem
530 2609 638 2640 vocant.
660 2609 740 2644 quasi
758 2610 839 2637 unius
857 2617 982 2644 personae
998 2609 1027 2636 in

246 2647 326 2674 aliam
350 2646 473 2679 undique
503 2643 724 2677 immeationem;
749 2644 842 2672 malim
857 2643 929 2679 ’ego,
953 2643 1027 2678 quod

245 2689 300 2709 una
307 2681 397 2715 capiat
406 2681 486 2707 aliam
495 2688 526 2715 ac
535 2680 609 2707 velut
616 2680 755 2715 contineat
763 2683 790 2706 ct
797 2679 1026 2714 comprehendat;

245 2714 384 2750 Quomodo
402 2715 485 2742 etiam
501 2714 632 2741 dicuntur
648 2714 748 2741 divinae
762 2721 885 2750 personae
904 2715 1029 2747 ἀνεκφοι-

246 2749 334 2784 eam;
347 2750 507 2784 procedere,
527 2750 566 2776 ita
579 2754 608 2776 ut
619 2750 674 2776 alia
691 2753 767 2776 extra
784 2749 867 2776 aliam
879 2757 932 2784 non
944 2756 1030 2784 exce-

247 2785 312 2811 dant
324 2793 332 2812 :
344 2783 404 2819 qua:
414 2785 489 2812 vocis
503 2785 611 2819 χωρεῖν.
630 2784 694 2811 trita
707 2784 853 2819 admodum
865 2783 1028 2819 signiﬁcatio

248 2824 301 2849 est,
318 2817 440 2858 soletque
454 2817 534 2858 et‘ad
546 2817 679 2858 animum
703 2818 858 2858 transferri,
879 2817 969 2858 quod"
982 2817 1027 2858 ille

249 2853 327 2887 quasi
345 2852 512 2881 continendo
523 2861 554 2881 ac
567 2853 595 2880 in
609 2861 639 2881 se
651 2861 709 2882 rem
727 2853 864 2886 habendo,
884 2852 1025 2887 intelligat.

1076 2398 1242 2427 velationem
1260 2399 1299 2425 rei
1317 2398 1428 2425 credita:
1450 2406 1482 2425 ac
1506 2398 1552 2425 Dei
1571 2400 1643 2433 (quae
1663 2399 1695 2425 ﬁt
1717 2406 1769 2433 per
1793 2399 1853 2425 dom

1077 2435 1196 2469 Spiritus
1204 2433 1360 2468 adjuvantia
1373 2433 1464 2469 ﬁdem)
1475 2434 1535 2468 ejus
1548 2433 1576 2459 in
1587 2433 1669 2469 nobis
1684 2434 1855 2469 comprehen-

1076 2468 1183 2496 sionem
1198 2476 1259 2495 esse
1270 2476 1303 2495 ac
1315 2468 1519 2503 perceptionem
1536 2472 1586 2495 :ut
1601 2468 1668 2494 hinc
1683 2468 1711 2494 in
1723 2469 1805 2495 nobis
1818 2468 1858 2494 ba-

1077 2504 1211 2532 bitantem
1229 2503 1380 2530 habeamus
1394 2503 1717 2538 ipsumquerprmsentem
1739 2511 1773 2531 ac
1788 2503 1858 2530 nobis

1080 2539 1208 2566 intimum
1226 2537 1518 2573 cognoscamusjuma
1530 2537 1599 2573 illud
1610 2537 1687 2564 Pauli
1702 2538 1813 2572 (Ephes
1824 2547 1856 2569 ιιι,

1079 2573 1123 2608 17)
1140 2581 1147 2600 :
1163 2571 1488 2608 HabitareChrt'uumrper
1496 2572 1575 2606 ﬁdem
1588 2573 1615 2599 in
1629 2571 1753 2608 comem
1765 2574 1856 2600 vestris.

1079 2607 1137 2636 Nec
1150 2607 1224 2635 istud
1245 2611 1320 2635 vetat
1335 2607 1439 2642 aliquid
1449 2614 1587 2642 arcanam
1601 2607 1746 2642 runionem
1763 2609 1857 2636 dicere.

1079 2647 1108 2670 et
1114 2642 1193 2682 quasi
1203 2641 1432 2682 commistionem,
1444 2641 1521 2682 juxta
1535 2641 1607 2682 quod
1619 2641 1742 2682 _H_esy_clr:
1752 2651 1859 2682 περιχω-

1083 2650 1108 2670 et
1117 2651 1193 2678 quasi
1203 2650 1432 2673 commistionem,
1444 2650 1521 2682 juxta
1535 2650 1607 2702 quoa
1621 2650 1742 2681 n_esycn.
1752 2651 1857 2682 περιχω-

1083 2679 1134 2713 ρεῖ,
1161 2677 1346 2712 συμμίσγεται
1358 2680 1481 2712 expetnt.
1498 2676 1533 2703 Se
1568 2684 1596 2703 In
1619 2677 1664 2703 his
1686 2677 1857 2707 halbuumus.

1083 2713 1133 2740 etsi
1147 2712 1234 2740 Graeci
1252 2712 1333 2740 paulo
1350 2711 1430 2738 nobis
1448 2711 1562 2738 vocibus
1588 2715 1653 2737 sunt
1670 2711 1817 2739 feliciores.
1834 2711 1856 2738 lu

1081 2719 1133 2740 ειει
1147 2719 1234 2740 Graeci
1252 2719 1333 2747 paqu
1350 2719 1430 2738 IIODIS
1448 2719 1562 2738 VOCIDUS
1588 2719 1653 2737 sunt
1670 2719 1817 2739 ιειιειοτοξε.
1834 2719 1856 2738 Ill

1081 2747 1153 2787 aliis,
1168 2747 1239 2787 nihil
1249 2748 1306 2787 fere
1323 2746 1416 2787 Picus.
1431 2746 1546 2778 felicior,
1565 2750 1597 2772 ut
1624 2746 1701 2780 quod
1715 2747 1858 2786 ἀεικίνητος

1082 2783 1186 2814 στάσις,
1201 2782 1240 2809 illi
1252 2786 1305 2813 est,
1319 2781 1433 2808 conditio
1444 2788 1547 2816 semper
1564 2788 1689 2812 movens;
1717 2789 1774 2810 non
1795 2782 1856 2816 quin

1081 2817 1138 2853 iugi
1150 2818 1261 2845 incitata
1275 2821 1366 2849 motu,-
1377 2816 1468 2851 qualis
1485 2815 1637 2844 [ruentium
1647 2816 1717 2844 Deo.
