1916 3076
69 138 138 171 13Ιῦ

404 133 572 165 CAPITUM
591 133 804 171 QUINQUIES
822 131 1082 164 CEVTENORUM
1100 132 1295 165 CENTURIA
1313 134 1363 165 IV.

1635 135 1704 169 13M

99 194 154 221 κε’.
173 191 243 224 Τοὺς
267 189 451 226 ὲκζητοῦντας
473 190 503 216 ἐν
525 188 661 224 πνεύματι
675 189 725 223 τὴν
740 189 794 215 τῶν
807 188 854 224 ψυι

945 188 991 215 2i.
1006 188 1061 216 Eos
1077 188 1124 224 qui
1142 189 1169 216 in
1187 190 1285 224 spiritu
1303 197 1458 218 animarum
1473 189 1590 219 salutem
1604 193 1702 227 exqui~

27 235 29 238 ’
65 240 121 274 χῶν
135 238 283 274 σωτηρίαν,
302 236 350 264 καὶ
364 235 566 272 ὲξερευνῶντας
580 235 644 266 τοὺς
657 234 759 270 ταύτης
773 243 857 261 πνευ-

67 285 198 320 ματικοὺς
228 283 279 318 τῆς
311 281 450 317 σωτηρίας
477 280 575 314 λόγους
601 289 632 307 τε
653 280 702 307 καὶ
727 279 857 316 τρόπους,

64 331 157 365 ὁδηγεῖ
171 329 238 365 πρὸς
261 328 426 363 κατανόησιν
452 327 483 354 τὸ
506 327 618 362 Πνεῦμα
638 326 670 354 τὸ
698 326 786 360 ἀγιον,
807 325 858 352 οὐκ

64 376 119 402 ὲῶν
139 374 270 409 ἀκίνητον
289 373 381 405 αὐτοῖς
407 373 508 409 μένειν,
534 373 583 400 καὶ
610 372 793 408 ἀνενέργητον
808 371 859 407 τὴν

64 421 98 448 δι’
113 419 148 456 ἧς
166 420 200 447 τὰ
213 420 274 446 (ista
288 419 415 455 ὲκζητεὶν
432 418 574 453 πεφύκασι
588 417 668 454 [unus
686 417 752 453 Reg.
769 418 858 452 πεφύ-

64 466 167 503 καμεν]
183 467 310 501 δύναμιν.

99 512 154 548 κβ’.
176 511 288 548 Πρῶτόν
309 520 352 544 τις
374 511 452 547 ζητεῖ
469 512 503 547 τῇ
529 510 691 546 προαιρέσει
717 510 857 546 νεκρῶσαι

62 558 115 594 τὴν
132 557 281 595 ἁμαρτίαν,
300 557 348 584 καὶ
366 557 416 592 τὴν
429 557 592 592 προαίρεσιν
611 556 644 591 τῇ
653 555 792 591 ἁμαρτίᾳ·
807 555 856 582 καὶ

64 605 154 636 οὕτως
181 605 291 639 ἐρευνᾷ,
308 603 369 635 πῶς
387 603 428 630 δεῖ
445 603 493 629 καὶ
512 602 581 638 ποίῳ
601 602 695 637 τρόπῳ
722 601 858 636 νεκρῶσαι

63 651 171 680 ταύτας
187 649 332 685 ἁλλήλαις;
349 649 402 676 Καὶ
417 649 498 676 πάλιν
513 648 584 683 μετὰ
594 649 645 684 τὴν
656 647 759 674 τούτων
773 647 857 682 ἀλλή-

63 696 126 726 λαις
146 695 252 723 τελείαν
275 695 421 731 νέκρωσιν,
442 694 524 731 ζητεῖ.
540 695 591 730 τὴν
611 693 672 720 κατ’
694 694 794 729 ἀρετὴν
809 693 859 730 τῆς

64 742 268 778 προαιρέσεως,
285 742 333 768 καὶ
347 741 398 776 τῆς
418 741 520 776 ἀρετῆς
539 740 588 776 τὴν
602 739 673 767 κατά
695 739 857 775 προαίρεσιν

64 788 157 822 ζωήν·
179 787 226 814 καὶ
240 787 328 818 οὕτως
348 787 459 822 ἐρευνᾷ,
475 786 534 818 πῶς
547 785 588 812 δεῖ
602 787 649 812 καὶ
670 785 740 820 ποίῳ
764 784 858 820 τρόπῳ

62 835 115 870 τὴν
127 836 156 862 ἐν
174 834 306 870 ἀλλήλαις
317 833 421 861 τούτων
438 833 641 868 δημιουργήσαι
659 831 743 868 ζωήν.
762 832 857 858 Ἔστιν

913 239 988 266 runt,
1006 235 1120 270 ejusque
1139 235 1235 263 salutis
1254 236 1392 271 spiritales
1412 236 1532 264 rationes
1551 237 1703 273 modosque

912 285 1116 313 exscrutantur,
1127 281 1221 317 dirigit
1233 282 1352 317 Spiritus
1363 286 1474 309 sanctus
1486 287 1515 310 ut
1526 288 1617 310 mente
1629 291 1707 312 assc-

912 330 1048 361 quantur;
1067 327 1150 363 589
1167 335 1220 356 nec
1235 328 1295 355 sine
1313 332 1388 355 motu
1407 332 1490 363 atque
1507 328 1624 355 inertem
1641 336 1702 356 eam

912 372 967 400 illis
985 373 1040 400 vitii
1059 381 1171 401 manere
1189 374 1264 406 sinit,
1278 381 1328 408 per
1345 382 1428 408 quam
1447 378 1478 401 ut
1497 373 1590 402 divina
1606 374 1703 409 exqui-

913 423 985 450 rant,
998 419 1052 446 illis
1065 419 1187 454 proclive
1199 422 1387 454 comparatum
1401 423 1452 446 est.

947 507 991 534 22.
1004 506 1127 534 Primum
1140 506 1202 542 quis
1216 506 1314 542 quaerit
1324 506 1459 534 voluntati
1472 511 1614 541 peceatum
1629 514 1701 539 mor-

913 553 1018 581 tiﬁcare
1041 557 1070 580 et
1091 553 1259 580 voluntatem
1281 557 1410 588 peccato;
1433 552 1527 587 sicque
1553 558 1701 586 scrutatur,

912 599 1051 634 quomodo
1070 607 1102 626 ac
1121 607 1175 633 qua
1195 599 1300 627 ratione
1315 599 1374 626 haec
1390 598 1442 625 alia
1458 598 1520 625 aliis
1535 599 1702 626 mortificare

912 644 1076 672 conveniat?
1088 644 1258 679 Rursusque,
1272 644 1314 671 his
1326 643 1447 678 perfecte
1461 644 1532 670 inter
1544 651 1573 671 se
1585 643 1700 671 mortifi-

912 690 995 722 catis,
1014 689 1098 717 vitam
1120 689 1271 717 voluntatis
1291 697 1352 724 qua:
1373 689 1477 717 virtute
1499 694 1655 724 praestatur,
1673 695 1702 717 et

911 734 1034 766 virtutis,
1051 742 1112 768 qua:
1131 738 1275 769 praestatur
1295 734 1448 764 voluntate,
1465 735 1563 769 quaerit
1584 743 1591 761 :
1612 739 1640 762 et
1661 735 1701 762 sic

911 783 1064 811 scrutatur,
1080 779 1218 814 quomodo
1235 787 1323 815 quave
1341 779 1447 807 ratione
1465 780 1563 807 horum
1583 780 1655 808 inter
1671 789 1701 808 se

912 827 969 854 vita
990 826 1133 854 conﬂanda
1155 825 1201 852 sit.
1219 825 1266 853 Est
1288 825 1381 860 igitur,
1398 830 1429 852 ut
1448 826 1524 860 quasi
1545 825 1701 854 deﬁniendo

63 879 175 914 ὤνξῶς
198 881 228 908 ὲν
251 879 359 916 ὁρισμῷ
382 879 487 912 λαὸεἰν,
502 880 519 914 ὴ
541 878 590 914 μὲν
616 877 740 913 ζήτησις,
768 877 854 914 ὄρεξις

910 872 1087 906 complectar,
1098 871 1172 906 quod
1185 871 1345 906 therimus,
1357 871 1547 899 desiderabilis
1559 873 1700 907 cujusdam

63 927 237 962 καταθυμίου
251 927 324 958 τινός
334 935 341 942 ·
356 928 372 962 ὴ
390 927 419 953 δὲ
433 926 588 962 ὲρεύνησις,
601 925 701 960 τρόπος
714 925 764 959 τῆς
787 925 856 960 πρὸς

63 974 95 1000 τὸ
116 973 288 1009 καταθύμιον
304 973 422 1008 ὀρέξεως
439 971 597 1002 ἁνυστικός.

100 1022 156 1054 κγ’.
177 1020 223 1045 Δεῖ
244 1019 283 1050 ὡς
309 1017 416 1052 ἀληθῶς
437 1017 483 1044 τὸν
501 1017 704 1052 σωθησόμενον,
722 1017 759 1052 μὴ
776 1017 856 1052 μόνον

62 1066 97 1101 τῇ
117 1064 279 1100 προαιρέσει
303 1063 442 1099 νεκρῶσαι
464 1063 514 1098 τὴν
537 1063 684 1098 ἁμαρτίαν,
715 1063 783 1090 ἀλλὰ
811 1063 858 1090 καὶ

63 1111 153 1146 αὐτὴν
178 1111 228 1146 τὴν
256 1110 419 1145 προαιρεσιν
447 1109 480 1144 τῇ
505 1109 705 1144 ἁμαρτίᾳ-καὶ
721 1108 758 1145 μὴ
775 1109 857 1144 μόνον

65 1157 223 1192 ἀναστῆσαι
241 1157 273 1192 τῇ
289 1157 376 1191 ἀρετῇ
393 1155 443 1191 τὴν
458 1155 630 1190 προαίρεσιν,
650 1155 720 1182 ἀλλὰ
739 1156 786 1182 καὶ
806 1155 856 1182 σὺ·

63 1202 116 1238 τὴν
131 1203 164 1238 τῇ
186 1201 348 1237 προαιρέσει
369 1200 419 1236 τὴν
435 1201 551 1235 ἀρετήν·
570 1200 614 1227 ἵνα
635 1201 720 1236 νεκρὰ
743 1201 855 1235 νεκρᾶς,

63 1247 114 1282 ὅλη
132 1246 196 1281 ὅλης
213 1246 263 1282 τῆς
278 1245 415 1280 ἁμαρτίας
431 1244 599 1280 διαιρεθεῖσα
624 1244 662 1280 μὴ
683 1245 855 1280 αἰσθάνηται,

65 1291 114 1319 καὶ
124 1291 201 1324 ζῶσα
215 1290 316 1326 ζώσης,
332 1290 379 1326 ὅλη
396 1290 460 1326 ὅλης
468 1290 518 1325 τῆς
533 1290 634 1325 ἀρετῆς
648 1290 855 1324 ἐπαισθάνηται,

64 1338 130 1366 καθ’
149 1339 247 1365 ἕνωσιν
269 1337 432 1365 ἀδιάστατον
454 1336 471 1372 ή
493 1336 663 1372 προαίρεσις.
684 1336 714 1363 '0
740 1336 795 1372 γὰρ
813 1345 856 1363 νε-

63 1384 180 1421 κρώσας
195 1386 229 1419 τῇ
244 1383 368 1419 ἁμαρτίᾳ
387 1383 438 1418 τὴν
461 1382 634 1418 προαίρεσιν,
654 1381 795 1417 σύμφυτος
810 1382 856 1415 γέ-

64 1439 131 1465 γονε
150 1430 189 1465 τῷ
204 1429 358 1465 ὁμοιώματι
380 1428 427 1455 τοῦ
445 1427 564 1455 θανάτου
584 1427 633 1454 τοῦ
654 1426 792 1462 Χριστοῦ*
809 1428 857 1454 καὶ

61 1478 76 1504 ὁ
94 1476 201 1512 ταύτην
213 1475 369 1510 ἀναστήσας
381 1475 415 1510 τῇ
431 1473 600 1510 δικαιοσύνῃ,
613 1473 753 1509 σύμφυτος
762 1473 856 1507 γέγονε

64 1522 114 1549 καὶ
127 1521 178 1557 τῆς
190 1521 367 1552 ἀναστάσεως
381 1520 475 1547 αὑτοῦ.

906 918 1057 953 appetitio;
1069 914 1142 953 quod
1155 925 1220 945 vero
1232 921 1399 950 scrutamur,
1411 917 1510 945 modus
1519 925 1574 952 quo
1586 926 1618 945 ea
1628 918 1701 946 desi—

906 963 1038 991 derabilis
1053 963 1186 999 appetitio
1201 963 1305 998 expleri
1321 964 1419 998 possit.

942 1010 988 1037 23.
1001 1010 1109 1037 Revera
1121 1009 1260 1041 convenit,
1274 1013 1305 1037 ut
1316 1009 1362 1044 qui
1376 1010 1524 1038 salvandus
1538 1011 1583 1043 sit,
1596 1011 1699 1039 nedum

906 1056 1040 1084 voluntati
1067 1059 1208 1091 peccatum
1238 1055 1401 1088 mortiﬁcet,
1427 1064 1522 1084 verum
1553 1061 1581 1084 et
1610 1057 1698 1092 ipsam

906 1101 1076 1129 voluntatem
1095 1105 1208 1136 peccato
1224 1109 1232 1128 :
1247 1109 1299 1129 nec
1314 1102 1403 1128 solum
1417 1103 1587 1130 voluntatem
1602 1102 1698 1130 virtuti

906 1147 1037 1180 viviﬁeet,
1051 1147 1099 1174 sed
1116 1150 1145 1175 et
1158 1147 1290 1174 virtutem
1309 1147 1360 1182 ipsi
1376 1148 1525 1180 voluntati;
1544 1153 1574 1175 ut
1590 1153 1699 1176 mortua

906 1197 1058 1224 mortuum,
1075 1197 1131 1220 tota
1148 1201 1163 1220 a
1183 1197 1240 1220 toto
1252 1193 1349 1225 divisa,
1363 1199 1504 1228 peceatum
1520 1201 1571 1221 nec
1584 1202 1699 1229 persen-

907 1239 971 1272 tiat,
999 1238 1150 1273 vivensque
1176 1239 1332 1271 viventem,
1362 1242 1419 1266 tota
1449 1244 1551 1272 totam,
1581 1241 1698 1269 indivisa

907 1284 1009 1312 unione
1037 1284 1164 1311 voluntas
1190 1284 1342 1319 persentiat
1369 1284 1514 1312 virtutem.
1540 1285 1593 1318 Qui
1621 1286 1698 1314 enint

906 1330 1076 1358 voluntatem
1097 1334 1209 1364 peccato
1228 1329 1417 1362 mortiﬁcavit,
1436 1331 1636 1365 eomplantatus
1656 1331 1698 1358 ta-

906 1381 967 1404 ctus
984 1381 1026 1404 est
1040 1376 1214 1404 similitudini
1229 1376 1327 1403 mortis
1341 1375 1444 1403 Christi
1456 1376 1478 1392 ¹θ
1493 1385 1498 1402 :
1515 1384 1548 1404 ac
1562 1376 1608 1411 qui
1626 1377 1699 1404 hanc

906 1423 1003 1450 virtuti
1037 1423 1196 1455 suscitavit,
1224 1423 1426 1458 eomplantatus
1459 1422 1549 1450 factus
1575 1428 1618 1451 est
1637 1424 1698 1460 ejus

906 1468 990 1496 etiam
1003 1467 1178 1495 similitudini
1191 1467 1414 1496 resurrectionis.
1457 1499 1459 1503 τ

99 1549 211 1594 κδ’...Ἦ
235 1549 365 1602 ἀμαρτία-
384 1565 432 1592 καὶ
450 1566 468 1601 ὴ
487 1566 649 1600 προαίρεσις
669 1554 854 1601 ’νεκρούμεναι

942 1564 988 1591 24.
1000 1565 1146 1591 Peccatum
1163 1568 1246 1599 atque
1258 1564 1397 1597 voluntas,
1413 1571 1468 1600 qua
1485 1565 1602 1593 alterum
1616 1565 1696 1594 alteri

62 1614 207 1650 ἀλλήλαις,
223 1613 321 1649 διπλῆν
338 1613 430 1648 ἔχουσι
445 1612 513 1648 πρὸς
528 1611 646 1647 ἀλλήλας
659 1611 708 1647 τὴν
725 1610 856 1645 ἀναισθη-

63 1660 138 1688 σίαν.
153 1659 209 1686 Καὶ
224 1660 241 1695 ἡ
256 1658 414 1694 δικαιοσύνη
440 1658 487 1685 καὶ
501 1659 518 1693 ἡ
540 1657 711 1693 προαίρεσις,
726 1657 856 1693 ἀλλήλαις

62 1706 177 1742 ἔχουσαι
190 1705 240 1740 τὴν
253 1704 337 1740 ζωὴν,
354 1704 451 1739 διπλῆν
466 1703 556 1738 έχουσι
571 1703 620 1739 τὴν
636 1703 771 1738 αἰσθησιν.

98 1755 151 1779 κε’.
171 1751 238 1783 Θεὸς
263 1751 395 1787 ὑπάρχων
421 1749 501 1784 φύσει
527 1749 576 1775 καὶ
599 1749 772 1784 ἄνθρωποςὸ
787 1748 855 1783 Χρι-

62 1798 140 1829 στὸς,
153 1797 198 1831 ὑφ’
215 1795 295 1832 ἡμῷν
312 1796 350 1827 ὡς
367 1795 434 1827 Θεὸς
457 1795 528 1830 ὑπὲρ
546 1793 633 1828 φύσιν
647 1794 738 1828 χάριτι
754 1793 854 1828 κληροιι

61 1844 200 1878 νομεῖται,
224 1841 294 1868 κατὰ
316 1841 366 1876 τὴν
391 1841 511 1876 ᾶρῤητον
529 1839 653 1875 μέθεξιν·
671 1839 717 1865 καὶ
730 1838 764 1865 δι’
780 1839 854 1873 ἡμᾶς

61 1891 91 1916 ὲν
103 1889 174 1915 εῐδει
187 1887 226 1923 τῷ
237 1887 298 1914 καθ’
313 1887 387 1922 ἡμᾶς
398 1887 437 1918 ὡς
451 1885 594 1921 ἄνθρωπος
609 1886 683 1920 ἡμᾶς
701 1883 855 1919 οἰκειούμε-

61 1943 119 1966 νος,
136 1933 236 1960 ἑαυτὸν
250 1933 416 1968 κληρονομεῖ
429 1931 478 1958 σὺν
492 1932 559 1966 ἡμῖν
578 1930 648 1957 κατὰ
664 1929 713 1966 τὴν
727 1930 854 1964 ἀνεννόη-

59 1989 107 2007 τον
139 1978 361 2013 συγκαταϐασιν·
377 1978 406 2005 ὃν
432 1977 472 2012 τῷ
500 1976 636 2012 πνεύματι
663 1975 802 2011 μυστικῶς
828 1975 853 2001 οἰ

61 2026 138 2060 ᾶγιοι
154 2024 408 2060 προθεωρήσαντες,
417 2022 595 2057 ἐδιδάχθησαν
608 2021 645 2052 ὡς
656 2021 710 2056 χρὴ
719 2020 769 2055 τῆς
783 2019 853 2046 κατὰ

59 2072 91 2098 τὸ
109 2070 209 2106 μέλλον
226 2069 418 2105 φανησομένης
430 2067 476 2094 διὰ
499 2068 548 2102 τὴν
573 2066 674 2102 ἀρετὴν
690 2067 718 2093 ὲν
742 2065 853 2102 Χριστῷ

60 2117 154 2151 δόξης,
172 2115 207 2142 τὰ
221 2116 262 2147 εἰς
280 2115 362 2142 αὐτὸν
392 2114 462 2149 ὑπὲρ
489 2114 588 2150 ἀρετῆς
613 2113 684 2141 κατὰ
710 2113 742 2140 τὺ
765 2113 852 2149 παρὸν

61 2159 302 2197 προκαθηγεῖσθαι
316 2160 476 2195 παθήματα.

97 2251 158 2282 κς¹.
184 2248 213 2275 '0
229 2248 278 2284 μὲν
296 2250 357 2279 νοῦς
382 2247 453 2274 κατά
475 2246 560 2283 μόνην
573 2245 622 2282 τὴν
639 2245 733 2281 ἔφεσιν
761 2245 850 2280 ἀγνώ-

61 2303 136 2326 στως
147 2293 226 2329 ιπρδς
240 2293 290 2329 τὴν
302 2293 356 2320 τῶν
376 2293 461 2319 ὅντων
482 2292 571 2319 αἰτίαν
585 2292 757 2327 κινούμενος,
775 2291 852 2326 ζητεῖ

63 2341 166 2376 μόνον’
181 2340 196 2367 ό
210 2339 240 2366 δὲ
262 2338 351 2373 λόγος,
366 2338 430 2370 τοὺς
453 2339 488 2367 ὲν,
506 2339 563 2371 τοῖς
578 2335 653 2367 οὖσιν
668 2337 778 2372 ἀληθεῖς
794 2345 853 2364 ποι-

60 2386 147 2417 κίλως
159 2384 294 2420 ἐφοδεύων
312 2385 413 2421 ἐρευνᾷ
428 2384 534 2418 λόγους.

98 2430 155 2464 κζ’.
175 2431 294 2466 Ζήτησίς
314 2432 388 2457 ἐστιν
406 2430 422 2466 ἡ
440 2429 488 2456 τοῦ
503 2428 549 2456 νοῦ
563 2428 661 2464 πρώτη
671 2437 702 2455 τε
718 2429 766 2456 καὶ
777 2428 851 2464 ἁπλῆ

60 2478 132 2514 πρὸς
145 2478 196 2513 τὴν
211 2477 279 2504 ἰδίαν
292 2477 383 2504 αἰτίαν
399 2476 456 2512 μετ’
471 2476 591 2510 ἐφέσεως
600 2475 708 2510 κίνησις
717 2483 725 2490 ·
738 2475 851 2511 ἐρεύνη-

60 2532 104 2556 et;
120 2523 152 2550 δέ
169 2523 281 2558 ὲστιν,ὴ
297 2522 393 2558 πρώτη
415 2530 446 2548 τε
468 2523 515 2549 καὶ
535 2521 608 2556 ἁπλῆ
628 2520 675 2548 τοῦ
690 2521 770 2556 λόγου
785 2521 852 2558 περὶ

59 2569 109 2605 τὴν
125 2568 195 2596 ἰδίαν
212 2568 303 2595 αἰτίαν
318 2566 388 2604 μετά
403 2575 476 2599 τινος
496 2567 600 2598 ὲννοίας
622 2566 770 2602 διάκρισις.
789 2567 850 2593 Ἐκ-

58 2615 178 2651 ζήτησις
197 2614 227 2640 δὲ
251 2613 333 2641 πάλιν
356 2614 440 2647 ἐστὶν,
460 2615 477 2649 ἡ
497 2613 544 2640 τοῦ
560 2612 606 2639 νοῦ
624 2613 683 2640 κατ’
695 2613 851 2648 ἐπιστήμην

58 2660 202 2695 γνωστικὴ
221 2659 290 2696 πρὸς
305 2660 356 2696 τὴν
374 2660 443 2687 ἰδίαν
458 2659 548 2687 αἰτίαν
564 2659 634 2694 μετά
651 2667 722 2691 τινος
735 2658 851 2694 ξεούσης

58 2705 185 2741 ἐφέσεως
199 2704 305 2741 κίνησις
315 2713 322 2720 ’
339 2705 513 2740 ἑξερεύνησις
532 2704 561 2731 δέ
576 2705 660 2736 ἐστιν,
675 2705 692 2739 ἠ
710 2703 757 2731 τοῦ
768 2703 850 2739 λόγου

59 2753 122 2780 κατ’
137 2751 280 2785 ἐνέργειαν
303 2752 358 2778 τῶν
374 2751 480 2788 ἀρετῶν
507 2750 572 2786 περὶ
594 2751 644 2787 τὴν
666 2751 735 2778 ἰδίαν
760 2751 851 2778 αἰτίαν

95 2831 118 2849 ¹⁶
135 2832 214 2860 Rom.
228 2840 266 2863 γι,
279 2832 306 2860 5.
345 2833 366 2848 ”
384 2833 462 2860 Rom.
476 2841 533 2864 vni.
546 2832 589 2861 25.

907 1609 1122 1642 mortiﬁcamur,
1137 1610 1274 1644 duplicem
1292 1610 1365 1638 inter
1380 1618 1409 1638 se
1426 1611 1530 1638 habent
1544 1611 1696 1640 absentiam

906 1663 1015 1682 sensus.
1030 1655 1196 1689 Iustitiaque
1217 1659 1246 1682 et
1267 1656 1405 1689 voluntas,
1422 1656 1474 1683 alia
1495 1657 1541 1683 alii
1560 1657 1695 1692 viventes,

905 1708 987 1728 sensu
992 1709 1016 1727 ιιι
1031 1701 1167 1735 duplicem
1184 1700 1295 1728 habent.

941 1746 985 1772 25.
1006 1746 1146 1776 Christus,
1168 1747 1216 1780 qui
1236 1747 1309 1773 Deus
1331 1752 1429 1774 natura
1453 1752 1482 1774 et
1503 1748 1586 1776 homo
1607 1749 1657 1781 sit,
1675 1760 1690 1778 ει

905 1793 986 1820 nobis
1003 1797 1033 1819 ut
1049 1793 1121 1819 Deus
1139 1800 1222 1827 supra
1238 1798 1381 1826 naturam,
1397 1801 1496 1822 arcana
1513 1802 1564 1829 per
1580 1795 1694 1831 gratiam

904 1838 1115 1873 participatione
1129 1845 1177 1865 seu
1197 1839 1376 1872 commercio,
1390 1840 1550 1868 haereditate
1568 1842 1694 1876 posside-

905 1888 965 1917 tur;
980 1883 1122 1918 nostrique
1134 1891 1216 1912 causa
1229 1885 1257 1912 in
1270 1885 1358 1912 forma
1371 1885 1452 1913 nobis
1463 1886 1545 1913 simili
1558 1891 1588 1913 ut
1600 1887 1691 1919 homo,

909 1937 960 1956 nos
989 1929 1041 1956 sibi
1069 1929 1212 1966 vindicans
1238 1937 1270 1957 ac
1297 1930 1375 1965 quasi
1401 1938 1548 1967 arrogans.
1573 1933 1693 1967 seipsum

903 1975 1047 2002 nobiscum
1072 1983 1122 2009 per
1144 1975 1365 2008 inclinationem,
1384 1984 1494 2004 omnem
1515 1979 1616 2006 mentis
1636 1979 1692 2006 vim

903 2027 1097 2057 superantem,
1122 2022 1282 2049 haereditate
1312 2023 1434 2057 possidet
1461 2031 1467 2049 :
1493 2030 1575 2058 quem
1604 2025 1693 2053 sancti

902 2067 1015 2103 mystice
1028 2067 1056 2094 in
1073 2066 1170 2101 spiritu
1184 2066 1375 2100 pratvidentes,
1387 2074 1477 2102 operae
1491 2068 1611 2102 pretium
1623 2069 1694 2096 didi-

902 2119 982 2143 cere.
1000 2116 1031 2140 ut
1047 2111 1254 2139 manifestat-dae
1270 2111 1298 2138 in
1314 2111 1438 2139 futurum
1452 2112 1563 2140 virtutis
1579 2115 1693 2148 praemio

902 2158 930 2186 in
945 2158 1054 2186 Christo
1069 2158 1173 2193 gloria,
1185 2157 1297 2185 virtutis
1311 2165 1392 2186 causa
1404 2159 1432 2186 in
1447 2159 1575 2193 praesenti
1590 2161 1693 2196 passio-

866 2214 889 2243 ι)
903 2214 953 2234 nes
968 2210 1051 2240 atque
1064 2213 1194 2232 aerumnae
1208 2205 1235 2232 in
1248 2206 1307 2240 ipso
1319 2206 1450 2240 praeirent
1462 2207 1493 2233 ".

938 2250 984 2277 26.
998 2250 1072 2277 Mens
1088 2257 1164 2281 sane,
1177 2257 1237 2284 qua:
1253 2250 1311 2277 solo
1327 2250 1464 2278 desiderio
1480 2250 1571 2286 ignota
1587 2252 1692 2281 ratione

905 2296 934 2323 in
951 2303 1042 2322 rerum
1058 2295 1206 2322 Auctorem
1222 2300 1380 2328 moveatur,
1396 2296 1484 2323 solum
1501 2297 1614 2331 quaerit;
1632 2307 1694 2333 qu:e

906 2345 997 2368 autem
1009 2348 1089 2368 veras
1104 2340 1133 2367 in
1147 2341 1230 2368 rebus
1243 2341 1363 2368 rationes
1375 2342 1450 2369 varie
1465 2342 1600 2377 conjectet
1612 2344 1691 2378 ratio,

906 2393 938 2413 ac
951 2385 1120 2420 argumentis
1133 2385 1299 2417 connitatur,
1311 2385 1370 2413 inec
1380 2393 1445 2413 vero
1461 2391 1608 2415 scrutatur.

941 2432 1022 2467 590
1043 2431 1089 2458 27.
1103 2430 1161 2458 Hoc
1181 2431 1255 2466 quod
1275 2435 1318 2458 est
1339 2439 1472 2466 qumrere,
1488 2433 1575 2467 prima
1597 2437 1638 2461 est
1661 2442 1693 2462 ac

903 2479 1019 2513 simplex
1033 2477 1133 2504 mentis
1148 2478 1175 2504 in
1190 2478 1328 2512 proprium
1341 2478 1489 2505 Auctorem
1504 2486 1566 2506 eum
1583 2479 1691 2514 cupidi-

904 2529 959 2552 tate
983 2524 1107 2551 incitatio
1133 2532 1139 2550 :
1163 2523 1281 2550 serutari
1303 2531 1386 2556 vero,
1409 2523 1498 2559 prima
1522 2531 1553 2552 ae
1577 2525 1692 2560 simplex

904 2570 1019 2598 rationis
1046 2569 1119 2597 circa
1148 2568 1291 2604 proprium
1312 2568 1460 2596 Auctorem
1485 2577 1548 2597 eum
1574 2570 1691 2605 quadam

904 2615 1057 2644 intentione
1069 2614 1165 2653 judicii
1180 2613 1321 2641 discretio.
1334 2613 1373 2641 Ac
1387 2622 1485 2642 rursus
1498 2614 1550 2642 hoc
1562 2615 1635 2650 quod
1649 2620 1691 2643 est

904 2659 1058 2694 exquirere,
1070 2658 1169 2685 mentis
1185 2662 1228 2685 est
1239 2658 1390 2686 secundum
1407 2659 1548 2687 scientiam
1562 2660 1691 2695 spiritalis

903 2706 1067 2741 sapiensque
1094 2704 1121 2731 'n
1147 2704 1288 2739 proprium
1309 2704 1457 2733 Auctorem
1485 2713 1547 2733 cum
1573 2713 1690 2733 accenso

904 2752 1023 2788 quodam
1045 2750 1183 2779 desiderio
1205 2750 1344 2784 incitatio;
1365 2751 1515 2780 exserutari
1535 2755 1626 2780 autem
1649 2752 1691 2788 (ut
