1916 3076
97 135 164 168 1317

431 134 598 166 CAPITUM
619 132 831 170 QUINQUIES
849 129 1110 165 CLNTENORUM
1129 135 1323 166 cENTURtA
1340 136 1390 168 IV.

1659 134 1726 167 1318

91 195 124 229 τῇ
145 192 252 228 μεθέξει
273 194 372 229 πεῖραν
386 191 439 220 τῶν
455 191 527 226 ὑπὲρ
541 191 623 227 φύσιν
647 190 774 225 ἀγαθωι·
788 189 880 225 νόησιν

935 189 1024 218 ritalis
1043 190 1179 226 doctaque
1207 192 1241 219 de
1265 192 1325 227 ipso
1347 192 1534 221 consideratio
1565 201 1598 223 ac
1622 202 1725 231 specu-

90 239 131 272 δὲ,
145 238 196 275 τὴν
213 240 246 266 ὲκ
260 239 316 265 τῶν
331 238 418 266 ὄντων
434 238 525 273 ἁπλῆν
544 237 609 274 περὶ
622 237 705 264 αὑτοῦ
720 237 767 264 καὶ
778 236 884 263 ἑνιαίαν

91 285 193 319 γνῶσιν
204 293 212 302 ·
229 285 299 321 τάχα
313 285 342 312 δὲ
359 285 407 312 καὶ
421 285 464 312 ἐπ’
480 283 562 312 ἄλλου
574 283 676 315 παντὸς
689 282 768 310 τοῦτο
782 281 883 317 γνωρί-

90 330 182 363 {star
220 330 300 366 εἴπερ
332 331 350 365 ἡ
374 329 452 357 τοῦδε
481 328 530 356 τοῦ
552 329 715 365 πράγματος
728 329 820 364 πεῖρα,
838 327 884 354 τὸν

90 376 156 412 περὶ
175 375 259 404 αὐτοῦ
272 375 428 403 καταπαύει
451 375 531 408 λόγον
544 383 552 390 ⁸
567 374 615 401 καὶ
628 375 644 409 ἡ
658 373 735 400 τοῦδε
750 373 798 400 τοῦ
810 373 882 408 πρά-

89 430 196 457 γματος
210 421 347 457 αἴσθησις,
364 421 412 456 τὴν
424 429 456 447 πε
462 421 487 456 pl
500 419 583 447 αὑτοῦ
598 419 782 455 σχολάζουσαν
798 418 882 454 ἔργά-

89 468 169 499 ζεται
180 467 283 503 νόησιν.
299 467 401 503 Πεϊραν
415 466 443 493 δὲ
456 465 540 501 λέγω,
556 465 642 501 αὐτὴν
658 465 707 501 τὴν
731 466 793 492 κατ’
807 464 883 500 ἐνέρ-

91 523 170 548 γειαν
183 514 296 549 γνῶσιν,
311 513 361 549 τὴν
377 512 446 548 μετὰ
462 513 551 539 πάντα
569 512 649 546 λόγον
671 512 864 546 ἑπιγινομένην
874 520 880 526 ·

87 560 218 595 αἴσθησιν
232 559 270 592 δὲ,
286 559 372 594 αὐτὴν
386 558 435 586 τοῦ
450 558 617 594 γνωσθέντος
627 557 678 593 τὴν
703 557 821 593 μέθεξιν,
833 557 882 592 τὴν

90 604 162 639 μετὰ
176 605 265 631 πᾶσαν
285 604 378 639 νόησιν
395 603 606 638 ἐκφαινομένην.
625 602 681 629 Καὶ
699 601 778 628 τοῦτο
801 602 882 636 τυχὸν

90 648 230 684 μυστικῶς
243 649 377 676 διδάσκων
388 649 402 674 ὁ
416 648 505 683 μέγας
522 647 697 679 ’Λπόστολος,
712 648 804 683 φησιν·
814 647 883 674 Εἴτε

87 695 125 721 δὲ
142 694 319 729 προφητεῖαι
345 693 640 728 καταργηθήσονται,
664 693 725 720 εἶτε
745 692 883 727 γλῶσσαι

87 741 272 772 παύσονται,
297 739 358 766 εἴτε
384 739 498 774 γνῶσις
527 738 795 773 καταργηθήσεται,
819 738 884 774 περὶ

87 787 141 822 τῆς
155 787 185 814 ὲν
201 786 272 821 λόγῳ
283 785 415 821 κειμένης
426 784 474 812 καὶ
490 786 607 821 νοήμασι
622 783 749 819 γνώσεως
762 784 884 820 δηλονότι

87 833 215 867 φάσκων.

933 236 1000 264 latio
1013 242 1076 271 est;
1093 245 1204 265 sensum
1220 246 1303 270 vero,
1319 246 1381 266 eam
1395 239 1533 266 bonorum
1556 246 1655 269 natura
1678 250 1725 269 su-

933 284 1076 318 periorum
1104 284 1302 319 experientiam
1316 305 1326 317 ,
1347 292 1408 320 quae
1425 286 1637 320 participatione
1658 295 1725 316 eon-

933 330 1030 358 sistit:
1047 331 1243 366 cogitationem
1268 338 1335 358 vero
1360 339 1409 358 seu
1425 331 1579 364 notionem,
1603 341 1664 367 «tua:
1689 334 1724 361 de

933 377 993 412 ipso
1003 380 1047 403 est
1056 384 1089 403 ex
1099 376 1183 403 rebus
1191 377 1343 411 simplicem
1355 383 1387 403 ac
1398 376 1566 411 singularem
1578 377 1724 405 scientiam

932 429 965 449 ac
976 421 1174 457 cognitionem.
1190 421 1271 448 Forte
1284 429 1350 448 vero
1373 422 1458 448 etiam
1484 421 1513 449 in
1541 429 1572 449 re
1600 423 1725 456 qualibet

932 467 1006 495 idem
1026 476 1078 495 usu
1096 468 1189 500 venit;
1212 467 1350 503 siquidem
1374 468 1416 495 rei
1438 468 1503 495 talis
1529 469 1700 503 experientia
1714 489 1722 500 ,

931 521 992 548 qua:
1003 513 1038 540 de
1046 514 1091 540 illa
1103 517 1156 545 est,
1168 514 1302 541 rationem
1313 521 1421 541 cessare
1432 513 1514 546 facit;
1528 514 1665 549 hujusque
1682 515 1723 542 rei

933 556 995 583 talis
1010 564 1119 588 sensus,
1129 564 1191 591 quae
1205 557 1239 584 de
1255 557 1300 584 illa
1311 561 1363 589 est,
1379 557 1574 592 cogitationem
1585 566 1632 586 seu
1647 566 1724 586 com-

932 602 1128 629 mentationem
1142 602 1258 630 otiosam
1274 602 1374 630 reddit.
1394 602 1618 637 Experimentum
1631 609 1724 632 autem

933 646 1008 679 dico,
1021 647 1107 681 ipsam
1121 647 1212 682 reipsa
1222 648 1250 675 in
1261 653 1324 675 actu
1333 648 1477 676 scientiam
1486 656 1517 676 ac
1526 649 1722 684 cognitionem,

932 700 993 727 quae
1003 697 1064 727 post
1076 700 1185 721 omnem
1197 693 1305 721 accedit
1315 695 1450 722 rationem
1459 699 1541 730 atque
1548 702 1703 723 sermonem
1713 704 1722 724 :

933 747 1044 767 sensum
1061 746 1138 771 vero,
1156 739 1243 774 ipsam
1254 740 1314 775 ejus
1329 741 1404 775 quod
1424 742 1526 769 scitum
1550 746 1593 769 est
1606 762 1613 774 ,
1640 746 1724 777 atque

934 785 1074 820 cognitum
1084 785 1289 820 perceptionem
1298 787 1561 822 commerciumque,
1569 792 1631 822 post
1638 787 1724 815 animi

935 828 1086 864 cogitatum
1101 835 1210 856 omnem
1225 836 1258 855 ac
1272 829 1485 864 intelligentiam
1496 832 1620 858 elucens.
1637 830 1725 866 idque

87 878 208 906 forsitan
223 877 338 914 mystice
353 877 456 905 docens
474 883 590 912 magnus
605 875 754 911 Apostolus
764 875 875 903 aiebat:
891 875 950 904 Sive
962 875 1104 911 prophetiw
1116 874 1322 907 evacuabuntur,
1340 875 1393 901 cive
1403 874 1499 910 lingua:
1513 877 1660 909 cessabunt,
1670 879 1724 905 sive

84 923 199 952 ισίσηεὶα
209 923 361 950 destruetur
372 922 412 955 ",-
433 928 533 956 nempe
542 921 577 950 de
587 921 742 957 ealoquens
756 921 884 955 scientia,
903 929 965 957 quae
978 921 1007 948 in
1023 921 1130 948 ratione
1144 919 1285 955 animique
1317 920 1407 947 sensis
1430 925 1459 948 et
1476 921 1642 956 eogitatibus
1657 931 1724 952 con-

86 970 177 998 sistit.

125 1013 175 1050 λβ¹.
201 1014 301 1050 Ἐχρῆν
322 1013 362 1046 ὡς
384 1013 493 1049 ἀληθῶς
508 1013 554 1040 τὸν
573 1013 644 1040 κατὰ
668 1012 749 1047 φύσιν
764 1014 813 1047 τῆς
827 1011 880 1040 τῶν

967 1014 1012 1042 52.
1029 1012 1151 1041 Decebat
1167 1011 1241 1040 enim
1265 1020 1364 1040 revera
1378 1032 1385 1045 ,
1406 1020 1482 1046 eum,
1500 1013 1548 1048 qui
1568 1014 1722 1043 secundum

84 1060 175 1088 ὅντων
193 1059 288 1090 οὐσίας
312 1059 490 1095 δημιουργὸν,
505 1060 552 1086 καὶ
567 1059 618 1094 τῆς
637 1060 708 1087 κατὰ
721 1059 801 1095 χάριν
815 1060 882 1087 αύτ-

84 1104 187 1139 ουργδν
215 1103 342 1138 γενέσθαι
366 1103 422 1130 τῶν
460 1104 612 1138 γεγονότων
640 1103 784 1136 θεώσεως·
806 1104 882 1131 me

85 1149 139 1177 τοῦ
156 1147 227 1177 εἶναι
249 1149 343 1185 δοτὴρ,
361 1150 433 1185 φανῇ
454 1150 502 1176 καὶ
521 1149 570 1176 τοῦ
583 1150 627 1176 ἀεὶ
637 1147 668 1177 εὖ
681 1147 751 1177 εἶναι
762 1159 884 1186 χαριστι-

85 1195 149 1227 κός.
166 1195 245 1222 'Ene't
258 1193 306 1223 οὖν
318 1195 396 1222 οὐδὲν
411 1195 466 1222 τῶν
477 1195 562 1222 ὄντων
584 1195 665 1222 ἑαυτὸ
676 1195 850 1231 τοπαράπαν,
864 1195 882 1231 ἢ

86 1242 157 1270 ἄλλο
180 1241 310 1277 γινώσκει
323 1242 337 1269 ὅ
350 1241 376 1268 τι
397 1250 462 1269 ποτε
473 1241 534 1268 κατ’
545 1241 639 1268 οὐσίαν
661 1241 745 1274 ἐστὶν,
770 1241 882 1273 εἰκότως

85 1288 152 1316 οὐδὲ
179 1288 234 1315 τῶν
255 1288 446 1323 γενησομένων
471 1287 579 1319 οὐδενὸς
597 1286 675 1313 οὐδὲν
701 1287 757 1314 τῶν
787 1287 881 1320 ὄντων,

86 1333 148 1368 ἔχει
162 1333 234 1360 κατὰ
249 1332 331 1367 φύσιν
347 1332 397 1367 τὴν
410 1332 576 1367 πρόγνωσιν⁹
603 1331 675 1367 πλὴν
698 1331 745 1358 τοῦ
761 1331 830 1367 ὑπὲρ
847 1332 883 1358 τὰ

85 1379 155 1406 ὄντα
166 1378 243 1412 θεοῦ,
258 1380 305 1405 καὶ
319 1377 417 1404 ἑαυτὸν
441 1377 631 1412 γινώσκοντος.
645 1378 660 1404 ὅ
672 1386 699 1403 τι
712 1378 772 1404 κατ’
790 1377 883 1404 οὐσίαν

85 1424 162 1457 ἐστὶ,
180 1425 227 1451 καὶ
244 1424 351 1451 πάντων
365 1423 420 1450 τῶν
447 1423 493 1450 ὑπ’
516 1423 600 1450 αὐτοῦ
616 1424 818 1458 πεποιημένων,
836 1424 883 1450 καὶ

86 1471 157 1507 πρὶν
172 1469 299 1505 γενέσθαι
318 1469 521 1505 προεγνωκότος
535 1469 584 1504 τὴν
600 1468 716 1504 ὓπαρξιν
729 1477 736 1485 ·
755 1469 800 1496 καὶ
817 1469 882 1504 μέλ-

84 1514 183 1546 λοντος
197 1513 268 1541 κατὰ
278 1513 359 1549 χάριν
385 1513 589 1548 φιλοτιμεῖσθαι
608 1514 664 1545 τοῖς
678 1510 736 1539 οὖσι
752 1513 802 1548 τὴν
818 1514 882 1540 ἐαυ-

85 1558 157 1591 τῶν,
173 1558 220 1584 καὶ
243 1557 342 1589 ἄλλων,
357 1558 372 1584 ὃ
394 1557 420 1584 τί
441 1565 505 1583 ποτε
527 1557 587 1583 κατ’
612 1557 706 1583 οὐσίαν
731 1557 883 1592 ὑπάρχουσι

85 1604 204 1639 γνῶσιν,
223 1604 272 1630 καὶ
293 1604 357 1635 τοὺς
377 1603 406 1630 ἐν
426 1603 501 1638 αὑτῷ
527 1603 670 1638 μονοειδῶς
684 1602 817 1638 προόντας
833 1602 883 1638 τῆς

85 1650 182 1678 αὐτῶν
193 1649 328 1684 γενέσεως
342 1649 501 1684 φανερῶσαι
517 1649 624 1683 λόγους.

932 1063 1061 1087 naturam
1075 1058 1202 1086 essentia
1224 1066 1318 1086 rerum
1340 1058 1467 1086 conditor
1491 1059 1538 1091 sit,
1564 1065 1722 1088 ereatorum

932 1112 1042 1141 quoque
1057 1104 1251 1138 deificationis,
1271 1111 1333 1139 quae
1347 1112 1397 1139 per
1410 1105 1527 1140 gratiam
1541 1109 1596 1138 est,
1622 1113 1722 1134 aucto-

933 1158 991 1178 rem
1005 1151 1160 1184 exsistere;
1177 1155 1208 1178 ut
1223 1150 1272 1185 qui
1285 1155 1315 1177 ut
1327 1155 1421 1178 essent
1443 1156 1619 1180 concesserat
1631 1172 1638 1184 ,
1662 1153 1722 1188 ejus

932 1195 1006 1231 quod
1023 1201 1188 1230 estsemper
1209 1195 1279 1223 bene
1299 1203 1360 1223 esse
1377 1197 1607 1232 sempitermsque
1631 1197 1721 1225 felici-

933 1243 997 1269 tatis
1014 1242 1129 1277 largitor
1137 1242 1266 1269 eniteret.
1281 1240 1350 1269 Cum
1364 1242 1447 1277 igitur
1462 1242 1535 1270 nulla
1550 1250 1593 1270 res
1607 1243 1720 1271 omnino

934 1287 994 1322 ipsa
1007 1295 1047 1318 se.
1074 1291 1156 1314 autve
1173 1287 1255 1314 aliam
1272 1292 1439 1322 cognoscat,
1462 1287 1596 1321 quidnam
1620 1288 1655 1315 sit
1672 1296 1722 1322 per

933 1332 1100 1365 essentiam;
1122 1332 1220 1359 metito
1236 1331 1275 1365 lit,
1293 1336 1323 1358 ut
1340 1340 1391 1359 nec
1413 1332 1468 1359 ulla
1492 1333 1608 1368 alicujus
1624 1341 1722 1361 eorum

933 1384 994 1411 quae
1011 1376 1105 1403 futura
1120 1380 1195 1407 sunt,
1211 1383 1246 1403 ex
1267 1380 1366 1403 natura
1389 1376 1588 1410 praescientiam
1609 1377 1720 1411 habeat,

933 1429 989 1448 uno
1004 1421 1147 1452 duntaxat,
1161 1421 1208 1456 qui
1225 1425 1268 1448 est
1282 1428 1365 1456 super
1384 1421 1476 1448 omnia
1489 1442 1495 1454 ,
1521 1427 1638 1457 excepto
1653 1422 1719 1456 Deo,

933 1466 980 1502 qui
1009 1471 1037 1493 et
1062 1466 1121 1501 ipse
1144 1466 1265 1500 seipsum
1282 1471 1429 1500 cognoscat
1454 1467 1584 1501 quidnam
1612 1468 1648 1495 sit
1672 1476 1722 1503 per

932 1511 1091 1543 essentiam,
1107 1512 1287 1545 omniumque
1300 1515 1468 1546 eorutn’quaa
1482 1511 1517 1538 ab
1535 1512 1594 1547 ipso
1610 1513 1721 1541 condita

933 1559 1008 1588 sunt,
1024 1555 1182 1590 priusquam
1198 1555 1283 1582 etiam
1299 1555 1485 1583 conderentur
1506 1556 1586 1592 592
1612 1562 1721 1585 essent<

933 1609 987 1636 quc
1006 1600 1091 1633 edita,
1118 1601 1301 1628 substantiam
1325 1606 1479 1635 prtenoseat
1497 1610 1503 1628 :
1522 1603 1569 1637 qui
1600 1603 1722 1639 denique

933 1655 984 1682 per
998 1647 1114 1682 gratiam
1124 1646 1268 1674 liberalius
1283 1646 1364 1674 rebus
1380 1647 1531 1674 collaturus
1541 1648 1586 1681 sit,
1611 1653 1640 1676 ut
1655 1649 1722 1684 ipsas

85 1706 120 1727 se
133 1718 142 1730 ,
156 1699 333 1733 vicissimque
360 1696 421 1724 alite
448 1696 516 1723 alias
539 1699 726 1731 cognoscant,
749 1694 883 1730 quidnam
904 1695 1021 1730 sintper
1038 1693 1197 1726 essentiam,
1218 1694 1303 1729 inque
1335 1693 1428 1728 seipso
1453 1693 1628 1722 uniformiter
1647 1703 1720 1731 prae-

84 1743 243 1772 existentes
256 1750 351 1770 carum
367 1741 482 1777 originis
501 1742 591 1777 palam
613 1742 680 1776 ipsis
694 1741 819 1769 facturus
837 1741 969 1768 rationes.

126 1788 179 1823 λγ’.
205 1789 235 1815 '0
252 1789 302 1823 τὴν
325 1787 406 1822 φύσιν
424 1786 478 1813 τῶν
501 1787 653 1822 ἀνθρώπων
676 1787 880 1822 δημιουργήσας

967 1784 1010 1812 33.
1029 1785 1080 1819 Qui
1105 1783 1253 1812 humanam
1273 1789 1400 1812 naturam
1416 1784 1541 1812 condidit
1563 1786 1636 1814 Deus
1651 1807 1658 1819 .
1684 1795 1720 1816 eo

85 1833 172 1868 λόγος
183 1831 239 1869 [qi].
264 1833 299 1860 ad
318 1831 427 1859 Thalas.
442 1839 470 1866 η.
496 1830 540 1858 81.
561 1830 650 1866 Θεὸς],
669 1831 700 1857 οὐ
723 1831 881 1857 συνέκτισεν

85 1879 162 1914 αὐτῇ
175 1877 247 1905 κατὰ
258 1877 396 1913 αἴσθησιν,
412 1875 476 1903 οὔτε
489 1875 597 1911 ἡδονὴν,
614 1875 676 1902 οὕτε
692 1875 801 1911 ὀδύνην·
814 1874 881 1902 ἀλλὰ

85 1923 208 1958 δύναμιν
228 1931 288 1949 τινα
304 1921 376 1948 κατὰ
390 1921 453 1948 νοῦν
474 1922 542 1957 αὐτῇ
560 1921 628 1956 πρὸς
643 1920 750 1956 ἡδονὴν,
769 1920 831 1947 καθ’
847 1921 880 1956 ἢν

84 1969 217 2005 tamen;
241 1967 389 1997 ἀπολαύειν
401 1966 484 1994 αὐτοῦ
505 1965 658 2002 δυνήσεται,
676 1966 880 2002 ὲνετεκτήνατο,

84 2013 201 2050 Ταύτην
220 2013 249 2041 δὲ
272 2014 322 2050 τὴν
345 2012 474 2048 δύναμιν,
498 2012 571 2047 λέγω
596 2012 623 2038 δὲ
639 2012 689 2047 τὴν
707 2012 777 2039 κατὰ
798 2011 880 2046 φύσιν

83 2060 138 2088 τοῦ
157 2059 203 2086 νοῦ
218 2058 287 2095 πρὸς
307 2059 353 2085 τὸν
370 2058 436 2085 Θεὴν
454 2057 559 2092 ἔφεσιν,
575 2057 633 2092 ἅμα
647 2056 685 2092 τῷ
693 2058 830 2092 γενέσθαι,
845 2058 878 2093 τῇ

87 2104 218 2140 αἰσθήσει
231 2104 293 2135 δοὺς
307 2103 321 2130 ὁ
339 2103 448 2138 πρῶτος
462 2102 617 2138 ἄνθρωπος,
628 2101 697 2138 πρὸς
712 2101 746 2128 τὰ
763 2101 880 2136 αἰσθητὰ

83 2149 154 2176 κατ’
169 2148 254 2183 αὐτὴν
271 2147 321 2184 τὴν
343 2147 456 2183 πρώτην
477 2147 585 2182 κίνησιν
605 2146 650 2173 διὰ
671 2146 757 2182 μέσης
769 2146 819 2182 τῆς
835 2146 879 2173 αἱ-

84 2195 216 2230 σθήσεως
237 2193 300 2229 ἔσχε
328 2193 405 2229 παρὰ
428 2192 508 2228 φύσιν
527 2192 730 2227 ἐνεργουμένην
750 2191 800 2228 τὴν
816 2191 878 2227 ὴδοο

83 2241 158 2276 νήν⁹
175 2236 248 2275 ᾗτινι
279 2239 351 2265 κατὰ
374 2238 503 2274 πρόνοιαν
529 2238 544 2264 ὁ
569 2238 619 2273 τῆς
640 2237 719 2274 ἡμῶν
741 2237 879 2274 σωτηρίας

84 2285 252 2321 κηδόμενος,
263 2285 424 2319 παρέπηξεν
439 2283 534 2319 ὥσπερ
546 2284 608 2310 τινὰ
622 2284 743 2319 τιμωρὸν
752 2283 877 2320 δύναμιν,

83 2331 140 2367 τὴν
158 2329 274 2365 ὀδύνην·
300 2329 362 2357 καθ’
384 2330 418 2366 ἢν
439 2330 454 2356 ὁ
479 2329 525 2355 τοῦ
548 2328 663 2355 θανάτου
693 2329 761 2363 μετὰ
783 2329 879 2362 σοφίας

82 2375 258 2412 ὲνερῤιζώοη
270 2377 304 2411 τῇ
315 2375 362 2402 τοῦ
374 2375 501 2409 σώματος
513 2373 593 2409 φύσει
607 2374 700 2408 νόμος,
715 2373 878 2410 περιορίζων

81 2423 140 2458 τῆς
159 2421 207 2448 τοῦ
223 2421 270 2448 νοῦ
298 2421 398 2456 μανίας
424 2420 501 2456 παρὰ
524 2421 606 2456 φύσιν
633 2419 679 2446 ἐπὶ
701 2419 737 2446 τὰ
758 2419 877 2455 αἰσθητὰ

82 2468 255 2504 κινουμένην
267 2467 315 2504 τὴν
328 2467 432 2502 ἔφεσιν.

123 2513 174 2542 λε’.
200 2514 298 2550 Ἡδονὴ
323 2514 370 2541 καὶ
393 2514 485 2549 ὀδύνη,
511 2513 545 2549 τῆ
562 2512 643 2548 φύσει
656 2512 706 2548 τῆς
722 2511 824 2548 σαρκὸς
845 2512 876 2539 οὺ

82 2560 308 2596 συνεκτισοησαν
318 2568 325 2575 ο
342 2558 399 2587 ἀλλ’
418 2561 436 2596 ὴ
448 2559 614 2595 παράϐασις,
628 2559 678 2594 τὴν
694 2558 753 2593 μὲν,
766 2558 878 2594 ἐπενόη-

82 2616 136 2635 σεν
151 2607 192 2638 εἰς
204 2606 311 2642 φθορὰν
328 2607 378 2642 τῆς
391 2605 579 2642 προαιρέσεως
589 2614 595 2621 ·
614 2605 663 2640 τὴν
677 2604 716 2644 δὲ,
733 2604 878 2632 κατεδίκα-

82 2662 138 2682 σεν
153 2654 194 2685 εις
209 2652 286 2680 λύσιν
305 2655 354 2689 τῆς
370 2654 477 2688 φύσεως
489 2661 495 2667 ·
510 2653 554 2681 ἵνα
568 2653 586 2688 ἡ
611 2652 660 2688 μὲν
674 2651 768 2687 ἡδονὴ.
786 2650 876 2686 ψυχῆς

81 2700 215 2728 ἑκούσιον
242 2700 392 2736 ἐργάσηται
422 2699 537 2726 θάνατον
564 2699 614 2734 τὴν
634 2697 786 2733 ἁμαρτίαν·
808 2697 826 2731 ἡ
848 2696 877 2723 δὲ

80 2747 171 2782 ὀδύνη
185 2746 230 2773 διὰ
242 2747 292 2781 τῆς
315 2746 430 2780 λύσεως,
446 2745 495 2781 τὴν
506 2746 567 2772 κατ’
584 2742 654 2777 εἶδος
665 2743 813 2779 ποιήσηται
829 2743 879 2778 τῆς

123 2825 149 2844 ιθ
164 2825 248 2855 lCor.
261 2834 318 2860 xm,
334 2827 359 2854 8.

932 1832 1005 1866 quod
1019 1831 1152 1864 condidit,
1173 1838 1263 1865 neque
1283 1831 1453 1865 voluptatem
1479 1836 1570 1866 neque
1594 1832 1719 1862 dolorem

931 1875 1006 1903 illius
1021 1876 1112 1903 sensui
1129 1876 1231 1903 indidit
1250 1884 1256 1902 :
1272 1875 1321 1903 sed
1339 1876 1394 1902 vim
1415 1876 1561 1910 quamdam
1577 1877 1669 1905 animo
1683 1879 1719 1908 ad

930 1921 1099 1956 voluptatem
1114 1921 1265 1948 fabricatus
1276 1924 1330 1953 est,
1344 1920 1498 1948 secundum
1515 1929 1596 1957 quam
1618 1930 1717 1952 arcana

930 1967 1069 2001 nullisque
1085 1967 1179 1994 verbis
1207 1966 1364 2001 explieabili
1388 1966 1497 1995 ratione
1510 1988 1517 2000 ,
1546 1969 1606 2003 ipso
1626 1975 1719 2004 posset

923 2012 996 2040 'lrui.
1015 2011 1090 2040 llanc
1112 2012 1204 2047 itaque
1220 2013 1275 2040 vim
1292 2013 1428 2054 (naturale
1451 2013 1558 2042 scilicet
1574 2016 1675 2043 mentis
1689 2016 1719 2045 in

929 2055 1017 2084 Deum
1031 2056 1212 2092 desiderium)
1227 2057 1333 2092 primus
1354 2057 1438 2085 homo
1453 2065 1516 2085 mox
1535 2066 1568 2086 ac
1590 2060 1719 2089 conditus

929 2100 1029 2134 fuerat,
1055 2102 1148 2129 sensui
1171 2101 1321 2135 addicens,
1346 2110 1484 2138 propenso
1499 2103 1527 2130 in
1548 2111 1580 2131 ea
1601 2113 1662 2140 quae
1690 2106 1719 2134 in

929 2155 1041 2175 sensum
1055 2147 1166 2182 cadunt,
1179 2149 1269 2183 primo
1282 2149 1342 2184 ipso
1353 2153 1440 2182 motu,
1457 2149 1622 2178 intermedio
1635 2159 1719 2180 sensu

930 2194 1115 2221 innaturalem
1132 2194 1223 2228 reipsa
1247 2195 1398 2221 exercitam
1413 2199 1494 2230 atque
1514 2195 1652 2231 vigentem
1671 2205 1721 2225 vo-

930 2238 1064 2273 luptatem
1081 2238 1195 2272 habuit;
1207 2239 1311 2274 euiper
1322 2239 1536 2274 providentiam.
1555 2241 1602 2275 qui
1617 2245 1721 2272 nostra

930 2291 1026 2311 curam
1040 2284 1137 2311 salutis
1149 2283 1222 2319 agit,
1251 2292 1302 2312 ceu
1328 2285 1383 2312 vim
1405 2285 1551 2320 quamdam
1578 2286 1720 2321 ultricem,

929 2329 1054 2356 dolorem
1069 2328 1172 2362 aﬁixit;
1190 2337 1245 2365 quo
1262 2330 1402 2365 sapienter
1421 2330 1519 2358 mortis
1536 2330 1590 2364 lex,
1613 2335 1721 2362 natura:

929 2375 1055 2410 corporis
1066 2375 1129 2402 altis
1138 2374 1226 2402 deﬁxa
1238 2375 1380 2403 radicibus
1390 2379 1443 2408 est,
1456 2375 1620 2411 desipientis
1630 2378 1719 2408 animi

931 2420 1072 2448 incitatam
1090 2420 1117 2447 in
1134 2427 1178 2447 res
1193 2420 1287 2447 sensui
1303 2421 1425 2456 obiectas
1439 2421 1620 2449 innaturaletn
1637 2423 1719 2457 cupi-

895 2459 917 2487 Ι)
934 2465 1050 2493 ditatem
1070 2464 1215 2492 eliminans
1229 2469 1313 2500 atque
1331 2465 1493 2493 extrudens.

968 2511 1012 2539 54.
1031 2511 1161 2546 Voluptas
1176 2517 1208 2538 ac
1220 2510 1310 2542 dolor,
1327 2518 1381 2538 non
1397 2519 1451 2539 una
1467 2519 1529 2539 cum
1544 2516 1642 2539 natura
1655 2520 1718 2541 car.

931 2557 975 2585 nis
988 2556 1100 2585 condita
1120 2559 1202 2588 sunt;
1224 2555 1272 2582 sed
1299 2555 1480 2590 transgressio
1501 2556 1583 2583 aliam
1605 2556 1716 2591 quidem

932 2603 966 2630 ad
980 2600 1129 2629 voluntatis
1143 2600 1227 2627 animi
1243 2599 1333 2627 labem
1359 2599 1516 2632 adiuvenit;
1539 2601 1658 2628 alterum
1682 2607 1717 2628 ex

931 2647 1141 2677 damnationem
1150 2646 1291 2674 interitum
1304 2650 1408 2674 natura:
1419 2645 1521 2673 invexit
1534 2656 1540 2673 :
1553 2655 1608 2681 quo
1617 2654 1716 2681 nempe

930 2695 1057 2729 voluptas
1070 2693 1182 2728 quidem
1197 2701 1228 2720 ac
1245 2692 1331 2719 libido
1347 2695 1525 2726 spontaneam
1543 2692 1626 2719 animi
1643 2700 1716 2720 mor-

931 2745 987 2768 tem
1003 2742 1157 2776 (peccatum
1175 2739 1289 2773 scilicet)
1307 2737 1468 2770 ascisceret;
1481 2738 1561 2765 dolor
1576 2745 1643 2765 vero
1657 2737 1712 2765 dis-
