1916 3076
118 137 183 170 i321

115 203 179 221 τον·
194 192 241 220 καὶ
262 190 296 228 ἦν
316 191 418 228 ἄπορος
443 192 618 219 παντάπασιν
641 193 656 218 ὁ
675 192 724 226 τῆς
746 190 904 226 ἐλευθερίας
919 192 940 219 Λ

115 240 227 275 τρόπος,
241 241 296 270 τοῖς
313 238 366 265 ὑπὸ
380 239 430 274 τῆς
442 238 536 266 ἀδίκου
550 237 780 273 τυραννουμένοις
795 237 902 272 ἡδονῆς.

114 286 162 313 καὶ
183 285 236 312 ὑπὸ
250 284 305 311 τῶν
323 284 436 312 δικαίων
460 284 560 318 πόνων,
579 285 626 312 καὶ
641 283 688 311 τοῦ
704 283 747 310 ἐπ’
760 283 851 314 αὐτοῖς
868 282 906 308 δι-

115 331 262 358 καιοτάτου
292 330 409 357 θανάτου
435 330 560 363 φυσικῶς
585 328 771 364 ὲνεχομένοις⁴
796 328 849 354 ἔδει
878 327 906 353 δὲ

116 377 184 411 πρὶς
199 376 339 411 ἀναίρεσιν
359 375 408 410 μὲν
418 376 467 411 τῆς
480 375 650 411 ἁδικωτάτης
665 374 773 408 ἡδονῆς,
791 374 837 400 καὶ
852 373 906 399 τῶν

115 423 150 449 δι’
173 421 258 457 αὐτὴν
277 421 455 448 δικαιοτάτων
474 421 574 455 πόνων,
592 421 638 456 ὑφ’
659 417 696 448 ὧν
720 420 846 451 ἐλεεινῶς
868 420 906 446 δι-

115 470 218 495 εσπᾶτο
232 468 344 503 πάσχων
357 469 370 494 ὁ
382 467 535 503 ἄνθρωπος,
548 468 580 494 ὲκ
589 467 692 503 φθορᾶς
706 467 757 501 τῆς
772 466 833 494 καθ’
847 467 907 501 ἠδο-

116 516 165 551 νὴν
178 515 250 550 ¹ἔχων
273 515 322 549 τὴν
339 513 427 549 ἀρχὴν
446 514 496 549 τῆς
516 513 661 548 γενέσεως,
677 514 725 539 καὶ
745 514 786 544 εἰς
804 512 908 546 φθορὰν

115 561 166 596 τὴν
180 561 224 588 διὰ
239 560 287 587 τοῦ
303 560 422 587 θανάτου
434 559 466 587 τδ
481 560 531 594 τῆς
544 559 616 595 ζωῆς
632 559 795 593 καταλήγων
813 557 905 590 τέλος·

116 607 187 642 πρὸς
207 607 235 633 δὲ
250 607 300 641 τὴν
315 605 506 641 ἐπανόρθωσιν
517 606 567 640 τῆς
583 605 723 637 ἀπαοοῦς”
737 605 844 639 φύσεως
857 605 906 640 (qr.

116 652 292 687 ἐπινοηθῆναι
304 652 384 678 πόνον
398 651 444 678 καὶ
453 651 578 682 θάνατον,
590 651 681 677 ἄδικον
694 650 761 685 ὁμοῦ
777 650 824 676 καὶ
831 650 908 676 ἀναί-

115 706 174 725 τιον
188 705 194 712 ·
212 698 332 725 ἀναίτιον
350 698 409 733 μὲν,
427 697 465 729 ὡς
482 697 610 731 οὐδαμῶς
636 696 827 732 προῖιαὸοὖσαν
846 695 908 731 ἠδο-

116 743 165 778 νὴν
179 744 316 779 ἐσχηκότα
332 743 400 779 πρὸς
414 743 522 777 γένεσιν
533 752 540 758 ·
555 743 647 770 ἄδικον
670 743 708 775 δὲ,
724 742 762 774 ὡς
779 742 908 777 οὐδεμιᾶς

115 787 281 822 τοπαράπαν
299 787 371 822 ζωῆς
385 787 525 822 ὲμπαθοῦς
539 787 604 814 ὄντα
617 787 751 823 διάδοχον,
764 787 809 814 ἵνα
826 787 908 822 μέσος

116 833 277 867 διαληφθεὶς
300 833 399 868 ἡδονῆς
421 833 528 865 ἀδίκου,
545 834 592 860 καὶ
616 833 698 861 πόνου
721 832 769 860 καὶ
792 833 907 860 θανάτου

115 880 300 911 δικαιοτάτου,
320 880 402 912 πόνος
427 881 476 907 καὶ
494 880 607 912 θάνατος
631 879 809 913 ἀδικώτατος,
824 881 906 916 ἀνέλῃ
924 875 943 902 Β

115 926 205 953 διάλου
217 926 265 961 τὴν
283 926 313 958 ἐξ
328 926 426 961 ἡδονῆς
450 926 623 961 ἀδικωτάτην
639 925 738 962 ἀρχὴν,
760 926 807 952 καὶ
823 926 854 953 τὸ
872 926 906 952 δι’

114 972 203 1008 αὐτὴν
225 972 269 999 διὰ
287 972 405 1000 Θανάτου
425 972 595 999 δικαιότατον
618 972 695 1004 τέλος
717 971 766 1006 τῆς
787 971 904 1006 φύσεως,

115 1019 165 1045 καὶ
180 1018 294 1053 γένηται
318 1018 398 1045 πάλιν
419 1018 518 1054 ἡδονῆς
537 1019 584 1045 καὶ
605 1018 701 1054 ὀδύνης
721 1018 864 1054 ἐλεύθερον
877 1019 907 1044 τὸ

116 1065 199 1098 γένος
218 1065 272 1091 τῶν
293 1064 456 1100 ἀνθρώπων,
471 1065 520 1100 τὴν
541 1064 659 1100 ὲξαρχῆς
680 1063 827 1099 εὐκληρίαν
838 1064 907 1091 ἀπο-

115 1110 254 1146 λαῦούσης
270 1111 321 1145 τῆς
338 1103 456 1145 ξ’)ύσεως,
468 1110 562 1146 μηδενὶ
574 1110 629 1136 τῶν
642 1109 840 1145 ὲμπεφυκότων
852 1111 907 1141 τοῖς

117 1156 171 1183 cna
188 1157 295 1191 γένεσιν
319 1158 366 1184 καὶ
378 1157 482 1193 φθορὰν
497 1157 697 1192 γνωρισμάτων
711 1155 906 1191 μολυνομένην.

116 1203 170 1230 Διά
185 1203 265 1230 τοῦτο
280 1203 346 1236 Θεὸς
361 1203 493 1238 ὑπάρχων
515 1203 617 1234 τέλειος
640 1202 711 1229 κατὰ
727 1201 809 1236 φύσιν
831 1203 845 1228 ό
858 1202 904 1228 τοῦ

114 1249 187 1275 Θεοῦ
218 1250 314 1283 Λόγος,
345 1249 453 1283 γίνεται
477 1249 578 1281 τέλειος
604 1248 748 1284 ἄνθρωπος
764 1249 796 1275 ὲκ
819 1248 908 1284 ψυχῆς

115 1296 215 1330 νοερᾶς
231 1296 278 1322 καὶ
295 1295 422 1331 σώματος
436 1295 559 1331 παθητοῦ
576 1295 647 1323 κατὰ
663 1295 744 1331 φύσιν
763 1295 909 1330 παραπλη-

116 1343 186 1373 σίως
209 1342 284 1377 ἡμῖν,
302 1342 389 1377 χωρὶς
410 1342 496 1378 μόνης
522 1342 660 1377 ἁμαρτίας
690 1340 840 1373 συνεστώς·
858 1341 908 1377 τὴν

118 1387 171 1422 μὲν
195 1387 227 1413 ἐκ
249 1388 298 1422 τῆς
326 1387 471 1423 παρακοῆς
493 1387 598 1423 ἡδονὴν,
620 1387 746 1422 οὐδαμῶς
767 1386 908 1414 τοσὺνολον

115 1432 254 1468 ἐσχηκὼς,
276 1433 486 1469 προηγουμένην
502 1432 584 1460 αὐτοῦ
606 1433 655 1468 τῆς
677 1434 709 1459 ὲκ
729 1433 859 1468 γυναικὸς
879 1435 908 1461 ἐν

116 1477 209 1514 χρόνῳ
216 1479 368 1514 γεννήσεως
377 1487 385 1493 ·
398 1478 448 1514 τὴν
461 1479 490 1505 δὲ
509 1478 542 1505 δι’
556 1478 640 1513 αὐτὴν
654 1477 759 1513 ὀδύνην,
771 1478 908 1514 ὑπάρχου-

117 1531 170 1550 σαν
191 1523 267 1556 τέλος
283 1524 334 1559 τῆς
354 1525 472 1559 φύσεως,
486 1523 529 1550 διὰ
549 1523 755 1559 φιλανθρωπίαν
771 1525 844 1550 κατὰ
863 1524 906 1550 θέ-

116 1570 198 1604 λησιν
215 1571 437 1605 προσηκάμενος,
451 1570 495 1596 ἵνα
507 1569 620 1605 πάσχων
632 1569 744 1602 ἀδίκως,
764 1570 846 1606 ἀνέλῃ
861 1570 909 1606 τὴν

115 1613 149 1647 ἐξ
165 1614 260 1649 ἡδονῆς
277 1614 370 1641 ἀδίκου
392 1614 579 1649 τυραννοῧσαν
592 1615 641 1650 τὴν
659 1614 741 1650 φύσιν
759 1615 847 1651 ἀρχὴν
863 1616 912 1651 τῆς

115 1659 254 1694 γενέσεως
265 1669 271 1675 ·
287 1660 337 1687 οὐκ
351 1660 467 1695 ἔχουσαν
481 1661 519 1693 ὡς
535 1661 616 1696 χρέος
629 1661 699 1696 ὑπὲρ
717 1662 804 1697 αὐτῆς
825 1662 912 1689 ἐκτιν-

115 1706 235 1741 νῦμενον
250 1706 320 1733 κατὰ
336 1708 399 1739 τοὺς
414 1706 513 1738 ἄλλους
530 1707 692 1743 ἀνθρώπους
708 1709 756 1735 καὶ
786 1709 833 1735 τοῦ
855 1709 913 1735 Κυ-

118 1752 180 1787 ρίου
196 1751 241 1778 τὸν
255 1751 379 1785 θάνατον,
393 1752 462 1779 ἀλλὰ
481 1753 581 1787 μᾶλλον
596 1753 655 1779 κατ’
668 1753 753 1789 αὐτῆς
762 1754 913 1789 προϐεϐλη-

118 1796 202 1832 μένον
212 1804 218 1811 ·
233 1797 282 1823 καὶ
298 1797 329 1823 τὸ
343 1797 388 1824 διὰ
403 1796 449 1824 τοῦ
466 1797 583 1824 Θανάτου
605 1798 710 1825 δίκαιον
725 1798 800 1830 τέλος
814 1799 915 1834 ἐξαφα-

116 1842 182 1878 νὲσῃ
195 1843 244 1877 τῆς
259 1843 378 1876 φύσεως,
394 1843 444 1870 οὐκ
458 1843 528 1879 ἔχων
541 1844 591 1879 τὴν
606 1843 639 1870 δι’
650 1844 682 1880 ἢν
694 1844 850 1879 ἐπεισῆλθε,
867 1845 914 1871 καὶ

116 1888 167 1913 ὑπ’
184 1888 267 1914 αὑτοῦ
289 1888 401 1920 δικαίως
428 1889 650 1925 τιμωρουμένην,
683 1889 721 1921 ὡς
749 1890 839 1916 αἰτίαν
861 1890 909 1917 τοῦ

115 1932 192 1959 εἶναι
208 1935 367 1969 παράνομον
383 1934 489 1970 ἡδονήν.

455 136 622 166 CAPITL'M
643 133 854 171 QUiNQUlES
870 132 1128 163 CENTENORUM
1147 132 1340 162 CENTURIA
1362 132 1409 161 ιν.

1679 129 1747 163 I322

958 188 1050 215 rendm
1064 189 1105 216 eis
1122 188 1261 216 libertatis
1276 187 1376 215 modus
1396 187 1572 222 suppetebat,
1587 187 1635 222 qui
1653 187 1747 222 iniqua

957 235 1109 269 voluptatis
1133 235 1221 269 pressi
1240 233 1405 270 tyrannide,
1433 233 1516 268 justis
1541 233 1684 261 laboribus
1703 235 1748 270 ju-

958 281 1142 315 stissimazque
1154 289 1188 308 ex
1203 281 1258 308 illis
1280 280 1363 307 morti
1382 283 1482 306 natura
1507 278 1622 306 obnoxii
1646 284 1746 312 erant;

956 335 1049 362 operae
1061 327 1237 362 pretiumque
1250 332 1321 359 erat,
1332 331 1389 354 tum
1401 325 1434 353 ad
1449 325 1651 360 iniquissimam
1659 326 1748 354 inter-

957 373 1096 400 imendam
1123 373 1310 408 voluptatem,
1338 373 1468 411 ejusque_
1486 380 1569 400 causa
1592 373 1748 408 justissime

957 420 1083 446 invectos
1105 419 1215 446 labOres
1226 418 1380 446 abolendos
1395 438 1402 451 ,
1424 419 1525 453 quibus
1548 418 1630 445 homo
1647 418 1749 445 misere

940 463 1089 492 ‘laborans
1104 465 1314 492 distrahebatur
1338 465 1392 501 (cui
1417 464 1525 492 scilicet
1545 472 1579 492 ex
1598 464 1749 499 voluptatis

957 518 989 538 ac
1003 510 1128 538 libidinis
1137 510 1198 537 labe
1208 510 1325 545 originis
1342 514 1417 538 esset
1432 509 1555 541 initium,
1574 510 1659 544 inque
1673 517 1749 536 mor-

958 557 994 584 tis
1012 556 1103 584 tabem
1117 556 1181 584 vitm
1194 555 1256 583 finis
1270 555 1430 590 desineret),
1453 560 1512 583 tum
1535 555 1569 583 ad
1595 555 1750 582 laborantis

961 606 1065 630 naturae
1080 602 1326 634 instaurationem,
1343 601 1465 629 laborem
1486 601 1638 636 mortisque
1659 602 1750 629 inter-

959 653 1026 678 itum
1052 650 1221 686 excogitari,
1248 650 1382 686 injustum
1406 649 1490 677 simul
1513 654 1542 677 et
1562 657 1673 677 causam
1693 657 1750 677 non

960 697 1119 724 habentem.
1136 696 1240 731 Nempe
1255 703 1311 723 non
1334 695 1485 723 habentem
1509 703 1632 727 causam,
1654 699 1685 722 ut
1702 696 1751 730 qui

958 747 1128 778 przeeuntem
1144 750 1201 770 sum
1226 741 1325 777 origini
1347 742 1519 776 voluptatem
1535 741 1751 776 haudquaquam

961 789 1121 819 habuisset;
1142 788 1278 824 injustum
1297 796 1383 820 vero,
1409 793 1440 815 ut
1463 788 1511 823 qui
1538 788 1607 815 nulli
1636 796 1752 823 prorsus

960 834 1118 862 libidinosae
1134 835 1197 863 vitae
1210 842 1302 862 comes
1316 838 1412 865 esset,
1438 838 1469 861 ut
1490 834 1622 862 nimirum
1643 835 1752 862 medius

958 882 1131 916 interceptus
1143 881 1216 909 inter
1229 881 1360 916 injustam
1377 881 1558 915 voluptatem,
1572 880 1752 916 laboremque

958 931 987 954 et
1014 932 1131 955 mortem
1159 927 1364 962 iustissimam,
1389 926 1471 962 594
1497 926 1576 953 labor
1598 927 1752 956 mortisque

958 972 1089 999 interitus
1106 971 1314 1007 injustissimus.
1333 971 1545 1006 injustissimam
1558 978 1593 998 ex
1609 971 1753 1006 voluptate

958 1018 1094 1053 originem
1109 1025 1225 1052 prorsus
1238 1017 1373 1047 aboleret.
1386 1024 1428 1049 ac,
1439 1017 1486 1052 qui
1498 1017 1559 1052 ejus
1570 1024 1653 1045 causa
1678 1025 1754 1044 mor—

959 1064 994 1091 tis
1002 1063 1164 1091 interitione
1173 1063 1337 1094 inoleverat,
1343 1062 1527 1098 iustissimum
1535 1067 1642 1090 natura:
1653 1063 1751 1096 ﬁnem;

959 1110 1167 1145 humanumque
1183 1116 1272 1145 genus
1291 1116 1390 1136 rursus
1411 1116 1426 1135 a
1445 1109 1590 1144 voluptate
1600 1109 1754 1145 doloreque

958 1156 1110 1187 eximeret,
1127 1160 1225 1183 natura
1240 1155 1387 1191 pristinam
1410 1156 1564 1191 recipiente
1585 1155 1753 1188 claritatem,

958 1202 1041 1229 nullis
1059 1210 1155 1229 earum
1170 1210 1263 1229 rerum
1282 1202 1357 1230 notis
1373 1202 1504 1230 fmdatam
1518 1223 1525 1235 ,
1546 1209 1607 1237 qua:
1623 1202 1697 1230 ortui
1722 1210 1755 1229 ac

959 1248 1084 1275 interitui
1102 1248 1230 1276 obnoxia:
1245 1252 1320 1276 sunt.
1341 1248 1451 1275 idcirco
1463 1255 1526 1275 eum
1545 1248 1619 1275 Deus
1633 1255 1682 1283 per
1703 1255 1754 1274 na-

959 1301 1049 1322 turam
1060 1294 1202 1329 perfectus
1213 1299 1297 1327 esset,
1309 1294 1358 1322 Dei
1371 1294 1491 1322 Verbum
1512 1294 1653 1329 perfectus
1669 1294 1754 1321 homo

960 1340 999 1372 ﬁt,
1018 1348 1052 1367 ex
1067 1340 1160 1368 anima
1180 1341 1362 1375 intelligente.
1380 1348 1412 1367 ac
1437 1339 1550 1367 mortali
1563 1347 1612 1374 per
1624 1343 1754 1366 naturam

959 1394 1088 1422 corpore,
1103 1387 1187 1414 simili
1199 1387 1281 1414 nobis
1292 1387 1411 1419 ratione,
1425 1394 1481 1413 uno
1494 1386 1629 1414 duntaxat
1639 1390 1755 1421 peccato

959 1438 1086 1469 excepto,
1106 1433 1265 1461 consistens
1283 1434 1347 1468 :qui
1372 1441 1433 1460 eam
1448 1432 1562 1467 quidem
1579 1433 1754 1467 voluptatem

960 1488 1008 1508 seu
1034 1479 1200 1511 libidinem,
1227 1487 1287 1514 qum
1315 1479 1481 1506 inolevith
1508 1478 1728 1513 transgressione
1744 1497 1752 1509 ,

963 1525 1108 1560 temporali
1124 1525 1212 1560 ipsius
1227 1532 1260 1552 ex
1287 1524 1404 1552 muliere
1423 1523 1563 1551 nativitati
1583 1527 1754 1558 prateuntem

963 1573 1040 1600 nullo
1066 1579 1182 1607 prorsus
1207 1571 1292 1598 modo
1306 1570 1434 1602 haberet,
1453 1570 1565 1597 tametsi
1581 1569 1657 1596 illius
1674 1577 1757 1596 causa

965 1620 1106 1647 invectum
1128 1618 1253 1646 dolorem
1271 1638 1278 1649 ,
1295 1617 1342 1652 qui
1358 1622 1466 1644 natura:
1481 1608 1544 1643 ﬁnis
1559 1616 1685 1648 exsistat,
1701 1623 1758 1651 pra:

963 1673 1071 1693 summa
1087 1665 1261 1692 humanitate
1277 1671 1308 1690 ac
1331 1663 1516 1698 benignitate,
1536 1662 1678 1689 voluntate
1698 1662 1758 1696 ipse

966 1719 1015 1738 sua
1039 1710 1222 1741 admisisset,
1248 1712 1280 1735 ut
1306 1708 1408 1743 injuste
1438 1708 1547 1743 patiens
1567 1707 1757 1742 moriensque.

967 1756 1082 1790 primam
1103 1762 1136 1782 ex
1154 1755 1248 1789 iniqua
1264 1753 1406 1789 voluptate
1422 1754 1569 1788 originem,
1586 1757 1713 1780 naturam
1730 1753 1758 1780 vi

965 1801 1182 1836 opprimentem,
1199 1799 1373 1835 proﬂigaret;
1389 1807 1449 1834 qum
1461 1799 1577 1831 scilicet,
1596 1799 1710 1834 perinde
1726 1807 1758 1827 ac

967 1847 1140 1882 reliquorum
1155 1846 1300 1874 hominum
1314 1866 1320 1877 .
1347 1846 1388 1873 sic
1402 1850 1429 1873 et
1445 1845 1554 1874 Domini
1570 1849 1688 1872 mortem
1707 1853 1758 1880 pro

969 1900 1001 1920 ea
1017 1891 1164 1919 obnoxiam
1186 1899 1218 1918 ac
1235 1891 1312 1918 velut
1329 1899 1363 1919 ex
1380 1891 1474 1918 debito
1491 1890 1649 1918 solvendam
1664 1911 1671 1924 ,
1702 1899 1759 1917 non

965 1939 1080 1966 haberet
1092 1947 1098 1971 ;
1114 1938 1162 1966 sed
1176 1945 1238 1972 quae
1250 1938 1342 1972 potius
1357 1938 1395 1965 illi
1408 1937 1525 1965 adversa
1537 1941 1622 1969 esset,
1635 1937 1758 1972 justum-

114 1987 175 2014 que
195 1981 292 2008 mortis
314 1980 473 2009 interitione
497 1986 604 2009 natura:
622 1981 714 2009 ﬁnem'
731 1982 872 2016 aboleret;
888 1984 932 2012 cui
951 1985 1082 2012 nimirum
1108 1984 1202 2020 iniqua
1220 1984 1349 2019 voluptas
1361 1992 1393 2011 ac
1408 1983 1505 2015 libido,
1519 1983 1656 2018 cujusille
1667 1984 1759 2018 gratia

116 2030 247 2061 inolevit,
261 2037 292 2057 ac
311 2038 393 2064 quam
425 2031 498 2065 juste
518 2030 687 2062 ulciscatur,
723 2035 753 2057 ut
773 2039 830 2058 suae
847 2036 944 2060 auctor

159 2080 196 2112 μ’.
219 2077 292 2103 Ἔδει
307 2077 344 2108 ὡς
362 2077 480 2113 ἀληθῶς,
504 2077 569 2110 ἔδει,
588 2078 668 2111 σοφὸν
687 2078 734 2104 καὶ
748 2078 852 2106 δίκαιον
867 2080 913 2106 καὶ

122 2123 240 2150 δυνατὸν
255 2123 318 2150 ὅντα
335 2124 406 2150 κατὰ
419 2125 503 2158 φύσιν
517 2124 562 2151 τὺν
576 2124 689 2160 Κύριον,
701 2124 739 2157 ὡς
756 2126 806 2160 μὲν
820 2127 912 2161 σοφὸν,

962 2033 1078 2068 originis
1098 2032 1215 2059 minime
1232 2035 1404 2067 suppeteret.

1004 2080 1185 2108 40.1)οοο1)οι
1207 2080 1289 2115 plane
1315 2087 1347 2106 ac
1374 2087 1424 2114 par
1439 2083 1510 2111 erat.
1529 2079 1690 2111 Dominum,
1710 2079 1759 2113 qui

967 2139 1018 2166 per
1030 2136 1158 2159 naturam
1175 2131 1297 2166 sapiens,
1316 2130 1463 2166 justusque
1476 2137 1508 2157 ac
1521 2133 1620 2165 potens
1633 2130 1758 2162 exsistat,

118 2170 160 2205 μὴ
180 2169 313 2204 ἀγνοῆσαι
332 2170 378 2196 τὸν
393 2169 503 2206 ’τρόπον
523 2170 574 2206 τῆς
593 2172 727 2206 ἰατρείας·
750 2173 787 2205 ὡς
813 2173 908 2200 δίκαιοι

970 2182 1000 2205 ut
1018 2178 1132 2213 quidem
1147 2178 1313 2213 sapientem,
1331 2185 1388 2204 non
1406 2178 1517 2205 nescire
1532 2177 1685 2205 curationis
1698 2185 1759 2204 mo—

114 2216 160 2245 6's,
189 2216 225 2249 μὴ
255 2215 420 2251 τυραννικὴν
444 2216 609 2252 ποιήσασθαι
627 2217 674 2244 τοῦ
695 2218 914 2254 κατειλημμένου

116 2261 196 2288 κατά
212 2260 325 2296 γνώμην
344 2261 397 2287 ὑπὸ
412 2261 462 2297 τῆς
484 2262 621 2297 ἁμαρτίας
636 2262 780 2298 ἀνθρώπου
795 2265 845 2300 τὴν
862 2273 914 2291 σω-

117 2306 222 2341 τηρίαν
234 2315 241 2322 ·
257 2307 295 2338 ὼς
309 2307 337 2333 δὲ
353 2308 443 2334 πάντα
467 2307 626 2343 δυνάμενον,
640 2309 678 2344 μὴ
695 2310 824 2346 ἁτονῆσαι
847 2311 915 2346 πρὸς

117 2353 174 2388 τὴν
190 2353 238 2385 τῆς
259 2354 380 2388 ἰατρείας
395 2355 581 2390 ἐκπλήρωσιν.

161 2402 218 2433 μα’.
239 2399 276 2425 Τὸ
294 2399 344 2434 μὲν
360 2399 441 2434 σοφὸν
457 2400 503 2427 τοῦ
526 2399 604 2433 Θεοῦ,
622 2401 651 2427 ὲν
667 2400 707 2437 τῷ
725 2402 851 2436 γενέσθαι
867 2403 916 2437 φύ-

120 2455 167 2473 σει
191 2447 251 2472 κατ’
270 2445 403 2481 ἀλήθειαν
424 2445 581 2481 ἄνθρωπον,
601 2447 755 2475 δείκνυται·
781 2449 811 2475 τὸ
833 2449 861 2475 δὲ
878 2449 918 2476 δί-

119 2500 214 2524 καιον,
229 2491 257 2518 ἐν
283 2492 322 2526 τῷ
340 2493 370 2518 τὺ
390 2492 511 2528 παθητὸν
533 2492 603 2520 κατὰ
625 2492 675 2528 τὴν
689 2493 798 2527 γένεσιν
815 2495 917 2529 ὁμοίως

118 2540 192 2574 ἡμῖν
208 2538 385 2574 ἀνειληφέναι
402 2538 452 2573 τῆς
466 2538 573 2573 φύσεως
586 2546 592 2553 ·
608 2538 638 2566 τὺ
655 2539 683 2565 δὲ
699 2539 821 2575 δυνατὸν,
837 2541 865 2566 ἐν
878 2539 917 2575 τῷ

970 2225 1058 2252 dum:
1077 2229 1109 2251 ut
1123 2229 1215 2252 autem
1240 2225 1358 2259 justum,
1383 2232 1438 2251 non
1466 2224 1492 2250 vi
1514 2224 1615 2259 palam,
1638 2224 1759 2252 hominis

969 2277 1019 2296 sua
1030 2269 1174 2296 voluntate
1190 2273 1303 2303 peccato
1318 2268 1384 2296 facti
1398 2268 1525 2301 obnoxii,
1554 2269 1671 2296 salutem
1688 2277 1762 2304 pra:-

969 2319 1043 2342 stare
1059 2323 1065 2340 :
1081 2318 1164 2349 atque
1179 2318 1210 2341 ut
1222 2314 1452 2349 omnipotentem,
1464 2314 1626 2348 complenda
1643 2315 1759 2342 sanitate

970 2367 1024 2386 non
1045 2359 1174 2388 deiicere.

1005 2405 1049 2432 41.
1069 2405 1117 2432 Dei
1136 2405 1250 2440 quidem
1273 2405 1408 2440 sapientia
1433 2406 1460 2432 in
1488 2413 1522 2433 eo
1543 2406 1658 2438 elucet,
1686 2407 1759 2442 quod

970 2459 1034 2478 vere
1048 2455 1147 2478 natura
1162 2451 1251 2478 factus
1268 2451 1304 2478 sit
1317 2451 1400 2479 homo
1425 2461 1431 2479 ε
1449 2453 1557 2488 justitia
1570 2460 1638 2480 vero
1651 2474 1657 2486 ,
1686 2454 1759 2488 quod

970 2497 1053 2524 simili
1071 2497 1152 2524 nobis
1167 2498 1275 2525 ratione
1287 2502 1392 2526 naturae
1406 2498 1460 2524 vim
1475 2499 1616 2533 patibilem
1628 2504 1690 2527 ortu
1710 2507 1760 2527 suo

971 2543 1153 2577 assumpserit
1171 2552 1176 2569 :
1197 2544 1319 2577 potentia
1337 2544 1469 2579 denique,
1493 2545 1566 2579 quod
1582 2545 1760 2580 passionibus

161 2610 170 2619 ‘
186 2608 237 2643 Qq.
254 2608 286 2635 ad
303 2607 412 2635 Thalas.
427 2616 454 2643 q.
468 2608 513 2640 61,
528 2608 684 2643 παθούσης*
699 2609 773 2644 quod
788 2613 816 2637 et
830 2610 987 2646 legendum.

163 2665 203 2701 (q)
227 2665 285 2698 Τῆς
304 2663 438 2697 ἀπαθοῦς
453 2665 583 2698 φύσεως.
608 2665 741 2701 Sicrdicta
759 2665 786 2692 in
805 2665 917 2693 Christe

120 2707 244 2742 natura,_
264 2700 359 2742 sicque
382 2704 580 2742 repraesentant
605 2700 914 2742 “codd._atgue‘edita,

119 2736 172 2765 cui
185 2735 302 2770 proinde
313 2734 390 2762 labor
402 2738 484 2770 atque
501 2743 585 2767 mors,
601 2735 693 2768 ἄδικος
702 2734 769 2770 ὁμοῦ
783 2736 830 2763 καὶ
838 2736 916 2763 ἀναί-

121 2769 193 2803 τιοςί
203 2771 286 2798 foret.
306 2770 362 2806 sed
375 2769 442 2806 mihi
458 2770 531 2806 istud
543 2770 640 2797 durius
656 2769 768 2806 zilonge
782 2779 849 2798 vero
865 2779 914 2798 ex-

122 2805 251 2843 peditius
267 2805 342 2843 quod
357 2805 489 2843 habetur,
502 2805 600 2843 Quam.
616 2805 650 2832 ad
661 2805 818 2843 ΤΙιαίίπρὺς
832 2806 915 2843 επαν-

122 2840 248 2878 ὖρθωσιν
273 2841 323 2875 τῆς
343 2840 482 2874 παθούσης
501 2841 608 2879 φύσεως
627 2849 634 2856 ·
655 2841 727 2875 quod
750 2840 778 2870 ct
794 2841 911 2870 reddidi.

294 2888 428 2917 PATHOL.
451 2887 499 2916 Ga
527 2887 587 2916 XC.

971 2668 1017 2706 §ic
1028 2675 1103 2706 certe
1115 2669 1329 2706 totarlaborabat
1339 2673 1448 2700 natura.
1471 2673 1582 2705 totaque
1597 2673 1760 2706 reparanda,

968 2704 1072 2741 Christi
1094 2705 1238 2741 laboribus
1261 2709 1289 2741 et
1309 2708 1397 2741 morte
1411 2713 1476 2741 _non
1500 2704 1606 2741 natura;
1625 2704 1760 2741 ἀπαθοῦς,

969 2740 1043 2774 quod
1058 2748 1110 2768 nec
1121 2740 1186 2776 ipsa»
1197 2739 1238 2767 sic
1255 2740 1381 2776 absolute
1403 2739 1511 2767 dicatur
1527 2740 1630 2768 Christi
1650 2739 1760 2776 natura;

969 2783 1029 2809 quae
1045 2776 1075 2802 τδ
1089 2774 1209 2810 παθητὸν
1224 2775 1315 2802 carnis
1338 2774 1460 2808 haberet,
1479 2777 1658 2810 quantumvis
1689 2774 1760 2807 εδδεῇ

969 2811 1087 2846 ἀπαθὴς,
1106 2810 1179 2846 quod
1193 2810 1227 2837 ad
1240 2810 1335 2838 vilium
1349 2810 1448 2838 attinet
1458 2818 1489 2838 ac
1500 2810 1620 2846 culpam.

1561 2890 1603 2930 ιο
