1946 3074
199 201 231 221 ac
248 197 348 221 morte.
366 189 563 225 sempiternam
585 191 693 215 uaturte
716 185 802 213 vitam
826 183 991 221 impatibiii-
1008 190 1028 215 Α

201 245 340 274 tatemque
359 236 559 264 immutabilem
577 233 744 262 condiderit.

235 295 280 322 42.
300 291 449 328 Sapientia:
471 290 585 326 quidem
601 288 736 317 Dominus
761 287 835 314 clare
851 285 993 320 specimen

199 339 339 371 exhibuit,
357 338 384 365 in
411 337 565 365 curationis
588 335 680 366 modo.
700 334 771 362 citra
793 339 904 360 omnem
930 338 993 357 mu-

200 386 332 414 tationem
348 393 381 412 ac
397 384 440 411 vel
455 383 600 410 minimam
614 381 656 409 sui
670 381 771 413 labem,
784 380 874 407 factus
890 379 991 405 homo:

196 433 312 469 iustitia
328 437 395 459 vero
408 430 594 465 aequalitatem
607 428 744 463 prodidit,
760 427 788 454 in
804 424 993 453 inclinationis

199 479 283 514 inque
296 485 352 505 rem
363 481 486 504 nostram
499 474 679 503 demissionis
694 471 884 508 magnitudine
897 479 905 503 ς
917 478 995 497 nem-

199 533 233 560 pe
244 532 306 559 quas
323 524 352 551 in
367 527 473 550 natura:
491 521 571 557 595
592 524 672 556 parte
696 518 804 555 patibili
825 522 868 545 est
894 520 994 552 sponte

199 571 314 599 subiens
329 569 548 600 damnationem,
564 574 681 602 eamque
696 565 730 593 ad
748 563 915 592 abolendum
928 569 992 597 pec-

199 622 303 649 catum,
320 623 353 644 ac
370 623 432 651 qua:
444 623 477 642 ex
489 614 537 641 illo
551 618 605 645 est,
629 617 759 643 mortem,
783 611 812 638 in
832 617 909 638 arma
932 617 995 636 ver-

200 668 261 691 tens
272 661 460 698 (abolendam,
471 661 593 696 inquam,
602 659 772 693 voluptatem
780 665 828 684 seu
836 655 993 687 libidinem,

201 717 244 741 ac,
266 709 315 744 qui
335 712 449 743 propter
463 714 524 734 eam
551 706 684 737 inolevit,
713 703 847 738 dolorem)
865 711 872 729 ι
891 702 919 729 in
940 709 994 737 qua

200 755 332 783 nimirum
349 754 438 789 (parte
453 753 586 780 nimirum
611 751 731 787 patibili)
757 749 863 785 peccati
882 749 939 780 vis,
962 755 995 774 ac

200 801 300 828 mortis
319 799 489 831 exsistebat;
502 805 546 830 ac,
569 805 631 832 quae
644 797 785 831 voluptate
803 803 852 822 seu
867 793 994 824 libidine,

200 846 307 882 peccati
335 845 461 881 tyrannis
486 844 662 876 concrescit;
685 850 795 870 necnon
816 842 896 877 cujus
916 844 993 868 reatu

200 900 251 928 per
263 891 387 919 dolorem
406 895 488 926 atque
506 898 655 923 aerumnas,
676 889 775 916 mortis
788 893 912 923 potestas
927 895 993 914 con-
1010 879 1031 906 Β

200 936 326 965 valescit.
340 937 423 964 Plane
431 937 510 964 enim
527 935 678 971 voluptatis
691 934 852 968 dolorisque
869 930 995 960 domina-

201 983 240 1010 tio
254 990 286 1010 ac
300 982 397 1014 robur,
412 983 440 1008 in
453 985 560 1008 natura:
572 985 650 1016 parte
672 979 780 1014 patibili
802 978 921 1006 exsistit.
939 977 995 1004 Na-

201 1028 299 1056 turalis
316 1027 419 1063 quippe
437 1026 542 1055 doloris
558 1033 667 1062 paruam
685 1023 880 1051 vehementius
905 1023 996 1050 inten-

200 1082 260 1102 sam
278 1074 422 1109 voluptate
440 1073 524 1100 solari
549 1070 755 1107 quodammodo
779 1069 906 1096 nitimur.
923 1069 994 1096 Dum

201 1127 322 1155 namque
337 1120 484 1147 molestum
498 1117 604 1145 doloris
626 1123 739 1144 sensum
764 1115 891 1150 mitigare
913 1115 995 1141 volu-

203 1172 276 1197 mus,
292 1164 327 1192 ad
343 1164 513 1198 voluptatem
526 1161 703 1196 confugimus
717 1180 724 1192 ,
739 1160 766 1187 id
787 1160 927 1186 enitentes
939 1178 946 1190 ,
968 1162 999 1185 ut

202 1215 330 1238 naturam
353 1209 461 1237 doloris
485 1208 593 1244 flagello
609 1214 788 1242 oppressam,
806 1206 882 1232 illius
899 1204 998 1232 solatio

202 1258 337 1284 levemus.
359 1256 412 1284 Sed
431 1255 497 1283 dum
523 1255 629 1283 doloris
652 1253 766 1281 aculeos
788 1252 940 1287 voluptatis
960 1251 999 1278 le-

202 1303 314 1331 nocinio
327 1302 437 1330 mollire
461 1301 612 1336 satagimus
626 1308 659 1327 ac
677 1298 845 1331 retundere,
870 1298 932 1333 ejus
947 1297 998 1324 ad-

202 1355 314 1376 versum
332 1355 382 1374 nos
398 1346 614 1382 chirographum
626 1345 713 1380 magis
740 1343 950 1375 confirmamus,
983 1343 1031 1378 qui

202 1401 348 1429 queamus.

238 1461 284 1489 45.
299 1460 467 1487 Excellentis
485 1463 577 1486 autem
595 1459 729 1494 potentia:
750 1458 806 1485 vim
826 1458 933 1493 liquido
948 1464 995 1485 os-

204 1506 305 1538 tendit,
324 1505 397 1541 quod
411 1512 460 1540 per
472 1512 505 1532 ea
519 1505 671 1536 contraria,
697 1512 757 1539 qua:
771 1503 830 1538 ipsc
845 1511 995 1538 perpessus

205 1557 259 1582 est.
273 1550 473 1578 immutabilem
496 1554 603 1576 natura:
620 1550 777 1584 genituram
798 1553 946 1584 ortumque
969 1556 1002 1575 ac
1015 1547 1036 1575 C

205 1596 393 1626 substantiam
409 1595 546 1624 condidit.
564 1595 617 1623 Per
634 1595 791 1630 passionem
803 1595 889 1627 enim,
904 1595 1003 1622 immu-

203 1651 255 1672 nes
269 1651 330 1671 esse
345 1651 360 1670 a
374 1643 518 1678 passione;
532 1650 581 1677 per
598 1642 718 1674 labores,
737 1641 933 1669 remissionem
948 1650 955 1674 ;
971 1649 1003 1668 ac

206 1697 256 1725 per
272 1692 403 1719 mortem,
417 1687 615 1722 sempiternam
634 1691 742 1714 natura:
763 1686 889 1714 tribuens
903 1686 1001 1718 vitam,

206 1734 325 1770 pristina
342 1733 476 1761 felicitate
499 1732 639 1766 restituit;
667 1733 769 1768 quibus
790 1733 849 1767 ipse
874 1732 1002 1767 penuriis

206 1782 362 1813 laboravit,
380 1785 486 1808 natura),
497 1780 609 1808 habitus
629 1779 808 1811 instaurans;
829 1785 862 1805 ac
876 1785 930 1812 qua
944 1785 1005 1805 car-

207 1836 271 1857 nem
287 1827 387 1860 induit,
410 1832 516 1854 naturac
535 1825 589 1853 vim
605 1833 715 1852 omnem
739 1827 918 1859 superantem
941 1831 1004 1858 gra-

209 1875 273 1903 tiam
294 1874 333 1909 (id
344 1879 398 1906 est,
411 1870 629 1906 deiﬁcationem)
644 1875 750 1898 natura:
762 1870 870 1898 donans

242 1933 287 1960 M.
307 1932 381 1960 Deus
392 1938 458 1958 vere
470 1930 560 1957 factus
573 1933 616 1957 est
628 1929 721 1961 homo,
732 1928 870 1962 aliamque
885 1925 1001 1954 secundi

209 1982 287 2006 ortus
302 1981 408 2005 natura:
427 1976 503 2004 dedit
521 1975 656 2011 originem
668 1983 676 2008 ς
688 1982 749 2009 qua:
762 1973 868 2001 scilicet
880 1980 895 1999 a
909 1972 1003 1999 labore

209 2027 309 2059 empta,
332 2023 360 2050 in
380 2022 481 2050 futurae
497 2021 560 2048 vita:
578 2021 694 2048 delicias
718 2019 837 2047 desinat.
864 2018 1004 2052 Quemad-

209 2069 322 2096 modum
334 2069 409 2095 enim
425 2067 533 2103 primus
549 2073 650 2101 parens
667 2064 800 2096 Adamus,
817 2062 891 2098 quod
915 2062 1003 2090 divini

210 2115 331 2143 mandati
349 2113 580 2149 transgressione,
597 2112 679 2139 aliam
693 2119 727 2139 ex
746 2111 891 2145 voluptate
917 2116 949 2136 ac
967 2108 1002 2135 li-

209 2161 304 2189 bidine
322 2160 469 2196 originem,
492 2158 640 2193 intcrjccto
655 2157 750 2184 labore
773 2160 856 2191 atque
880 2162 1002 2183 aerumna

210 2208 239 2235 in
257 2210 376 2234 mortem
404 2204 576 2232 desinentem
590 2223 597 2236 ,
623 2207 725 2238 przeter
746 2210 807 2229 eam
828 2209 889 2236 quae
911 2201 1002 2236 primo

209 2252 324 2280 condita
345 2250 451 2282 fuerat,
471 2249 600 2284 sequiore
616 2248 732 2276 consilio
757 2248 920 2279 invexerat;
942 2253 1001 2273 ser-

211 2297 358 2333 pentisque
379 2303 462 2323 suasu
493 2295 685 2330 voluptatem,
712 2300 773 2328 qum
799 2292 931 2320 anteriori
961 2293 1001 2319 la-

211 2343 272 2371 beri
300 2350 355 2370 non
374 2341 537 2369 succederet
552 2360 560 2373 ,
586 2340 633 2368 sed
649 2348 710 2375 qua:
727 2340 784 2374 ipsa
799 2339 892 2374 potius
916 2339 944 2366 in
962 2339 1002 2365 la-

211 2390 307 2416 borem
324 2394 531 2420 terumnamque
546 2386 669 2417 cederet,
685 2385 877 2417 adinvenerat,
904 2391 1002 2411 omnes

211 2441 245 2461 ex
257 2433 317 2468 ipso
330 2440 412 2460 carne
431 2432 469 2459 illi
485 2431 568 2458 simili
581 2434 757 2466 propagatos,
774 2430 810 2457 ob
829 2430 953 2464 iniquam
968 2437 1001 2457 ex

211 2479 353 2514 voluptate
364 2478 511 2513 originem,
528 2478 555 2505 in
570 2477 668 2504 mortis
684 2477 765 2503 linem
786 2484 818 2504 ac
831 2475 1002 2504 intcritionis

213 2532 306 2552 secum
319 2524 422 2559 pariter
436 2524 510 2559 justc
523 2523 650 2551 trahebat
662 2531 669 2548 :
687 2522 727 2549 sic
739 2529 850 2557 quoque
870 2521 1005 2549 Dominus

213 2571 302 2598 factus
328 2570 430 2602 homo,
455 2570 594 2604 aliamque
619 2569 734 2596 secumli
765 2573 845 2595 ortus
868 2568 1004 2603 originem

214 2615 296 2651 596
305 2623 339 2643 ex
351 2615 456 2650 Spiritu
472 2620 569 2642 sancto
581 2619 689 2641 natura:
704 2613 866 2645 fabricatus,
882 2612 1006 2649 justissi-

215 2669 343 2696 mamque
372 2660 470 2688 Adami
497 2668 547 2695 per
576 2660 720 2692 laborem,
747 2664 829 2693 atque
853 2665 1005 2686 :erumnam

215 2711 331 2734 mortem
346 2707 502 2741 suscipiens
526 2706 565 2741 (in
588 2714 622 2734 eo
648 2707 744 2742 utique
769 2706 980 2741 iniustissimam
996 2725 1004 2738 ,

215 2753 260 2780 cui
273 2753 380 2781 scilicet
390 2753 496 2788 proprii
508 2756 586 2780 ortus
598 2753 676 2788 origo
687 2752 861 2787 iniquissima
878 2759 911 2778 ex
923 2751 1005 2786 primi

217 2799 338 2831 parentis
361 2799 581 2834 transgressione
602 2797 741 2834 deesset),
763 2797 899 2825 utrumvis
916 2801 1006 2824 extre-

217 2851 304 2875 mum.
330 2849 387 2871 tum
412 2851 510 2875 nempe
527 2843 671 2878 originem,
697 2848 754 2870 tum
787 2843 867 2870 tinent
891 2841 1004 2868 humani

785 129 815 158 S.
834 126 978 158 MAXI‘MI
996 124 1256 156 ‘CONF‘ESSORIS

1764 123 1839 155 4326

1043 183 1088 209 διὰ
1106 182 1279 217 παθημάτων
1295 179 1342 207 καὶ
1358 179 1488 213 θανάτου,
1505 179 1578 215 ζωὴν
1598 167 1689 207 ηάἳδιον
1704 181 1737 216 τῇ
1757 182 1839 216 φύσει

1045 227 1250 265 δημιουργῆσαι
1271 229 1318 255 καὶ
1330 227 1466 255 ἀπάθειαν
1477 227 1623 264 ἄτρεπτον.

1081 286 1137 321 μβ’.
1159 286 1211 312 Τὸν
1232 285 1282 322 μὲν
1295 286 1346 320 τῆς
1361 287 1457 320 σοφίας
1475 285 1565 319 λόγον,
1581 285 1610 312 ὲν
1627 284 1666 320 τῷ
1680 286 1774 321 τρόπῳ
1789 282 1841 318 τῆς

1047 332 1181 368 ἰατρείας,
1197 332 1315 368 φανερὸν
1336 333 1350 357 ὁ
1369 331 1471 367 Κύριος
1491 331 1616 366 ἐποίησε,
1633 331 1718 366 χωρὶς
1735 332 1841 367 τροπῆς

1046 379 1093 404 καὶ
1109 380 1159 414 τῆς
1174 378 1284 406 οῑασοῦν
1311 377 1492 409 ἀλλοιώσεως,
1513 377 1659 412 γενόμενος
1673 377 1821 412 ἄνθρωπος
1834 384 1840 390 ’

1045 426 1095 460 τὴν
1115 425 1226 459 ἰσότητα
1243 423 1271 451 δὲ
1294 425 1343 459 τῆς
1360 423 1544 458 δικαιοσύνης,
1562 424 1591 449 ὲν
1604 422 1644 458 τῷ
1663 423 1775 458 μεγέθει
1793 424 1843 458 τῆς

1047 470 1279 505 συγκαταόάσεως
1294 469 1390 501 ἔδειξε,
1407 469 1436 496 τὸ
1451 470 1481 496 ὲν
1496 470 1534 504 τῷ
1551 468 1666 504 παθητῷ
1682 469 1845 503 κατάκριμα.

1047 517 1098 552 τῆς
1113 517 1231 551 φύσεως,
1246 516 1317 542 κατὰ
1334 516 1444 551 θέλησιν
1466 515 1576 547 ὑποδὺς,
1597 516 1708 542 κάκεῖνο
1724 515 1845 550 ποιήσας

1045 562 1128 590 ὁπλον
1152 563 1223 599 πρὸς
1240 563 1292 598 τὴν
1306 563 1356 598 τῆς
1372 563 1510 598 ἁμαρτίας
1527 561 1668 596 ἀναέρεσιν
1685 561 1733 587 καὶ
1751 561 1798 587 τοῦ
1811 560 1846 586 δι’

1046 610 1131 645 αὐτὴν
1143 609 1275 642 Θανάτου,
1292 609 1417 636 τουτέστι
1433 610 1483 643 τῆς
1500 608 1598 643 ἡδονῆς
1616 608 1664 634 καὶ
1678 607 1728 642 τῆς
1747 607 1781 633 δι’
1796 607 1847 633 αὑ-

1045 657 1095 693 τὴν
1112 656 1221 692 ὀδύνης,
1239 657 1268 683 ὲν
1283 652 1306 690 ᾧ
1318 656 1369 690 τῆς
1390 656 1530 692 ἁμαρτίας
1544 655 1651 690 ὑπῆρχε
1669 654 1717 680 καὶ
1732 653 1781 679 τοῦ
1798 653 1849 680 θα,-

1046 702 1127 728 νάτου
1141 701 1172 728 τὸ
1190 702 1300 737 κράτος,
1317 701 1365 727 καὶ
1380 701 1397 736 ἡ
1415 701 1485 727 κατὰ
1499 700 1549 736 τὴν
1564 700 1661 736 ἡδονὴν
1685 700 1735 735 τῆς
1751 699 1847 734 ἁμαρ-

1045 749 1108 781 τίας
1124 749 1266 784 τυραννὶς,
1284 747 1332 775 καὶ
1350 749 1367 783 ἡ
1383 747 1416 773 δι’
1432 747 1518 782 αὐτὴν
1534 747 1606 773 κατὰ
1621 747 1671 782 τὴν
1684 746 1783 781 ὀδύνην
1797 745 1847 772 τοῦ

1046 795 1164 822 θανάτου
1182 795 1338 822 δυναστεία.
1363 794 1407 820 Ἐν
1422 793 1479 829 γὰρ
1501 794 1541 828 τῷ
1563 793 1679 828 παθητῷ
1701 793 1848 828 προδήλως

1047 841 1166 876 ὑπάρχει
1185 841 1235 876 τῆς
1251 841 1371 875 φύσεως,
1391 841 1422 867 τὸ
1441 841 1491 876 τῆς
1505 839 1604 876 ἡδονῆς
1621 839 1722 875 κράτος
1743 840 1793 866 καὶ
1816 840 1849 866 τὸ

1045 887 1096 922 τῆς
1109 886 1218 922 ὀδύνης.
1239 886 1294 913 Καὶ
1309 886 1364 921 γάρ
1383 895 1442 918 πως
1459 885 1510 920 τῆς
1525 885 1621 920 ὀδύνης
1640 885 1722 912 πλέον
1732 885 1764 911 τὸ
1775 887 1849 911 κατὰ

1048 931 1130 966 φύσιν
1147 932 1351 968 ἐπιτεινόμενον
1373 932 1534 968 πρόστιμον,
1551 931 1595 959 διὰ
1611 932 1662 966 τῆς
1682 931 1783 968 ἡδονῆς
1799 931 1850 958 αὖ·

1047 978 1098 1014 τὴν
1112 978 1336 1014 παραμυθεῖσθαι
1357 977 1560 1013 σπουδάζομεν*
1577 978 1702 1010 θέλοντες
1720 978 1776 1013 γὰρ
1800 979 1851 1005 ἑκ-

1049 1025 1146 1059 φυγεῖν
1159 1024 1209 1060 τὴν
1224 1024 1294 1051 κατὰ
1305 1024 1355 1060 τὴν
1368 1024 1465 1060 ὀδύνην
1476 1024 1605 1051 ἐπίπονον
1619 1024 1758 1060 αἴσθησιν,
1777 1024 1849 1059 πρὶς

1048 1070 1099 1105 τὴν
1123 1070 1220 1106 ἡδονὴν
1240 1071 1464 1106 καταφεύγομεν,
1479 1071 1518 1106 τῷ
1534 1071 1585 1106 τῆς
1602 1070 1700 1106 ὀδύνης
1721 1070 1849 1105 αἰκισμῷ

1050 1117 1216 1152 πιεζομένην
1237 1116 1286 1152 τὴν
1318 1117 1410 1151 φύσιν,
1439 1117 1644 1153 ἐπιχειροῦντες
1671 1115 1849 1152 παραμυθεῖ-

1051 1163 1124 1190 σθαι.
1144 1164 1313 1196 Σπεύδοντες
1332 1164 1360 1191 δὲ
1383 1164 1428 1191 διὰ
1449 1164 1501 1197 τῆς
1521 1163 1619 1200 ἡδονῆς
1635 1163 1669 1190 τὰ
1681 1164 1732 1198 τῆς
1747 1164 1849 1198 ὀδύνης

1048 1209 1186 1245 ἀμϐλῦναι
1211 1210 1362 1245 κινήματα,
1389 1209 1471 1237 πλέον
1498 1210 1584 1245 αὐτῆς
1607 1210 1638 1236 τὸ
1664 1210 1725 1236 xzt)‘
1740 1210 1849 1235 ἑαυτῶν

1048 1255 1234 1290 ἐπικυροῠμεν
1253 1255 1448 1292 χειρόγραφον,
1470 1255 1566 1290 ὸδύνης
1590 1255 1638 1282 καὶ
1664 1256 1754 1282 πόνων
1773 1255 1850 1290 ἔχειν

1048 1299 1098 1335 τὴν
1112 1300 1211 1336 ἡδονὴν
1223 1300 1429 1337 ἀπολελυμένην
1444 1301 1475 1327 οὐ
1490 1301 1648 1337 δυνάμενοι.

1051 1346 1192 1381 voluptate
1209 1366 1217 1379 ,
1244 1346 1342 1374 dolore
1370 1355 1404 1374 ac
1430 1347 1573 1375 laboribus
1601 1347 1692 1375 soluta
1713 1346 1769 1374 frui
1793 1354 1846 1374 nc-

1085 1458 1141 1493 μγ’.
1157 1459 1211 1494 Τὴν
1227 1459 1256 1486 δὲ
1282 1460 1331 1495 τῆς
1353 1459 1578 1496 ὑπερϐαλλούσης
1604 1461 1748 1496 δυνάμεως
1769 1463 1851 1498 ἰσχὺν

1048 1504 1127 1541 δῆλον
1146 1505 1310 1540 κατέστησε,
1335 1505 1389 1532 τῶν
1406 1504 1447 1537 οἷς
1468 1505 1549 1538 αὐτὸς
1569 1507 1687 1542 ἔπασχεν
1704 1508 1849 1539 ἐναντίων,

1054 1551 1211 1586 ὑποστήσας
1224 1552 1257 1586 τῇ
1272 1551 1353 1586 φύσει
1367 1551 1417 1587 τὴν
1428 1552 1537 1586 γένεσιν
1551 1552 1688 1588 ἄτρεπτον
1705 1561 1713 1569 ·
1733 1553 1778 1580 διὰ
1796 1555 1852 1581 πά-

1055 1596 1118 1627 θους
1133 1597 1189 1632 γὰρ
1203 1597 1253 1632 τὴν
1266 1597 1412 1628 ἀπάθειαν,
1429 1598 1477 1624 καὶ
1498 1598 1543 1624 διὰ
1568 1599 1656 1625 πόνων
1676 1600 1725 1633 τὴν
1743 1600 1851 1633 ἄνεσιν,

1055 1643 1102 1669 καὶ
1115 1643 1160 1670 διὰ
1188 1642 1305 1670 Θανάτου
1329 1644 1379 1679 τὴν
1400 1644 1488 1671 ὰῖδιον
1507 1644 1580 1679 ζωὴν
1605 1647 1638 1681 τῇ
1664 1646 1745 1680 φύσει
1774 1647 1851 1680 δοὺς,

1055 1689 1137 1715 πάλιν
1159 1689 1367 1722 ἀποκατέστησε
1382 1699 1388 1706 υ
1414 1692 1474 1721 ταῖς
1497 1690 1599 1717 ἑαυτοῦ
1629 1693 1854 1727 καταστερήσεσι

1054 1735 1104 1766 τὰς
1114 1734 1185 1768 ἕξεις
1200 1735 1379 1767 ἅνακαινίσας
1396 1736 1445 1771 τῆς
1457 1736 1576 1770 φύσεως,
1593 1737 1640 1763 καὶ
1654 1737 1698 1764 διὰ
1713 1739 1764 1773 τῆς
1782 1738 1854 1770 ιδίας

1055 1780 1233 1817 σαρκώσεως,
1253 1782 1302 1816 τὴν
1323 1782 1395 1817 ὑπὲρ
1409 1783 1490 1817 φύσιν
1510 1783 1592 1818 χάριν
1603 1783 1803 1819 δωρησάμενος
1817 1787 1852 1821 τῇ

1055 1825 1146 1860 φύσει,
1162 1825 1212 1861 τὴν
1225 1825 1332 1852 θέωσιν.

1092 1913 1144 1950 μδ’.
1160 1915 1277 1949 Γέγονεν
1288 1916 1302 1942 ὁ
1315 1916 1382 1948 Θεὸς
1402 1918 1462 1943 κατ’
1479 1917 1609 1953 ἀλήθειαν
1625 1919 1780 1954 ἄνθρωπος,
1803 1921 1855 1948 καὶ

1054 1960 1169 1988 δέδωκεν
1182 1961 1266 1997 ἄλλην
1280 1962 1369 1998 ἀρχὴν
1383 1964 1416 1999 τῇ
1441 1963 1522 1998 φύσει
1547 1964 1675 2000 δευτέρας
1704 1966 1851 1999 γενέσεως,

1053 2006 1098 2033 διὰ
1118 2007 1201 2034 πόνου
1223 2008 1293 2043 πρὸς
1305 2008 1403 2044 ἡδονὴν
1419 2009 1570 2045 μελλούσης
1586 2011 1659 2046 ζωῆς
1675 2012 1853 2048 καταλήγου-

1057 2059 1118 2078 σαν.
1138 2051 1182 2084 Ὦς
1199 2053 1253 2088 γὰρ
1278 2052 1364 2088 Ἀδὰμ
1380 2053 1394 2079 ὁ
1410 2054 1563 2088 προπάτωρ
1579 2054 1628 2090 τὴν
1643 2055 1718 2082 θείαν
1739 2057 1853 2091 ἐντολὴν

1057 2098 1196 2133 παραϐὰς,
1222 2098 1305 2134 ἄλλην
1333 2099 1421 2134 ἀρχὴν
1451 2100 1596 2133 γενέσεως,
1623 2100 1652 2133 ἐξ
1676 2101 1776 2137 ἡδονῆς
1801 2103 1853 2135 μὲν

1058 2145 1271 2180 συνισταμένην,
1285 2146 1326 2177 εις
1338 2146 1367 2172 δὲ
1381 2147 1427 2173 τὸν
1449 2147 1493 2174 διὰ
1509 2147 1592 2174 πόνου
1620 2148 1736 2174 θάνατον
1758 2149 1854 2176 τελευ-

1056 2191 1147 2218 τῶσαν
1159 2191 1192 2226 τῇ
1208 2191 1288 2226 φύσει
1300 2193 1377 2227 παρὰ
1393 2193 1443 2228 τὴν
1459 2193 1571 2228 πρώτην
1586 2195 1791 2230 παρεισήγαγε,
1805 2196 1854 2222 καὶ

1056 2236 1188 2272 ἐπενόησε
1204 2237 1276 2264 κατὰ
1290 2238 1340 2273 τὴν
1355 2239 1512 2274 συμῆουλὴν
1523 2239 1570 2266 τοῦ
1585 2240 1674 2274 ὄφεως
1689 2240 1786 2276 ἡδονὴν
1801 2242 1854 2268 οὐχ

1055 2282 1138 2310 οὖσαν
1159 2283 1343 2319 προλαϐόντος
1364 2285 1445 2312 πόνου
1463 2286 1596 2321 διάδοχον,
1611 2287 1679 2313 ἀλλὰ
1698 2287 1801 2321 μᾶλλον
1812 2290 1854 2319 εἰς

1054 2329 1100 2355 τὸν
1113 2329 1192 2356 πόνον
1207 2331 1420 2366 περαιουμένην,
1434 2332 1537 2362 πάντας
1549 2332 1612 2364 τοὺς
1627 2332 1657 2364 ὲξ
1668 2332 1749 2359 αὑτοῦ
1770 2333 1856 2369 σαρκὶ

1055 2375 1218 2410 γενομένους
1231 2376 1290 2402 κατ’
1303 2376 1395 2409 αὑτὸν,
1408 2376 1453 2403 διὰ
1464 2377 1512 2412 τὴν
1526 2377 1555 2410 ἐξ
1575 2378 1673 2413 ἡδονῆς
1692 2378 1788 2406 ἄδικον
1805 2381 1856 2416 ἀρε

1056 2422 1118 2456 χὴν,
1141 2419 1199 2456 εἶχε
1227 2422 1468 2457 συνυπαγομένους
1490 2423 1565 2459 αὐτῷ
1585 2424 1708 2457 δικαίως,
1728 2425 1799 2461 πρὸς
1826 2427 1857 2453 τὸ

1056 2468 1100 2494 διὰ
1116 2468 1198 2494 πόνου
1212 2467 1283 2494 κατὰ
1299 2467 1344 2495 τὸν
1360 2468 1475 2495 Θάνατον
1490 2469 1568 2501 τέλος
1579 2477 1586 2484 ε
1603 2468 1676 2496 οὕτω
1689 2470 1736 2496 καὶ
1757 2472 1772 2496 δ
1797 2471 1856 2497 Κύ-

1058 2524 1113 2551 ριος
1130 2516 1275 2551 γενόμενος
1289 2514 1443 2550 ἄνθρωπος.
1456 2516 1504 2542 καὶ
1517 2515 1602 2551 ἄλλην
1619 2517 1708 2552 ἀρχὴν
1723 2517 1858 2552 δευτέρας

1057 2563 1190 2597 γενέσεως
1202 2564 1234 2589 ὲκ
1249 2563 1408 2597 Πνεύματος
1426 2562 1507 2596 άγίου
1530 2563 1564 2598 τῇ
1582 2563 1664 2597 φύσει
1682 2563 1859 2600 δημιουργὴ-

1058 2616 1117 2640 aug,
1131 2608 1178 2634 καὶ
1193 2608 1239 2634 τὸν
1254 2607 1298 2634 διὰ
1316 2607 1398 2634 πόνου
1413 2607 1460 2634 τοῦ
1479 2607 1565 2642 ’Λδὰμ
1579 2607 1752 2634 δικαιότατον
1767 2616 1859 2634 κατα-

1059 2653 1204 2689 δεξάμενος
1229 2653 1354 2686 Οὰνατον,
1372 2654 1402 2680 ἐν
1424 2653 1500 2689 αὐτῷ
1515 2653 1617 2688 δηλαδὴ
1636 2653 1785 2688 γενόμενον
1799 2653 1860 2680 ἁδι-

1060 2700 1191 2732 κώτατον,
1214 2701 1252 2732 ὡς
1277 2700 1326 2727 οὐκ
1352 2699 1451 2734 ἔχοντα
1463 2700 1513 2734 τῆς
1529 2699 1596 2730 ἰδίας
1616 2698 1751 2732 γενέσεως
1767 2699 1860 2734 ἀρχὴν

1059 2747 1108 2783 τὴν
1122 2747 1154 2774 ὲκ
1164 2747 1306 2782 παρακοῆς
1321 2746 1494 2781 ἀδικωτάτην
1506 2745 1552 2772 τοῦ
1564 2745 1737 2780 προπάτορος
1748 2744 1859 2781 ἡδονὴν,

1059 2793 1224 2829 ἀμφοτέρων
1236 2792 1290 2820 τῶν
1302 2792 1408 2828 ἄκρων.
1426 2793 1512 2827 ἀρχῆς
1541 2801 1571 2818 τε
1597 2791 1670 2825 λέγω
1685 2792 1733 2817 καὶ
1760 2790 1858 2818 τέλους

1059 2841 1109 2875 τῆς
1132 2840 1203 2867 κατὰ
1225 2839 1270 2867 τὸν
1301 2839 1390 2873 Ἀδὰμ
1412 2838 1585 2874 ἀνθρωπίνης
1601 2837 1745 2873 γενέσεως,
1763 2833 1807 2863 οἷα
1823 2835 1859 2871 δὴ
