  <div class='ocr_page' id='page_1' title='image "/cluster/home/n/w/nwhite01/storage/ocr_20150623/90/njp.32101077772828/680.png"; bbox 0 0 1916 3076; ppageno 0'>
   <div class='ocr_carea' id='block_1_1' title="bbox 79 168 148 200">
    <p class='ocr_par' dir='ltr' id='par_1_1' title="bbox 79 168 148 200">
     <span class='ocr_line' id='line_1_1' title="bbox 79 168 148 200; baseline 0.014 -1"><span class='ocrx_word' id='word_1_1' title='bbox 79 168 148 200; x_wconf 76' lang='grc'><strong>1325</strong></span> 
     </span>
    </p>
   </div>
   <div class='ocr_carea' id='block_1_2' title="bbox 424 169 1382 212">
    <p class='ocr_par' dir='ltr' id='par_1_2' title="bbox 424 169 1382 212">
     <span class='ocr_line' id='line_1_2' title="bbox 424 169 1382 212; baseline 0.014 -13"><span class='ocrx_word' id='word_1_2' title='bbox 424 169 591 201; x_wconf 82' lang='lat' dir='ltr'><strong>CAPITUM</strong></span> <span class='ocrx_word' id='word_1_3' title='bbox 610 171 821 207; x_wconf 76' lang='lat' dir='ltr'><strong>QUINQUIES</strong></span> <span class='ocrx_word' id='word_1_4' title='bbox 840 173 1098 206; x_wconf 77' lang='lat' dir='ltr'><strong>CENTEN‘ORUM</strong></span> <span class='ocrx_word' id='word_1_5' title='bbox 1119 178 1314 211; x_wconf 77' lang='lat' dir='ltr'><strong>CEN&#39;I‘UBIA</strong></span> <span class='ocrx_word' id='word_1_6' title='bbox 1333 182 1382 212; x_wconf 88' lang='lat' dir='ltr'><strong>IV.</strong></span> 
     </span>
    </p>
   </div>
   <div class='ocr_carea' id='block_1_3' title="bbox 1643 185 1711 219">
    <p class='ocr_par' dir='ltr' id='par_1_3' title="bbox 1643 185 1711 219">
     <span class='ocr_line' id='line_1_3' title="bbox 1643 185 1711 219; baseline 0.044 -2"><span class='ocrx_word' id='word_1_7' title='bbox 1643 185 1711 219; x_wconf 73' lang='lat'><strong>1326</strong></span> 
     </span>
    </p>
   </div>
   <div class='ocr_carea' id='block_1_4' title="bbox 76 223 857 276">
    <p class='ocr_par' dir='ltr' id='par_1_4' title="bbox 76 223 857 276">
     <span class='ocr_line' id='line_1_4' title="bbox 76 223 857 276; baseline 0.005 -25"><span class='ocrx_word' id='word_1_8' title='bbox 76 223 293 260; x_wconf 77' lang='grc' dir='ltr'><strong>προηγουμένως</strong></span> <span class='ocrx_word' id='word_1_9' title='bbox 318 224 368 250; x_wconf 83' lang='grc' dir='ltr'>οὐκ</span> <span class='ocrx_word' id='word_1_10' title='bbox 391 224 475 252; x_wconf 76' lang='grc' dir='ltr'>ὅντων</span> <span class='ocrx_word' id='word_1_11' title='bbox 492 227 523 252; x_wconf 81' lang='grc' dir='ltr'>ἐκ</span> <span class='ocrx_word' id='word_1_12' title='bbox 540 226 587 253; x_wconf 76' lang='grc' dir='ltr'><strong>τοῦ</strong></span> <span class='ocrx_word' id='word_1_13' title='bbox 602 227 857 276; x_wconf 56' lang='lat' dir='ltr'><strong>@soﬁ,_1&quot;r;v§tvatips</strong></span> 
     </span>
    </p>
   </div>
   <div class='ocr_carea' id='block_1_5' title="bbox 913 223 1711 276">
    <p class='ocr_par' dir='ltr' id='par_1_5' title="bbox 920 234 1711 276">
     <span class='ocr_line' id='line_1_5' title="bbox 920 234 1711 276; baseline 0.019 -20"><span class='ocrx_word' id='word_1_14' title='bbox 920 234 998 258; x_wconf 87' lang='lat' dir='ltr'><strong>ortus</strong></span> <span class='ocrx_word' id='word_1_15' title='bbox 1015 239 1065 266; x_wconf 88' lang='lat' dir='ltr'><strong>pro</strong></span> <span class='ocrx_word' id='word_1_16' title='bbox 1078 235 1138 268; x_wconf 71' lang='lat' dir='ltr'><strong>ejus</strong></span> <span class='ocrx_word' id='word_1_17' title='bbox 1149 234 1238 268; x_wconf 82' lang='lat' dir='ltr'><strong>ipsius</strong></span> <span class='ocrx_word' id='word_1_18' title='bbox 1251 236 1359 264; x_wconf 75' lang='lat' dir='ltr'><strong>ratione</strong></span> <span class='ocrx_word' id='word_1_19' title='bbox 1374 236 1505 271; x_wconf 88' lang='lat' dir='ltr'><strong>sustulit;</strong></span> <span class='ocrx_word' id='word_1_20' title='bbox 1527 243 1558 266; x_wconf 88' lang='lat' dir='ltr'><strong>ut</strong></span> <span class='ocrx_word' id='word_1_21' title='bbox 1579 248 1642 276; x_wconf 69' lang='lat' dir='ltr'><strong>qua:</strong></span> <span class='ocrx_word' id='word_1_22' title='bbox 1655 251 1711 272; x_wconf 66' lang='lat' dir='ltr'><strong>non</strong></span> 
     </span>
    </p>
   </div>
   <div class='ocr_carea' id='block_1_6' title="bbox 77 270 866 308">
    <p class='ocr_par' dir='ltr' id='par_1_6' title="bbox 77 270 866 308">
     <span class='ocr_line' id='line_1_6' title="bbox 77 270 866 308; baseline 0.005 -12"><span class='ocrx_word' id='word_1_23' title='bbox 77 279 118 297; x_wconf 88' lang='grc' dir='ltr'><strong>σιν</strong></span> <span class='ocrx_word' id='word_1_24' title='bbox 139 270 297 305; x_wconf 80' lang='grc' dir='ltr'>ἐποιήσατο,</span> <span class='ocrx_word' id='word_1_25' title='bbox 315 270 363 296; x_wconf 69' lang='grc' dir='ltr'>καὶ</span> <span class='ocrx_word' id='word_1_26' title='bbox 379 271 483 303; x_wconf 76' lang='grc' dir='ltr'>πάντας</span> <span class='ocrx_word' id='word_1_27' title='bbox 503 273 565 303; x_wconf 74' lang='grc' dir='ltr'>τοὺς</span> <span class='ocrx_word' id='word_1_28' title='bbox 582 273 722 308; x_wconf 79' lang='grc' dir='ltr'><strong>μυστικῶς</strong></span> <span class='ocrx_word' id='word_1_29' title='bbox 738 273 768 306; x_wconf 82' lang='grc' dir='ltr'>ἐξ</span> <span class='ocrx_word' id='word_1_30' title='bbox 784 274 866 300; x_wconf 72' lang='grc' dir='ltr'>αὐτοῦ</span> 
     </span>
    </p>
   </div>
   <div class='ocr_carea' id='block_1_7' title="bbox 76 313 866 353">
    <p class='ocr_par' dir='ltr' id='par_1_7' title="bbox 76 313 866 353">
     <span class='ocr_line' id='line_1_7' title="bbox 76 313 866 353; baseline 0.006 -14"><span class='ocrx_word' id='word_1_31' title='bbox 76 313 326 348; x_wconf 78' lang='grc' dir='ltr'>ἀναγεννωμένους,</span> <span class='ocrx_word' id='word_1_32' title='bbox 345 314 395 349; x_wconf 81' lang='grc' dir='ltr'><strong>τῆς</strong></span> <span class='ocrx_word' id='word_1_33' title='bbox 412 314 454 341; x_wconf 72' lang='grc' dir='ltr'><strong>ἐπ’</strong></span> <span class='ocrx_word' id='word_1_34' title='bbox 484 316 569 350; x_wconf 78' lang='grc' dir='ltr'>αὐτῆς</span> <span class='ocrx_word' id='word_1_35' title='bbox 595 317 691 352; x_wconf 78' lang='grc' dir='ltr'>ἑνοχῆς</span> <span class='ocrx_word' id='word_1_36' title='bbox 707 317 866 353; x_wconf 79' lang='grc' dir='ltr'>ἐλευθέρους</span> 
     </span>
    </p>
   </div>
   <div class='ocr_carea' id='block_1_8' title="bbox 75 361 236 395">
    <p class='ocr_par' dir='ltr' id='par_1_8' title="bbox 75 361 236 395">
     <span class='ocr_line' id='line_1_8' title="bbox 75 361 236 395; baseline -0.006 -8"><span class='ocrx_word' id='word_1_37' title='bbox 75 361 236 395; x_wconf 76' lang='grc' dir='ltr'>κατέστησε.</span> 
     </span>
    </p>
   </div>
   <div class='ocr_carea' id='block_1_9' title="bbox 110 406 867 446">
    <p class='ocr_par' dir='ltr' id='par_1_9' title="bbox 110 406 867 446">
     <span class='ocr_line' id='line_1_9' title="bbox 110 406 867 446; baseline 0.007 -13"><span class='ocrx_word' id='word_1_38' title='bbox 110 406 162 442; x_wconf 85' lang='grc' dir='ltr'>με’.</span> <span class='ocrx_word' id='word_1_39' title='bbox 175 407 231 442; x_wconf 82' lang='grc' dir='ltr'><strong>Τὴν</strong></span> <span class='ocrx_word' id='word_1_40' title='bbox 246 407 278 433; x_wconf 83' lang='grc' dir='ltr'>ὲκ</span> <span class='ocrx_word' id='word_1_41' title='bbox 290 407 337 433; x_wconf 72' lang='grc' dir='ltr'><strong>τοῦ</strong></span> <span class='ocrx_word' id='word_1_42' title='bbox 365 407 447 442; x_wconf 84' lang='grc' dir='ltr'>νόμου</span> <span class='ocrx_word' id='word_1_43' title='bbox 474 409 526 443; x_wconf 78' lang='grc' dir='ltr'>τῆς</span> <span class='ocrx_word' id='word_1_44' title='bbox 548 409 686 444; x_wconf 78' lang='grc' dir='ltr'>ἁμαρτίας</span> <span class='ocrx_word' id='word_1_45' title='bbox 709 411 805 446; x_wconf 73' lang='grc' dir='ltr'>ἡδονὴν</span> <span class='ocrx_word' id='word_1_46' title='bbox 827 413 867 442; x_wconf 84' lang='grc' dir='ltr'>εἰς</span> 
     </span>
    </p>
   </div>
   <div class='ocr_carea' id='block_1_10' title="bbox 73 453 866 493">
    <p class='ocr_par' dir='ltr' id='par_1_10' title="bbox 73 453 866 493">
     <span class='ocr_line' id='line_1_10' title="bbox 73 453 866 493; baseline 0.008 -14"><span class='ocrx_word' id='word_1_47' title='bbox 73 453 202 488; x_wconf 81' lang='grc' dir='ltr'><strong>ἀθέτησιν</strong></span> <span class='ocrx_word' id='word_1_48' title='bbox 229 453 279 488; x_wconf 80' lang='grc' dir='ltr'>τῆς</span> <span class='ocrx_word' id='word_1_49' title='bbox 306 454 377 481; x_wconf 73' lang='grc' dir='ltr'>κατὰ</span> <span class='ocrx_word' id='word_1_50' title='bbox 402 455 492 490; x_wconf 84' lang='grc' dir='ltr'>σάρκα</span> <span class='ocrx_word' id='word_1_51' title='bbox 510 457 664 491; x_wconf 79' lang='grc' dir='ltr'><strong>γεννήσεως</strong></span> <span class='ocrx_word' id='word_1_52' title='bbox 681 457 779 484; x_wconf 60' lang='grc' dir='ltr'>τῶνῒν</span> <span class='ocrx_word' id='word_1_53' title='bbox 792 458 866 493; x_wconf 84' lang='grc' dir='ltr'>αὑτῷ</span> 
     </span>
    </p>
   </div>
   <div class='ocr_carea' id='block_1_11' title="bbox 73 499 866 538">
    <p class='ocr_par' dir='ltr' id='par_1_11' title="bbox 73 499 866 538">
     <span class='ocr_line' id='line_1_11' title="bbox 73 499 866 538; baseline 0.006 -13"><span class='ocrx_word' id='word_1_54' title='bbox 73 499 167 534; x_wconf 78' lang='grc' dir='ltr'>χάριτι</span> <span class='ocrx_word' id='word_1_55' title='bbox 178 499 222 526; x_wconf 72' lang='grc' dir='ltr'>διὰ</span> <span class='ocrx_word' id='word_1_56' title='bbox 233 499 392 535; x_wconf 59' lang='lat' dir='ltr'><strong>Ili/stipato;</strong></span> <span class='ocrx_word' id='word_1_57' title='bbox 410 501 590 536; x_wconf 80' lang='grc' dir='ltr'><strong>γεννωμένων</strong></span> <span class='ocrx_word' id='word_1_58' title='bbox 612 503 627 529; x_wconf 82' lang='grc' dir='ltr'><strong><em>ὁ</em></strong></span> <span class='ocrx_word' id='word_1_59' title='bbox 645 503 747 538; x_wconf 85' lang='grc' dir='ltr'>Κύριος</span> <span class='ocrx_word' id='word_1_60' title='bbox 766 503 866 538; x_wconf 82' lang='grc' dir='ltr'>ἀφελό-</span> 
     </span>
    </p>
   </div>
   <div class='ocr_carea' id='block_1_12' title="bbox 74 545 865 584">
    <p class='ocr_par' dir='ltr' id='par_1_12' title="bbox 74 545 865 584">
     <span class='ocr_line' id='line_1_12' title="bbox 74 545 865 584; baseline 0.009 -14"><span class='ocrx_word' id='word_1_61' title='bbox 74 554 167 579; x_wconf 86' lang='grc' dir='ltr'>μενος,</span> <span class='ocrx_word' id='word_1_62' title='bbox 186 545 231 582; x_wconf 68' lang='grc' dir='ltr'><strong>τὸν</strong></span> <span class='ocrx_word' id='word_1_63' title='bbox 248 547 287 577; x_wconf 83' lang='grc' dir='ltr'>εἰς</span> <span class='ocrx_word' id='word_1_64' title='bbox 301 546 451 582; x_wconf 76' lang='grc' dir='ltr'><strong>καταδίκην</strong></span> <span class='ocrx_word' id='word_1_65' title='bbox 468 547 498 573; x_wconf 73' lang='grc' dir='ltr'>τὺ</span> <span class='ocrx_word' id='word_1_66' title='bbox 514 548 646 584; x_wconf 86' lang='grc' dir='ltr'>πρότερον</span> <span class='ocrx_word' id='word_1_67' title='bbox 663 549 728 576; x_wconf 77' lang='grc' dir='ltr'>ὄντα</span> <span class='ocrx_word' id='word_1_68' title='bbox 747 549 796 584; x_wconf 81' lang='grc' dir='ltr'><strong>τῆς</strong></span> <span class='ocrx_word' id='word_1_69' title='bbox 814 550 865 584; x_wconf 81' lang='grc' dir='ltr'><strong>φύ-</strong></span> 
     </span>
    </p>
   </div>
   <div class='ocr_carea' id='block_1_13' title="bbox 72 590 864 628">
    <p class='ocr_par' dir='ltr' id='par_1_13' title="bbox 72 590 864 628">
     <span class='ocr_line' id='line_1_13' title="bbox 72 590 864 628; baseline 0.005 -12"><span class='ocrx_word' id='word_1_70' title='bbox 72 598 154 623; x_wconf 81' lang='grc' dir='ltr'>σεως,</span> <span class='ocrx_word' id='word_1_71' title='bbox 173 591 213 621; x_wconf 81' lang='grc' dir='ltr'><strong>είς</strong></span> <span class='ocrx_word' id='word_1_72' title='bbox 230 590 279 626; x_wconf 85' lang='grc' dir='ltr'>τὴν</span> <span class='ocrx_word' id='word_1_73' title='bbox 297 591 345 625; x_wconf 81' lang='grc' dir='ltr'>τῆς</span> <span class='ocrx_word' id='word_1_74' title='bbox 361 592 498 627; x_wconf 80' lang='grc' dir='ltr'>ἁμαρτίας</span> <span class='ocrx_word' id='word_1_75' title='bbox 516 592 679 628; x_wconf 75' lang='grc' dir='ltr'><strong>κατάκρισιν</strong></span> <span class='ocrx_word' id='word_1_76' title='bbox 694 593 785 625; x_wconf 79' lang='grc' dir='ltr'>αὐτοῖς</span> <span class='ocrx_word' id='word_1_77' title='bbox 798 602 864 628; x_wconf 80' lang='grc' dir='ltr'>συγ-</span> 
     </span>
    </p>
   </div>
   <div class='ocr_carea' id='block_1_14' title="bbox 71 635 865 674">
    <p class='ocr_par' dir='ltr' id='par_1_14' title="bbox 71 635 865 674">
     <span class='ocr_line' id='line_1_14' title="bbox 71 635 865 674; baseline 0.006 -13"><span class='ocrx_word' id='word_1_78' title='bbox 71 637 158 671; x_wconf 82' lang='grc' dir='ltr'>χωρεῖ</span> <span class='ocrx_word' id='word_1_79' title='bbox 174 635 298 671; x_wconf 80' lang='grc' dir='ltr'>δέχεσθαι</span> <span class='ocrx_word' id='word_1_80' title='bbox 326 636 452 670; x_wconf 78' lang='grc' dir='ltr'>θάνατον,</span> <span class='ocrx_word' id='word_1_81' title='bbox 480 637 591 672; x_wconf 77' lang='grc' dir='ltr'>ἔχοντας</span> <span class='ocrx_word' id='word_1_82' title='bbox 620 639 670 673; x_wconf 78' lang='grc' dir='ltr'>μὲν</span> <span class='ocrx_word' id='word_1_83' title='bbox 696 638 743 665; x_wconf 81' lang='grc' dir='ltr'><strong>τοῦ</strong></span> <span class='ocrx_word' id='word_1_84' title='bbox 779 639 865 674; x_wconf 82' lang='grc' dir='ltr'>Ἀδὰμ</span> 
     </span>
    </p>
   </div>
   <div class='ocr_carea' id='block_1_15' title="bbox 69 682 863 720">
    <p class='ocr_par' dir='ltr' id='par_1_15' title="bbox 69 682 863 720">
     <span class='ocr_line' id='line_1_15' title="bbox 69 682 863 720; baseline 0.005 -12"><span class='ocrx_word' id='word_1_85' title='bbox 69 682 165 708; x_wconf 78' lang='grc' dir='ltr'>οὐκέτι</span> <span class='ocrx_word' id='word_1_86' title='bbox 186 682 235 718; x_wconf 79' lang='grc' dir='ltr'>τὴν</span> <span class='ocrx_word' id='word_1_87' title='bbox 251 684 284 709; x_wconf 82' lang='grc' dir='ltr'>ἐκ</span> <span class='ocrx_word' id='word_1_88' title='bbox 313 683 360 709; x_wconf 87' lang='grc' dir='ltr'><strong>τοῦ</strong></span> <span class='ocrx_word' id='word_1_89' title='bbox 389 683 476 718; x_wconf 80' lang='grc' dir='ltr'><strong>Ἀδὰμ</strong></span> <span class='ocrx_word' id='word_1_90' title='bbox 501 684 599 719; x_wconf 81' lang='grc' dir='ltr'>ἡδονὴν</span> <span class='ocrx_word' id='word_1_91' title='bbox 625 685 676 720; x_wconf 84' lang='grc' dir='ltr'><strong>τῆς</strong></span> <span class='ocrx_word' id='word_1_92' title='bbox 704 686 838 719; x_wconf 83' lang='grc' dir='ltr'>γενέσεως</span> <span class='ocrx_word' id='word_1_93' title='bbox 856 695 863 700; x_wconf 84' lang='grc'>·</span> 
     </span>
    </p>
   </div>
   <div class='ocr_carea' id='block_1_16' title="bbox 71 729 864 767">
    <p class='ocr_par' dir='ltr' id='par_1_16' title="bbox 71 729 864 767">
     <span class='ocr_line' id='line_1_16' title="bbox 71 729 864 767; baseline 0.005 -13"><span class='ocrx_word' id='word_1_94' title='bbox 71 729 158 764; x_wconf 86' lang='grc' dir='ltr'>μόνην</span> <span class='ocrx_word' id='word_1_95' title='bbox 177 729 205 755; x_wconf 74' lang='grc' dir='ltr'><strong>δὲ</strong></span> <span class='ocrx_word' id='word_1_96' title='bbox 228 729 278 764; x_wconf 84' lang='grc' dir='ltr'>τὴν</span> <span class='ocrx_word' id='word_1_97' title='bbox 302 729 346 756; x_wconf 69' lang='grc' dir='ltr'><strong>διὰ</strong></span> <span class='ocrx_word' id='word_1_98' title='bbox 369 730 415 757; x_wconf 86' lang='grc' dir='ltr'><strong>τδν</strong></span> <span class='ocrx_word' id='word_1_99' title='bbox 440 730 527 766; x_wconf 74' lang='grc' dir='ltr'><strong>Ἀδὰμ</strong></span> <span class='ocrx_word' id='word_1_100' title='bbox 541 731 639 766; x_wconf 75' lang='grc' dir='ltr'><strong>ὀδύνην</strong></span> <span class='ocrx_word' id='word_1_101' title='bbox 654 732 821 767; x_wconf 81' lang='grc' dir='ltr'><strong>ἐνεργοῦσαν</strong></span> <span class='ocrx_word' id='word_1_102' title='bbox 836 734 864 760; x_wconf 75' lang='grc' dir='ltr'><strong>ἐν</strong></span> 
     </span>
    </p>
   </div>
   <div class='ocr_carea' id='block_1_17' title="bbox 69 774 862 813">
    <p class='ocr_par' dir='ltr' id='par_1_17' title="bbox 69 774 862 813">
     <span class='ocr_line' id='line_1_17' title="bbox 69 774 862 813; baseline 0.006 -13"><span class='ocrx_word' id='word_1_103' title='bbox 69 774 163 806; x_wconf 70' lang='grc' dir='ltr'>αὐτοῖς</span> <span class='ocrx_word' id='word_1_104' title='bbox 178 783 184 789; x_wconf 90' lang='grc'><strong>·</strong></span> <span class='ocrx_word' id='word_1_105' title='bbox 197 775 227 801; x_wconf 85' lang='grc' dir='ltr'>οὒ</span> <span class='ocrx_word' id='word_1_106' title='bbox 244 775 314 802; x_wconf 75' lang='grc' dir='ltr'>κατὰ</span> <span class='ocrx_word' id='word_1_107' title='bbox 332 775 412 811; x_wconf 80' lang='grc' dir='ltr'>χρέος</span> <span class='ocrx_word' id='word_1_108' title='bbox 442 776 513 812; x_wconf 81' lang='grc' dir='ltr'>ὑπὲρ</span> <span class='ocrx_word' id='word_1_109' title='bbox 537 777 686 813; x_wconf 79' lang='grc' dir='ltr'>ἁμαρτίας,</span> <span class='ocrx_word' id='word_1_110' title='bbox 711 777 781 805; x_wconf 81' lang='grc' dir='ltr'>ἀλλὰ</span> <span class='ocrx_word' id='word_1_111' title='bbox 803 780 862 805; x_wconf 78' lang='grc' dir='ltr'>κατ’</span> 
     </span>
    </p>
   </div>
   <div class='ocr_carea' id='block_1_18' title="bbox 67 819 863 858">
    <p class='ocr_par' dir='ltr' id='par_1_18' title="bbox 67 819 863 858">
     <span class='ocr_line' id='line_1_18' title="bbox 67 819 863 858; baseline 0.006 -13"><span class='ocrx_word' id='word_1_112' title='bbox 67 819 236 854; x_wconf 69' lang='grc' dir='ltr'>οἰκονομίαν,</span> <span class='ocrx_word' id='word_1_113' title='bbox 251 819 295 846; x_wconf 75' lang='grc' dir='ltr'><strong>διὰ</strong></span> <span class='ocrx_word' id='word_1_114' title='bbox 310 821 360 856; x_wconf 83' lang='grc' dir='ltr'>τὴν</span> <span class='ocrx_word' id='word_1_115' title='bbox 378 821 450 848; x_wconf 85' lang='grc' dir='ltr'>κατὰ</span> <span class='ocrx_word' id='word_1_116' title='bbox 476 821 558 855; x_wconf 81' lang='grc' dir='ltr'>φύσιν</span> <span class='ocrx_word' id='word_1_117' title='bbox 587 821 759 858; x_wconf 81' lang='grc' dir='ltr'>περίστασιν,</span> <span class='ocrx_word' id='word_1_118' title='bbox 791 824 863 850; x_wconf 80' lang='grc' dir='ltr'>κατὰ</span> 
     </span>
    </p>
   </div>
   <div class='ocr_carea' id='block_1_19' title="bbox 66 865 863 904">
    <p class='ocr_par' dir='ltr' id='par_1_19' title="bbox 66 865 863 904">
     <span class='ocr_line' id='line_1_19' title="bbox 66 865 863 904; baseline 0.006 -12"><span class='ocrx_word' id='word_1_119' title='bbox 66 865 120 900; x_wconf 79' lang='grc' dir='ltr'>τῆς</span> <span class='ocrx_word' id='word_1_120' title='bbox 137 866 286 901; x_wconf 81' lang='grc' dir='ltr'>ἁμαρτιας,</span> <span class='ocrx_word' id='word_1_121' title='bbox 303 867 350 894; x_wconf 70' lang='grc' dir='ltr'>τὸν</span> <span class='ocrx_word' id='word_1_122' title='bbox 365 867 480 894; x_wconf 82' lang='grc' dir='ltr'>θάνατον</span> <span class='ocrx_word' id='word_1_123' title='bbox 496 876 503 883; x_wconf 89' lang='grc'><strong>·</strong></span> <span class='ocrx_word' id='word_1_124' title='bbox 519 867 549 899; x_wconf 81' lang='grc' dir='ltr'>ὃς</span> <span class='ocrx_word' id='word_1_125' title='bbox 559 868 661 895; x_wconf 85' lang='grc' dir='ltr'><strong>ὁπόταν</strong></span> <span class='ocrx_word' id='word_1_126' title='bbox 675 868 712 904; x_wconf 82' lang='grc' dir='ltr'>μὴ</span> <span class='ocrx_word' id='word_1_127' title='bbox 729 869 785 904; x_wconf 77' lang='grc' dir='ltr'>ἔχει</span> <span class='ocrx_word' id='word_1_128' title='bbox 801 878 863 904; x_wconf 83' lang='grc' dir='ltr'><strong>γεν-</strong></span> 
     </span>
    </p>
   </div>
   <div class='ocr_carea' id='block_1_20' title="bbox 921 275 1712 324">
    <p class='ocr_par' dir='ltr' id='par_1_20' title="bbox 921 275 1712 324">
     <span class='ocr_line' id='line_1_20' title="bbox 921 275 1712 324; baseline 0.021 -23"><span class='ocrx_word' id='word_1_129' title='bbox 921 275 1011 310; x_wconf 90' lang='lat' dir='ltr'><strong>primo</strong></span> <span class='ocrx_word' id='word_1_130' title='bbox 1028 285 1043 304; x_wconf 89' lang='lat' dir='ltr'><strong>a</strong></span> <span class='ocrx_word' id='word_1_131' title='bbox 1056 277 1112 305; x_wconf 89' lang='lat' dir='ltr'><strong>Deo</strong></span> <span class='ocrx_word' id='word_1_132' title='bbox 1132 285 1243 312; x_wconf 89' lang='lat' dir='ltr'><strong>essent;</strong></span> <span class='ocrx_word' id='word_1_133' title='bbox 1268 286 1438 317; x_wconf 77' lang='lat' dir='ltr'><strong>cunctoSque</strong></span> <span class='ocrx_word' id='word_1_134' title='bbox 1461 285 1576 319; x_wconf 89' lang='lat' dir='ltr'><strong>mystice</strong></span> <span class='ocrx_word' id='word_1_135' title='bbox 1597 295 1631 315; x_wconf 80' lang='lat' dir='ltr'><strong>ex</strong></span> <span class='ocrx_word' id='word_1_136' title='bbox 1650 288 1712 324; x_wconf 87' lang='lat' dir='ltr'><strong>ipso</strong></span> 
     </span>
    </p>
   </div>
   <div class='ocr_carea' id='block_1_21' title="bbox 920 325 1444 356">
    <p class='ocr_par' dir='ltr' id='par_1_21' title="bbox 920 325 1444 356">
     <span class='ocr_line' id='line_1_21' title="bbox 920 325 1444 356; baseline 0.015 -8"><span class='ocrx_word' id='word_1_137' title='bbox 920 327 1109 356; x_wconf 88' lang='lat' dir='ltr'><strong>renascentes,</strong></span> <span class='ocrx_word' id='word_1_138' title='bbox 1130 325 1203 353; x_wconf 91' lang='lat' dir='ltr'><strong>illius</strong></span> <span class='ocrx_word' id='word_1_139' title='bbox 1218 331 1296 354; x_wconf 84' lang='lat' dir='ltr'><strong>reatu</strong></span> <span class='ocrx_word' id='word_1_140' title='bbox 1315 328 1444 356; x_wconf 78' lang='lat' dir='ltr'><strong>absolvit.</strong></span> 
     </span>
    </p>
   </div>
   <div class='ocr_carea' id='block_1_22' title="bbox 954 409 1711 455">
    <p class='ocr_par' dir='ltr' id='par_1_22' title="bbox 954 409 1711 455">
     <span class='ocr_line' id='line_1_22' title="bbox 954 409 1711 455; baseline 0.02 -19"><span class='ocrx_word' id='word_1_141' title='bbox 954 409 998 436; x_wconf 79' lang='grc'><strong>45.</strong></span> <span class='ocrx_word' id='word_1_142' title='bbox 1018 410 1084 444; x_wconf 69' lang='lat' dir='ltr'><strong>Quae</strong></span> <span class='ocrx_word' id='word_1_143' title='bbox 1107 420 1140 439; x_wconf 85' lang='lat' dir='ltr'><strong>ex</strong></span> <span class='ocrx_word' id='word_1_144' title='bbox 1166 413 1226 449; x_wconf 80' lang='lat' dir='ltr'><strong>lege</strong></span> <span class='ocrx_word' id='word_1_145' title='bbox 1251 417 1358 450; x_wconf 85' lang='lat' dir='ltr'><strong>peccati</strong></span> <span class='ocrx_word' id='word_1_146' title='bbox 1373 423 1425 451; x_wconf 90' lang='lat' dir='ltr'><strong>est,</strong></span> <span class='ocrx_word' id='word_1_147' title='bbox 1444 419 1586 455; x_wconf 72' lang='lat' dir='ltr'><strong>voluptate</strong></span> <span class='ocrx_word' id='word_1_148' title='bbox 1603 423 1711 451; x_wconf 88' lang='lat' dir='ltr'><strong>sublata</strong></span> 
     </span>
    </p>
   </div>
   <div class='ocr_carea' id='block_1_23' title="bbox 920 454 1710 500">
    <p class='ocr_par' dir='ltr' id='par_1_23' title="bbox 920 454 1710 500">
     <span class='ocr_line' id='line_1_23' title="bbox 920 454 1710 500; baseline 0.022 -20"><span class='ocrx_word' id='word_1_149' title='bbox 920 461 952 481; x_wconf 85' lang='lat' dir='ltr'><strong>ac</strong></span> <span class='ocrx_word' id='word_1_150' title='bbox 967 454 1092 489; x_wconf 87' lang='lat' dir='ltr'><strong>libidine,</strong></span> <span class='ocrx_word' id='word_1_151' title='bbox 1110 458 1143 485; x_wconf 91' lang='lat' dir='ltr'><strong>ad</strong></span> <span class='ocrx_word' id='word_1_152' title='bbox 1158 466 1254 486; x_wconf 90' lang='lat' dir='ltr'><strong>eorum</strong></span> <span class='ocrx_word' id='word_1_153' title='bbox 1268 461 1315 495; x_wconf 89' lang='lat' dir='ltr'><strong>qui</strong></span> <span class='ocrx_word' id='word_1_154' title='bbox 1340 462 1368 489; x_wconf 93' lang='lat' dir='ltr'><strong>in</strong></span> <span class='ocrx_word' id='word_1_155' title='bbox 1394 463 1454 498; x_wconf 88' lang='lat' dir='ltr'><strong>ipso</strong></span> <span class='ocrx_word' id='word_1_156' title='bbox 1477 467 1573 500; x_wconf 69' lang='lat' dir='ltr'><strong>gratiae</strong></span> <span class='ocrx_word' id='word_1_157' title='bbox 1595 475 1710 497; x_wconf 84' lang='lat' dir='ltr'><strong>munere</strong></span> 
     </span>
    </p>
   </div>
   <div class='ocr_carea' id='block_1_24' title="bbox 919 500 1709 542">
    <p class='ocr_par' dir='ltr' id='par_1_24' title="bbox 919 500 1709 542">
     <span class='ocr_line' id='line_1_24' title="bbox 919 500 1709 542; baseline 0.022 -16"><span class='ocrx_word' id='word_1_158' title='bbox 919 507 969 534; x_wconf 89' lang='lat' dir='ltr'><strong>per</strong></span> <span class='ocrx_word' id='word_1_159' title='bbox 981 500 1115 536; x_wconf 86' lang='lat' dir='ltr'><strong>Spiritum</strong></span> <span class='ocrx_word' id='word_1_160' title='bbox 1130 509 1283 533; x_wconf 89' lang='lat' dir='ltr'><strong>nascuntur</strong></span> <span class='ocrx_word' id='word_1_161' title='bbox 1296 507 1459 537; x_wconf 80' lang='lat' dir='ltr'><strong>abolendam</strong></span> <span class='ocrx_word' id='word_1_162' title='bbox 1471 513 1611 540; x_wconf 84' lang='lat' dir='ltr'><strong>carnalem</strong></span> <span class='ocrx_word' id='word_1_163' title='bbox 1634 515 1709 542; x_wconf 86' lang='lat' dir='ltr'><strong>nati-</strong></span> 
     </span>
    </p>
   </div>
   <div class='ocr_carea' id='block_1_25' title="bbox 919 546 1707 595">
    <p class='ocr_par' dir='ltr' id='par_1_25' title="bbox 919 546 1707 595">
     <span class='ocr_line' id='line_1_25' title="bbox 919 546 1707 595; baseline 0.022 -23"><span class='ocrx_word' id='word_1_164' title='bbox 919 546 1044 581; x_wconf 87' lang='lat' dir='ltr'><strong>vitatem,</strong></span> <span class='ocrx_word' id='word_1_165' title='bbox 1066 548 1190 585; x_wconf 82' lang='lat' dir='ltr'><strong>indulget</strong></span> <span class='ocrx_word' id='word_1_166' title='bbox 1214 551 1368 587; x_wconf 86' lang='lat' dir='ltr'><strong>Dominus,</strong></span> <span class='ocrx_word' id='word_1_167' title='bbox 1393 561 1423 583; x_wconf 93' lang='lat' dir='ltr'><strong>ut</strong></span> <span class='ocrx_word' id='word_1_168' title='bbox 1438 562 1555 586; x_wconf 87' lang='lat' dir='ltr'><strong>mortem</strong></span> <span class='ocrx_word' id='word_1_169' title='bbox 1569 579 1577 592; x_wconf 94' lang='lat'><strong>,</strong></span> <span class='ocrx_word' id='word_1_170' title='bbox 1604 561 1707 595; x_wconf 70' lang='lat' dir='ltr'><strong>qumiu</strong></span> 
     </span>
    </p>
   </div>
   <div class='ocr_carea' id='block_1_26' title="bbox 919 595 1710 638">
    <p class='ocr_par' dir='ltr' id='par_1_26' title="bbox 919 595 1710 638">
     <span class='ocr_line' id='line_1_26' title="bbox 919 595 1710 638; baseline 0.021 -21"><span class='ocrx_word' id='word_1_171' title='bbox 919 596 1026 620; x_wconf 57' lang='lat' dir='ltr'><strong>natura;</strong></span> <span class='ocrx_word' id='word_1_172' title='bbox 1036 595 1114 629; x_wconf 88' lang='lat' dir='ltr'><strong>prius</strong></span> <span class='ocrx_word' id='word_1_173' title='bbox 1130 595 1334 626; x_wconf 84' lang='lat' dir='ltr'><strong>damnationem</strong></span> <span class='ocrx_word' id='word_1_174' title='bbox 1348 605 1423 634; x_wconf 89' lang='lat' dir='ltr'><strong>erat,</strong></span> <span class='ocrx_word' id='word_1_175' title='bbox 1451 602 1484 629; x_wconf 90' lang='lat' dir='ltr'><strong>ad</strong></span> <span class='ocrx_word' id='word_1_176' title='bbox 1511 605 1617 638; x_wconf 88' lang='lat' dir='ltr'><strong>peccati</strong></span> <span class='ocrx_word' id='word_1_177' title='bbox 1640 614 1710 634; x_wconf 87' lang='lat' dir='ltr'><strong>con-</strong></span> 
     </span>
    </p>
   </div>
   <div class='ocr_carea' id='block_1_27' title="bbox 916 637 1707 685">
    <p class='ocr_par' dir='ltr' id='par_1_27' title="bbox 916 637 1707 685">
     <span class='ocr_line' id='line_1_27' title="bbox 916 637 1707 685; baseline 0.02 -21"><span class='ocrx_word' id='word_1_178' title='bbox 916 637 1121 668; x_wconf 87' lang='lat' dir='ltr'><strong>demnationem</strong></span> <span class='ocrx_word' id='word_1_179' title='bbox 1137 643 1301 678; x_wconf 78' lang='lat' dir='ltr'><strong>suscipiant,</strong></span> <span class='ocrx_word' id='word_1_180' title='bbox 1313 646 1360 680; x_wconf 84' lang='lat' dir='ltr'><strong>qui</strong></span> <span class='ocrx_word' id='word_1_181' title='bbox 1369 655 1478 683; x_wconf 76' lang='lat' dir='ltr'><strong>nempe,</strong></span> <span class='ocrx_word' id='word_1_182' title='bbox 1489 657 1542 677; x_wconf 93' lang='lat' dir='ltr'><strong>non</strong></span> <span class='ocrx_word' id='word_1_183' title='bbox 1559 650 1617 685; x_wconf 85' lang='lat' dir='ltr'><strong>jam</strong></span> <span class='ocrx_word' id='word_1_184' title='bbox 1628 657 1707 680; x_wconf 90' lang='lat' dir='ltr'><strong>ortus</strong></span> 
     </span>
    </p>
   </div>
   <div class='ocr_carea' id='block_1_28' title="bbox 920 685 1709 726">
    <p class='ocr_par' dir='ltr' id='par_1_28' title="bbox 920 685 1709 726">
     <span class='ocr_line' id='line_1_28' title="bbox 920 685 1709 726; baseline 0.02 -16"><span class='ocrx_word' id='word_1_185' title='bbox 920 692 954 711; x_wconf 81' lang='lat' dir='ltr'><strong>ex</strong></span> <span class='ocrx_word' id='word_1_186' title='bbox 971 685 1076 714; x_wconf 79' lang='lat' dir='ltr'><strong>Adamo</strong></span> <span class='ocrx_word' id='word_1_187' title='bbox 1090 687 1245 722; x_wconf 83' lang='lat' dir='ltr'><strong>libidinem,</strong></span> <span class='ocrx_word' id='word_1_188' title='bbox 1261 691 1309 718; x_wconf 87' lang='lat' dir='ltr'><strong>sed</strong></span> <span class='ocrx_word' id='word_1_189' title='bbox 1325 692 1459 721; x_wconf 79' lang='lat' dir='ltr'><strong>duntaxat</strong></span> <span class='ocrx_word' id='word_1_190' title='bbox 1470 694 1576 722; x_wconf 78' lang='lat' dir='ltr'><strong>Adamo</strong></span> <span class='ocrx_word' id='word_1_191' title='bbox 1593 702 1709 726; x_wconf 86' lang='lat' dir='ltr'><strong>auctore</strong></span> 
     </span>
    </p>
   </div>
   <div class='ocr_carea' id='block_1_29' title="bbox 916 729 1708 779">
    <p class='ocr_par' dir='ltr' id='par_1_29' title="bbox 916 729 1708 779">
     <span class='ocr_line' id='line_1_29' title="bbox 916 729 1708 779; baseline 0.02 -23"><span class='ocrx_word' id='word_1_192' title='bbox 916 729 1057 758; x_wconf 87' lang='lat' dir='ltr'><strong>invectum</strong></span> <span class='ocrx_word' id='word_1_193' title='bbox 1074 733 1199 762; x_wconf 86' lang='lat' dir='ltr'><strong>dolorem</strong></span> <span class='ocrx_word' id='word_1_194' title='bbox 1214 743 1246 763; x_wconf 89' lang='lat' dir='ltr'><strong>ac</strong></span> <span class='ocrx_word' id='word_1_195' title='bbox 1253 743 1405 766; x_wconf 61' lang='lat' dir='ltr'><strong>utrumnam</strong></span> <span class='ocrx_word' id='word_1_196' title='bbox 1420 739 1551 775; x_wconf 84' lang='lat' dir='ltr'><strong>habeant;</strong></span> <span class='ocrx_word' id='word_1_197' title='bbox 1563 750 1618 770; x_wconf 89' lang='lat' dir='ltr'><strong>non</strong></span> <span class='ocrx_word' id='word_1_198' title='bbox 1629 744 1708 779; x_wconf 89' lang='lat' dir='ltr'><strong>quasi</strong></span> 
     </span>
    </p>
   </div>
   <div class='ocr_carea' id='block_1_30' title="bbox 915 776 1710 817">
    <p class='ocr_par' dir='ltr' id='par_1_30' title="bbox 915 776 1710 817">
     <span class='ocr_line' id='line_1_30' title="bbox 915 776 1710 817; baseline 0.02 -15"><span class='ocrx_word' id='word_1_199' title='bbox 915 783 949 803; x_wconf 79' lang='lat' dir='ltr'><strong>ex</strong></span> <span class='ocrx_word' id='word_1_200' title='bbox 963 776 1058 805; x_wconf 90' lang='lat' dir='ltr'><strong>debito</strong></span> <span class='ocrx_word' id='word_1_201' title='bbox 1073 780 1178 814; x_wconf 83' lang='lat' dir='ltr'><strong>peccati</strong></span> <span class='ocrx_word' id='word_1_202' title='bbox 1200 787 1289 815; x_wconf 85' lang='lat' dir='ltr'><strong>reatu,</strong></span> <span class='ocrx_word' id='word_1_203' title='bbox 1304 783 1353 811; x_wconf 87' lang='lat' dir='ltr'><strong>sed</strong></span> <span class='ocrx_word' id='word_1_204' title='bbox 1376 790 1451 813; x_wconf 89' lang='lat' dir='ltr'><strong>certa</strong></span> <span class='ocrx_word' id='word_1_205' title='bbox 1470 787 1579 816; x_wconf 88' lang='lat' dir='ltr'><strong>consilii</strong></span> <span class='ocrx_word' id='word_1_206' title='bbox 1598 789 1710 817; x_wconf 87' lang='lat' dir='ltr'><strong>ratione</strong></span> 
     </span>
    </p>
   </div>
   <div class='ocr_carea' id='block_1_31' title="bbox 914 822 1708 869">
    <p class='ocr_par' dir='ltr' id='par_1_31' title="bbox 914 822 1708 869">
     <span class='ocr_line' id='line_1_31' title="bbox 914 822 1708 869; baseline 0.021 -21"><span class='ocrx_word' id='word_1_207' title='bbox 914 829 947 849; x_wconf 91' lang='lat' dir='ltr'><strong>ac</strong></span> <span class='ocrx_word' id='word_1_208' title='bbox 959 822 1178 858; x_wconf 85' lang='lat' dir='ltr'><strong>dispensatione,</strong></span> <span class='ocrx_word' id='word_1_209' title='bbox 1197 826 1233 854; x_wconf 92' lang='lat' dir='ltr'><strong>ob</strong></span> <span class='ocrx_word' id='word_1_210' title='bbox 1254 830 1410 858; x_wconf 86' lang='lat' dir='ltr'><strong>naturalem</strong></span> <span class='ocrx_word' id='word_1_211' title='bbox 1432 834 1637 869; x_wconf 79' lang='lat' dir='ltr'><strong>necessitatem,</strong></span> <span class='ocrx_word' id='word_1_212' title='bbox 1657 838 1708 865; x_wconf 87' lang='lat' dir='ltr'><strong>ad-</strong></span> 
     </span>
    </p>
   </div>
   <div class='ocr_carea' id='block_1_32' title="bbox 914 872 1707 917">
    <p class='ocr_par' dir='ltr' id='par_1_32' title="bbox 914 872 1707 917">
     <span class='ocr_line' id='line_1_32' title="bbox 914 872 1707 917; baseline 0.021 -23"><span class='ocrx_word' id='word_1_213' title='bbox 914 875 1012 896; x_wconf 89' lang='lat' dir='ltr'><strong>versus</strong></span> <span class='ocrx_word' id='word_1_214' title='bbox 1027 875 1172 905; x_wconf 88' lang='lat' dir='ltr'><strong>peccatum</strong></span> <span class='ocrx_word' id='word_1_215' title='bbox 1182 872 1278 908; x_wconf 83' lang='lat' dir='ltr'><strong>illique</strong></span> <span class='ocrx_word' id='word_1_216' title='bbox 1291 875 1441 910; x_wconf 87' lang='lat' dir='ltr'><strong>abolendo,</strong></span> <span class='ocrx_word' id='word_1_217' title='bbox 1455 884 1572 908; x_wconf 87' lang='lat' dir='ltr'><strong>mortem</strong></span> <span class='ocrx_word' id='word_1_218' title='bbox 1587 889 1707 917; x_wconf 87' lang='lat' dir='ltr'><strong>operan-</strong></span> 
     </span>
    </p>
   </div>
   <div class='ocr_carea' id='block_1_33' title="bbox 66 907 857 959">
    <p class='ocr_par' dir='ltr' id='par_1_33' title="bbox 66 911 857 951">
     <span class='ocr_line' id='line_1_33' title="bbox 66 911 857 951; baseline 0.006 -14"><span class='ocrx_word' id='word_1_219' title='bbox 66 911 159 938; x_wconf 76' lang='grc' dir='ltr'>νῶσαν</span> <span class='ocrx_word' id='word_1_220' title='bbox 174 912 256 938; x_wconf 79' lang='grc' dir='ltr'>αὑτὸν</span> <span class='ocrx_word' id='word_1_221' title='bbox 273 913 380 948; x_wconf 82' lang='grc' dir='ltr'>μητέρα</span> <span class='ocrx_word' id='word_1_222' title='bbox 393 913 453 949; x_wconf 82' lang='grc' dir='ltr'><strong>τὴν,</strong></span> <span class='ocrx_word' id='word_1_223' title='bbox 465 911 499 949; x_wconf 79' lang='grc' dir='ltr'>ἧς</span> <span class='ocrx_word' id='word_1_224' title='bbox 515 914 640 947; x_wconf 81' lang='grc' dir='ltr'>γίνεσθαι</span> <span class='ocrx_word' id='word_1_225' title='bbox 654 915 760 949; x_wconf 77' lang='grc' dir='ltr'>πέφυκε</span> <span class='ocrx_word' id='word_1_226' title='bbox 775 923 857 951; x_wconf 82' lang='grc' dir='ltr'>τιμω-</span> 
     </span>
    </p>
   </div>
   <div class='ocr_carea' id='block_1_34' title="bbox 913 907 1708 959">
    <p class='ocr_par' dir='ltr' id='par_1_34' title="bbox 914 907 1708 959">
     <span class='ocr_line' id='line_1_34' title="bbox 1234 907 1690 917; baseline 0.02 -16"><span class='ocrx_word' id='word_1_227' title='bbox 1234 907 1237 908; x_wconf 24' lang='grc' dir='ltr'><em>ν</em></span> <span class='ocrx_word' id='word_1_228' title='bbox 1434 907 1440 910; x_wconf 65' lang='grc'>,</span> <span class='ocrx_word' id='word_1_229' title='bbox 1592 907 1690 917; x_wconf 70' lang='lat'><strong>_,___..</strong></span> 
     </span>
     <span class='ocr_line' id='line_1_35' title="bbox 914 914 1708 959; baseline 0.021 -20"><span class='ocrx_word' id='word_1_230' title='bbox 914 916 979 941; x_wconf 89' lang='lat' dir='ltr'><strong>tem.</strong></span> <span class='ocrx_word' id='word_1_231' title='bbox 995 914 1059 942; x_wconf 67' lang='lat' dir='ltr'><strong>[hec</strong></span> <span class='ocrx_word' id='word_1_232' title='bbox 1075 916 1161 950; x_wconf 87' lang='lat' dir='ltr'><strong>enim,</strong></span> <span class='ocrx_word' id='word_1_233' title='bbox 1177 917 1222 945; x_wconf 92' lang='lat' dir='ltr'><strong>ubi</strong></span> <span class='ocrx_word' id='word_1_234' title='bbox 1236 918 1324 954; x_wconf 82' lang='lat' dir='ltr'><strong>ipsius</strong></span> <span class='ocrx_word' id='word_1_235' title='bbox 1334 928 1445 956; x_wconf 80' lang='lat' dir='ltr'><strong>parens,</strong></span> <span class='ocrx_word' id='word_1_236' title='bbox 1458 925 1538 959; x_wconf 89' lang='lat' dir='ltr'><strong>cujus</strong></span> <span class='ocrx_word' id='word_1_237' title='bbox 1550 926 1633 954; x_wconf 87' lang='lat' dir='ltr'><strong>ultrix</strong></span> <span class='ocrx_word' id='word_1_238' title='bbox 1646 934 1708 956; x_wconf 82' lang='lat' dir='ltr'><strong>esse</strong></span> 
     </span>
    </p>
   </div>
   <div class='ocr_carea' id='block_1_35' title="bbox 67 957 859 998">
    <p class='ocr_par' dir='ltr' id='par_1_35' title="bbox 67 957 859 998">
     <span class='ocr_line' id='line_1_36' title="bbox 67 957 859 998; baseline 0.009 -16"><span class='ocrx_word' id='word_1_239' title='bbox 67 957 128 993; x_wconf 82' lang='grc' dir='ltr'>ρὺς,</span> <span class='ocrx_word' id='word_1_240' title='bbox 137 957 233 993; x_wconf 73' lang='grc' dir='ltr'>ἡδονὴν</span> <span class='ocrx_word' id='word_1_241' title='bbox 246 958 332 984; x_wconf 81' lang='grc' dir='ltr'><strong>ἀϊδίου</strong></span> <span class='ocrx_word' id='word_1_242' title='bbox 344 958 418 994; x_wconf 80' lang='grc' dir='ltr'><strong>ζωῆς</strong></span> <span class='ocrx_word' id='word_1_243' title='bbox 431 959 573 995; x_wconf 81' lang='grc' dir='ltr'><strong>προδήλως</strong></span> <span class='ocrx_word' id='word_1_244' title='bbox 584 960 746 988; x_wconf 80' lang='grc' dir='ltr'>καθίσταται</span> <span class='ocrx_word' id='word_1_245' title='bbox 757 963 859 998; x_wconf 77' lang='grc' dir='ltr'>πατὴρ.</span> 
     </span>
    </p>
   </div>
   <div class='ocr_carea' id='block_1_36' title="bbox 70 1002 860 1042">
    <p class='ocr_par' dir='ltr' id='par_1_36' title="bbox 70 1002 860 1042">
     <span class='ocr_line' id='line_1_37' title="bbox 70 1002 860 1042; baseline 0.008 -14"><span class='ocrx_word' id='word_1_246' title='bbox 70 1003 119 1034; x_wconf 82' lang='grc' dir='ltr'>Ὡς</span> <span class='ocrx_word' id='word_1_247' title='bbox 144 1002 198 1038; x_wconf 77' lang='grc' dir='ltr'><strong>γὰρ</strong></span> <span class='ocrx_word' id='word_1_248' title='bbox 222 1002 269 1029; x_wconf 88' lang='grc' dir='ltr'><strong>τοῦ</strong></span> <span class='ocrx_word' id='word_1_249' title='bbox 304 1003 391 1039; x_wconf 76' lang='grc' dir='ltr'><strong>Ἀδὰμ</strong></span> <span class='ocrx_word' id='word_1_250' title='bbox 420 1005 437 1040; x_wconf 85' lang='grc' dir='ltr'>ὴ</span> <span class='ocrx_word' id='word_1_251' title='bbox 457 1005 518 1032; x_wconf 80' lang='grc' dir='ltr'>καθ’</span> <span class='ocrx_word' id='word_1_252' title='bbox 535 1005 632 1041; x_wconf 77' lang='grc' dir='ltr'><strong>ἡδονὴν</strong></span> <span class='ocrx_word' id='word_1_253' title='bbox 651 1006 719 1042; x_wconf 82' lang='grc' dir='ltr'><strong>ζωὴ,</strong></span> <span class='ocrx_word' id='word_1_254' title='bbox 743 1006 860 1034; x_wconf 79' lang='grc' dir='ltr'>θανάτου</span> 
     </span>
    </p>
   </div>
   <div class='ocr_carea' id='block_1_37' title="bbox 64 1048 860 1089">
    <p class='ocr_par' dir='ltr' id='par_1_37' title="bbox 64 1048 860 1089">
     <span class='ocr_line' id='line_1_38' title="bbox 64 1048 860 1089; baseline 0.008 -14"><span class='ocrx_word' id='word_1_255' title='bbox 64 1048 115 1075; x_wconf 74' lang='grc' dir='ltr'><strong>καὶ</strong></span> <span class='ocrx_word' id='word_1_256' title='bbox 129 1048 232 1083; x_wconf 74' lang='grc' dir='ltr'>φθορᾶς</span> <span class='ocrx_word' id='word_1_257' title='bbox 246 1049 341 1084; x_wconf 84' lang='grc' dir='ltr'>γέγονε</span> <span class='ocrx_word' id='word_1_258' title='bbox 356 1051 459 1087; x_wconf 86' lang='grc' dir='ltr'><strong>μήτηρ,</strong></span> <span class='ocrx_word' id='word_1_259' title='bbox 478 1051 550 1078; x_wconf 81' lang='grc' dir='ltr'>οὕτω</span> <span class='ocrx_word' id='word_1_260' title='bbox 561 1053 609 1079; x_wconf 80' lang='grc' dir='ltr'><strong>καὶ</strong></span> <span class='ocrx_word' id='word_1_261' title='bbox 626 1054 639 1080; x_wconf 86' lang='grc' dir='ltr'>ὀ</span> <span class='ocrx_word' id='word_1_262' title='bbox 653 1053 698 1080; x_wconf 85' lang='grc' dir='ltr'><strong>διὰ</strong></span> <span class='ocrx_word' id='word_1_263' title='bbox 709 1053 754 1080; x_wconf 75' lang='grc' dir='ltr'><strong>τὸν</strong></span> <span class='ocrx_word' id='word_1_264' title='bbox 774 1054 860 1089; x_wconf 74' lang='grc' dir='ltr'><strong>’Δδὰμ</strong></span> 
     </span>
    </p>
   </div>
   <div class='ocr_carea' id='block_1_38' title="bbox 62 1096 859 1137">
    <p class='ocr_par' dir='ltr' id='par_1_38' title="bbox 62 1096 859 1137">
     <span class='ocr_line' id='line_1_39' title="bbox 62 1096 859 1137; baseline 0.008 -15"><span class='ocrx_word' id='word_1_265' title='bbox 62 1096 114 1123; x_wconf 84' lang='grc' dir='ltr'><strong>τοῦ</strong></span> <span class='ocrx_word' id='word_1_266' title='bbox 127 1097 231 1131; x_wconf 80' lang='grc' dir='ltr'><strong>Κυρίου</strong></span> <span class='ocrx_word' id='word_1_267' title='bbox 245 1097 360 1130; x_wconf 83' lang='grc' dir='ltr'>θάνατος</span> <span class='ocrx_word' id='word_1_268' title='bbox 371 1098 503 1134; x_wconf 81' lang='grc' dir='ltr'><strong>ὑπάρχων</strong></span> <span class='ocrx_word' id='word_1_269' title='bbox 515 1099 565 1135; x_wconf 85' lang='grc' dir='ltr'>τῆς</span> <span class='ocrx_word' id='word_1_270' title='bbox 577 1100 610 1127; x_wconf 80' lang='grc' dir='ltr'>ὲκ</span> <span class='ocrx_word' id='word_1_271' title='bbox 621 1100 668 1127; x_wconf 82' lang='grc' dir='ltr'><strong>τοῦ</strong></span> <span class='ocrx_word' id='word_1_272' title='bbox 684 1101 770 1137; x_wconf 80' lang='grc' dir='ltr'><strong>Ἀδὰμ</strong></span> <span class='ocrx_word' id='word_1_273' title='bbox 782 1101 859 1128; x_wconf 80' lang='grc' dir='ltr'>ὲλεύ-</span> 
     </span>
    </p>
   </div>
   <div class='ocr_carea' id='block_1_39' title="bbox 63 1142 750 1183">
    <p class='ocr_par' dir='ltr' id='par_1_39' title="bbox 63 1142 750 1183">
     <span class='ocr_line' id='line_1_40' title="bbox 63 1142 750 1183; baseline 0.009 -14"><span class='ocrx_word' id='word_1_274' title='bbox 63 1142 146 1179; x_wconf 80' lang='grc' dir='ltr'>θερθς</span> <span class='ocrx_word' id='word_1_275' title='bbox 162 1143 268 1179; x_wconf 80' lang='grc' dir='ltr'><strong>ἡδονῆς,</strong></span> <span class='ocrx_word' id='word_1_276' title='bbox 287 1143 372 1171; x_wconf 81' lang='grc' dir='ltr'><strong>ἀϊδίου</strong></span> <span class='ocrx_word' id='word_1_277' title='bbox 387 1145 527 1181; x_wconf 82' lang='grc' dir='ltr'><strong>γεννήτωρ</strong></span> <span class='ocrx_word' id='word_1_278' title='bbox 541 1146 646 1181; x_wconf 82' lang='grc' dir='ltr'>γίνεται</span> <span class='ocrx_word' id='word_1_279' title='bbox 667 1146 750 1183; x_wconf 83' lang='grc' dir='ltr'>ζωῆς.</span> 
     </span>
    </p>
   </div>
   <div class='ocr_carea' id='block_1_40' title="bbox 99 1276 858 1317">
    <p class='ocr_par' dir='ltr' id='par_1_40' title="bbox 99 1276 858 1317">
     <span class='ocr_line' id='line_1_41' title="bbox 99 1276 858 1317; baseline 0.012 -16"><span class='ocrx_word' id='word_1_280' title='bbox 99 1279 160 1310; x_wconf 64' lang='lat' dir='ltr'><strong>pLg&quot;.</strong></span> <span class='ocrx_word' id='word_1_281' title='bbox 184 1276 286 1313; x_wconf 81' lang='grc' dir='ltr'><strong>’Λρχὴν</strong></span> <span class='ocrx_word' id='word_1_282' title='bbox 303 1278 366 1314; x_wconf 78' lang='grc' dir='ltr'>ἔσχε</span> <span class='ocrx_word' id='word_1_283' title='bbox 385 1279 457 1314; x_wconf 74' lang='grc' dir='ltr'>μετὰ</span> <span class='ocrx_word' id='word_1_284' title='bbox 472 1280 521 1315; x_wconf 81' lang='grc' dir='ltr'>τὴν</span> <span class='ocrx_word' id='word_1_285' title='bbox 538 1281 693 1316; x_wconf 67' lang='grc' dir='ltr'>παράϐασιν</span> <span class='ocrx_word' id='word_1_286' title='bbox 711 1283 727 1317; x_wconf 86' lang='grc' dir='ltr'>ἡ</span> <span class='ocrx_word' id='word_1_287' title='bbox 743 1283 797 1310; x_wconf 84' lang='grc' dir='ltr'>τῶν</span> <span class='ocrx_word' id='word_1_288' title='bbox 811 1283 858 1310; x_wconf 86' lang='grc' dir='ltr'><strong>ἀν-</strong></span> 
     </span>
    </p>
   </div>
   <div class='ocr_carea' id='block_1_41' title="bbox 61 1321 857 1364">
    <p class='ocr_par' dir='ltr' id='par_1_41' title="bbox 61 1321 857 1364">
     <span class='ocr_line' id='line_1_42' title="bbox 61 1321 857 1364; baseline 0.01 -17"><span class='ocrx_word' id='word_1_289' title='bbox 61 1321 182 1356; x_wconf 81' lang='grc' dir='ltr'>θρώπων</span> <span class='ocrx_word' id='word_1_290' title='bbox 208 1326 290 1357; x_wconf 66' lang='grc' dir='ltr'>φύσις</span> <span class='ocrx_word' id='word_1_291' title='bbox 311 1325 360 1359; x_wconf 79' lang='grc' dir='ltr'>τῆς</span> <span class='ocrx_word' id='word_1_292' title='bbox 381 1324 449 1357; x_wconf 77' lang='grc' dir='ltr'>ἰδίας</span> <span class='ocrx_word' id='word_1_293' title='bbox 468 1326 601 1360; x_wconf 76' lang='grc' dir='ltr'>γενέσεως</span> <span class='ocrx_word' id='word_1_294' title='bbox 618 1327 667 1362; x_wconf 82' lang='grc' dir='ltr'>τὴν</span> <span class='ocrx_word' id='word_1_295' title='bbox 684 1327 745 1354; x_wconf 84' lang='grc' dir='ltr'>καθ’</span> <span class='ocrx_word' id='word_1_296' title='bbox 761 1328 857 1364; x_wconf 76' lang='grc' dir='ltr'>ἡδονὴν</span> 
     </span>
    </p>
   </div>
   <div class='ocr_carea' id='block_1_42' title="bbox 58 1369 855 1409">
    <p class='ocr_par' dir='ltr' id='par_1_42' title="bbox 58 1369 855 1409">
     <span class='ocr_line' id='line_1_43' title="bbox 58 1369 855 1409; baseline 0.009 -15"><span class='ocrx_word' id='word_1_297' title='bbox 58 1369 93 1395; x_wconf 84' lang='grc' dir='ltr'>ὲκ</span> <span class='ocrx_word' id='word_1_298' title='bbox 108 1370 213 1404; x_wconf 79' lang='grc' dir='ltr'>σπορᾶς</span> <span class='ocrx_word' id='word_1_299' title='bbox 225 1369 366 1405; x_wconf 77' lang='grc' dir='ltr'>σύλληψιν,</span> <span class='ocrx_word' id='word_1_300' title='bbox 385 1371 433 1397; x_wconf 73' lang='grc' dir='ltr'><strong>καὶ</strong></span> <span class='ocrx_word' id='word_1_301' title='bbox 448 1371 497 1408; x_wconf 82' lang='grc' dir='ltr'>τὴν</span> <span class='ocrx_word' id='word_1_302' title='bbox 513 1372 585 1399; x_wconf 74' lang='grc' dir='ltr'>κατὰ</span> <span class='ocrx_word' id='word_1_303' title='bbox 598 1372 689 1408; x_wconf 75' lang='grc' dir='ltr'>ῥεῦσιν</span> <span class='ocrx_word' id='word_1_304' title='bbox 706 1372 834 1409; x_wconf 82' lang='grc' dir='ltr'>γέννησιν</span> <span class='ocrx_word' id='word_1_305' title='bbox 847 1383 855 1391; x_wconf 86' lang='grc'><strong>·</strong></span> 
     </span>
    </p>
   </div>
   <div class='ocr_carea' id='block_1_43' title="bbox 58 1413 856 1453">
    <p class='ocr_par' dir='ltr' id='par_1_43' title="bbox 58 1413 856 1453">
     <span class='ocr_line' id='line_1_44' title="bbox 58 1413 856 1453; baseline 0.01 -14"><span class='ocrx_word' id='word_1_306' title='bbox 58 1414 108 1440; x_wconf 78' lang='grc' dir='ltr'><strong>καὶ</strong></span> <span class='ocrx_word' id='word_1_307' title='bbox 120 1413 208 1446; x_wconf 80' lang='grc' dir='ltr'>τέλος,</span> <span class='ocrx_word' id='word_1_308' title='bbox 223 1416 268 1441; x_wconf 75' lang='grc' dir='ltr'><strong>τδν</strong></span> <span class='ocrx_word' id='word_1_309' title='bbox 287 1415 350 1442; x_wconf 73' lang='grc' dir='ltr'>κατ’</span> <span class='ocrx_word' id='word_1_310' title='bbox 364 1416 460 1452; x_wconf 85' lang='grc' dir='ltr'><strong>ὀδύνην</strong></span> <span class='ocrx_word' id='word_1_311' title='bbox 471 1417 516 1444; x_wconf 80' lang='grc' dir='ltr'><strong>διὰ</strong></span> <span class='ocrx_word' id='word_1_312' title='bbox 531 1418 635 1453; x_wconf 84' lang='grc' dir='ltr'>φθορᾶς</span> <span class='ocrx_word' id='word_1_313' title='bbox 649 1418 763 1446; x_wconf 82' lang='grc' dir='ltr'>θάνατον</span> <span class='ocrx_word' id='word_1_314' title='bbox 777 1428 784 1435; x_wconf 88' lang='grc'>·</span> <span class='ocrx_word' id='word_1_315' title='bbox 799 1421 813 1447; x_wconf 85' lang='grc'>6</span> <span class='ocrx_word' id='word_1_316' title='bbox 828 1420 856 1447; x_wconf 81' lang='grc' dir='ltr'><strong>δὲ</strong></span> 
     </span>
    </p>
   </div>
   <div class='ocr_carea' id='block_1_44' title="bbox 58 1458 854 1501">
    <p class='ocr_par' dir='ltr' id='par_1_44' title="bbox 58 1458 854 1501">
     <span class='ocr_line' id='line_1_45' title="bbox 58 1458 854 1501; baseline 0.011 -16"><span class='ocrx_word' id='word_1_317' title='bbox 58 1458 166 1495; x_wconf 80' lang='grc' dir='ltr'>Κύριος</span> <span class='ocrx_word' id='word_1_318' title='bbox 176 1461 279 1496; x_wconf 82' lang='grc' dir='ltr'>ταύτην</span> <span class='ocrx_word' id='word_1_319' title='bbox 290 1462 340 1488; x_wconf 84' lang='grc' dir='ltr'>οὐκ</span> <span class='ocrx_word' id='word_1_320' title='bbox 353 1462 424 1498; x_wconf 78' lang='grc' dir='ltr'>έχων</span> <span class='ocrx_word' id='word_1_321' title='bbox 438 1463 525 1498; x_wconf 83' lang='grc' dir='ltr'>ἀρχὴν</span> <span class='ocrx_word' id='word_1_322' title='bbox 539 1464 588 1499; x_wconf 83' lang='grc' dir='ltr'>τῆς</span> <span class='ocrx_word' id='word_1_323' title='bbox 600 1464 671 1492; x_wconf 83' lang='grc' dir='ltr'>κατὰ</span> <span class='ocrx_word' id='word_1_324' title='bbox 686 1465 776 1501; x_wconf 84' lang='grc' dir='ltr'>σάρκα</span> <span class='ocrx_word' id='word_1_325' title='bbox 791 1475 854 1500; x_wconf 86' lang='grc' dir='ltr'>γεν-</span> 
     </span>
    </p>
   </div>
   <div class='ocr_carea' id='block_1_45' title="bbox 57 1505 854 1547">
    <p class='ocr_par' dir='ltr' id='par_1_45' title="bbox 57 1505 854 1547">
     <span class='ocr_line' id='line_1_46' title="bbox 57 1505 854 1547; baseline 0.011 -17"><span class='ocrx_word' id='word_1_326' title='bbox 57 1505 178 1539; x_wconf 81' lang='grc' dir='ltr'>νήσεως,</span> <span class='ocrx_word' id='word_1_327' title='bbox 197 1505 259 1532; x_wconf 68' lang='grc' dir='ltr'>οὔτε</span> <span class='ocrx_word' id='word_1_328' title='bbox 282 1506 321 1542; x_wconf 83' lang='grc' dir='ltr'>τῷ</span> <span class='ocrx_word' id='word_1_329' title='bbox 339 1508 422 1540; x_wconf 81' lang='grc' dir='ltr'>τέλει,</span> <span class='ocrx_word' id='word_1_330' title='bbox 436 1509 561 1535; x_wconf 81' lang='grc' dir='ltr'>τουτέστι</span> <span class='ocrx_word' id='word_1_331' title='bbox 576 1509 616 1545; x_wconf 82' lang='grc' dir='ltr'>τῷ</span> <span class='ocrx_word' id='word_1_332' title='bbox 630 1510 749 1546; x_wconf 82' lang='grc' dir='ltr'><strong>θανάτῳ,</strong></span> <span class='ocrx_word' id='word_1_333' title='bbox 764 1511 854 1547; x_wconf 81' lang='grc' dir='ltr'>ὑπῆρ-</span> 
     </span>
    </p>
   </div>
   <div class='ocr_carea' id='block_1_46' title="bbox 57 1550 237 1584">
    <p class='ocr_par' dir='ltr' id='par_1_46' title="bbox 57 1550 237 1584">
     <span class='ocr_line' id='line_1_47' title="bbox 57 1550 237 1584; baseline 0.017 -9"><span class='ocrx_word' id='word_1_334' title='bbox 57 1558 107 1584; x_wconf 85' lang='grc' dir='ltr'><strong>χεν</strong></span> <span class='ocrx_word' id='word_1_335' title='bbox 123 1550 237 1583; x_wconf 78' lang='grc' dir='ltr'>ἀλωτός.</span> 
     </span>
    </p>
   </div>
   <div class='ocr_carea' id='block_1_47' title="bbox 94 1596 863 1637">
    <p class='ocr_par' dir='ltr' id='par_1_47' title="bbox 94 1596 863 1637">
     <span class='ocr_line' id='line_1_48' title="bbox 94 1596 863 1637; baseline 0.01 -15"><span class='ocrx_word' id='word_1_336' title='bbox 94 1596 152 1631; x_wconf 74' lang='grc' dir='ltr'><strong>μζ’.</strong></span> <span class='ocrx_word' id='word_1_337' title='bbox 170 1597 222 1624; x_wconf 80' lang='grc' dir='ltr'><strong>Τὸν</strong></span> <span class='ocrx_word' id='word_1_338' title='bbox 250 1598 335 1633; x_wconf 76' lang='grc' dir='ltr'><strong>Ἀδὰμ</strong></span> <span class='ocrx_word' id='word_1_339' title='bbox 351 1600 367 1635; x_wconf 84' lang='grc' dir='ltr'><strong>ή</strong></span> <span class='ocrx_word' id='word_1_340' title='bbox 384 1601 506 1636; x_wconf 78' lang='grc' dir='ltr'>ἁμαρτία</span> <span class='ocrx_word' id='word_1_341' title='bbox 528 1602 668 1637; x_wconf 70' lang='grc' dir='ltr'>καταρχὰς</span> <span class='ocrx_word' id='word_1_342' title='bbox 690 1603 863 1636; x_wconf 58' lang='grc' dir='ltr'>δελεάσασαγ</span> 
     </span>
    </p>
   </div>
   <div class='ocr_carea' id='block_1_48' title="bbox 55 1642 852 1683">
    <p class='ocr_par' dir='ltr' id='par_1_48' title="bbox 55 1642 852 1683">
     <span class='ocr_line' id='line_1_49' title="bbox 55 1642 852 1683; baseline 0.011 -15"><span class='ocrx_word' id='word_1_343' title='bbox 55 1642 130 1678; x_wconf 71' lang='grc' dir='ltr'>πρὸς</span> <span class='ocrx_word' id='word_1_344' title='bbox 145 1643 301 1679; x_wconf 76' lang='grc' dir='ltr'>παράϐασιν</span> <span class='ocrx_word' id='word_1_345' title='bbox 316 1645 364 1680; x_wconf 84' lang='grc' dir='ltr'>τῆς</span> <span class='ocrx_word' id='word_1_346' title='bbox 380 1645 455 1678; x_wconf 81' lang='grc' dir='ltr'>θείας</span> <span class='ocrx_word' id='word_1_347' title='bbox 471 1647 640 1683; x_wconf 84' lang='grc' dir='ltr'>παρέπεισεν</span> <span class='ocrx_word' id='word_1_348' title='bbox 663 1648 751 1676; x_wconf 77' lang='grc' dir='ltr'>ἐλθεῖν</span> <span class='ocrx_word' id='word_1_349' title='bbox 776 1650 852 1677; x_wconf 84' lang='grc' dir='ltr'>ὲντο-</span> 
     </span>
    </p>
   </div>
   <div class='ocr_carea' id='block_1_49' title="bbox 53 1688 852 1731">
    <p class='ocr_par' dir='ltr' id='par_1_49' title="bbox 53 1688 852 1731">
     <span class='ocr_line' id='line_1_50' title="bbox 53 1688 852 1731; baseline 0.011 -17"><span class='ocrx_word' id='word_1_350' title='bbox 53 1688 107 1724; x_wconf 84' lang='grc' dir='ltr'>λῆς</span> <span class='ocrx_word' id='word_1_351' title='bbox 126 1697 134 1704; x_wconf 82' lang='grc'><em>’</em></span> <span class='ocrx_word' id='word_1_352' title='bbox 161 1689 222 1716; x_wconf 82' lang='grc' dir='ltr'>καθ’</span> <span class='ocrx_word' id='word_1_353' title='bbox 245 1691 278 1725; x_wconf 75' lang='grc' dir='ltr'>ἣν</span> <span class='ocrx_word' id='word_1_354' title='bbox 301 1691 352 1726; x_wconf 75' lang='grc' dir='ltr'><strong>τὴν</strong></span> <span class='ocrx_word' id='word_1_355' title='bbox 367 1692 465 1728; x_wconf 79' lang='grc' dir='ltr'>ἡδονὴν</span> <span class='ocrx_word' id='word_1_356' title='bbox 481 1693 670 1729; x_wconf 82' lang='grc' dir='ltr'>ὐποστήσασα,</span> <span class='ocrx_word' id='word_1_357' title='bbox 690 1695 738 1722; x_wconf 75' lang='grc' dir='ltr'><strong>καὶ</strong></span> <span class='ocrx_word' id='word_1_358' title='bbox 753 1696 852 1731; x_wconf 75' lang='grc' dir='ltr'>ἑαυτὴν</span> 
     </span>
    </p>
   </div>
   <div class='ocr_carea' id='block_1_50' title="bbox 53 1734 852 1777">
    <p class='ocr_par' dir='ltr' id='par_1_50' title="bbox 53 1734 852 1777">
     <span class='ocr_line' id='line_1_51' title="bbox 53 1734 852 1777; baseline 0.011 -17"><span class='ocrx_word' id='word_1_359' title='bbox 53 1734 101 1761; x_wconf 79' lang='grc' dir='ltr'><strong>διὰ</strong></span> <span class='ocrx_word' id='word_1_360' title='bbox 116 1734 169 1770; x_wconf 84' lang='grc' dir='ltr'>τῆς</span> <span class='ocrx_word' id='word_1_361' title='bbox 180 1735 277 1772; x_wconf 77' lang='grc' dir='ltr'><strong>ἡδονῆς</strong></span> <span class='ocrx_word' id='word_1_362' title='bbox 290 1737 320 1763; x_wconf 85' lang='grc' dir='ltr'><strong>ὲν</strong></span> <span class='ocrx_word' id='word_1_363' title='bbox 333 1737 409 1773; x_wconf 75' lang='grc' dir='ltr'>αὐτῷ</span> <span class='ocrx_word' id='word_1_364' title='bbox 422 1738 607 1773; x_wconf 86' lang='grc' dir='ltr'>καθηλώσασα</span> <span class='ocrx_word' id='word_1_365' title='bbox 622 1740 661 1776; x_wconf 83' lang='grc' dir='ltr'>τῷ</span> <span class='ocrx_word' id='word_1_366' title='bbox 674 1741 793 1776; x_wconf 77' lang='grc' dir='ltr'>πυθμένι</span> <span class='ocrx_word' id='word_1_367' title='bbox 803 1743 852 1777; x_wconf 84' lang='grc' dir='ltr'>τῆς</span> 
     </span>
    </p>
   </div>
   <div class='ocr_carea' id='block_1_51' title="bbox 53 1779 850 1822">
    <p class='ocr_par' dir='ltr' id='par_1_51' title="bbox 53 1779 850 1822">
     <span class='ocr_line' id='line_1_52' title="bbox 53 1779 850 1822; baseline 0.011 -17"><span class='ocrx_word' id='word_1_368' title='bbox 53 1779 178 1814; x_wconf 77' lang='grc' dir='ltr'>φύσεως,</span> <span class='ocrx_word' id='word_1_369' title='bbox 193 1781 239 1808; x_wconf 83' lang='grc' dir='ltr'><strong>τὸν</strong></span> <span class='ocrx_word' id='word_1_370' title='bbox 254 1782 370 1810; x_wconf 78' lang='grc' dir='ltr'>θάνατον</span> <span class='ocrx_word' id='word_1_371' title='bbox 396 1784 445 1820; x_wconf 85' lang='grc' dir='ltr'>τῆς</span> <span class='ocrx_word' id='word_1_372' title='bbox 472 1785 537 1819; x_wconf 86' lang='grc' dir='ltr'>ὃλης</span> <span class='ocrx_word' id='word_1_373' title='bbox 562 1786 707 1822; x_wconf 81' lang='grc' dir='ltr'>κατέκρινε</span> <span class='ocrx_word' id='word_1_374' title='bbox 732 1786 850 1821; x_wconf 85' lang='grc' dir='ltr'>φύσεως,</span> 
     </span>
    </p>
   </div>
   <div class='ocr_carea' id='block_1_52' title="bbox 53 1825 851 1863">
    <p class='ocr_par' dir='ltr' id='par_1_52' title="bbox 53 1825 851 1863">
     <span class='ocr_line' id='line_1_53' title="bbox 53 1825 851 1863; baseline 0.01 -12"><span class='ocrx_word' id='word_1_375' title='bbox 53 1825 167 1853; x_wconf 78' lang='grc' dir='ltr'>ὠθοῦσα</span> <span class='ocrx_word' id='word_1_376' title='bbox 183 1827 251 1862; x_wconf 80' lang='grc' dir='ltr'>πρὸς</span> <span class='ocrx_word' id='word_1_377' title='bbox 264 1829 425 1863; x_wconf 77' lang='grc' dir='ltr'>ἀπογένεσιν</span> <span class='ocrx_word' id='word_1_378' title='bbox 438 1830 508 1857; x_wconf 84' lang='grc' dir='ltr'>κατὰ</span> <span class='ocrx_word' id='word_1_379' title='bbox 529 1831 576 1858; x_wconf 85' lang='grc' dir='ltr'><strong>τὸν</strong></span> <span class='ocrx_word' id='word_1_380' title='bbox 592 1831 708 1859; x_wconf 81' lang='grc' dir='ltr'>θάνατον</span> <span class='ocrx_word' id='word_1_381' title='bbox 733 1832 778 1859; x_wconf 84' lang='grc' dir='ltr'><strong>διὰ</strong></span> <span class='ocrx_word' id='word_1_382' title='bbox 803 1833 851 1860; x_wconf 78' lang='grc' dir='ltr'><strong>τοῦ</strong></span> 
     </span>
    </p>
   </div>
   <div class='ocr_carea' id='block_1_53' title="bbox 52 1871 851 1914">
    <p class='ocr_par' dir='ltr' id='par_1_53' title="bbox 52 1871 851 1914">
     <span class='ocr_line' id='line_1_54' title="bbox 52 1871 851 1914; baseline 0.009 -17"><span class='ocrx_word' id='word_1_383' title='bbox 52 1871 214 1908; x_wconf 77' lang='grc' dir='ltr'>ἀνθρώπου,</span> <span class='ocrx_word' id='word_1_384' title='bbox 234 1873 282 1909; x_wconf 84' lang='grc' dir='ltr'>τὴν</span> <span class='ocrx_word' id='word_1_385' title='bbox 304 1874 386 1909; x_wconf 85' lang='grc' dir='ltr'>φύσιν</span> <span class='ocrx_word' id='word_1_386' title='bbox 413 1875 468 1902; x_wconf 85' lang='grc' dir='ltr'>τῶν</span> <span class='ocrx_word' id='word_1_387' title='bbox 491 1876 655 1911; x_wconf 77' lang='grc' dir='ltr'><strong>γεγονότων.</strong></span> <span class='ocrx_word' id='word_1_388' title='bbox 689 1878 775 1906; x_wconf 86' lang='grc' dir='ltr'>Τοῦτο</span> <span class='ocrx_word' id='word_1_389' title='bbox 796 1879 851 1914; x_wconf 79' lang='grc' dir='ltr'><strong>γὰρ</strong></span> 
     </span>
    </p>
   </div>
   <div class='ocr_carea' id='block_1_54' title="bbox 51 1918 850 1960">
    <p class='ocr_par' dir='ltr' id='par_1_54' title="bbox 51 1918 850 1960">
     <span class='ocr_line' id='line_1_55' title="bbox 51 1918 850 1960; baseline 0.01 -17"><span class='ocrx_word' id='word_1_390' title='bbox 51 1918 103 1944; x_wconf 77' lang='grc' dir='ltr'><strong>καὶ</strong></span> <span class='ocrx_word' id='word_1_391' title='bbox 121 1920 304 1960; x_wconf 74' lang='grc' dir='ltr'>μεμηχάνητο</span> <span class='ocrx_word' id='word_1_392' title='bbox 317 1919 356 1955; x_wconf 82' lang='grc' dir='ltr'>τῷ</span> <span class='ocrx_word' id='word_1_393' title='bbox 372 1923 470 1956; x_wconf 82' lang='grc' dir='ltr'>σπορετ</span> <span class='ocrx_word' id='word_1_394' title='bbox 478 1923 528 1958; x_wconf 85' lang='grc' dir='ltr'>τῆς</span> <span class='ocrx_word' id='word_1_395' title='bbox 542 1923 690 1959; x_wconf 83' lang='grc' dir='ltr'>ἁμαρτίας,</span> <span class='ocrx_word' id='word_1_396' title='bbox 706 1923 753 1951; x_wconf 62' lang='grc' dir='ltr'><strong>καλ⁴</strong></span> <span class='ocrx_word' id='word_1_397' title='bbox 766 1925 850 1960; x_wconf 81' lang='grc' dir='ltr'>πατρὶ</span> 
     </span>
    </p>
   </div>
   <div class='ocr_carea' id='block_1_55' title="bbox 49 1956 850 2007">
    <p class='ocr_par' dir='ltr' id='par_1_55' title="bbox 49 1956 850 2007">
     <span class='ocr_line' id='line_1_56' title="bbox 49 1956 850 2007; baseline 0.009 -18"><span class='ocrx_word' id='word_1_398' title='bbox 49 1964 102 1999; x_wconf 76' lang='grc' dir='ltr'>τῆς</span> <span class='ocrx_word' id='word_1_399' title='bbox 113 1965 215 1996; x_wconf 79' lang='grc' dir='ltr'>κακίας</span> <span class='ocrx_word' id='word_1_400' title='bbox 229 1956 340 2001; x_wconf 59' lang='lat' dir='ltr'><strong>mv&#39;qptp</strong></span> <span class='ocrx_word' id='word_1_401' title='bbox 350 1966 475 2003; x_wconf 77' lang='grc' dir='ltr'>διαϐόλῳ,</span> <span class='ocrx_word' id='word_1_402' title='bbox 487 1956 527 2004; x_wconf 64' lang='grc' dir='ltr'>τῷ</span> <span class='ocrx_word' id='word_1_403' title='bbox 543 1956 638 1996; x_wconf 70' lang='grc' dir='ltr'>ἑαυτὸν</span> <span class='ocrx_word' id='word_1_404' title='bbox 655 1970 704 2005; x_wconf 84' lang='grc' dir='ltr'><strong>μὲν</strong></span> <span class='ocrx_word' id='word_1_405' title='bbox 723 1970 752 2004; x_wconf 77' lang='grc' dir='ltr'>ἐξ</span> <span class='ocrx_word' id='word_1_406' title='bbox 766 1956 850 2007; x_wconf 76' lang='grc' dir='ltr'>ὑπερ·</span> 
     </span>
    </p>
   </div>
   <div class='ocr_carea' id='block_1_56' title="bbox 50 2010 849 2051">
    <p class='ocr_par' dir='ltr' id='par_1_56' title="bbox 50 2010 849 2051">
     <span class='ocr_line' id='line_1_57' title="bbox 50 2010 849 2051; baseline 0.01 -16"><span class='ocrx_word' id='word_1_407' title='bbox 50 2011 174 2044; x_wconf 77' lang='grc' dir='ltr'>ηφανίας</span> <span class='ocrx_word' id='word_1_408' title='bbox 206 2010 258 2046; x_wconf 83' lang='grc' dir='ltr'>τῆς</span> <span class='ocrx_word' id='word_1_409' title='bbox 283 2011 358 2044; x_wconf 81' lang='grc' dir='ltr'>θείας</span> <span class='ocrx_word' id='word_1_410' title='bbox 383 2012 548 2045; x_wconf 80' lang='grc' dir='ltr'>ἐξοικίσαντι</span> <span class='ocrx_word' id='word_1_411' title='bbox 571 2015 661 2050; x_wconf 81' lang='grc' dir='ltr'><strong>δόξης,</strong></span> <span class='ocrx_word' id='word_1_412' title='bbox 683 2015 728 2043; x_wconf 82' lang='grc' dir='ltr'><strong>διὰ</strong></span> <span class='ocrx_word' id='word_1_413' title='bbox 751 2016 849 2051; x_wconf 84' lang='grc' dir='ltr'>φθόνον</span> 
     </span>
    </p>
   </div>
   <div class='ocr_carea' id='block_1_57' title="bbox 48 2057 850 2098">
    <p class='ocr_par' dir='ltr' id='par_1_57' title="bbox 48 2057 850 2098">
     <span class='ocr_line' id='line_1_58' title="bbox 48 2057 850 2098; baseline 0.009 -16"><span class='ocrx_word' id='word_1_414' title='bbox 48 2057 78 2083; x_wconf 80' lang='grc' dir='ltr'><strong>δὲ</strong></span> <span class='ocrx_word' id='word_1_415' title='bbox 95 2057 146 2083; x_wconf 74' lang='grc' dir='ltr'><strong>τόν</strong></span> <span class='ocrx_word' id='word_1_416' title='bbox 166 2065 196 2083; x_wconf 86' lang='grc' dir='ltr'><strong>τε</strong></span> <span class='ocrx_word' id='word_1_417' title='bbox 214 2057 283 2093; x_wconf 75' lang='grc' dir='ltr'>πρὸς</span> <span class='ocrx_word' id='word_1_418' title='bbox 298 2058 374 2093; x_wconf 79' lang='grc' dir='ltr'>ἡμᾶς</span> <span class='ocrx_word' id='word_1_419' title='bbox 398 2059 447 2086; x_wconf 75' lang='grc' dir='ltr'>καὶ</span> <span class='ocrx_word' id='word_1_420' title='bbox 471 2060 516 2087; x_wconf 83' lang='grc' dir='ltr'><strong>τὸν</strong></span> <span class='ocrx_word' id='word_1_421' title='bbox 539 2060 617 2094; x_wconf 76' lang='grc' dir='ltr'>Θεὸν,</span> <span class='ocrx_word' id='word_1_422' title='bbox 642 2061 689 2088; x_wconf 84' lang='grc' dir='ltr'><strong>τοῦ</strong></span> <span class='ocrx_word' id='word_1_423' title='bbox 718 2062 850 2098; x_wconf 86' lang='grc' dir='ltr'>παραδεί-</span> 
     </span>
    </p>
   </div>
   <div class='ocr_carea' id='block_1_58' title="bbox 50 2102 847 2144">
    <p class='ocr_par' dir='ltr' id='par_1_58' title="bbox 50 2102 847 2144">
     <span class='ocr_line' id='line_1_59' title="bbox 50 2102 847 2144; baseline 0.01 -16"><span class='ocrx_word' id='word_1_424' title='bbox 50 2110 102 2128; x_wconf 81' lang='grc' dir='ltr'><strong>σου</strong></span> <span class='ocrx_word' id='word_1_425' title='bbox 120 2102 168 2129; x_wconf 76' lang='grc' dir='ltr'>τὸν</span> <span class='ocrx_word' id='word_1_426' title='bbox 189 2103 275 2138; x_wconf 79' lang='grc' dir='ltr'><strong>Ἀδὰμ</strong></span> <span class='ocrx_word' id='word_1_427' title='bbox 299 2105 475 2139; x_wconf 78' lang='grc' dir='ltr'>ἔξοικίσαντι,</span> <span class='ocrx_word' id='word_1_428' title='bbox 501 2106 632 2141; x_wconf 81' lang='grc' dir='ltr'>ἀφανίσαι</span> <span class='ocrx_word' id='word_1_429' title='bbox 661 2108 696 2135; x_wconf 84' lang='grc' dir='ltr'>τὰ</span> <span class='ocrx_word' id='word_1_430' title='bbox 718 2108 786 2144; x_wconf 83' lang='grc' dir='ltr'>ἔργα</span> <span class='ocrx_word' id='word_1_431' title='bbox 800 2109 847 2136; x_wconf 88' lang='grc' dir='ltr'><strong>τοῦ</strong></span> 
     </span>
    </p>
   </div>
   <div class='ocr_carea' id='block_1_59' title="bbox 47 2148 773 2188">
    <p class='ocr_par' dir='ltr' id='par_1_59' title="bbox 47 2148 773 2188">
     <span class='ocr_line' id='line_1_60' title="bbox 47 2148 773 2188; baseline 0.01 -14"><span class='ocrx_word' id='word_1_432' title='bbox 47 2148 133 2182; x_wconf 71' lang='grc' dir='ltr'>θεοῦ,</span> <span class='ocrx_word' id='word_1_433' title='bbox 152 2149 200 2175; x_wconf 66' lang='grc' dir='ltr'>καὶ</span> <span class='ocrx_word' id='word_1_434' title='bbox 214 2148 339 2176; x_wconf 78' lang='grc' dir='ltr'>διαλῦσαι</span> <span class='ocrx_word' id='word_1_435' title='bbox 354 2151 388 2177; x_wconf 84' lang='grc' dir='ltr'>τὰ</span> <span class='ocrx_word' id='word_1_436' title='bbox 405 2151 560 2179; x_wconf 80' lang='grc' dir='ltr'>συνεστῶτα</span> <span class='ocrx_word' id='word_1_437' title='bbox 574 2153 642 2188; x_wconf 71' lang='grc' dir='ltr'>πρὸς</span> <span class='ocrx_word' id='word_1_438' title='bbox 655 2154 773 2188; x_wconf 87' lang='grc' dir='ltr'>γένεσιν.</span> 
     </span>
    </p>
   </div>
   <div class='ocr_carea' id='block_1_60' title="bbox 912 961 1705 1008">
    <p class='ocr_par' dir='ltr' id='par_1_60' title="bbox 912 961 1705 1008">
     <span class='ocr_line' id='line_1_61' title="bbox 912 961 1705 1008; baseline 0.021 -23"><span class='ocrx_word' id='word_1_439' title='bbox 912 961 1067 993; x_wconf 81' lang='lat' dir='ltr'><strong>consuevit,</strong></span> <span class='ocrx_word' id='word_1_440' title='bbox 1087 963 1214 998; x_wconf 80' lang='lat' dir='ltr'><strong>voluptas</strong></span> <span class='ocrx_word' id='word_1_441' title='bbox 1231 964 1375 1001; x_wconf 83' lang='lat' dir='ltr'><strong>libidoque</strong></span> <span class='ocrx_word' id='word_1_442' title='bbox 1389 967 1520 1002; x_wconf 78' lang='lat' dir='ltr'><strong>defuerit,</strong></span> <span class='ocrx_word' id='word_1_443' title='bbox 1540 971 1599 1006; x_wconf 89' lang='lat' dir='ltr'><strong>ipsa</strong></span> <span class='ocrx_word' id='word_1_444' title='bbox 1613 976 1705 1008; x_wconf 81' lang='lat' dir='ltr'><strong>palam</strong></span> 
     </span>
    </p>
   </div>
   <div class='ocr_carea' id='block_1_61' title="bbox 911 1006 1707 1048">
    <p class='ocr_par' dir='ltr' id='par_1_61' title="bbox 911 1006 1707 1048">
     <span class='ocr_line' id='line_1_62' title="bbox 911 1006 1707 1048; baseline 0.021 -17"><span class='ocrx_word' id='word_1_445' title='bbox 911 1006 1088 1040; x_wconf 66' lang='lat' dir='ltr'><strong>sempiternae</strong></span> <span class='ocrx_word' id='word_1_446' title='bbox 1111 1008 1175 1036; x_wconf 76' lang='lat' dir='ltr'><strong>vita:</strong></span> <span class='ocrx_word' id='word_1_447' title='bbox 1196 1017 1296 1044; x_wconf 88' lang='lat' dir='ltr'><strong>parens</strong></span> <span class='ocrx_word' id='word_1_448' title='bbox 1321 1012 1440 1041; x_wconf 81' lang='lat' dir='ltr'><strong>exsistit.</strong></span> <span class='ocrx_word' id='word_1_449' title='bbox 1467 1014 1707 1048; x_wconf 84' lang='lat' dir='ltr'><strong>Quemadmodum</strong></span> 
     </span>
    </p>
   </div>
   <div class='ocr_carea' id='block_1_62' title="bbox 910 1050 1707 1096">
    <p class='ocr_par' dir='ltr' id='par_1_62' title="bbox 910 1050 1707 1096">
     <span class='ocr_line' id='line_1_63' title="bbox 910 1050 1707 1096; baseline 0.023 -20"><span class='ocrx_word' id='word_1_450' title='bbox 910 1050 985 1077; x_wconf 91' lang='lat' dir='ltr'><strong>enim</strong></span> <span class='ocrx_word' id='word_1_451' title='bbox 1003 1051 1161 1087; x_wconf 88' lang='lat' dir='ltr'><strong>voluptaria</strong></span> <span class='ocrx_word' id='word_1_452' title='bbox 1178 1062 1211 1082; x_wconf 91' lang='lat' dir='ltr'><strong>ac</strong></span> <span class='ocrx_word' id='word_1_453' title='bbox 1223 1055 1375 1085; x_wconf 88' lang='lat' dir='ltr'><strong>libidinosa</strong></span> <span class='ocrx_word' id='word_1_454' title='bbox 1389 1059 1488 1087; x_wconf 85' lang='lat' dir='ltr'><strong>Adami</strong></span> <span class='ocrx_word' id='word_1_455' title='bbox 1503 1062 1576 1096; x_wconf 85' lang='lat' dir='ltr'><strong>vita,</strong></span> <span class='ocrx_word' id='word_1_456' title='bbox 1606 1067 1707 1094; x_wconf 81' lang='lat' dir='ltr'><strong>mortis</strong></span> 
     </span>
    </p>
   </div>
   <div class='ocr_carea' id='block_1_63' title="bbox 909 1097 1706 1144">
    <p class='ocr_par' dir='ltr' id='par_1_63' title="bbox 909 1097 1706 1144">
     <span class='ocr_line' id='line_1_64' title="bbox 909 1097 1706 1144; baseline 0.021 -21"><span class='ocrx_word' id='word_1_457' title='bbox 909 1103 942 1123; x_wconf 88' lang='lat' dir='ltr'><strong>ac</strong></span> <span class='ocrx_word' id='word_1_458' title='bbox 954 1097 1082 1126; x_wconf 88' lang='lat' dir='ltr'><strong>interitus</strong></span> <span class='ocrx_word' id='word_1_459' title='bbox 1093 1107 1193 1134; x_wconf 89' lang='lat' dir='ltr'><strong>parens</strong></span> <span class='ocrx_word' id='word_1_460' title='bbox 1202 1102 1306 1130; x_wconf 86' lang='lat' dir='ltr'><strong>exstitit</strong></span> <span class='ocrx_word' id='word_1_461' title='bbox 1321 1112 1327 1130; x_wconf 95' lang='lat'><strong>:</strong></span> <span class='ocrx_word' id='word_1_462' title='bbox 1345 1104 1384 1132; x_wconf 91' lang='lat' dir='ltr'><strong>sic</strong></span> <span class='ocrx_word' id='word_1_463' title='bbox 1394 1113 1506 1142; x_wconf 89' lang='lat' dir='ltr'><strong>quoque</strong></span> <span class='ocrx_word' id='word_1_464' title='bbox 1517 1116 1599 1144; x_wconf 87' lang='lat' dir='ltr'><strong>quam</strong></span> <span class='ocrx_word' id='word_1_465' title='bbox 1610 1111 1706 1139; x_wconf 77' lang='lat' dir='ltr'><strong>Domi—</strong></span> 
     </span>
    </p>
   </div>
   <div class='ocr_carea' id='block_1_64' title="bbox 875 1145 1705 1189">
    <p class='ocr_par' dir='ltr' id='par_1_64' title="bbox 875 1145 1705 1189">
     <span class='ocr_line' id='line_1_65' title="bbox 875 1145 1705 1189; baseline 0.024 -22"><span class='ocrx_word' id='word_1_466' title='bbox 875 1147 877 1151; x_wconf 75' lang='lat'><em>&#39;</em></span> <span class='ocrx_word' id='word_1_467' title='bbox 909 1150 962 1169; x_wconf 91' lang='lat' dir='ltr'><strong>nus</strong></span> <span class='ocrx_word' id='word_1_468' title='bbox 972 1149 1086 1179; x_wconf 83' lang='lat' dir='ltr'><strong>propter</strong></span> <span class='ocrx_word' id='word_1_469' title='bbox 1096 1145 1232 1175; x_wconf 85' lang='lat' dir='ltr'><strong>Adamu‘m</strong></span> <span class='ocrx_word' id='word_1_470' title='bbox 1238 1153 1359 1186; x_wconf 74' lang='lat' dir='ltr'><strong>mortem</strong></span> <span class='ocrx_word' id='word_1_471' title='bbox 1375 1151 1471 1187; x_wconf 85' lang='lat' dir='ltr'><strong>subiit,</strong></span> <span class='ocrx_word' id='word_1_472' title='bbox 1487 1161 1548 1189; x_wconf 81' lang='lat' dir='ltr'><strong>quae</strong></span> <span class='ocrx_word' id='word_1_473' title='bbox 1558 1156 1593 1184; x_wconf 87' lang='lat' dir='ltr'><strong>ab</strong></span> <span class='ocrx_word' id='word_1_474' title='bbox 1606 1156 1705 1187; x_wconf 81' lang='lat' dir='ltr'><strong>Adami</strong></span> 
     </span>
    </p>
   </div>
   <div class='ocr_carea' id='block_1_65' title="bbox 908 1187 1706 1236">
    <p class='ocr_par' dir='ltr' id='par_1_65' title="bbox 908 1187 1706 1236">
     <span class='ocr_line' id='line_1_66' title="bbox 908 1187 1706 1236; baseline 0.024 -22"><span class='ocrx_word' id='word_1_475' title='bbox 908 1187 1024 1216; x_wconf 85' lang='lat' dir='ltr'><strong>libidine</strong></span> <span class='ocrx_word' id='word_1_476' title='bbox 1035 1198 1069 1217; x_wconf 90' lang='lat' dir='ltr'><strong>ac</strong></span> <span class='ocrx_word' id='word_1_477' title='bbox 1086 1192 1228 1227; x_wconf 85' lang='lat' dir='ltr'><strong>voluptate</strong></span> <span class='ocrx_word' id='word_1_478' title='bbox 1244 1193 1377 1224; x_wconf 89' lang='lat' dir='ltr'><strong>immunis</strong></span> <span class='ocrx_word' id='word_1_479' title='bbox 1389 1197 1435 1231; x_wconf 88' lang='lat' dir='ltr'><strong>sit,</strong></span> <span class='ocrx_word' id='word_1_480' title='bbox 1451 1187 1629 1236; x_wconf 59' lang='lat' dir='ltr'><strong>sempiterna</strong></span> <span class='ocrx_word' id='word_1_481' title='bbox 1642 1205 1706 1234; x_wconf 63' lang='lat' dir='ltr'><strong>vitae</strong></span> 
     </span>
    </p>
   </div>
   <div class='ocr_carea' id='block_1_66' title="bbox 908 1242 1141 1274">
    <p class='ocr_par' dir='ltr' id='par_1_66' title="bbox 908 1242 1141 1274">
     <span class='ocr_line' id='line_1_67' title="bbox 908 1242 1141 1274; baseline 0.021 -8"><span class='ocrx_word' id='word_1_482' title='bbox 908 1247 1010 1274; x_wconf 89' lang='lat' dir='ltr'><strong>parens</strong></span> <span class='ocrx_word' id='word_1_483' title='bbox 1022 1242 1141 1271; x_wconf 83' lang='lat' dir='ltr'><strong>exsistit.</strong></span> 
     </span>
    </p>
   </div>
   <div class='ocr_carea' id='block_1_67' title="bbox 943 1286 1704 1334">
    <p class='ocr_par' dir='ltr' id='par_1_67' title="bbox 943 1286 1704 1334">
     <span class='ocr_line' id='line_1_68' title="bbox 943 1286 1704 1334; baseline 0.026 -22"><span class='ocrx_word' id='word_1_484' title='bbox 943 1286 988 1313; x_wconf 71' lang='grc'><strong>46.</strong></span> <span class='ocrx_word' id='word_1_485' title='bbox 1008 1287 1166 1317; x_wconf 87' lang='lat' dir='ltr'><strong>Humanum</strong></span> <span class='ocrx_word' id='word_1_486' title='bbox 1182 1299 1270 1327; x_wconf 77' lang='lat' dir='ltr'><strong>genus</strong></span> <span class='ocrx_word' id='word_1_487' title='bbox 1281 1301 1297 1321; x_wconf 89' lang='lat' dir='ltr'><strong>a</strong></span> <span class='ocrx_word' id='word_1_488' title='bbox 1316 1299 1550 1334; x_wconf 79' lang='lat' dir='ltr'><strong>transgressione,</strong></span> <span class='ocrx_word' id='word_1_489' title='bbox 1563 1307 1643 1330; x_wconf 89' lang='lat' dir='ltr'><strong>ortus</strong></span> <span class='ocrx_word' id='word_1_490' title='bbox 1660 1306 1704 1332; x_wconf 91' lang='lat' dir='ltr'><strong>sui</strong></span> 
     </span>
    </p>
   </div>
   <div class='ocr_carea' id='block_1_68' title="bbox 907 1331 1704 1377">
    <p class='ocr_par' dir='ltr' id='par_1_68' title="bbox 907 1331 1704 1377">
     <span class='ocr_line' id='line_1_69' title="bbox 907 1331 1704 1377; baseline 0.028 -21"><span class='ocrx_word' id='word_1_491' title='bbox 907 1331 1055 1366; x_wconf 87' lang='lat' dir='ltr'><strong>originem,</strong></span> <span class='ocrx_word' id='word_1_492' title='bbox 1080 1335 1267 1371; x_wconf 87' lang='lat' dir='ltr'><strong>voluptariam</strong></span> <span class='ocrx_word' id='word_1_493' title='bbox 1292 1348 1325 1368; x_wconf 87' lang='lat' dir='ltr'><strong>ac</strong></span> <span class='ocrx_word' id='word_1_494' title='bbox 1342 1331 1521 1372; x_wconf 74' lang='lat' dir='ltr'><strong>libidinosam</strong></span> <span class='ocrx_word' id='word_1_495' title='bbox 1537 1354 1571 1374; x_wconf 83' lang='lat' dir='ltr'><strong>ex</strong></span> <span class='ocrx_word' id='word_1_496' title='bbox 1596 1349 1704 1377; x_wconf 85' lang='lat' dir='ltr'><strong>semine</strong></span> 
     </span>
    </p>
   </div>
   <div class='ocr_carea' id='block_1_69' title="bbox 906 1382 1704 1433">
    <p class='ocr_par' dir='ltr' id='par_1_69' title="bbox 906 1382 1704 1433">
     <span class='ocr_line' id='line_1_70' title="bbox 906 1382 1704 1433; baseline 0.026 -30"><span class='ocrx_word' id='word_1_497' title='bbox 906 1382 1019 1406; x_wconf 90' lang='lat' dir='ltr'><strong>nactum</strong></span> <span class='ocrx_word' id='word_1_498' title='bbox 1037 1384 1079 1408; x_wconf 90' lang='lat' dir='ltr'><strong>est</strong></span> <span class='ocrx_word' id='word_1_499' title='bbox 1095 1384 1304 1419; x_wconf 86' lang='lat' dir='ltr'><strong>conceptionem</strong></span> <span class='ocrx_word' id='word_1_500' title='bbox 1316 1407 1324 1420; x_wconf 91' lang='lat'><strong>,</strong></span> <span class='ocrx_word' id='word_1_501' title='bbox 1344 1395 1433 1424; x_wconf 83' lang='lat' dir='ltr'><strong>exque</strong></span> <span class='ocrx_word' id='word_1_502' title='bbox 1450 1390 1572 1421; x_wconf 82' lang='lat' dir='ltr'><strong>ﬂuxione</strong></span> <span class='ocrx_word' id='word_1_503' title='bbox 1597 1395 1704 1433; x_wconf 85' lang='lat' dir='ltr'><strong>nativi-</strong></span> 
     </span>
    </p>
   </div>
   <div class='ocr_carea' id='block_1_70' title="bbox 907 1427 1702 1470">
    <p class='ocr_par' dir='ltr' id='par_1_70' title="bbox 907 1427 1702 1470">
     <span class='ocr_line' id='line_1_71' title="bbox 907 1427 1702 1470; baseline 0.026 -21"><span class='ocrx_word' id='word_1_504' title='bbox 907 1427 1007 1458; x_wconf 87' lang='lat' dir='ltr'><strong>tatem;</strong></span> <span class='ocrx_word' id='word_1_505' title='bbox 1022 1433 1054 1454; x_wconf 88' lang='lat' dir='ltr'><strong>ac</strong></span> <span class='ocrx_word' id='word_1_506' title='bbox 1069 1433 1212 1462; x_wconf 86' lang='lat' dir='ltr'><strong>postremo</strong></span> <span class='ocrx_word' id='word_1_507' title='bbox 1229 1431 1326 1467; x_wconf 84' lang='lat' dir='ltr'><strong>ﬁnem,</strong></span> <span class='ocrx_word' id='word_1_508' title='bbox 1346 1442 1409 1470; x_wconf 70' lang='lat' dir='ltr'><strong>qua:</strong></span> <span class='ocrx_word' id='word_1_509' title='bbox 1423 1436 1519 1466; x_wconf 90' lang='lat' dir='ltr'><strong>labore</strong></span> <span class='ocrx_word' id='word_1_510' title='bbox 1537 1444 1566 1467; x_wconf 92' lang='lat' dir='ltr'><strong>et</strong></span> <span class='ocrx_word' id='word_1_511' title='bbox 1578 1430 1702 1470; x_wconf 60' lang='lat' dir='ltr'><strong>aerumna</strong></span> 
     </span>
    </p>
   </div>
   <div class='ocr_carea' id='block_1_71' title="bbox 905 1470 1701 1522">
    <p class='ocr_par' dir='ltr' id='par_1_71' title="bbox 905 1470 1701 1522">
     <span class='ocr_line' id='line_1_72' title="bbox 905 1470 1701 1522; baseline 0.025 -26"><span class='ocrx_word' id='word_1_512' title='bbox 905 1470 1052 1506; x_wconf 82' lang='lat' dir='ltr'><strong>conﬂatur,</strong></span> <span class='ocrx_word' id='word_1_513' title='bbox 1068 1475 1167 1503; x_wconf 88' lang='lat' dir='ltr'><strong>mortis</strong></span> <span class='ocrx_word' id='word_1_514' title='bbox 1178 1476 1367 1507; x_wconf 89' lang='lat' dir='ltr'><strong>interitionem</strong></span> <span class='ocrx_word' id='word_1_515' title='bbox 1383 1490 1389 1507; x_wconf 90' lang='lat'>:</span> <span class='ocrx_word' id='word_1_516' title='bbox 1403 1482 1538 1513; x_wconf 89' lang='lat' dir='ltr'><strong>Dominus</strong></span> <span class='ocrx_word' id='word_1_517' title='bbox 1552 1493 1617 1514; x_wconf 86' lang='lat' dir='ltr'><strong>vero</strong></span> <span class='ocrx_word' id='word_1_518' title='bbox 1629 1507 1636 1519; x_wconf 91' lang='lat'><strong>,</strong></span> <span class='ocrx_word' id='word_1_519' title='bbox 1653 1489 1701 1522; x_wconf 87' lang='lat' dir='ltr'><strong>qui</strong></span> 
     </span>
    </p>
   </div>
   <div class='ocr_carea' id='block_1_72' title="bbox 905 1515 1701 1568">
    <p class='ocr_par' dir='ltr' id='par_1_72' title="bbox 905 1515 1701 1568">
     <span class='ocr_line' id='line_1_73' title="bbox 905 1515 1701 1568; baseline 0.025 -26"><span class='ocrx_word' id='word_1_520' title='bbox 905 1515 976 1544; x_wconf 86' lang='lat' dir='ltr'><strong>hanc</strong></span> <span class='ocrx_word' id='word_1_521' title='bbox 1004 1526 1060 1547; x_wconf 88' lang='lat' dir='ltr'><strong>non</strong></span> <span class='ocrx_word' id='word_1_522' title='bbox 1087 1520 1204 1550; x_wconf 83' lang='lat' dir='ltr'><strong>haberet</strong></span> <span class='ocrx_word' id='word_1_523' title='bbox 1225 1525 1381 1554; x_wconf 83' lang='lat' dir='ltr'><strong>nativitatis</strong></span> <span class='ocrx_word' id='word_1_524' title='bbox 1407 1530 1529 1558; x_wconf 85' lang='lat' dir='ltr'><strong>carnalis</strong></span> <span class='ocrx_word' id='word_1_525' title='bbox 1553 1533 1701 1568; x_wconf 80' lang='lat' dir='ltr'><strong>originem.</strong></span> 
     </span>
    </p>
   </div>
   <div class='ocr_carea' id='block_1_73' title="bbox 906 1562 1608 1606">
    <p class='ocr_par' dir='ltr' id='par_1_73' title="bbox 906 1562 1608 1606">
     <span class='ocr_line' id='line_1_74' title="bbox 906 1562 1608 1606; baseline 0.024 -19"><span class='ocrx_word' id='word_1_526' title='bbox 906 1568 958 1588; x_wconf 89' lang='lat' dir='ltr'><strong>nec</strong></span> <span class='ocrx_word' id='word_1_527' title='bbox 972 1562 1056 1590; x_wconf 85' lang='lat' dir='ltr'><strong>etiam</strong></span> <span class='ocrx_word' id='word_1_528' title='bbox 1073 1564 1121 1592; x_wconf 79' lang='lat' dir='ltr'><strong>fini</strong></span> <span class='ocrx_word' id='word_1_529' title='bbox 1140 1565 1235 1602; x_wconf 90' lang='lat' dir='ltr'><strong>(morti</strong></span> <span class='ocrx_word' id='word_1_530' title='bbox 1251 1569 1370 1606; x_wconf 89' lang='lat' dir='ltr'><strong>scilicet)</strong></span> <span class='ocrx_word' id='word_1_531' title='bbox 1385 1572 1523 1602; x_wconf 86' lang='lat' dir='ltr'><strong>obnoxius</strong></span> <span class='ocrx_word' id='word_1_532' title='bbox 1538 1562 1608 1604; x_wconf 39' lang='lat' dir='ltr'><strong>erat“.</strong></span> 
     </span>
    </p>
   </div>
   <div class='ocr_carea' id='block_1_74' title="bbox 941 1607 1701 1654">
    <p class='ocr_par' dir='ltr' id='par_1_74' title="bbox 941 1607 1701 1654">
     <span class='ocr_line' id='line_1_75' title="bbox 941 1607 1701 1654; baseline 0.024 -20"><span class='ocrx_word' id='word_1_533' title='bbox 941 1607 987 1635; x_wconf 76' lang='lat'><strong>47.</strong></span> <span class='ocrx_word' id='word_1_534' title='bbox 1004 1609 1162 1645; x_wconf 85' lang='lat' dir='ltr'><strong>Peccatum,</strong></span> <span class='ocrx_word' id='word_1_535' title='bbox 1175 1614 1252 1642; x_wconf 80' lang='lat' dir='ltr'><strong>velut</strong></span> <span class='ocrx_word' id='word_1_536' title='bbox 1271 1616 1365 1644; x_wconf 88' lang='lat' dir='ltr'><strong>oblata</strong></span> <span class='ocrx_word' id='word_1_537' title='bbox 1385 1626 1448 1647; x_wconf 86' lang='lat' dir='ltr'><strong>esca</strong></span> <span class='ocrx_word' id='word_1_538' title='bbox 1462 1640 1469 1652; x_wconf 93' lang='lat'><strong>,</strong></span> <span class='ocrx_word' id='word_1_539' title='bbox 1487 1621 1624 1650; x_wconf 83' lang='lat' dir='ltr'><strong>Adamuui</strong></span> <span class='ocrx_word' id='word_1_540' title='bbox 1638 1644 1645 1654; x_wconf 85' lang='lat'><strong>,</strong></span> <span class='ocrx_word' id='word_1_541' title='bbox 1671 1630 1701 1652; x_wconf 92' lang='lat' dir='ltr'><strong>ut</strong></span> 
     </span>
    </p>
   </div>
   <div class='ocr_carea' id='block_1_75' title="bbox 905 1652 1698 1697">
    <p class='ocr_par' dir='ltr' id='par_1_75' title="bbox 905 1652 1698 1697">
     <span class='ocr_line' id='line_1_76' title="bbox 905 1652 1698 1697; baseline 0.024 -18"><span class='ocrx_word' id='word_1_542' title='bbox 905 1652 993 1681; x_wconf 85' lang='lat' dir='ltr'><strong>divini</strong></span> <span class='ocrx_word' id='word_1_543' title='bbox 1013 1659 1202 1692; x_wconf 78' lang='lat' dir='ltr'><strong>transgressor</strong></span> <span class='ocrx_word' id='word_1_544' title='bbox 1221 1662 1343 1689; x_wconf 87' lang='lat' dir='ltr'><strong>mandati</strong></span> <span class='ocrx_word' id='word_1_545' title='bbox 1362 1664 1442 1692; x_wconf 80' lang='lat' dir='ltr'><strong>ﬁeret</strong></span> <span class='ocrx_word' id='word_1_546' title='bbox 1460 1666 1542 1695; x_wconf 87' lang='lat' dir='ltr'><strong>initio</strong></span> <span class='ocrx_word' id='word_1_547' title='bbox 1561 1668 1672 1697; x_wconf 80' lang='lat' dir='ltr'><strong>induxit</strong></span> <span class='ocrx_word' id='word_1_548' title='bbox 1691 1682 1698 1697; x_wconf 89' lang='lat'><strong>:</strong></span> 
     </span>
    </p>
   </div>
   <div class='ocr_carea' id='block_1_76' title="bbox 904 1706 1699 1744">
    <p class='ocr_par' dir='ltr' id='par_1_76' title="bbox 904 1706 1699 1744">
     <span class='ocr_line' id='line_1_77' title="bbox 904 1706 1699 1744; baseline 0.023 -18"><span class='ocrx_word' id='word_1_549' title='bbox 904 1707 958 1733; x_wconf 87' lang='lat' dir='ltr'><strong>qua</strong></span> <span class='ocrx_word' id='word_1_550' title='bbox 974 1708 1074 1736; x_wconf 87' lang='lat' dir='ltr'><strong>nempe</strong></span> <span class='ocrx_word' id='word_1_551' title='bbox 1099 1709 1197 1731; x_wconf 87' lang='lat' dir='ltr'><strong>auctor</strong></span> <span class='ocrx_word' id='word_1_552' title='bbox 1222 1706 1262 1733; x_wconf 93' lang='lat' dir='ltr'><strong>illi</strong></span> <span class='ocrx_word' id='word_1_553' title='bbox 1279 1709 1432 1744; x_wconf 88' lang='lat' dir='ltr'><strong>voluptatis</strong></span> <span class='ocrx_word' id='word_1_554' title='bbox 1452 1711 1555 1740; x_wconf 81' lang='lat' dir='ltr'><strong>factum</strong></span> <span class='ocrx_word' id='word_1_555' title='bbox 1579 1722 1611 1742; x_wconf 88' lang='lat' dir='ltr'><strong>ac</strong></span> <span class='ocrx_word' id='word_1_556' title='bbox 1633 1715 1699 1743; x_wconf 86' lang='lat' dir='ltr'><strong>libi-</strong></span> 
     </span>
    </p>
   </div>
   <div class='ocr_carea' id='block_1_77' title="bbox 904 1745 1699 1790">
    <p class='ocr_par' dir='ltr' id='par_1_77' title="bbox 904 1745 1699 1790">
     <span class='ocr_line' id='line_1_78' title="bbox 904 1745 1699 1790; baseline 0.024 -19"><span class='ocrx_word' id='word_1_557' title='bbox 904 1745 988 1778; x_wconf 90' lang='lat' dir='ltr'><strong>dinis,</strong></span> <span class='ocrx_word' id='word_1_558' title='bbox 1009 1755 1114 1783; x_wconf 90' lang='lat' dir='ltr'><strong>perque</strong></span> <span class='ocrx_word' id='word_1_559' title='bbox 1139 1750 1238 1785; x_wconf 86' lang='lat' dir='ltr'><strong>ipsam,</strong></span> <span class='ocrx_word' id='word_1_560' title='bbox 1255 1752 1324 1787; x_wconf 86' lang='lat' dir='ltr'><strong>ipsis</strong></span> <span class='ocrx_word' id='word_1_561' title='bbox 1339 1760 1445 1784; x_wconf 68' lang='lat' dir='ltr'><strong>naturae</strong></span> <span class='ocrx_word' id='word_1_562' title='bbox 1459 1758 1523 1786; x_wconf 92' lang='lat' dir='ltr'><strong>imis</strong></span> <span class='ocrx_word' id='word_1_563' title='bbox 1543 1760 1699 1790; x_wconf 72' lang='lat' dir='ltr'><strong>visceribus</strong></span> 
     </span>
    </p>
   </div>
   <div class='ocr_carea' id='block_1_78' title="bbox 903 1791 1695 1839">
    <p class='ocr_par' dir='ltr' id='par_1_78' title="bbox 903 1791 1695 1839">
     <span class='ocr_line' id='line_1_79' title="bbox 903 1791 1695 1839; baseline 0.024 -23"><span class='ocrx_word' id='word_1_564' title='bbox 903 1791 958 1818; x_wconf 85' lang='lat' dir='ltr'><strong>alte</strong></span> <span class='ocrx_word' id='word_1_565' title='bbox 970 1791 1095 1826; x_wconf 83' lang='lat' dir='ltr'><strong>inﬁxum,</strong></span> <span class='ocrx_word' id='word_1_566' title='bbox 1109 1799 1236 1824; x_wconf 90' lang='lat' dir='ltr'><strong>naturam</strong></span> <span class='ocrx_word' id='word_1_567' title='bbox 1248 1805 1359 1827; x_wconf 89' lang='lat' dir='ltr'><strong>omnem</strong></span> <span class='ocrx_word' id='word_1_568' title='bbox 1375 1803 1473 1831; x_wconf 89' lang='lat' dir='ltr'><strong>mortis</strong></span> <span class='ocrx_word' id='word_1_569' title='bbox 1483 1812 1557 1832; x_wconf 90' lang='lat' dir='ltr'><strong>ream</strong></span> <span class='ocrx_word' id='word_1_570' title='bbox 1571 1807 1695 1839; x_wconf 86' lang='lat' dir='ltr'><strong>addixit;</strong></span> 
     </span>
    </p>
   </div>
   <div class='ocr_carea' id='block_1_79' title="bbox 903 1834 1697 1882">
    <p class='ocr_par' dir='ltr' id='par_1_79' title="bbox 903 1834 1697 1882">
     <span class='ocr_line' id='line_1_80' title="bbox 903 1834 1697 1882; baseline 0.024 -19"><span class='ocrx_word' id='word_1_571' title='bbox 903 1834 1024 1866; x_wconf 87' lang='lat' dir='ltr'><strong>hominis</strong></span> <span class='ocrx_word' id='word_1_572' title='bbox 1040 1839 1087 1867; x_wconf 88' lang='lat' dir='ltr'><strong>illo</strong></span> <span class='ocrx_word' id='word_1_573' title='bbox 1103 1846 1192 1874; x_wconf 89' lang='lat' dir='ltr'><strong>reatu,</strong></span> <span class='ocrx_word' id='word_1_574' title='bbox 1205 1849 1365 1874; x_wconf 90' lang='lat' dir='ltr'><strong>creatorum</strong></span> <span class='ocrx_word' id='word_1_575' title='bbox 1379 1855 1466 1882; x_wconf 78' lang='lat' dir='ltr'><strong>genus</strong></span> <span class='ocrx_word' id='word_1_576' title='bbox 1477 1858 1559 1879; x_wconf 88' lang='lat' dir='ltr'><strong>omne</strong></span> <span class='ocrx_word' id='word_1_577' title='bbox 1575 1852 1602 1880; x_wconf 91' lang='lat' dir='ltr'><strong>in</strong></span> <span class='ocrx_word' id='word_1_578' title='bbox 1616 1853 1697 1881; x_wconf 81' lang='lat' dir='ltr'><strong>nihili</strong></span> 
     </span>
    </p>
   </div>
   <div class='ocr_carea' id='block_1_80' title="bbox 903 1880 1695 1931">
    <p class='ocr_par' dir='ltr' id='par_1_80' title="bbox 903 1880 1695 1931">
     <span class='ocr_line' id='line_1_81' title="bbox 903 1880 1695 1931; baseline 0.025 -23"><span class='ocrx_word' id='word_1_579' title='bbox 903 1880 1074 1918; x_wconf 88' lang='lat' dir='ltr'><strong>barathrum,</strong></span> <span class='ocrx_word' id='word_1_580' title='bbox 1092 1890 1122 1914; x_wconf 85' lang='lat' dir='ltr'><strong>et</strong></span> <span class='ocrx_word' id='word_1_581' title='bbox 1140 1891 1171 1914; x_wconf 86' lang='lat' dir='ltr'><strong>ut</strong></span> <span class='ocrx_word' id='word_1_582' title='bbox 1185 1895 1220 1916; x_wconf 87' lang='lat' dir='ltr'><strong>ne</strong></span> <span class='ocrx_word' id='word_1_583' title='bbox 1233 1889 1290 1917; x_wconf 88' lang='lat' dir='ltr'><strong>sint</strong></span> <span class='ocrx_word' id='word_1_584' title='bbox 1311 1880 1425 1926; x_wconf 76' lang='lat' dir='ltr'><strong>quidem</strong></span> <span class='ocrx_word' id='word_1_585' title='bbox 1442 1895 1599 1931; x_wconf 87' lang='lat' dir='ltr'><strong>impellens.</strong></span> <span class='ocrx_word' id='word_1_586' title='bbox 1627 1900 1695 1928; x_wconf 86' lang='lat' dir='ltr'><strong>Nam</strong></span> 
     </span>
    </p>
   </div>
   <div class='ocr_carea' id='block_1_81' title="bbox 902 1926 1696 1978">
    <p class='ocr_par' dir='ltr' id='par_1_81' title="bbox 902 1926 1696 1978">
     <span class='ocr_line' id='line_1_82' title="bbox 902 1926 1696 1978; baseline 0.026 -25"><span class='ocrx_word' id='word_1_587' title='bbox 902 1926 955 1954; x_wconf 90' lang='lat' dir='ltr'><strong>hoc</strong></span> <span class='ocrx_word' id='word_1_588' title='bbox 976 1936 1087 1964; x_wconf 85' lang='lat' dir='ltr'><strong>quoque</strong></span> <span class='ocrx_word' id='word_1_589' title='bbox 1106 1932 1219 1962; x_wconf 89' lang='lat' dir='ltr'><strong>molitus</strong></span> <span class='ocrx_word' id='word_1_590' title='bbox 1236 1941 1297 1964; x_wconf 88' lang='lat' dir='ltr'><strong>erat</strong></span> <span class='ocrx_word' id='word_1_591' title='bbox 1322 1941 1429 1972; x_wconf 89' lang='lat' dir='ltr'><strong>peccati</strong></span> <span class='ocrx_word' id='word_1_592' title='bbox 1446 1926 1522 1969; x_wconf 69' lang='lat' dir='ltr'><strong>sator</strong></span> <span class='ocrx_word' id='word_1_593' title='bbox 1544 1945 1696 1978; x_wconf 84' lang='lat' dir='ltr'><strong>pessimus-</strong></span> 
     </span>
    </p>
   </div>
   <div class='ocr_carea' id='block_1_82' title="bbox 901 1977 1696 2028">
    <p class='ocr_par' dir='ltr' id='par_1_82' title="bbox 901 1977 1696 2028">
     <span class='ocr_line' id='line_1_83' title="bbox 901 1977 1696 2028; baseline 0.026 -28"><span class='ocrx_word' id='word_1_594' title='bbox 901 1982 954 2008; x_wconf 87' lang='lat' dir='ltr'><strong>que</strong></span> <span class='ocrx_word' id='word_1_595' title='bbox 968 1977 1098 2011; x_wconf 72' lang='lat' dir='ltr'><strong>nequitiac</strong></span> <span class='ocrx_word' id='word_1_596' title='bbox 1111 1987 1214 2014; x_wconf 88' lang='lat' dir='ltr'><strong>parens</strong></span> <span class='ocrx_word' id='word_1_597' title='bbox 1228 1982 1367 2018; x_wconf 84' lang='lat' dir='ltr'><strong>diabolus,</strong></span> <span class='ocrx_word' id='word_1_598' title='bbox 1382 1987 1430 2021; x_wconf 85' lang='lat' dir='ltr'><strong>qui</strong></span> <span class='ocrx_word' id='word_1_599' title='bbox 1449 1992 1506 2016; x_wconf 90' lang='lat' dir='ltr'><strong>tum</strong></span> <span class='ocrx_word' id='word_1_600' title='bbox 1520 1977 1551 2017; x_wconf 79' lang='lat' dir='ltr'><strong>se</strong></span> <span class='ocrx_word' id='word_1_601' title='bbox 1570 1991 1630 2026; x_wconf 88' lang='lat' dir='ltr'><strong>ipse</strong></span> <span class='ocrx_word' id='word_1_602' title='bbox 1644 1991 1696 2028; x_wconf 81' lang='lat' dir='ltr'><strong>per</strong></span> 
     </span>
    </p>
   </div>
   <div class='ocr_carea' id='block_1_83' title="bbox 901 2020 1695 2067">
    <p class='ocr_par' dir='ltr' id='par_1_83' title="bbox 901 2020 1695 2067">
     <span class='ocr_line' id='line_1_84' title="bbox 901 2020 1695 2067; baseline 0.024 -20"><span class='ocrx_word' id='word_1_603' title='bbox 901 2020 1060 2055; x_wconf 82' lang='lat' dir='ltr'><strong>superbiam</strong></span> <span class='ocrx_word' id='word_1_604' title='bbox 1077 2031 1093 2051; x_wconf 87' lang='lat' dir='ltr'><strong>a</strong></span> <span class='ocrx_word' id='word_1_605' title='bbox 1107 2024 1200 2053; x_wconf 89' lang='lat' dir='ltr'><strong>divina</strong></span> <span class='ocrx_word' id='word_1_606' title='bbox 1218 2027 1346 2058; x_wconf 86' lang='lat' dir='ltr'><strong>claritate</strong></span> <span class='ocrx_word' id='word_1_607' title='bbox 1363 2020 1525 2067; x_wconf 77' lang='lat' dir='ltr'><strong>extruserit,</strong></span> <span class='ocrx_word' id='word_1_608' title='bbox 1543 2041 1601 2063; x_wconf 89' lang='lat' dir='ltr'><strong>tum</strong></span> <span class='ocrx_word' id='word_1_609' title='bbox 1620 2038 1695 2066; x_wconf 78' lang='lat' dir='ltr'><strong>Ada-</strong></span> 
     </span>
    </p>
   </div>
   <div class='ocr_carea' id='block_1_84' title="bbox 900 2068 1694 2117">
    <p class='ocr_par' dir='ltr' id='par_1_84' title="bbox 900 2068 1694 2117">
     <span class='ocr_line' id='line_1_85' title="bbox 900 2068 1694 2117; baseline 0.026 -26"><span class='ocrx_word' id='word_1_610' title='bbox 900 2072 975 2092; x_wconf 92' lang='lat' dir='ltr'><strong>mum</strong></span> <span class='ocrx_word' id='word_1_611' title='bbox 991 2074 1042 2102; x_wconf 89' lang='lat' dir='ltr'><strong>per</strong></span> <span class='ocrx_word' id='word_1_612' title='bbox 1053 2068 1185 2099; x_wconf 89' lang='lat' dir='ltr'><strong>invidiam</strong></span> <span class='ocrx_word' id='word_1_613' title='bbox 1200 2072 1229 2100; x_wconf 90' lang='lat' dir='ltr'><strong>in</strong></span> <span class='ocrx_word' id='word_1_614' title='bbox 1238 2082 1289 2102; x_wconf 91' lang='lat' dir='ltr'><strong>nos</strong></span> <span class='ocrx_word' id='word_1_615' title='bbox 1303 2077 1409 2110; x_wconf 90' lang='lat' dir='ltr'><strong>pariter</strong></span> <span class='ocrx_word' id='word_1_616' title='bbox 1422 2087 1454 2106; x_wconf 83' lang='lat' dir='ltr'><strong>ac</strong></span> <span class='ocrx_word' id='word_1_617' title='bbox 1469 2079 1554 2108; x_wconf 88' lang='lat' dir='ltr'><strong>Deum</strong></span> <span class='ocrx_word' id='word_1_618' title='bbox 1565 2084 1694 2117; x_wconf 68' lang='lat' dir='ltr'><strong>paradiso</strong></span> 
     </span>
    </p>
   </div>
   <div class='ocr_carea' id='block_1_85' title="bbox 900 2109 1693 2163">
    <p class='ocr_par' dir='ltr' id='par_1_85' title="bbox 900 2109 1693 2163">
     <span class='ocr_line' id='line_1_86' title="bbox 900 2109 1693 2163; baseline 0.029 -27"><span class='ocrx_word' id='word_1_619' title='bbox 900 2109 981 2146; x_wconf 82' lang='lat'><strong>597</strong></span> <span class='ocrx_word' id='word_1_620' title='bbox 995 2114 1183 2150; x_wconf 85' lang='lat' dir='ltr'><strong>expulerat,ut</strong></span> <span class='ocrx_word' id='word_1_621' title='bbox 1195 2118 1243 2146; x_wconf 89' lang='lat' dir='ltr'><strong>Dei</strong></span> <span class='ocrx_word' id='word_1_622' title='bbox 1256 2109 1339 2155; x_wconf 74' lang='lat' dir='ltr'><strong>opera</strong></span> <span class='ocrx_word' id='word_1_623' title='bbox 1355 2123 1490 2158; x_wconf 88' lang='lat' dir='ltr'><strong>aboleret,</strong></span> <span class='ocrx_word' id='word_1_624' title='bbox 1506 2132 1535 2155; x_wconf 91' lang='lat' dir='ltr'><strong>et</strong></span> <span class='ocrx_word' id='word_1_625' title='bbox 1553 2109 1614 2163; x_wconf 70' lang='lat' dir='ltr'><strong>quae</strong></span> <span class='ocrx_word' id='word_1_626' title='bbox 1630 2136 1693 2158; x_wconf 88' lang='lat' dir='ltr'><strong>ortu</strong></span> 
     </span>
    </p>
   </div>
   <div class='ocr_carea' id='block_1_86' title="bbox 899 2156 1693 2206">
    <p class='ocr_par' dir='ltr' id='par_1_86' title="bbox 899 2156 1693 2206">
     <span class='ocr_line' id='line_1_87' title="bbox 899 2156 1693 2206; baseline 0.029 -23"><span class='ocrx_word' id='word_1_627' title='bbox 899 2156 973 2185; x_wconf 87' lang='lat' dir='ltr'><strong>edita</strong></span> <span class='ocrx_word' id='word_1_628' title='bbox 990 2159 1074 2195; x_wconf 89' lang='lat' dir='ltr'><strong>inque</strong></span> <span class='ocrx_word' id='word_1_629' title='bbox 1090 2170 1184 2191; x_wconf 88' lang='lat' dir='ltr'><strong>rerum</strong></span> <span class='ocrx_word' id='word_1_630' title='bbox 1203 2171 1300 2194; x_wconf 89' lang='lat' dir='ltr'><strong>natura</strong></span> <span class='ocrx_word' id='word_1_631' title='bbox 1313 2170 1520 2206; x_wconf 87' lang='lat' dir='ltr'><strong>consisterent,</strong></span> <span class='ocrx_word' id='word_1_632' title='bbox 1541 2174 1600 2203; x_wconf 77' lang='lat' dir='ltr'><strong>hzec</strong></span> <span class='ocrx_word' id='word_1_633' title='bbox 1625 2185 1693 2205; x_wconf 86' lang='lat' dir='ltr'><strong>vero</strong></span> 
     </span>
    </p>
   </div>
   <div class='ocr_carea' id='block_1_87' title="bbox 899 2202 1074 2234">
    <p class='ocr_par' dir='ltr' id='par_1_87' title="bbox 899 2202 1074 2234">
     <span class='ocr_line' id='line_1_88' title="bbox 899 2202 1074 2234; baseline 0.029 -5"><span class='ocrx_word' id='word_1_634' title='bbox 899 2202 1074 2234; x_wconf 86' lang='lat' dir='ltr'><strong>dissolveret.</strong></span> 
     </span>
    </p>
   </div>
   <div class='ocr_carea' id='block_1_88' title="bbox 84 2231 857 2301">
    <p class='ocr_par' dir='ltr' id='par_1_88' title="bbox 84 2231 845 2301">
     <span class='ocr_line' id='line_1_89' title="bbox 84 2231 845 2281; baseline 0.013 -19"><span class='ocrx_word' id='word_1_635' title='bbox 84 2231 273 2272; x_wconf 67' lang='grc' dir='ltr'>μη¹υΦθονῶν</span> <span class='ocrx_word' id='word_1_636' title='bbox 287 2238 327 2274; x_wconf 84' lang='grc' dir='ltr'>τῷ</span> <span class='ocrx_word' id='word_1_637' title='bbox 341 2240 401 2275; x_wconf 84' lang='grc' dir='ltr'><strong>Θεῷ</strong></span> <span class='ocrx_word' id='word_1_638' title='bbox 423 2241 470 2268; x_wconf 73' lang='grc' dir='ltr'>καὶ</span> <span class='ocrx_word' id='word_1_639' title='bbox 499 2242 564 2277; x_wconf 83' lang='grc' dir='ltr'><strong>ἡμῖν</strong></span> <span class='ocrx_word' id='word_1_640' title='bbox 578 2243 592 2268; x_wconf 81' lang='grc' dir='ltr'>ὁ</span> <span class='ocrx_word' id='word_1_641' title='bbox 618 2243 752 2278; x_wconf 79' lang='grc' dir='ltr'>διάὗολος,</span> <span class='ocrx_word' id='word_1_642' title='bbox 777 2245 845 2281; x_wconf 80' lang='grc' dir='ltr'><strong>δόλῳ</strong></span> 
     </span>
     <span class='ocr_line' id='line_1_90' title="bbox 84 2281 832 2301; baseline 0 0"><span class='ocrx_word' id='word_1_643' title='bbox 84 2291 93 2301; x_wconf 67' lang='grc' dir='ltr'><strong>,ι</strong></span> <span class='ocrx_word' id='word_1_644' title='bbox 123 2281 268 2301; x_wconf 57' lang='lat' dir='ltr'><strong>Humum-nm.</strong></span> <span class='ocrx_word' id='word_1_645' title='bbox 296 2284 348 2301; x_wconf 61' lang='grc' dir='ltr'>ιειπλ</span> <span class='ocrx_word' id='word_1_646' title='bbox 372 2285 440 2301; x_wconf 58' lang='grc' dir='ltr'><strong>ουκ</strong></span> <span class='ocrx_word' id='word_1_647' title='bbox 469 2287 624 2301; x_wconf 45' lang='lat' dir='ltr'><strong>Manu-ho...</strong></span> <span class='ocrx_word' id='word_1_648' title='bbox 657 2290 832 2301; x_wconf 66' lang='lat'><strong>_._-_-__1__,,</strong></span> 
     </span>
    </p>
   </div>
   <div class='ocr_carea' id='block_1_89' title="bbox 913 2231 1692 2301">
    <p class='ocr_par' dir='ltr' id='par_1_89' title="bbox 932 2250 1692 2301">
     <span class='ocr_line' id='line_1_91' title="bbox 932 2250 1692 2301; baseline 0.029 -25"><span class='ocrx_word' id='word_1_649' title='bbox 932 2250 976 2277; x_wconf 78' lang='grc'><strong>48.</strong></span> <span class='ocrx_word' id='word_1_650' title='bbox 997 2251 1141 2287; x_wconf 88' lang='lat' dir='ltr'><strong>Diabolus,</strong></span> <span class='ocrx_word' id='word_1_651' title='bbox 1168 2265 1221 2292; x_wconf 89' lang='lat' dir='ltr'><strong>qua</strong></span> <span class='ocrx_word' id='word_1_652' title='bbox 1244 2259 1273 2287; x_wconf 91' lang='lat' dir='ltr'><strong>in</strong></span> <span class='ocrx_word' id='word_1_653' title='bbox 1299 2269 1350 2290; x_wconf 89' lang='lat' dir='ltr'><strong>nos</strong></span> <span class='ocrx_word' id='word_1_654' title='bbox 1377 2263 1520 2301; x_wconf 86' lang='lat' dir='ltr'><strong>Deumque</strong></span> <span class='ocrx_word' id='word_1_655' title='bbox 1547 2269 1624 2296; x_wconf 86' lang='lat' dir='ltr'><strong>ardet</strong></span> <span class='ocrx_word' id='word_1_656' title='bbox 1648 2270 1692 2297; x_wconf 89' lang='lat' dir='ltr'><strong>in-</strong></span> 
     </span>
    </p>
   </div>
   <div class='ocr_carea' id='block_1_90' title="bbox 43 2281 842 2325">
    <p class='ocr_par' dir='ltr' id='par_1_90' title="bbox 43 2281 842 2325">
     <span class='ocr_line' id='line_1_92' title="bbox 43 2281 842 2325; baseline 0.014 -18"><span class='ocrx_word' id='word_1_657' title='bbox 43 2282 93 2308; x_wconf 75' lang='grc' dir='ltr'><strong>τὸν</strong></span> <span class='ocrx_word' id='word_1_658' title='bbox 123 2281 268 2318; x_wconf 82' lang='grc' dir='ltr'>ἄνθρωπον</span> <span class='ocrx_word' id='word_1_659' title='bbox 296 2284 349 2311; x_wconf 72' lang='grc' dir='ltr'>ὑπὸ</span> <span class='ocrx_word' id='word_1_660' title='bbox 372 2285 441 2312; x_wconf 86' lang='grc' dir='ltr'>Θεοῦ</span> <span class='ocrx_word' id='word_1_661' title='bbox 469 2287 626 2321; x_wconf 81' lang='grc' dir='ltr'>φθονεῖσθαι</span> <span class='ocrx_word' id='word_1_662' title='bbox 656 2290 842 2325; x_wconf 72' lang='grc' dir='ltr'>παρα-πείσας,</span> 
     </span>
    </p>
   </div>
   <div class='ocr_carea' id='block_1_91' title="bbox 44 2326 841 2372">
    <p class='ocr_par' dir='ltr' id='par_1_91' title="bbox 44 2326 841 2372">
     <span class='ocr_line' id='line_1_93' title="bbox 44 2326 841 2372; baseline 0.015 -20"><span class='ocrx_word' id='word_1_663' title='bbox 44 2326 212 2363; x_wconf 78' lang='grc' dir='ltr'>παραὸἦναι</span> <span class='ocrx_word' id='word_1_664' title='bbox 222 2329 273 2365; x_wconf 82' lang='grc' dir='ltr'><strong>τὴν</strong></span> <span class='ocrx_word' id='word_1_665' title='bbox 284 2330 394 2366; x_wconf 79' lang='grc' dir='ltr'>ἐντολὴν</span> <span class='ocrx_word' id='word_1_666' title='bbox 408 2333 611 2368; x_wconf 83' lang='grc' dir='ltr'>παρεσκεύασε.</span> <span class='ocrx_word' id='word_1_667' title='bbox 636 2335 681 2371; x_wconf 83' lang='grc' dir='ltr'><strong>Τῷ</strong></span> <span class='ocrx_word' id='word_1_668' title='bbox 697 2335 757 2372; x_wconf 82' lang='grc' dir='ltr'><strong>Θεῷ</strong></span> <span class='ocrx_word' id='word_1_669' title='bbox 781 2338 841 2372; x_wconf 79' lang='grc' dir='ltr'>μὲν,</span> 
     </span>
    </p>
   </div>
   <div class='ocr_carea' id='block_1_92' title="bbox 43 2373 843 2418">
    <p class='ocr_par' dir='ltr' id='par_1_92' title="bbox 43 2373 843 2418">
     <span class='ocr_line' id='line_1_94' title="bbox 43 2373 843 2418; baseline 0.015 -20"><span class='ocrx_word' id='word_1_670' title='bbox 43 2373 91 2399; x_wconf 82' lang='grc' dir='ltr'><strong>ἵνα</strong></span> <span class='ocrx_word' id='word_1_671' title='bbox 111 2375 219 2410; x_wconf 82' lang='grc' dir='ltr'>φανερὰ</span> <span class='ocrx_word' id='word_1_672' title='bbox 239 2375 277 2411; x_wconf 87' lang='grc' dir='ltr'><strong>μὴ</strong></span> <span class='ocrx_word' id='word_1_673' title='bbox 295 2376 408 2411; x_wconf 85' lang='grc' dir='ltr'>γένηται</span> <span class='ocrx_word' id='word_1_674' title='bbox 429 2379 489 2405; x_wconf 85' lang='grc' dir='ltr'>κατ’</span> <span class='ocrx_word' id='word_1_675' title='bbox 507 2379 647 2415; x_wconf 74' lang='grc' dir='ltr'>ἐνέργειαν</span> <span class='ocrx_word' id='word_1_676' title='bbox 665 2382 682 2416; x_wconf 82' lang='grc' dir='ltr'>ἡ</span> <span class='ocrx_word' id='word_1_677' title='bbox 698 2382 843 2418; x_wconf 80' lang='grc' dir='ltr'>πανύμνη-</span> 
     </span>
    </p>
   </div>
   <div class='ocr_carea' id='block_1_93' title="bbox 41 2418 844 2463">
    <p class='ocr_par' dir='ltr' id='par_1_93' title="bbox 41 2418 844 2463">
     <span class='ocr_line' id='line_1_95' title="bbox 41 2418 844 2463; baseline 0.014 -20"><span class='ocrx_word' id='word_1_678' title='bbox 41 2426 93 2450; x_wconf 89' lang='grc' dir='ltr'><strong>τος</strong></span> <span class='ocrx_word' id='word_1_679' title='bbox 111 2418 196 2446; x_wconf 74' lang='grc' dir='ltr'>αὑτοῦ</span> <span class='ocrx_word' id='word_1_680' title='bbox 210 2419 326 2456; x_wconf 83' lang='grc' dir='ltr'>δύναμις</span> <span class='ocrx_word' id='word_1_681' title='bbox 348 2422 517 2459; x_wconf 83' lang='grc' dir='ltr'>θεουργοῦσα</span> <span class='ocrx_word' id='word_1_682' title='bbox 543 2424 588 2451; x_wconf 75' lang='grc' dir='ltr'><strong>τὸν</strong></span> <span class='ocrx_word' id='word_1_683' title='bbox 613 2425 756 2461; x_wconf 83' lang='grc' dir='ltr'>ἄνθρωπον</span> <span class='ocrx_word' id='word_1_684' title='bbox 773 2435 780 2442; x_wconf 89' lang='grc'>·</span> <span class='ocrx_word' id='word_1_685' title='bbox 805 2427 844 2463; x_wconf 81' lang='grc' dir='ltr'>τῷ</span> 
     </span>
    </p>
   </div>
   <div class='ocr_carea' id='block_1_94' title="bbox 40 2464 842 2508">
    <p class='ocr_par' dir='ltr' id='par_1_94' title="bbox 40 2464 842 2508">
     <span class='ocr_line' id='line_1_96' title="bbox 40 2464 842 2508; baseline 0.014 -18"><span class='ocrx_word' id='word_1_686' title='bbox 40 2464 65 2491; x_wconf 78' lang='grc' dir='ltr'><strong>δ’</strong></span> <span class='ocrx_word' id='word_1_687' title='bbox 86 2464 229 2501; x_wconf 81' lang='grc' dir='ltr'><strong>ἀνθρώπῳ</strong></span> <span class='ocrx_word' id='word_1_688' title='bbox 243 2467 398 2503; x_wconf 79' lang='grc' dir='ltr'><strong>προδήλως,</strong></span> <span class='ocrx_word' id='word_1_689' title='bbox 417 2469 462 2496; x_wconf 80' lang='grc' dir='ltr'>ἵνα</span> <span class='ocrx_word' id='word_1_690' title='bbox 478 2470 516 2506; x_wconf 83' lang='grc' dir='ltr'>μὴ</span> <span class='ocrx_word' id='word_1_691' title='bbox 533 2471 646 2506; x_wconf 85' lang='grc' dir='ltr'>γένηται</span> <span class='ocrx_word' id='word_1_692' title='bbox 662 2473 710 2508; x_wconf 83' lang='grc' dir='ltr'>τῆς</span> <span class='ocrx_word' id='word_1_693' title='bbox 724 2473 799 2506; x_wconf 83' lang='grc' dir='ltr'>θείας</span> <span class='ocrx_word' id='word_1_694' title='bbox 813 2475 842 2501; x_wconf 83' lang='grc' dir='ltr'>ἐν</span> 
     </span>
    </p>
   </div>
   <div class='ocr_carea' id='block_1_95' title="bbox 39 2509 842 2554">
    <p class='ocr_par' dir='ltr' id='par_1_95' title="bbox 39 2509 842 2554">
     <span class='ocr_line' id='line_1_97' title="bbox 39 2509 842 2554; baseline 0.014 -19"><span class='ocrx_word' id='word_1_695' title='bbox 39 2509 114 2536; x_wconf 76' lang='grc' dir='ltr'>εῖδει</span> <span class='ocrx_word' id='word_1_696' title='bbox 140 2510 202 2537; x_wconf 88' lang='grc' dir='ltr'>κατ’</span> <span class='ocrx_word' id='word_1_697' title='bbox 216 2511 318 2547; x_wconf 77' lang='grc' dir='ltr'>ἀρετὴν</span> <span class='ocrx_word' id='word_1_698' title='bbox 337 2513 451 2549; x_wconf 80' lang='grc' dir='ltr'>μέτοχος</span> <span class='ocrx_word' id='word_1_699' title='bbox 466 2514 555 2550; x_wconf 75' lang='grc' dir='ltr'>δόξης.</span> <span class='ocrx_word' id='word_1_700' title='bbox 569 2516 664 2543; x_wconf 84' lang='grc' dir='ltr'>Φθονεϊ</span> <span class='ocrx_word' id='word_1_701' title='bbox 679 2517 733 2553; x_wconf 83' lang='grc' dir='ltr'><strong>γὰρ</strong></span> <span class='ocrx_word' id='word_1_702' title='bbox 746 2518 761 2545; x_wconf 83' lang='grc' dir='ltr'><strong><em>ὁ</em></strong></span> <span class='ocrx_word' id='word_1_703' title='bbox 777 2527 842 2554; x_wconf 83' lang='grc' dir='ltr'>μια-</span> 
     </span>
    </p>
   </div>
   <div class='ocr_carea' id='block_1_96' title="bbox 39 2556 841 2601">
    <p class='ocr_par' dir='ltr' id='par_1_96' title="bbox 39 2556 841 2601">
     <span class='ocr_line' id='line_1_98' title="bbox 39 2556 841 2601; baseline 0.015 -21"><span class='ocrx_word' id='word_1_704' title='bbox 39 2556 171 2591; x_wconf 84' lang='grc' dir='ltr'>ρώτατος</span> <span class='ocrx_word' id='word_1_705' title='bbox 181 2557 211 2583; x_wconf 87' lang='grc' dir='ltr'>οὐ</span> <span class='ocrx_word' id='word_1_706' title='bbox 227 2557 308 2591; x_wconf 83' lang='grc' dir='ltr'>μόνον</span> <span class='ocrx_word' id='word_1_707' title='bbox 320 2559 384 2594; x_wconf 82' lang='grc' dir='ltr'>ἡμῖν</span> <span class='ocrx_word' id='word_1_708' title='bbox 403 2561 454 2596; x_wconf 84' lang='grc' dir='ltr'>τῆς</span> <span class='ocrx_word' id='word_1_709' title='bbox 467 2561 513 2587; x_wconf 75' lang='grc' dir='ltr'><strong>ἐπὶ</strong></span> <span class='ocrx_word' id='word_1_710' title='bbox 528 2561 567 2596; x_wconf 83' lang='grc' dir='ltr'>τῷ</span> <span class='ocrx_word' id='word_1_711' title='bbox 579 2562 639 2598; x_wconf 82' lang='grc' dir='ltr'><strong>Θεῷ</strong></span> <span class='ocrx_word' id='word_1_712' title='bbox 653 2563 698 2590; x_wconf 85' lang='grc' dir='ltr'><strong>διὰ</strong></span> <span class='ocrx_word' id='word_1_713' title='bbox 710 2563 760 2600; x_wconf 86' lang='grc' dir='ltr'><strong>τὴν</strong></span> <span class='ocrx_word' id='word_1_714' title='bbox 774 2565 841 2601; x_wconf 81' lang='grc' dir='ltr'>ἀρε-</span> 
     </span>
    </p>
   </div>
   <div class='ocr_carea' id='block_1_97' title="bbox 37 2601 841 2647">
    <p class='ocr_par' dir='ltr' id='par_1_97' title="bbox 37 2601 841 2647">
     <span class='ocr_line' id='line_1_99' title="bbox 37 2601 841 2647; baseline 0.014 -20"><span class='ocrx_word' id='word_1_715' title='bbox 37 2601 93 2637; x_wconf 84' lang='grc' dir='ltr'><strong>τὴν</strong></span> <span class='ocrx_word' id='word_1_716' title='bbox 111 2601 204 2637; x_wconf 81' lang='grc' dir='ltr'><strong>δόξης,</strong></span> <span class='ocrx_word' id='word_1_717' title='bbox 217 2603 286 2630; x_wconf 80' lang='grc' dir='ltr'>ἀλλὰ</span> <span class='ocrx_word' id='word_1_718' title='bbox 303 2605 350 2632; x_wconf 78' lang='grc' dir='ltr'>καὶ</span> <span class='ocrx_word' id='word_1_719' title='bbox 367 2605 406 2641; x_wconf 85' lang='grc' dir='ltr'>τῷ</span> <span class='ocrx_word' id='word_1_720' title='bbox 425 2605 485 2642; x_wconf 85' lang='grc' dir='ltr'><strong>Θεῷ</strong></span> <span class='ocrx_word' id='word_1_721' title='bbox 504 2608 554 2642; x_wconf 80' lang='grc' dir='ltr'>τῆς</span> <span class='ocrx_word' id='word_1_722' title='bbox 572 2608 614 2642; x_wconf 79' lang='grc' dir='ltr'><strong>ἐφ’</strong></span> <span class='ocrx_word' id='word_1_723' title='bbox 633 2609 698 2644; x_wconf 83' lang='grc' dir='ltr'>ἡμῖν</span> <span class='ocrx_word' id='word_1_724' title='bbox 720 2610 764 2636; x_wconf 82' lang='grc' dir='ltr'><strong>διὰ</strong></span> <span class='ocrx_word' id='word_1_725' title='bbox 792 2611 841 2647; x_wconf 82' lang='grc' dir='ltr'>τὴν</span> 
     </span>
    </p>
   </div>
   <div class='ocr_carea' id='block_1_98' title="bbox 37 2646 540 2687">
    <p class='ocr_par' dir='ltr' id='par_1_98' title="bbox 37 2646 540 2687">
     <span class='ocr_line' id='line_1_100' title="bbox 37 2646 540 2687; baseline 0.016 -15"><span class='ocrx_word' id='word_1_726' title='bbox 37 2646 187 2683; x_wconf 72' lang='grc' dir='ltr'>σωτηρίαν</span> <span class='ocrx_word' id='word_1_727' title='bbox 200 2650 376 2685; x_wconf 83' lang='grc' dir='ltr'>πανυμνήτου</span> <span class='ocrx_word' id='word_1_728' title='bbox 389 2651 540 2687; x_wconf 77' lang='grc' dir='ltr'>δυνάμεως.</span> 
     </span>
    </p>
   </div>
   <div class='ocr_carea' id='block_1_99' title="bbox 76 2785 844 2830">
    <p class='ocr_par' dir='ltr' id='par_1_99' title="bbox 76 2785 844 2830">
     <span class='ocr_line' id='line_1_101' title="bbox 76 2785 844 2830; baseline 0.014 -18"><span class='ocrx_word' id='word_1_729' title='bbox 76 2785 139 2822; x_wconf 83' lang='grc' dir='ltr'>μθ’.</span> <span class='ocrx_word' id='word_1_730' title='bbox 161 2787 268 2823; x_wconf 84' lang='grc' dir='ltr'>Ὠσπερ</span> <span class='ocrx_word' id='word_1_731' title='bbox 287 2789 315 2815; x_wconf 80' lang='grc' dir='ltr'>ὲν</span> <span class='ocrx_word' id='word_1_732' title='bbox 334 2789 373 2825; x_wconf 78' lang='grc' dir='ltr'>τῷ</span> <span class='ocrx_word' id='word_1_733' title='bbox 400 2790 486 2826; x_wconf 53' lang='lat' dir='ltr'><strong>mea”;</strong></span> <span class='ocrx_word' id='word_1_734' title='bbox 500 2793 514 2818; x_wconf 82' lang='grc' dir='ltr'><strong><em>ὁ</em></strong></span> <span class='ocrx_word' id='word_1_735' title='bbox 533 2792 649 2826; x_wconf 82' lang='grc' dir='ltr'>θάνατος</span> <span class='ocrx_word' id='word_1_736' title='bbox 672 2796 721 2828; x_wconf 82' lang='grc' dir='ltr'>τῆς</span> <span class='ocrx_word' id='word_1_737' title='bbox 737 2795 844 2830; x_wconf 76' lang='grc' dir='ltr'>φύσεως</span> 
     </span>
    </p>
   </div>
   <div class='ocr_carea' id='block_1_100' title="bbox 71 2878 657 2920">
    <p class='ocr_par' dir='ltr' id='par_1_100' title="bbox 71 2878 657 2920">
     <span class='ocr_line' id='line_1_102' title="bbox 71 2878 657 2920; baseline 0.014 -13"><span class='ocrx_word' id='word_1_738' title='bbox 71 2878 83 2891; x_wconf 82' lang='grc'><strong>¹</strong></span> <span class='ocrx_word' id='word_1_739' title='bbox 95 2878 159 2914; x_wconf 80' lang='lat' dir='ltr'><strong>QQ-</strong></span> <span class='ocrx_word' id='word_1_740' title='bbox 173 2880 206 2910; x_wconf 83' lang='lat' dir='ltr'><strong>ad</strong></span> <span class='ocrx_word' id='word_1_741' title='bbox 222 2881 331 2911; x_wconf 67' lang='lat' dir='ltr'><strong>Thales.</strong></span> <span class='ocrx_word' id='word_1_742' title='bbox 349 2892 376 2918; x_wconf 90' lang='lat' dir='ltr'><strong>q.</strong></span> <span class='ocrx_word' id='word_1_743' title='bbox 393 2883 437 2919; x_wconf 78' lang='lat' dir='ltr'><strong>(il,</strong></span> <span class='ocrx_word' id='word_1_744' title='bbox 454 2886 657 2920; x_wconf 81' lang='grc' dir='ltr'>πνευματικῶς.</span> 
     </span>
    </p>
   </div>
   <div class='ocr_carea' id='block_1_101' title="bbox 893 2295 1692 2347">
    <p class='ocr_par' dir='ltr' id='par_1_101' title="bbox 893 2295 1692 2347">
     <span class='ocr_line' id='line_1_103' title="bbox 893 2295 1692 2347; baseline 0.03 -26"><span class='ocrx_word' id='word_1_745' title='bbox 893 2295 984 2329; x_wconf 81' lang='lat' dir='ltr'><strong>vidia,</strong></span> <span class='ocrx_word' id='word_1_746' title='bbox 1015 2306 1065 2333; x_wconf 90' lang='lat' dir='ltr'><strong>per</strong></span> <span class='ocrx_word' id='word_1_747' title='bbox 1090 2300 1216 2331; x_wconf 80' lang='lat' dir='ltr'><strong>fraudem</strong></span> <span class='ocrx_word' id='word_1_748' title='bbox 1245 2305 1352 2335; x_wconf 88' lang='lat' dir='ltr'><strong>homini</strong></span> <span class='ocrx_word' id='word_1_749' title='bbox 1380 2313 1570 2347; x_wconf 81' lang='lat' dir='ltr'><strong>persuadens,</strong></span> <span class='ocrx_word' id='word_1_750' title='bbox 1604 2315 1692 2344; x_wconf 90' lang='lat' dir='ltr'><strong>Deum</strong></span> 
     </span>
    </p>
   </div>
   <div class='ocr_carea' id='block_1_102' title="bbox 894 2339 1691 2393">
    <p class='ocr_par' dir='ltr' id='par_1_102' title="bbox 894 2339 1691 2393">
     <span class='ocr_line' id='line_1_104' title="bbox 894 2339 1691 2393; baseline 0.03 -27"><span class='ocrx_word' id='word_1_751' title='bbox 894 2339 935 2367; x_wconf 91' lang='lat' dir='ltr'><strong>illi</strong></span> <span class='ocrx_word' id='word_1_752' title='bbox 950 2341 1085 2378; x_wconf 85' lang='lat' dir='ltr'><strong>invidere,</strong></span> <span class='ocrx_word' id='word_1_753' title='bbox 1104 2350 1326 2383; x_wconf 81' lang='lat' dir='ltr'><strong>transgrediendi</strong></span> <span class='ocrx_word' id='word_1_754' title='bbox 1344 2339 1506 2384; x_wconf 73' lang='lat' dir='ltr'><strong>mandatum</strong></span> <span class='ocrx_word' id='word_1_755' title='bbox 1522 2358 1575 2393; x_wconf 90' lang='lat' dir='ltr'><strong>ipsi</strong></span> <span class='ocrx_word' id='word_1_756' title='bbox 1593 2365 1691 2389; x_wconf 88' lang='lat' dir='ltr'><strong>auctor</strong></span> 
     </span>
    </p>
   </div>
   <div class='ocr_carea' id='block_1_103' title="bbox 893 2384 1692 2438">
    <p class='ocr_par' dir='ltr' id='par_1_103' title="bbox 893 2384 1692 2438">
     <span class='ocr_line' id='line_1_105' title="bbox 893 2384 1692 2438; baseline 0.03 -27"><span class='ocrx_word' id='word_1_757' title='bbox 893 2384 956 2412; x_wconf 80' lang='lat' dir='ltr'><strong>fuit.</strong></span> <span class='ocrx_word' id='word_1_758' title='bbox 973 2387 1031 2415; x_wconf 90' lang='lat' dir='ltr'><strong>Deo</strong></span> <span class='ocrx_word' id='word_1_759' title='bbox 1042 2390 1155 2423; x_wconf 87' lang='lat' dir='ltr'><strong>quidem</strong></span> <span class='ocrx_word' id='word_1_760' title='bbox 1167 2392 1214 2421; x_wconf 90' lang='lat' dir='ltr'><strong>ille</strong></span> <span class='ocrx_word' id='word_1_761' title='bbox 1232 2395 1352 2430; x_wconf 86' lang='lat' dir='ltr'><strong>invidet,</strong></span> <span class='ocrx_word' id='word_1_762' title='bbox 1371 2407 1405 2426; x_wconf 90' lang='lat' dir='ltr'><strong>ne</strong></span> <span class='ocrx_word' id='word_1_763' title='bbox 1423 2401 1484 2436; x_wconf 86' lang='lat' dir='ltr'><strong>ejus</strong></span> <span class='ocrx_word' id='word_1_764' title='bbox 1504 2384 1596 2438; x_wconf 76' lang='lat' dir='ltr'><strong>reipsa</strong></span> <span class='ocrx_word' id='word_1_765' title='bbox 1612 2411 1692 2434; x_wconf 88' lang='lat' dir='ltr'><strong>actu-</strong></span> 
     </span>
    </p>
   </div>
   <div class='ocr_carea' id='block_1_104' title="bbox 894 2433 1690 2481">
    <p class='ocr_par' dir='ltr' id='par_1_104' title="bbox 894 2433 1690 2481">
     <span class='ocr_line' id='line_1_106' title="bbox 894 2433 1690 2481; baseline 0.03 -24"><span class='ocrx_word' id='word_1_766' title='bbox 894 2438 948 2466; x_wconf 91' lang='lat' dir='ltr'><strong>quc</strong></span> <span class='ocrx_word' id='word_1_767' title='bbox 961 2433 1108 2464; x_wconf 84' lang='lat' dir='ltr'><strong>manifesta</strong></span> <span class='ocrx_word' id='word_1_768' title='bbox 1124 2437 1182 2471; x_wconf 81' lang='lat' dir='ltr'><strong>ﬁat,</strong></span> <span class='ocrx_word' id='word_1_769' title='bbox 1199 2440 1306 2470; x_wconf 87' lang='lat' dir='ltr'><strong>donans</strong></span> <span class='ocrx_word' id='word_1_770' title='bbox 1323 2433 1466 2474; x_wconf 78' lang='lat' dir='ltr'><strong>hominem</strong></span> <span class='ocrx_word' id='word_1_771' title='bbox 1483 2433 1597 2481; x_wconf 77' lang='lat' dir='ltr'><strong>deitate.</strong></span> <span class='ocrx_word' id='word_1_772' title='bbox 1613 2454 1690 2481; x_wconf 87' lang='lat' dir='ltr'><strong>omni</strong></span> 
     </span>
    </p>
   </div>
   <div class='ocr_carea' id='block_1_105' title="bbox 895 2478 1689 2528">
    <p class='ocr_par' dir='ltr' id='par_1_105' title="bbox 895 2478 1689 2528">
     <span class='ocr_line' id='line_1_107' title="bbox 895 2478 1689 2528; baseline 0.03 -24"><span class='ocrx_word' id='word_1_773' title='bbox 895 2478 978 2507; x_wconf 91' lang='lat' dir='ltr'><strong>laude</strong></span> <span class='ocrx_word' id='word_1_774' title='bbox 995 2485 1188 2518; x_wconf 88' lang='lat' dir='ltr'><strong>prosequenda</strong></span> <span class='ocrx_word' id='word_1_775' title='bbox 1203 2489 1328 2522; x_wconf 87' lang='lat' dir='ltr'><strong>potentia</strong></span> <span class='ocrx_word' id='word_1_776' title='bbox 1342 2499 1425 2528; x_wconf 80' lang='lat' dir='ltr'><strong>;erga</strong></span> <span class='ocrx_word' id='word_1_777' title='bbox 1437 2493 1579 2524; x_wconf 88' lang='lat' dir='ltr'><strong>hominem</strong></span> <span class='ocrx_word' id='word_1_778' title='bbox 1597 2503 1689 2528; x_wconf 88' lang='lat' dir='ltr'><strong>autem</strong></span> 
     </span>
    </p>
   </div>
   <div class='ocr_carea' id='block_1_106' title="bbox 894 2523 1690 2580">
    <p class='ocr_par' dir='ltr' id='par_1_106' title="bbox 894 2523 1690 2580">
     <span class='ocr_line' id='line_1_108' title="bbox 894 2523 1690 2580; baseline 0.03 -31"><span class='ocrx_word' id='word_1_779' title='bbox 894 2523 986 2552; x_wconf 86' lang='lat' dir='ltr'><strong>l&#39;crtur</strong></span> <span class='ocrx_word' id='word_1_780' title='bbox 1014 2527 1137 2563; x_wconf 84' lang='lat' dir='ltr'><strong>invidia,</strong></span> <span class='ocrx_word' id='word_1_781' title='bbox 1166 2540 1201 2560; x_wconf 89' lang='lat' dir='ltr'><strong>ne</strong></span> <span class='ocrx_word' id='word_1_782' title='bbox 1217 2533 1241 2561; x_wconf 91' lang='lat' dir='ltr'><strong>is</strong></span> <span class='ocrx_word' id='word_1_783' title='bbox 1269 2523 1491 2568; x_wconf 47' lang='lat' dir='ltr'><strong>virtutisvcultu</strong></span> <span class='ocrx_word' id='word_1_784' title='bbox 1514 2542 1616 2571; x_wconf 69' lang='lat' dir='ltr'><strong>divina:</strong></span> <span class='ocrx_word' id='word_1_785' title='bbox 1640 2553 1690 2580; x_wconf 88' lang='lat' dir='ltr'><strong>per</strong></span> 
     </span>
    </p>
   </div>
   <div class='ocr_carea' id='block_1_107' title="bbox 895 2570 1690 2619">
    <p class='ocr_par' dir='ltr' id='par_1_107' title="bbox 895 2570 1690 2619">
     <span class='ocr_line' id='line_1_109' title="bbox 1595 2570 1685 2580; baseline 0.011 -9"><span class='ocrx_word' id='word_1_786' title='bbox 1595 2570 1614 2571; x_wconf 44' lang='grc' dir='ltr'>η</span> <span class='ocrx_word' id='word_1_787' title='bbox 1640 2570 1685 2580; x_wconf 55' lang='grc' dir='ltr'><strong>τν</strong></span> 
     </span>
     <span class='ocr_line' id='line_1_110' title="bbox 895 2570 1690 2619; baseline 0.029 -23"><span class='ocrx_word' id='word_1_788' title='bbox 895 2570 1016 2605; x_wconf 89' lang='lat' dir='ltr'><strong>speciem</strong></span> <span class='ocrx_word' id='word_1_789' title='bbox 1028 2573 1123 2609; x_wconf 68' lang='lat' dir='ltr'><strong>glorim</strong></span> <span class='ocrx_word' id='word_1_790' title='bbox 1139 2584 1254 2607; x_wconf 90' lang='lat' dir='ltr'><strong>consors</strong></span> <span class='ocrx_word' id='word_1_791' title='bbox 1273 2582 1383 2611; x_wconf 85' lang='lat' dir='ltr'><strong>evadat.</strong></span> <span class='ocrx_word' id='word_1_792' title='bbox 1410 2584 1517 2614; x_wconf 84' lang='lat' dir='ltr'><strong>Nedum</strong></span> <span class='ocrx_word' id='word_1_793' title='bbox 1534 2588 1609 2616; x_wconf 91' lang='lat' dir='ltr'><strong>enim</strong></span> <span class='ocrx_word' id='word_1_794' title='bbox 1630 2597 1690 2619; x_wconf 90' lang='lat' dir='ltr'><strong>sce-</strong></span> 
     </span>
    </p>
   </div>
   <div class='ocr_carea' id='block_1_108' title="bbox 894 2615 1686 2668">
    <p class='ocr_par' dir='ltr' id='par_1_108' title="bbox 894 2615 1686 2668">
     <span class='ocr_line' id='line_1_111' title="bbox 894 2615 1686 2668; baseline 0.028 -26"><span class='ocrx_word' id='word_1_795' title='bbox 894 2615 1061 2648; x_wconf 82' lang='lat' dir='ltr'><strong>lestissimus</strong></span> <span class='ocrx_word' id='word_1_796' title='bbox 1072 2621 1118 2649; x_wconf 85' lang='lat' dir='ltr'><strong>ille</strong></span> <span class='ocrx_word' id='word_1_797' title='bbox 1130 2624 1211 2653; x_wconf 92' lang='lat' dir='ltr'><strong>nobis</strong></span> <span class='ocrx_word' id='word_1_798' title='bbox 1222 2626 1339 2661; x_wconf 89' lang='lat' dir='ltr'><strong>invidet,</strong></span> <span class='ocrx_word' id='word_1_799' title='bbox 1349 2629 1410 2665; x_wconf 88' lang='lat' dir='ltr'><strong>ejus</strong></span> <span class='ocrx_word' id='word_1_800' title='bbox 1420 2631 1555 2661; x_wconf 89' lang='lat' dir='ltr'><strong>claritatis</strong></span> <span class='ocrx_word' id='word_1_801' title='bbox 1565 2635 1686 2668; x_wconf 80' lang='lat' dir='ltr'><strong>nomine,</strong></span> 
     </span>
    </p>
   </div>
   <div class='ocr_carea' id='block_1_109' title="bbox 894 2667 1688 2715">
    <p class='ocr_par' dir='ltr' id='par_1_109' title="bbox 894 2667 1688 2715">
     <span class='ocr_line' id='line_1_112' title="bbox 894 2667 1688 2715; baseline 0.026 -26"><span class='ocrx_word' id='word_1_802' title='bbox 894 2669 977 2697; x_wconf 84' lang='lat' dir='ltr'><strong>quam</strong></span> <span class='ocrx_word' id='word_1_803' title='bbox 997 2667 1070 2700; x_wconf 91' lang='lat' dir='ltr'><strong>apud</strong></span> <span class='ocrx_word' id='word_1_804' title='bbox 1086 2669 1174 2697; x_wconf 92' lang='lat' dir='ltr'><strong>Deum</strong></span> <span class='ocrx_word' id='word_1_805' title='bbox 1193 2679 1227 2699; x_wconf 79' lang='lat' dir='ltr'><strong>ex</strong></span> <span class='ocrx_word' id='word_1_806' title='bbox 1239 2673 1344 2702; x_wconf 86' lang='lat' dir='ltr'><strong>virtute</strong></span> <span class='ocrx_word' id='word_1_807' title='bbox 1361 2679 1574 2715; x_wconf 87' lang='lat' dir='ltr'><strong>consequimur;</strong></span> <span class='ocrx_word' id='word_1_808' title='bbox 1591 2689 1688 2709; x_wconf 86' lang='lat' dir='ltr'><strong>verum</strong></span> 
     </span>
    </p>
   </div>
   <div class='ocr_carea' id='block_1_110' title="bbox 891 2708 1689 2762">
    <p class='ocr_par' dir='ltr' id='par_1_110' title="bbox 891 2708 1689 2762">
     <span class='ocr_line' id='line_1_113' title="bbox 891 2708 1689 2762; baseline 0.029 -28"><span class='ocrx_word' id='word_1_809' title='bbox 891 2708 974 2736; x_wconf 82' lang='lat' dir='ltr'><strong>etiam</strong></span> <span class='ocrx_word' id='word_1_810' title='bbox 986 2710 1053 2745; x_wconf 87' lang='lat' dir='ltr'><strong>Deo,</strong></span> <span class='ocrx_word' id='word_1_811' title='bbox 1068 2713 1103 2741; x_wconf 89' lang='lat' dir='ltr'><strong>ob</strong></span> <span class='ocrx_word' id='word_1_812' title='bbox 1114 2722 1175 2743; x_wconf 88' lang='lat' dir='ltr'><strong>eam</strong></span> <span class='ocrx_word' id='word_1_813' title='bbox 1188 2719 1278 2746; x_wconf 84' lang='lat' dir='ltr'><strong>modis</strong></span> <span class='ocrx_word' id='word_1_814' title='bbox 1290 2721 1419 2750; x_wconf 91' lang='lat' dir='ltr'><strong>omnibus</strong></span> <span class='ocrx_word' id='word_1_815' title='bbox 1434 2723 1572 2753; x_wconf 89' lang='lat' dir='ltr'><strong>laudatam</strong></span> <span class='ocrx_word' id='word_1_816' title='bbox 1590 2732 1689 2762; x_wconf 86' lang='lat' dir='ltr'><strong>poten-</strong></span> 
     </span>
    </p>
   </div>
   <div class='ocr_carea' id='block_1_111' title="bbox 899 2756 1458 2799">
    <p class='ocr_par' dir='ltr' id='par_1_111' title="bbox 899 2756 1458 2799">
     <span class='ocr_line' id='line_1_114' title="bbox 899 2756 1458 2799; baseline 0.032 -18"><span class='ocrx_word' id='word_1_817' title='bbox 899 2756 1024 2790; x_wconf 86' lang='lat' dir='ltr'><strong>tentiam,</strong></span> <span class='ocrx_word' id='word_1_818' title='bbox 1040 2768 1094 2794; x_wconf 88' lang='lat' dir='ltr'><strong>qua</strong></span> <span class='ocrx_word' id='word_1_819' title='bbox 1111 2763 1192 2791; x_wconf 91' lang='lat' dir='ltr'><strong>nobis</strong></span> <span class='ocrx_word' id='word_1_820' title='bbox 1208 2765 1325 2795; x_wconf 89' lang='lat' dir='ltr'><strong>salutem</strong></span> <span class='ocrx_word' id='word_1_821' title='bbox 1339 2770 1458 2799; x_wconf 79' lang='lat' dir='ltr'><strong>confert.</strong></span> 
     </span>
    </p>
   </div>
   <div class='ocr_carea' id='block_1_112' title="bbox 934 2803 1687 2850">
    <p class='ocr_par' dir='ltr' id='par_1_112' title="bbox 934 2803 1687 2850">
     <span class='ocr_line' id='line_1_115' title="bbox 934 2803 1687 2850; baseline 0.028 -21"><span class='ocrx_word' id='word_1_822' title='bbox 934 2803 978 2830; x_wconf 72' lang='grc'><strong>49.</strong></span> <span class='ocrx_word' id='word_1_823' title='bbox 995 2804 1234 2839; x_wconf 86' lang='lat' dir='ltr'><strong>Quemadmodum</strong></span> <span class='ocrx_word' id='word_1_824' title='bbox 1247 2813 1273 2840; x_wconf 90' lang='lat' dir='ltr'><strong>in</strong></span> <span class='ocrx_word' id='word_1_825' title='bbox 1289 2814 1393 2843; x_wconf 84' lang='lat' dir='ltr'><strong>Adamo</strong></span> <span class='ocrx_word' id='word_1_826' title='bbox 1406 2825 1481 2846; x_wconf 86' lang='lat' dir='ltr'><strong>mors</strong></span> <span class='ocrx_word' id='word_1_827' title='bbox 1491 2823 1596 2848; x_wconf 71' lang='lat' dir='ltr'><strong>naturae</strong></span> <span class='ocrx_word' id='word_1_828' title='bbox 1609 2820 1687 2850; x_wconf 82' lang='lat' dir='ltr'><strong>dam-</strong></span> 
     </span>
    </p>
   </div>
  </div>
