1946 3074
236 136 304 169 132⁵7

820 131 850 160 s.
869 131 1013 160 maxum
1033 119 1289 161 coxres'sonrs

1811 132 1878 166 2323

236 192 313 220 natio
327 193 397 222 erat,
420 187 527 224 proprii
553 185 661 213 scilicet
682 187 762 212 ortus
778 183 928 220 originem,
952 184 1031 211 volu-

1092 186 1192 221 ὶπῆρχε
1215 185 1390 222 κατάκριςις,
1414 186 1506 222 ἀρχὴν
1525 187 1640 224 ἐχούσης
1656 187 1705 223 τὴν
1717 187 1813 223 ἡδονὴν
1828 188 1880 221 τῆς

235 243 339 274 ptatem
350 235 458 263 habens
472 241 479 260 :
496 233 536 260 sic
553 232 581 259 in
597 231 720 264 Christo,
740 238 816 258 mors
831 230 938 266 peccati
954 229 1033 257 dam-

235 284 312 312 natio
326 282 397 310 facta
415 284 467 313 est,
491 279 520 306 in
547 286 603 314 quo
622 285 722 305 rursus
738 281 840 304 natura
864 276 998 304 mundam
1018 284 1034 304 a

233 329 376 363 voluptate
392 331 421 354 et
437 325 554 353 libidine
568 324 705 360 originem
720 327 803 352 nacta
815 327 868 351 est.

269 374 314 402 50.
331 373 359 401 Si
370 381 431 405 nos,
446 372 494 408 qui
514 371 564 399 Dei
582 371 683 398 domus
698 370 794 406 gratia:
816 369 890 396 dono
906 377 956 405 per
969 369 1034 404 Spi-

234 421 321 448 ritum
336 419 406 447 eiﬁei
425 418 590 450 meruimus,
622 421 728 444 tantam
747 415 864 451 justitize
886 422 970 443 causa
999 415 1033 442 ad

235 467 442 494 damnationem
455 464 560 500 peccati
577 463 858 491 exhibere'debemus
872 462 1034 498 passionum

236 513 411 541 tolerantiam
430 519 462 539 ac
475 517 676 542 mrumnarum,
699 512 875 543 mortemque
888 512 1035 535 contume-

234 559 426 590 liosissimam,
442 557 647 585 sceleratorum
667 563 757 588 more,
775 555 923 591 quantavis
940 554 1035 589 probi-

237 609 292 633 tate
309 604 475 640 fulgeamth,
491 603 575 630 alacri
594 602 688 629 animo
721 601 826 629 referre
857 609 863 627 :
883 601 948 634 Quis
972 600 1035 635 ﬁnis

237 659 339 682 eorum,
356 650 402 686 qui
417 657 469 676 non
486 648 596 675 credunt
617 647 664 674 Dei
677 646 825 682 Evangelia
837 647 860 662 "'
873 646 886 674 ?
903 647 956 674 hoc
971 651 1033 673 est:

237 697 498 730 Qualiseriteorum
513 695 586 725 ﬁnis,
598 703 646 722 seu
659 694 806 730 judicium,
818 693 929 729 quinon
942 693 1033 720 solum

238 743 328 770 vivam
344 747 428 778 atque
439 742 577 777 vigentem
587 741 808 776 exercitamque,
820 740 913 767 animo
930 740 1036 774 pariter

244 792 274 815 et
292 795 421 822 corpore,
438 786 581 821 animique
597 785 736 813 sententia
762 788 790 812 et
810 788 920 816 natura,
942 783 1037 811 libidi-

237 842 334 861 nosam
352 838 459 860 naturae
473 832 664 860 dominantem
682 831 710 859 in
727 830 810 858 ﬁnem
827 838 916 865 usque
937 828 1034 857 Adami

238 879 374 914 originem
394 878 491 906 sedulo
512 877 709 910 retinuerunt;
725 876 774 904 sed
789 884 879 911 neque
892 876 988 903 Deum:
1005 879 1034 903 et
1048 867 1070 895 Β

238 924 357 955 Patrem,
375 930 426 958 per
446 922 547 949 Filium
568 925 712 956 assumpta
737 929 821 948 carne
838 921 1033 948 exhortantem

237 972 430 1004 susceperunt;
443 975 535 1002 neque
551 975 617 994 vero
631 966 852 994 hlcdiatoremac
870 966 970 993 Filium
983 974 1034 1000 pro

238 1015 318 1042 Patre
333 1013 472 1049 legatione
487 1012 650 1048 fungentem
668 1013 690 1028 ²¹
706 1021 714 1045 ;
738 1012 786 1047 qui
799 1032 806 1044 ,
824 1016 857 1039 ut
882 1020 932 1039 nos
958 1011 1035 1039 Patri

238 1060 444 1093 reconciliaret,
472 1059 532 1094 ipse
550 1066 580 1086 se
599 1059 744 1086 voluntate
766 1058 858 1086 Patris
882 1065 932 1093 pro
954 1057 1037 1084 nobis

239 1111 340 1143 sponte
355 1107 438 1134 morti
448 1105 597 1133 tradiderit
614 1113 621 1138 ;
636 1109 667 1132 ut
678 1113 728 1132 nos
742 1109 859 1140 propter
871 1104 911 1137 se,
926 1103 1038 1131 deitatis

238 1162 295 1182 sum
306 1153 406 1181 decore
421 1151 617 1188 prmfulgcntes
628 1155 735 1178 tantum
748 1150 915 1178 clariﬁcaret
924 1171 931 1182 ,
946 1157 1037 1185 quan-

240 1205 298 1227 tum
322 1203 437 1235 propter
455 1205 507 1226 nos
518 1198 625 1225 nostris
650 1197 709 1232 ipse
726 1196 908 1224 dehonestari
932 1196 1039 1231 passio-

239 1246 324 1273 nibus
337 1245 484 1273 sustinuit.

273 1292 318 1320 5L
347 1291 579 1326 Quandoquidem
606 1291 681 1318 Deus
705 1288 830 1317 omnium
850 1288 898 1324 qui
917 1287 1034 1315 salutem

239 1341 446 1372 consequentur
461 1337 538 1365 locus
555 1337 611 1364 erit
631 1337 665 1368 “,
685 1334 945 1370 incircumscriptus
970 1341 1037 1361 con-

239 1382 390 1417 tinuusque
402 1387 430 1410 et
446 1383 582 1415 inﬁnitus,
594 1382 641 1418 qui
655 1390 706 1417 pro
718 1386 793 1409 certa
802 1380 917 1416 iustitia:
929 1379 1037 1408 ratione

239 1427 334 1455 omnia
345 1427 475 1455 omnibus
489 1428 554 1461 ﬁatz;
565 1427 703 1462 quinimo,
721 1426 768 1461 qui
779 1434 830 1461 pro
845 1425 928 1453 modo
941 1433 1036 1452 earum

240 1474 401 1510 passionum
422 1481 454 1501 ac
473 1482 660 1502 aerumnarum
676 1494 683 1506 ,
707 1473 809 1508 quibus
828 1479 887 1500 aevo
907 1472 960 1500 hoc
974 1480 1038 1499 cum

240 1519 358 1547 scientia
370 1519 573 1555 perfungimur,
589 1519 673 1554 598
699 1519 821 1553 seipsum
845 1518 962 1553 singulis
984 1517 1037 1545 lar-

241 1565 350 1600 giturus
363 1564 408 1597 sit,
428 1564 502 1591 haud
516 1571 596 1592 secus
608 1571 640 1591 ac
655 1562 757 1594 anima,
774 1570 824 1597 pro
837 1562 960 1597 subjecta
979 1562 1037 1588 cui-

241 1617 296 1645 que
311 1609 436 1637 membro
456 1609 597 1640 facultate,
620 1607 738 1643 scipsam
756 1611 917 1642 operantem
933 1606 1035 1641 prodit,
1066 1605 1070 1609 '

241 1663 275 1684 ac
286 1654 437 1687 eﬁicacem,
452 1654 536 1689 vique
548 1661 608 1686 sua,
633 1652 758 1680 membra
779 1651 904 1679 continet
921 1656 952 1678 ut
970 1651 1036 1683 sint,

243 1706 273 1730 et
289 1701 324 1729 ad
338 1701 401 1728 Viue
423 1700 517 1728 munia
534 1703 630 1735 vegeta
652 1698 708 1727 sint
725 1707 732 1725 ε
749 1698 846 1733 impius
873 1701 897 1724 et
917 1702 1038 1732 peccator

243 1748 288 1776 ubi
300 1747 430 1784 parebunt
442 1748 465 1764 "
477 1767 485 1779 ,
516 1746 563 1782 qui
589 1746 642 1773 hac
657 1745 748 1781 gratia
770 1743 959 1772 deﬁciamur?
985 1743 1038 1777 Qui

244 1794 319 1822 enim
336 1793 385 1820 Dei
407 1792 585 1828 praesentiam
605 1791 768 1819 beatitatem
791 1795 969 1826 praestantem
994 1798 1039 1817 ca-

245 1846 312 1874 pere
325 1846 380 1866 non
391 1838 475 1870 valet,
489 1837 602 1864 ubinam
617 1835 737 1872 parebit,
756 1843 819 1863 cum
835 1843 850 1862 a
865 1835 960 1865 divina
972 1836 1037 1868 vita,

245 1892 327 1913 omne
359 1884 490 1912 smeulum
516 1889 682 1918 tempusque
706 1890 739 1910 ac
763 1882 856 1909 locum
877 1886 1038 1918 superante,

243 1937 307 1957 cuni
322 1929 459 1958 excidisse
478 1929 651 1965 contigerit?

279 1975 323 2003 5‘2.
345 1975 397 2009 Qui
421 1975 468 2003 Dei
502 1975 536 2002 ad
565 1974 727 2002 beatitatem
758 1974 842 2002 vitam
869 1974 1040 2003 continentis

245 2030 358 2057 compos
386 2029 442 2048 non
469 2021 515 2053 sit,
536 2021 584 2056 qui
610 2021 669 2056 ipse
694 2021 773 2048 locus
794 2021 886 2056 dignis
910 2020 1041 2048 omnibus

245 2072 316 2104 erit;
337 2076 458 2104 quonam
473 2068 556 2095 modo
571 2076 632 2095 sese
657 2067 783 2100 habebit,
808 2068 852 2095 cui
879 2067 953 2094 Deus
982 2067 1040 2103 ipse

246 2115 399 2143 secundum
413 2114 555 2142 beatitatis
573 2114 600 2140 in
614 2114 670 2141 Deo
688 2113 894 2149 perennitatem
909 2121 941 2140 ac
954 2112 1040 2139 ﬁrmi-

247 2165 332 2189 tatem
344 2160 437 2188 desit?
451 2160 501 2192 Ac,
515 2159 538 2187 si
553 2167 624 2194 aegre
641 2159 790 2186 admodum
807 2159 901 2194 justus
919 2158 1041 2186 salv’abi-

1086 231 1156 263 ιδίας
1171 232 1307 265 γενέσεως
1324 241 1330 247 ·
1344 232 1432 264 οὕτως
1450 234 1464 260 ό
1486 233 1603 265 θάνατος
1633 235 1662 261 ἐν
1683 233 1806 270 Χριστῷ,
1829 236 1881 269 τῆς

1083 277 1223 314 ἁμαρτίας
1245 278 1409 313 κατάκρισις
1431 279 1555 313 γέγονεν,
1585 279 1681 315 ὴὲονῆς
1704 280 1830 315 καθαρὰν
1851 281 1878 306 ὲ·

1084 325 1196 360 Χριστῷ
1211 325 1293 352 πάλιν
1307 327 1356 361 τῆς
1369 326 1477 360 φύσεως
1491 326 1683 362 ἀπολαϐούσης
1695 326 1745 362 τὴν
1759 327 1881 361 γένεσιν.

1120 369 1153 397 ν’.
1171 372 1202 397 Et
1217 372 1298 405 ἡμεῖς
1320 372 1343 398 οἱ
1363 369 1436 404 οἶκος
1462 373 1510 399 τοῦ
1541 372 1608 399 θεοῦ
1634 372 1726 408 χάριτι
1753 372 1884 406 γενέεθαι

1085 417 1247 450 ἀξιωθέντες
1265 418 1309 444 διὰ
1323 418 1493 452 Πνεύματος,
1508 419 1644 454 τοσαύτην
1657 419 1726 454 ὑπὲρ
1743 419 1886 446 δικαιοσύ-

1084 473 1133 500 νης
1147 465 1186 495 εἰς
1205 464 1368 500 κατάκρισιν
1389 466 1438 500 τῆς
1458 465 1595 500 ἁμαρτίας
1621 465 1760 500 ὑπομονὴν
1780 465 1886 491 ἐπιδεῖ-

1085 510 1199 538 κνυοοαι
1217 510 1387 546 παθημάτων
1397 510 1552 546 ὀψείλομεν,
1564 511 1611 538 καὶ
1621 511 1658 542 ὡς
1673 511 1826 546 κακοῦργοι
1839 511 1886 537 τὶν

1085 557 1261 592 ἐφύϐριστον,
1279 557 1379 591 ἀγαθοὶ
1394 557 1590 591 τυγχάνοντες,
1606 557 1756 592 προθύμως
1778 557 1886 591 ἀποφὲ-

1086 601 1182 636 ρεσοαι
1207 600 1332 631 θάνατον,
1353 600 1380 626 τι
1392 600 1425 627 τὸ
1441 600 1528 633 τέλος
1544 599 1604 627 τῶν
1623 600 1832 628 ἀπειθούντων
1847 600 1887 632 τῷ

1085 647 1139 674 τοῦ
1154 646 1230 674 Θεοῦ
1243 647 1419 681 Edam-8.21m
1435 655 1445 678 ;
1464 647 1588 673 τουτέστι
1600 647 1676 673 ποῖον
1692 647 1770 673 ἔσται
1791 647 1823 673 τὸ
1840 646 1888 673 τέ-

1085 691 1141 722 λος,
1157 691 1242 726 ἤγουν
1259 691 1275 726 ὴ
1291 690 1392 726 κρίσις,
1414 690 1470 716 τῶν
1494 690 1531 726 μὴ
1556 690 1639 726 μόνον
1660 691 1753 722 ζῶτάν
1780 699 1811 717 τε
1838 691 1888 717 καὶ

1085 734 1299 770 ἐνεργουμένην,
1316 734 1388 760 κοιτά
1402 742 1432 760 τε
1449 734 1539 769 ψυχὴν
1555 735 1602 760 καὶ
1629 733 1718 770 σῶμα,
1737 734 1839 771 γνώμῃ
1858 743 1887 761 τε

1086 780 1134 807 καὶ
1150 779 1229 815 φύσει
1251 780 1301 815 τὴν
1322 779 1382 806 καθ’
1405 779 1502 815 ἡδονὴν
1521 780 1569 806 τοῦ
1601 781 1688 816 Ἀδὰμ
1705 782 1888 816 κρατήσασαν

1086 827 1136 858 τῆς
1153 825 1261 861 φύσεως
1277 826 1384 859 γένεσιν
1402 826 1484 862 μέχρι
1498 826 1592 858 τέλους
1604 827 1648 854 διὰ
1665 827 1786 862 σπουδῆς
1801 828 1886 862 ἐσχη-

1085 873 1191 905 κότων,
1221 872 1290 900 ἀλλὰ
1316 873 1383 908 μήτε
1412 872 1640 908 προσδεξαμένων
1673 874 1887 909 παρακαλοῦντα

1085 919 1131 946 τὸν
1151 918 1218 946 Θεὸν
1248 919 1295 945 καὶ
1325 919 1436 954 Πατέρα
1460 919 1494 945 δι’
1513 919 1579 946 Υἰοῦ
1612 919 1804 955 σαρκωῢέντος
1819 928 1826 936 “
1849 921 1887 955 μή

1085 974 1115 991 τε
1132 965 1186 1000 μὴν
1211 965 1293 991 αὐτὸν
1318 965 1364 992 τὸν
1395 965 1465 1000 ὑπὲρ
1487 965 1534 992 τοῦ
1561 965 1668 1001 Πατρὸς
1697 966 1888 1001 πρεσϐεύοντι

1088 1011 1202 1046 μεσίτην
1216 1011 1264 1038 καὶ
1275 1011 1351 1043 Υἱὸν,
1366 1012 1413 1038 καὶ
1424 1012 1495 1047 ὑπὲρ
1507 1012 1558 1047 τῆς
1572 1013 1652 1048 ἡμῶν
1663 1013 1703 1043 εἰς
1716 1013 1763 1039 τὸν
1775 1013 1886 1048 Πατέρα

1086 1056 1274 1092 καταλλαγῆς,
1301 1057 1398 1084 ἑαυτὸν
1426 1057 1551 1094 βουλήσει
1571 1058 1619 1085 τοῦ
1645 1058 1765 1093 Πατρὸς,
1783 1059 1824 1090 εἰς
1841 1059 1888 1085 τὸν

1088 1104 1159 1140 ὑπὲρ
1173 1105 1253 1140 ἡμῶν
1269 1105 1386 1132 θάνατον
1400 1106 1471 1133 κατὰ
1486 1105 1596 1140 θέλησιν
1614 1107 1790 1142 προϊέμενον.
1813 1107 1888 1138 ὅπως

1088 1150 1122 1178 δι’
1148 1151 1245 1178 ἑαυτὸν
1267 1152 1342 1186 ἡμᾶς
1366 1151 1496 1178 τοσοῦτον
1508 1151 1620 1186 δοξάσῃ,
1635 1151 1674 1187 τῷ
1688 1152 1784 1179 κάλλει
1801 1161 1888 1179 κατα-

1071 1212 1074 1217 -
1088 1196 1238 1232 φαιδρύνας
1251 1197 1301 1232 τῆς
1319 1197 1423 1229 οἰκείας
1437 1197 1576 1233 θεότητος,
1593 1199 1655 1225 ὅσον
1671 1198 1705 1224 δι’
1717 1199 1792 1234 ἡμᾶς
1807 1199 1889 1230 αὺτὶς

1088 1242 1252 1275 κατεδέξατο
1262 1243 1317 1274 τοῖς
1331 1243 1412 1278 ἡμῶν
1431 1243 1621 1278 ἀτιμασθῆναι
1642 1243 1816 1279 παθήμασιν.

1122 1287 1174 1315 να’.
1194 1287 1306 1324 Ἐπειδὴ
1318 1289 1428 1316 πάντων
1443 1289 1498 1315 τῶν
1514 1289 1677 1324 σωζομένων
1693 1290 1706 1316 ὁ
1717 1290 1795 1322 Θεὸς,
1813 1290 1890 1317 ἔσται

1086 1333 1168 1366 τόπος
1186 1333 1380 1370 ἀπιρίγραφός
1402 1343 1432 1361 τε
1455 1336 1503 1362 καὶ
1523 1335 1684 1367 ἀδιάστατος
1702 1336 1748 1363 καὶ
1759 1336 1887 1372 ἄπειρος,

1088 1379 1155 1406 πᾶσι
1189 1380 1277 1406 πάντα
1309 1381 1453 1416 γινόμενος
1481 1381 1551 1408 κατὰ
1579 1381 1629 1417 τὴν
1658 1382 1810 1416 ἀναλογίαν
1839 1384 1890 1418 τῆς

1088 1424 1274 1461 δικαιοσύνης,
1292 1425 1393 1461 μᾶλλον
1408 1426 1437 1452 δὲ
1460 1426 1532 1453 κατὰ
1556 1426 1586 1453 τὸ
1613 1427 1713 1463 μέτρον
1733 1428 1790 1455 τῶν
1819 1428 1890 1464 μετὰ

1089 1470 1218 1504 γνώσεως
1247 1471 1317 1506 ὑπὲρ
1346 1471 1522 1508 δικαιοσύνης
1550 1473 1667 1500 ἐνταῦθα
1700 1473 1888 1509 παθημάτων,

1090 1516 1186 1543 ἑαυτὸν
1206 1517 1316 1552 ἑκάστῳ
1327 1517 1511 1553 δωρούμενος,
1526 1518 1653 1555 καθάπερ
1667 1519 1740 1555 ψυχὴ
1760 1520 1890 1556 σώματος

1090 1562 1184 1597 μέλεσι
1195 1563 1265 1589 κατὰ
1276 1563 1326 1598 τὴν
1339 1563 1525 1600 ὑποκειμένην
1542 1565 1652 1600 ἑκάστῳ
1667 1565 1744 1600 μέλει
1758 1566 1890 1601 δύναμιν.

1088 1608 1189 1643 ἑαυτὴν
1207 1607 1372 1644 ἐνεργοῦσαν
1385 1609 1564 1644 ἐκφαίνουσα,
1580 1610 1628 1637 καὶ
1642 1610 1709 1646 πρὸς
1729 1611 1760 1637 τὸ
1773 1609 1847 1639 εἶναι
1858 1612 1891 1638 δι’

1089 1654 1188 1689 ἑαυτῆς
1196 1653 1230 1680 τὰ
1244 1653 1311 1689 μέλη
1322 1654 1472 1689 συνέχουσα
1483 1655 1550 1690 πρὸς
1561 1655 1634 1691 ζωὴν
1646 1657 1889 1692 συγκρατούμενα”

1089 1700 1105 1726 ὁ
1119 1698 1234 1733 ἀσεϐὴς
1248 1699 1297 1726 καὶ
1316 1699 1490 1734 ἁμαρτωλὸς
1518 1700 1578 1727 ποῦ
1604 1701 1752 1735 φανεῖται,
1785 1702 1891 1738 ταύτης

1089 1745 1273 1781 ἐστερημένος
1303 1746 1352 1782 τῆς
1378 1747 1508 1782 χάριτος;
1537 1747 1567 1774 '0
1593 1748 1647 1783 γὰρ
1674 1748 1714 1783 μὴ
1736 1748 1891 1784 δυνάμενος

1090 1792 1292 1828 ἐνεργουμένην
1310 1792 1360 1828 τὴν
1378 1792 1448 1820 κατά
1463 1793 1493 1820 τὸ
1515 1792 1545 1820 εὖ
1564 1791 1633 1820 εἶναι
1656 1794 1704 1820 τοῦ
1722 1794 1792 1821 Θεοῦ
1811 1795 1891 1828 δέξα-

1091 1838 1153 1864 σθαι
1179 1839 1343 1874 παρουσίαν,
1365 1839 1417 1866 ποῦ
1433 1841 1569 1875 φανεῖται,
1587 1841 1635 1876 τῆς
1651 1839 1728 1872 θείας
1750 1841 1828 1876 ζωῆς
1841 1842 1891 1876 τῆς
1905 1836 1907 1838 ’

1091 1884 1161 1920 ὑπὲρ
1175 1884 1262 1911 αἰῶνα
1279 1885 1328 1912 καὶ
1342 1885 1438 1921 χρόνον
1456 1886 1503 1912 καὶ
1516 1886 1600 1912 τόπον
1617 1885 1768 1922 ὑπομείνας
1779 1886 1833 1922 τὴν
1846 1887 1891 1913 ἐκ-

1091 1939 1195 1957 πτωσιν
1205 1939 1213 1964 ;

1126 1975 1175 2011 νβ’.
1202 1976 1231 2003 '0
1244 1976 1290 2003 τὸν
1305 1977 1370 2004 Θεὸν
1383 1977 1434 2004 οὐκ
1448 1976 1517 2012 ἔχων
1537 1977 1606 2013 πρὸς
1627 1977 1658 2004 τὸ
1685 1975 1715 2005 εὖ
1733 1977 1807 2005 εἶναι
1834 1987 1892 2005 ουν-

1091 2023 1188 2058 έχοντα
1204 2023 1253 2059 τὴν
1271 2023 1355 2059 ζωὴν,
1372 2024 1418 2050 τὸν
1435 2024 1566 2059 μέλλοντα
1583 2025 1650 2051 πᾶσι
1664 2024 1790 2058 γίνεσθαι
1807 2025 1892 2051 τόπον

1091 2071 1147 2102 τοῖς
1172 2070 1269 2103 ἀξὶοις,
1294 2070 1353 2102 πῶς
1383 2070 1472 2104 ἔσται,
1492 2070 1575 2097 τόπον
1592 2069 1675 2096 αὐτὸν
1691 2071 1742 2097 οὐκ
1756 2070 1830 2106 ἔχων
1846 2071 1892 2097 τὸν

1092 2116 1158 2143 Θεὸν
1172 2116 1242 2143 κατὰ
1259 2116 1308 2151 τὴν
1320 2117 1374 2144 τῶν
1392 2115 1421 2144 εὖ
1444 2114 1515 2144 εἶναι
1533 2118 1561 2144 ὲν
1589 2117 1649 2152 Θεῷ
1676 2117 1761 2152 μονήν
1784 2126 1818 2144 τε
1846 2117 1892 2143 καὶ

1093 2161 1215 2198 ἴδρυσινς
1231 2162 1286 2189 Καὶ
1300 2163 1324 2188 εἰ
1343 2163 1412 2198 μετὰ
1439 2162 1538 2198 πολλῆς
1561 2162 1722 2198 δυσχερείας
1745 2163 1758 2189 ὁ
1786 2163 1892 2193 δίκαιος

248 2213 303 2240 tur,
320 2206 387 2242 quid
401 2206 456 2233 erit
473 2209 557 2233 autve
574 2206 621 2233 lict
643 2205 698 2237 illi,
725 2205 772 2240 qui
798 2205 903 2232 nullam
929 2205 1036 2240 pietatis

1093 2207 1220 2240 σώζεται,
1232 2208 1259 2234 τί
1272 2207 1360 2236 ἔσται.
1373 2207 1425 2243 ἥτε
1438 2208 1562 2236 πείσεται
1588 2209 1602 2234 ὁ
1620 2208 1723 2244 μηδένα
1741 2208 1824 2243 λόγον
1846 2209 1892 2235 εὑ-

247 2257 329 2289 atque
344 2252 466 2285 virtutis,
485 2251 608 2289 quandiu
626 2251 683 2279 vita
702 2251 740 2278 illi
755 2259 849 2279 comes
867 2251 930 2285 fuit,
950 2251 1037 2279 ratio-

246 2306 310 2326 nem
325 2297 441 2326 habuit?

282 2345 326 2372 55.
347 2344 421 2372 Deus
435 2343 561 2379 quidem,
574 2343 729 2372 secundum
742 2351 826 2370 unam
845 2342 960 2370 inﬁnitaa
982 2342 1039 2370 virv

248 2391 314 2419 tutis
340 2390 475 2419 bonitatis
497 2397 555 2417 suae
573 2390 745 2417 voluntatem
758 2409 765 2422 ,
794 2395 893 2416 omnes
914 2387 1038 2420 omnino,

246 2437 414 2473 angelosque
427 2440 456 2464 et
471 2435 601 2463 homines
614 2455 621 2467 ,
638 2435 782 2470 bonosque
798 2438 826 2462 et
840 2434 928 2461 malos
948 2433 1040 2461 conli-

246 2482 326 2510 nebit
346 2492 353 2510 ε
373 2489 430 2510 non
453 2486 546 2509 tamen
569 2488 667 2508 omnes
696 2481 841 2516 aequaliter
871 2479 1041 2515 paribusque

246 2527 346 2560 modis,
376 2526 486 2554 cunctis
509 2525 638 2553 absolute
660 2529 743 2560 atque
766 2525 855 2552 libere
884 2524 1041 2552 immeantis

247 2571 307 2604 Dei,
323 2575 409 2599 erunt
422 2571 591 2607 participes;
608 2570 656 2598 sed
668 2578 718 2605 pro
730 2578 764 2598 eo
779 2578 812 2598 ac
825 2569 944 2605 quisque
957 2569 1040 2596 modo

246 2618 330 2654 capit.
556 2610 558 2612 ’

282 2664 327 2692 ει.
343 2663 396 2698 Qui
408 2663 580 2692 voluntatem
595 2667 678 2698 atque
687 2662 810 2690 animum
822 2670 873 2697 per
884 2661 977 2688 omnia
991 2669 1041 2688 na-

282 2732 304 2747 ‘°
317 2731 326 2759 l
340 2732 413 2760 Petr.
429 2741 466 2766 Iv,
479 2733 523 2760 17.
564 2733 585 2748 ¹¹
602 2733 624 2761 ιι
640 2733 703 2761 Cor.
722 2741 750 2766 ν,
763 2732 809 2760 ‘20.

282 2788 317 2823 (r)
331 2788 434 2823 οἱμὲν
447 2789 484 2824 τῇ
496 2789 598 2824 φύσει.
618 2788 697 2822 Quod
717 2788 758 2816 sic
783 2787 839 2820 hic,
865 2792 894 2815 et
907 2788 1034 2822 sequenti

248 2831 307 2857 cap.
338 2831 370 2851 ac
392 2823 502 2858 passim
518 2824 582 2852 alibi
610 2823 743 2851 Maximus
767 2828 893 2850 naturam
922 2823 1033 2858 ingerit,

249 2859 363 2893 ejusque
377 2857 513 2887 rationem
528 2862 559 2886 ut
569 2857 682 2886 virtutis
697 2858 788 2886 omnis
800 2858 933 2894 regulam,
948 2857 980 2885 ac
988 2866 1034 2886 ne-

851 2732 873 2748 “
892 2733 963 2760 Psal.
981 2740 1041 2765 ιτς,
1061 2732 1088 2758 5.

1094 2253 1202 2285 σεὸείας
1221 2254 1267 2280 καὶ
1287 2254 1387 2289 ἀρετῆς
1403 2255 1473 2280 κατὰ
1491 2254 1541 2289 τὴν
1560 2254 1702 2290 παροῦσαν
1716 2253 1791 2289 ζωὴν
1810 2263 1891 2289 ποιη-

1094 2299 1128 2326 σά
1131 2308 1163 2335 με
1168 2308 1211 2331 νος
1221 2308 1228 2332 ;

1129 2349 1179 2380 νγ’.
1198 2346 1227 2372 ’0
1254 2346 1303 2381 μὲν
1320 2345 1388 2378 Θεὸς
1412 2345 1484 2373 κατὰ
1510 2345 1574 2381 μίαν
1601 2345 1825 2381 ἀπειροὸύναμον
1843 2346 1893 2380 τῆς

1093 2391 1262 2427 ἀγαθότητος
1279 2391 1418 2428 βούλησιν,
1434 2392 1537 2424 πάντας
1562 2391 1667 2424 συνέξει
1687 2391 1734 2418 καὶ
1755 2392 1894 2427 ἀγγέλους

1093 2437 1142 2464 καὶ
1164 2437 1335 2473 ἀνθρώπους,
1359 2437 1479 2472 ἀγαθούς
1504 2446 1533 2464 τε
1557 2438 1605 2464 καὶ
1630 2436 1766 2472 πονηρούς
1784 2445 1791 2452 ·
1819 2435 1893 2464 οὗτοι

1094 2482 1122 2508 δὲ
1135 2482 1245 2514 πάντες,
1260 2482 1310 2509 οὐκ
1323 2483 1387 2513 ἴσως
1407 2482 1551 2517 μεθέξουσι
1563 2481 1642 2514 Θεοῦ,
1659 2481 1705 2508 τοῦ
1720 2482 1765 2509 διὰ
1782 2482 1893 2509 πάντων

1095 2529 1218 2565 ἀσχέτως
1229 2531 1416 2566 χωρήσαντος,
1430 2528 1489 2557 ἀλλ’
1503 2529 1642 2564 ἀναλόγως
1660 2529 1779 2560 ἑαυτοῖς.

1131 2660 1177 2688 νὸ’.
1194 2661 1225 2688 οι
1239 2661 1289 2696 μὲν
1305 2662 1337 2697 τῇ
1354 2659 1435 2696 φύσει
1459 2661 1496 2697 (ν)
1520 2660 1687 2696 φυλάξαντες
1713 2660 1758 2687 διὰ
1781 2661 1892 2688 πάντων

1127 2732 1149 2748 ’³
1163 2731 1173 2758 1
1187 2731 1260 2758 Pctr.
1275 2738 1312 2764 ιν,
1328 2730 1371 2758 18.

1091 2788 1272 2816 cessitndinis
1294 2795 1357 2815 cum
1386 2788 1444 2815 Deo
1468 2795 1614 2819 normam;
1639 2792 1671 2815 nt
1698 2792 1806 2814 tantum
1832 2787 1889 2814 Deo

1091 2824 1220 2850 uniamur
1235 2831 1268 2851 ac
1289 2824 1392 2851 virtute
1418 2823 1582 2859 fulgeamus,
1607 2824 1749 2858 simusque
1773 2829 1888 2857 capaces

1089 2864 1198 2886 attenta:
1211 2859 1401 2892 beatitudinis,
1419 2863 1553 2894 quantum
1575 2859 1656 2887 nobis
1678 2866 1709 2886 ac
1725 2862 1825 2886 nostra:
1837 2865 1887 2883 νυ-
