1946 3074
78 145 147 178 [3:29

416 148 584 178 CAPITUM
603 147 816 182 QUlNOUIES
835 146 1097 177 CENTENORUM
1119 148 1313 178 LEN'l‘UltlA
1331 149 1382 178 Ν.

1652 146 1720 180 1330

78 201 258 238 ἓσονομοῦσαν
274 203 323 238 τὴν
349 203 478 239 γνώμην,
495 205 542 231 καὶ
564 204 618 231 τῶν
642 205 690 240 τῆς
709 204 817 239 φύσεως
833 203 877 230 λό-

933 209 999 231 turae
1010 204 1175 239 aequabilem
1192 209 1385 237 servaverunt,
1399 205 1546 240 ipsutnque
1558 204 1651 239 reipsa
1672 212 1720 231 na-

76 256 133 284 γων
153 249 213 276 κατ’
229 248 370 285 ἐνέργειαν
394 250 522 285 δεκτικὴν
548 251 633 284 αὐτὴν
648 249 872 284 καταστήσαντες

76 295 139 322 καθ’
154 295 214 322 ὅλον
231 295 277 322 τὸν
293 295 339 322 τοῦ
350 296 393 323 ἀεὶ
407 294 436 323 εὖ
447 295 516 323 εἶναι
530 297 619 330 λόγον.
632 295 675 322 διὰ
688 296 737 330 τὴν
749 295 814 330 πρὸς
827 294 874 330 τὴν

77 342 154 369 θείαν
170 342 296 377 βούλησιν
318 343 367 377 τῆς
394 343 508 378 γνώμης
537 342 698 373 εὐπάθειαν,
720 342 784 377 ὅλης
812 341 870 377 [qu.

77 387 125 414 illa
145 388 189 419 til,
211 387 290 424 ὅλως]
315 388 460 424 μεθέξουσι
477 389 526 424 τῆς
542 389 721 423 ἁγαθότητος,
739 388 810 414 κατά
825 389 874 422 τὴν

76 435 169 465 αιτοῖς
187 434 395 469 ἐπιλαμπουταν
405 435 442 466 ὡς
457 435 486 461 ἐν
500 435 626 469 ἀγγέλοις
643 434 659 470 ἧ
672 434 709 466 ὡς
727 435 755 460 ὲν
768 433 875 469 ἀνθρώ-

77 489 140 512 ποις
154 480 230 507 θείαν
243 481 327 516 ζωήν.
345 482 376 507 Οἱ
391 481 420 508 δὲ
431 483 464 516 τῇ
476 481 556 516 φύσει
573 482 737 517 ποιήσαντες
751 482 874 507 ἀνισονο-

77 527 183 561 μοῦσαν
194 527 238 553 διὰ
250 528 357 553 πάντων
369 527 418 562 τὴν
430 526 555 562 γνώμην,
572 528 619 554 καὶ
630 527 685 554 τῶν
698 528 749 563 τῆς
763 526 873 561 φύσεως

75 572 166 607 λόγων
190 574 262 600 κατὰ
280 573 330 608 τὴν
353 574 494 609 ἐνέργειαν
510 574 693 609 σκεδαστικὴν
708 574 794 609 αὐτὴν
807 574 874 600 ("11:0-

75 618 216 651 δείξαντες
229 618 289 644 καθ’
305 618 364 645 ὅλον
372 619 418 645 τδν
427 618 472 644 τοῦ
479 616 509 645 εὖ
519 618 587 645 εἶναι
595 618 682 652 λόγον,
693 618 737 645 διὰ
747 618 795 654 τὴν
807 618 874 652 πρὸς

76 665 128 699 τὴν
147 664 224 691 θείαν
247 664 373 700 βούλησιν
396 665 447 700 τῆς
466 665 580 700 γνώμης
604 664 792 694 ἁντιπᾶϐειαν.
811 664 875 699 ὅλης

76 710 260 737 ἐκπεσοῦνται
284 711 334 745 τῆς
356 711 536 747 ἁγαθὸτητος,
551 710 622 737 κατὰ
639 711 687 742 τὴν
710 711 875 746 ἑμςραινομέ-

76 766 128 792 νην
142 757 234 788 αὐτοῖς
253 757 321 791 πρὸς
334 757 363 783 τὸ
379 757 429 792 φεῦ
443 754 513 784 εἶναι
529 758 578 792 τῆς
594 756 705 792 γνώμης
718 757 854 783 οἰκείωσιν
867 764 874 771 ·

77 803 140 829 καθ’
165 803 198 837 ἣν
219 804 236 838 ἡ
260 804 327 839 προς
351 804 396 830 τὸν
417 803 482 830 Θεὸν
508 803 585 830 ἔσται
600 803 654 830 τῶν
670 803 798 830 τοιούτων
814 803 874 830 διά-

78 856 184 878 στασις,
197 848 247 874 οὐκ
261 848 378 883 ἑχόντων
392 849 464 875 κατὰ
474 849 523 883 τὴν
538 849 668 883 πρύυεσιν
685 849 732 884 τῆς
749 848 873 883 γνώμης,

76 896 139 926 ταῖς
157 894 309 929 ἐνεργείαις
323 895 378 921 τῶν
394 894 517 929 ἀγαθῶν,
533 895 578 921 τὸν
591 895 637 922 τοῦ
654 894 682 922 εὖ
708 894 778 922 εἶναι
796 895 873 929 λόγον
891 889 911 916 Β

78 939 310 976 ζωογονούμενον,
328 939 390 967 καθ’
413 940 442 967 ὃν
467 941 483 976 ὴ
511 940 570 968 θεία
599 941 655 977 ζωὴ
686 941 875 976 διαψαίνεσοαι

78 984 200 1018 πέφυκε.

114 1078 163 1102 vs’.
177 1075 262 1110 Ζυγὺς
273 1076 322 1111 τῆς
336 1076 451 1104 ἑκάστου
463 1077 576 1113 γνώμης
590 1077 747 1105 ἕσταιχατὰ
761 1079 810 1113 τὴν
819 1079 878 1113 κρί-

80 1121 214 1156 σιν,ότῆς
222 1121 328 1155 φύσεως
336 1121 424 1156 λόγος,
439 1122 488 1157 τὴν
506 1123 574 1158 πρὸς
590 1123 620 1149 τὸ
635 1123 697 1158 φεῦ,
712 1123 728 1158 ἣ
746 1121 775 1150 εὖ
793 1124 878 1159 αὐτῆς

79 1166 229 1201 διελέγχων
240 1167 359 1202 κίνησιν,
370 1167 431 1194 χαδ¹
444 1169 478 1203 ἢν
495 1169 511 1203 ἡ
525 1168 575 1204 τῆς
587 1168 662 1201 θείας
679 1169 751 1205 ζωῆς
769 1169 879 1205 μέθεξις

81 1213 98 1248 ἢ
110 1212 244 1247 ἁμεοεξία
262 1213 386 1247 γίνεσθαι
404 1214 522 1249 πέῳυκε.
538 1215 617 1242 Κατὰ
630 1215 684 1251 γὰρ
699 1215 729 1242 τὸ
742 1214 813 1243 εἶναι
830 1217 876 1244 καὶ

82 1259 127 1284 ἀεὶ
143 1256 223 1290 εἶναι,
238 1259 342 1291 πάντας
359 1259 464 1292 συνέξει
481 1260 576 1296 παρὼν
591 1262 604 1288 ό
621 1261 686 1293 θεός
700 1270 706 1276 “
722 1262 791 1289 κατὶι
805 1262 834 1289 δὲ
847 1264 878 1290 τὺ

83 1305 127 1331 ἀεὶ
141 1303 170 1332 εὖ
186 1302 268 1338 εἶναι,
285 1305 382 1341 μόνους
403 1306 562 1342 ἰδιοτρόπως
588 1308 650 1340 τοὺς
671 1308 777 1342 ἁγίους,
793 1309 879 1344 ἀγγέ-

82 1351 147 1383 λους
160 1360 191 1378 τε
206 1353 252 1378 καὶ
266 1352 439 1388 ἀνθρώπους,
457 1353 488 1379 τὸ
503 1354 546 1380 ἀεὶ
569 1354 620 1389 φεῦ
647 1353 729 1387 εἶναι,
757 1357 814 1387 τοῖς
842 1355 880 1391 μὴ

82 1399 216 1431 τοιούτοις
233 1400 271 1431 ὡς
283 1400 396 1435 γνώμης
416 1401 522 1436 καρπὸν
542 1403 623 1438 ἀφεὶς
649 1403 879 1438 ἐπικιρνώμενον.

925 255 994 277 tune
1011 251 1150 278 rationum
1164 258 1293 286 capacem
1303 251 1382 286 juxta
1397 258 1507 278 omnem
1519 251 1590 278 bene
1606 250 1718 278 essendi

926 296 1060 324 rationem
1078 296 1271 329 reddiderunt,
1283 297 1320 324 ob
1335 297 1420 324 animi
1432 304 1465 324 ac
1481 297 1634 324 voluntatis
1655 304 1718 324 cum

925 342 1018 369 divina
1031 342 1174 370 voluntate
1188 342 1427 375 convenientiam,
1445 342 1548 370 divina:
1557 342 1649 369 omnis
1668 342 1721 368 bo—

924 388 1032 421 nitatis,
1055 396 1106 424 pro
1128 389 1230 416 divinat
1244 389 1272 416 in
1288 389 1330 416 eis
1345 388 1420 421 vitae,
1441 393 1473 416 ut
1500 389 1527 416 in
1543 388 1650 424 angelis
1672 393 1722 415 aut

926 435 953 462 in
967 435 1128 462 hominibus
1143 435 1290 467 elucentis,
1320 434 1438 466 ratione,
1459 439 1543 462 erunt
1557 433 1718 470 participes.

925 481 977 514 Qui
992 489 1059 509 vero
1075 490 1124 517 per
1136 481 1229 509 omnia
1240 480 1436 516 inaequabilem
1449 481 1624 508 voluntatem
1636 485 1720 514 atque

925 528 1048 555 animum
1077 532 1184 555 naturze
1210 527 1416 560 reddiderunt,
1439 530 1599 561 natura-que
1628 525 1719 560 rcipsa

926 574 1050 602 rationes
1064 573 1245 608 dissipantem
1260 573 1338 608 juxta
1353 580 1464 600 omnem
1479 572 1551 599 bene
1564 579 1653 606 exque
1666 571 1722 598 vir-

926 623 984 646 tute
1000 619 1112 647 essendi
1132 619 1268 646 rationem
1297 618 1486 647 exhibuerunt
1498 638 1506 650 ,
1524 617 1560 645 ob
1578 617 1663 644 animi
1689 625 1721 644 ac

926 665 1078 694 voluntatis
1095 673 1158 692 cum
1171 665 1264 692 divina
1277 665 1421 692 voluntate
1439 663 1719 695 disconvenientiam,

925 711 1060 739 bonitatis
1079 710 1416 746 omnisjacturam,juxta
1437 709 1597 736 elucentem
1620 709 1648 735 in
1668 709 1719 741 eis,

925 766 989 785 cum
1010 758 1064 785 hoc
1076 757 1149 792 quod
1164 760 1207 783 est
1221 756 1292 784 male
1305 756 1462 791 misereque
1474 763 1548 788 esse,
1568 755 1722 782 voluntatis

925 803 1066 839 animique
1083 802 1329 835 necessitudinem,
1344 801 1448 830 facient
1461 810 1469 835 ;
1485 809 1550 836 qua,
1563 808 1660 828 eorum
1672 802 1720 835 qui

926 849 1064 886 ejusmodi
1084 852 1160 881 sunt,
1177 849 1231 876 erit
1245 856 1308 876 eum
1325 848 1381 875 Deo
1398 847 1551 875 divortium
1568 847 1721 882 sejunctiu-

925 904 996 931 que;
1017 895 1119 930 quibus
1131 902 1231 930 nempe
1247 894 1320 922 desit
1333 893 1435 921 utentis
1450 892 1593 929 proposito
1608 913 1615 925 ,
1640 892 1722 919 bonis

926 942 1059 978 operibus
1084 941 1178 968 vivida
1205 940 1356 976 vigensque
1387 939 1459 967 bene
1484 938 1596 966 essendi
1628 937 1719 970 ratio,

926 987 1080 1015 secundum
1089 994 1171 1021 quam
1180 985 1282 1013 divina:
1290 985 1353 1012 vita:
1364 984 1456 1013 exseri
1467 987 1657 1019 comparatum
1666 987 1718 1015 est,

927 1041 960 1060 ac
973 1033 1178 1068 splendescere.

963 1079 1008 1106 55.
1024 1078 1164 1114 Cujusque
1178 1077 1330 1105 voluntatis
1349 1076 1453 1104 trutina
1468 1077 1496 1104 in
1510 1076 1617 1112 judicio
1629 1075 1722 1102 futura

927 1131 970 1153 est
998 1129 1106 1152 natura}
1130 1125 1221 1157 ratio,
1257 1125 1317 1160 ejus
1347 1123 1480 1150 nimirum
1501 1122 1584 1158 599
1607 1122 1641 1149 ad
1669 1122 1722 1149 hoc

928 1171 1001 1207 quod
1025 1176 1068 1199 est
1083 1170 1152 1198 male
1169 1178 1230 1197 esse
1246 1175 1295 1197 aut
1317 1170 1389 1197 bene
1405 1173 1510 1196 motum
1527 1176 1664 1203 arguens;
1688 1175 1722 1195 ex

927 1218 1008 1254 cujus
1023 1218 1129 1245 ratione
1146 1222 1203 1249 est,
1220 1220 1251 1243 ut
1265 1216 1366 1244 divina:
1387 1216 1450 1243 vitae
1465 1215 1616 1251 participes
1635 1214 1723 1242 simus

927 1269 975 1292 aut
995 1264 1163 1299 inexpertes.
1178 1263 1321 1296 Quatenus
1330 1263 1404 1290 enim
1419 1262 1475 1289 sint
1485 1269 1518 1289 ac
1533 1269 1642 1296 semper
1655 1261 1721 1292 sint,

928 1318 1051 1346 praesens
1065 1310 1139 1337 Deus
1157 1316 1254 1336 omnes
1277 1307 1435 1336 continebit
1455 1327 1461 1334 .
1486 1312 1516 1334 ut
1535 1311 1628 1334 autem
1651 1307 1723 1334 bene

930 1364 1040 1392 semper
1071 1356 1126 1383 illis
1152 1355 1189 1382 sit
1207 1362 1239 1382 ac
1262 1359 1398 1390 perpetua
1420 1353 1552 1380 beatitate
1579 1353 1723 1385 fruantur,

929 1401 1064 1438 peculiari
1079 1402 1213 1429 duntaxat
1230 1401 1338 1428 ratione
1353 1404 1474 1433 sanctos,
1492 1400 1605 1435 angelos
1621 1400 1725 1435 pariter

82 1450 168 1481 atque
186 1446 327 1480 homines;
346 1448 392 1480 iis,
406 1448 453 1483 qui
466 1457 520 1476 non
545 1450 682 1485 ejusmodi
713 1451 826 1483 fuerint,
864 1455 996 1486 tanquam
1018 1457 1116 1477 eorum
1138 1447 1224 1476 animi
1248 1455 1280 1474 ac
1301 1446 1455 1474 voluntatis
1487 1446 1627 1476 fructum.
1649 1453 1725 1473 cont-

83 1493 198 1520 mistum
221 1493 392 1529 relinquens,
409 1498 439 1522 ut
456 1496 498 1523 eis
511 1503 620 1532 semper
635 1497 706 1524 male
724 1498 769 1524 sit.

119 1541 175 1573 νς’.
200 1541 237 1567 Οὐ
258 1542 443 1576 συνεπάγεται
466 1544 499 1578 τῇ
525 1544 597 1570 κατὰ
613 1544 695 1578 φύσιν
714 1545 768 1572 τῶν
787 1545 815 1579 ἐξ
841 1543 878 1572 ὧν
892 1548 913 1576 C

85 1586 253 1621 συνέστηκεν
271 1588 423 1625 ἑτερότητι,
437 1588 486 1615 καὶ¹
501 1589 550 1625 τὴν
571 1589 634 1616 καθ’
657 1591 808 1618 ὑπόστασιν
823 1591 880 1618 δια-

85 1632 174 1668 φορὰν
191 1632 222 1659 τὺ
235 1633 385 1669 μυστήριον
401 1635 451 1670 τῆς
468 1634 544 1666 θείας
559 1636 727 1671 σαρκώσεως
738 1644 744 1651 ·
765 1636 796 1663 τὺ
816 1637 878 1672 μὲν,

85 1680 131 1706 ἵνα
149 1681 186 1715 μὴ
200 1681 360 1716 προσῦήκην
379 1681 448 1716 λάϐῃ
462 1682 494 1708 τὸ
513 1682 564 1717 τῆς
579 1683 694 1718 Τριαδος
710 1685 878 1719 μυστήριον·

85 1727 116 1753 τὸ
130 1726 168 1760 δὲ,
187 1727 229 1753 ἵνα
247 1727 331 1762 μηδὲν
378 1729 411 1764 τῇ
435 1727 542 1763 θεότητι
558 1729 629 1756 κατὰ
646 1729 726 1763 φύσιν
750 1729 881 1764 ὁμογενὲς

87 1773 133 1798 καὶ
152 1772 307 1807 ὁμοούσιον.
322 1773 376 1800 Δύο
398 1773 452 1809 γὰρ
483 1774 592 1809 φύσεων
623 1775 691 1811 πρὸς
718 1775 879 1807 ὑπόστασιν,

86 1818 147 1845 ἀλλ’
163 1819 194 1845 οὐ
212 1819 281 1854 πρὸς
299 1819 380 1854 φύσιν
400 1821 464 1855 μίαν
487 1821 582 1856 γέγονε
612 1821 739 1852 σύνοδος·
768 1821 812 1847 ἵνα
833 1821 881 1847 καὶ

86 1864 117 1890 τδ
133 1863 196 1891 καθ’
208 1864 358 1892 ὑπόστασιν
374 1865 403 1892 ἓν
419 1867 451 1892 ἐκ
465 1866 519 1893 τῶν
529 1865 658 1902 ἀλλήλαις
667 1866 880 1902 συνδραμουσῶν

87 1909 199 1944 φύσεων
215 1911 308 1946 δειχθῇ
323 1912 394 1938 κατὰ
405 1912 454 1948 τὴν
468 1912 566 1939 ἕνωσιν
583 1912 815 1947 ἀποτελούμενον,
832 1913 880 1940 καὶ

86 1956 119 1982 τὸ
137 1956 267 1992 διάφορον
278 1958 332 1984 τῶν
350 1958 532 1985 συνελθόντων
546 1958 614 1994 πρὸς
628 1957 677 1993 τὴν
698 1958 882 1986 ἀδιάσπαστον

86 2002 188 2029 ἒνωσιν
204 2003 276 2030 κατὰ
289 2003 338 2039 τὴν
354 2005 472 2040 φυσικὴν
492 2004 614 2040 ἰδιότητα
629 2004 774 2040 πιστευθῇ,
791 2006 883 2041 πάσης

87 2048 170 2082 ἕκτος
184 2050 266 2085 μένον
279 2050 385 2086 τροπῆς
400 2051 446 2077 καὶ
463 2050 631 2086 συγχύσεως.

124 2137 174 2170 νζκ
190 2138 229 2164 Οὐ
241 2138 412 2173 λέγομενὲπὶ
421 2139 540 2174 Χριστοῦ
552 2139 683 2174 διαφορὰν
695 2140 882 2173 ὑποστάσεων,

87 2184 132 2211 ὅτι
148 2183 236 2220 Τριὰς
253 2185 410 2220 μεμένηκεν
426 2186 443 2220 ὴ
458 2185 555 2220 Τριὰς,
572 2187 618 2212 καὶ
631 2185 820 2221 σαρκωϐἑντος
835 2186 883 2212 τοῦ

89 2230 191 2264 Λόγου,
207 2230 368 2267 προσθήκης
387 2231 534 2268 προσώπου
558 2232 588 2259 οὺ
611 2231 836 2268 προσγενομένης
849 2233 882 2268 τῇ
901 2223 921 2249 θ

90 2279 159 2314 ἁγίᾳ
178 2277 276 2313 Τριάδι
289 2277 332 2305 διὰ
343 2277 394 2313 τὴν
408 2278 547 2314 σάρκωσιν
558 2287 565 2294 ·
587 2278 704 2313 λέγομεν
725 2278 754 2304 δὲ
774 2278 885 2312 φύσεων

86 2323 235 2359 διαφορὰν,
250 2324 293 2350 ἵνα
315 2324 352 2359 μὴ
367 2324 406 2360 τῷ
422 2325 502 2360 Λόγῳ
526 2324 598 2351 κατὰ
614 2325 664 2360 τὴν
685 2324 766 2359 φύσιν
785 2324 884 2360 ὀμ.οοῦ-

89 2379 151 2397 σιον
165 2369 216 2405 τὴν
236 2370 326 2405 σάρκα
338 2370 546 2406 πρεσὸεύωμεν.

128 2415 181 2451 «ιη’.
208 2417 237 2443 '0
263 2416 300 2452 μὴ
329 2417 416 2450 λέγων
444 2417 552 2451 φύσεων
579 2417 722 2452 διαφορὰν,
747 2417 798 2445 οὐκ
828 2417 885 2452 ἔχει

88 2463 177 2490 πόθεν
206 2462 396 2489 πιστώσασθαι
416 2463 467 2497 τὴν
490 2463 531 2490 ὅτι
547 2463 643 2497 γέγονε
666 2463 736 2500 σὰρξ
758 2464 773 2490 ὁ
800 2463 885 2498 Λόγος

89 2510 155 2544 δίχα
178 2508 283 2544 τροπῆς
305 2508 470 2543 ὁμολογίαν·
500 2510 538 2544 μὴ
560 2509 703 2544 γινώσκων
732 2510 885 2545 σωζόμενον

91 2555 165 2583 κατὰ
192 2555 240 2590 τὴν
267 2554 347 2590 φύσιν
374 2555 404 2581 ἐν
429 2557 462 2591 τῇ
487 2557 536 2592 μιᾷ
553 2556 600 2582 τοῦ
623 2557 681 2588 ἑνὸς
698 2556 818 2592 Χριστοῦ
839 2557 887 2584 καὶ

128 2648 137 2658 ⁸
153 2646 195 2674 Cf.
211 2646 246 2674 ad
262 2646 340 2674 Thal.
355 2655 383 2682 q.
398 2646 441 2674 62.

93 2731 197 2759 lnntati
212 2737 275 2757 eum
290 2734 395 2757 naturie
409 2729 566 2757 rationibus
589 2729 768 2762 convenerit;
786 2729 820 2757 de
833 2737 883 2757 na-

93 2771 158 2794 tura
172 2769 268 2792 sanata
277 2770 305 2792 et
315 2765 439 2792 instituta
452 2773 501 2799 per
515 2765 639 2800 gratiam,
656 2765 768 2791 omnino
779 2765 883 2792 intelli—

93 2801 218 2837 gendum
241 2800 345 2827 nonde
370 2801 427 2835 ipsa
440 2805 575 2837 quatenus
593 2800 621 2837 in_
633 2800 713 2827 nobis
736 2809 768 2827 ex
791 2806 884 2827 trans-

96 2835 242 2872 iressione
263 2843 313 2870 pro
326 2840 440 2872 peccato
452 2835 586 2872 inolevit;
607 2835 641 2863 de
656 2840 754 2862 natura
772 2836 883 2872 deruunt

95 2870 188 2907 Qualis
200 2879 214 2898 a
232 2872 287 2899 Deo
304 2871 414 2899 condita
429 2871 491 2904 fuit,
504 2870 621 2906 imagine
636 2876 733 2899 ornata
755 2877 783 2899 et
806 2871 885 2898 simi-

966 1543 1010 1570 56.
1026 1542 1131 1570 Divinze
1157 1539 1358 1568 incarnationis
1384 1539 1564 1576 mysterium,
1595 1546 1651 1565 non
1671 1545 1725 1565 una

931 1596 995 1616 cum
1006 1595 1114 1619 eorum,
1128 1595 1161 1615 ex
1176 1587 1279 1622 quibus
1291 1591 1408 1616 constat.
1422 1585 1543 1613 naturali
1554 1584 1726 1617 diversitate,

931 1635 1016 1662 etiam
1039 1634 1215 1669 personalem
1242 1633 1326 1660 infert
1351 1632 1560 1659 distinctionem
1582 1639 1588 1657 :
1608 1631 1726 1658 alterum

931 1681 1065 1716 quidem,
1080 1685 1110 1707 ut
1129 1680 1236 1707 nullum
1260 1679 1406 1706 Trinitatis
1431 1678 1594 1714 mysterium
1621 1676 1729 1704 addita-

932 1731 1056 1754 mentum
1071 1725 1208 1760 aecipiat;
1224 1724 1343 1752 alterum
1363 1731 1440 1755 vero,
1457 1728 1488 1750 ut
1511 1722 1581 1749 nihil
1604 1729 1655 1756 per
1677 1729 1728 1748 na—

933 1777 1022 1799 turam
1043 1770 1142 1798 deitati
1170 1773 1394 1804 congenerumet
1419 1767 1656 1795 consubstantiale
1680 1774 1732 1794 ex~

932 1817 1021 1844 sistat.
1036 1816 1100 1843 Dine
1108 1815 1181 1842 enim
1195 1815 1338 1842 natnrmin
1350 1821 1433 1841 unam
1448 1821 1595 1849 personam
1605 1811 1726 1843 coiverc,

933 1871 988 1890 non
1013 1863 1041 1889 in
1068 1870 1150 1889 unam
1172 1865 1311 1893 naturam,
1327 1864 1358 1887 ut
1376 1865 1434 1887 tum
1459 1859 1616 1894 personalis
1637 1858 1729 1884 unitas

932 1917 966 1936 ex
993 1914 1157 1936 naturarum
1182 1907 1256 1934 inter
1285 1914 1315 1934 se
1343 1914 1480 1934 concursu
1504 1914 1554 1940 per
1575 1905 1727 1932 unitionem

934 1959 1098 1992 patesceret,
1113 1959 1171 1982 tum
1187 1953 1418 1981 concurrentium
1435 1953 1469 1980 ad
1486 1951 1633 1980 indivisam
1650 1953 1730 1980 unin-

933 2011 996 2030 nem
1020 2001 1137 2030 naturaii
1166 2001 1338 2036 proprietate
1375 2000 1522 2027 distinctio
1537 2019 1544 2031 ,
1569 2003 1647 2027 extra
1668 2007 1729 2026 om-

934 2058 998 2077 nem
1015 2048 1198 2076 mutationem
1210 2055 1243 2074 ac
1269 2047 1465 2075 confusionem
1489 2046 1650 2074 crederetur
1674 2055 1729 2073 nni-

935 2105 969 2124 ne
973 2105 1012 2124 re.

972 2143 1016 2171 57.
1041 2143 1227 2170 Personarum
1251 2143 1279 2169 in
1295 2141 1407 2169 Christo
1422 2140 1632 2167 distinctionem
1655 2139 1730 2167 haud

935 2189 1065 2222 dicimus,
1084 2189 1158 2225 quod
1175 2189 1297 2227 Trinitas
1326 2187 1447 2215 Trinitas
1461 2186 1604 2218 manserit,
1622 2189 1731 2221 postea-

935 2244 1018 2271 quam
1032 2235 1117 2263 etiam
1131 2235 1253 2263 Verbum
1268 2242 1380 2261 carnem
1401 2233 1571 2268 assumpsit;
1602 2232 1676 2259 nulla
1698 2239 1732 2258 ex

934 2281 1126 2309 incarnatione
1143 2284 1246 2309 sancta;
1257 2279 1388 2306 Trinitati
1411 2279 1482 2306 facta
1500 2286 1625 2314 personae
1641 2285 1734 2305 acces-

932 2326 1022 2354 sione.
1052 2325 1221 2353 Naturarum
1249 2329 1342 2351 tamen
1367 2324 1576 2352 distinctionem
1601 2323 1731 2354 dicimus.

933 2381 969 2401 ne
984 2380 1096 2400 carnem
1113 2372 1206 2399 Verbo
1220 2370 1492 2398 consubstantialem
1517 2369 1679 2397 sentiamus.

970 2418 1013 2446 58.
1030 2418 1082 2452 Qui
1098 2423 1261 2445 naturarum
1275 2417 1486 2444 distinctionem
1506 2423 1561 2442 non
1575 2415 1733 2450 proﬁtetur,

940 2473 995 2492 non
1008 2465 1093 2492 habet
1109 2464 1182 2491 unde
1195 2468 1304 2491 astruat
1321 2463 1395 2499 quod
1411 2463 1531 2490 Verbum
1546 2461 1649 2488 factum
1669 2469 1732 2490 car-

941 2518 1015 2542 nem,
1039 2510 1110 2537 citra
1134 2517 1245 2536 omnem
1265 2509 1448 2536 mutationem
1470 2507 1657 2539 conﬁtemur;
1684 2505 1732 2541 qni

941 2563 1040 2592 nempe
1064 2564 1120 2584 non
1145 2555 1292 2592 intelligat,
1315 2555 1363 2582 uni
1391 2554 1474 2582 unius
1496 2553 1545 2582 Dei
1572 2561 1605 2581 ac
1628 2552 1733 2581 Christi

951 2728 1076 2760 litndine,
1092 2728 1118 2755 in
1129 2735 1184 2762 qua
1199 2727 1285 2754 divini
1300 2727 1444 2754 elucerent
1466 2727 1655 2762 characteres,
1667 2732 1732 2762 pou

939 2765 983 2792 cui
1001 2763 1121 2791 obducta
1134 2760 1166 2789 ex
1184 2766 1298 2798 peccato
1310 2763 1456 2789 brutorum
1478 2762 1536 2798 ipsa
1549 2761 1622 2798 παθη
1646 2760 1733 2798 (libi-

939 2800 1018 2827 dines
1028 2798 1155 2832 seilicet).
1169 2795 1281 2825 virtutis
1292 2798 1368 2825 cultu
1377 2801 1412 2824 'ac
1422 2795 1618 2832 exercitatione
1628 2804 1643 2823 a
1652 2795 1735 2832 nobis

939 2834 1114 2866 excutienda,
1130 2837 1160 2860 ut
1171 2833 1265 2860 divina
1277 2833 1304 2860 in
1316 2833 1397 2862 nobis
1408 2833 1577 2860 instauretur
1591 2831 1734 2867 vita,un

941 2879 995 2898 non
1008 2870 1089 2898 aliter
1104 2869 1250 2902 habemus,
1270 2876 1352 2902 quant
1365 2867 1467 2896 Christi
1481 2867 1578 2904 gratia.
