1946 3074
218 103 281 136 1331

801 108 831 137 S.
853 107 998 138 ΜΑΧΙΜῙ
1018 106 1274 139 CONFESSORIS

1788 103 1857 137 1359

217 167 355 197 persoua‘,
370 166 434 196 post
449 162 579 189 unionem
599 166 699 189 natura
715 167 842 196 perstare
856 161 1010 194 incolume,

1084 164 1134 190 ’εοῦ
1152 163 1279 199 Σωτῆρος
1295 161 1444 190 ὑποστάσει
1460 161 1529 196 μετὰ
1542 161 1591 198 τὴν
1605 161 1713 194 ἕνωσιν,
1728 161 1759 188 τὸ
1773 169 1857 197 7:90:-

219 205 246 234 id
255 205 330 241 quod
343 206 494 240 assumpsit
507 210 536 233 et
551 206 626 241 quod
645 211 819 242 assumptum
835 211 888 234 est.

255 252 300 280 59.
309 251 377 280 Cum
389 252 482 279 carnis
489 252 516 279 in
523 252 636 280 Christo
644 261 676 280 ac
683 253 797 281 deitalis
807 258 869 288 post
877 253 1010 280 unionem

219 301 335 325 exsrstat
349 297 493 325 distinctio
502 299 566 333 (nec
574 299 647 326 enim
662 299 751 327 deitas
762 304 790 327 et
799 307 863 327 caro
873 299 946 326 idem
960 307 1012 326 un-

220 351 302 378 quam
313 344 501 372 essentialiter
512 345 669 381 exsistant),
682 345 755 373 haud
767 353 904 380 quaquam
915 352 1012 373 eorum

220 397 281 424 quae
292 395 486 417 convenerunt
496 391 567 418 laeta
577 391 644 418 unio
654 396 706 423 est,
719 396 749 418 ut
766 399 820 418 una
833 391 1014 418 constituere-

220 439 267 462 ‘ur
277 440 394 469 natura;
407 436 454 464 sed
465 441 495 464 ut
506 445 558 464 una
573 445 702 472 persona,
713 445 799 472 penes
811 445 893 472 quam
908 437 1012 464 nullam

221 481 278 509 ullo
289 483 372 510 modo
378 482 586 511 distinctionem
597 483 915 511 inChristoinveuimus.
923 484 1015 517 Quan-

221 531 279 555 tum
293 528 368 555 enim
378 528 412 556 ad
429 537 585 563 personam,
600 530 723 558 Verbum
739 530 811 557 idem
823 535 865 558 est
883 538 945 558 cum
965 538 1015 558 sua

221 579 316 599 carne.
327 572 386 605 Qua
394 573 467 600 enim
478 574 585 602 ratione
595 575 677 602 ullam
688 583 804 610 prorsus
815 575 944 603 Christus
952 583 1014 603 cum

221 626 271 646 sua
291 627 374 646 carne
392 619 601 648 distinctionem
619 621 752 654 admittit,
776 630 862 649 unum
888 630 950 649 eum
965 630 1014 649 sua

222 672 305 692 carne
313 666 480 694 omnimodo
489 675 551 695 esse
557 667 669 702 nequit:
682 675 736 702 qua
747 675 814 695 vero
823 669 926 695 nullam
936 676 1016 703 pror-

224 719 272 738 sus
293 712 501 740 distinctionem
517 714 650 747 admittit,
674 722 759 741 unum
777 714 822 749 pie
843 715 919 742 omni
935 715 1018 742 modo

223 758 306 793 600
320 766 431 793 semper
447 759 474 786 in
486 767 520 787 eo
536 760 582 793 sit,
601 760 690 796 deque
704 762 752 788 illo
765 761 821 788 dici
838 760 978 788 debuerit.

261 805 305 832 60.
323 805 405 833 Fides
419 806 477 841 spei
500 806 671 835 adminiculo
699 808 852 843 perfectam
878 807 907 834 in
931 807 1017 834 Deum

1063 211 1144 236 λαϐὸν
1161 210 1208 237 καὶ
1221 211 1251 236 τὸ
1263 210 1513 246 προσειλημμένον.
1527 244 1530 247 .

1099 257 1147 284 νθ’.
1165 257 1197 284 Εἰ
1213 257 1313 292 σαρκὸς
1329 258 1358 283 ἐν
1376 256 1487 292 Χριστῷ
1504 256 1552 283 καὶ
1571 255 1699 291 Θεῦτητος
1719 254 1787 290 μετὰ
1807 255 1857 289 τὴν

1063 304 1160 330 ἕνωσιν
1175 303 1294 339 ὑπάρχει
1310 303 1427 338 διαφορὰ
1442 302 1513 330 κατὰ
1526 303 1607 337 φύσιν
1618 311 1625 318 ·
1639 302 1670 328 οὐ
1686 301 1744 337 γὰρ
1759 301 1858 327 ταύτὸν

1064 349 1124 375 κατ’
1152 348 1247 375 οὐσίαν
1270 348 1336 375 ποτὲ
1361 348 1455 384 θεότης
1476 348 1524 375 καὶ
1545 346 1629 383 σάρξ·
1656 346 1724 382 πρὸς
1751 345 1858 381 φύσεως

1067 397 1132 429 μιᾶς
1145 395 1264 430 γένεσιν,
1282 396 1299 431 ἡ
1322 394 1377 421 τῶν
1398 393 1581 421 συνελθόντων
1600 393 1726 428 οὐδαμῶς
1743 393 1860 427 γέγονεν

1065 443 1171 474 ἓνωσις,
1188 441 1257 468 ἀλλὰ
1271 441 1341 477 πρὸς
1353 441 1418 476 μίαν
1435 441 1596 473 ὑπόστασιν,
1613 440 1717 475 καθ’ἥν
1729 439 1861 473 οὐδεμίαν

1066 489 1095 514 ἐν
1113 488 1225 525 Χριστῷ
1246 487 1308 516 καθ’
1327 489 1485 523 οίονδήποτε
1499 487 1600 522 τρόπον
1619 486 1786 522 εὑρίσκομεν
1801 485 1862 511 δια-

1067 535 1164 569 φοράν.
1182 535 1287 561 Ταὺτὸν
1304 534 1359 570 γὰρ
1377 535 1411 569 τῇ
1427 534 1516 568 οἰκείᾳ
1536 533 1618 568 σαρκὶ
1640 532 1712 559 κατὰ
1728 532 1779 566 τὴν
1793 531 1862 557 ὑπό-

1068 589 1163 608 στασιν
1180 582 1194 607 ὁ
1207 581 1303 615 Λόγος.
1321 579 1390 607 Καθ’
1406 579 1420 606 ὃ
1435 580 1490 615 γὰρ
1505 579 1538 606 ἂν
1561 581 1575 606 ὁ
1594 579 1711 614 Χριστὸς
1729 578 1780 615 ἔχῃ
1803 579 1864 604 δια-

1067 626 1166 663 φορὰν,
1179 627 1208 654 ἓν
1224 625 1294 653 εἶναι
1309 627 1381 654 κατὰ
1394 626 1482 654 πάντα
1493 626 1593 661 τρόπον
1606 625 1635 652 οὑ
1651 625 1764 652 δύναται
1776 633 1783 640 ·
1800 624 1864 651 καθ’

1067 674 1081 700 ὃ
1097 673 1124 699 δὲ
1137 674 1187 709 τὴν
1206 672 1313 700 οῑανοῦν
1328 672 1470 705 παντελῶς
1482 673 1533 699 οὐκ
1548 672 1703 707 ἐπιδέχεται
1717 670 1864 706 διαφορὰν,

1068 719 1139 746 κατὰ
1152 718 1242 746 πάντα
1255 719 1357 755 τρόπον
1375 718 1405 745 τὸ
1428 718 1457 744 ἓν
1478 719 1522 745 ἐπ’
1538 717 1621 744 αὐτοῦ
1650 715 1684 752 (ε)
1715 716 1866 747 διαπαντὸς

1070 765 1189 797 εὐσεεῶς
1204 765 1261 800 ἔχει
1277 765 1324 792 καὶ
1341 764 1371 791 ὃν
1387 764 1434 791 καὶ
1442 763 1599 799 λεγόμενον.

1107 811 1138 844 ξ’.
1160 811 1192 837 Ἡ
1205 811 1294 842 πίστις
1306 810 1350 837 διὰ
1364 811 1413 846 τῆς
1430 809 1537 840 ἐλπίδος
1553 809 1603 843 τὴν
1619 809 1658 840 εἰς
1673 808 1740 834 Θεὸν
1751 807 1864 841 ἀγάπην

225 850 390 878 charitatem
407 852 573 885 constituit;
602 853 730 888 bonaque
748 853 931 884 conscientia,
957 862 1018 888 qua:

1084 858 1178 884 τελείαν
1193 857 1352 892 συνίστησιν
1364 866 1370 871 ·
1417 855 1508 891 ἀγαθὴ
1524 855 1688 890 συνείδησις,
1705 853 1756 889 τὴν
1768 854 1808 885 εἰς
1821 854 1866 880 τδν

225 905 290 932 erga
302 897 459 932 proximum
473 897 594 926 Charitas
608 903 662 931 est,
679 900 873 927 mandatorum
889 900 1020 927 observas

225 942 303 970 tione
317 943 413 978 fulget.
432 943 507 970 Bona
524 944 599 971 enim
616 945 806 978 conscientia,
822 946 895 980 quod
907 950 1021 973 accuset

226 989 387 1017 mandatum
404 998 460 1018 non
475 991 570 1024 habet,
591 992 696 1020 idcirco
716 993 791 1028 quod
816 993 951 1020 violatum
979 993 1020 1021 fa-

227 1039 360 1070 ctumque
389 1037 500 1064 irritum
517 1038 563 1065 sit.
581 1038 636 1065 llas
658 1042 751 1066 autem
766 1046 864 1066 eorum
888 1039 1021 1067 duntaxat

227 1082 337 1110 animus
356 1083 477 1111 creditas
492 1084 622 1120 accipiat,
648 1085 696 1120 qui
712 1093 786 1113 verte
807 1086 915 1125 salutis
947 1086 1022 1113 desi—

228 1127 306 1156 derio
324 1128 437 1164 fulgeat.

265 1175 309 1202 6i.
328 1176 402 1203 Nihil
417 1177 537 1205 celerius
553 1185 636 1212 quam
652 1178 786 1211 credere;
805 1187 856 1207 nec
869 1179 1021 1214 quidquam

228 1221 349 1254 facilius,
368 1230 450 1257 quam
463 1228 493 1251 ut
508 1224 570 1259 ejus
583 1224 658 1260 quod
672 1225 828 1253 credideris
840 1226 957 1261 gratiam
974 1233 1022 1252 ore

229 1267 400 1294 conﬁtearis.
424 1267 492 1295 Nam
508 1268 575 1296 illud
591 1269 715 1304 quidem,
742 1270 894 1297 animatam
913 1270 1023 1297 vivam-

230 1319 285 1347 que
301 1313 362 1348 ejus
382 1313 429 1348 qui
453 1313 580 1341 credidit‘
596 1322 661 1350 erga
685 1319 827 1343 auctorem
858 1315 1023 1342 charitatem

230 1357 373 1391 ostendit;
404 1358 478 1385 istud
503 1366 592 1392 vero,
618 1360 691 1394 piam
721 1367 754 1387 ac
776 1361 935 1396 religiosam
959 1368 1024 1396 erga

231 1404 392 1439 proximum
407 1404 595 1432 aﬂ‘ectionem.
616 1406 704 1434 Porro
718 1407 840 1434 eharitas
860 1407 1025 1441 sinceraque

232 1450 345 1478 lil'cetio
360 1450 439 1486 (ﬁdes
450 1451 557 1479 scilicet
579 1452 706 1487 bonaque
723 1452 905 1488 conscientia)
921 1453 1024 1480 occulti

1072 904 1188 940 πλησίον
1198 903 1243 931 διὰ
1255 903 1306 938 τῆς
1322 902 1449 938 φυλακῆς
1467 901 1522 928 τῶν
1537 901 1652 928 ἐντολῶν
1674 900 1788 935 ἀγάπην
1814 899 1867 933 ὐφ-

1074 951 1190 987 ίστησιν.
1224 951 1257 977 Ἦ
1269 951 1324 986 γὰρ
1356 949 1446 984 ἀγαθὴ
1477 948 1631 983 συνείδησις
1658 946 1869 981 παραῦαοείσαν

1072 998 1183 1034 ἐντολὴν
1199 999 1250 1024 οὐκ
1264 997 1321 1032 ἔχει
1337 996 1501 1032 κατήγορον.
1518 994 1626 1026 Ταύτας
1640 994 1669 1020 δὲ
1685 993 1755 1029 μόνη
1768 992 1869 1028 καρδία

1074 1044 1251 1072 πιστεύεσθαι
1278 1044 1396 1078 πέφυκε,
1427 1043 1482 1069 τῶν
1506 1041 1660 1076 ἐφιεμένων
1675 1040 1724 1075 τῆς
1748 1038 1869 1074 ἀληθοῦς

1075 1091 1223 1127 σωτηρίας.

1111 1181 1159 1214 ξακ
1176 1180 1263 1208 Οὐδὲν
1283 1179 1331 1207 τοῦ
1346 1179 1486 1206 πιστεύειν
1506 1176 1666 1212 ταχύτερον,
1684 1175 1733 1202 καὶ
1755 1173 1805 1200 τοῦ
1827 1173 1872 1200 διὰ

1076 1228 1210 1262 στόματος
1238 1226 1381 1260 ὁμολογεῖν
1409 1225 1457 1252 τοῦ
1484 1223 1679 1253 πιστευθέντος
1708 1221 1759 1256 τὴν
1789 1220 1872 1255 χάριν

1075 1273 1149 1300 ἐστὶν
1162 1272 1347 1307 εὐκολώτερον
1361 1280 1367 1287 ·
1387 1271 1417 1297 τὸ
1435 1271 1484 1306 μὲν
1500 1270 1565 1306 γὰρ,
1579 1269 1654 1304 δηλοί
1673 1267 1724 1303 τὴν
1748 1266 1873 1302 ἔμψυχον

1076 1320 1145 1356 πρὸς
1157 1319 1204 1345 τὸν
1216 1318 1387 1353 πεποιηκότα
1400 1316 1447 1344 τοῦ
1463 1315 1679 1345 πεπιστευκότος
1692 1313 1806 1347 ἀγάπην
1819 1319 1827 1326 ο
1844 1313 1873 1338 τὸ

1076 1366 1117 1398 δὲ,
1135 1365 1183 1401 τὴν
1202 1364 1315 1399 θεοφιλῆ
1325 1364 1394 1399 προς
1405 1363 1451 1390 τὸν
1469 1362 1584 1397 πλησίον
1608 1360 1739 1387 διάθεσιν.
1763 1359 1872 1393 Ἀγάπη

1076 1412 1105 1438 δὲ
1122 1412 1170 1438 καὶ
1186 1411 1285 1445 γνησία
1314 1409 1446 1440 διάθεσις,
1474 1409 1559 1444 ἤγουν
1586 1407 1678 1437 πίστις
1704 1405 1752 1432 καὶ
1781 1404 1875 1438 ἀγαθὴ

1078 1457 1244 1491 συνείδησις,
1264 1455 1345 1492 ἔργον
1362 1454 1504 1490 προδήλως
1521 1453 1569 1480 τοῦ
1584 1452 1656 1479 κατὰ
1671 1451 1788 1487 καρδίαν
1801 1451 1876 1485 ἀφα-

233 1496 320 1523 animi
333 1500 426 1524 motus
443 1497 532 1532 palam
548 1505 618 1533 opus
632 1503 707 1531 sunt,
723 1499 801 1526 nulla
817 1507 932 1534 prorsus
946 1504 1022 1527 cxte-

1084 1505 1141 1537 νοῦς
1156 1504 1276 1539 ὑπάρχει
1285 1503 1447 1538 κινήματος,
1460 1501 1510 1536 τῆς
1518 1500 1597 1532 ἐκτὸς
1610 1499 1677 1534 ὕλης
1687 1498 1756 1534 πρὸς
1765 1497 1877 1532 γένεσιν

233 1541 302 1569 riori
320 1542 435 1569 materia
449 1543 588 1578 indigens,
609 1548 640 1571 ut
657 1544 715 1571 ﬁat.

271 1587 316 1615 62.
333 1587 384 1621 Qui
410 1589 570 1622 omnimoda
594 1597 659 1625 erga
675 1590 702 1618 id
722 1591 796 1626 quod
814 1592 961 1620 honestum
986 1598 1029 1621 est

235 1641 268 1661 ac
279 1634 360 1661 oilicii
371 1639 463 1662 motus
473 1635 597 1663 carentia
609 1635 904 1672 ignaviaquelaborat,
915 1639 1029 1666 omnino

235 1689 302 1716 erga
316 1681 413 1709 vitium
427 1689 459 1709 ac
468 1682 571 1709 malum
585 1683 731 1717 expeditus
743 1683 885 1719 facilisque
902 1685 1028 1712 exsistat.

236 1727 421 1760 Quamobrem
435 1728 518 1756 etiam
541 1728 687 1764 Scriptura
703 1730 809 1765 lapides
823 1731 964 1766 appellare
987 1724 1031 1758 so-

237 1772 277 1801 let
287 1774 321 1806 “,
345 1774 431 1801 animi
457 1782 522 1810 erga
540 1783 573 1802 ea
595 1783 657 1810 qua:
674 1775 790 1804 honesta
810 1781 877 1804 sunt
896 1782 925 1804 et
946 1777 1030 1804 ollicii

238 1819 396 1854 segnitiem,
414 1824 545 1854 tanquam
559 1813 621 1855 quae
635 1821 772 1849 virtutum
789 1829 874 1850 sensu
891 1822 1030 1850 destitua-

239 1869 287 1892 tur
307 1874 314 1892 :
333 1865 406 1901 ligna
432 1873 519 1898 vero,
541 1866 714 1894 alacritatem
734 1875 798 1902 erga
824 1875 856 1895 ea
877 1876 939 1903 quae
962 1869 1033 1896 mala

240 1915 306 1938 sunt
326 1912 360 1938 ’⁵.
385 1911 490 1940 Sensus
510 1917 604 1940 autem
625 1914 722 1945 motio,
749 1914 851 1941 mentis
877 1914 1033 1950 operationi

240 1956 405 1993 conjuncta,
415 1958 546 1986 virtutem
564 1967 626 1986 cum
641 1959 758 1987 scientia
774 1961 950 1994 coniunctam
965 1969 1034 1996 pra:-

241 2008 306 2032 stat.

277 2051 321 2078 65.
340 2051 462 2078 Medium
476 2051 612 2085 parietem
624 2052 647 2068 “
663 2052 794 2085 arbitror,
804 2053 960 2080 naturalem
975 2060 1037 2080 cor-

242 2097 318 2132 poris
333 2097 420 2133 legem
435 2097 469 2124 ab
482 2096 627 2132 Scriptura
639 2098 748 2129 vocari;
762 2099 910 2126 maecriem
925 2106 991 2126 vero
1002 2099 1035 2131 ",

242 2151 304 2178 quae
323 2143 423 2178 inlege
437 2143 531 2170 carnis
544 2143 670 2175 residet,
693 2151 758 2179 erga
774 2143 892 2170 affectus
909 2151 942 2171 ac
966 2143 1037 2170 vitia

1081 1551 1221 1582 παντελῶς
1236 1551 1266 1576 οὺ
1284 1550 1424 1584 δεόμενον.

1116 1598 1165 1633 ξβν.
1203 1597 1232 1624 '0
1249 1596 1299 1631 τὴν
1323 1594 1445 1630 παντελῆ
1475 1593 1539 1629 περὶ
1563 1592 1593 1620 τὸ
1617 1591 1700 1619 καλὴν
1728 1590 1879 1624 ἀκινησίαν

1080 1644 1177 1677 νοσῶν,
1201 1643 1266 1677 περὶ
1286 1641 1317 1668 τδ
1335 1640 1421 1668 κακὸν
1443 1640 1562 1675 ὑπάρχει
1593 1639 1701 1669 πάντως
1721 1637 1879 1670 εὐκίνητος.

1039 1710 1044 1714 -
1083 1691 1149 1718 Κατ’
1164 1691 1249 1726 ἄμφω
1262 1689 1317 1724 γὰρ
1329 1688 1459 1722 ἀκίνητον
1475 1687 1619 1721 ὑπάρχειν,
1638 1684 1782 1711 ἀδύνατον.
1794 1683 1880 1709 Ὅθεν

1082 1739 1130 1765 καὶ
1144 1737 1235 1768 λίθους
1249 1736 1344 1763 καλεῖν
1360 1732 1430 1761 οἶδεν
1446 1735 1462 1770 ἠ
1476 1733 1584 1769 Γραφὴ.
1604 1732 1654 1768 τὴν
1677 1731 1742 1767 περὶ
1755 1730 1792 1757 τὰ
1809 1729 1882 1757 καλὰ

1082 1785 1131 1820 τῆς
1153 1783 1244 1819 ψυχῆς
1272 1781 1421 1819 ρᾳθυμίαν,
1448 1781 1486 1812 ὡς
1511 1779 1616 1816 ἀρετῶν
1641 1776 1881 1811 ἁναισθητούσης·

1085 1830 1151 1864 ξύλα
1164 1830 1204 1862 δὲ,
1221 1829 1271 1865 τὴν
1288 1828 1353 1864 περὶ
1370 1827 1405 1854 τὰ
1426 1826 1502 1854 κακὰ
1523 1825 1689 1861 προθυμίαν.
1718 1823 1756 1849 Ἠ·
1772 1822 1802 1849 δὲ
1822 1822 1883 1848 κατ’

1085 1877 1213 1911 αἴσθησιν
1233 1876 1342 1911 κίνησις
1363 1872 1557 1908 συναπτομένη
1575 1873 1608 1906 τῇ
1626 1869 1698 1897 κατὰ
1718 1868 1782 1896 νοῦν
1805 1866 1884 1902 ἐνέρ-

1085 1924 1158 1960 γείᾳ,
1176 1924 1249 1949 ποιεῖ
1264 1922 1312 1956 τὴν
1331 1921 1400 1956 μετὰ
1411 1918 1538 1954 γνώσεως
1554 1918 1664 1953 ἀρετήν.

1124 2048 1174 2083 ξγ”.
1202 2046 1403 2081 Μεσότοιχονή
1429 2044 1536 2080 Γραφὴ,
1565 2043 1610 2069 τὸν
1632 2041 1702 2068 κατὰ
1725 2041 1821 2075 φύσιν,
1849 2040 1886 2072 ὡς

1088 2095 1177 2130 οῗμαι,
1193 2094 1276 2130 νόμον
1294 2093 1342 2120 τοῦ
1365 2092 1492 2127 σώματος
1519 2089 1660 2125 κέκληκε·
1689 2088 1821 2123 φραγμὸν
1846 2087 1885 2119 δὲ,

1088 2143 1138 2178 τὴν
1151 2143 1180 2168 ἓν
1197 2140 1236 2176 τῷ
1258 2141 1334 2175 νόμῳ
1358 2139 1410 2174 τῆς
1425 2137 1527 2173 σαρκὸς
1548 2137 1617 2171 πρὸς
1637 2134 1673 2162 τὰ
1688 2135 1762 2170 πάθη
1778 2134 1885 2169 σχέσιν.

244 2189 284 2222 (id
296 2194 349 2221 est,
365 2189 523 2224 peccatum)
540 2189 786 2216 necessitudinem.
802 2189 865 2217 Sola
882 2190 956 2217 enim
972 2197 1028 2216 cun

1090 2190 1174 2226 ἤγουν
1186 2187 1236 2223 τὴν
1251 2186 1399 2222 ἁμαρτίαν.
1415 2184 1492 2219 Μόνη
1504 2183 1559 2218 γὰρ
1577 2183 1594 2218 ἡ
1614 2182 1683 2219 πρδς
1695 2181 1729 2207 τὰ
1749 2181 1826 2215 πάθη
1838 2180 1887 2214 τῆς

242 2235 387 2270 probrosis
404 2234 552 2263 affectibus
566 2235 698 2270 vitiisque
714 2235 900 2268 necessitudo,
930 2240 1035 2263 natura;

243 2281 314 2317 legis
331 2281 464 2315 (patibilis
478 2281 585 2309 scilicet
608 2285 714 2309 natura:
737 2281 885 2316 portionis)
903 2281 1038 2309 maceries

243 2327 373 2359 eﬂicitur,
388 2328 466 2355 velut
488 2328 635 2363 interjecto
661 2335 743 2355 muro
761 2335 863 2363 corpus
884 2327 919 2354 ab
945 2328 1038 2355 animo

244 2374 417 2408 dispescens,
432 2382 485 2402 nec
506 2375 641 2402 rationem
660 2375 806 2405 virtutum,
832 2373 950 2400 actionis
962 2373 1038 2400 cultu

245 2420 413 2448 inter-media
431 2419 522 2448 anima
539 2420 574 2447 ad
594 2427 706 2447 carnem
733 2419 852 2446 transire
876 2419 981 2446 sinens.
1005 2419 1040 2446 At

246 2466 294 2493 ubi
317 2465 429 2493 advenit
446 2467 527 2497 ratio,
553 2466 698 2501 legemque
721 2470 826 2493 natura:
842 2463 969 2501 (natura,
995 2465 1039 2492 in-

283 2544 304 2558 "
320 2543 420 2570 Ezech.
439 2551 475 2574 x1,
499 2543 547 2574 19;
564 2550 654 2574 xxxvi,
669 2542 713 2569 26.
751 2543 773 2557 ”
790 2541 886 2568 Matth.
908 2540 1021 2572 xxr,19.
1059 2540 1082 2555 ¹⁶

282 2619 320 2684 ἃς)
339 2619 374 2646 Τὸ
388 2618 422 2646 ἓν
496 2619 692 2655 aetna-Legit
708 2619 793 2646 Picus
814 2618 861 2645 ὑπ’
888 2616 983 2647 αὑτοῦ.
1012 2624 1043 2644 ac

301 2657 367 2683 dere
382 2659 498 2682 conatus
509 2659 563 2684 est.
576 2654 623 2681 Pie
635 2654 684 2682 sub
695 2663 723 2681 se
735 2654 812 2681 habet
826 2662 920 2684 unum,
933 2653 1002 2684 quod
1011 2659 1043 2678 est

250 2653 367 2685 reddere
382 2659 498 2682 conatus
509 2659 563 2686 est,
576 2654 623 2681 Pie
635 2653 684 2682 sub
695 2663 723 2681 se
735 2654 812 2681 habet
826 2662 920 2684 unum,
933 2653 1002 2688 quod
1011 2656 1049 2678 est

250 2697 274 2720 et
288 2691 394 2718 dicitur.
406 2690 486 2723 Quod
498 2698 564 2717 sane
580 2697 691 2718 sensum
707 2689 791 2716 habet
802 2688 1047 2719 absurdissimum,

252 2736 285 2755 ac
299 2726 323 2754 si
339 2726 406 2753 velit
415 2725 557 2753 Christum
572 2726 701 2759 superius
709 2724 890 2760 praedicatum
902 2731 983 2760 esse,
995 2723 1048 2750 sub

252 2769 308 2797 quo
319 2769 405 2797 unum
418 2766 447 2788 ct
457 2761 494 2788 sit
504 2765 531 2788 et
544 2759 723 2797 intelligatur.
736 2760 785 2797 Ait
795 2759 887 2797 itaque
901 2759 1046 2789 Maximus,

255 2794 341 2825 unum
366 2795 410 2830 pic
425 2804 535 2831 semper
555 2796 583 2823 in
600 2794 713 2823 Christo
726 2799 754 2822 et
770 2795 803 2822 de
817 2794 998 2831 Christoesse
1019 2799 1047 2820 ct

254 2829 382 2867 intelligi,
399 2840 431 2859 ea
459 2829 568 2859 ratione
589 2839 642 2866 qua
672 2837 790 2866 persona
808 2834 860 2862 est,
886 2829 1047 2863 nullamque

1091 2235 1205 2270 ἀτιμίας
1233 2232 1336 2268 σχέσις,
1364 2230 1411 2258 τοῦ
1434 2230 1519 2265 νόμου
1531 2229 1581 2263 τῆς
1600 2228 1719 2262 φύσεως,
1747 2226 1886 2256 τουτέστι,

1091 2280 1139 2307 τοῦ
1155 2277 1279 2313 παθητοῦ
1296 2277 1346 2311 τῆς
1368 2276 1476 2311 φύσεως
1492 2274 1603 2310 μέρους,
1618 2271 1746 2307 φραγμδς
1766 2271 1886 2305 γίνεται,

1092 2327 1141 2361 τῆς
1153 2325 1244 2361 ψυχῆς
1259 2323 1289 2350 eo
1306 2323 1386 2358 σῶμα
1398 2321 1581 2356 διατειχίζων,
1603 2319 1652 2345 καλ⁵
1667 2318 1715 2344 τοῦ
1737 2317 1821 2351 λόγου
1833 2317 1888 2342 τῶν

1092 2370 1198 2407 ἀρετῶν
1218 2370 1267 2405 τὴν
1282 2368 1352 2404 πρὸς
1368 2368 1457 2402 σάρκα
1479 2366 1524 2393 διὰ
1539 2365 1625 2400 μέσης
1639 2363 1730 2398 ψυχῆς
1748 2362 1824 2389 κατὰ
1840 2362 1889 2396 τὴν

1094 2417 1206 2453 πρᾶξιν,
1223 2415 1260 2451 μὴ
1276 2414 1428 2450 συγχωρῶν
1438 2413 1566 2448 γενέσθαι
1579 2411 1720 2438 διάϐασιν·
1737 2411 1752 2436 ὸ
1765 2410 1795 2436 δὲ
1810 2409 1889 2442 λόγο;

1094 2463 1330 2499 παραγενόμενος,
1344 2462 1393 2488 καὶ
1407 2461 1453 2487 τον
1468 2460 1518 2495 τῆς
1532 2459 1640 2494 φύσεως
1655 2456 1794 2492 νόμονμ),
1804 2456 1890 2491 ἤγουν

1096 2539 1198 2574 Ephes.
1212 2546 1241 2571 ιι,
1256 2538 1300 2564 li.
1338 2538 1359 2553 ’⁷
1377 2535 1444 2564 ibid.

1097 2615 1306 2643 distinctianm
1329 2612 1461 2640 admittit.
1488 2610 1594 2638 Deinde
1617 2610 1663 2636 ὑπ’
1687 2608 1771 2636 αὑτὸν
1794 2610 1892 2646 legen-

1098 2651 1164 2678 dum
1182 2651 1265 2681 foret,
1285 2649 1358 2703 quod
1375 2656 1428 2676 nec
1439 2648 1497 2682 ipse
1511 2650 1691 2681 reprmsentat
1705 2646 1799 2672 Picus.

1135 2686 1166 2703 (ll
1201 2686 1252 2703 ι-ὐ)
1268 2693 1323 2703 τιν
1340 2683 1394 2703 r5:-
1410 2683 1532 2703 rn'urrmn‘
1543 2681 1647 2703 vliun'tt
1666 2681 1764 2703 Legem
1784 2689 1799 2703 n

1135 2686 1181 2722 (t)7
1199 2686 1252 2712 Καὶ
1268 2681 1323 2722 rer
1340 2683 1394 2722 ζῇς
1408 2681 1532 2722 μύσεως
1543 2681 1647 2722 νόμον.
1666 2681 1764 2722 L_egem
1784 2685 1892 2720 natura:

1098 2716 1162 2748 toto
1175 2721 1229 2748 hoc
1241 2719 1330 2754 capite
1345 2716 1479 2745 Maximus
1490 2720 1607 2754 usurpat
1616 2724 1666 2751 pro
1679 2717 1738 2751 lege
1750 2716 1889 2750 corporis,

1097 2764 1146 2783 seu
1165 2756 1258 2784 carnis
1271 2752 1417 2784 etsensus,
1433 2760 1496 2779 cum
1509 2752 1577 2779 alias
1592 2759 1664 2786 saepe
1681 2756 1821 2782 naturam,
1839 2758 1891 2786 pro

1097 2796 1195 2818 natura
1210 2791 1269 2825 ipsa
1287 2788 1410 2816 hominis
1421 2796 1487 2825 qua
1499 2788 1583 2825 homo
1604 2785 1663 2818 est,
1679 2794 1711 2814 ac
1727 2786 1834 2825 ratione
1852 2785 1890 2811 νὶ-

1098 2827 1136 2853 vit
1149 2822 1233 2861 atque
1246 2826 1349 2852 virtute
1363 2822 1512 2854 acceperit.
1524 2822 1633 2857 Ubique
1647 2829 1714 2849 sane
1733 2822 1760 2848 in
1774 2829 1825 2848 usu
1840 2829 1889 2847 to»
