1946 3074
116 124 191 157 I333-

113 187 145 212 τὸ
173 184 229 220 τῆς
250 183 358 218 φύσεως
385 186 507 221 παθητὸν
536 187 625 223 [unus
657 188 720 223 Reg.
738 188 907 224 παθητικὸν]
925 193 944 218 Α

115 232 335 263 καταπαλαίσας,
351 232 402 268 τὴν
416 234 445 259 ἐν
457 233 531 269 αὐτῷ
550 234 604 260 τῶν
622 235 696 270 παρὰ
716 235 797 270 φύσιν
814 235 909 262 παθῶν

117 280 215 315 σχέσιν
227 280 415 315 κατήργηοεν.

150 327 199 359 ξδῖ.
220 327 316 354 Ίινίκει
331 328 381 363 μὲν
400 327 433 354 δι’
450 328 559 363 ἀπάτης
578 327 646 364 δόλῳ
665 328 754 354 συλῶν
779 329 829 364 τὴν
846 329 910 364 περὶ

113 371 182 398 Θεὸν
197 372 318 408 ἔμφυτον
336 373 437 407 γνῶσιν
453 373 504 408 τῆς
516 372 634 407 φύσεως,
650 373 753 408 ταύτην
765 374 778 399 6
792 373 910 409 πονηρὸς

114 419 156 448 εἰς
174 418 272 444 ἐαυτὸν
288 419 492 453 σφετερίζεται,
507 418 627 454 κλέπτης
644 419 713 451 ἐστὶ,
730 419 798 454 πρὸς
813 419 910 445 ἑαυτὸν

113 465 173 491 ἀπὸ·
197 465 245 492 τοῦ
270 465 341 492 Θεοῦ
366 465 397 491 τὺ
422 467 504 498 ccio};
528 466 692 501 μεταφέρειν
717 466 908 501 πειρώμενος’

113 511 234 545 ἀπάγων
247 511 371 546 δηλονότι
386 512 440 538 τῶν
460 512 489 538 ἐν
504 513 559 544 τοῖς
573 513 698 547 γεγονόσι
715 512 910 547 πνευματικῶν

113 556 214 600 λογων,
231 558 279 592 τὴν
295 558 366 584 κατὰ
381 557 443 584 νοῦν
460 558 510 593 τῆς
526 558 615 594 ψυχῆς
634 558 764 594 Θεωρίαν,
779 559 826 584 καὶ
841 559 909 594 μόνῃ

118 604 299 638 περιγράψων
314 604 363 638 τὴν
380 603 478 639 νοερᾶν
496 604 622 639 δύναμιν,
641 605 674 639 τῇ
693 603 764 630 κατᾶ
785 603 834 639 τὴν
850 604 911 629 ἐπι-

117 649 231 682 φάνειαν
250 649 381 685 προσόψει
404 649 459 676 τῶν
481 650 630 685 αἰσθητῶν.
666 648 800 684 Ὀπηνίκα
815 648 843 675 δὲ
867 648 911 674 διὰ

113 695 171 720 τῶν
185 695 308 728 φυσικῶν
319 696 510 731 ἀπαρχόμενος
525 695 697 730 κινημάτων,
711 694 779 730 πρὸς
789 694 822 721 τὰ
837 694 910 728 παρὰ

115 741 198 776 φύσιν
211 742 377 776 σοψιστικῶς
390 742 536 777 κατασύρῃ
549 742 598 777 τὴν
613 741 769 777 πρακτικὴν
782 741 908 776 δύναμιν,

114 789 165 815 καὶ
183 787 229 814 διὰ
247 788 302 814 τῶν
315 788 504 823 νομιζομένων
522 788 612 814 καλῶν
638 789 694 818 τοῖς
709 787 814 823 χείροσι
830 786 911 813 πιθα-

114 835 170 866 νῶς
185 834 351 869 προπηλώςῃ
368 834 472 869 ταύτης
486 833 534 870 τὴν
553 834 658 869 ἔφεσιν,
676 835 723 862 ἐπὶ
742 833 782 869 τῷ
797 833 910 868 ὀνόματι

114 881 223 916 Κυρίου
244 881 339 916 ὀμνύει
366 881 482 915 ψευδῶς,
507 881 574 916 πρὸς
594 881 662 907 ἄλλα
678 881 743 916 παρ’
763 880 909 916 ὑπόσχεσιν
926 869 947 897 η

114 928 193 962 ἄγων
205 929 255 963 τὴν
267 925 433 964 πειθομένην
449 928 550 964 ψυχήν.
570 929 626 955 Καὶ
640 929 699 954 ἐστι
712 927 833 963 κλέπτης
849 927 908 963 μὲν,

114 974 155 1005 ὡς
179 974 250 1009 πρὸς
276 974 372 1000 ἑαυτὴν
399 974 488 1000 συλῶν
512 974 563 1009 τὴν
592 974 694 1008 γνῶσιν
717 974 766 1007 τῆς
785 973 908 1008 φύσεωςσ

114 1021 247 1056 ἐπίορκος
264 1021 304 1053 δὲ,
333 1020 371 1052 ὡς
398 1020 429 1047 τὸ
456 1020 610 1055 πρακτικὸν
629 1019 680 1054 τῆς
703 1019 794 1055 ψυχῆς
819 1019 910 1055 μάτην

115 1065 303 1093 διαπονεῖσθαι
316 1066 418 1093 πείθων
435 1068 491 1097 τοῖς
511 1066 586 1102 παρᾶ
605 1065 698 1100 φύσιν.

155 1161 202 1192 ξε’.
219 1161 254 1186 Ἦ
267 1160 349 1187 πάλιν
364 1160 485 1196 κλέπτης
504 1160 591 1192 ἐστὶν,
606 1161 620 1186 6
640 1159 709 1195 πρὸς
726 1159 835 1194 ἀπάτην
857 1159 912 1186 τῶν

116 1208 272 1234 ἀκουόντων
294 1207 358 1238 τοὺς
379 1206 468 1238 θείους
497 1204 577 1240 ὂῆοεν
606 1206 778 1240 ἀσκούμενος
804 1205 911 1240 λόγους,

116 1253 154 1282 ιῖιν
171 1255 223 1281 οὑκ
237 1253 346 1287 ἐπέγνω
363 1253 408 1279 διὰ
430 1252 486 1279 τῶν
512 1253 602 1286 ἔργων
629 1251 679 1287 τὴν
704 1251 831 1287 δύναμιν,
863 1252 912 1286 τὴν

116 1301 199 1336 ψιλὴν
212 1299 354 1336 προφορὰν
372 1298 452 1334 δόξης
466 1298 603 1334 ἐμπορίαν
621 1299 797 1333 ποιούμενος,
814 1299 862 1325 καὶ
873 1299 913 1333 τῷ

117 1347 162 1374 διὰ
178 1346 307 1380 γλώσσης
321 1346 392 1381 λόγῳ
406 1345 453 1371 τον
473 1345 520 1371 τοῦ
535 1344 641 1376 δίκαιος
661 1344 822 1379 νομίζεσθαι
838 1345 913 1380 παρὰ

111 1393 173 1419 θεῶν
199 1392 387 1427 ἀκροωμένων
410 1391 570 1427 θηρώμενος
594 1390 716 1418 ἔπαινον.
737 1390 792 1417 Καὶ
819 1389 913 1421 ἁπλῶς

118 1442 219 1471 εἰπεῖν.
237 1442 250 1467 6
263 1439 301 1476 τῷ
316 1440 388 1475 λόγῳ
404 1439 451 1465 τὸν
468 1438 523 1474 βίον
536 1438 718 1474 ἀνάρμοστον,
736 1438 783 1465 καὶ
797 1439 829 1474 τῇ
842 1438 912 1472 γνώ-

119 1497 162 1514 σει
188 1487 238 1523 τὴν
269 1486 389 1514 διάθεσιν
412 1486 463 1520 τῆς
483 1485 573 1521 ψυχῆς
607 1485 678 1520 ἔχων
708 1485 911 1521 ἀντικειμένην,

119 1534 242 1568 κλέπτης
255 1533 339 1564 ἐστὶν,
356 1534 387 1558 ἐκ
404 1532 459 1558 τῶν
475 1531 623 1566 ἀλλοτρίων
649 1530 760 1565 ἀγαθῶν
774 1531 803 1557 οὺ
821 1531 913 1562 καλῶς
929 1552 951 1581 c

118 1580 339 1615 διαφαινόμενος.
358 1579 429 1614 Πρὸς
455 1578 485 1605 ὃν
511 1579 526 1605 6
547 1577 626 1611 λόγος
647 1577 762 1608 εἰκότως
778 1578 845 1614 ἐρεῖ,
873 1577 915 1610 Τῷ

119 1627 155 1653 δὲ
169 1625 334 1661 ἀμαρτωλῷ
350 1622 437 1652 εἶπεν
459 1625 476 1651 ὀ
492 1623 575 1657 Θεὸς,
588 1623 653 1650 Ἵνα
678 1623 707 1650 τί
727 1623 768 1650 σὺ
790 1623 916 1659 ἐκδιηγῇ

121 1673 158 1700 τὰ
168 1671 349 1706 δικαιώματά
362 1680 432 1706 μου,
447 1670 494 1697 καὶ
505 1668 727 1705 ἀναλαμϐάνεις
742 1669 917 1705 τὴνιδιαθή-

120 1729 183 1753 ιην
197 1728 257 1754 μου
270 1718 319 1746 διὰ
336 1718 487 1753 στόματός
503 1725 581 1749 σου;

157 1766 212 1799 ξς¹.
229 1765 357 1799 Κλέπτης
374 1764 505 1795 ὡσαύτως
523 1764 592 1796 ἐστὶ,
608 1763 657 1790 καὶ
680 1764 694 1790 6
710 1763 767 1795 τοῖς
782 1763 916 1798 φαινομέ-

121 1822 178 1846 νοις
196 1812 307 1847 τρόποις
324 1811 370 1838 καὶ
383 1812 471 1847 ἤθεσι,
490 1811 541 1846 τὴν
564 1810 601 1846 μὴ
621 1809 791 1845 φαινομένην
811 1817 916 1844 συγκα-

121 1860 234 1886 mimum
247 1859 296 1894 τῆς
309 1858 399 1893 ψυχῆς
415 1857 595 1893 κακουργίαν,
610 1856 763 1887 ἐπιεικείας
781 1855 917 1890 πλάσματι

121 1907 172 1942 τὴν
183 1906 257 1932 ἔνδον
268 1904 463 1932 ἐπικαλύπτων
471 1903 602 1930 διάθεσιν·
617 1903 667 1930 καὶ
676 1902 811 1934 κλέπτων,
822 1902 917 1939 ὥσπερ

121 1954 228 1985 ἐκεῖνος
241 1954 275 1988 τῇ
294 1951 420 1987 προφορᾷ
440 1950 495 1976 τῶν
518 1949 606 1984 λόγων
629 1949 678 1984 τῆς
706 1949 845 1984 γνώσεως,
866 1949 917 1985 τὴν

120 2000 178 2026 τῶν
206 1999 361 2026 ἁκουῦντων
385 1997 522 2024 διάνοιαν·
553 1995 624 2022 οὕτω
646 1995 678 2031 δὴ
700 1995 747 2022 καὶ
769 1996 851 2028 αὐτος
877 1997 918 2033 τῷ

121 2046 218 2080 τρόπῳ
240 2045 291 2080 τῆς
305 2043 359 2070 τῶν
379 2043 454 2078 ἠθῶν
483 2043 668 2078 ὑποκρίσεως,
690 2042 745 2069 τῶν
772 2043 917 2079 θεωμένων

103 2100 107 2106 ·
123 2093 173 2128 τὴν
190 2092 330 2127 αἴσθησιν,
350 2091 416 2126 πρὸς
434 2090 464 2117 δν
482 2090 584 2125 ὁμοίως
605 2091 757 2125 εἰρήσεται,
784 2091 917 2125 Αἰσχύν-

122 2141 206 2172 ante,
232 2139 258 2165 οἱ
269 2136 463 2171 ἐνδεδυμένοι
483 2131 586 2170 Andria
606 2136 771 2169 ἀλλότρια·
804 2136 851 2163 καὶ
876 2137 916 2168 το,

129 2184 337 2217 Ἀποκανιύψει
362 2183 472 2215 Κύριος
494 2182 527 2208 τὸ
557 2181 662 2216 σχῆμα
691 2181 791 2209 αὐτῶν
819 2182 855 2209 ἐν
880 2182 919 2216 τῇ

451 129 619 160 CAPITUM
639 131 852 167 QUINQUIES
870 107 1132 167 CENTENORUil
1152 138 1346 170 CENTURM
1368 142 1417 172 iV.

1690 141 1758 175 13M

960 199 1054 226 quam,
1078 196 1132 221 \‘i.n
1150 196 1305 232 patibilem)
1322 197 1502 233 expugnavit,
1520 197 1658 234 vigentem
1680 199 1707 227 in
1723 208 1753 228 ex

962 241 1159 269 innaturalium
1172 242 1323 271 aﬂ‘ectuum
1341 244 1586 272 necessitudinem
1598 245 1760 281 proﬂigavit

960 293 992 312 ac
1006 287 1162 315 libidinem.

995 335 1038 362 64.
1056 335 1124 363 Cum
1152 344 1202 371 per
1225 345 1349 365 errorem
1365 337 1445 369 dolo,
1473 337 1626 372 ingenitam
1651 341 1759 364 natur-zu

960 379 994 408 de
1006 382 1062 409 Deo
1078 383 1265 417 cognitionem
1284 384 1469 419 deprazdando
1484 383 1674 418 nequissimus
1701 383 1757 411 sibi

961 433 1082 463 arrogat.
1101 428 1145 455 fur
1161 434 1213 461 est,
1236 430 1282 464 qui
1310 430 1357 457 Dei
1386 430 1414 457 in
1442 438 1472 457 sc
1487 431 1595 458 cultum
1613 438 1646 457 ac
1668 430 1757 465 maje-

961 478 1059 501 statem
1072 474 1220 502 transferre
1231 479 1354 510 satagat;
1369 475 1661 511 nempeintelligentis
1671 475 1757 503 animi

961 520 1179 555 speculationem
1198 521 1233 548 ab
1249 522 1423 556 spiritalibus
1446 522 1473 549 in
1487 522 1567 557 601
1589 522 1693 549 creatis
1715 530 1760 549 ra—

963 567 1086 594 tionibus
1102 567 1255 600 abducens,
1275 568 1389 603 solaque
1413 576 1506 595 rerum
1525 568 1553 595 in
1578 575 1692 595 sensum
1714 575 1760 595 ca—

961 612 1086 638 dentium
1103 616 1216 639 externa
1229 612 1322 647 specie
1335 618 1417 647 atque
1424 617 1575 647 conspectu
1588 613 1643 639 vim
1658 612 1760 639 mentis

961 658 1108 685 deﬁniens.
1123 658 1191 686 Cum
1202 666 1268 686 vero
1277 666 1292 686 a
1303 658 1481 686 naturalibus
1496 659 1620 686 motibus
1629 659 1758 693 auspica-

963 709 1007 732 tus
1019 704 1053 732 ad
1073 704 1246 732 innaturales
1261 704 1359 740 agendi
1375 704 1431 731 vim
1447 704 1555 732 fallacia
1570 704 1704 735 traxerit,
1727 710 1760 730 ac

962 759 1012 785 per
1028 759 1059 777 ca
1082 759 1143 786 qum
1159 751 1230 778 bona
1256 751 1471 783 existimantur,
1491 750 1630 786 probabili
1656 750 1759 784 specie,

962 797 1114 832 voluptatis
1127 797 1266 825 lenocinio
1291 797 1411 825 illectam
1432 796 1493 831 ejus
1509 795 1692 831 cupiditatem
1709 795 1760 822 de—

963 843 1115 871 terioribus
1132 843 1261 876 affixerit,
1278 844 1305 871 in
1321 843 1433 871 nomine
1455 843 1565 870 Domini
1594 842 1662 870 falso
1673 843 1758 877 jurat,

965 889 1020 916 alio
1036 897 1120 924 quam
1142 889 1283 925 pollicitus
1303 889 1392 916 fuerat
1411 889 1535 915 animum
1557 887 1758 922 obsequentem

964 936 1079 963 ducens.
1097 936 1136 964 Ac
1158 936 1271 971 quidem
1294 935 1339 963 fur
1359 939 1421 967 est,
1446 943 1500 970 qua
1524 935 1632 962 ratione
1653 939 1760 962 natum

965 983 1017 1010 sibi
1034 983 1221 1018 cognitionem
1238 982 1309 1018 rapit
1323 992 1329 1009 :
1347 983 1477 1018 perjurus
1492 990 1570 1014 vero,
1588 989 1643 1017 qua
1660 980 1759 1016 agendi

966 1031 1019 1057 vim
1030 1050 1037 1062 ,
1053 1029 1086 1057 iis
1102 1030 1202 1057 frustra
1229 1030 1372 1057 laboribus
1387 1030 1433 1065 qui
1454 1037 1469 1057 a
1482 1033 1579 1057 natura
1595 1028 1759 1059 abhorrent.

965 1076 1108 1104 suadendo
1125 1076 1239 1103 addicit.

1001 1163 1045 1190 65.
1066 1163 1119 1190 Aut
1130 1170 1228 1190 rursus
1239 1163 1282 1190 fur
1295 1167 1348 1195 est,
1364 1163 1411 1199 qui
1427 1168 1458 1191 ut
1471 1163 1648 1191 auditoribus
1665 1163 1758 1190 fucum

966 1209 1060 1242 faciat,
1075 1209 1185 1237 divinos
1197 1210 1293 1245 utique
1306 1217 1452 1237 sermones
1469 1210 1546 1242 colit,
1566 1218 1686 1245 quorum
1710 1217 1760 1245 per

966 1263 1049 1290 opera
1065 1255 1121 1283 vim
1134 1256 1249 1283 minime
1269 1256 1403 1292 agnovit;
1419 1256 1521 1283 nudam
1542 1256 1650 1283 scilicet
1669 1256 1760 1291 prola-

967 1301 1071 1329 tionem
1087 1301 1114 1328 in
1125 1302 1220 1337 gloriae
1232 1306 1419 1329 mercaturam
1433 1306 1564 1335 vertens;
1579 1309 1611 1329 ac
1621 1309 1759 1331 sermone.

967 1355 1049 1382 quem
1063 1355 1111 1375 ore
1127 1348 1261 1382 loquitur,
1273 1347 1389 1383 iustitia:
1408 1347 1518 1375 laudem
1534 1347 1570 1375 ab
1585 1347 1761 1374 auditoribus

966 1393 1187 1428 captans.Atque
1198 1397 1228 1419 ut
1239 1401 1347 1420 summa
1362 1393 1463 1425 dicam,
1478 1393 1525 1427 qui
1540 1393 1624 1420 vitam
1635 1392 1761 1424 sermoni

966 1449 998 1468 ac
1007 1440 1141 1467 doctrina:
1150 1439 1365 1471 dissentancam,
1379 1439 1520 1474 animique
1529 1439 1659 1466 affectum
1671 1438 1761 1466 scien-

967 1486 1012 1514 tim
1023 1486 1225 1518 adversantem,
1234 1486 1328 1517 habet,
1339 1485 1383 1512 fur
1395 1491 1447 1517 est,
1459 1493 1491 1512 ex
1504 1485 1602 1512 alienis
1611 1485 1694 1512 bonis
1703 1493 1759 1512 non

968 1533 1040 1560 bene
1052 1533 1250 1560 inclareseens.
1267 1532 1308 1559 Ad
1326 1540 1408 1567 quem
1422 1532 1522 1559 merito
1544 1532 1583 1559 ait
1594 1531 1738 1566 Scriptura
1752 1540 1760 1558 ι

967 1578 1103 1605 Ρεεεαιονὶ
1115 1582 1204 1605 autem
1215 1578 1281 1604 dixit
1293 1576 1363 1604 Deus
1378 1586 1386 1604 :
1402 1576 1492 1610 Quare
1506 1581 1533 1604 tu
1551 1585 1664 1604 enarras
1676 1577 1761 1613 justi-

967 1625 1018 1652 tias
1046 1633 1130 1656 meas,
1155 1629 1178 1651 el
1206 1625 1317 1652 assumis
1345 1629 1532 1652 testamentum
1567 1633 1654 1652 meum
1669 1633 1716 1660 per
1733 1633 1762 1652 οε

967 1675 1042 1698 tuum
1058 1671 1101 1698 ὀἳ

1002 1769 1046 1797 66.
1064 1769 1161 1796 Itidem
1175 1768 1219 1796 fur
1236 1772 1288 1801 est,
1310 1767 1357 1803 qui
1370 1772 1486 1795 externa
1498 1766 1592 1795 indole
1604 1772 1687 1802 atque
1702 1774 1760 1793 m0-

967 1815 1046 1842 ribus
1072 1814 1209 1842 internam
1236 1818 1319 1850 atque
1334 1814 1466 1842 latentem
1489 1813 1658 1840 fraudulenti
1675 1812 1758 1840 animi

967 1861 1071 1896 obtegit
1082 1859 1252 1895 nequitiam;
1270 1861 1332 1887 ficta
1348 1860 1485 1887 nimirum
1504 1858 1619 1894 pictatis
1644 1866 1677 1885 ac
1701 1865 1761 1886 mo-

968 1907 1156 1940 destizelarva,
1171 1907 1308 1934 internam
1322 1906 1408 1934 animi
1419 1905 1594 1934 aﬁectionem
1606 1905 1715 1938 celans;
1730 1912 1763 1932 ac

968 1954 1039 1981 sicut
1051 1953 1106 1985 ille,
1121 1953 1296 1981 eruditorum
1314 1960 1474 1980 sermonum
1495 1952 1662 1988 prolatione,
1679 1950 1761 1978 audi-

969 2005 1059 2027 torum
1086 2003 1217 2031 mentem,
1243 1999 1284 2027 sic
1309 2003 1338 2027 et
1363 1998 1421 2034 ipse
1447 1999 1628 2026 honestorum
1654 2005 1761 2025 morum

968 2045 1149 2072 simulatione-
1166 2043 1333 2079 virtutisque
1354 2044 1487 2072 ementita
1512 2043 1603 2078 specie
1619 2063 1627 2076 ,
1650 2043 1762 2070 intuen-

969 2092 1038 2119 tium
1064 2099 1175 2119 sensum
1210 2091 1334 2124 fallens;
1363 2091 1391 2118 in
1425 2098 1506 2126 quem
1538 2089 1653 2125 perinde
1687 2089 1763 2116 dice-

970 2143 1015 2166 tur
1030 2147 1036 2165 :
1052 2138 1213 2170 Erubescite,
1225 2138 1270 2172 qui
1281 2137 1424 2164 induimini
1433 2141 1513 2163 vestes
1523 2136 1626 2163 alienas
1635 2136 1668 2162 ’³.
1679 2135 1763 2162 Item-

970 2193 1023 2220 que
1033 2194 1039 2212 :
1050 2185 1177 2212 Dominus
1190 2184 1331 2211 denudabit
1344 2183 1463 2210 habitum
1478 2183 1606 2210 earumin
1618 2181 1658 2208 die
1669 2180 1718 2208 illa
1727 2181 1760 2207 3°.

122 2228 223 2264 ἡμέρᾳ
234 2228 347 2260 ἐκείνῃ.
363 2226 432 2253 Καθ’
446 2226 566 2260 ἑκάστην
581 2226 636 2260 γὰρ
647 2227 675 2252 ἐν
687 2225 727 2260 τῷ
742 2226 857 2262 κρυπτῷ
869 2229 914 2262 τῆς

972 2227 1101 2261 Quotidie
1116 2227 1191 2254 enim
1209 2227 1238 2253 in
1256 2226 1350 2253 abdita
1366 2226 1457 2253 cordis
1469 2225 1587 2257 ollicina,
1603 2224 1662 2252 hsce
1674 2224 1709 2251 ad
1720 2231 1762 2250 n:e

123 2275 241 2310 καρδίας
266 2272 452 2308 ἐργαστηρίῳ,
477 2271 563 2298 ταῦτα
584 2279 629 2306 μοι
651 2271 778 2306 λέγοντος
808 2273 919 2300 ἀκούειν

123 2321 199 2348 δοκῶ
214 2319 261 2346 τοῦ
280 2318 349 2345 Θεοῦ
365 2318 415 2354 τὴν
432 2318 550 2354 ἡμέραν,
566 2318 605 2350 ὡς
619 2318 664 2344 ἐπ’
680 2318 782 2353 ἀμφοῖν
804 2318 919 2355 διαρρή-

123 2368 176 2403 δην
192 2365 429 2400 κατεγνωσμένος.

179 2412 212 2445 ζ’.
227 2412 372 2447 Ἐπίορκὸς
385 2412 469 2444 ἐστιν,
482 2411 566 2446 ἦγουν
581 2410 690 2446 ὀμνύων
700 2411 746 2438 ἐπὶ
757 2411 796 2447 τῷ
807 2412 919 2448 ὀνόματι

125 2460 232 2496 Κυρίου
253 2459 369 2494 ψευδῶς,
388 2460 403 2485 6
414 2457 650 2493 ἐπαγγελλόμενος
665 2458 703 2494 τῷ
720 2458 780 2494 Θεῷ
795 2459 842 2486 τὸν
859 2461 920 2486 κατ’

125 2505 231 2540 ἀρετὴν
251 2505 320 2540 βίον,
334 2505 382 2531 καὶ
395 2504 524 2540 ἀλλότρια
540 2503 616 2539 παρὰ
635 2503 685 2538 τὴν
702 2504 849 2540 ὑπόσχεσιν
871 2505 921 2540 τῆς

124 2551 232 2582 οἰκείας
251 2549 418 2584 ἐπαγγελίας
434 2549 613 2584 ἐπιτηδεύων,
633 2547 682 2575 καὶ
706 2548 756 2583 τὴν
782 2548 922 2584 συνθήκην

124 2598 177 2632 τῆς
192 2597 337 2632 ὁμολογίας
354 2597 402 2624 τοῦ
417 2596 517 2632 σεμνοῦ
540 2595 599 2631 βίου
618 2595 663 2622 διὰ
677 2595 726 2630 τῆς
747 2594 847 2630 ἀργίας
868 2594 923 2620 τῶν

125 2641 245 2669 ἐντολῶν
258 2641 448 2677 παραὸαίνων.
466 2641 521 2668 Καὶ
538 2640 679 2676 συντόμως
697 2641 796 2672 εἰπεῖν,
818 2640 832 2667 6
852 2639 925 2667 κατὰ

162 2732 186 2749 ⁸⁸
205 2732 278 2760 Psal.
292 2733 337 2766 49,
355 2732 398 2760 16.
435 2733 458 2750 ’⁹
470 2732 592 2768 Sophon.
607 2740 626 2764 ι,
640 2731 666 2759 8.
706 2732 727 2748 ³⁸
742 2732 792 2760 lsa.
815 2740 854 2765 ιιι,
872 2732 914 2758 i7.

969 2273 1130 2308 loquentem
1149 2273 1233 2299 Deum
1254 2271 1322 2299 mihi
1336 2271 1434 2298 audire
1453 2271 1561 2302 videor,
1578 2275 1608 2297 ut
1623 2270 1671 2305 qui
1685 2273 1762 2297 utro—

970 2327 1023 2355 que
1039 2319 1150 2346 nomine
1162 2317 1308 2353 perspicue
1324 2317 1460 2344 obnoxius
1478 2316 1620 2344 exsistam.

1006 2409 1049 2436 67.
1070 2408 1202 2443 Perjurus
1215 2413 1267 2439 est,
1286 2407 1313 2434 id
1329 2411 1382 2440 est,
1399 2406 1468 2434 falso
1482 2406 1578 2441 jnrans
1599 2405 1627 2432 in
1647 2405 1761 2432 nomine

969 2454 1089 2488 Domini,
1109 2454 1156 2490 qui
1169 2454 1292 2481 studiose
1308 2461 1397 2488 exque
1411 2453 1523 2481 virtutis
1542 2452 1651 2480 ratione
1675 2452 1760 2479 vitam

968 2510 998 2529 se
1011 2501 1204 2529 institutorum
1216 2500 1366 2535 pollicitus,
1378 2500 1468 2528 aliena
1485 2503 1662 2528 consectatur
1670 2498 1704 2526 ab
1718 2498 1763 2526 his

969 2555 1030 2584 quae
1054 2547 1130 2575 vovit
1156 2551 1184 2574 et
1207 2547 1347 2582 professus
1373 2551 1436 2579 cst;
1458 2546 1605 2581 foedusque
1629 2545 1764 2580 religiosa:

969 2602 1001 2622 ac
1013 2592 1160 2621 sanctioris
1177 2593 1250 2624 vitae,
1267 2600 1322 2620 non
1339 2592 1495 2628 praestando
1518 2591 1658 2621 mandata,
1675 2595 1764 2618 trans-

971 2639 1107 2675 greditur.
1127 2638 1229 2675 Atque,
1243 2643 1275 2666 ut
1291 2646 1398 2667 summa
1412 2639 1513 2671 dicam,
1528 2637 1575 2673 qui
1597 2645 1659 2665 cum
1675 2638 1719 2673 pie
1732 2642 1764 2662 ac

125 2833 192 2854 cum
211 2823 380 2852 attendenda
403 2832 482 2852 mens
507 2828 663 2856 auctorum,
677 2823 705 2850 ni
725 2822 788 2858 quis
809 2823 920 2858 gravius
939 2830 1034 2850 errare
1065 2822 1147 2855 velit,
1178 2822 1313 2858 docetque
1333 2822 1391 2857 ipse
1416 2820 1550 2849 Maximus
1570 2819 1598 2846 in
1620 2819 1677 2846 suis
1695 2817 1762 2853 Dog-

129 2859 245 2891 malitis.
