1946 3074
186 130 253 164 1⁸3ἰῖ5

768 129 798 156 S.
820 128 962 158 ΜΛΧΠΠ
983 129 1237 162 CJNFESSDRIS

1755 127 1816 160 lft‘lt’i

183 191 266 226 602
278 188 405 224 religiose
416 187 509 214 vivere
525 185 714 216 constituerit,
727 193 783 211 non
799 189 842 212 cst
855 185 977 220 perfecte

1043 187 1096 214 isbv
1113 188 1162 224 ζῇν
1178 189 1371 224 προελόμενος,
1392 188 1440 215 καὶ
1456 187 1494 223 μὴ
1513 186 1625 218 τελείως
1646 186 1685 222 τῷ
1706 187 1821 222 παρόντι

163 238 166 240 '
187 240 312 262 inurtuus
334 234 399 260 huic
416 231 528 262 Saecula,
541 230 658 258 mendax
671 237 703 256 ac
719 230 850 264 pcrjurus
864 233 918 260 est;
929 229 977 264 qui

185 281 297 316 quidem
317 279 373 306 Deo
389 276 526 313 juraverit
542 275 653 311 (nempe
678 274 837 310 promiserit
857 274 979 301 voverit-

185 326 250 362 que)
274 325 444 359 inculpatum
470 323 499 350 in
529 322 631 349 divinis
656 320 833 348 sermonibus
855 328 977 352 cursum,

186 381 237 400 nec
265 376 355 399 tamen
379 369 555 405 impleverit;
585 368 688 403 quique
715 367 784 395 adeo
811 367 888 394 nulla
915 366 980 394 hinc

185 418 266 445 laude
281 417 382 452 dignus
400 416 447 444 sit.
473 414 638 441 Luudabilur
656 413 741 446 enim,
770 413 870 448 inquit,
894 413 979 439 omnis

185 465 230 499 qui
242 464 320 499 jurat
341 463 368 489 in
386 470 414 488 eo
433 462 454 477 ⁸¹
469 483 477 494 ,
492 461 547 488 hoc
573 465 626 491 est,
654 460 745 487 onmis
769 460 816 493 qui
834 466 898 485 cum
923 458 980 484 Deo

186 509 308 536 divinam
334 507 442 536 voverit
464 507 528 534 vita:
544 506 680 533 rationem
693 526 701 538 ,
729 505 845 532 veritate
862 512 978 539 operum

183 555 310 591 iustitiae,
326 555 405 582 boote
423 553 605 588 professionis
617 553 730 587 votique
751 553 914 588 juramenta
930 551 978 578 ad-

185 601 292 637 implet.

223 646 266 674 68.
282 645 334 679 Qui
351 645 409 673 sola
430 651 589 672 sermonum
604 643 761 678 prolatione
774 642 920 670 scientiam
944 641 982 668 si-

186 691 307 723 mulans,
336 691 363 717 in
384 697 463 717 suam
482 689 541 724 ipse
558 688 673 723 gloriam
701 688 862 715 auditorum
883 686 980 714 furtim

187 737 272 764 trahit
292 737 438 769 animum;
465 743 496 762 ac
518 734 644 770 perinde,
670 734 718 769 qui
738 733 877 760 exteriore
904 732 981 759 cultu

187 783 379 818 moribusque,
392 782 504 809 virtutis
519 781 627 816 objecta
636 780 722 814 larva,
735 780 763 807 in
779 787 856 808 suam
866 779 980 815 gloriam

188 830 285 858 furtim
302 829 399 857 itidem
417 849 427 861 ,
451 828 584 856 virtutem
612 826 769 854 simulando
792 830 981 860 spectatorum

188 877 275 905 trahit
291 880 450 911 aspectant;
468 874 542 902 furto
553 874 721 908 obrepentes
732 872 860 900 simulate
875 872 985 904 fallunt,

189 924 260 951 alter
274 923 433 950 auditorum
454 925 587 953 mentem,
604 921 675 947 alter
690 919 848 947 videntium
861 919 986 954 corporis

189 978 312 998 sensum.

225 1016 268 1044 69.
285 1016 315 1043 Si
328 1015 442 1043 omnino
457 1013 568 1042 laudem
582 1013 676 1044 habet,
703 1012 751 1047 qui
776 1020 807 1039 ea
824 1020 886 1047 qua:
899 1011 986 1043 vovit,

189 1061 333 1096 adimplet,
349 1065 380 1088 ut
397 1060 445 1096 qui
457 1060 532 1095 juret
542 1059 570 1086 in
583 1059 651 1091 Deo,
665 1066 716 1097 nec
727 1066 742 1085 a
755 1065 822 1085 vero
836 1058 986 1093 quidquam

189 1107 339 1140 abscedat;
370 1107 460 1142 liquet
488 1105 587 1140 utique
618 1104 721 1139 probro
754 1103 904 1131 obnoxium
929 1103 987 1130 fore

190 1153 402 1189 ignominiaque
415 1150 581 1182 notandum,
601 1149 650 1184 qui
665 1156 713 1176 sua
732 1148 789 1183 ipse
804 1153 884 1184 pacta
903 1148 987 1175 fuerit

189 1199 403 1236 praevaricalus,
419 1202 449 1224 ut
461 1197 509 1232 qui
521 1197 620 1232 jurans
633 1195 660 1222 in
673 1195 730 1222 Deo
743 1195 879 1222 mentitus
903 1195 949 1222 sit.

228 1244 273 1272 '10.
291 1244 352 1274 Non
368 1242 458 1270 omnis
478 1242 562 1269 homo
575 1241 623 1276 qui
636 1241 712 1268 venit
723 1241 750 1267 in
764 1240 840 1267 hunc
853 1240 987 1267 mundum

192 1290 307 1318 omnino
324 1297 340 1317 a
362 1289 453 1316 Verbo
475 1287 651 1315 illuminatur
667 1287 690 1302 ⁸³
705 1295 712 1313 :
731 1286 812 1314 multi
837 1286 913 1313 enim
931 1294 986 1312 non

191 1336 342 1364 illuminati
361 1339 484 1366 manent,
501 1341 554 1361 nec
569 1334 630 1369 ejus
640 1333 721 1366 lucis,
734 1341 795 1368 qure
807 1333 835 1360 in
845 1333 987 1367 agnitione

191 1382 282 1418 posita
300 1387 354 1414 est,
373 1385 536 1416 compotes;
554 1379 602 1407 sed
623 1380 704 1416 plane
725 1379 816 1406 omnis
831 1379 923 1411 homo,
939 1379 987 1414 qui

191 1429 278 1456 animi
291 1428 435 1456 voluntate
453 1427 482 1454 in
493 1434 591 1454 verum
604 1425 742 1453 virtutum
754 1425 887 1452 mundum
898 1424 986 1452 venit.

192 1474 290 1502 ()mnis
301 1474 376 1502 enim
389 1473 437 1508 qui
453 1480 519 1500 vere
530 1471 690 1500 voluntaria
708 1471 852 1498 nativitate
868 1471 897 1497 in
913 1470 988 1498 hunc

192 1520 332 1548 mundum
343 1519 430 1551 venit,
446 1519 562 1546 omnino
579 1526 594 1545 a
607 1517 699 1545 Verbo
716 1517 889 1544 illuminatur
903 1537 910 1549 ,
933 1516 986 1543 im-

194 1565 327 1592 mobilem
342 1564 456 1591 virtutis
468 1567 567 1592 nactus
576 1563 715 1596 habitum,
725 1570 852 1597 veraeque
865 1562 988 1590 scientim
1002 1551 1023 1579 (ἶ

193 1616 300 1639 certam
315 1610 453 1639 notitiam.

233 1701 276 1730 71.
289 1701 351 1729 Non
366 1708 463 1728 onmes
483 1708 609 1736 personae
626 1701 732 1736 pariter
747 1704 830 1736 atque
851 1709 905 1733 res,
928 1709 989 1736 quae

195 1748 294 1776 eodem
313 1752 465 1776 censentur
487 1747 624 1775 vocabulo
637 1768 644 1780 ,
664 1755 747 1775 unam
769 1747 885 1775 omnino
906 1752 988 1783 atque

196 1794 323 1822 eamdem
339 1802 437 1822 sensus
456 1793 591 1829 spiritalis
604 1794 816 1829 intelligentiam
831 1794 987 1829 rccipiunt;

196 1841 246 1868 sed
265 1841 373 1876 singula
387 1848 448 1876 qua:
464 1840 596 1868 dicuntur
613 1848 663 1875 pro
685 1840 809 1875 subjecta
824 1840 885 1868 loco
904 1848 989 1868 sacra:

197 1886 350 1921 Scriptura:
364 1887 391 1913 vi
405 1886 591 1921 intelligamus
606 1893 721 1914 necesse
733 1890 787 1917 est,
800 1886 822 1913 si
837 1886 918 1913 modo
934 1894 989 1920 quo

197 1936 325 1966 spectent
342 1940 374 1959 ea
386 1940 447 1967 quae
460 1932 562 1967 scripta
574 1937 640 1959 sunt
653 1932 706 1960 rite
732 1932 892 1967 conjectura
916 1939 990 1959 assc-

197 1976 289 2003 r:uturi
304 1984 409 2003 sumus.
911 2010 916 2013 ν

232 2023 276 2049 72.
295 2022 375 2050 Nulla
392 2023 609 2058 perscripturum
628 2022 778 2058 Scriptura:
791 2031 988 2058 personarum,

197 2068 304 2095 nihilve
330 2068 456 2095 locorum
477 2072 525 2096 aut
544 2068 662 2095 aliarum
691 2077 783 2096 rerum
804 2070 987 2096 animatarum

197 2115 304 2150 pariter
319 2114 473 2150 animaeque
488 2115 655 2150 cxpertium,
670 2115 869 2149 sensiliumque
886 2119 914 2142 et
928 2123 989 2150 qua!

198 2160 257 2187 sola
271 2163 364 2187 mente
378 2160 578 2195 intelligantur,
590 2168 646 2187 uno
659 2168 770 2195 semper
781 2160 862 2196 603
877 2160 989 2188 eodem—

198 2213 254 2240 que
264 2205 346 2232 modo
355 2205 571 2238 eonsideralum,
596 2205 718 2240 undique
731 2205 782 2232 sibi
793 2206 988 2239 cohaerentem,

196 2251 238 2278 rei
251 2255 335 2286 gesta:
348 2250 535 2278 narrationem
549 2256 598 2278 aut
609 2259 720 2279 sensum
731 2252 883 2287 spiritalem
896 2252 989 2280 habet.

197 2296 304 2325 Idcirco
320 2303 412 2330 opera:
426 2296 558 2332 pretium,
578 2302 608 2324 ut
623 2297 671 2332 qui
694 2303 771 2325 certa
786 2298 904 2326 veritate
921 2298 991 2326 divi-

197 2351 262 2371 nam
280 2342 431 2378 Scriptura:
443 2347 619 2371 consectatur
636 2343 864 2379 intelligentiam,
880 2353 930 2380 pro
942 2353 990 2373 co-

197 2397 258 2417 rum
278 2396 339 2424 quae
351 2393 427 2424 gesta
440 2392 489 2416 aut
506 2397 567 2424 qua:
584 2389 657 2417 dicta
674 2389 836 2418 referuntur
856 2391 993 2418 discrimi-

197 2443 233 2463 ne
244 2455 251 2467 ,
281 2435 420 2462 recensita
442 2434 550 2470 singula
563 2435 750 2463 diversimode
769 2436 968 2471 interpretetur
983 2458 991 2471 ,

198 2481 295 2516 eisque
312 2480 523 2508 convenientem
542 2489 593 2516 pro
615 2482 676 2510 loco
696 2487 743 2510 aut
764 2487 886 2518 tempore
907 2484 989 2518 spiri-

199 2527 284 2553 talem
297 2526 348 2554 rite
361 2534 473 2554 sensum
492 2527 652 2555 distribuat.

236 2572 279 2600 75.
295 2572 415 2600 Docendi
430 2577 493 2600 sunt
507 2581 604 2601 omnes
618 2574 666 2609 qui
681 2574 708 2601 in
723 2575 797 2601 omni
811 2575 914 2602 mundo
926 2583 990 2602 vcr-

198 2623 306 2652 santur,
321 2624 351 2647 ut
365 2619 423 2647 sola
437 2619 543 2647 ratione
555 2620 649 2648 vivant
663 2627 810 2655 moresque
827 2620 968 2648 instituant!
981 2630 988 2654 ;

198 2670 328 2701 tantaque
344 2665 507 2700 corporibus
523 2673 587 2693 cura
605 2665 811 2701 impendantur,
825 2671 927 2701 quanta
941 2675 989 2694 ne-

198 2719 275 2740 cesse
293 2716 335 2740 est
352 2715 383 2739 ut
401 2712 487 2738 multa
506 2712 690 2740 sollicitudine
708 2720 739 2739 ac
756 2712 896 2748 diligentia
923 2721 983 2749 pro-

236 2789 256 2805 “
272 2789 342 2817 Psal.
358 2797 421 2823 un,
436 2789 478 2816 Ω.
518 2791 540 2806 ³¹
553 2790 630 2818 Joan.
651 2799 669 2822 ι,
682 2791 707 2817 ι).

234 2846 243 2856 “
255 2845 297 2873 Cf.
313 2846 346 2873 ad
358 2847 437 2874 Thai.
452 2847 526 2882 (1.65
537 2852 563 2874 et
579 2848 612 2874 65
629 2848 698 2874 infra
715 2847 746 2874 ad
765 2854 840 2874 num.
856 2847 898 2874 ΤΞ.

1034 233 1084 269 βίῳ
1099 234 1421 270 νεκρούμενος,ψεύστης
1436 233 1495 260 ἐστὶ
1508 233 1554 260 καὶ
1569 233 1706 269 ἐπίορκος,
1721 233 1822 269 ὀμόσας

1035 280 1083 314 μὲν
1097 280 1136 316 τῷ
1151 280 1222 315 Θεῷ,
1239 281 1389 313 τουτέστιν,
1405 280 1641 316 ἐπαγγειλάμενος
1657 280 1702 306 τδν
1723 280 1752 306 ὲν
1766 282 1822 311 τοῖς

1034 326 1117 358 θείοις
1127 327 1231 361 ἀγῶσιν
1247 327 1395 366 ἄμεμπτον
1409 327 1519 363 δρόμον,
1541 326 1589 353 καὶ
1606 327 1643 362 μὴ
1661 326 1822 361 πληρώσας,

1034 370 1081 396 καὶ
1105 370 1147 397 διὰ
1160 370 1240 397 τοῦτο
1255 371 1388 407 μηδαμῶς
1411 371 1617 406 ἐπαινούμενος.
1649 371 1822 404 Ἐπαινεθή-

1033 423 1119 443 σεται
1129 416 1183 452 γὰρ
1194 417 1254 451 πᾶς
1265 419 1282 444 ὁ
1295 419 1416 453 ὀμνύων
1431 419 1465 445 ἐν·
1480 417 1569 451 αὐτῷ,
1586 418 1719 451 τουτέστι,
1738 419 1791 450 πᾶς
1811 418 1825 443 ὁ

1034 461 1073 496 τῷ
1084 462 1143 497 Θεῷ
1158 462 1203 490 τὸν
1217 463 1309 490 ἔνθεον
1327 465 1562 499 ἐπαγγειλάμενος
1579 464 1646 498 βίον,
1663 465 1711 491 καὶ
1721 464 1766 490 διὰ
1775 464 1826 499 τῆς

1034 508 1164 543 ἀληθείας
1182 509 1238 536 τῶν
1255 510 1344 545 ἔργων
1367 510 1418 546 τῆς
1441 510 1615 545 δικαιοσύνης
1639 511 1704 542 τοὺς
1726 510 1826 546 ὅρκους

1036 555 1150 590 πληρῶν
1165 555 1215 591 τῆς
1229 556 1316 591 καλῆς
1332 557 1515 593 ὑποσχέσεως.

1071 652 1121 687 ξη¹.
1145 653 1173 680 '0
1188 654 1259 680 κατὰ
1276 655 1359 690 μόνην
1374 656 1425 690 τὴν
1439 657 1468 682 ἐν
1482 657 1537 687 τοῖς
1557 656 1645 690 λόγοις
1672 655 1826 692 προφορὰν,

1037 699 1137 732 γνῶσιν
1154 700 1379 737 ὑποκρινόμενος,
1402 703 1471 738 προς
1491 703 1570 734 δόξαν
1590 702 1694 729 οἰκείαν
1709 702 1758 738 τὴν
1773 702 1827 728 τῶν

1036 745 1189 773 ἀκουόντων
1206 747 1317 774 κλέπτει
1332 749 1449 775 διάνοιαν
1462 758 1469 765 ·
1496 749 1542 775 καὶ
1563 750 1576 775 ό
1598 750 1654 780 τοῖς
1677 748 1755 784 ἤθεσι
1778 749 1827 783 τὴν

1036 792 1136 826 ἀρετὴν
1151 793 1373 829 ὑποκρινόμενος,
1398 794 1466 828 πρὸς
1491 795 1570 827 δόξαν
1589 794 1693 820 οἰκείαν
1714 792 1829 820 κλέπτει

1037 836 1090 862 τῶν
1107 837 1251 873 θεωμένων
1261 839 1310 871 τὴν
1320 839 1415 875 ὅρασιν
1428 847 1434 854 ·
1451 839 1499 865 καὶ
1512 839 1545 865 δι’
1560 839 1667 874 ἀπάτης
1678 838 1829 873 ἀμφότεροι

1039 885 1210 918 κλέπτοντες,
1225 913 1231 918 ,
1241 886 1388 919 πλανῶσιν,
1412 887 1426 913 ό
1454 886 1514 921 μὲν,
1530 885 1648 912 διάνοιαν
1672 885 1762 920 ψυχῆς
1775 885 1831 910 τῶν

1037 931 1201 964 ἀκουόντων,
1226 932 1240 958 ό
1256 931 1294 964 δὲ,
1312 932 1366 958 τῶν
1383 931 1528 967 θεωμένων
1548 930 1673 965 σώματος
1689 931 1829 966 αῖσθηοιν.

1074 1022 1123 1055 ξθ’.
1141 1022 1172 1048 Et
1189 1021 1298 1052 πάντως
1314 1020 1424 1047 ἔπαινον
1438 1020 1494 1055 ἔχει
1509 1020 1586 1047 ὁτῶν
1601 1019 1710 1046 οἰκείων
1723 1019 1833 1054 πληρω-

1037 1068 1086 1103 τὴς
1103 1066 1285 1101 ἐπαγγελιῶν.
1301 1067 1339 1098 ὡς
1360 1066 1469 1102 ὀμνύων
1485 1067 1515 1093 ἐν
1533 1065 1572 1101 τῷ
1593 1065 1663 1100 Θεῷ,
1689 1064 1737 1091 καὶ
1763 1065 1833 1099 ἁλη-

1039 1113 1140 1140 θεύων·
1172 1114 1252 1148 δῆλον
1269 1114 1310 1140 ὅτι
1332 1113 1416 1148 ψόγον
1441 1112 1497 1144 ἕξει
1515 1112 1562 1139 καὶ
1580 1111 1704 1146 ἀτιμίαν,
1736 1112 1751 1137 ὸ
1775 1110 1833 1136 τῶν

1038 1160 1146 1187 οἰκείων
1162 1159 1303 1195 συνθηκῶν
1321 1159 1485 1195 παραϐάτης
1508 1158 1659 1193 γινόμενος,
1676 1157 1714 1189 ὡς
1727 1157 1833 1192 ὀμόσας

1038 1207 1067 1233 ἐν
1083 1206 1122 1241 τῷ
1141 1206 1212 1239 Θεῷ,
1231 1205 1279 1233 καὶ
1292 1205 1475 1240 ψευσάμενος.

1073 1255 1104 1280 o'.
1121 1253 1129 1262 '
1142 1252 1180 1278 Οὐ
1203 1253 1258 1284 πᾶς
1279 1252 1423 1288 ἄνθρωπος
1443 1253 1483 1283 εἰς
1501 1250 1596 1278 τοῦτον
1620 1250 1768 1286 ἐρχόμενος
1786 1250 1834 1276 τὸν

1039 1298 1153 1334 κόσμον,
1173 1298 1224 1324 ὑπὸ
1238 1297 1287 1324 τοῦ
1311 1298 1399 1332 Λόγου
1417 1298 1526 1329 πάντως
1547 1296 1713 1331 ῳωτίζεται¹
1737 1295 1834 1323 πολλοὶ

1039 1345 1093 1379 γὰρ
1106 1343 1254 1379 ἀφώτιστοι
1271 1344 1437 1379 διαμένουσι,
1463 1344 1510 1370 καὶ
1524 1343 1571 1369 τοῦ
1597 1343 1657 1369 κατ’
1683 1343 1834 1376 ἐπίγνωσιν

1038 1391 1168 1425 ἀμέτοχοι
1182 1390 1271 1424 φωτός
1281 1397 1287 1404 ·
1310 1388 1379 1416 ἀλλὰ
1396 1388 1476 1424 δῆλον
1489 1389 1528 1415 ὃτι
1541 1389 1595 1420 πᾶς
1611 1388 1756 1423 ἄνθρωπος
1770 1387 1834 1413 κατ’

1039 1437 1142 1464 οἰκείαν
1159 1436 1284 1472 γνώμην,
1305 1436 1345 1466 είς
1373 1435 1418 1462 τὸν
1442 1434 1528 1470 ἀληθῆ
1551 1434 1654 1469 κόσμον
1681 1433 1833 1469 ἐρχόμενος

1039 1484 1093 1511 τῶν
1109 1483 1224 1519 ἀρετῶν.
1236 1482 1293 1514 Πᾶς
1306 1483 1360 1517 γὰρ
1370 1482 1384 1507 ό
1399 1480 1459 1508 κατ’
1472 1480 1601 1515 ἀλήθειαν
1615 1479 1658 1506 διὰ
1671 1480 1720 1515 τῆς
1737 1479 1834 1506 αὐθαι-

1042 1529 1118 1566 ρέτου
1133 1529 1286 1564 γεννήσεως
1309 1529 1349 1559 εἰς
1364 1527 1457 1554 τοῦτον
1477 1526 1626 1562 ἐρχόμενος
1647 1524 1694 1551 τὸν
1717 1524 1833 1559 κόσμον.

1041 1576 1093 1603 ὑπὸ
1112 1575 1159 1603 τοῦ
1181 1575 1268 1609 Λόγου
1291 1574 1400 1605 πάντως
1424 1572 1583 1607 φωτίζεται,
1606 1570 1752 1606 λαμϐάνων
1776 1569 1836 1602 ἕξιν

1041 1623 1141 1658 ἀρετῆς
1156 1621 1368 1657 ἀμετακίνητον,
1383 1619 1431 1646 καὶ
1447 1618 1577 1654 γνώσεως
1588 1617 1706 1653 ἀληθοῦς
1716 1617 1834 1652 ἐπιστή-

1043 1677 1097 1704 μην
1113 1668 1273 1695 ἄπταιστον.

1076 1719 1127 1742 οα¹.
1139 1715 1177 1741 Οὐ
1193 1714 1294 1746 πάντες
1308 1723 1337 1741 τε
1352 1715 1399 1741 καὶ
1415 1716 1504 1743 πάντα
1523 1715 1558 1742 τὰ
1573 1715 1624 1750 τὴν
1639 1713 1724 1749 αὐτὴν
1740 1712 1835 1747 ὲκφώ-

1041 1770 1119 1797 νησιν
1131 1761 1236 1796 ἔχοντα,
1249 1760 1310 1788 καθ’
1325 1761 1372 1787 ἕνα
1385 1761 1431 1788 καὶ
1446 1762 1491 1788 τὸν
1508 1760 1592 1788 αὐτὸν
1608 1759 1716 1791 πάντως
1731 1759 1834 1794 νοηθή-

1041 1817 1116 1835 σεται
1140 1808 1259 1843 τρόπον·
1285 1807 1344 1834 ἀλλ’
1369 1807 1484 1834 ἕκαστον
1511 1807 1567 1834 τῶν
1590 1806 1752 1842 λεγομένων-
1763 1805 1834 1840 πρὸς

1039 1853 1088 1888 τὴν
1117 1853 1301 1888 ὑποκειμένην
1329 1852 1451 1888 δηλονότι
1477 1851 1517 1886 τῷ
1549 1851 1642 1886 τρόπῳ
1675 1851 1725 1886 τῆς
1752 1850 1834 1884 ἁγίας

1040 1899 1152 1934 Γραφῆς
1177 1898 1294 1933 δύναμιν
1316 1898 1438 1933 νοητέον,
1460 1899 1485 1924 εἱ
1507 1898 1650 1933 μέλλοιμεν
1669 1897 1759 1932 ὀρθῶς
1785 1896 1835 1923 τοῦ

1042 1946 1142 1972 σκοποῦ
1156 1945 1210 1972 τῶν
1226 1945 1428 1981 γεγραμμένων
1441 1944 1702 1980 καταστοχάζεσθαι.

1076 2038 1124 2073 οβ’.
1171 2036 1254 2063 Οὐδὲν
1285 2035 1339 2062 τῶν
1381 2034 1636 2071 ἀναγεγραμμένων
1672 2034 1705 2069 τῇ
1734 2033 1833 2068 Γραφῇ

1041 2083 1205 2120 προσώπων,
1222 2082 1238 2117 ἢ
1251 2082 1352 2113 τόπων,
1365 2081 1381 2116 ἢ
1396 2081 1510 2116 χρόνων,
1519 2079 1536 2115 ἢ
1546 2079 1646 2116 ἑτέρων
1660 2078 1834 2114 πραγμάτων
1856 2091 1865 2097 -

1041 2130 1171 2166 ἐμψύχων
1186 2138 1216 2155 τε
1233 2129 1281 2155 καὶ
1303 2126 1425 2162 ἀψύχων,
1443 2126 1580 2162 αἰσθητῶν
1599 2134 1629 2152 τε
1649 2125 1697 2152 καὶ
1714 2124 1832 2159 νοητῶν,

1042 2177 1112 2206 κατὰ
1132 2177 1178 2203 τὸν
1193 2175 1274 2203 αὑτὸν
1289 2175 1333 2201 ἀεὶ
1349 2173 1493 2209 νοούμενον
1508 2172 1619 2207 τρόπον,
1634 2171 1691 2206 ἔχει
1711 2169 1831 2204 συμϐαί-

1008 2238 1029 2265 υ
1044 2232 1142 2251 νουσαν
1166 2222 1249 2257 ἑαυτῇ
1268 2220 1356 2248 διόλου
1375 2220 1424 2254 τὴν
1448 2218 1569 2254 ἱστορίαν
1591 2218 1608 2250 ἢ
1630 2217 1680 2252 τὴν
1703 2215 1832 2265 θεωρίαν.

1042 2271 1087 2299 Διδ
1097 2269 1149 2306 χρὴ
1159 2268 1205 2295 τὸν
1216 2266 1373 2296 ἀπταίστως
1381 2265 1429 2300 τὴν
1437 2264 1513 2291 θείαν
1523 2265 1572 2299 τῆς
1583 2263 1696 2299 Γραφῆς
1707 2261 1836 2294 ἐξασκού-

1045 2325 1125 2353 μενον
1143 2315 1256 2349 εἴδησιν,
1272 2313 1331 2343 ταῖς
1341 2311 1483 2346 διαφοραῖς
1497 2309 1552 2336 τῶν
1564 2309 1714 2344 γινομένων
1727 2308 1743 2343 ἢ
1755 2307 1835 2341 λεγο-

1045 2363 1144 2399 μένων,
1174 2359 1309 2394 διαφόρως
1331 2357 1488 2392 ἐκδέχεσθαι
1516 2355 1570 2382 τῶν
1595 2353 1836 2389 ἀπηριθμημένων

1046 2410 1171 2437 ἕκαστον,
1190 2406 1237 2433 καὶ
1250 2404 1298 2440 τὴν
1314 2403 1487 2439 ἁρμόζουσαν
1507 2401 1581 2436 αὐτῷ
1596 2400 1667 2428 κατὰ
1681 2399 1727 2426 τὸν
1739 2399 1837 2432 τόπον,

1048 2455 1063 2490 ἦ
1084 2455 1129 2482 τὸν
1144 2453 1238 2489 χρόνον
1252 2451 1366 2482 δεόντως
1387 2449 1503 2484 θεωρίαν
1517 2447 1692 2484 προσνέμειν.

1078 2578 1128 2613 ογ¹.
1148 2577 1288 2604 Διδάσκειν
1305 2576 1358 2612 χρὴ
1375 2575 1477 2606 πάντας
1500 2574 1561 2605 τοὺς
1577 2573 1604 2599 ἐν
1625 2571 1706 2598 παντὶ
1728 2569 1768 2605 τῷ
1792 2570 1839 2597 κό-

1045 2632 1116 2658 σμῳ.
1133 2623 1205 2658 λόγῳ
1218 2622 1268 2658 ζῇν
1283 2622 1356 2658 μόνῳ
1374 2621 1420 2647 καὶ
1433 2618 1632 2648 πολιτεύεσθαι,
1647 2616 1693 2643 καὶ
1706 2615 1837 2642 τοσοῦτον

1042 2669 1114 2703 ἔχειν
1140 2669 1204 2704 περὶ
1224 2668 1280 2695 τῶν
1301 2667 1437 2702 σωμάτων
1465 2666 1514 2701 τὴν
1544 2665 1689 2700 μέριμναν,
1704 2663 1765 2689 ὅσον
1790 2661 1838 2687 διὰ

1042 2714 1142 2749 πολλῆς
1159 2715 1297 2750 φροντίδος
1319 2714 1368 2750 τὴν
1391 2713 1459 2749 πρὸς
1483 2711 1552 2739 αὐτὰ
1581 2709 1672 2745 σχέσιν
1683 2708 1732 2744 τῆς
1742 2706 1836 2742 ψυχῆς
