1916 3076
165 130 235 166 1339

728 132 731 135 ·
758 131 788 162 s.
808 121 951 162 MAXIMI
967 130 1222 162 CONFESSORIS

1728 117 1791 150 13D

165 192 220 220 aiia
236 190 347 223 claruit,
363 189 422 225 pari
441 188 498 216 fere
517 195 617 223 magno
635 187 767 223 Apostolo
786 188 893 215 ratione
914 189 955 216 lo-
972 206 977 218 ι

1033 188 1182 224 ιμπόμενος
1198 209 1205 221 ,
1230 187 1308 218 ἄλλος
1341 186 1442 222 πέφηνε
1478 185 1590 221 λύχνος,
1615 183 1654 220 τῷ
1683 182 1790 219 μεγάλῳ

166 246 274 274 quens:
289 237 347 265 Non
361 237 430 263 enim
445 236 600 270 ignoramus
614 234 783 269 cogitationes
799 235 856 270 ejus
867 235 900 262 “.

205 327 249 354 79.
273 325 321 352 His
344 323 455 359 quidem
483 322 530 357 qui
557 322 632 358 digni
661 323 794 349 virtutum
821 321 957 348 munditia

170 376 249 403 sunt,
267 369 398 404 Spiritus,
412 372 524 395 sanctus
539 375 589 402 per
606 367 732 394 timorem
745 370 773 393 et
786 367 916 401 pietatem
931 371 959 394 et

171 416 323 447 scientiam,
348 413 572 441 emundationcm
595 413 708 447 pnebet.
727 412 775 440 ilis
797 417 888 440 autem
912 413 959 447 qui

170 462 245 497 digni
261 462 320 488 luce
336 465 410 493 sunt,
424 459 626 487 noscendarum
642 459 854 487 illustrationem
867 468 959 486 rerum

172 507 322 535 secundum
340 514 386 533 eas
402 505 503 540 quibus
519 505 654 532 exsistunt
670 505 800 537 rationes,
817 513 866 540 per
882 505 961 532 forti-

173 554 297 582 tudinem
317 557 346 580 ct
365 553 511 580 consilium
534 556 562 579 et
582 552 788 588 intelligentiam
813 552 907 579 donat.
927 552 964 579 lis

173 599 293 633 denique
312 598 359 633 qui
379 597 454 633 digni
474 601 538 624 sunt
557 596 740 628 deiﬁcatione,
759 605 808 631 per
825 597 964 624 lucidissi-

173 652 246 672 mam
260 643 467 678 simpliccmque
480 651 511 670 ac
525 642 634 670 totalem
648 642 808 677 sapientiam
821 642 966 678 perfectio-

174 698 237 718 nem
259 690 384 725 largitur,
400 689 434 716 ad
457 696 550 716 rerum
571 696 620 716 eos
637 688 786 716 Auctorem
809 688 966 716 immediate

176 735 251 763 omni
271 735 363 768 modo,
380 735 470 770 quoad
490 735 596 762 homini
617 742 778 762 concessum
797 740 849 766 est,
865 735 967 762 subve-

177 782 261 814 hens;
279 781 325 816 qui
345 789 378 809 ex
397 781 463 808 solis
483 781 585 808 divinis
604 780 736 808 bonitatis
754 781 968 816 proprietatibus

178 833 328 855 noscantur
341 836 347 853 :
363 835 417 862 qua
432 826 562 854 nimirum
578 834 607 854 se
621 834 654 854 ex
668 826 724 853 Deo
737 833 826 861 exque
839 834 869 854 se
880 826 966 853 Deum

1013 234 1168 269 ’Δποστὸλῳ
1181 233 1377 269 προσηκόντως
1390 232 1586 267 φθεγγόμενος,
1603 232 1645 258 Οὐ
1671 231 1725 266 riu;
1740 232 1790 257 αἰπ-

1006 279 1058 307 τοῦ
1073 280 1108 306 τὰ
1122 279 1257 314 ’νοήματα
1269 279 1448 313 ἀγνοοῦμεν.

1043 325 1093 351 οϐ’.
1110 325 1166 360 Τὴν
1182 325 1232 360 μὲν
1246 324 1381 358 κάθαρσιν
1403 325 1459 356 τοῖς
1475 323 1559 357 ἀξίοις
1579 323 1629 357 τῆς
1651 322 1706 348 τῶν
1731 321 1792 356 ἁρε-

1009 371 1063 398 τῶν
1079 371 1276 406 καθαρότητος,
1294 370 1338 398 διὰ
1355 370 1438 405 φόϐου
1452 370 1498 396 καὶ
1513 368 1653 401 εὐσεϐείας
1670 368 1717 395 καὶ
1729 368 1794 402 γνώ-

1012 425 1080 448 σεως
1094 417 1210 443 ποιεῖται
1226 416 1256 442 τὸ
1266 416 1377 450 Πνεῦμα
1390 415 1419 442 τδ
1439 417 1516 449 ᾶγιον
1533 423 1540 429 ³
1554 414 1599 440 τὸν
1613 414 1640 440 δὲ
1657 412 1796 448 φωτισμὸν

1011 462 1060 497 τῆς
1073 461 1127 488 τῶν
1144 461 1228 488 ὅντων
1246 461 1306 488 καθ’
1321 461 1367 493 οὓς
1386 461 1537 496 ὑπάρχουσι
1549 459 1645 493 λόγους
1660 458 1796 492 γνώσεως,

1012 507 1046 533 δι’
1060 506 1150 541 ἰσχύος
1171 506 1218 532 καὶ
1241 505 1337 541 βουλῆς
1362 505 1409 532 καὶ
1440 504 1573 535 συνέσεως
1595 504 1723 540 δωρεῖται
1743 504 1798 533 τοῖς

1013 551 1100 586 ἀξίοις
1115 551 1202 586 φωτός
1220 559 1227 566 ·
1241 551 1291 587 τὴν
1306 551 1335 578 δὲ
1348 551 1516 586 τελειότητα,
1530 551 1574 578 διὰ
1587 551 1636 585 τῆς
1652 548 1799 583 πιμφαοῦς

1015 598 1062 624 καὶ
1086 596 1174 631 ἁπλῆς
1200 596 1249 623 καὶ
1267 596 1429 632 ὁλοσχεροῦς
1453 597 1549 630 σοφίας
1578 595 1722 631 χαρίζεται
1744 595 1800 624 τοῖς

1015 642 1101 675 ἀξίοις
1111 641 1245 674 θεώσεως,
1264 642 1332 677 πρὸς
1345 642 1394 676 τὴν
1409 642 1462 668 τῶν
1479 642 1563 668 ὄντων
1579 642 1677 669 αἰτίαν.
1689 640 1802 675 άμέσως

1017 689 1114 720 αὐτοὺς
1127 688 1226 722 ἀνάγον
1241 688 1312 715 κατὰ
1327 688 1416 715 πάντα
1431 688 1541 724 τρόπον,
1558 688 1596 719 ὡς
1614 687 1683 713 ἔστιν
1700 685 1799 721 ἀνθριὶν

1017 743 1061 768 πῳ
1087 734 1207 766 δυνατὴν,
1228 734 1260 760 ὲκ
1285 734 1373 768 μόνων
1394 734 1448 760 τῶν
1468 733 1546 760 θείων
1565 733 1613 767 τῆς
1634 732 1803 766 ἀγαθότητος

1019 780 1171 814 ἰδιωμάτων
1198 779 1434 815 γνωριζομένους,
1451 779 1510 806 καθ’
1538 780 1570 815 ἣν
1595 780 1627 805 ὲκ
1653 778 1721 805 Θεοῦ
1754 777 1803 812 μὲν

1019 827 1142 858 ἑαυτοὺς,
1159 827 1188 860 ἐξ
1210 827 1314 853 ἑαυτῶν
1339 827 1366 853 δὲ
1389 827 1568 861 γινώσκοντες
1593 826 1638 853 τὸν
1655 825 1737 856 Θεὺν,
1754 825 1804 850 οὐκ

179 874 231 908 ipsi
249 877 456 909 cognoscentes,
471 873 548 899 nullo
571 871 710 899 dividente
727 871 818 899 medio
837 879 869 899 ac
885 871 970 898 inter-

1033 882 1098 904 N10;
1112 873 1184 905 τινὸς
1202 873 1284 908 μέσου
1295 873 1505 908 διατειχίζοντος
1519 881 1526 888 ’
1543 874 1637 908 σοφίας
1653 872 1708 907 γὰρ
1725 871 1806 906 μέσον

179 920 307 947 cludentc
320 914 443 955 '(nullum
462 919 536 946 enim
559 918 721 953 sapientiam
742 918 812 945 inter
832 925 864 946 ac
882 918 968 946 Deum

170 965 327 1001 medium),
341 965 425 992 nullis
434 965 580 992 obnoxiam
595 964 773 991 varietatibus
789 963 969 992 immutabili-

180 1016 265 1039 tatem
280 1011 432 1043 habebunt;
449 1010 557 1038 cunctis
571 1010 678 1038 scilicet
690 1010 789 1038 mediis
805 1018 837 1038 ex
855 1015 912 1038 toto
930 1010 970 1038 eis

181 1057 336 1093 superatis,
356 1057 383 1084 in
401 1056 503 1091 quibus
522 1059 553 1083 ut
571 1056 599 1082 in
617 1055 742 1087 scientia,
757 1063 791 1083 ne
805 1056 972 1090 quandoque

182 1112 261 1131 error
279 1104 434 1138 obreperet,
452 1102 605 1137 periculum
629 1101 683 1129 illis
701 1101 869 1128 vertebatur.
888 1101 973 1128 Porro

183 1149 272 1177 media
286 1153 374 1181 vocat,
386 1156 480 1175 rerum
493 1155 554 1182 quae
569 1147 803 1186 intelliguntur_ac
817 1154 879 1181 quae
890 1155 972 1175 sensu

1022 919 1096 946 οὐδὲν
1113 919 1180 954 πρὸς
1192 919 1269 946 Θεόν·
1287 920 1338 954 τὴν
1352 919 1532 946 ἀναλλοίωτον
1539 919 1647 952 ἕξουσιν
1661 917 1805 953 άτρεψίαν,

1022 964 1076 990 τῶν
1107 965 1196 999 μέσων
1216 965 1307 996 αὐτοῖς
1328 965 1426 997 ὑλικῶς
1444 965 1553 992 πάντων
1571 964 1767 993 διαϐαθέντων,
1781 963 1808 988 ἒν

1023 1007 1064 1041 οἷς
1078 1009 1202 1046 ὑπῆρχεν
1217 1012 1231 1037 ό
1250 1012 1313 1046 περὶ
1325 1011 1374 1047 τὴν
1387 1011 1487 1046 γνῶσίν
1504 1020 1567 1038 ποτε
1581 1011 1628 1038 τοῦ
1642 1009 1809 1044 σφάλλεσθαι

1025 1055 1155 1087 κίνδυνος.
1173 1056 1251 1083 Μέσα
1271 1056 1299 1083 δὲ
1319 1057 1406 1090 καλεῖ,
1424 1058 1473 1092 τὴν
1493 1057 1547 1084 τῶν
1564 1056 1668 1091 νοητῶν
1687 1056 1736 1082 καὶ
1757 1054 1809 1081 τῶν

1024 1100 1160 1137 αἰσθητῶν
1173 1102 1276 1135 οὺσῖαν,
1288 1103 1321 1129 δι’
1333 1100 1370 1130 ὧν
1379 1103 1447 1138 πρδς
1462 1103 1528 1129 Θεὸν
1539 1103 1575 1134 ὡς
1593 1102 1682 1129 αἰτίαν
1697 1100 1752 1128 τῶν
1763 1101 1805 1127 ιν-

1024 1155 1089 1179 των,
1106 1148 1121 1174 ό
1135 1147 1305 1183 ἀνθρώπινος
1322 1150 1384 1182 νοῦς
1405 1149 1553 1183 ἀνάγεσθαι
1571 1149 1688 1182 πέφυκε.

185 1195 378 1230 percipiuntur
398 1193 593 1227 substantiam,
608 1193 710 1228 quibus
727 1193 755 1220 in
773 1193 859 1221 Deum
878 1196 909 1219 ut
929 1199 1023 1219 rerum
1048 1197 1190 1222 auctorem
1222 1195 1337 1230 provehi
1371 1195 1496 1222 humana:
1530 1198 1637 1221 natura:
1670 1199 1811 1227 compara-

186 1246 244 1269 tum
259 1246 311 1269 cst.

222 1288 267 1314 80.
286 1287 353 1321 Qua:
375 1287 469 1315 studet
488 1287 591 1315 actioni
613 1286 814 1321 philosophiam
838 1285 975 1316 elliciunt,

187 1333 281 1365 timor,
296 1333 383 1368 pietas
398 1338 426 1360 et
441 1333 557 1360 scientia
575 1341 581 1358 :
599 1332 751 1359 naturalem
768 1331 848 1366 605
863 1338 930 1358 vero
948 1331 975 1357 in

1063 1289 1100 1313 π’.
1116 1286 1172 1322 Τὴν
1188 1287 1237 1322 μὲν
1252 1287 1408 1322 πρακτικὴν
1427 1285 1604 1321 φιλοσοφίαν,
1621 1278 1704 1320 φόϐος
1715 1303 1723 1314 .
1739 1283 1812 1309 εὐσέ-

1028 1330 1089 1358 ϐειά
1106 1339 1136 1358 τε
1150 1331 1198 1358 καὶ
1213 1331 1313 1366 γνῶσις
1329 1331 1490 1366 ἐργάζονται
1503 1338 1511 1345 °
1530 1330 1580 1366 τὴν
1596 1330 1625 1356 δὲ
1642 1329 1762 1364 φυσικὴν
1786 1328 1811 1353 ἐν

188 1379 286 1414 spiritu
299 1379 514 1414 speculationem
526 1382 666 1414 praestant,
677 1377 820 1410 fortitudo,
831 1376 977 1404 consilium

1033 1377 1165 1412 πνεύματι
1176 1377 1303 1412 Θεωρίαν,
1321 1378 1398 1412 ἰσχὺς
1412 1378 1458 1404 καὶ
1474 1377 1555 1412 βουλὴ
1566 1377 1612 1403 καὶ
1625 1376 1737 1407 σύνεσις
1751 1383 1813 1401 κατ-

188 1429 218 1451 et
233 1424 389 1452 intellectus
404 1433 411 1450 :
429 1424 572 1459 mysticam
589 1422 709 1457 denique
728 1421 906 1456 theologiam,
921 1420 977 1448 sola

1033 1423 1137 1459 σρθοῦσι
1155 1431 1162 1439 ·
1180 1423 1230 1459 τὴν
1256 1423 1284 1450 δὲ
1310 1424 1445 1459 μυστικὴν
1478 1423 1631 1458 θεολογίαν,
1647 1421 1732 1455 σοφία
1762 1420 1816 1447 θεία

189 1469 283 1496 divina
297 1468 432 1503 sapientia
447 1469 574 1502 largitur.

1033 1470 1100 1506 μόνη
1118 1471 1269 1506 χαρίζεται.

226 1515 270 1542 8i.
289 1513 525 1547 Quemadmodum
547 1513 607 1540 ﬁeri
628 1520 684 1540 non
705 1515 810 1547 potest,
825 1515 855 1538 ut
876 1511 981 1546 absque

191 1560 254 1587 oleo
267 1561 380 1588 lucerna
394 1560 557 1587 inexstincta
569 1563 711 1591 servetur;
727 1558 768 1585 sic
780 1565 870 1592 neque
882 1561 913 1584 ut
922 1557 982 1585 sine

193 1605 303 1638 habitu,
321 1605 549 1632 convenientibus
567 1609 624 1632 tum
646 1603 799 1631 rationibus
817 1607 875 1630 tum
894 1603 983 1630 modis

194 1651 388 1685 moribusque,
402 1651 545 1686 sensisque
561 1657 594 1678 ac
608 1648 822 1685 cogitationibus
840 1648 983 1684 congruis,

194 1704 256 1732 quae
271 1696 386 1724 honesta
403 1701 484 1729 sunt,
499 1695 662 1723 conferente
678 1702 710 1722 ac
727 1694 880 1727 nutriente,
896 1694 983 1722 dono~

196 1749 257 1769 rum
278 1742 371 1769 lumen
393 1741 587 1769 inexslinctum
605 1739 786 1767 custodiatur.
804 1739 890 1766 Omne
911 1739 984 1768 enim

196 1787 320 1823 spiritale
343 1787 465 1821 donum,
484 1785 661 1815 convenienti
683 1790 765 1821 atque
788 1785 861 1813 aﬂini
885 1786 987 1821 indiget

197 1834 304 1868 habitu,
315 1842 370 1869 quo
383 1834 458 1862 velut
470 1834 572 1867 oleum,
582 1833 685 1869 jugiter
695 1833 720 1861 ei
733 1833 766 1860 ad
779 1832 986 1868 intelligendum

198 1879 314 1906 materia
333 1877 509 1911 infundatur,
523 1882 554 1905 ut
571 1885 620 1913 pro
637 1877 697 1913 ejus
712 1877 759 1912 qui
777 1877 875 1912 recipit
891 1877 988 1904 habitu

199 1924 309 1952 ﬁrmum
323 1929 433 1955 maneat
445 1931 477 1951 ac
492 1928 628 1951 teneatur.

235 1970 280 1997 82.
293 1969 528 2003 Quemadmodum
542 1968 602 1996 ﬁeri
618 1976 674 1996 non
687 1972 779 2004 potest
791 1973 822 1996 ut
832 1967 891 1994 sine
905 1967 987 2000 oliva,

200 2023 295 2043 verum
310 2019 408 2043 natura
421 2022 453 2042 ac
466 2015 616 2050 genuinum
632 2015 723 2042 oleum
737 2021 852 2048 usquam
867 2013 990 2040 invenia-

201 2066 261 2094 tur;
283 2062 326 2088 vel
346 2066 377 2089 ut
397 2062 456 2089 sine
474 2069 539 2088 vase
559 2061 685 2096 capiente
705 2060 796 2087 oleum
816 2059 991 2086 contineatur

201 2112 285 2142 atque
296 2112 437 2140 servetur;
452 2115 484 2134 ac
498 2107 579 2142 plane
594 2107 631 2134 ita
642 2106 727 2133 rebus
739 2109 926 2140 comparatum
937 2108 989 2137 est,

1068 1521 1124 1544 ml.
1142 1518 1248 1553 Ὥσπερ
1265 1518 1354 1545 ἐλαίου
1366 1517 1463 1552 χωρὶς,
1475 1515 1608 1544 ἄσϐεστον
1622 1513 1817 1549 διατηρηθῆναι

1032 1562 1129 1598 λύχνον
1153 1564 1310 1599 ἀμήχανον,
1326 1563 1413 1595 οὕτως
1435 1563 1518 1595 ἕξεως
1535 1561 1638 1597 χωρὶςν
1657 1559 1817 1595 προσεδροκ

1035 1609 1080 1636 καὶ
1094 1609 1184 1643 λόγοις
1200 1610 1246 1636 καὶ
1257 1610 1369 1644 τρόποις
1383 1609 1430 1636 καὶ
1448 1609 1535 1644 ἤθεσι,
1550 1606 1670 1643 νοήμασί
1686 1615 1715 1632 τε
1733 1603 1765 1632 αὖ
1776 1604 1818 1632 καὶ

1033 1655 1174 1690 λογισμοῖς
1199 1657 1254 1687 τοῖς
1278 1655 1429 1690 καθήκουσι
1449 1654 1483 1680 τὰ
1504 1653 1575 1680 καλὰ
1597 1652 1817 1688 διατρεφούσης,

1036 1701 1167 1728 ἄσϐεστον
1177 1701 1347 1738 φυλαχθῆναι
1362 1701 1392 1733 τὸ
1404 1700 1462 1736 φῶς
1477 1700 1532 1728 τῶν
1550 1699 1734 1736 χαρισμάτων
1752 1699 1820 1734 ἀμή-

1035 1757 1126 1784 χανον.
1143 1750 1200 1776 Πᾶν
1225 1749 1279 1785 γὰρ
1300 1748 1425 1784 χάρισμα
1452 1747 1640 1782 πνευματικὸν
1667 1744 1822 1782 προσφυοῦς

1036 1794 1132 1829 χρῄζει
1145 1794 1195 1829 τῆς
1211 1793 1305 1828 ἕξεως,
1323 1793 1470 1824 ἀπαύστως
1485 1791 1649 1826 ὲπιχεοὺσης
1667 1790 1743 1825 αὐτῷ
1759 1789 1821 1819 κιθ-

1037 1840 1108 1876 άπερ
1136 1839 1226 1867 ἔλαιον
1245 1840 1296 1875 τὴν
1324 1839 1390 1874 ὓλην
1412 1838 1462 1874 τὴν
1484 1837 1600 1872 νοερὰν,
1625 1837 1670 1863 ἵνα
1702 1835 1824 1871 διαμείνῃ

1038 1886 1109 1913 κατὰ
1124 1886 1172 1921 τὴν
1185 1885 1242 1918 ’ἐξιν
1258 1885 1304 1912 τοῦ
1322 1884 1468 1919 δεξαμένου
1486 1883 1686 1918 κρατούμενον.

1075 1975 1131 2011 πβ’.
1148 1975 1255 2010 Ὥσπερ
1271 1973 1364 2004 ἐλαίας
1379 1972 1476 2008 χωρὶς1
1492 1971 1541 1998 οὐκ
1556 1970 1631 1997 ἐστιν
1641 1969 1772 2005 οὐδαμῶς
1783 1968 1824 1995 εὖ·

1041 2024 1098 2059 ρεῖν
1113 2021 1194 2057 φύσει
1209 2020 1269 2048 κατ’
1283 2019 1413 2055 ἀλήθειαν
1422 2019 1534 2053 γνήσιον
1549 2017 1639 2043 ἔλαιον
1657 2025 1665 2031 ·
1685 2017 1786 2050 uno»;
1799 2014 1825 2040 δὲ

1041 2069 1103 2104 δίχα
1117 2067 1278 2104 κρατεῖσθαι
1295 2066 1342 2093 τοῦ
1359 2064 1503 2100 δεχομένου
1517 2064 1546 2090 τὸ
1561 2063 1651 2089 ἔλαιον
1662 2063 1694 2089 οὐ
1708 2060 1825 2089 δυνατόν·

1042 2114 1124 2150 ἐλαίῳ
1139 2114 1166 2140 δὲ
1182 2113 1218 2149 μὴ
1234 2112 1403 2148 τρεφόμενον
1422 2110 1565 2137 σϐέννυται
1587 2109 1699 2140 πάντως
1717 2108 1747 2134 τὸ
1767 2106 1826 2140 λυχ-

205 2158 235 2181 ut
250 2154 324 2188 quod
341 2153 401 2180 oleo
417 2161 471 2180 non
487 2153 609 2180 nutritur
625 2152 743 2179 lucerna:
760 2152 865 2183 lumen,
877 2150 977 2178 omnim

1043 2161 1127 2187 νιαίον
1143 2159 1212 2194 φῶς·
1231 2158 1302 2185 οὕτω
1317 2157 1370 2184 τῶν
1384 2155 1470 2190 ἁγίων
1480 2154 1598 2190 Γραφῶν
1608 2154 1706 2189 χωρὶς,
1718 2153 1766 2179 οὐκ
1774 2152 1825 2177 ἐστι

203 2200 394 2234 exstinguatur
408 2208 415 2226 :
438 2199 477 2227 sic
493 2199 597 2233 absque
615 2198 718 2225 divinis
740 2197 905 2232 Seripturis,
920 2197 977 2223 null

1043 2206 1114 2234 κατὰ
1155 2204 1284 2240 ἀλήθειαν
1320 2203 1437 2239 δύναμις
1475 2201 1620 2236 νοημάτων
1654 2198 1823 2234 θεοπρεπὴς·

205 2254 270 2274 vere
282 2245 375 2273 divina
390 2252 534 2273 sensorum
555 2244 598 2271 vis
613 2252 646 2271 ac
666 2244 796 2279 majestas
811 2242 929 2274 exsistit,
945 2250 977 2269 ne

1043 2254 1126 2286 ἕξεως
1139 2252 1169 2279 δὲ
1185 2251 1256 2287 δίχα,
1273 2250 1400 2284 καθάπερ
1418 2249 1518 2283 ἄγγους
1534 2247 1680 2281 νοημάτων
1692 2243 1824 2272 δεκτικοῦ.

206 2291 266 2318 sine
281 2290 387 2322 habitu,
400 2298 455 2324 quo
472 2290 546 2317 velut
561 2296 625 2316 vase
642 2288 687 2315 illa
705 2287 909 2319 contineantur,
923 2286 994 2313 divi-

206 2344 260 2364 nus
276 2344 390 2371 usquam
407 2340 559 2370 conceptus
573 2334 700 2362 consistit
714 2342 720 2360 :
737 2341 771 2361 ac
784 2338 925 2368 postremo
941 2331 994 2359 nisi

206 2383 280 2417 quod
295 2382 323 2409 in
337 2382 417 2410 donis
429 2381 551 2409 scientia:
565 2384 659 2408 lumen
675 2385 728 2412 est,
742 2379 844 2407 divinis
859 2377 994 2414 ejusmodi

208 2428 296 2455 censis
310 2435 342 2455 ac
353 2428 534 2462 conceptibus
547 2427 697 2459 nutriatur,
708 2426 752 2453 bis
765 2426 810 2460 qui
826 2425 873 2452 illo
887 2423 995 2460 praediti

209 2473 264 2501 sint
274 2493 280 2503 .
295 2473 489 2500 inexstinctum
502 2471 713 2506 haudquaquam
727 2469 872 2497 exstiterit.

245 2518 290 2546 85.
303 2518 407 2546 Olivam
422 2525 482 2553 quae
493 2525 508 2545 a
520 2517 640 2545 sinistris
649 2516 682 2549 "',
694 2516 779 2544 Vetus
791 2515 997 2542 Testamentum

210 2564 365 2600 signiﬁcare
382 2564 524 2595 existimo,
541 2567 572 2590 ut
586 2562 660 2598 quod
678 2560 878 2597 philosophiam
897 2559 997 2586 actioni

210 2609 366 2638 studentem
388 2609 474 2644 magis
493 2612 571 2636 curet
591 2617 597 2634 :
617 2615 678 2642 quae
698 2611 790 2634 autem
813 2613 828 2632 a
849 2605 952 2632 dextris
963 2604 995 2637 ³⁸,

211 2654 317 2682 Novum
335 2654 548 2685 Testamentum,
563 2653 636 2687 quod
654 2659 754 2679 novum
771 2650 930 2686 mysterium
946 2649 996 2676 do-

211 2704 284 2733 ceat,
299 2708 331 2727 ac
347 2700 394 2735 qui
410 2700 438 2727 in
453 2699 569 2734 singulis
586 2698 705 2725 ﬁdelium
722 2701 773 2727 est,
789 2696 912 2723 habitum
929 2703 996 2722 con-

215 2744 400 2780 templationis
415 2743 522 2771 etiiciat.
538 2742 607 2770 illud
624 2742 745 2777 quidem,
760 2741 869 2768 virtutis
885 2739 994 2773 modos,

249 2836 270 2852 ³·
291 2833 312 2860 ll
326 2833 388 2860 Cor.
403 2841 432 2864 ιι,
448 2833 489 2860 ll.
530 2833 550 2848 "'
565 2831 678 2858 Zachar.
693 2839 729 2864 tv,
744 2833 770 2859 5.
810 2831 831 2846 ³³
849 2829 916 2856 ibid.

1043 2297 1169 2333 οὐδαμῶς
1182 2297 1214 2324 ἂν
1227 2295 1342 2330 συσταίη
1358 2294 1448 2329 νόημα
1461 2294 1532 2320 θεῖον
1548 2301 1554 2308 ·
1574 2292 1661 2323 Θείοις
1677 2291 1706 2317 δὲ
1719 2291 1826 2324 νοήμασι

1046 2344 1084 2379 μὴ
1096 2342 1264 2379 τρεφόμενον
1281 2341 1312 2368 τὸ
1325 2339 1383 2374 φῶς
1405 2339 1455 2374 τῆς
1470 2339 1499 2365 ὲν
1515 2339 1571 2370 τοῖς
1593 2337 1749 2372 χαρίσμασι
1762 2333 1825 2369 γνὼ-

1047 2397 1128 2420 σεως,
1146 2387 1280 2416 ἄσϐεστον
1296 2386 1326 2413 οὐ
1345 2385 1520 2420 συντηρεῖται
1536 2384 1593 2415 τοῖς
1609 2383 1714 2418 ἔχουσι.

1082 2508 1140 2542 σῖγ’.
1154 2507 1210 2543 Τὴν
1222 2506 1272 2541 μὲν
1282 2504 1405 2533 Παλαιὰν
1420 2504 1569 2539 Διαθήκην,
1586 2502 1636 2538 τὴν
1647 2501 1677 2535 ἐξ
1691 2500 1827 2535 εὐωνύμων

1048 2554 1145 2582 ἐλαίαν
1164 2551 1351 2588 ὑπολαμϐάνοι
1375 2551 1532 2586 σημαίνειν,
1547 2549 1585 2581 ὡς
1607 2549 1660 2585 τῆς
1683 2547 1827 2584 πρακτικῆς

1052 2599 1153 2635 μᾶλλον
1170 2596 1375 2633 προνοουμένην
1388 2594 1549 2630 φιλοσοφίας
1559 2602 1567 2609 ·
1584 2593 1633 2629 τὴν
1648 2593 1680 2619 ἐκ
1695 2591 1784 2623 δεξιῶν
1793 2589 1827 2619 δὲ.

1052 2644 1101 2680 τὴν
1118 2643 1192 2670 Νέαν
1211 2641 1361 2678 Διαθήκην,
1378 2641 1416 2673 ὼς
1430 2639 1527 2667 καινοῦ
1546 2639 1698 2675 μυστηρίου
1713 2637 1828 2663 διδάσκα-

1050 2691 1106 2721 λον,
1120 2688 1168 2715 καὶ
1196 2688 1245 2724 τῆς
1270 2688 1300 2714 ὲν
1326 2687 1435 2722 ἑκάστῳ
1462 2685 1518 2712 τῶν
1544 2684 1649 2712 πιστῶν
1670 2679 1827 2718 θεωρητικῆς

1049 2737 1132 2771 ἕξεως
1152 2734 1306 2771 ποιητικήν.
1343 2733 1374 2761 'H
1391 2734 1441 2770 μὶν
1457 2733 1522 2769 γὰρ,
1545 2731 1650 2769 ἀρετῆς
1672 2730 1794 2765 τρόπους,
1813 2726 1826 2759 ἡ
