1916 3076
143 153 212 187 1345

483 153 649 185 CAPITUM
669 150 881 188 QUINQUIES
901 149 1159 180 CENTENORUM
1179 151 1372 181 ()ENTURIA
1394 152 1441 182 1V.

1701 131 1770 185 tam

140 213 231 249 πάσης
253 212 355 249 ἀρετῆς
383 212 503 247 κεφαλὴν
521 213 535 238 ὁ
555 212 696 247 προφήτης
710 211 868 245 ὠνόμασεν·
886 209 923 238 ὡς

977 208 1111 235 rationem
1126 212 1208 242 atque
1225 216 1390 240 sermonem,
1405 213 1534 244 tanquam
1550 208 1660 237 virtutis
1679 212 1770 238 omnis

138 260 180 292 τὸ,
200 259 272 287 Ἕδυ
287 260 306 293 ὴ
323 259 438 294 κεφαλή
452 268 511 293 μου
523 260 563 292 εὶς
582 258 717 293 σχισμὲις
747 256 857 290 ἀρέων·
876 254 926 285 τὰς

138 305 167 331 δὲ
182 305 300 336 διανοίας
314 305 367 331 τῶν
385 305 546 340 πνευμάτων
568 305 616 339 τῆς
649 302 793 337 πονηρίας,
809 300 927 336 σχισμὰς

139 349 194 377 τῶν
208 349 304 383 ὀρέων,
320 350 364 383 ὑφ’
384 346 422 376 ὧν
436 349 575 384 κατεπόθη
588 348 632 375 διὰ
645 349 693 383 τῆς
716 347 897 382 παραϐάσεως
912 346 926 371 ὁ

138 394 273 429 ἡμέτερος
302 394 382 426 νοῦς·
398 395 448 429 γῆν
470 394 498 420 δὲ
523 394 694 428 κατωτάτην,
713 393 762 428 τὴν
794 390 926 427 μηδαμῶς

138 438 268 472 γνώσεως
298 439 497 474 αἰσθανομένην
529 438 642 474 θείας.ἦ
669 439 717 474 τῆς
744 438 804 464 κατ’
827 437 926 472 ἀρετὴν

138 486 229 520 ζωῆς,
243 485 292 520 τὴν
310 485 416 512 οἱανοῦν
433 486 539 520 κίνησιν
565 484 679 520 ἔχουσαν
706 484 761 516 ἕξιν
776 492 783 499 ο
810 482 927 509 ἄϐυσσον

137 530 177 560 δὲ,
191 530 240 565 τὴν
258 530 437 565 ἐπικειμένην
452 530 563 564 ἄγνοιαν
576 531 609 565 τῇ
627 529 682 562 ἓξει
696 530 745 564 τῆς
758 528 873 560 κακίας,
883 529 925 562 ἐφ’

136 573 155 612 ᾖ
171 575 271 612 βέϐηκε
281 576 408 611 καθάπερ
421 577 467 611 γῇ,
479 576 514 602 τὰ
527 575 577 611 τῆς
592 575 694 606 κακίας
707 575 812 609 πελάγη
828 575 843 609 ἢ
862 575 924 610 γῆν,

136 622 187 657 τὴν
224 622 327 656 παγίαν
353 623 402 656 τῆς
428 621 525 652 κακίας
547 622 602 654 ἕξιν
627 619 722 647 εἶπεν
743 620 868 650 αἰωνίους
897 619 926 645 δὲ

98 671 102 673 ’
139 669 265 703 μοχλοὺς,
283 669 333 700 τὰς
353 668 560 704 συγκρατούσας
574 669 623 704 τὴν
639 668 779 703 χειρίστην
795 667 851 700 ἕξιν
873 667 925 701 ὲμ-

137 715 234 747 παθεῖς
251 715 438 750 προσπαθείας
450 715 504 741 τῶν
518 715 628 742 ὑλικῶν.

173 805 227 837 ἥγ’.
249 803 281 829 ῚΙ
297 802 350 829 τῶν
363 802 450 837 ἁγίων
471 802 593 837 ὑπομονὴ
607 823 614 835 ,
630 801 679 836 τὴν
702 800 823 836 πονηρὰν
844 799 924 826 δύνα-

139 857 185 884 μιν
198 848 430 884 προσϐάλλουσαν,
446 848 554 884 δαπανᾷ.
568 856 575 863 ·
593 848 630 879 ὡς
646 847 778 874 πείθουσα
788 848 843 878 τοῖς
855 846 924 882 ὑπὲρ

136 895 266 930 ἀληθείας
281 895 533 929 ἐγκαλλωπίζεσθαι
547 896 647 927 πόνοις,
659 895 719 926 τοὺς
739 894 823 928 αὐτῆς
835 893 926 920 διακό-

136 950 209 973 νους,
226 942 272 968 καὶ
283 942 362 968 πλέον
373 941 592 976 ὲμπλατύνεσοαι
603 941 765 967 διδάσκουσα
777 939 926 974 τοῖςπαθή-

137 996 231 1022 μασιν,
239 987 320 1023 ἦταῖς
328 988 463 1018 ἁνέσεσιν,
471 988 495 1013 οῐ
504 987 553 1020 τῆς
564 987 591 1013 ὲν
600 986 680 1022 σαρκὶ
691 985 763 1021 ζωῆς
770 986 837 1020 ἄγαν
845 994 926 1020 φρον-

135 1031 268 1063 τίζοντες,
288 1032 414 1058 ὑπόθεσιν
429 1032 518 1063 αὐτοῖς
533 1031 753 1066 ὑπερϐαλλούσης
769 1031 839 1057 κατὰ
849 1031 926 1057 πνεῦ-

138 1085 176 1111 μα
192 1076 333 1111 δυνάμεως
352 1077 510 1112 ποιουμένη,
526 1076 574 1112 τὴν
586 1077 655 1103 κατὰ
667 1077 747 1110 φύσιν
758 1076 808 1111 τῆς
824 1075 925 1111 σαρκὸς

136 1123 200 1157 περὶ
217 1122 246 1148 τὺ
261 1123 375 1157 πάσχειν
390 1123 543 1149 ἀσθένειαν.
560 1123 630 1157 Ὅρα
646 1122 699 1157 γὰρ
714 1123 787 1154 ὅπως
801 1122 850 1156 τῆς
863 1121 924 1148 καθ’

134 1168 289 1203 ὑπερϐολὴν
303 1167 378 1199 θείας
395 1167 542 1203 ,δυνάμεώς
557 1168 630 1195 ἐστιν
657 1167 796 1198 ὑπόθεσις,
817 1168 834 1202 ἡ
854 1167 925 1193 κατὰ

136 1214 218 1248 φύσιν
237 1214 292 1240 τῶν
307 1214 392 1248 ἁγίων
407 1214 544 1245 ἀσθένεια,
557 1211 590 1249 ἧς
604 1214 703 1249 ἥττονα
723 1213 767 1240 τὸν
780 1213 923 1249 ὑπερήφα-

134 1269 180 1286 νον
193 1260 315 1286 διάϐολον
329 1261 342 1286 ὁ
359 1260 460 1296 Κύριος
476 1260 586 1292 ἔδειξεν.

172 1305 221 1340 ιβ’.
245 1306 274 1332 '0
292 1306 370 1339 λόγος
384 1306 435 1341 τῆς
449 1306 571 1341 χάριτος,
591 1305 636 1332 διὰ
649 1305 753 1332 πολλῶν
763 1305 923 1342 πειρασμῶν

135 1354 204 1388 πρὸς
220 1353 269 1388 τὴν
284 1353 337 1378 τῶν
351 1352 501 1388 ἀνθρώπων
517 1353 608 1388 φύσιν,
623 1353 706 1388 ἤγουν
730 1352 778 1386 τὴν
806 1352 860 1378 τῶν
880 1352 924 1378 ἐθ-

135 1399 190 1424 νῶν
211 1398 387 1434 Ἐκκλησίαν,
405 1397 499 1434 ὥσπερ
520 1398 614 1429 Ἰωνᾶς
627 1397 672 1425 διὰ
683 1398 788 1425 πολλῶν
808 1398 923 1433 θλίψεων

135 1443 205 1478 πρὸς
225 1443 317 1471 Νινευὶ
328 1444 424 1475 διαϐὰς
443 1444 492 1479 τὴν
507 1444 583 1470 πὸλιν
608 1444 657 1478 τὴν
680 1444 818 1479 μεγάλην,
831 1443 923 1470 ἔπεισε

135 1489 182 1515 τὸν
198 1488 375 1524 βασιλεύοντα
387 1489 468 1524 νόμον
485 1489 533 1524 τῆς
549 1488 657 1522 φύσεως
671 1487 854 1521 ἐξαναστῆναι
877 1485 922 1513 τοῦ

134 1535 245 1570 θρόνου,
260 1535 311 1570 τῆς
329 1536 465 1570 προτέρας
479 1534 579 1569 δηλαδὴ
597 1533 662 1568 περὶ
687 1533 717 1559 τὸ
743 1532 826 1559 κακὸν
850 1532 922 1560 κατὰ

134 1580 185 1616 τὴν
207 1580 333 1615 αἴσθησιν
347 1580 441 1613 ἕξεως,
455 1581 502 1607 καὶ
522 1579 696 1615 περιελέσθαι
707 1578 756 1614 τὴν
769 1578 865 1613 στολὴν
873 1579 922 1606 αὐ-

134 1625 194 1658 τοῦ,
210 1626 255 1652 τὸν
281 1626 328 1653 ἐπὶ
357 1628 411 1657 τοῖς
435 1626 511 1660 ἤθεσι
532 1625 603 1659 λέγω
622 1627 670 1661 τῆς
689 1626 826 1660 κοσμικῆς
843 1625 922 1660 δόξης

134 1669 285 1696 ἀποθέσθαι
315 1668 414 1704 τῦφον,
438 1670 485 1695 καὶ
515 1669 710 1704 περιϐαλέσθαι
740 1669 860 1700 σάκκον,
892 1669 922 1695 τὸ

136 1713 236 1745 πένθος
251 1714 351 1750 δηλαδὴ
367 1714 415 1740 καὶ
433 1714 480 1749 τὴν
498 1714 615 1749 δυσχερῆ
644 1714 690 1741 καὶ
715 1716 845 1750 τραχεῖαν
873 1715 922 1748 τῆς

135 1759 342 1792 κακοπαθείας,
365 1760 411 1785 καὶ
433 1759 482 1794 βίῳ
503 1759 542 1794 τῷ
572 1759 642 1786 κατὰ
671 1759 736 1785 Θεὸν
763 1760 922 1794 πρέπουσαν

135 1804 249 1839 ἀγωγήν
266 1812 273 1818 ·
293 1805 341 1831 καὶ
357 1805 469 1832 καθίσαι
485 1806 531 1831 ἐπὶ
544 1805 642 1831 σποδοῦ
659 1813 665 1820 ·
681 1805 777 1836 σποδὸς
793 1805 821 1831 δέ
848 1806 922 1831 ὲστιν

135 1850 152 1884 ἡ
169 1849 291 1884 πτωχεία
308 1849 355 1876 τοῦ
384 1850 548 1885 πνεύματος,
569 1851 612 1884 ἐφ’
625 1849 658 1885 ἧς
687 1850 833 1880 καθέζεται
869 1851 922 1882 πᾶς

135 1894 257 1926 εὐσεϐῶς
270 1894 321 1931 ζῇν
335 1895 535 1930 διδασκόμενος,
546 1897 593 1923 καὶ
603 1896 652 1931 τὴν
665 1896 784 1931 μάστιγα
795 1897 844 1932 τῆς
859 1905 921 1922 συν-

135 1939 266 1974 ειδήσεως
286 1941 355 1976 ἔχων
376 1942 421 1968 ἐπὶ
436 1943 490 1973 τοῖς
501 1941 746 1978 πλημμεληθεῖσιν,
760 1942 841 1968 αὑτὸν
855 1951 920 1968 κατ-

134 1986 306 2018 αικίζουσαν.

173 2031 298 2067 ιιεἿΟρα
313 2033 388 2064 ὅπως
405 2033 516 2068 βασιλέα
532 2033 580 2069 μὲν
596 2031 664 2060 εἶναι
680 2034 764 2068 λέγει,
779 2035 823 2060 τὸν
841 2043 920 2069 φυσι-

137 2079 186 2105 κὸν
217 2079 316 2113 νόμον·
336 2079 430 2114 θρόνον
455 2079 494 2111 δὲ,
512 2080 561 2114 τὴν
586 2080 697 2115 ἐμπαθῆ
720 2081 780 2107 κατ’
796 2081 922 2116 αἴσθησιν

134 2123 203 2156 ἕξιν·
217 2123 266 2159 τὴν
278 2124 306 2150 δὲ
317 2124 423 2159 στολὴν,
443 2124 491 2159 τὴν
508 2125 557 2160 τῆς
571 2127 651 2160 κενῆς
662 2126 740 2161 δόξης
761 2126 895 2162 προϐολήν
913 2135 919 2142 ·

134 2169 183 2195 τὸν
197 2169 225 2195 δὲ
249 2170 361 2202 σάκκον,
374 2169 405 2195 τὸ
427 2169 496 2196 κατὰ
509 2170 558 2205 τὴν
574 2170 720 2205 μετάνοιαν
737 2171 833 2202 πένθος
846 2179 852 2186 ’
871 2171 921 2206 τὴν

133 2213 164 2239 δὲ
180 2213 287 2244 σποδὸν,
300 2213 348 2249 τὴν
360 2215 620 2250 ταπεινοφροσύνην“
632 2215 792 2250 ἀνθρώπους
806 2217 844 2248 δὲ,
859 2218 921 2249 τοὺς

137 2260 204 2294 περὶ
225 2260 270 2286 τὸν
288 2260 366 2294 λόγον
385 2269 391 2276 ·
406 2262 492 2296 κτήνη
511 2261 549 2293 δὲ,
566 2262 629 2293 τοὺς
662 2262 726 2297 περὶ
751 2264 800 2298 τὴν
827 2263 922 2289 ἐπιθυ-

138 2305 204 2340 μίαν
218 2312 224 2319 ·
244 2305 307 2340 βόας
329 2305 368 2337 δὲ,
385 2306 449 2337 τοὺς
474 2307 538 2342 περὶ
565 2306 610 2333 τὸν
628 2307 712 2342 θυμόν
725 2315 732 2321 ·
748 2307 871 2342 πρόϐατα
884 2308 922 2342 δὲ,

133 2351 200 2380 τοὺς
213 2351 276 2385 περὶ
292 2351 340 2385 τὴν
358 2350 474 2387 θεωρίαν
485 2351 539 2378 τῶν
551 2352 655 2386 ὁρατῶν
671 2352 826 2385 πταίοντας.

172 2395 230 2429 Lg'.
252 2397 282 2423 '0
293 2397 336 2423 διὰ
350 2396 399 2432 τὴν
414 2398 524 2432 ἔννομον
544 2399 643 2434 ἀρετὴν
656 2399 709 2425 τῶν
727 2400 755 2425 ἐν
774 2400 860 2435 σαρκὶ
871 2408 923 2427 πα-

135 2442 191 2469 θῶν
204 2443 240 2474 ὡς
271 2443 424 2479 ἀριστερῶν
456 2444 618 2479 ποιούμενος
635 2443 729 2479 λήθην,
746 2446 793 2471 καὶ
815 2445 857 2472 διὰ
873 2445 922 2481 τὴν

133 2489 284 2516 ἄπταιστον
300 2489 410 2523 γνῶσιν,
431 2490 476 2516 ἐπὶ
507 2491 562 2521 τοῖς
581 2490 774 2524 κατορθώμασι
798 2492 830 2526 τῇ
853 2491 922 2526 νόσῳ

133 2536 186 2571 τῆς
197 2535 345 2570 φυσιούσης
360 2536 475 2570 οἰήσεως
496 2536 532 2566 ὡς
544 2535 634 2568 δεξιᾶς
664 2537 713 2570 οὐχ
735 2535 922 2572 ἁλισκόμενος,

135 2582 206 2618 ἀνὴρ
222 2583 327 2616 γέγονε,
348 2582 384 2618 μὴ
400 2581 542 2616 γινώσκων
565 2582 656 2615 δεξιὰν
672 2583 766 2614 αὑτοῦ,
784 2583 821 2615 ὠς
845 2584 924 2619 δόξης

134 2629 186 2656 οὐκ
209 2628 279 2663 ἐρῶν
299 2629 444 2664 λυομένης,
464 2628 523 2655 οὐδὲ
553 2629 765 2663 ὰριστερᾰν,ὠς
789 2631 845 2661 τοῖς
876 2631 924 2666 τῆς

135 2675 239 2710 σαρκὸς
271 2675 321 2700 οὐκ
344 2674 534 2709 ἐρεθιζόμενος
563 2674 671 2701 πάθεσι.
691 2675 786 2707 Δεξιὰν
811 2674 867 2707 οὖν,
884 2676 922 2708 ὡς

134 2720 235 2753 ἐοικεν,
250 2718 326 2747 εἶπεν
341 2721 354 2746 ὁ
368 2720 457 2755 λόγος,
473 2721 521 2756 τὴν
541 2721 587 2747 ἐπὶ
601 2722 656 2753 τοῖς
680 2721 760 2756 δῆθεν
785 2722 922 2758 κατορθώ-

135 2773 203 2802 μασι
217 2767 379 2800 κενοδοξίαν*
397 2767 543 2803 ἀριστερὰν
558 2767 597 2800 δὲ,
610 2767 657 2803 τὴν
672 2768 717 2794 ἐπὶ
731 2769 786 2800 τοῖς
797 2770 919 2803 αίσχροῖς

173 2859 196 2874 ¹⁹
209 2858 230 2886 ll
249 2859 315 2894 Reg.
332 2867 396 2892 χχιι,
413 2860 439 2887 8.

480 2859 502 2875 ‘°
518 2860 592 2887 Jonre
608 2868 646 2890 ιιι,
668 2869 675 2887 ι
697 2868 773 2896 seqq.
812 2861 832 2876 “
850 2861 925 2888 Jonm

942 876 963 905 Β

977 253 1142 288 principium
1158 259 1185 281 et
1200 254 1350 289 originem;
1365 255 1403 281 uti
1420 259 1462 282 est
1477 255 1544 282 illud
1562 264 1568 282 :
1587 254 1671 283 Subiit
1689 261 1768 292 caput

979 308 1063 326 meum
1080 300 1209 326 scissuras
1229 301 1356 326 montium
1369 300 1399 326 ’9.
1416 300 1556 327 Scissuras
1575 305 1667 328 autem
1689 309 1769 328 mon.

977 345 1057 377 tium,
1067 346 1296 380 nequissimorum
1312 345 1456 380 spirituum
1470 346 1582 373 consilia
1597 349 1623 371 et
1638 347 1767 378 rationes,

977 391 1080 425 quibus
1097 399 1146 426 per
1165 392 1408 427 transgressionem
1428 399 1505 418 mens
1525 397 1618 418 nostra
1639 391 1769 426 absorpta

977 440 1019 462 est
1041 444 1046 462 :
1072 441 1172 463 terram
1192 445 1258 464 vero
1282 436 1414 468 infimam,
1431 436 1506 463 omni
1528 437 1649 464 scientiw
1669 436 1769 464 divina:

977 489 1058 509 sensu
1084 487 1225 509 carentem
1249 482 1390 514 habitum,
1409 490 1441 509 ac
1466 483 1511 517 qui
1538 483 1600 509 vitae
1622 490 1637 509 e
1657 483 1768 510 virtutis

978 527 1130 555 rationibus
1149 528 1281 556 instituta:
1296 533 1371 555 motu
1389 528 1464 556 omni
1482 529 1660 555 destituatur.
1677 528 1767 564 Abys-

977 581 1048 606 sum,
1065 574 1247 609 ignorantiam
1264 574 1407 608 pravitatis
1424 574 1529 601 habitui
1548 575 1765 607 incumbentem;

977 618 1005 646 in
1030 627 1129 654 quam,
1150 620 1225 646 velut
1250 620 1277 646 in
1304 625 1404 647 terram
1432 620 1616 646 ascenderunt
1638 620 1767 654 nequitia:

976 663 1059 698 608
1081 664 1183 696 maria,
1208 664 1264 691 sive
1287 668 1404 694 terram,
1427 663 1535 690 firmum
1559 664 1618 690 vitii
1643 664 1766 690 habitum

976 710 1155 744 nuncupavit.
1180 710 1276 737 Veetes
1306 714 1441 741 :eternos,
1467 710 1614 744 pessimum
1642 710 1766 737 habitum

976 756 1187 783 eorroborantes
1204 760 1377 782 terrenorum
1392 755 1557 783 libidinosos
1570 755 1694 783 affectus.

1012 801 1056 828 95.
1079 802 1241 829 Sanctorum
1267 802 1416 837 patientia,
1436 802 1605 829 adorientem
1628 801 1765 836 nequissi-

977 855 1049 874 mam
1064 853 1226 883 potestatem
1242 849 1376 881 absumit;
1393 852 1423 875 ut
1435 857 1496 883 qua:
1511 849 1651 875 laboribus
1665 849 1765 876 verita-

979 893 1013 919 tis
1033 900 1114 920 causa
1133 893 1256 920 ferendis
1276 893 1398 928 gloriari,
1416 893 1550 920 ministris
1567 893 1625 920 suis
1642 894 1764 926 suadeat,

978 937 1129 972 doceatque
1141 946 1189 965 eos
1203 938 1288 973 magis
1298 938 1429 965 zerumnis
1440 938 1559 970 dilatari,
1571 947 1651 973 quam
1665 940 1766 973 quibus

977 983 1095 1010 carnalis
1106 983 1161 1010 vita
1178 984 1294 1010 maxime
1309 991 1381 1010 curm.
1394 988 1445 1015 est,
1458 984 1563 1011 deliciis
1577 984 1763 1017 oblectentur;

976 1030 1135 1056 excellentis
1156 1030 1196 1056 eis
1216 1030 1348 1064 spiritalis
1362 1030 1474 1057 virtutis
1490 1037 1521 1056 ae
1536 1030 1706 1057 fortitudinis
1719 1038 1765 1056 ar-

976 1079 1136 1110 gumentum
1152 1075 1265 1107 faciens,
1281 1076 1431 1102 naturalem
1448 1076 1538 1103 carnis
1554 1076 1630 1102 malis
1645 1075 1765 1102 ferendis

976 1121 1202 1149 imbecillitatem.
1215 1121 1283 1148 Vide
1297 1121 1370 1148 enim
1384 1121 1613 1156 quemadmodum
1626 1121 1764 1148 excellen—

976 1166 1011 1194 tis
1025 1167 1125 1193 divinte
1140 1166 1270 1201 potentia:
1286 1170 1492 1201 argumentum,
1506 1166 1638 1193 naturalis
1654 1170 1762 1194 saneto~

975 1220 1037 1239 rum
1054 1212 1201 1239 infirmitas
1219 1212 1264 1243 sit,
1281 1220 1333 1247 qua
1350 1212 1483 1239 Dominus
1501 1212 1650 1247 superbum
1666 1212 1764 1240 diabo-

975 1258 1030 1285 lum
1046 1258 1205 1285 inferiorem
1220 1258 1349 1286 ostendit.

1010 1304 1054 1331 94.
1080 1304 1176 1332 Sermo
1203 1305 1314 1339 gratiae,
1336 1313 1386 1340 per
1409 1305 1509 1333 multas
1537 1306 1703 1333 tentationes
1729 1305 1763 1333 ad

974 1349 1124 1377 humanum
1141 1358 1228 1386 genus
1246 1351 1407 1386 (Ecclesiam
1425 1351 1529 1378 scilicet
1542 1351 1674 1387 gentium)
1689 1352 1764 1379 velut

973 1395 1056 1423 Jonas
1080 1403 1129 1430 per
1153 1399 1252 1423 multas
1276 1396 1437 1423 alﬂictiones
1460 1400 1543 1430 atque
1567 1395 1705 1423 aerumnas
1728 1397 1762 1423 ad

973 1441 1072 1468 Ninive
1087 1442 1226 1468 civitatem
1240 1450 1365 1477 magnam
1380 1450 1535 1469 commeans
1545 1442 1578 1474 ιθ,
1592 1442 1644 1477 legi
1658 1447 1762 1470 natura:

975 1488 1049 1515 illius
1069 1488 1142 1523 regia
1163 1491 1296 1528 potestate
1317 1488 1469 1515 dominanti
1490 1492 1586 1515 auctor
1602 1488 1666 1518 fuit,
1682 1492 1711 1514 ut
1728 1488 1762 1514 de

934 1551 957 1581 ε
975 1533 1044 1560 solio
1060 1538 1184 1568 surgeret
1200 1534 1225 1570 (a
1242 1533 1336 1568 priore
1352 1533 1456 1560 scilicet
1471 1534 1573 1560 malum
1589 1538 1762 1560 couseetante

973 1588 1004 1607 ae
1020 1580 1116 1606 vitium
1134 1587 1230 1607 sensus
1247 1578 1354 1614 habitu)
1373 1579 1526 1613 Siolamque
1544 1578 1705 1606 detraheret
1723 1578 1761 1614 (id

973 1630 1024 1658 est,
1042 1625 1186 1652 mundanae
1206 1624 1298 1660 gloria:
1317 1631 1350 1651 ex
1369 1632 1476 1650 morum
1499 1629 1596 1651 ornatu
1617 1624 1760 1659 quzesitum

973 1672 1072 1699 fastum
1084 1670 1240 1707 abjiccrct),
1251 1678 1281 1697 ac
1292 1678 1370 1697 sacco
1384 1670 1544 1697 induerelur
1559 1670 1671 1705 (luctum
1688 1671 1761 1697 scili-

973 1722 1031 1749 cet,
1049 1721 1076 1743 et
1101 1717 1243 1743 molestam
1267 1723 1298 1742 ac
1322 1716 1463 1742 laboribus
1488 1724 1626 1750 asperam,
1642 1716 1704 1743 vine
1727 1724 1760 1743 ex

973 1763 1082 1798 pietatis
1097 1762 1250 1788 rationibus
1268 1761 1399 1788 instituta)
1415 1769 1572 1796 congruam,
1586 1761 1759 1796 disciplinam

973 1806 1134 1840 assumeret)
1151 1809 1232 1840 atque
1249 1806 1276 1832 in
1292 1806 1384 1833 cinere
1401 1806 1519 1834 sederet.
1534 1806 1580 1833 Est
1596 1814 1661 1833 vero
1677 1807 1758 1838 cinis,

973 1857 1118 1887 paupertas
1136 1852 1265 1887 spiritus,
1283 1852 1309 1878 in
1327 1860 1380 1887 quo
1399 1852 1475 1879 sedet
1494 1852 1618 1887 quisquis
1637 1853 1698 1879 vitm
1715 1853 1759 1887 pie

973 1897 1148 1925 instituenda:
1171 1898 1315 1933 praeceptis
1338 1898 1481 1929 eruditur;
1510 1906 1557 1929 ac,
1578 1898 1624 1933 qui
1652 1898 1759 1925 credens

973 1943 1148 1970 conscientim
1164 1943 1311 1978 ﬂagellum,
1326 1951 1376 1978 pro
1397 1943 1430 1971 iis
1446 1952 1506 1978 qua:
1523 1944 1649 1979 deliquit,
1665 1943 1757 1971 habet.

1007 2034 1050 2061 95.
1072 2033 1139 2062 Vide
1163 2033 1396 2068 quemadmodum
1419 2040 1510 2068 regem
1534 2033 1651 2066 appellet
1671 2032 1758 2067 legem

972 2080 1140 2112 naturalem;
1159 2079 1256 2106 solium
1274 2086 1354 2110 vero,
1371 2077 1549 2105 libidinosum
1566 2085 1664 2105 sensus
1679 2077 1758 2105 habi-

973 2131 1046 2160 tum;
1062 2127 1170 2159 stolam,
1185 2127 1275 2154 inanis
1291 2125 1383 2161 glorim
1400 2125 1545 2158 amictum;
1566 2133 1685 2157 saccum,
1700 2133 1759 2160 pm-

973 2173 1095 2201 nitentia:
1114 2174 1234 2206 luctum;
1258 2173 1392 2204 cinerem,
1409 2171 1526 2198 modesti
1545 2171 1629 2198 animi
1649 2179 1759 2198 sensum

938 2217 960 2244 Ι)
975 2219 1013 2255 (id
1025 2223 1076 2251 est,
1086 2219 1278 2254 humilitatem)
1291 2218 1425 2250 homines,
1438 2218 1483 2252 qui
1495 2217 1615 2250 ratione;
1626 2217 1758 2252 iumenta,

973 2266 1020 2301 qui
1036 2265 1200 2300 cupiditate;
1218 2264 1312 2296 boves,
1328 2263 1376 2298 qui
1394 2263 1450 2295 ira;
1469 2271 1544 2295 oves,
1560 2263 1606 2298 qui
1624 2271 1714 2290 rerum
1732 2262 1759 2289 in

973 2315 1113 2347 aspectum
1129 2311 1287 2338 cadentium
1301 2309 1487 2345 speculatione
1500 2309 1653 2336 offendunt.

1008 2407 1051 2434 96.
1065 2406 1116 2440 Qui
1135 2405 1263 2441 legitima:
1278 2405 1390 2432 virtutis
1411 2411 1509 2436 causa,
1526 2403 1675 2431 carnalium
1693 2403 1760 2431 alle-

975 2457 1067 2480 etuum
1084 2451 1158 2478 velut
1172 2451 1346 2478 sinistrorum
1363 2450 1550 2482 obliviscitur;
1568 2457 1671 2484 proque
1689 2449 1760 2476 inof-

975 2499 1057 2526 fensa:
1077 2497 1198 2525 scientiae
1217 2504 1342 2527 munere,
1356 2496 1391 2523 ob
1411 2496 1538 2531 praeclare
1559 2499 1633 2530 gesta
1652 2503 1683 2522 ac
1704 2504 1760 2522 me-

975 2545 1037 2580 rita,
1052 2543 1141 2570 inanis
1158 2543 1296 2577 jactanlize
1313 2542 1408 2569 morbo
1425 2541 1551 2575 fastuque
1569 2549 1623 2568 non
1641 2541 1759 2575 capitur,

976 2591 1004 2617 in
1032 2580 1120 2617 virum
1149 2589 1253 2620 evasit,
1278 2588 1324 2622 qui
1355 2588 1459 2615 neseiat
1484 2587 1623 2614 dexteram
1648 2594 1724 2613 suam
1739 2587 1759 2602 δ’

977 2634 1068 2671 (quem
1092 2634 1196 2661 scilicet
1217 2634 1346 2668 peritura:
1360 2633 1453 2668 gloria:
1467 2640 1544 2660 amor
1567 2640 1620 2659 non
1645 2633 1758 2667 teneat),

974 2687 1063 2715 neque
1083 2687 1149 2706 vero
1171 2678 1310 2705 sinistram
1323 2677 1360 2710 ι’,
1383 2682 1412 2704 ut
1434 2685 1515 2712 quem
1536 2677 1626 2704 carnis
1647 2676 1760 2703 affectus

973 2733 1022 2760 per
1039 2724 1181 2751 libidinem
1199 2731 1253 2750 non
1271 2723 1393 2751 illiciant.
1410 2724 1554 2751 Dexteram
1573 2723 1664 2758 igitur,
1679 2723 1759 2758 609

978 2775 1006 2798 ut
1026 2769 1144 2801 videtur,
1158 2770 1264 2796 vocarit
1285 2769 1435 2804 Scriptura,
1452 2769 1561 2796 inanem
1580 2768 1706 2805 gloriam,
1729 2769 1764 2797 ob

949 2869 986 2893 tv,
1005 2860 1047 2894 l0,
1068 2860 1108 2888 ll.
1148 2860 1170 2875 δ’
1184 2859 1251 2886 ibid.
