1916 3076
175 171 239 204 1347

759 172 789 201 S.
811 156 952 200 ΜᾸΧΙΜΙ
973 169 1228 199 CONFESSORIS

1738 168 1803 200 tata

175 232 248 254 recte
266 225 297 253 l'au
309 231 334 254 ta
352 233 384 254 ac
399 226 532 253 virtutum
546 233 645 261 opera;
663 227 803 254 sinistram
818 235 893 260 vero,
906 235 958 262 qua

1021 227 1136 252 πάθεσιν
1158 225 1317 252 ἀκολασίαν.
1336 225 1366 251 '0
1385 224 1438 260 γὰρ
1452 224 1503 258 τῆς
1523 224 1623 260 ἀρετῆς
1647 224 1738 258 λόγος,
1757 224 1803 259 τῆς

174 280 209 299 ex
227 272 355 307 turpibus
371 271 517 298 aﬂ‘eetibus
530 277 584 304 est,
598 272 746 299 luxuriam.
760 272 877 300 Virtutis
892 273 967 300 enim

175 324 268 344 sermo
282 321 363 351 atque
376 316 456 348 ratio,
470 321 614 351 peccatum
630 317 722 344 carnis
737 317 826 344 nescit
839 322 966 352 tanquam

175 362 294 389 sinistrae
310 371 316 388 :
332 362 455 389 scientite
468 370 534 390 vero
551 363 631 395 ratio,
645 363 729 390 animi
743 363 838 391 vitium
855 371 887 391 ac
903 371 967 398 pra-

174 407 287 434 vitatem
302 407 392 434 nescit
403 413 532 442 tanquam
546 408 657 436 dextrte.
852 402 858 410 ’

209 452 253 480 97.
272 453 412 481 Virtutum
435 462 468 481 ex
492 455 599 482 ratione
622 455 738 482 scientia
760 455 839 490 (vera
861 455 968 482 scilicet

174 498 265 533 reipsa
281 498 410 526 Auctoris
425 499 560 527 virtutum
577 500 690 536 agnitio)
706 501 891 528 omnimodatn
908 501 968 535 ejus

174 547 232 570 tum
248 551 389 577 excessus,
405 549 462 572 tum
478 545 614 578 defectus,
629 546 676 581 qui
694 547 825 581 utrinque
837 556 852 574 a
864 547 967 574 dextris

172 595 200 618 et
213 599 229 618 a
242 591 373 624 sinistris,
387 592 523 619 virtutum
539 592 724 620 mediocritati
740 592 876 628 adjacent,
891 593 968 627 igno-

173 638 289 664 rantiam
323 643 455 672 praestare
488 638 582 666 habet.
617 638 759 673 Siquidem
780 639 864 666 enim
897 638 966 666 nihil

173 690 290 717 prorsus
314 688 505 718 comparatum
529 688 571 711 est
594 691 655 710 esse
680 684 707 710 in
730 684 837 711 ratione
856 684 930 719 quod
951 692 966 711 a

173 729 279 756 ratione
305 729 474 762 abhorreat;
492 730 581 764 palam
604 734 657 762 est,
673 737 736 758 eum
755 730 801 764 qui
822 730 857 757 ad
876 730 966 757 virtu-

171 777 229 800 tum
255 775 391 802 rationem
417 780 530 802 evectus
555 775 600 807 sit,
621 783 717 803 eorum
734 783 794 810 qnte
818 783 834 802 a
859 776 966 802 ratione

170 819 341 847 abhorreant
362 829 536 856 nequaquam
554 822 720 856 positionem
742 829 856 856 remque
873 822 967 856 cogni-

171 869 277 892 turum.
297 865 356 893 Non
375 867 447 894 enim
466 868 604 894 contraria
621 867 775 894 secundum
792 866 864 894 idem
882 866 965 894 simul

1020 273 1119 308 σαρκὸς
1148 273 1185 304 ὼς
1204 273 1353 307 ἁριστερΞς
1380 272 1430 298 οὐκ
1457 269 1526 297 οἶδεν
1552 271 1708 306 ἁμαρτίαν·
1739 273 1752 298 ὁ
1777 271 1804 298 δὲ

993 336 996 339 ι
1017 320 1067 354 τῆς
1097 319 1235 353 γνώσεως,
1261 318 1311 354 τὴν
1332 318 1420 353 ψυχῆς
1445 317 1484 348 ὡς
1507 317 1597 349 δεξ.ᾱ;
1622 317 1652 343 οὐ
1680 318 1804 351 γινώτκει

1018 367 1127 394 κακίαν.

1054 454 1107 487 ις’.
1135 453 1168 479 'H
1180 452 1251 479 κατὰ
1270 452 1350 487 λόγον
1368 452 1469 486 γνῶσις
1486 451 1538 478 τῶν
1561 451 1680 487 ἀρετῶν,
1693 451 1805 486 ἦγον·ιὴ

1018 500 1078 526 κατ’
1092 499 1235 534 ἐνέργειαν
1257 498 1361 534 ἀληθὴς
1383 498 1432 532 τῆς
1449 497 1502 523 τῶν
1521 497 1628 532 ἀρετῶν
1642 497 1732 528 αἰτίας
1746 497 1805 523 ἐπὶ-

1018 554 1129 579 γνωσις,
1144 546 1256 580 ἄγνοιαν
1273 544 1393 579 παντελῆ
1407 544 1512 578 πέφυκε
1530 545 1628 576 ποιεῖν,
1645 544 1696 579 τῆς
1717 543 1806 576 δεξιᾶς

1018 593 1065 618 καὶ
1089 592 1239 628 ἀριστερᾶς
1254 591 1426 626 ἑκατέρωθεν
1441 590 1650 625 παρακειμένης
1668 591 1700 625 τῇ
1727 590 1807 624 pse!»

1017 646 1079 672 τητι
1103 638 1159 664 τῶν
1179 637 1285 672 ἀρετῶν
1301 636 1455 672 ὑπερϐολῆς
1471 637 1518 662 καὶ
1535 636 1689 670 ἐλλείψεως.
1706 636 1736 662 El
1752 635 1806 670 γὰρ

1017 684 1092 711 οὐδὲν
1111 685 1140 710 ὲν
1155 684 1194 718 τῷ
1211 683 1283 719 λόγῳ
1301 682 1441 714 παντελῶς
1458 683 1579 718 πέφυκεν
1599 680 1668 708 εἶναι
1686 681 1806 716 παράλο-

1017 739 1076 764 γον,
1092 730 1187 764 σαφῶς
1201 731 1215 757 ὁ
1229 730 1299 765 πρὸς
1313 730 1358 757 τὴν
1374 730 1453 764 λόγον
1473 729 1527 756 τῶν
1543 729 1648 764 ἀρετῶν
1666 729 1804 764 ἀναχθεὶς,

1016 777 1065 813 τὴν
1075 776 1129 803 τῶν
1138 777 1303 812 παραλόγων
1325 776 1451 812 οὐδαμῶς
1469 775 1654 810 ἐπιγνώσεται
1668 775 1752 801 ὑέσιν.
1768 775 1805 801 Οὐ

1016 823 1070 858 γὰρ
1086 823 1202 850 δυνατὸν
1217 823 1301 858 ἄμφω
1317 822 1388 849 κατὰ
1401 822 1498 848 ταύτὸν
1513 822 1570 856 ἅμα
1583 820 1756 856 καταθρῆσαι
1773 821 1806 847 τε

1017 869 1205 904 ἀντικείμενα,
1224 869 1272 896 καὶ
1285 869 1392 904 θατέρῳ
1405 868 1463 904 ἄμα
1472 867 1502 894 τὸ
1515 868 1608 904 ἕτερον
1622 867 1726 902 γνῶναι
1743 875 1805 893 συν-

169 911 294 945 conspici
317 916 448 946 possunt,
472 917 555 948 atque
578 913 696 940 alterunt
716 920 769 939 una
790 920 852 939 eum
875 912 958 940 altera

1017 915 1227 951 εμφαινόμενον.

169 958 252 984 simul
269 958 391 986 elucere.

204 1005 248 1032 98.
270 1004 414 1040 Siquidem
442 1005 471 1032 in
495 1004 567 1037 ﬁde,
592 1004 765 1032 inﬁdelitatis
789 1004 864 1032 nulla
892 1005 962 1031 ratio

167 1055 227 1084 est;
251 1058 341 1085 neque
363 1051 411 1078 lux
437 1059 486 1086 per
511 1055 639 1078 naturam
662 1051 839 1078 tenebrarum
863 1055 962 1077 auctor

167 1101 225 1130 est;
243 1104 294 1124 nec
313 1097 426 1124 diabolo
442 1102 635 1137 comparatum
654 1101 683 1124 ut
700 1105 754 1124 una
771 1105 834 1124 cum
850 1096 961 1124 Christo

167 1147 339 1177 compareat;
358 1143 439 1178 plane
461 1150 553 1177 neque
575 1147 606 1169 ut
621 1142 722 1169 rationi
739 1142 852 1169 omnino
868 1149 961 1170 comes

167 1188 292 1222 exsistat,
308 1189 382 1224 quod
406 1189 540 1217 abhorret
553 1197 568 1216 a
585 1189 703 1216 ratione.
725 1188 772 1216 Sin
793 1193 883 1215 autem
899 1196 960 1215 om-

167 1235 234 1263 nino
257 1235 359 1263 rationi
373 1243 467 1263 comes
481 1242 542 1262 esse
558 1242 613 1262 non
630 1238 721 1270 potest
737 1234 810 1270 quod
828 1233 960 1262 abhorret

167 1287 182 1309 a
201 1280 325 1313 ratione,
339 1280 387 1315 qui
410 1280 444 1308 ad
462 1280 596 1307 virtutum
614 1279 749 1306 rationem
773 1283 885 1306 evectus
905 1283 958 1311 est,

166 1326 377 1354 abhorrentium
398 1333 414 1353 a
435 1325 540 1352 ratione
559 1325 724 1360 positionem
744 1324 958 1359 haudquaquam

163 1375 314 1406 agnoscet;
341 1370 389 1405 qui
414 1370 522 1398 scilicet
544 1371 642 1402 solam,
663 1369 704 1397 uti
729 1369 788 1404 ipsa
809 1377 838 1396 se
864 1369 956 1402 habet,

164 1424 220 1443 nor.
238 1420 268 1443 ut
291 1416 477 1448 existimatur,
494 1420 643 1451 cognoscat
664 1415 796 1442 virtutem
811 1423 818 1441 :
837 1415 959 1450 hincque

164 1467 219 1495 est,
235 1467 266 1490 ut
285 1470 376 1497 neque
396 1462 538 1489 dexteram
563 1470 612 1496 per
634 1469 790 1493 excessum,
810 1468 901 1496 neque
918 1461 957 1488 si-

164 1508 279 1536 nistram
298 1515 348 1542 per
370 1507 521 1537 defectum,
538 1507 618 1533 sciat.
637 1506 760 1540 Utraque
781 1505 856 1532 enim
877 1509 958 1541 parte

164 1551 253 1587 palam
269 1551 442 1585 intelligitur,
457 1550 531 1584 quod
546 1550 696 1577 abhorreat
711 1557 725 1576 a
741 1550 859 1577 ratione.

199 1594 244 1622 99.
264 1581 555 1622 inﬁdelitatem-vocat
570 1601 618 1621 seu
634 1593 867 1626 incredulitatem,
881 1594 957 1629 quod
971 1581 992 1610 ο

164 1641 227 1677 quis
242 1641 361 1677 abneget
382 1641 525 1674 mandata;
549 1641 631 1668 ﬁdem
650 1648 727 1673 vero,
746 1640 822 1676 quod
842 1641 897 1669 illis
915 1649 959 1669 as-

163 1695 276 1715 sensum
310 1687 442 1724 praebeat.
479 1687 638 1719 Tenebras,
678 1686 746 1714 boni
789 1686 956 1722 honestique

162 1734 360 1770 ignorantiam;
386 1733 488 1765 lucem,
512 1733 572 1769 ejus
596 1732 776 1768 agnitionem.
802 1732 956 1767 Christum,

162 1781 228 1808 boni
249 1780 417 1815 honestique
439 1779 586 1815 appellavit
607 1779 756 1806 essentiam
775 1786 808 1806 ac
825 1779 957 1807 substan-

162 1827 239 1855 tiam.
266 1826 412 1854 Diabolum
438 1825 577 1860 denique,
597 1825 645 1860 qui
673 1825 809 1852 malorum
832 1826 956 1853 omnium

162 1879 263 1908 parens
277 1871 403 1903 exsistat,
419 1871 569 1905 pessimum
587 1870 726 1897 habitum.

197 1918 262 1945 100.
275 1917 344 1945 Cum
365 1917 435 1944 ratio
454 1924 547 1944 rerum
567 1916 631 1944 ﬁnis
654 1916 809 1952 modusque
828 1917 953 1950 exsistat,

161 1964 277 2000 perinde
295 1968 338 1992 est
357 1964 392 1991 ad
416 1963 532 1991 rationis
551 1963 717 1996 absentiam,
733 1968 817 1998 atque
840 1963 910 1991 adeo
925 1969 956 1991 ut

160 2019 175 2038 a
192 2010 299 2039 ratione
314 2010 472 2041 abhorreat,
490 2014 591 2045 praeter
610 2010 692 2037 linem
715 2009 891 2044 modumque,
906 2015 955 2037 aut

161 2065 258 2085 rursus
270 2064 355 2091 supra
371 2056 428 2088 illa,
444 2056 561 2083 moveri.
576 2055 720 2084 Utrnmvis
732 2056 818 2089 enim,
833 2056 894 2088 hos,
906 2056 953 2090 qui

160 2104 200 2131 sic
223 2107 399 2134 moveantur,
415 2102 450 2129 ab
468 2110 502 2129 eo
526 2101 599 2136 quod
623 2106 665 2129 est
689 2102 800 2136 proprie
824 2110 953 2130 exerrare

159 2149 250 2177 facit:
269 2149 386 2177 alterum
409 2148 538 2183 quidem,
566 2148 703 2175 incertum
731 2148 870 2183 nullisque
895 2152 953 2176 ter-

159 2195 242 2222 minis
258 2194 402 2221 deﬁnitum
427 2201 539 2220 cursum
561 2200 694 2228 peragere
713 2193 846 2226 suadens;
871 2194 954 2229 610

157 2241 198 2268 sic
223 2240 366 2272 nimirum,
384 2243 414 2266 ut
435 2247 491 2274 pra:
516 2239 617 2266 mentis
639 2238 868 2272 immoderantia,
893 2244 953 2266 tan—

157 2295 240 2322 quam
256 2286 338 2314 ﬁnem
357 2286 410 2313 illis
425 2278 660 2321 prmconceptum,
676 2286 763 2313 Deum
784 2285 952 2313 destinatum

156 2341 212 2360 non
237 2332 374 2365 habeant;
395 2331 461 2359 dum
485 2339 520 2359 eo
545 2331 619 2366 quod
643 2331 772 2358 dextrum
794 2335 854 2362 est,
878 2331 952 2358 aliud

156 2375 223 2411 quid
246 2375 334 2411 magis
356 2375 485 2402 dextrum
511 2382 544 2402 ac
567 2375 687 2407 beatius,
705 2375 868 2403 somniant:
886 2375 952 2403 alte-

155 2430 217 2450 rum
237 2430 303 2449 vero
330 2421 358 2449 in
383 2422 505 2449 animum
532 2421 680 2452 inducens,
696 2426 726 2448 ut
747 2426 848 2456 praeter
866 2421 952 2449 desti-

155 2473 261 2499 natum,
279 2467 306 2494 in
333 2467 424 2494 solum
447 2474 560 2494 sensum
580 2474 692 2494 cursum
712 2466 870 2499 intendant;
886 2465 952 2494 dum

154 2520 211 2547 pra:
236 2511 338 2539 mentis
364 2511 538 2546 pusillilate,
562 2517 644 2545 quem
668 2518 750 2537 sensu
775 2510 952 2538 circumscri-

155 2557 242 2589 bunt,
269 2561 492 2592 prazeonceptum
518 2555 600 2582 ﬁnem
629 2555 798 2583 existimant.
823 2555 885 2584 Ilaec
911 2555 951 2583 rei

155 2603 216 2639 ipso
229 2611 312 2631 sensu
334 2610 388 2629 non
409 2603 563 2637 experitur,
582 2601 629 2637 qui
649 2602 699 2629 soli
717 2601 829 2629 virtutis
850 2602 950 2629 rationi

154 2649 310 2681 devinctus,
323 2656 434 2675 omnem
453 2647 556 2675 mentis
571 2655 627 2675 suae
641 2647 780 2675 facultatis
796 2651 901 2674 motum
917 2656 949 2675 ea

153 2694 296 2727 deﬁnivit;
312 2701 344 2720 ex
360 2700 415 2728 quo
432 2692 470 2719 illi
485 2697 538 2723 est,
553 2697 585 2720 ut
601 2692 671 2719 nihil
687 2700 770 2727 supra
784 2696 831 2719 aut
848 2697 948 2726 pra5tcr

154 2738 300 2768 rationem,
316 2737 418 2772 illaque
430 2737 516 2764 invita
531 2737 624 2763 animo
641 2736 761 2771 cogitare
775 2736 873 2772 possit.

311 2793 440 2826 QUINTO
458 2792 621 2821 CENTENA
637 2792 775 2820 CAPITA.

191 2839 216 2864 l.
237 2838 374 2865 Naturalis
389 2839 470 2871 ratio,
487 2847 536 2873 per
551 2839 656 2866 medias
670 2837 798 2872 virtutes,
815 2847 877 2867 cum
896 2839 942 2875 qni

190 2892 198 2901 ⁸
214 2892 254 2919 οι.
273 2891 304 2918 ad
321 2891 398 2920 Thai.
413 2902 439 2928 q.
459 2895 500 2921 Ci.

1051 1006 1106 1041 ιη’.
1128 1005 1164 1033 Et
1177 1006 1310 1037 ἀπιστίας
1330 1007 1359 1032 ἐν
1370 1007 1402 1041 τῇ
1426 1006 1518 1032 πίστει
1534 1005 1612 1039 λόγος
1631 1004 1731 1036 οὐδεὶς,
1745 1003 1805 1030 οὐδὲ

1016 1051 1130 1084 σκότους
1156 1052 1231 1079 αἰτία
1256 1051 1328 1078 κατὰ
1352 1052 1432 1085 φύσιν
1457 1051 1573 1086 ὑπάρχει
1596 1051 1627 1077 τὸ
1649 1050 1719 1084 φῶς,
1744 1050 1805 1076 οὐδὲ

1016 1097 1126 1133 Χριστῷ
1142 1097 1382 1124 συνενδείκνυσθαι
1404 1098 1525 1132 πέφυκεν
1545 1097 1560 1124 6
1581 1095 1805 1130 διάϐολος,δῇον

1013 1143 1052 1174 ὡς
1065 1143 1126 1169 οὐδὲ
1142 1143 1181 1178 τεῷ
1195 1143 1266 1178 λόγῳ
1280 1143 1446 1179 τοπαράπαν
1456 1143 1624 1178 συνυπάρχει
1641 1143 1672 1169 τδ
1685 1143 1804 1178 παραλο-

1015 1197 1073 1223 γον.
1090 1189 1121 1215 Εἰ
1142 1189 1172 1216 δὲ
1197 1188 1237 1224 τῷ
1256 1189 1327 1225 λόγῳ
1349 1191 1469 1216 συνεῖναι
1485 1189 1625 1220 παντελῶς
1641 1189 1672 1215 οὐ
1691 1189 1805 1216 δύναται

1015 1234 1045 1261 τὸ
1063 1235 1229 1269 παράλογον,
1245 1235 1259 1261 ό
1275 1235 1344 1270 πρὸς
1365 1235 1411 1261 τὸν
1433 1234 1513 1269 λόγον
1531 1234 1586 1261 τῶν
1611 1234 1719 1268 ἀρετῶν
1738 1235 1803 1260 ἁνα-

1012 1279 1098 1315 χΘεὶς,
1124 1279 1173 1316 τὴν
1205 1281 1259 1307 τῶν
1283 1280 1448 1316 παραλόγων
1472 1281 1597 1316 οὐδαμῶς
1620 1280 1802 1316 ἐπιγνώσεται

1013 1326 1098 1359 θέσιν,
1120 1327 1205 1362 μόνην
1220 1327 1258 1358 ὡς
1276 1327 1361 1359 ἔστιν,
1380 1327 1439 1354 ἀλλ’
1459 1327 1509 1362 οὐχ
1535 1327 1574 1358 ὡς
1600 1327 1742 1362 νομίζεται
1757 1335 1802 1361 γι-

1012 1372 1126 1400 νώσκων
1141 1373 1190 1408 τὴν
1205 1374 1308 1409 ἀρετήν
1318 1382 1324 1390 ·
1343 1373 1390 1400 καὶ
1405 1373 1448 1400 διὰ
1464 1373 1544 1400 τοῦτο
1568 1374 1640 1408 μήτε
1655 1373 1748 1406 δεξιὰν
1760 1373 1803 1400 δια

1011 1420 1061 1455 τῆς
1076 1419 1196 1455 ὑπερϐολ
1204 1419 1246 1454 ῆς,
1269 1421 1338 1455 μήτε
1360 1420 1508 1456 ἀριστερὰν
1526 1420 1570 1447 διὰ
1591 1420 1642 1454 τῆς
1657 1420 1802 1455 ἐλλείψεως

1011 1466 1205 1501 ἐπιστάμενος.
1228 1466 1288 1493 Ἐπ’
1306 1467 1407 1502 ἀμφοῖν
1429 1467 1484 1502 γὰρ
1499 1467 1647 1502 θεωρεῖται
1663 1466 1758 1502 σαφῶς
1771 1467 1801 1493 τὸ

1011 1511 1175 1546 παράλογον.

1045 1599 1098 1633 ιιθκ
1126 1600 1269 1628 Ἀπιστίαν
1287 1601 1373 1636 λέγει,
1389 1601 1439 1636 τὴν
1454 1601 1569 1636 ἄρνησιν
1587 1602 1641 1628 τῶν
1666 1601 1799 1628 ἐντολῶν·

1011 1645 1101 1672 πίστιν
1119 1646 1159 1676 δὲ.
1181 1646 1230 1681 τὴν
1246 1646 1336 1673 αὐτῶν
1359 1646 1574 1680 συγκατάθεσιν·
1594 1647 1624 1672 τὺ
1642 1646 1673 1673 δὲ
1693 1647 1798 1677 σκότος,

1009 1689 1056 1717 τοῦ
1074 1689 1157 1716 καλοῦ
1171 1691 1220 1725 τὴν
1235 1690 1348 1725 ἄγνοιαν
1359 1699 1366 1706 ’
1385 1691 1416 1717 τὸ
1430 1691 1460 1717 δὲ
1477 1690 1547 1726 φῶς,
1567 1691 1617 1726 τὴν
1631 1693 1730 1718 τούτου
1745 1692 1800 1719 διά-

1008 1744 1121 1769 γνωσιν.
1142 1736 1260 1772 Χριστὸν
1277 1736 1304 1763 δὲ
1318 1729 1450 1772 κέκληκε,
1469 1736 1518 1772 τὴν
1533 1737 1628 1764 οὐσίαν
1649 1737 1698 1764 τοῦ
1715 1737 1798 1764 καλοῦ

1007 1783 1054 1809 καὶ
1079 1782 1129 1817 τὴν
1150 1782 1316 1809 ὑπόστασιν·
1334 1782 1380 1809 τὸν
1401 1783 1525 1810 διάεολον
1551 1783 1592 1814 δὲ,
1615 1783 1665 1819 τὴν
1686 1783 1796 1810 πάντων

1006 1827 1170 1863 γεννητικὴν
1181 1828 1236 1854 τῶν
1249 1827 1344 1855 κακῶν
1360 1828 1504 1864 χειρίστην
1519 1827 1587 1861 ἕξιν.

1041 1919 1075 1951 ρ’.
1097 1916 1128 1943 Εί
1145 1917 1208 1952 ὄρος
1224 1917 1343 1954 ὑπάρχει
1367 1917 1415 1944 καὶ
1439 1917 1538 1953 μέτρον
1552 1917 1605 1944 τῶν
1620 1918 1706 1945 ὅντων
1723 1918 1737 1944 ὁ
1752 1918 1796 1945 λό-

1005 1970 1063 1996 γος,
1080 1963 1139 1990 ἴσον
1161 1963 1229 1999 πρὸς
1253 1963 1365 1998 ἀλογίαν
1379 1964 1448 1995 ἐστὶ,
1464 1964 1511 1991 καὶ
1526 1963 1571 1990 διὰ
1582 1964 1663 1990 τοῦτο
1678 1964 1797 1999 παράλο-

1005 2016 1063 2041 γον,
1080 2007 1110 2034 τὸ
1125 2007 1204 2044 παρὰ
1214 2007 1260 2034 τὸν
1276 2008 1338 2043 ὅρον
1352 2008 1399 2035 καὶ
1414 2008 1488 2042 παρὰ
1511 2008 1540 2035 τὸ
1554 2009 1667 2044 μέτρον,
1682 2008 1699 2044 ἢ
1717 2008 1794 2035 πάλιν

1005 2053 1074 2088 ὑπὲρ
1090 2053 1135 2079 τὸν
1152 2053 1215 2089 ὅρον
1236 2053 1372 2080 κινεῖσθαι
1384 2054 1431 2080 καὶ
1448 2053 1518 2089 ὑπὲρ
1534 2053 1565 2080 τὸ
1582 2053 1695 2088 μέτρον.
1719 2053 1794 2081 Ἐπί-

1005 2105 1055 2133 σης
1072 2097 1127 2133 γὰρ
1151 2097 1235 2132 ἄμφω
1257 2099 1314 2129 τοῖς
1339 2097 1411 2124 οὕτω
1432 2097 1601 2133 κινουμένοις
1623 2097 1672 2124 τοῦ
1691 2098 1792 2133 κυρίως

1003 2143 1079 2174 ὄντος
1100 2143 1180 2178 φέρει
1201 2143 1251 2178 τὴν
1273 2144 1428 2170 ἔκπτωσινο
1450 2143 1480 2170 τὸ
1504 2144 1563 2179 μὲν,
1588 2143 1686 2179 ἄδηλον
1703 2145 1792 2176 αὐτοῖς

1003 2189 1138 2215 ποιεῖσθαι
1152 2189 1199 2215 τοῦ
1221 2189 1322 2225 δρόμον
1340 2190 1434 2216 πεῖθον
1450 2189 1499 2225 τὴν
1523 2190 1630 2224 κίνησιν
1650 2190 1698 2216 καὶ
1718 2190 1791 2225 ἀόρι-

968 2251 989 2277 D
1007 2243 1076 2267 στον,
1099 2236 1149 2261 οὐκ
1180 2235 1295 2270 ἔχουσαν
1325 2235 1426 2262 σκοπὸν
1449 2236 1494 2262 τὸν
1515 2236 1582 2262 Θεὸν
1603 2236 1636 2262 δι’
1660 2236 1791 2272 ἀμετρίαν

1004 2281 1072 2313 νοὸς,
1087 2281 1125 2313 ὡς
1141 2281 1217 2313 τέλος
1237 2282 1329 2313 αὐτοῖς
1347 2281 1608 2317 προεπινοούμενον·
1626 2281 1674 2308 τοῦ
1693 2281 1789 2314 δεξιοῦ,

1001 2325 1160 2362 δεξιώτερον
1184 2327 1449 2362 ἁναπλαττομένοις·
1473 2327 1504 2354 τὸ
1525 2327 1564 2359 δὲ,
1583 2327 1661 2362 παρὰ
1674 2327 1718 2354 τὸν
1731 2336 1789 2354 σκο-

1002 2373 1064 2405 πὸν,
1081 2373 1150 2408 πρὸς
1174 2373 1258 2408 μόνην
1281 2373 1331 2409 τὴν
1355 2372 1483 2408 αἴσθησιν
1503 2373 1604 2405 αὐτοὺς
1625 2373 1728 2406 πεῖθον,
1744 2373 1788 2400 τοῦ

1003 2419 1103 2455 δρόμου
1116 2419 1254 2446 ποιεῖσθαι
1266 2419 1316 2454 τὴν
1333 2419 1452 2454 κίνησιν,
1465 2419 1499 2446 δι’
1512 2419 1622 2451 ἀτονίας
1637 2420 1710 2451 νοὸς,
1726 2428 1788 2455 προ·

1004 2464 1197 2501 επινοούμενον
1223 2465 1299 2496 τέλος
1321 2465 1494 2500 νομίζοντας,
1527 2465 1558 2491 τὺ
1580 2466 1642 2492 κατ’
1666 2465 1787 2500 αἴσθησιν

1001 2511 1092 2542 αὐτοῖς
1115 2511 1355 2546 περιγραφόμενον
1365 2519 1372 2525 ³
1387 2510 1459 2544 ἆπερ
1475 2511 1567 2545 ἀγνοεί
1588 2511 1626 2547 μὴ
1642 2511 1787 2546 πάσχων.ό

1002 2557 1074 2591 μόνῳ
1096 2556 1134 2592 τῷ
1155 2556 1228 2592 λόγῳ
1251 2557 1304 2591 τῆς
1319 2557 1420 2592 ἀρετῆς
1436 2557 1619 2592 συνημμένος,
1635 2558 1683 2584 καὶ
1701 2558 1786 2585 πᾶσαν

999 2601 1074 2636 αὐτῷ
1097 2603 1147 2636 τῆς
1161 2601 1233 2629 κατὰ
1251 2602 1316 2629 νοῦν
1336 2602 1441 2634 οἰκείας
1457 2602 1597 2638 δυνάμεως
1615 2603 1785 2638 περιγράιμς

999 2649 1048 2683 τὴν
1064 2648 1183 2682 κίνησιν.
1207 2648 1254 2675 καὶ
1277 2648 1402 2675 διατοῦτο
1425 2649 1508 2684 μηδὲν
1526 2649 1597 2684 ὑπὲρ
1621 2650 1667 2676 τὸν
1682 2648 1782 2684 λόγονῆ

1001 2695 1075 2730 παρὰ
1091 2695 1136 2720 τὸν
1153 2694 1231 2728 λόγον
1249 2694 1416 2722 διανοεῖσθαι
1432 2695 1592 2730 δυνάμενος.

1200 2794 1408 2820 ΕΚΔΤΟΝΤΑΣ
1429 2795 1502 2821 ΠΕΜ
1507 2795 1526 2820 Π
1531 2794 1552 2820 Τ
1555 2794 1588 2822 Π.

1034 2843 1068 2867 α’.
1091 2842 1097 2849 '
1115 2840 1145 2866 Ὀ
1166 2841 1235 2868 κατὰ
1258 2840 1338 2876 φύσιν
1363 2840 1452 2876 λόγω,
1475 2840 1520 2868 διὰ
1545 2840 1634 2876 μέσων
1655 2840 1709 2868 τῶν
1721 2841 1778 2881 ἀρε-
