1916 3076
86 151 150 186 1349

416 150 584 182 CAPITUM
605 149 817 186 QUINQUIES
835 149 1098 179 CENTENORUM
1115 149 1310 179 CENTURIA
1329 149 1361 180 V.

1651 148 1719 183 1350

83 212 144 244 τῶν,
161 211 230 246 προς
244 210 291 237 τὸν
309 209 372 237 νοῦν
393 210 506 244 ἀνάγειν
531 210 638 245 πέφυκε
660 209 706 236 τὸν
725 207 872 244 ἐπιμελού-

938 209 1028 235 .ctioni
1050 207 1220 243 diligentiam
1241 209 1334 242 habet,
1354 207 1389 236 ad
1407 207 1617 243 intelligentiam
1639 217 1720 237 men-

83 267 161 294 μενον
177 257 320 293 πράξεως’
338 258 352 284 ὁ
366 257 394 284 δὲ
415 257 477 288 νοῦς
493 256 562 292 πρὸς
577 256 626 293 τὴν
648 256 745 290 σοφίαν
764 255 871 290 εἰσάγει

81 304 123 330 διὰ
139 303 256 339 θεωρίας
277 303 322 329 τὸν
344 303 487 338 ἐφιέμενον
508 302 645 337 γνώσεως,
664 303 701 329 Th
712 302 739 329 δὲ
753 301 872 338 παράλο-

82 357 127 382 γον
142 349 238 380 πάθος,
255 348 324 381 πρὸς
346 348 395 383 τὴν
418 347 545 383 αἴσθησιν
559 347 648 374 πείθει
668 346 873 382 καταφέρεσθαι

82 396 127 423 τὸν
141 395 297 431 ἀμελοῦντα
313 395 367 421 τῶν
386 394 513 425 ἐντολῶν,
531 391 565 430 ἦς
585 394 662 426 τέ).ος
677 394 746 426 ἐστὶ,
761 393 790 420 τὸ
804 388 873 429 τξρδς

81 442 128 477 τὴν
144 441 241 477 ἡδονὴν
258 440 451 476 καθηλωθῆναι
461 440 508 466 τὸν
522 439 595 467 νοῦν.

115 531 149 565 β’.
177 531 292 566 ’Δρετὴν
314 531 403 561 καλεῖ,
419 530 470 565 τὴν
486 529 680 565 ἁπαῦεστάτην
703 531 750 556 καὶ
771 529 874 564 παγίαν

81 579 146 614 περὶ
159 579 189 604 τὸ
203 577 286 604 καλὸν
308 577 376 609 ἕξιν,
391 574 425 613 ἦς
444 576 487 611 ἐφ’
502 576 621 612 ἑκάτερα
636 576 810 612 καθέστηκεν
829 577 875 603 οὑ-

80 626 134 657 δὲν,
155 625 222 652 Θεοῦ
238 625 374 660 φερούσης
387 625 563 659 χαρακτῆρα,
580 619 601 656 ᾧ
616 622 692 649 οὐδέν
704 623 778 649 ἐστιν
796 623 874 650 ἐναν-

80 671 146 698 τίον.
163 670 243 696 Λίτία
266 670 294 696 δὲ
314 668 369 695 τῶν
387 669 492 704 ἀρετῶν
510 670 586 694 ἐστιν
600 669 614 695 ὁ
633 667 700 699 Θεὸς
711 676 718 682 ·
734 667 829 694 τούτου
845 668 874 694 δὲ

81 717 142 744 κατ’
153 716 294 753 ἐνέργειαν
313 715 425 750 γνῶσις,
445 716 461 750 ὴ
477 715 522 742 τοῦ
534 714 595 741 κατ’
611 714 741 749 ἀλήθειαν
753 714 875 748 ἐπεγνω-

81 764 159 794 κότος
171 763 216 789 τὸν
227 762 294 789 Θεὸν
304 761 372 797 πρὸς
385 761 416 788 τὺ
429 760 540 797 πνεῦμα
554 760 625 788 κατὰ
638 761 688 793 τὴν
700 759 757 792 ἓξιν
763 760 876 787 ἀλλοίω-

81 819 135 842 σις.

114 859 149 890 γ’.
164 856 194 882 Et
206 856 219 882 ὁ
227 855 305 889 λόγος
319 853 445 889 διώρισεν
456 853 494 886 ὡς
508 853 629 888 πέφυκεν
638 853 753 880 ἑκάστου
764 853 813 889 τὴν
822 853 876 888 γέ-

79 910 165 933 νεσιν,
179 901 255 928 οὐδὲν
270 900 324 927 τῶν
336 900 420 927 ὄντων
435 899 516 926 ἐαυτὺ
523 899 646 934 φυσικῶς
658 899 674 934 ἦ
686 899 876 934 ὑπερϐέϐηκεν

82 948 95 983 ἦ
113 946 296 982 ὑποϐέϐηκεν.
316 945 421 973 Οὐκοῦν
438 946 500 981 ὅρος
522 945 571 980 μὲν
586 945 640 972 τῶν
654 945 739 971 ὅντων
762 945 844 977 ἐστὶν,
860 945 876 979 ή

81 993 142 1019 κατ’
152 992 244 1028 ἕερεσιν
253 992 302 1027 τῆς
310 992 398 1023 αῑτίας
411 992 558 1025 ἐπίγνωσις
568 999 576 1006 ·
587 991 686 1026 μέτρον
701 991 739 1022 δὲ,
752 991 768 1026 ή
780 990 876 1026 ἐφικτὴ

80 1041 138 1070 τοῖς
148 1037 208 1065 οὖσι
223 1040 283 1065 κατ’
305 1038 446 1071 ἐνέργειαν
457 1038 507 1071 τῆς
521 1038 610 1068 αἰτίας
623 1037 785 1072 ὲκμῐμησις.
801 1037 837 1062 Τὸ
849 1036 876 1062 δὲ

81 1085 154 1120 ὑπὲρ
168 1085 212 1111 τὸν
224 1085 288 1119 ὅρον
305 1084 438 1119 φέρεσθαι
450 1084 496 1110 καὶ
513 1083 543 1110 τὸ
562 1082 661 1118 μέτρον
677 1082 731 1109 τῶν
751 1081 878 1117 κινουμέ-

79 1139 135 1157 νων
149 1129 199 1165 τὴν
214 1129 316 1164 ἔφεσιν,
333 1129 462 1164 ἀνόνητον
479 1130 551 1155 ποιεῖ
568 1128 612 1155 τὸν
625 1128 735 1163 δρόμον,
756 1128 793 1163 μὴ
807 1136 874 1154 κατ-

79 1174 227 1202 αντῶντων
253 1177 293 1206 εὶς
317 1175 394 1206 Θεὸν,
420 1175 449 1200 ἐν
474 1171 496 1208 ᾧ
520 1175 537 1210 ἡ
554 1175 614 1200 κατ’
639 1174 732 1208 ἔφεσιν
765 1174 874 1200 πάντων

82 1221 194 1247 ῑςταται
219 1220 334 1255 κίνητις,
361 1220 566 1247 αὑουπόστατον
586 1219 718 1254 δεχομένη
732 1218 809 1250 τέλος
825 1218 874 1244 τοῦ

81 1266 152 1293 Θεοῦ
170 1266 219 1301 τὴν
233 1266 394 1292 ἀπόλαυσιν.
412 1265 449 1291 Τὸ
464 1264 493 1290 δὲ
515 1264 591 1299 παρὰ
605 1264 650 1291 τὸν
666 1264 728 1299 ὅρον
744 1263 873 1299 φέρεσθαι

82 1313 175 1340 καὶτὸ
193 1313 293 1348 μέτρον
310 1311 365 1339 τῶν
383 1311 552 1347 κινουμένων
566 1311 616 1346 τὴν
631 1311 735 1346 ἔφεσιν,
750 1311 881 1346 ἀνόνητον

82 1360 158 1385 ποιεῖ
173 1358 217 1385 τὸν
234 1358 345 1394 δρόμον,
361 1357 421 1384 ἀντὶ
444 1356 512 1383 Θεοῦ
533 1356 728 1383 καταντῶντων
749 1356 818 1391 πρὸς
830 1356 880 1390 τὴν

82 1405 225 1439 αἴσθησιν,
249 1405 278 1430 ἐν
338 1404 401 1430 καθ’
418 1403 515 1438 ἡδονὴν
539 1402 656 1438 βέϐηκεν
675 1404 692 1437 ἡ
709 1402 764 1429 τῶν
785 1401 881 1430 παθῶν

83 1450 273 1481 ἀνυπόστατος
289 1449 450 1478 ἀπόλαυσις.

924 259 1036 289 temque
1050 255 1174 289 proclive
1193 255 1344 289 provehit:
1362 262 1441 282 mens
1464 262 1531 281 vero
1551 256 1720 290 contempla-

924 301 1008 328 tionis
1023 301 1099 328 cultu
1115 300 1236 328 scientia:
1251 300 1391 328 desiderio
1405 299 1544 331 affectum,
1559 300 1593 327 ad
1608 301 1717 335 sapien-

924 347 989 374 tiam
1007 347 1123 375 inducit.
1136 346 1202 380 Quae
1214 351 1306 374 autem
1321 354 1336 374 a
1350 346 1456 374 ratione
1471 346 1562 380 passio
1577 345 1718 378 abhorret,

924 399 955 421 ut
980 394 1008 421 in
1032 402 1142 422 sensum
1168 402 1292 429 praeceps
1315 398 1378 421 ruat
1403 394 1442 421 illi
1472 398 1569 420 auctor
1593 398 1648 425 est,
1671 393 1720 428 qui

925 441 1053 468 mandata
1067 441 1196 476 negligit;
1217 442 1297 475 cujus
1316 440 1380 468 ﬁnis
1396 446 1448 472 est,
1464 443 1495 466 ut
1515 447 1593 466 mens
1609 438 1720 466 libidini

924 487 1028 514 luerent
1041 488 1124 522 eique
1139 487 1246 514 conﬁxa
1261 487 1307 514 sit.

959 533 986 560 2.
1012 533 1149 561 Virtutem
1181 538 1279 565 vocat,
1312 532 1522 568 pacatissimum
1555 531 1721 566 ﬁrrnumque

925 579 1036 607 honesti
1057 580 1181 614 rectique
1205 580 1342 612 habitum,
1365 579 1436 606 nihil
1461 579 1592 613 utrinque
1617 578 1722 605 haben—

926 630 992 659 tem,
1007 627 1054 661 qui
1072 627 1121 654 Dei
1144 628 1333 655 characterem
1356 627 1436 659 ferat,
1453 627 1498 654 cui
1520 626 1590 653 nihil
1606 627 1722 654 exsistat

925 673 1108 700 contrarium.
1126 673 1267 700 Virtutum
1289 676 1383 699 autent
1407 680 1489 700 causa
1514 672 1586 699 Deus
1602 675 1655 703 est,
1671 679 1720 698 seu

926 723 1023 746 auctor
1040 727 1046 745 :
1066 718 1114 745 Dei
1136 726 1203 745 vero
1225 718 1253 745 in
1279 722 1341 745 actu
1369 717 1501 753 cognitio,
1519 717 1576 751 ipsa
1594 718 1654 752 ejus
1674 717 1720 751 qui

925 772 992 792 vere
1024 765 1112 792 Deum
1139 764 1254 799 agnovit
1276 763 1305 791 in
1336 763 1468 799 spiritum
1498 763 1594 791 habitu
1622 763 1723 790 immu-

926 809 1005 836 tatio.

961 856 988 883 5.
1007 855 1076 883 Cum
1097 856 1180 888 ratio,
1199 856 1334 891 cujusque
1354 855 1404 888 rei,
1421 863 1471 890 pro
1485 863 1518 883 eo
1536 864 1568 883 ac
1588 855 1626 882 illi
1648 863 1723 882 com—

928 905 1055 937 paratum
1070 906 1123 934 est,
1141 902 1323 930 substantiam
1340 907 1523 938 naturamque
1541 902 1721 935 discreverit;

929 948 1004 975 nulla
1030 955 1075 975 res
1096 951 1140 975 est
1163 956 1225 983 qua:
1249 948 1367 982 seipsam
1393 953 1492 975 natura
1519 947 1649 976 excedat.
1675 951 1723 974 aut

928 993 1018 1028 seipsa
1037 993 1153 1021 inferior
1167 993 1213 1020 sit.
1231 993 1327 1028 itaque
1345 1001 1438 1020 rerum
1456 993 1518 1020 ﬁnis
1532 998 1614 1028 atque
1627 993 1722 1020 termi—

929 1046 992 1070 nus,
1013 1038 1143 1065 Auctoris
1166 1037 1305 1065 desiderio
1332 1038 1436 1073 agnitio
1462 1038 1570 1065 exsistit
1593 1045 1599 1064 :
1625 1037 1723 1064 modus

928 1091 1005 1116 vero,
1022 1084 1083 1119 ejus
1107 1083 1196 1118 ipsius
1218 1084 1338 1111 imitatio
1360 1089 1416 1117 est,
1436 1092 1519 1119 quam
1547 1091 1592 1111 res
1611 1084 1637 1110 in
1660 1088 1722 1110 actu

928 1130 1039 1164 assequi
1057 1130 1175 1164 possint.
1191 1129 1269 1163 Quod
1288 1138 1370 1165 porro
1392 1138 1475 1165 supra
1498 1129 1579 1157 ﬁnem
1598 1133 1725 1157 mooutr-

928 1183 993 1209 que,
1008 1183 1104 1202 eor-tim
1121 1183 1182 1210 quae
1196 1180 1343 1202 moventur
1355 1175 1495 1210 appetitus
1508 1175 1622 1207 feratur,
1641 1174 1726 1202 iutili-

928 1221 981 1248 lem
998 1221 1090 1249 reddit
1104 1229 1228 1254 cursum,
1245 1222 1319 1256 quod
1332 1221 1365 1249 ad
1380 1222 1466 1249 Deum
1478 1229 1534 1248 non
1549 1222 1722 1256 perveniant,

929 1265 958 1292 in
980 1272 1036 1300 quo
1061 1265 1186 1292 onmium
1209 1265 1389 1300 appetitionis
1413 1271 1522 1296 motus,
1546 1266 1635 1301 ipsutn
1658 1272 1725 1292 vere

928 1311 1107 1338 exsistentem
1131 1311 1212 1339 ﬁnem
1229 1312 1348 1346 (beatam
1372 1312 1480 1339 scilicet
1501 1312 1547 1339 Dei
1572 1312 1725 1346 possessio;

930 1357 1004 1393 nem)
1021 1362 1129 1389 nactus,
1145 1358 1326 1392 conquiescit.
1344 1357 1391 1385 Sin
1412 1363 1503 1385 autem
1523 1363 1623 1393 prmlcr
1641 1358 1724 1385 ﬁnem

930 1404 1099 1438 modumque
1127 1411 1224 1431 eorum
1251 1404 1391 1440 appetitus
1419 1404 1534 1436 feratur,
1562 1412 1623 1439 qum
1649 1409 1724 1432 motu

933 1450 1095 1482 incitantur,
1122 1449 1247 1476 inutilem
1275 1453 1389 1484 praestat
1416 1457 1546 1481 cursum,
1573 1450 1637 1477 dum
1665 1449 1727 1477 loco

82 1495 134 1522 Dei
172 1495 199 1522 in
233 1501 344 1522 sensum
364 1493 501 1526 incidunt,
522 1492 550 1520 in
571 1500 626 1528 quo
647 1493 737 1520 inanis
769 1490 980 1528 frustrancaque
1013 1494 1164 1522 aﬂectuum
1196 1494 1400 1529 lihidinumqne
1437 1495 1534 1523 fruitio
1569 1496 1726 1531 voluptarie

83 1541 234 1570 conﬂatur.

120 1597 155 1625 δ’.
184 1598 212 1625 Ὀ
227 1597 295 1634 πρὸς
310 1597 359 1633 τὴν
377 1597 468 1623 αἰτίαν
491 1596 545 1624 τῶν
563 1597 647 1624 ῦντων
671 1596 795 1632 ἀσχέτως
814 1597 876 1624 ἁνα-

968 1587 1047 1622 611
1074 1587 1100 1613 4.
1120 1586 1196 1615 Mens
1221 1587 1248 1614 in
1273 1595 1365 1614 rerum
1393 1594 1502 1615 causam
1523 1587 1728 1622 Auctoremque

85 1644 177 1676 τιθεὶς
208 1644 293 1676 νοῦν,
316 1644 445 1679 ἀγνοήσει
469 1643 621 1677 παντελῶς,
646 1643 747 1679 μηδένα
771 1642 881 1678 θεωρῶν

88 1692 184 1725 λόγον,
204 1692 232 1717 ἐν
252 1690 290 1726 τῷ
311 1689 382 1716 κατὰ
403 1690 494 1716 πᾶσαν
508 1689 598 1716 αἰτίαν
613 1689 684 1725 ὑπὲρ
697 1690 786 1716 πάντα
802 1689 881 1723 λόγον

85 1738 148 1765 ὄντι
165 1737 227 1764 κατ’
235 1737 328 1764 οὐσίαν
340 1736 399 1768 Θεῷ
412 1744 418 1750 ·
434 1736 503 1772 πρὸς
519 1736 548 1762 ὃν
562 1735 615 1762 ἀπὺ
630 1735 685 1761 τῶν
697 1735 781 1763 ὄντων
796 1736 883 1762 ἀπάν-

85 1792 144 1809 των
163 1781 318 1813 συσταλεὶς,
332 1781 426 1807 οὐδένα
444 1780 498 1807 τῶν
524 1780 572 1814 ἀφ’
593 1776 630 1806 ὧν
654 1780 760 1812 ἀπέστη
783 1779 880 1813 λόγων,

86 1828 250 1858 ἰπῖσταται,
270 1827 350 1862 μόνον
374 1826 420 1853 τὸν
444 1825 513 1861 πρὸς
538 1825 568 1851 ὃν
587 1825 682 1860 γέγονε
703 1825 773 1852 κατὰ
791 1825 881 1860 χάριν,

86 1873 306 1910 ἁνερμηνεύτως
329 1872 478 1908 θεώμενος.
505 1872 560 1898 Καὶ
578 1871 633 1907 γὰρ
662 1871 709 1898 καὶ¹
737 1871 801 1902 τοὺς
828 1870 882 1897 τῶν

86 1919 248 1955 ἀσωμάτων
272 1919 319 1944 καὶ
334 1919 397 1950 τοὺς
412 1917 467 1944 τῶν
489 1917 623 1952 σωμάτων
640 1917 737 1952 ἀφίησι
748 1916 854 1950 λόγους,
869 1917 883 1942 ὁ

91 1966 167 2001 πρὸς
187 1964 232 1990 τὸν
256 1963 322 1991 Θεὸν
344 1961 507 1998 ἀναδραμὼν
522 1963 582 1988 κατ’
604 1961 731 1988 ἔκστασιν
752 1960 823 1993 νοῦς.
845 1961 882 1987 Οὐ

86 2011 149 2045 γὰρ
171 2009 277 2043 πέφυκέ
296 2018 321 2035 τι
338 2008 397 2044 Θεῷ
411 2009 465 2035 τῶν
487 2009 556 2044 μετὰ
579 2008 655 2041 Θεὸν,
675 2007 732 2042 ἅμα
752 2015 883 2042 συγκατο-

88 2055 254 2084 τπεύεσοαι.

126 2143 160 2167 ε’.
170 2140 239 2167 Ἐπά
244 2149 323 2176 ρατον
330 2140 414 2173 ὅντως
422 2140 507 2171 πάθος
524 2141 538 2167 ὁ
546 2140 640 2176 τύφος,
651 2141 697 2167 καὶ
703 2140 735 2166 ἐκ
741 2139 786 2166 δύο
793 2139 885 2166 κακῶν

86 2187 166 2214 κατὰ
183 2186 308 2213 σύνθεσιν
321 2187 528 2222 συνιστάμενον,
547 2186 738 2221 ὑπερηφανίας
756 2185 827 2221 φημὶ
839 2185 886 2211 καὶ

85 2232 266 2265 κενεδοξίαςι
285 2229 322 2259 ὦν
342 2233 359 2268 ἡ
385 2232 435 2267 μὲν
462 2231 647 2267 ὑπερηφανία,
665 2231 713 2266 τὴν
732 2231 822 2258 αἰτίαν
838 2231 886 2265 ἂρ-

84 2279 181 2305 νείται
199 2278 247 2313 τῆς
265 2278 368 2313 ἀρετῆς
383 2278 430 2305 καὶ
448 2278 497 2312 τῆς
520 2277 646 2312 φύσεως·
663 2278 679 2312 ὴ
694 2277 722 2303 δὲ
737 2276 884 2310 κενοδοξία,

83 2324 144 2359 τήν
160 2332 191 2349 τε
207 2324 299 2357 φύσιν,
314 2324 362 2350 xui.
378 2323 464 2359 αὐτὴν
476 2323 552 2350 νόθον
570 2324 620 2359 τὴν
637 2323 739 2358 ἀρετὴν
755 2323 886 2357 καθίστη-

85 2378 150 2396 σιν.
169 2369 254 2395 οὐδὲν
267 2369 323 2405 γὰρ
343 2369 383 2404 τῷ
404 2369 574 2404 ὑπερηφάνῳ
592 2369 663 2396 κατὰ
674 2368 740 2396 Θεὸν
755 2368 888 2403 διαπράτ-

82 2423 182 2447 τεται,
201 2415 247 2442 καὶ
262 2416 339 2442 οὐδὲν
353 2415 392 2452 τῷ
412 2415 541 2450 κενοδὸξῳ
560 2414 632 2442 κατὰ
656 2415 738 2450 φύσιν
758 2415 888 2451 προέρχε-

80 2469 150 2488 ται.

128 2550 171 2580 ς’.
198 2547 404 2582 Ὑπερηφανίας
428 2548 504 2581 ἴδιον,
529 2548 559 2574 τὸ
581 2548 722 2583 ἀρνεῖσθαι
753 2548 798 2575 τὸν
822 2549 888 2576 Θεὸν

82 2593 200 2629 ἀρετῆς
227 2591 296 2618 εἶναι
323 2593 437 2627 γενέτην
460 2592 508 2619 καὶ
526 2593 649 2627 φύσεως·
671 2592 825 2625 κενοδοξίας
848 2593 887 2625 δὲ,

81 2641 120 2668 τὸ
143 2639 269 2675 μερὶζειν
296 2639 345 2675 τὴν
373 2640 454 2674 φύσιν
481 2640 552 2675 πρὸς
581 2639 693 2674 ὕφεσιν·
720 2637 758 2667 ὧν
774 2640 788 2666 ὁ
804 2640 888 2674 τῦφος

82 2686 168 2713 εἶναι
192 2685 317 2720 γέννημα
335 2685 468 2719 πέφυκεν,
486 2684 542 2717 ἕξις
557 2685 657 2717 κακίας
680 2685 809 2720 ὑπάρχων
829 2685 889 2712 σύν-

82 2733 186 2763 Θετος,
203 2731 272 2758 Θεοῦ
291 2732 406 2767 ἄρνησιν
428 2731 551 2758 ἑκούσιον
567 2732 678 2767 ἔχουσα,
693 2732 741 2758 καὶ
756 2732 806 2767 τῆς
821 2733 890 2760 κατὰ

84 2777 182 2813 φύσιν
202 2776 338 2812 ἰσοτιμίας
358 2776 481 2811 ἄγνοιαν.

933 1633 1020 1660 libere
1045 1633 1161 1665 intenta,
1188 1633 1303 1660 omnino
1329 1633 1477 1668 ignorabit,
1498 1633 1601 1660 nullam
1623 1633 1651 1660 in
1671 1634 1728 1661 Deo

933 1683 1068 1706 contuens
1098 1679 1249 1710 rationem,
1283 1679 1331 1713 qui
1361 1679 1549 1706 cssentialiter
1575 1679 1728 1707 secundum

933 1731 1043 1751 onmem
1071 1731 1181 1751 causam
1196 1744 1203 1757 ,
1230 1725 1306 1751 omni
1333 1725 1461 1759 superior
1489 1725 1595 1752 ratione
1618 1729 1661 1752 est
1678 1735 1684 1752 :
1700 1726 1727 1753 in

933 1776 1015 1803 quem
1039 1777 1054 1796 a
1078 1769 1186 1797 cunctis
1208 1769 1293 1796 rebus
1321 1770 1446 1801 collecta,
1468 1770 1569 1796 nullam
1587 1777 1694 1802 earum,
1712 1778 1729 1798 ει

933 1813 1035 1847 quibus
1049 1813 1194 1845 abscessit,
1212 1813 1352 1841 rationum
1374 1814 1464 1847 novit;
1483 1814 1573 1841 solum
1597 1815 1729 1842 nimirum

934 1857 967 1885 ad
982 1865 1064 1893 quem
1080 1859 1169 1886 evasit
1191 1867 1241 1894 per
1260 1859 1388 1894 gratiam,
1412 1859 1600 1894 inexplicabili
1623 1860 1729 1887 ratione

934 1911 1050 1931 cernens
1069 1912 1101 1931 ac
1126 1904 1315 1931 considerans.
1337 1904 1402 1937 Qua:
1422 1904 1496 1931 enim
1514 1912 1593 1931 mens
1616 1912 1729 1932 excessu

935 1950 962 1978 in
986 1950 1072 1977 Deum
1095 1950 1228 1982 excurrit,
1252 1950 1479 1985 incorporearum
1495 1950 1553 1986 (seu
1569 1950 1729 1986 spirituum)

926 2003 1140 2031 .eorporumque
1166 1997 1265 2023 missas
1292 1996 1414 2024 rationes
1440 1996 1515 2023 facit.
1543 1996 1610 2023 Nam
1639 2004 1730 2031 neque

935 2047 1123 2077 comparatum
1148 2047 1207 2074 est,
1235 2047 1263 2069 ut
1288 2049 1385 2069 eorum
1411 2042 1534 2077 aliquid,
1557 2050 1618 2077 qum
1639 2051 1654 2070 a
1673 2043 1730 2070 Deo

936 2088 1057 2116 secunda
1071 2093 1145 2121 sunt,
1162 2096 1216 2115 una
1231 2095 1294 2115 cum
1310 2088 1366 2115 Deo
1380 2088 1578 2122 conspiciatur.

973 2135 999 2162 5.
1020 2133 1228 2162 Exsccrandum
1243 2141 1339 2161 revera
1352 2133 1450 2160 vitium
1467 2133 1647 2168 aﬁ'ectusque,
1663 2132 1728 2160 elati

937 2181 1022 2208 animi
1037 2185 1129 2208 tumor
1143 2188 1175 2208 ac
1192 2180 1279 2207 fastus
1295 2179 1506 2214 insolentiaque.
1522 2187 1610 2214 exque
1625 2179 1729 2214 duplici

939 2227 1098 2254 coalescens
1112 2226 1196 2258 vitio,
1216 2225 1345 2260 superbia
1367 2226 1500 2252 nimirum
1523 2225 1653 2260 inanique
1671 2225 1731 2260 glo-

939 2272 995 2306 ria;
1010 2280 1127 2307 quarum
1144 2273 1230 2299 altera
1245 2272 1356 2307 (nempe
1371 2271 1510 2306 superbia)
1524 2271 1637 2299 virtutis
1648 2276 1732 2306 atque

939 2318 1047 2346 natura:
1075 2318 1224 2346 Auctorem
1250 2321 1349 2353 neget;
1378 2317 1464 2344 altera
1493 2317 1596 2352 (inanis
1626 2317 1733 2344 scilicet

940 2364 1038 2401 gloria)
1058 2358 1116 2392 tum
1138 2369 1275 2396 naturam,
1298 2367 1355 2390 tum
1370 2363 1503 2390 virtutem
1522 2363 1609 2397 ipsam
1628 2362 1734 2390 adulte-

942 2417 994 2440 ret.
1012 2411 1086 2439 Nihil
1105 2411 1179 2438 enim
1194 2410 1231 2443 ei,
1244 2410 1293 2445 qui
1309 2409 1446 2444 superbus
1460 2409 1506 2441 sit,
1522 2409 1616 2436 divina
1630 2409 1735 2443 pietate

944 2457 1126 2492 religioseque
1139 2456 1243 2492 agitur;
1258 2455 1384 2490 nihilque
1398 2454 1534 2482 laboranti
1547 2453 1621 2481 inani
1636 2453 1733 2489 gloria,

941 2511 975 2531 ex
989 2508 1095 2531 naturm
1111 2502 1265 2531 rationibus
1283 2501 1472 2537 progreditur.

977 2549 1004 2577 6.
1021 2549 1167 2583 Proprium
1193 2548 1331 2583 superbire
1353 2552 1404 2576 cst.
1421 2551 1452 2574 ut
1469 2546 1556 2573 Deum
1578 2545 1688 2572 virtutis
1703 2553 1735 2572 ae

943 2601 1047 2623 natura:
1065 2600 1220 2623 creatorem
1241 2599 1321 2630 neget
1339 2603 1345 2621 :
1363 2594 1453 2621 inanis
1473 2597 1563 2620 autem
1582 2592 1686 2627 gloriae,
1704 2595 1735 2618 ut

941 2646 1081 2672 naturam,
1104 2640 1164 2675 ejus
1188 2639 1345 2666 minuendae
1372 2646 1405 2665 ac
1431 2637 1618 2673 deprimendus
1640 2643 1733 2667 causa.

941 2687 1069 2722 partibus
1088 2685 1215 2719 scindat;
1239 2692 1356 2720 quarum
1377 2684 1461 2711 animi
1482 2688 1573 2710 tumor
1592 2682 1735 2716 fastosque

941 2737 969 2760 et
982 2732 1127 2760 insolentia
1144 2732 1250 2768 (τῦφος,
1267 2731 1307 2758 sic
1319 2731 1424 2758 dictum
1441 2728 1550 2762 vitium)
1565 2727 1657 2763 proles
1673 2735 1734 2754 esse

942 2779 1025 2812 solet;
1052 2777 1222 2812 compositus
1250 2776 1356 2804 scilicet
1387 2775 1498 2803 malitia:
1524 2773 1734 2806 habitus,~hoe

943 2825 1059 2856 habens,
1077 2828 1107 2851 ut
1125 2824 1212 2851 Deum
1228 2828 1329 2858 sponte
1346 2822 1474 2857 abneget,
1487 2828 1519 2848 ac
1533 2828 1593 2856 qua:
1607 2827 1621 2847 a
1636 2824 1734 2847 natura

942 2878 1017 2903 sunt,
1035 2878 1116 2906 pares
1131 2869 1245 2897 honoris
1259 2872 1352 2905 partes
1369 2868 1488 2904 ignoret.
