1916 3076
202 130 269 164 1355

202 234 250 266 tia,
266 233 300 260 ,ἧς
320 233 450 260 duntaxat
467 231 636 259 manifestari
660 232 750 264 habet,
770 233 816 266 qui
832 232 908 267 digni
930 232 989 266 Spi-

203 279 256 305 ritu
273 281 353 310 sunt;
372 277 419 311 qui
436 277 542 304 scilicet
559 276 683 312 diligenti
702 277 825 304 colendis
840 277 990 304 virtutibus

203 331 284 358 opera
308 323 439 350 vitiorum
461 322 574 358 fuligine
598 328 747 359 expurgato
769 323 879 356 animo,
904 323 990 350 instar

201 368 281 395 nitidi
304 375 335 395 ac
358 368 489 403 chttcidi
516 368 638 403 speculi,
663 369 754 403 primo
775 368 868 395 statim
892 368 990 395 tuentis

202 406 319 447 appulsu
343 420 373 440 ac
393 412 625 446 consideratione,
643 414 719 440 velut
742 413 841 441 faciem
865 413 920 440 illis
941 413 992 440 im-

203 466 323 492 pressam
351 465 382 485 ac
411 458 587 491 illabentem,
621 459 779 486 divinorum
805 459 990 494 cognitionem

201 503 401 539 scientiamque
427 504 593 539 suscipiunt.
619 504 726 537 Quibus
747 509 838 532 autem
860 505 991 532 vitiorum

202 551 421 586 inquinamentis
436 551 493 578 vita
515 555 680 586 compuncta
693 555 736 578 est
750 554 777 578 et
795 551 990 584 contaminata,

203 594 236 621 iis
261 602 296 621 ne
321 594 365 621 vix
392 595 503 629 quidem
531 602 565 622 ex
593 595 800 622 verosimitibus
825 595 992 630 quibusdam

203 639 314 667 indiciis
340 639 495 667 divinorum
527 640 670 671 scientiam
696 642 854 676 conjectura
884 642 992 676 assequi

202 692 363 712 concessum
377 689 428 716 est,
443 684 545 712 nedum
559 690 590 712 ut
604 686 739 720 exquisite
754 686 908 722 intelligere
922 695 992 722 prae-

203 735 314 757 sumant
330 738 361 757 ac
377 731 470 758 verbis
486 739 626 759 enarrare.

239 776 283 802 i8.
303 776 355 808 Qui
380 776 480 804 mentis
496 777 623 810 formam,
647 786 707 813 qua:
730 778 757 805 in
778 757 882 813 S’piritu
900 778 993 806 divino

203 828 236 848 ex
251 821 402 848 virtutibus
420 822 536 849 scientia
557 828 609 855 est,
623 827 719 850 nactus
730 828 782 856 cst,
796 824 819 851 is
832 823 925 851 divina
937 824 993 859 pati

203 866 316 899 dicitur,
332 866 406 901 quod
426 875 481 894 non
501 872 611 899 natura,
625 867 787 895 substantiae
798 864 861 902 ipsa
876 868 992 901 ratione,
1009 857 1029 884 Β

204 912 252 939 sed
276 920 326 947 per
351 913 467 947 gratiam
492 920 525 940 ex
552 913 763 948 participatione
784 913 858 941 illam
881 914 996 949 adeptus

203 965 255 985 est.
269 957 321 991 Qui
336 962 428 986 autem
446 959 589 986 scientiam
603 967 664 993 qua:
678 967 710 986 ex
724 959 811 994 gratia
825 963 869 986 cst
881 959 996 988 mininze

204 1008 302 1030 nactus
317 1007 369 1036 est,
384 1004 561 1038 quantumvis
575 1003 698 1038 spiritale
714 1004 818 1039 aliquid
831 1005 995 1040 solertisque

205 1049 307 1083 ingenii
327 1049 410 1081 dicat,
425 1050 485 1085 ejus
507 1053 598 1078 tamen
621 1050 695 1085 quod
714 1051 839 1085 loquitur
851 1059 901 1086 per
914 1060 996 1087 expe-

204 1095 331 1122 rientiam
345 1097 400 1123 vim
414 1096 532 1132 ignorat.
544 1097 624 1124 Nuda
638 1097 710 1124 enim
722 1097 879 1132 disciplina,
897 1098 994 1127 habitu

204 1145 374 1169 constantem
389 1142 532 1170 scientiam
546 1148 601 1170 non
619 1142 727 1170 tribuit.

240 1188 280 1215 Η).
289 1188 363 1215 Mens
370 1195 504 1216 summam
512 1188 656 1223 quamdam
665 1197 697 1216 ex
707 1189 854 1217 virtutibus
861 1194 940 1217 nacta
948 1198 996 1224 pu-

205 1235 293 1261 ritatis
302 1235 369 1266 vim,
382 1235 514 1262 virtutum
527 1235 627 1262 merito
638 1235 791 1262 rationibus
804 1236 996 1264 condisccndis

205 1285 363 1314 comparata
376 1284 431 1312 est;
447 1279 540 1307 divine
556 1288 591 1306 ex
604 1280 658 1307 illis
668 1280 826 1316 insignitum
839 1281 993 1314 scientiam,

205 1333 282 1353 suam
306 1325 364 1360 ipsa
385 1325 437 1352 sibi
454 1325 551 1353 faciem
570 1331 714 1360 priestans.
735 1326 755 1353 A
775 1334 804 1353 se
821 1326 895 1353 enim
918 1334 995 1354 mens

203 1372 294 1398 omnis
309 1371 402 1406 ﬁgurae
411 1371 560 1406 formaeque
575 1372 868 1406 expers,adventitiam
885 1372 995 1400 asciscit

204 1418 331 1450 formam,
349 1418 392 1445 vel
409 1425 443 1445 ex
461 1417 613 1445 virtutibus
632 1418 660 1444 in
681 1419 780 1453 spiritu
798 1419 994 1446 consistentem

205 1462 360 1494 scientiam,
374 1462 417 1489 vel
432 1469 492 1496 qutc
506 1469 539 1488 ex
554 1462 810 1496 perturbationibus
823 1468 906 1496 atque
920 1463 994 1491 vitiis

205 1507 374 1542 supervenit,
391 1507 583 1541 ignorantiam.

240 1553 283 1579 20.
301 1552 432 1587 Quisquis
443 1560 459 1579 a
470 1552 562 1580 divina
573 1552 675 1580 excidit
685 1553 842 1587 dilectione,
855 1555 993 1582 carnalem

206 1599 292 1634 legem
308 1599 458 1633 voluptatis
475 1599 603 1626 illecebra
617 1606 649 1626 ac
662 1599 776 1626 libidine
792 1601 833 1627 sui
850 1601 995 1628 dominan-

206 1650 260 1671 tem
275 1643 368 1676 habet,
387 1651 440 1678 qua
463 1643 533 1671 nihil
553 1651 650 1671 eorum
672 1652 734 1679 quae
755 1653 770 1672 a
790 1645 846 1673 Deo
859 1650 994 1681 prateepta

205 1694 268 1716 sunt
284 1697 395 1716 servare
410 1689 499 1717 valeat
515 1695 562 1716 aut
580 1689 655 1717 velit.
672 1690 723 1723 Qui
740 1691 813 1718 enim
832 1691 871 1718 illi
886 1693 949 1720 vita;
964 1699 995 1720 ac

205 1744 300 1770 regno,
319 1735 393 1770 quod
413 1743 446 1762 ex
469 1736 573 1763 virtute
595 1736 686 1771 agitur
707 1740 790 1771 atque
812 1737 927 1772 regitur,
946 1746 995 1765 vo-

206 1781 309 1815 luptate
333 1781 439 1808 ebriam
463 1780 694 1816 libidinosaman
714 1783 799 1810 vitam
825 1783 993 1818 praetulerit,

205 1826 328 1854 scientim
341 1827 403 1854 loco
418 1827 602 1862 ignorantiam
619 1828 726 1856 ascivit.

239 1872 271 1899 21
304 1872 356 1905 Qui
379 1872 412 1900 ad
439 1873 600 1901 interiorem
624 1874 651 1900 in
678 1874 778 1908 spiritu
804 1874 873 1909 legis
896 1874 994 1902 littcrze

205 1917 327 1944 divinum
352 1917 480 1945 decorem
506 1923 596 1946 mente
612 1918 674 1953 [non
695 1919 802 1951 transit,
820 1920 993 1947 libidinosam

206 1963 290 1990 animi
306 1963 479 1995 affectionem
497 1963 676 2000 (mundanum
695 1965 803 1992 scilicet
816 1965 943 1992 allectum
962 1973 994 1993 ac

205 2009 297 2036 saeculi
313 2008 472 2044 amantem),
485 2017 519 2036 ex
533 2009 602 2045 legis
617 2010 762 2045 disciplina
780 2011 808 2037 in
823 2011 896 2038 nuda
911 2010 993 2046 615

205 2055 341 2082 sermonis
356 2055 511 2090 prolatione
526 2056 613 2090 posita
629 2056 741 2091 gignere
759 2056 912 2083 consuevit.

238 2143 282 2168 2‘2.
295 2142 353 2169 Oris
376 2142 492 2176 confusio
508 2146 560 2174 est,
576 2142 771 2176 cogitationum
802 2141 886 2169 animi
912 2150 993 2169 mun-

775 129 805 161 S.
827 130 969 160 MAXlMl
989 128 1242 160 CONFESSORIS

239 189 278 215 i7.
295 186 436 222 Exquisita
449 190 577 221 certaque
588 186 760 221 eloquiorum
771 185 891 221 Spiritus
902 187 990 213 scien-
1005 192 1026 216 A

1755 125 1819 158 l356

1079 185 1122 217 ις’.
1160 186 1168 196 ⁸
1185 186 1217 211 Ἡ
1242 184 1291 220 μὲν
1314 183 1431 218 ἀκριϐὴς
1456 183 1555 217 γνῶσις
1582 182 1636 210 τῶν
1661 183 1757 217 λογίων
1775 184 1819 210 τοῦ

1041 231 1212 267 Πνεῦματος,
1242 231 1334 266 μόνοις
1365 229 1604 256 ἀποκαλύπτεσθαι
1639 229 1742 263 πέφυκε
1769 231 1822 261 τοῖς

1041 279 1127 311 ἀξίοις
1148 278 1196 304 τοῦ
1220 277 1393 312 Πνεῦματος·
1410 275 1434 302 οἳ
1455 275 1498 302 διὰ
1522 275 1623 311 πολλὴν
1649 275 1703 301 τῶν
1723 275 1823 310 ἀρετῶν

1041 324 1213 360 ἐπιμέλειαν,
1230 324 1280 359 τῆς
1298 323 1353 350 τῶν
1368 323 1462 350 παθῶν
1483 322 1598 357 αίθιὶλης
1611 322 1656 348 τὸν
1669 321 1731 348 νοῦν
1746 323 1821 348 ἐκκα-

1042 371 1187 406 Θάραντες,
1208 371 1344 405 ἐσόπτρου
1369 369 1447 403 δίκην
1467 367 1589 403 καθαροῦ
1621 367 1668 394 καὶ
1688 367 1822 401 διαυγοῦς,

1043 417 1100 451 ἅμα
1119 417 1152 451 τῇ
1179 415 1328 451 προσσολῇ,
1349 414 1475 449 καθάπερ
1497 413 1644 449 πρόσωπον
1662 412 1825 447 ἐντυπουμέι

1042 469 1091 497 νην
1104 461 1197 493 αὐτοῖς
1213 462 1261 488 καὶ
1273 460 1465 496 ἐμπίπτουσαν
1482 459 1531 494 τὴν
1543 458 1597 485 τῶν
1611 458 1692 485 θείων
1707 459 1826 493 δέχονται

1042 507 1155 541 γνῶσιν.
1172 504 1221 538 Οἷς
1234 506 1263 532 δὲ
1277 507 1338 537 ταῖς
1350 505 1404 531 τῶν
1425 505 1519 532 παθῶν
1535 505 1642 540 κηλῖσιν
1657 505 1672 530 ὁ
1690 504 1746 538 βίος
1766 513 1828 530 κειτ-

1043 554 1175 586 έστικται,
1204 553 1280 588 μόλις
1307 552 1358 579 κᾶν
1377 551 1407 584 ἐξ
1424 551 1535 578 εἰκότων
1565 550 1645 578 τινῶν
1669 549 1827 584 στοχασμῶν

1043 599 1233 635 τεκμηριῶσαι
1250 599 1299 634 τὴν
1320 598 1374 625 τῶν
1401 598 1480 624 οείων
1504 597 1605 632 γνῶσίν
1622 598 1681 623 ἐστι
1708 596 1828 627 δυνατὸν,

1045 650 1082 682 μη
1098 646 1139 672 ὅτι
1154 654 1186 679 γε
1202 645 1298 680 νοῆσαί
1312 653 1341 671 τε
1355 645 1402 672 καὶ
1416 644 1520 681 φράσαι
1532 644 1633 679 ταύτην
1645 643 1679 670 δι’
1689 642 1830 678 ἁκριὸείας

1044 690 1288 722 ἀπαυθαδίζεσθαι.

1082 787 1127 818 ιη’.
1154 783 1184 810 '0
1199 783 1246 810 τοῦ
1261 783 1306 810 νοῦ
1321 783 1428 819 μορφὴν
1442 783 1492 819 τὴν
1517 783 1546 816 ἐξ
1568 783 1677 818 ἀρετῶν
1699 784 1728 809 ἑν
1747 782 1830 809 [Ινεὺ-

1046 837 1111 864 ματι
1126 828 1355 864 θείῳνδεξὰμενος
1362 828 1473 863 γνῶσιν,
1481 829 1516 855 τὰ
1529 828 1588 855 θεῖα
1601 828 1710 863 λέγεται
1724 827 1830 859 παθεῖν,

1046 874 1088 901 ὃτι
1104 873 1141 909 μὴ
1156 873 1237 908 φύσει
1253 874 1325 901 κατὰ
1340 873 1389 909 τὴν
1409 873 1538 910 ὓπαρξιν,
1555 873 1624 901 ἀλλὰ
1645 874 1739 909 χάριτι
1765 873 1832 900 κατὰ

1045 919 1094 955 τὴν
1112 918 1232 954 μέθεξιν,
1257 919 1360 954 ταύτην
1385 919 1564 955 προσέλαϐεν.
1585 919 1615 945 '0
1631 919 1660 946 δὲ
1676 919 1726 954 τὴν
1741 920 1774 945 ὲκ
1788 919 1833 953 χά-

1047 973 1121 1000 ριτος
1140 965 1176 1000 μὴ
1192 964 1340 999 δεξάμενος
1354 965 1466 999 γνῶσιν,
1479 965 1531 992 κᾶν
1545 965 1612 1001 λέγῃ
1629 973 1656 991 τι
1670 965 1832 998 γνωστικὸν,

1045 1010 1095 1037 οὐκ
1112 1009 1165 1037 οἶδε
1190 1011 1261 1038 κατὰ
1286 1011 1385 1046 πεῖραν
1397 1010 1446 1037 τοῦ
1464 1010 1612 1046 λεγομένου
1637 1011 1688 1046 τὴν
1707 1010 1831 1044 δύναμιν.

1046 1056 1118 1092 Ψιλὴ
1132 1056 1186 1092 γὰρ
1207 1056 1336 1092 μάθησις,
1358 1056 1408 1092 τὴν
1426 1056 1487 1084 καθ’
1499 1056 1555 1089 ἕξιν
1570 1056 1672 1092 γνῶσιν
1686 1057 1717 1084 οὐ
1732 1057 1832 1084 δίδωσι.

1083 1183 1125 1210 ιϐ’.
1147 1183 1219 1215 Νοῦς
1239 1184 1279 1215 εἰς
1303 1183 1387 1219 ἄκρον
1403 1184 1447 1211 διὰ
1463 1184 1518 1210 τῶν
1539 1184 1645 1220 ἀρετῶν
1668 1186 1834 1221 καθαιρόμε-

1045 1238 1100 1260 νος,
1114 1229 1177 1261 τοὺς
1198 1230 1252 1256 τῶν
1273 1230 1380 1265 ἀρετῶν
1402 1230 1527 1265 πέφυκεν
1546 1231 1660 1263 εἰκότως
1676 1232 1834 1259 ἐκδιδάσκε-

1046 1275 1107 1302 σοαι
1124 1276 1229 1310 λόγους,
1245 1276 1294 1311 τὴν
1309 1275 1338 1308 ἐξ
1353 1276 1443 1303 αὐτῶν
1471 1276 1589 1309 θειωδῷς
1605 1278 1836 1313 χαρακτηρισοεῖ-

1046 1330 1095 1349 σαν
1119 1321 1220 1356 γνῶσιν
1250 1322 1349 1348 οἶκεῖον
1388 1322 1549 1358 ποιούμενος
1581 1323 1740 1358 πρόσωπον.
1770 1324 1836 1351 Καθ’

1045 1368 1142 1394 ἑαυτὸν
1166 1368 1221 1403 γὰρ
1247 1368 1369 1400 ἀνείδεὸς
1390 1377 1420 1395 τε
1441 1369 1488 1396 καὶ
1512 1370 1756 1406 ἀχαμκτήριστος
1785 1370 1836 1401 πᾶς

1046 1414 1198 1448 καθέστηκε
1215 1414 1289 1446 νοῦς,
1306 1415 1413 1450 μορφὴν
1433 1415 1503 1450 ἔχων
1522 1416 1683 1451 ἐπίκτητον,
1701 1417 1717 1452 ἢ
1740 1416 1791 1452 τὴν
1807 1417 1836 1443 ὲκ

1045 1459 1099 1486 τῶν
1115 1460 1220 1495 ἀρετῶν
1239 1460 1398 1487 ὑποστᾶσιιν
1420 1462 1449 1487 ὲν
1480 1461 1615 1496 πνεύματι
1630 1462 1745 1495 γνῶσιν,
1761 1463 1778 1498 ἢ
1791 1463 1837 1497 τὴν

1045 1505 1077 1531 ὲκ
1089 1505 1142 1532 τῶν
1162 1505 1256 1532 παθῶν
1273 1506 1522 1542 ἐπισυμδαίνονσαν
1534 1507 1655 1541 ἄγνοιαν.

1081 1555 1116 1578 κ’.
1138 1552 1196 1583 Πᾶς
1221 1552 1235 1579 ὁ
1257 1554 1307 1587 τῆς
1333 1552 1408 1584 θείας
1431 1552 1617 1585 ὲκπεπτωκὼς
1641 1553 1768 1587 ἀγάπης,
1794 1554 1838 1580 τὸν

1045 1599 1073 1624 ὲν
1088 1599 1120 1634 τῇ
1138 1598 1219 1633 σαρκὶ
1234 1598 1316 1634 νόμον
1334 1599 1391 1634 ἔχει
1408 1598 1452 1625 διὰ
1468 1599 1518 1634 τῆς
1532 1598 1629 1634 ἡδονῆς
1641 1599 1836 1634 βασιλεύοντα,

1044 1644 1089 1670 τὸν
1116 1645 1250 1680 μηδεμίαν
1276 1644 1350 1671 Θείαν
1373 1644 1482 1680 ἐντολὴν
1513 1644 1630 1679 φυλάξαι
1653 1645 1838 1680 δυνάμενονῆ

1046 1689 1219 1724 βουλόμενον.
1236 1690 1292 1724 Τῆς
1309 1690 1363 1726 γὰρ
1381 1690 1410 1716 ἐν
1423 1690 1559 1724 πνεύματι
1577 1689 1644 1716 Θεοῦ
1662 1691 1723 1716 κατ’
1736 1691 1839 1725 (igni-pi

1044 1734 1240 1770 διεξαγομένης
1261 1734 1334 1770 ζωῆς
1353 1743 1381 1760 τε
1407 1734 1454 1761 καὶ
1480 1733 1631 1769 βασιλείας,
1658 1735 1839 1770 προτιμήσας

1044 1779 1094 1814 τὴν
1109 1780 1250 1814 φιλήδονον
1266 1779 1349 1814 ζωὴν,
1369 1779 1418 1815 τὴν
1434 1779 1547 1814 ἄγνοιαν
1567 1780 1628 1807 ἀντὶ
1645 1780 1695 1814 τῆς
1707 1779 1840 1813 γνώσεως

1044 1825 1134 1860 ἑαυτῷ
1149 1826 1335 1852 ἐπεσπάσατο.

1080 1870 1134 1898 κα¹.
1160 1871 1189 1898 '0
1212 1872 1249 1906 μὴ
1267 1871 1414 1898 διαϐαίνων
1431 1871 1502 1898 κατὰ
1517 1871 1579 1898 νοῦν
1605 1871 1677 1907 πρὸς
1694 1872 1746 1906 τὴν
1764 1872 1839 1898 ἔνδον

1045 1917 1073 1944 ὲν
1090 1917 1226 1952 πνεύματι
1247 1916 1293 1943 τοῦ
1319 1917 1433 1952 νομικοῦ
1454 1917 1619 1953 γράμματος
1637 1917 1716 1944 θείαν
1742 1918 1839 1951 εὐπρέ-

1045 1970 1136 1994 πειαν,
1151 1962 1199 1996 τὴν
1214 1962 1265 1997 τῆς
1279 1963 1392 1998 γνώμης
1411 1963 1552 1999 φιλήδονον
1568 1963 1674 1998 σχέσιν,
1692 1964 1781 1998 ἧγουν
1792 1964 1840 1998 τὴν

1044 2009 1180 2044 κοσμικὴν
1205 2009 1395 2044 προσπάθειαν
1411 2009 1458 2036 καὶ
1474 2009 1654 2044 φιλοκοσμίαν
1669 2011 1772 2045 γεννᾷν
1790 2011 1839 2036 πέ-

1045 2063 1140 2088 φυκεν,
1158 2054 1189 2080 ὲκ
1205 2055 1255 2090 τῆς
1270 2055 1341 2081 κατὰ
1369 2055 1453 2090 μόνην
1478 2055 1526 2089 τὴν
1541 2056 1570 2081 ὲν
1593 2055 1667 2090 λόγῳ
1687 2055 1736 2082 τοῦ
1754 2057 1839 2091 νόμον

1045 2099 1189 2134 μαθήσεως
1204 2101 1354 2136 προφορὰν.

1080 2144 1133 2180 κβ’.
1147 2146 1282 2180 Αίσχύνη
1299 2146 1448 2180 στόματός
1465 2146 1501 2181 (z)
1524 2146 1609 2179 ἐστιν,
1633 2147 1651 2182 ἠ
1678 2147 1752 2173 κατὲ
1777 2146 1841 2173 νοῦν

205 2188 274 2213 daua
290 2194 322 2213 ac
334 2193 481 2220 corporum
498 2193 590 2212 amore
610 2185 758 2213 libidinosa
783 2186 935 2214 meditatio.
959 2187 989 2214 ln

1050 2191 1206 2226 ριλόκοσμος
1221 2191 1320 2226 μελέτη
1333 2191 1388 2218 τῶν
1404 2192 1541 2227 λογισμῶν
1560 2193 1608 2219 καὶ
1633 2192 1838 2227 φιλοσώματος.

204 2240 260 2266 quo
288 2231 363 2258 enim
390 2238 423 2258 ex
444 2231 570 2258 elucentc
596 2231 624 2258 in
647 2231 715 2266 legis
738 2232 829 2259 littera
856 2233 990 2267 corporali

205 2276 407 2308 informatione,
414 2276 565 2304 voluntatis
580 2277 736 2312 mentisque
748 2277 863 2305 libidine
871 2279 990 2306 mundus

204 2323 377 2358 progignitur
389 2322 496 2357 (mundi
514 2323 620 2351 scilicet
636 2331 668 2350 ac
683 2324 775 2351 saeculi
791 2331 887 2352 amans
904 2324 988 2351 animi

204 2368 375 2404 affectio),in
391 2368 444 2395 hoc
453 2369 537 2396 etiam
553 2369 708 2404 voluptaria
722 2369 794 2397 inest
807 2371 899 2398 animo
913 2371 989 2406 cogi-

205 2415 339 2442 tationum
351 2414 503 2441 meditatio.
515 2414 566 2442 Cui
579 2415 652 2441 enim
665 2414 704 2442 rei
716 2415 816 2442 atl'ectu
824 2415 988 2449 addicimur,

204 2470 263 2489 eam
276 2469 385 2496 quoque
399 2461 491 2488 animo
507 2461 679 2489 meditamur.

238 2531 245 2538 ·
262 2529 302 2556 cr.
321 2529 354 2556 ad
368 2527 446 2557 Thal.
462 2537 488 2564 τι.
507 2529 550 2556 65.

240 2587 275 2622 (ι)
295 2586 432 2622 Αὶσχύνην
454 2586 613 2622 σζόμαζος.
641 2585 784 2622 Expositio
806 2591 849 2613 est
858 2586 988 2622 nominis

204 2620 383 2657 Μεμψιῦοτέίὲ
411 2621 527 2648 alterius
554 2621 673 2657 (iliorum
689 2620 779 2648 Saulis
803 2629 837 2648 ex
858 2621 986 2656 Rhespha

205 2657 319 2691 pellice;
337 2660 364 2682 ut
391 2660 418 2682 et
439 2656 567 2689 ἀνάθημα
591 2656 649 2690 (seu
668 2657 761 2691 potius
788 2657 930 2690 ἀνάθεμα,
961 2661 991 2683 ut

205 2690 302 2726 quiest.
327 2691 371 2717 illa
391 2691 425 2717 65
449 2690 589 2725 scribitur)
608 2690 732 2726 alterius,
749 2698 849 2725 nempe
864 2691 969 2726 Ἑρονοί
981 2700 988 2706 ·

205 2725 275 2762 quos
289 2726 384 2762 ambos
396 2726 528 2762 Maximus
541 2725 676 2752 illaudatm
684 2726 787 2762 sobolis
796 2730 860 2762 typo
876 2725 987 2760 accipit.

205 2760 308 2794 quippe
321 2768 355 2787 ex
367 2760 510 2795 illegitituo
524 2764 668 2795 susceptos
688 2760 827 2788 connubio
841 2769 847 2787 :
863 2769 913 2788 nec
927 2769 988 2788 raro

207 2795 364 2831 ἀναγωγίαν
377 2802 551 2831 Δεοηεοηιψιθ
570 2795 722 2830 spiritalem
740 2797 768 2823 in
785 2796 920 2831 ejusmodi
935 2804 986 2823 no-

208 2829 312 2855 minum
335 2828 531 2857 llebraieoruin
553 2828 717 2866 etj'mologia
737 2828 846 2864 fundat;
862 2840 943 2866 quam
959 2837 986 2860 et

1050 2237 1094 2263 Ἐν
1108 2234 1130 2270 ᾧ
1143 2237 1197 2273 γὰρ
1215 2238 1229 2263 ὁ
1245 2237 1346 2272 κόσμος
1357 2238 1389 2264 ἐκ
1401 2237 1451 2271 τῆς
1467 2238 1673 2273 ἐμφαινομένης
1691 2238 1730 2273 τῷ
1747 2238 1840 2274 γράμ-

1045 2290 1110 2316 ματι
1130 2282 1177 2307 τοῦ
1198 2281 1280 2317 νόμου
1303 2283 1463 2318 σωματικῆς
1488 2283 1675 2316 διαπλάσεως,
1697 2284 1771 2310 κατὰ
1789 2285 1841 2318 τὴν

1043 2327 1186 2362 γνωμικὴν
1210 2328 1302 2362 σχέσιν
1326 2328 1472 2362 γεννᾶσθαι
1489 2329 1611 2363 πέφυκεν
1624 2337 1631 2343 ·
1648 2329 1746 2364 ἤγουν,
1761 2331 1780 2364 ἡ
1794 2330 1840 2356 τὸν

1044 2373 1145 2408 κόσμον
1161 2373 1276 2407 φιλοῦσα
1290 2374 1421 2407 διάθεσις,
1438 2375 1484 2401 καὶ
1496 2376 1512 2408 ἡ
1528 2375 1600 2401 κατὰ
1615 2375 1680 2402 νοῦν
1695 2376 1841 2411 φιλήδονος

1045 2418 1144 2454 μελέτη
1162 2419 1216 2445 τῶν
1234 2419 1382 2455 λογισμῶν.
1404 2420 1474 2456 Πρὸς
1489 2421 1503 2447 ὃ
1518 2420 1570 2456 γὰρ
1586 2422 1723 2456 5151th;
1734 2421 1842 2448 διακεί-

1045 2465 1124 2500 μεθα,
1141 2466 1209 2501 πρὸς
1221 2466 1308 2493 ἐκεῖνο
1319 2467 1366 2494 καὶ
1379 2467 1450 2494 κατὰ
1460 2467 1522 2494 νοῦν
1536 2467 1652 2502 μελέτην
1663 2468 1842 2502 κεκτήμεθα,

1041 2586 1203 2624 methodum
1218 2587 1375 2624 exponendi
1390 2587 1549 2624 Scripturas
1571 2589 1598 2615 in
1613 2588 1657 2624 bis
1673 2589 1742 2623 ipsis
1754 2589 1841 2624 Capi-

1042 2597 1203 2613 metuuuum
1218 2597 1375 2621 exponenut
1390 2597 1450 2615 θοι-ι
1474 2597 1549 2615 ιυτεις
1571 2597 1598 2615 In
1613 2597 1657 2616 DIS
1673 2597 1742 2623 IpSlS
1754 2597 1840 2624 Lapl-

1041 2622 1316 2658 tibuscommendat.
1336 2623 1410 2650 Nihil
1428 2597 1546 2654 acrrem,
1564 2623 1640 2658 quod
1657 2624 1749 2655 Picus,
1767 2625 1840 2652 illud

1042 2657 1161 2693 Αίσχύνη
1182 2657 1335 2693 στόματος,
1364 2658 1436 2684 dictu
1466 2657 1586 2693 pudendo
1600 2679 1607 2690 ,
1629 2659 1701 2685 dictu
1725 2659 1841 2693 infamis

1041 2691 1202 2728 reddit,'acr
1220 2692 1242 2728 si
1265 2698 1340 2720 esset
1368 2691 1510 2728 sequentis
1538 2695 1634 2724 vocis.
1655 2691 1759 2728 μελέτη
1793 2696 1839 2722 vel

1039 2728 1148 2762 κίνησις
1159 2727 1314 2761 epithetttm
1328 2736 1334 2754 :
1352 2729 1382 2754 τὺ
1393 2727 1520 2762 ἀνάθημα
1536 2736 1592 2755 non
1611 2728 1720 2759 habuit,
1733 2727 1839 2756 mutilo

1039 2762 1091 2796 ipsi
1112 2766 1186 2789 textu
1200 2770 1207 2788 :
1226 2770 1325 2804 acnnec
1341 2763 1417 2804 forte
1432 2764 1513 2804 nobis
1536 2763 1650 2804 out-nino
1666 2764 1777 2804 integer
1794 2773 1839 2792 re-

1036 2801 1232 2860 praéschntlatur.
1250 2798 1330 2824 Plura
1347 2798 1373 2825 in
1390 2799 1435 2826 illa
1454 2797 1555 2831 Quwst.
1581 2798 1609 2826 in
1634 2802 1710 2826 textu
1726 2797 1789 2834 ipso
1807 2803 1835 2826 et

1036 2840 1064 2859 tu
1100 2840 1115 2859 e
1137 2840 1209 2860 ous.

1036 2840 1064 2859 ιη
1081 2840 1209 2860 δοηοιιιε.
