1916 3076
118 143 187 178 1357

459 147 624 178 CAPITUM
645 142 857 182 QUINQUIES
876 142 1138 179 CENTENORUM
1157 145 1351 178 CENTURIA
1369 147 1402 177 V.

1671 145 1738 178 1358

151 202 205 237 κγ’.
220 202 256 230 Ἦ
273 202 354 230 πάλιν
368 203 500 238 αἰσχύνη
527 203 676 238 στόματός
700 203 784 234 ἐστιν,
805 202 823 230 ἡ
848 201 902 233 τοῖς

991 203 1037 230 25.
1047 203 1102 231 Aut
1115 210 1214 232 rursus
1229 203 1284 231 erit
1300 203 1428 238 confusio,
1448 204 1549 232 mentis
1560 204 1672 240 agitatio
1685 211 1737 238 est,

115 248 233 275 πάθεσιν
257 247 328 281 εῐδσς
351 247 503 283 ἐπάγουσα.
528 249 572 277 καὶ
593 249 624 275 τὸ
645 248 706 275 καθ’
723 247 820 283 ἡδονὴν
835 246 904 282 πρὸς

108 294 244 329 αἴσθησιν
271 294 469 322 διαπλάττουσα
500 294 608 327 κάλλος,
635 292 683 320 τοῦ
710 292 757 320 νοῦ
785 292 902 327 κίνησις.

114 339 209 375 Χωρὶς
231 340 284 375 γάρ
303 340 351 375 τῆς
377 340 448 367 κατὰ
473 339 534 366 νοῦν
556 340 732 375 ὲπινοητικῆς
750 337 902 374 δυνάμεως,

115 384 187 419 πρὸς
214 385 357 412 διάπλασιν
385 385 500 421 μορφῆς,
529 385 655 420 οὐδαμῶς
680 384 768 417 πάθος
795 384 902 419 άγεται.

76 456 98 472 ν
116 430 154 458 Ἣ
172 430 312 465 ἀνάθημά
329 431 397 464 ἐστι,
411 430 488 466 καὶὴ
505 431 638 466 πρὸσυλος
656 431 703 458 καὶ
715 431 836 466 άκαλλὴς
849 431 904 457 τῶν

115 476 212 503 παθῶν
227 476 274 503 καὶ
295 476 481 508 άδιατύπωτος
497 477 605 511 κίνησις
616 484 624 491 ”
640 477 773 511 αἰσχύνη
788 476 816 503 δὲ
831 476 903 503 ο·τό-

111 530 218 557 ιιατος,
243 523 260 558 ή
283 522 313 549 τὺ
336 523 421 554 πάθος
440 522 611 549 εἰὼποιοῦσα
627 522 695 558 πρὸς
717 522 842 558 αἴσθησιν
855 521 902 548 τοῦ

113 567 162 594 νοῦ
177 568 295 602 κίνησις,
316 568 364 595 καὶ
379 569 439 600 ταῖς
462 568 595 600 ἐπινοίαις
622 567 688 603 ὕλην
713 568 842 603 ἁρμόδιον
864 567 904 603 τῷ

114 612 198 639 πάθει
212 613 371 648 πορίζουσα.
803 637 830 656 ί..

152 699 201 726 κδ’.
223 700 253 726 '0
266 699 310 727 διὰ
323 699 427 735 τρυφὴν
445 699 606 735 σωματικὴν
620 699 668 726 καὶ
683 699 837 727 ἀνάπαυσιν
853 700 903 733 τὰς

114 746 213 778 θυσίας
229 745 276 772 καὶ
291 745 341 777 τὰς
357 745 463 781 ἑορτὰς,
476 745 511 772 τά
525 753 555 772 τε
576 744 703 773 Σάϐϐατα
719 745 766 771 καὶ
781 745 831 777 τὰς
843 753 903 772 νεο-

117 791 220 827 μηνίας
242 791 314 818 κατὰ
332 790 378 818 τὸν
398 790 480 826 νόμον
501 791 546 817 τὸν
567 790 633 817 Θεὸν
657 790 844 826 διατεταχέναι
860 799 904 817 πι-

115 838 230 871 στεύων,
246 837 337 872 πάντη
359 845 390 863 τε
412 837 459 864 καὶ
477 837 599 870 πάντως,
612 837 665 864 ὑπὸ
681 837 731 872 τὴν
751 837 846 873 ὲνοχὴν
858 845 904 872 γε·

954 256 1015 283 quaa
1028 248 1174 276 alicctibus
1197 249 1318 284 speciem
1340 249 1457 282 inducit,
1474 256 1563 284 exque
1583 258 1681 278 sensus
1698 259 1739 278 ra-

955 294 1030 321 tione
1055 294 1234 323 libidinosam
1264 295 1502 330 pulchritudinem
1529 295 1642 331 etiingit.
1664 296 1738 325 Citra

954 339 1029 367 enim
1042 340 1243 376 excogitantem
1266 348 1298 369 ac
1310 340 1492 368 inventricem
1508 343 1610 369 mentis
1623 342 1739 370 faculta-

953 388 1009 412 tem
1027 385 1061 413 ad
1087 385 1204 413 formam
1226 385 1425 422 efflngcndam,
1452 386 1569 415 affectus
1596 395 1629 415 ac
1647 388 1740 423 passio

954 438 1009 458 non
1024 431 1160 466 procedit.
1175 431 1224 459 Vel
1245 432 1329 459 etiam
1344 433 1487 460 anathema
1509 437 1567 466 est,
1590 437 1700 461 terrena
1712 439 1741 461 et

955 475 1102 504 invenusta
1128 476 1311 511 informisque
1343 477 1583 511 perturbationum
1613 485 1645 505 ac
1672 478 1741 506 απε-

954 525 1048 548 ctuum
1069 521 1194 550 incitatio
1204 530 1210 548 :
1220 522 1274 548 oris
1286 529 1352 549 vero
1369 522 1487 557 confusio
1498 549 1504 556 ,
1518 530 1578 558 qua
1593 530 1627 550 ex
1642 530 1740 550 sensus

954 567 1060 595 ratione
1077 567 1205 595 atiectum
1217 568 1308 603 specie
1324 568 1433 601 format,
1450 569 1655 604 subtilibusque
1665 577 1740 596 com-

953 612 1054 646 mentis
1063 617 1154 648 aptam
1165 613 1275 641 aﬂ'ectui
1285 621 1333 641 seu
1344 614 1466 649 passioni
1478 615 1621 642 materiam
1633 615 1738 647 tribuit,

954 659 1056 687 mentis
1067 659 1190 695 agitatio.

989 705 1033 732 ΞΑ.
1049 705 1102 739 Qui
1128 705 1247 734 carnalis
1263 706 1414 741 voluptatis
1432 707 1611 742 fruendaeque
1637 708 1740 743 quietis

954 757 1047 782 causa,
1063 751 1225 786 praecepisse
1239 751 1324 779 Deum
1337 752 1533 780 sacriﬁciorum
1551 752 1740 787 festorumque

954 795 1085 831 legitima,
1105 795 1279 832 Sabbataque
1297 800 1326 824 et
1343 798 1502 825 neomenias
1517 797 1669 826 instituisse
1681 798 1741 825 exi-

956 840 1063 874 stimat,
1090 841 1204 869 omnino
1235 848 1404 877 prorsusque
1438 843 1583 871 affectibus
1611 843 1741 879 vitiisque

114 883 227 919 νήσεται
241 883 290 918 τῆς
304 882 359 909 τῶν
372 882 467 910 παθῶν
479 882 629 918 ἐνεργείας,
644 882 691 910 καὶ
707 883 755 918 τὴν
769 883 901 919 αἰσχύνην

959 887 1096 915 obnoxius
1118 886 1187 921 erit;
1209 888 1385 924 turpiumque
1413 889 1478 916 inde
1494 877 1741 925 cogitationumlac

113 929 166 964 τῆς
181 928 236 955 τῶν
249 928 293 955 ἐπ’
315 928 410 960 αὐταῖς
435 928 556 965 αἰσχρῶν
580 928 719 964 λογισμῶν
746 929 901 966 ρυπαρίας·

113 974 169 1001 ὑπό
191 983 221 1001 τε
246 973 293 1001 τὸν
321 973 499 1010 φθειρόμενον
523 973 600 1001 ἔσται
618 974 730 1009 κόσμον,
744 975 792 1002 καὶ
807 975 858 1010 τὴν
873 975 903 1002 ὲν

113 1019 256 1055 λογισμοῖς
268 1018 457 1054 φιλοσώματον
477 1019 611 1055 μελιτηνο
637 1019 689 1047 ὑπό
711 1028 742 1047 τε
767 1020 816 1056 τὴν
837 1020 903 1055 ὓλην

113 1065 170 1093 τῶν
186 1065 280 1092 παθῶν
295 1065 382 1092 καὶτὸ
396 1064 475 1098 εἶδος,
493 1065 577 1101 μηδὲν
594 1065 658 1093 ἄλλο
675 1065 745 1102 πλὴν
758 1066 810 1093 τῶι
825 1066 903 1102 φθει-

115 1111 238 1147 ρομένων
256 1111 346 1146 τίμιον
355 1111 428 1146 ἒχειν
441 1111 600 1147 δυνάμενος.

150 1221 201 1246 κε’.
225 1218 256 1245 ’0
268 1217 390 1250 πεισθεὶς
404 1217 480 1244 θείαν
495 1214 564 1245 εἶναι
580 1217 712 1254 διαταγὴν
725 1216 758 1244 τὸ
778 1225 899 1252 σωματι-

114 1264 172 1295 κῶς
191 1263 261 1291 κατὰ
285 1263 367 1298 νόμον
393 1264 510 1299 τρυφᾷν,
539 1264 589 1299 τὴν
614 1263 838 1299 γαστριμαργίαν
864 1262 903 1294 ὡς

114 1309 185 1337 Θεοῦ
209 1310 294 1345 δῶρον
313 1308 447 1344 λαμϐάνει
465 1308 533 1344 πρὸς
548 1308 700 1344 συμϐίωσιν
718 1308 788 1344 μετὰ
804 1307 901 1344 χαρᾶς,

114 1354 146 1388 ἐξ
160 1351 193 1390 ἧς
220 1354 302 1389 γεννᾷ
325 1353 389 1385 τοὺς
411 1353 572 1389 μολύνοντας
596 1354 630 1388 τῇ
652 1353 826 1390 παραχρήσει
852 1353 903 1389 τὴν

115 1400 256 1435 ἐνέργειαν
267 1400 320 1427 τῶν
333 1399 485 1434 αίσθήσεων
501 1399 629 1435 τρόπους.

150 1501 208 1531 κς¹.
238 1497 362 1524 Ἐπειδὰν
376 1497 407 1524 τὸ
425 1483 590 1532 θεωρητικὸν
608 1499 655 1533 τῆς
669 1497 758 1533 ψυχῆς
771 1497 819 1533 τὴν
835 1506 902 1534 τρυ-

956 932 1094 960 rationum
1119 933 1237 968 padoris
1258 933 1361 969 probro
1385 942 1418 962 ac
1439 934 1594 962 confusioni
1613 943 1621 962 :
1637 934 1741 962 mundo

956 976 1022 1005 item
1039 978 1086 1013 qui
1105 979 1302 1014 corrumpitur,
1318 984 1346 1007 et
1358 979 1514 1008 libidinosae
1528 980 1611 1016 inque
1624 988 1741 1016 corpora

955 1023 1050 1052 effusa:
1067 1024 1263 1059 cogitationum
1285 1025 1473 1058 meditationi;
1494 1033 1526 1053 ac
1545 1030 1684 1061 postremo
1697 1026 1741 1053 vi-

955 1070 1058 1097 tiorum
1074 1070 1279 1106 aﬂ‘ectuumquc
1293 1075 1351 1098 tum
1364 1071 1487 1099 materiae
1499 1077 1557 1099 tum
1570 1071 1680 1104 formae;
1693 1070 1741 1106 qui

956 1120 1058 1151 praeter
1074 1123 1106 1143 ea
1118 1125 1178 1152 quae
1197 1117 1374 1152 corruptione
1389 1117 1539 1150 intereunt,
1551 1117 1620 1145 nihil
1635 1118 1663 1145 in
1679 1125 1743 1153 pre-

957 1160 996 1189 tio
1007 1161 1108 1189 habere
1120 1162 1218 1197 possit.

990 1216 1035 1245 25.
1049 1217 1099 1246 Cui
1115 1223 1190 1246 certo
1202 1226 1361 1254 persuasum
1377 1218 1424 1251 sit,
1442 1218 1567 1247 divinum
1584 1226 1644 1247 esse
1666 1226 1742 1247 man-

956 1263 1051 1291 datum
1077 1265 1269 1301 corporalibus
1297 1266 1451 1294 secundum
1478 1267 1566 1302 legem
1598 1267 1741 1302 indulgere

956 1307 1074 1341 deliciis,
1089 1312 1219 1344 tanquam
1240 1311 1289 1338 Dei
1313 1311 1416 1338 dOnum
1434 1319 1496 1339 cum
1514 1311 1615 1347 gaudio
1637 1311 1742 1338 ventris

956 1353 1105 1389 ingluviem
1118 1354 1146 1381 in
1156 1355 1257 1382 sociam
1271 1356 1333 1383 vitae
1350 1356 1484 1384 rationem
1501 1358 1626 1389 assumit,
1638 1364 1670 1383 ex
1687 1364 1740 1392 qua

956 1398 1053 1427 modos
1069 1408 1215 1436 moresque
1233 1409 1283 1436 per
1304 1401 1439 1433 abusum.
1456 1410 1586 1430 sensuum
1601 1403 1740 1437 operatio—

955 1453 1018 1473 nem
1035 1446 1211 1481 inquinantes
1222 1447 1318 1483 gignit.

989 1503 1034 1531 26.
1049 1503 1118 1532 Cum
1129 1504 1214 1531 animi
1229 1504 1271 1532 vis
1282 1505 1484 1540 contemplandi
1500 1505 1599 1537 solers,
1612 1505 1741 1539 volupta-

115 1544 171 1580 φὴν
191 1543 260 1571 κατὰ
281 1543 326 1569 τὸν
343 1543 371 1569 ὲν
389 1543 535 1578 γράμματι
549 1542 630 1577 νόμον
643 1542 680 1574 ὡς
701 1542 776 1569 θείαν
794 1542 837 1569 διὰ
852 1543 902 1578 τὴν

957 1552 1010 1576 tem
1025 1556 1060 1577 ex
1070 1548 1139 1584 legis
1152 1549 1245 1577 littera
1256 1553 1387 1584 tanquam
1403 1549 1524 1576 divinam
1536 1554 1651 1585 propter
1664 1558 1740 1577 nian-

114 1589 227 1623 ἐντολὴν
243 1589 398 1623 ἀσπάσηται
416 1587 484 1624 πρὸς
504 1588 663 1623 συμϐίωσιν,
678 1588 727 1623 τὴν
742 1587 795 1614 τῶν
807 1588 903 1624 αἰσθή-

115 1645 187 1663 σεων
201 1635 276 1670 παρὰ
293 1634 373 1669 φύσιν
389 1634 548 1670 μετέρχεται
562 1635 669 1670 χρῆσιν,
686 1634 821 1670 μηδεμιᾶς
839 1642 904 1668 συγ-

114 1680 224 1717 χωροῦν
251 1680 322 1707 κατὰ
346 1679 427 1715 φύσιν
453 1679 644 1714 διαφαίνεσθαι
662 1679 710 1715 τὴν
735 1673 833 1715 χρῆσιν
852 1679 901 1714 τῆς

116 1726 269 1762 ἐνεργείας.
285 1726 369 1762 Γεννᾷ
385 1725 440 1761 γὰρ
459 1726 508 1761 τήν
531 1733 561 1752 τε
582 1725 636 1751 τῶν
662 1724 757 1752 παθῶν
775 1725 831 1758 ἕξιν
856 1725 903 1752 καὶ

113 1772 166 1807 τὴν
176 1771 329 1808 ἐνέργειαν,
339 1772 385 1798 καὶ
396 1771 433 1803 ὡς
447 1771 521 1798 οείαν
534 1769 708 1802 είσοικίζεται
723 1770 772 1806 τὴν
789 1779 901 1805 γαστρι-

115 1817 249 1854 μαργίαν,
276 1817 345 1853 πρὸς
362 1817 470 1851 γένεσιν
489 1815 543 1843 τῶν
561 1816 745 1851 ρυπαινόντων
766 1816 799 1851 τῇ
813 1824 903 1851 παρα-

113 1864 212 1900 χρήσει
230 1863 279 1895 τὰς
305 1863 444 1898 αἰσθήσεις
462 1862 580 1898 τρόπων,
601 1861 640 1894 εἰς
655 1861 794 1897 ἀναίρεσιν
806 1861 860 1888 τῶν
873 1861 903 1887 ἐν

112 1910 172 1940 τοῖς
185 1907 244 1936 οὖσι
257 1908 379 1944 φυσικῶν
391 1909 477 1943 λόγων
487 1916 516 1934 τε
528 1907 574 1934 καὶ
585 1906 761 1942 σπερμάτων.

151 1964 203 1997 κζ’.
229 1964 322 1996 Οὐδεὶς
349 1964 418 2000 μόνῃ
442 1963 617 2000 προσανέχων
635 1964 668 1999 τῇ
687 1964 829 1998 σωματικῇ
855 1961 902 1989 τοῦ

113 2011 200 2046 νόμου
215 2010 337 2046 λατρεία,
353 2009 467 2045 φυσικὸν
485 2009 647 2045 τοπαράπαν
664 2009 764 2036 δύναιτ’
790 2008 823 2037 ἃν
849 2017 902 2034 πα-

114 2056 278 2094 ραδέξασθαι
293 2057 371 2091 λόγον
387 2057 403 2091 ἢ
421 2056 560 2092 λογισμὸν,
573 2057 615 2084 ὅτι
630 2055 702 2092 μηδὲ,
712 2056 818 2090 πέφυκε
835 2063 902 2082 ταυα

113 2106 162 2133 τὸν
174 2103 245 2132 εἶναι
265 2106 298 2141 τῇ
313 2105 393 2140 φύσει
405 2104 440 2131 τὰ
453 2103 585 2140 σύμϐολα.
604 2104 632 2130 '0
645 2104 700 2140 γὰρ
719 2103 774 2134 τοῖς
802 2102 904 2138 συμϐό-

113 2152 173 2183 λοις
193 2151 368 2187 ἐναπομάνων
389 2150 436 2177 τοῦ
451 2150 545 2184 νόμου,
561 2150 592 2176 οὺ
608 2149 718 2176 δύναται
739 2148 811 2175 κατὰ
824 2148 902 2182 λόγον

112 2199 167 2234 τὴν
179 2198 233 2224 τῶν
247 2197 332 2224 ὄντων
344 2197 425 2232 φύσιν
436 2197 513 2232 ὀρᾷν,
530 2196 577 2222 καὶ
590 2197 653 2227 τοὺς
663 2195 791 2226 τεθέντας
804 2194 902 2221 οὺσιω-

112 2244 170 2275 δῶς
182 2244 235 2270 ὑπὸ
247 2243 294 2270 τοῦ
307 2242 473 2278 δημιουργοῦ
484 2243 541 2273 τοῖς
553 2239 612 2269 οὖσι
639 2241 734 2275 λόγους
754 2240 903 2275 περιποιεί-

113 2290 190 2321 σθαι,
202 2290 246 2316 διὰ
255 2290 286 2316 τὸ
294 2289 348 2316 τῶν
359 2289 498 2321 συμϐόλων
512 2289 579 2323 πρὸς
594 2287 644 2323 τὴν
660 2287 714 2314 τῶν
727 2285 809 2313 ὄντων
824 2286 903 2321 φύσιν

112 2337 253 2371 διάφορον.
630 2369 632 2371 _

151 2395 205 2427 κη’.
237 2392 265 2419 'U
286 2391 352 2418 Θεὸν
371 2391 420 2427 τὴν
445 2390 548 2418 κοιλίαν
561 2390 721 2426 ἡγούμενος,
737 2388 784 2416 καὶ
801 2388 839 2419 ὡς
858 2388 903 2414 ἐπὶ

111 2439 180 2475 δόξῃ
204 2439 238 2473 τῇ
263 2438 377 2474 αἰσχύνῃ
401 2437 644 2472 καλλωπιζόμενος,
677 2435 764 2470 μόνων
783 2432 851 2460 oi.st
866 2433 904 2465 ὡς

113 2485 196 2511 θείων
214 2484 374 2519 ἀντέχεσθαι
393 2484 438 2510 διὰ.
461 2483 581 2517 σπουδῆς
602 2482 656 2508 τῶν
672 2481 766 2508 παθῶν
780 2481 828 2515 τῆς
843 2481 903 2508 άτι-

113 2530 202 2565 μίας·
227 2530 275 2556 καὶ
299 2529 343 2556 διὰ
369 2528 448 2556 τοῦτο
468 2529 539 2564 μόνα
566 2527 693 2563 περιέπει
718 2526 753 2553 τά
778 2527 902 2562 χρονικὰ,

111 2575 240 2602 τουτέστι
255 2576 304 2611 τὴν
320 2575 386 2611 ὓλην
404 2575 451 2602 καὶ
466 2575 497 2601 τδ
512 2573 592 2607 εἶδος,
608 2573 655 2600 καὶ
667 2573 716 2609 τὴν
730 2573 801 2600 κατὰ
814 2572 903 2608 παρά-

111 2627 214 2656 χρησιν
241 2619 398 2654 πενταπλῆν
427 2617 566 2654 ἐνέργειαν
592 2617 648 2644 τῶν
675 2617 837 2652 αἰσθήσεων.
864 2616 903 2652 Τῇ

112 2666 170 2700 γὰρ
199 2664 250 2700 ὕλῃ
272 2666 319 2692 καὶ
341 2664 381 2700 τῷ
404 2664 471 2691 εῖδει
498 2662 691 2698 συμπλακεῖσα
712 2662 782 2689 κατὰ
798 2661 871 2698 μίξιν
886 2663 904 2697 ή

111 2711 255 2744 αἴσθησις,
275 2711 415 2738 ἀποτελεῖν
439 2711 488 2746 μὲν
512 2709 607 2741 πάθος,
622 2709 791 2735 άπεκτείνειν
809 2708 836 2735 δὲ
857 2707 904 2734 καὶ

112 2758 236 2790 ἀναιρεῖν
249 2757 312 2788 τοὺς
325 2757 394 2783 κατὰ
405 2755 487 2790 φύσιν
499 2756 604 2790 πέφυκε
623 2753 729 2788 λόγους.
745 2754 834 2786 Πάθος
851 2755 904 2790 γὰρ

113 2804 160 2830 καὶ
184 2802 267 2837 φύσις
286 2802 356 2828 κατὰ
375 2802 420 2828 τὸν
439 2800 486 2828 τοῦ
510 2799 580 2828 εἶναι
606 2800 696 2834 λόγον,
715 2799 839 2835 οὐδαμῶς
856 2800 904 2827 ἁλ-

110 2849 205 2883 λήλοις
223 2848 451 2884 συνυπάρχουσιν.
470 2848 507 2875 Οὐ
532 2847 586 2883 γὰρ
616 2847 721 2882 thum
745 2846 825 2874 πάθει
841 2855 904 2875 συν-

954 1595 1049 1622 datum
1064 1595 1092 1622 in
1109 1595 1212 1622 50ciam
1227 1595 1290 1623 vitae
1309 1596 1445 1623 rationem
1459 1595 1582 1630 proclive
1599 1595 1739 1628 asciverit,

954 1639 1137 1667 innaturalem
1164 1647 1295 1667 sensuum
1322 1647 1402 1667 usum
1421 1640 1505 1672 colit,
1533 1640 1602 1668 nihil
1630 1641 1738 1676 reipsa,

954 1684 1089 1720 quidquid
1104 1690 1195 1720 agant,
1212 1692 1246 1712 ex
1269 1689 1374 1713 natura:
1395 1685 1551 1713 rationibus
1573 1685 1684 1713 elucere
1701 1687 1739 1713 si-

953 1738 1032 1758 nens.
1050 1730 1143 1765 Gignit
1153 1730 1226 1757 enim
1235 1730 1366 1757 vitiorum
1378 1737 1410 1757 ac
1427 1730 1664 1765 perturbationum
1676 1739 1739 1759 cum

954 1776 1078 1804 habitum
1092 1780 1150 1803 tum
1166 1779 1274 1808 actum;
1298 1782 1331 1802 ac
1352 1776 1429 1803 velut
1453 1776 1574 1803 divinam
1588 1796 1596 1809 ,
1616 1777 1737 1812 coniugii

950 1823 1013 1857 jure
1031 1822 1120 1858 gulam
1134 1821 1220 1854 ducit,
1239 1821 1312 1849 unde
1327 1829 1419 1849 mores
1432 1822 1584 1857 modosque
1605 1823 1738 1858 suscipiat

953 1876 1003 1903 per
1016 1868 1132 1896 abusum
1152 1875 1250 1895 sensus
1266 1867 1430 1902 polluentes,
1444 1868 1527 1904 616
1546 1876 1664 1903 quorum
1677 1869 1738 1897 labe

953 1913 1092 1941 naturales
1111 1912 1140 1940 in
1156 1912 1239 1941 rebus
1260 1913 1383 1941 rationes
1402 1913 1562 1949 seminaque
1585 1913 1737 1942 interimat.

987 1971 1032 1999 27.
1054 1970 1106 2004 Qui
1117 1971 1168 1999 soli
1183 1971 1320 2006 corporali
1331 1970 1400 2006 legis
1412 1971 1497 1999 cultui
1517 1971 1639 2008 animum
1659 1972 1739 2000 adhi-

953 2018 1010 2049 bet,
1025 2017 1179 2044 naturalem
1191 2017 1305 2045 omnino
1321 2017 1455 2044 rationem
1475 2021 1524 2044 aut
1544 2018 1739 2052 cogitationem

953 2070 1120 2097 sensumque
1135 2062 1219 2090 animi
1231 2067 1262 2089 ut
1273 2062 1398 2097 recipiat,
1412 2062 1471 2090 θοή
1488 2071 1544 2090 non
1557 2068 1664 2098 potest;
1676 2073 1738 2092 cum

953 2114 1044 2142 neque
1065 2111 1251 2142 comparatum
1271 2107 1316 2140 sit,
1330 2111 1359 2135 ut
1371 2107 1493 2143 symbola
1515 2108 1633 2143 idipsum
1645 2117 1678 2136 ac
1693 2117 1740 2136 na-

954 2157 1015 2179 tura
1030 2152 1095 2180 sint.
1115 2151 1167 2185 Qui
1181 2151 1256 2179 enim
1271 2151 1340 2188 legis
1357 2151 1488 2188 symbolis
1506 2153 1678 2185 immoratur,
1696 2161 1740 2181 re-

955 2205 1017 2225 rum
1032 2201 1172 2230 naturam,
1188 2197 1226 2225 ita
1244 2202 1276 2224 ut
1295 2197 1402 2225 ratione
1418 2202 1606 2232 comparatum
1621 2202 1672 2230 est,
1694 2199 1738 2226 lu-

955 2248 1044 2272 strare
1062 2251 1116 2271 non
1138 2248 1237 2278 potest,
1250 2251 1302 2271 nec
1318 2244 1503 2271 essentialiter
1517 2252 1531 2271 a
1548 2243 1678 2272 Creatore
1699 2244 1740 2272 in¢

954 2289 1027 2317 ditas
1047 2289 1131 2317 rebus
1148 2289 1268 2316 rationes
1282 2289 1429 2320 asciscere,
1455 2289 1490 2316 ob
1502 2290 1650 2318 discrimen
1666 2291 1739 2325 quod

955 2335 1027 2362 inter
1041 2334 1163 2370 symbol:
1178 2341 1326 2369 rerumque
1337 2339 1465 2362 naturam
1481 2340 1533 2361 est.

989 2390 1033 2417 28.
1047 2390 1098 2423 Qui
1109 2394 1233 2418 ventrem
1242 2391 1327 2418 Deum
1347 2398 1407 2418 esse
1423 2391 1571 2425 existimat,
1592 2399 1624 2420 ac
1640 2391 1739 2420 confu~

954 2436 1032 2463 sione
1045 2435 1204 2471 probroque
1218 2436 1353 2472 gloriatur
1364 2440 1395 2463 ut
1407 2436 1552 2472 magniﬁco
1569 2438 1663 2473 gloria
1675 2438 1740 2465 titu—

954 2481 991 2515 lo,
1017 2483 1091 2509 solos
1113 2481 1191 2509 novit
1214 2485 1344 2517 tanquam
1370 2482 1480 2510 divinos
1501 2483 1575 2510 serio
1594 2483 1738 2518 complecti

955 2527 1182 2563 probrosissimos
1191 2527 1307 2555 aﬂectus
1318 2528 1438 2563 vitioque
1456 2538 1462 2555 :
1473 2529 1593 2564 binaque
1607 2529 1676 2556 adeo
1685 2535 1737 2562 est,

956 2581 985 2601 ut
1000 2574 1057 2601 sola
1074 2577 1153 2601 curet
1168 2574 1296 2608 colatque
1313 2578 1508 2609 temporanea;
1525 2576 1667 2603 materiam
1685 2576 1740 2602 sci-

954 2618 1020 2646 licet
1034 2621 1063 2645 et
1089 2617 1216 2650 formam,
1246 2621 1348 2652 etquae
1369 2617 1455 2645 abusu
1472 2621 1589 2650 constat,
1616 2617 1740 2653 quinque

955 2663 1082 2699 partibus
1106 2663 1222 2690 divisam
1246 2670 1377 2690 sensuum
1404 2663 1604 2698 operationem.
1640 2662 1739 2690 Sensui

955 2710 1029 2737 enim
1042 2709 1163 2736 materiae
1175 2709 1324 2743 formatque
1341 2709 1507 2743 complicato
1528 2715 1609 2743 atque
1622 2708 1739 2735 commi-

956 2760 998 2783 sto
1014 2758 1204 2789 comparatum
1221 2759 1262 2782 est
1275 2774 1282 2785 ,
1302 2758 1331 2781 ut
1351 2754 1474 2781 libidinis
1491 2753 1607 2788 \‘itiiquc
1628 2759 1738 2787 parens,

955 2801 1094 2829 naturales
1109 2800 1232 2828 rationes
1246 2800 1370 2828 sublatas
1389 2800 1505 2827 velit‘ac
1520 2799 1671 2826 interimat.
1690 2798 1739 2826 Vi-

958 2848 1026 2874 tium
1041 2846 1114 2874 enim
1125 2867 1132 2880 ,
1154 2853 1202 2875 seu
1219 2845 1306 2874 libido
1328 2851 1355 2874 et
1376 2846 1549 2881 perturbatio
1560 2866 1567 2879 ,
1584 2849 1739 2879 murraque
