1916 3076
153 172 222 206 ιπθ

732 169 763 198 S.
783 167 929 199 MAXIM!
945 166 1201 198 CONFESSORIS

1716 165 1784 198 ΒΜ

153 227 249 262 tionls)
261 230 391 261 tanquam
401 222 492 252 Saulis
507 222 579 251 ﬁlios
596 229 628 251 ac
640 223 800 259 nepotes",
814 221 948 249 naturalis
963 243 966 251 κ

1018 221 1050 257 ῆς
1069 222 1189 258 φυσικῆς
1203 222 1232 249 ιν
1246 221 1315 258 ιρει,
1326 224 1360 258 τῇ
1375 222 1429 250 τῶν
1444 221 1525 250 Θείων
1534 222 1675 258 ἀναγωγῇκ
1687 221 1784 256 λογίων

153 271 350 309 speculationis
382 278 450 306 ope.
479 270 556 297 velut
586 270 614 297 in
642 274 737 297 monte
767 268 947 305 (divinorum

154 319 261 356 scilicet
275 317 459 357 geloquiorum
485 315 576 343 altiori
592 320 621 343 et
645 323 661 343 a
692 323 775 343 sensu
805 313 949 341 remotiori

155 363 361 399 intelligentia)
388 362 548 394 deleamus;
580 361 602 389 si
620 361 703 389 modo
728 361 822 389 divina
855 359 949 387 satiari

154 410 243 445 gratia
257 409 456 436 desideramus.
668 416 671 419 ·

189 453 235 483 57.
253 453 367 480 Veritati
393 453 523 488 injuriam
547 452 654 480 faciunt
672 459 728 479 tum
756 451 812 484 lex,
839 458 901 486 quae
916 458 951 478 ex

156 499 213 526 sola
229 499 330 526 litterae
345 499 452 526 ratione
466 498 645 533 intelligatur,
662 503 720 525 tum
735 497 815 533 plebs
825 497 950 530 Judaica,

157 551 189 571 ac
197 544 219 572 si
230 544 294 579 quis
303 544 403 571 horum
414 544 506 572 animo
519 544 622 572 assecla
636 544 762 577 exsistit;
775 543 835 572 sola
846 543 953 571 scilicet

158 589 253 617 littera
266 589 322 616 vim
341 589 409 625 legis
423 589 570 622 deﬁniens,
587 597 640 618 nec
657 589 692 616 ad
711 589 836 625 mysticae
859 589 887 616 in
907 588 954 615 lit-

161 641 221 664 tera
246 637 361 664 occultae
391 636 514 664 scientia:
545 636 773 668 declarationem,
797 635 953 663 naturalem

162 682 378 717 speculationem
394 683 523 717 (mediam
540 682 647 710 scilicet
664 682 736 709 inter
749 681 851 717 ﬁguras
867 686 953 709 etve-

163 728 285 763 ritatem)
312 736 469 762 assumens;
487 736 549 763 qua:
574 735 623 755 eos
653 727 700 762 qui
725 727 910 755 instituuntur
938 734 955 754 a

164 773 259 808 ﬁguris
270 772 443 806 adducendo,
460 772 495 801 ad
511 773 655 800 veritatem
670 771 785 799 reducat
802 780 809 798 :
823 771 956 799 sedvelnt

162 825 224 845 eam
255 825 370 853 prorsus
392 825 515 852 negans,
535 821 564 845 et
585 825 601 844 a
625 817 783 844 divinorum
812 815 957 844 secretiori

163 862 292 890 doctrina
314 862 471 890 initiatione
494 862 576 898 longe
597 861 758 889 amandans.
780 860 864 896 619
880 860 957 888 Hanc

165 907 249 943 igitur
262 908 435 943 corporalem
451 916 484 941 ac
507 912 713 942 tcmporaneam
734 906 804 941 legis
819 906 956 940 acceptio-
973 902 994 930 Β

164 959 239 983 nem,
257 952 335 980 velut
349 953 466 988 tempori
479 952 629 980 obnoxiam
643 951 812 986 ﬁuxamque,
830 951 910 986 quasi
929 951 957 979 in

165 1002 270 1030 monte,
286 998 315 1025 in
330 998 454 1026 scientia:
466 998 648 1030 sublimitate,
660 1005 710 1032 per
723 997 878 1024 naturalem
895 1004 958 1032 spe-

165 1044 331 1074 culationem
354 1044 515 1071 interimant
534 1051 647 1070 necesse
661 1047 715 1075 est,
736 1043 783 1078 qui
800 1042 959 1070 divinorum

165 1090 386 1126 spectaculorum
403 1097 606 1125 sensorumque
626 1089 716 1116 seduli
734 1093 872 1116 amatores
884 1089 957 1117 exsi-

166 1141 251 1164 stant.

199 1183 245 1211 38.
257 1183 435 1219 Corporalem
447 1183 597 1218 Scriptura;
612 1182 823 1218 intelligentiam
845 1189 960 1218 prorsus

167 1228 269 1263 abolet,
284 1229 331 1264 qui
340 1229 459 1257 actionis
470 1229 545 1257 cultu
559 1236 608 1263 per
627 1229 780 1256 naturalem
791 1229 961 1264 speculatio-

168 1283 230 1303 nem
243 1275 366 1310 perimit,
381 1283 443 1311 quze
455 1283 490 1302 ex
507 1274 568 1310 lege
591 1275 695 1310 scripta
710 1276 809 1303 animat
833 1275 960 1307 inolevit,

167 1321 344 1349 libidinosam
354 1329 386 1348 ac
403 1328 551 1356 corporum
566 1325 715 1354 amantem,
726 1329 790 1357 erga
807 1319 962 1349 instabilem

169 1368 325 1404 ﬁuxamque
334 1368 480 1397 materiam
491 1368 726 1396 necessitudinem
734 1375 766 1396 ac
777 1367 962 1400 aﬁ‘ectionem;

169 1414 246 1441 velut
259 1413 390 1440 nimirum
413 1412 506 1441 Saulis
531 1413 602 1440 ﬁlios
625 1421 658 1440 ac
681 1417 809 1448 nepotes,
827 1412 963 1440 humilem

170 1460 240 1495 legis
264 1459 485 1495 intelligentiam,
511 1459 603 1486 media
620 1459 739 1487 naturali
765 1458 963 1494 speculatione,

172 1510 301 1539 tanquam
330 1505 359 1532 in
389 1509 499 1537 monte,
520 1504 549 1531 in
581 1504 704 1532 scientiae
740 1505 815 1532 celso
839 1503 963 1537 vertice,

169 1550 314 1586 jugulans;
332 1549 562 1585 manifestamque
577 1550 648 1584 apud
662 1550 822 1582 Dominum,
835 1549 963 1584 superio-

172 1604 232 1624 rem
246 1596 315 1632 legis
327 1596 517 1631 acceptionem
535 1596 645 1631 corpori
658 1595 902 1631 indulgentiorem,
915 1603 965 1630 per

173 1642 375 1670 confessionem
392 1641 506 1670 faciens.
530 1641 588 1669 Hoc
615 1642 688 1669 enim
711 1641 844 1669 studiosis
872 1649 966 1669 rerum

175 1687 383 1723 indagatoribus
394 1696 428 1715 ex
445 1688 501 1715 illis
511 1688 604 1715 verbis
624 1688 778 1723 intelligere
801 1687 884 1714 liceat
901 1696 916 1714 ςρ
926 1686 968 1714 Ad

174 1733 257 1761 solem
271 1741 402 1768 exponere
412 1738 474 1761 ante
485 1733 639 1761 Dominum.
651 1733 684 1761 Et
697 1734 731 1760 ad
745 1733 826 1760 solem
842 1741 967 1768 exposue-

176 1782 239 1809 runt
253 1787 307 1811 eos,
323 1779 423 1814 inquit,
439 1780 467 1806 in
480 1784 567 1806 monte
582 1784 645 1807 ante
656 1780 798 1807 Dominum
809 1780 831 1796 "
845 1789 852 1807 :
869 1787 968 1815 nempe

178 1824 206 1852 in
227 1824 317 1852 lucem
328 1825 514 1859 producentes
527 1825 588 1860 (per
606 1826 750 1854 scientiam
773 1826 890 1861 scilicet)
906 1833 970 1860 qua:

179 1877 212 1899 cx
227 1869 325 1898 litterae
347 1871 454 1899 ratione
469 1875 512 1898 est
540 1871 634 1905 illique
649 1870 782 1903 adhaeret,
804 1876 968 1906 occupatam

178 1915 280 1943 maris
298 1915 456 1950 opinionem
475 1924 482 1942 :
499 1916 572 1951 quod
593 1921 637 1944 est
654 1920 809 1943 emcrtuam
837 1916 904 1951 legis
924 1916 970 1943 Iit-

180 1965 266 1988 Ieram
295 1969 345 1996 per
372 1961 518 1989 scientiam
560 1960 589 1988 in
615 1961 714 1996 spiritu
736 1961 776 1998 (in
801 1961 971 1990 sublimitate

180 2006 390 2042 speculationis)
402 2007 592 2035 manifestare.

216 2051 262 2080 59.
281 2051 394 2086 Littera,
411 2052 511 2088 inquit,
526 2052 638 2085 occidit;
652 2052 761 2088 spiritus
783 2056 873 2079 autem
887 2051 973 2086 uiuiﬁ-

181 2101 225 2126 αιι
234 2098 268 2125 ⁸⁸.
282 2098 467 2132 Quamobrem
483 2099 528 2126 cui
540 2098 577 2126 ita
591 2101 781 2135 comparatum
795 2101 838 2125 est
848 2102 880 2125 ut
895 2097 972 2125 occi-

183 2142 241 2176 dat,
269 2143 413 2172 occidatur
438 2151 553 2171 necesse
581 2148 623 2172 est
644 2143 755 2172 viviﬁco
780 2144 892 2179 spiritu.
911 2143 971 2172 Una

183 2189 258 2216 enim
274 2188 356 2216 simul
367 2189 395 2215 in
407 2193 471 2215 actu
481 2187 626 2221 exsistere,
640 2189 714 2223 quod
725 2188 793 2224 legis
808 2196 972 2224 corporeum

183 2238 229 2263 est
245 2234 357 2269 etquod
372 2234 497 2261 divinum
514 2234 644 2270 (litteram
659 2233 766 2262 scilicet
788 2239 816 2262 et
833 2233 973 2270 spiritum)

185 2279 298 2308 cumino
323 2279 383 2307 ﬁeri
400 2287 456 2307 non
481 2283 593 2315 potest:
614 2280 689 2316 quod
706 2288 797 2316 neque
819 2280 976 2309 consentire

186 2325 314 2358 habeant,
329 2325 404 2361 quod
420 2330 518 2354 natura
535 2326 620 2357 vitam
634 2327 748 2362 praebet,
772 2331 800 2355 et
821 2326 895 2362 quod
914 2334 976 2354 eam

187 2375 278 2406 potest
291 2371 421 2400 adimere.

224 2417 269 2444 40.
285 2417 324 2445 Ea
343 2418 371 2445 vi
396 2417 511 2453 spiritus
534 2417 668 2453 praeditus
682 2421 735 2450 est,
748 2422 780 2445 ut
801 2417 887 2445 vitam
910 2424 980 2452 pra:-

188 2463 269 2496 beat;
286 2463 379 2491 littera
393 2471 460 2491 vero
471 2483 478 2496 ,
498 2467 529 2490 ut
542 2471 603 2491 eam
625 2463 738 2491 adimat.
760 2463 821 2491 Non
838 2470 904 2498 ergo
920 2461 980 2490 ﬁeri

189 2513 291 2544 potest,
306 2514 338 2536 ut
353 2509 435 2537 simul
460 2509 550 2536 littera
564 2517 597 2536 ac
604 2509 719 2545 spiritus
739 2509 795 2535 vim
818 2511 932 2536 exerant
948 2514 981 2535 ac

190 2558 360 2590 operentur,
376 2555 417 2582 uti
440 2562 532 2589 neque
551 2559 583 2582 ut
596 2554 671 2589 quod
698 2552 838 2582 vivitlcum
862 2557 891 2581 et
906 2551 980 2588 quod

191 2599 332 2630 letiferum
343 2603 387 2627 est
398 2607 453 2626 uua
469 2599 613 2627 exsistant.

227 2678 251 2694 ⁸⁸
268 2677 291 2706 ΙΙ
307 2678 375 2714 Reg.
392 2685 447 2710 ut,
465 2677 478 2705 1
495 2684 571 2712 seqq.

231 2745 270 2806 ad)
285 2744 428 2779 Πράττειν
447 2743 522 2770 κατὰ
548 2742 583 2770 τὸ
608 2742 691 2769 αὐτό.
707 2740 785 2775 Quod
805 2747 871 2768 sane
892 2745 981 2780 exque

231 2795 232 2800 η
246 2780 370 2806 losonhia
383 2779 486 2806 ontime
502 2778 602 2805 extulit
615 2777 760 2806 Maximus.
773 2783 828 2803 non
846 2782 928 2806 posse
941 2781 981 2801 stc

197 2777 370 2819 philosophia
383 2779 486 2819 optime
502 2778 602 2819 extulit
615 2777 760 2819 Maximus,
773 2783 828 2819 non
841 2777 983 2819 possesi‘c

199 2809 337 2841 contraria
350 2809 502 2841 sect'mdum
517 2813 602 2844 idem,
617 2811 645 2839 id
661 2817 714 2844 est,
739 2811 820 2838 simul
836 2809 865 2837 et
885 2809 982 2842 semel,

197 2847 351 2882 eodemque
365 2848 446 2882 quasi
462 2855 578 2875 munere
591 2854 672 2882 agere
682 2866 689 2878 ,
717 2846 828 2882 vimque
841 2851 982 2882 exercere,

201 2880 321 2917 quorum
336 2880 465 2916 alterum,
478 2882 560 2917 vita;
578 2880 706 2915 alterum,
723 2880 894 2909 interitionis
909 2886 984 2907 mor-

611 2676 631 2691 "
651 2675 719 2703 ibid.
734 2674 760 2702 9.
800 2674 823 2690 "
837 2673 860 2701 ll
870 2672 934 2701 Cor.
950 2680 989 2705 ιιι,
1005 2672 1032 2699 7.

999 267 1132 302 ἀφανίσαι
1147 268 1275 304 θεωρίας,
1289 268 1317 295 εῐ
1327 276 1386 302 πως
1404 268 1593 304 ἐμφορηθῆναι
1616 268 1692 300 Θείας
1713 268 1787 303 ἐφιέ-

1001 314 1072 349 μεθα
1082 314 1204 349 χάριτος.

1036 453 1086 485 λζ’.
1112 453 1212 481 Ἀδικεῖ
1232 453 1282 488 τὴν
1301 453 1432 490 ἀλήθειαν
1447 454 1461 481 ὃ
1476 462 1507 480 τε
1532 453 1614 489 νόμος
1626 453 1697 481 κατὰ
1712 453 1792 488 μόνον

1002 498 1032 526 τὸ
1047 499 1164 535 γράμμα
1177 498 1331 534 νοούμενος,
1347 499 1395 525 καὶ
1409 500 1424 525 ὁ
1435 498 1489 525 τῶν
1507 498 1643 525 Ἰουδαίων
1655 498 1730 530 λαὸς,
1746 499 1793 524 καὶ

1003 545 1030 572 εί
1041 553 1082 577 τις
1093 545 1205 572 ἐκείνων
1221 545 1338 580 ὑπάρχει
1355 544 1425 571 κατὰ
1438 544 1557 571 διάνοιαν
1573 543 1705 579 μιμητὴς,
1720 544 1794 579 μόνῳ

1003 591 1042 627 τῷ
1055 591 1201 627 γράμματι
1217 591 1397 626 περιγράφων
1416 590 1462 617 τοῦ
1489 589 1573 625 νόμου
1594 589 1643 625 τὴν
1665 589 1793 624 δύναμιν,

1004 638 1051 665 καὶ
1067 637 1104 673 μὴ
1116 637 1262 672 δεχόμενος
1276 637 1343 672 πρὸς
1360 638 1409 672 τὴν
1424 636 1578 672 φανέρωσιν
1593 635 1644 671 τῆς
1661 635 1795 670 μυστικῆς

1005 683 1238 719 ὲγκεκρυμμένης
1256 683 1295 719 τῷ
1308 683 1454 719 γράμματι
1475 682 1602 716 γνώσεως
1616 682 1665 717 τὴν
1679 681 1796 716 φυσικὴν

1006 729 1133 766 Θεωρίαν,
1155 729 1242 764 μισ-ην
1261 729 1437 764 ὑπάρχουσαν
1454 727 1548 755 τύπων
1569 728 1616 754 καὶ
1638 727 1772 762 ἀληθείας
1786 734 1794 742 ο

1005 775 1060 802 τῶν
1077 774 1136 810 μὲν,
1151 775 1214 806 τοὺς
1235 774 1386 809 ἀγομένους
1407 773 1578 808 ἁπάγσυσαν,
1602 771 1672 807 πρὸς
1694 772 1723 799 δὲ
1747 772 1796 808 τὴν

1006 821 1197 855 ἐπανάγουσιν
1212 829 1219 837 ·
1235 819 1292 846 ἀλλ’
1308 817 1364 846 οἷον
1373 819 1477 854 ταύτην
1488 819 1604 854 πάμπαν
1615 810 1793 854 ἀρνούμενος.

1008 868 1056 895 καὶ
1074 867 1124 902 τῆς
1140 867 1194 893 τῶν
1207 866 1287 893 θείων
1301 866 1386 902 αὐτὴν
1399 865 1452 898 ἔξω
1467 865 1630 900 ποίούμενος
1649 872 1796 900 μυσταγω-

1008 914 1081 948 γίας.
1096 912 1204 947 Ταύτην
1216 912 1360 948 τοιγαροῦν
1376 911 1429 947 χρὴ
1442 911 1489 938 τοῦ
1507 911 1590 946 νόμου
1604 911 1657 945 τὴν
1676 918 1796 944 σωματι-

1009 958 1062 994 κὴν
1083 958 1131 985 καὶ
1154 957 1321 992 πρόσκαιρον
1345 956 1470 992 ἐκδοχὴν,
1495 956 1533 988 ὡς
1562 955 1614 983 ὑπὸ
1632 954 1730 990 χρόνον
1752 954 1798 980 καὶ

1011 1005 1135 1040 ῥέουσαν,
1154 1003 1326 1030 ἀποκτείνειν
1347 1002 1392 1028 διὰ
1407 1002 1458 1037 τῆς
1477 1001 1598 1036 φυσικῆς
1616 1001 1748 1034 Θεωρίας,
1764 1000 1800 1031 ὡς

1009 1049 1039 1076 ὲν
1052 1049 1112 1084 ὅραι
1126 1048 1165 1083 τῷ
1177 1048 1240 1082 ὕψει
1251 1048 1300 1083 τῆς
1314 1045 1453 1082 γνώσεως,
1464 1046 1528 1078 τοὺς
1542 1045 1597 1073 τῶν
1608 1045 1691 1072 Θείων
1702 1045 1801 1079 ἐπιμι-

1011 1094 1096 1130 λητὰς
1113 1093 1268 1129 θεαμάτων.

1045 1181 1098 1218 λη’.
1118 1181 1171 1208 Τδν
1199 1180 1357 1216 σωματικὸν
1381 1180 1443 1207 νοῦν
1463 1179 1514 1214 τῆς
1533 1179 1648 1214 Γραφῆς
1675 1176 1803 1211 ἀφανίζει

1012 1227 1163 1260 παντελῶς,
1183 1226 1198 1252 ό
1213 1226 1313 1262 πράξει
1326 1226 1370 1253 διὰ
1383 1225 1434 1260 τῆς
1457 1223 1576 1260 φυσικῆς
1597 1222 1715 1259 θεωρίας
1737 1223 1803 1248 ἁπο-

1013 1273 1128 1301 κτεινων
1146 1271 1196 1308 τὴν
1216 1271 1366 1306 γενομένην
1383 1272 1415 1297 ὲκ
1429 1270 1476 1297 τοῦ
1491 1269 1613 1305 γροτιτοῦ
1625 1269 1721 1303 νόμου,
1737 1268 1804 1302 πρλς

1012 1317 1062 1353 τὴν
1071 1317 1188 1344 ἄστατον
1200 1316 1266 1352 ὕλην
1281 1316 1329 1342 καὶ
1355 1316 1471 1351 ῥέουσαν
1496 1316 1530 1350 τῇ
1558 1314 1633 1349 ψυχῇ
1664 1314 1805 1348 φιλήδονον

1014 1361 1107 1397 σχέσιν
1131 1361 1180 1387 καὶ
1206 1359 1408 1395 φιλοσώματον,
1432 1358 1632 1393 κατασφάττων
1658 1357 1698 1389 ὡς
1723 1359 1803 1383 τέκνα

1013 1405 1062 1432 τοῦ
1078 1404 1165 1432 Σαοὺλ
1178 1403 1225 1431 καὶ
1254 1404 1364 1438 ἔκγονα,
1386 1403 1435 1439 τὴν
1457 1402 1627 1438 χαμαίζηλον
1649 1402 1698 1428 τοῦ
1725 1401 1805 1436 νόμου

1014 1451 1146 1482 διάνοιαν,
1165 1449 1209 1476 διὰ
1232 1449 1318 1485 μέσης
1340 1449 1392 1483 τῆς
1416 1449 1534 1483 φυσικῆς
1561 1448 1692 1482 Θεωρίας,
1716 1447 1755 1478 ὡς
1778 1447 1807 1472 ὲν

1015 1494 1073 1530 ὄρει
1094 1493 1134 1529 τῷ
1153 1493 1216 1528 ὕψει
1233 1493 1284 1529 τῆς
1296 1493 1434 1527 γνώσεως,
1448 1492 1495 1518 καὶ
1509 1491 1632 1526 φανερὰν
1645 1491 1806 1523 ποιούμενος

1017 1540 1134 1568 ἐνώπιον
1167 1539 1281 1575 Κυρίου,
1313 1538 1347 1565 δι’
1372 1538 1593 1573 ὲξομολοτήσεως
1616 1536 1731 1572 δηλαδὴ,
1760 1536 1807 1570 τὴν

1018 1585 1084 1621 πρὸς
1101 1584 1181 1620 σῶμα
1203 1582 1251 1610 τοῦ
1266 1583 1350 1618 νόμου
1364 1581 1499 1618 προτέραν
1519 1580 1642 1615 ἐκδοχὴν.
1658 1579 1745 1606 Τοῦτο
1756 1581 1807 1615 γὰρ

1016 1631 1066 1663 τὸ,
1099 1629 1271 1664 Ἐεηλιὰσαι
1285 1648 1292 1661 ,
1322 1627 1442 1655 νοεῖσθαι
1466 1626 1578 1653 δύναται
1602 1627 1660 1657 τοῖς
1691 1625 1806 1661 φιλομα-

1018 1677 1104 1710 Θὲσιν,
1127 1677 1230 1704 ἔναντι
1266 1674 1389 1709 Κυρίου.
1406 1673 1463 1701 Καὶ
1490 1672 1660 1706 ἐξηλὶσσαν
1687 1671 1806 1703 αὐτοὺς,

1019 1723 1151 1758 φησὶν,ὲν
1168 1721 1209 1754 τῷ
1223 1721 1284 1756 ὄρει
1302 1718 1405 1747 Mra
1419 1719 1529 1753 Κυρίου
1542 1726 1549 1734 ·
1570 1718 1610 1749 είς
1624 1717 1684 1751 φῶς
1697 1717 1808 1750 ἀγαγόν-

1021 1777 1078 1801 τες,
1101 1767 1147 1794 διὰ
1166 1768 1216 1802 τῆς
1229 1765 1358 1801 γνώσεως
1370 1764 1483 1800 δηλαδὴ,
1497 1763 1547 1797 τὴν
1564 1762 1636 1789 κατὰ
1649 1761 1681 1788 τὸ
1694 1762 1807 1796 γράμμα

1020 1812 1234 1848 πεπλανημένην
1267 1810 1402 1846 πρόληψιν
1419 1818 1427 1825 ·
1456 1809 1525 1844 ὅπερ
1555 1807 1627 1838 ἐστὶ,
1656 1805 1807 1841 φανερῶσαι

1020 1859 1091 1888 κατὰ
1107 1859 1137 1886 τὸ
1153 1858 1220 1893 ὕψος
1233 1857 1283 1892 τῆς
1295 1856 1411 1890 Θεωρίας
1427 1855 1458 1882 τὸ
1469 1855 1588 1890 γράμμα
1600 1853 1648 1880 τοῦ
1667 1852 1753 1888 νόμου
1767 1859 1809 1878 νε-

1020 1904 1086 1940 κρὸν
1101 1902 1146 1932 διὰ
1157 1902 1207 1938 τῆς
1224 1903 1254 1929 ιν
1266 1901 1403 1936 πνεύματι
1415 1899 1551 1935 γνώσεως.

1056 2047 1106 2076 λΘ¹.
1127 2048 1162 2075 Τὸ
1173 2046 1301 2082 γράμμα,
1313 2044 1406 2080 φησὶν,
1422 2043 1592 2071 ἀποκτείνει
1607 2049 1615 2056 ·
1626 2041 1661 2068 τὸ
1671 2040 1705 2068 δὲ
1722 2039 1811 2067 πνεῦ-

1019 2103 1062 2130 μα
1076 2093 1218 2126 ζωοποιεῖ.
1232 2092 1278 2119 Διὸ
1289 2091 1343 2128 χρὴ
1365 2091 1396 2118 τδ
1414 2089 1584 2117 ἀποκτείνειν
1598 2087 1734 2122 πεφυκὸς,
1751 2087 1814 2113 ἀπο-

1023 2139 1178 2168 κτείνεσθαι
1200 2138 1336 2172 πνεύματι
1366 2136 1500 2170 ζωοποιῷ.
1536 2134 1729 2168 Συνυπάρχειν
1763 2131 1814 2166 γὰρ

1023 2186 1149 2222 ἀλλήλοις
1156 2185 1217 2212 κατ’
1234 2184 1375 2219 ὶνέργσιαν
1386 2183 1445 2217 ἅμα
1455 2180 1526 2208 κατὰ
1535 2180 1565 2206 τὺ
1575 2178 1642 2206 αὐτὸ
1652 2179 1683 2205 τὸ
1697 2185 1816 2212 σωματι-

990 2243 1013 2271 ι)
1027 2232 1075 2259 κδν
1089 2230 1137 2258 τοῦ
1156 2230 1240 2265 νόμου
1264 2229 1312 2255 καὶ
1327 2227 1359 2254 τὸ
1375 2227 1458 2258 Θεϊον,
1478 2226 1561 2261 ῆγουν
1580 2224 1612 2250 τὸ
1635 2223 1757 2271 γραμμα
1770 2221 1816 2248 καὶ

1026 2276 1057 2304 τὺ
1075 2275 1196 2311 πνεῦμα.
1219 2273 1361 2304 παντελῶς
1376 2272 1517 2307 ἀμήχανον
1530 2279 1538 2287 ·
1552 2270 1595 2297 ὅτι
1617 2268 1686 2304 μηδὲ
1702 2276 1816 2302 συμφω-

1027 2323 1082 2350 νεῖν
1106 2322 1212 2356 πέφυκε
1231 2319 1271 2354 τῷ
1287 2317 1468 2355 παρεχομένῳ
1486 2315 1561 2343 κατὰ
1582 2315 1665 2349 φύσιν
1686 2313 1769 2348 ζωὴν1
1788 2312 1818 2339 τὸ

1027 2367 1130 2402 ταύτην
1153 2364 1331 2401 ἀφαιρεῖσθαι
1347 2363 1507 2397 δυνάμενον.
1542 2386 1547 2391 ,

1066 2412 1104 2449 μ’.
1119 2412 1155 2438 Τὸ
1172 2411 1222 2446 μὲν
1234 2409 1354 2444 πνεῦμα,
1381 2408 1453 2442 ζωῆς
1480 2406 1598 2440 ὑπάρχει
1622 2402 1816 2449 “pennatis-

1028 2447 1109 2486 «est
1128 2457 1256 2493 γράμμα,
1274 2454 1349 2489 ζωῆς
1365 2455 1439 2480 ἔστιν
1455 2449 1645 2486 ἀφαιρετικόν.
1666 2447 1773 2476 οὐκοῦν
1789 2447 1818 2473 οὒ

1028 2505 1141 2533 δύναται
1151 2492 1204 2530 καὶ
1216 2502 1247 2528 τὸ
1260 2500 1379 2536 γράμμα
1391 2498 1523 2539 πράττειν
1541 2495 1614 2523 κατὰ
1636 2494 1668 2521 τὸ
1692 2493 1760 2539 αὒτρ
1782 2492 1819 2528 (tl)

1030 2549 1077 2577 καὶ
1093 2548 1123 2575 τὸ
1144 2546 1263 2582 πνεῦμα,
1279 2545 1375 2581 ὥσπερ
1393 2543 1454 2570 οὐδὲ
1475 2538 1654 2574 τδνζωοποιὸν
1668 2538 1708 2574 τῷ
1722 2538 1820 2574 φθορο-

1030 2593 1099 2630 ποιῷ
1114 2592 1307 2628 συνυπάρχειν.

1030 2737 1120 2772 tisqne
1132 2739 1230 2772 auctor
1237 2732 1388 2766 exsistant;
1399 2731 1478 2772 valde
1491 2728 1664 2772 ἁφιλοσᾴιηως
1678 2726 1765 2772 Picus
1771 2725 1820 2772 [ἵε

1031 2764 1129 2813 queunt
1138 2770 1290 2810 circajdem
1304 2764 1385 2803 agere
1397 2767 1496 2813 llittera
1517 2764 1820 2813 et

1032 2795 1274 2842 contrarioru
1279 2795 1441 2842 messentiaa
1455 2808 1488 2828 ac
1499 2795 1617 2842 rationis
1624 2795 1820 2842 negatio:

1033 2833 1110 2870 certe
1130 2840 1176 2868 illa
1196 2839 1271 2867 circa
1285 2838 1370 2871 idem,
1386 2837 1434 2866 sed
1447 2844 1503 2864 non
1520 2833 1614 2867 simul,
1630 2833 1678 2860 sed
1692 2838 1777 2859 unum
1787 2836 1817 2857 es

1033 2878 1089 2905 alio
1100 2879 1130 2904 et
1143 2874 1330 2904 successione.
