1916 3076
127 185 199 219 1365

482 189 648 220 CAPITUM
668 189 881 226 QUINQUIES
900 190 1160 221 CENTENORUM
1181 189 1376 220 CENTURIA
1394 189 1427 221 V.

1691 185 1758 218 1366

160 235 216 267 μα’.
225 232 361 268 Περιτομή
371 233 427 260 ἐστι
438 234 566 270 μυστικὴ,
575 235 622 270 τῆς
629 235 639 260 ὲ
645 234 770 270 μπαθοῦς
777 235 847 262 κατὰ
853 235 915 261 νοῦν

1002 235 1047 262 Μ.
1063 234 1175 271 Mystica
1192 233 1368 262 circumcisio
1385 236 1444 264 est,
1471 231 1552 266 plena
1575 237 1607 258 ac
1631 230 1758 258 absoluta

122 279 188 314 περὶ
197 279 248 313 τὴν
259 278 421 306 ἐπείσακτον
440 279 546 313 γένεσιν
572 280 606 316 (e)
627 281 758 316 σχέσεως,
780 282 913 317 παντελὴς

123 324 305 360 περιαίρεσις.
323 325 450 357 Φυσικῶς
467 326 521 362 γὰρ
537 327 731 359 ἐπιϐάλλοντες
746 329 804 360 τοῖς
823 329 913 364 πράγ-

125 380 220 406 μασιν,
251 370 364 406 οἴδαμεν
394 371 432 400 ὡς
458 372 508 399 οὐκ
533 372 591 399 ἔστι
617 373 756 408 τελειότης
773 375 790 409 ἡ
811 375 861 409 τῆς
881 375 914 401 ἐκ

121 414 191 442 Θεοῦ
218 415 291 442 κατὰ
321 415 402 448 φύσιν
428 415 587 452 ἀρτιότητος
607 417 790 452 περιαίρεσις.
805 419 841 445 θὺ
860 418 914 453 γὰρ

122 461 196 487 ποιεῖ
208 460 365 495 τελειότητα
380 460 461 495 φύσις
471 461 515 488 διὰ
528 462 627 497 τέχνης
646 462 842 499 κολοδουμένη.
866 463 914 490 καὶ

121 506 168 533 διὰ
184 506 334 542 περινοίας,
349 506 533 542 ἀποτιθεμένη
556 507 588 534 τὸ
610 508 711 543 προσὸν
735 509 802 545 αὐτῇ
823 509 914 536 θεόθεν

122 551 284 586 κατὰλόγον
303 551 497 588 δημιουργίας,
518 552 562 580 ἵνα
583 553 620 589 μὴ
640 553 689 588 τὴν
712 554 820 590 τέχνην,
846 555 914 581 Θεοῦ

123 597 194 633 πρὸς
210 597 355 632 βεῆαίωσιν
369 598 542 635 δικαιοσύνης
558 600 735 636 ἰσχυροτέραν
747 601 913 636 εἰσάγωμεν,

123 644 173 670 καὶ
190 643 239 679 τὴν
255 644 486 680 περινενοημένην
501 645 551 680 τῆς
568 646 678 679 φύσεως
699 645 829 681 ἔλλειψιν,
850 647 912 673 ἀνα-

122 688 302 724 πληρωτικὴν
324 688 468 724 ποιώμεθα
487 689 536 724 τῆς
562 689 591 716 ὲν
603 689 759 726 δικαιοσύνῃ
780 691 852 718 κατὰ
866 691 915 726 δη-

124 733 271 769 μιουργίαν
287 734 434 770 ἐλλείψεως
451 742 459 752 ο
478 735 536 762 ἀλλ’
551 736 584 762 ὲκ
601 737 651 771 τῆς
667 735 784 770 τοπικῆς
797 735 852 771 [qu.
869 735 914 769 65,

121 778 231 814 τυπικ.]
247 779 293 806 τοῦ
310 780 542 816 περιτεμνομένου
556 781 651 817 μορίου
663 781 774 814 θέσεως,
784 781 916 809 διδασκώ-

123 825 196 860 μεθα
215 825 352 852 ποιεῖσθαι
372 826 520 862 γνωμικῶς
543 825 618 862 [ίὸίά.
637 826 751 863 γνωστ.]
771 827 820 863 τὴν
832 836 913 862 περι-

121 871 210 906 τομὴν
226 872 276 906 τῆς
287 871 358 898 κατὰ
375 871 465 908 ψυχὴν
481 872 776 908 ὲμπαοοῦςδιαθέσεως
787 881 796 889 ·
811 873 870 900 καθ’
883 874 915 908 ἢν

124 917 227 952 μᾶλλον
238 919 270 953 τῇ
283 918 363 953 φύσει
377 918 534 954 συντρέχειν
547 919 564 954 ἡ
575 919 672 954 γνώμη
688 918 859 955 ῥυθμίζεται,
870 919 916 946 τὸν

123 962 236 997 ἐμπαθῆ
251 964 300 998 τῆς
319 963 468 999 ἐπικτήτου
477 964 612 998 γενέσεως
626 964 707 999 νόμον
720 964 914 1000 διορθουμένη.

966 281 1122 308 libidinose
1132 279 1233 307 mentis
1243 279 1399 307 affectionis
1410 285 1475 314 erga
1486 277 1669 307 adventitium
1679 284 1760 311 gene—
1779 309 1781 312 η

967 327 1082 355 rationis
1096 332 1189 354 ortum
1204 325 1366 361 amputatio.
1384 323 1494 352 Scimus
1510 323 1584 350 enim
1595 323 1758 350 naturaliter

966 374 1089 401 animum
1099 373 1183 402 rebus
1200 372 1373 403 adhibentes,
1385 379 1440 398 non
1452 370 1480 397 in
1495 378 1528 398 co
1536 370 1652 404 positam
1670 368 1760 404 perfe-

966 419 1098 451 ctionem,
1116 423 1147 446 ut
1167 418 1312 449 naturalis,
1328 424 1389 452 qua:
1403 424 1437 443 ex
1458 416 1513 443 Deo
1529 420 1573 442 est
1585 435 1592 447 ,
1615 415 1758 449 integritas

967 462 1119 490 auferatur.
1133 462 1193 490 Non
1205 462 1279 489 enim
1290 466 1389 488 natura
1401 469 1450 496 per
1461 463 1548 488 artem
1561 460 1687 487 mutilata
1698 468 1730 493 pc
1736 468 1759 485 r-

968 507 1117 536 fectionem
1138 507 1319 540 nanciscitur,
1335 506 1485 541 subtilique
1507 506 1620 533 invento
1632 512 1665 531 eo
1680 510 1757 531 trun-

966 557 1036 586 cata,
1049 553 1123 589 quod
1138 561 1185 589 per
1201 553 1336 581 rationem
1348 553 1496 581 creationis
1511 552 1593 587 620
1606 551 1645 578 illi
1657 551 1758 577 divini-

967 603 1010 626 tus
1026 599 1108 632 inest,
1120 606 1155 627 ne
1167 598 1321 634 adjustitiae
1333 598 1429 631 robur,
1441 602 1527 624 artem
1542 598 1597 624 Deo
1615 597 1755 623 fortiorem

966 644 1144 677 inducamus;
1164 644 1398 679 adinventumque
1415 649 1521 671 natura:
1542 642 1690 674 defectum,
1708 642 1757 669 dc-

966 690 1054 718 l‘ectus
1062 689 1175 726 iustitia:
1183 698 1216 718 ex
1229 690 1367 718 creatione
1379 690 1600 724 supplementum
1611 688 1757 726 faciamus:

966 736 1014 764 sed
1040 725 1088 772 per
1111 736 1227 764 membri
1255 737 1315 772 ejus
1330 735 1403 771 quod
1417 734 1625 762 circumciditur
1644 725 1758 760 locale-tn

966 783 1061 815 situm,
1074 782 1325 810 circumcidendam
1341 781 1442 810 mentis
1457 780 1572 808 arbitrio
1584 779 1758 807 libidinosam

967 829 1051 856 animi
1074 829 1249 857 affectionem
1278 828 1430 861 discimus;
1457 828 1537 862 cujus
1568 826 1760 862 amputationc

967 875 1142 910 componitur
1163 875 1281 906 animus,
1297 879 1326 901 ut
1347 873 1518 902 emendanda
1545 873 1657 900 ascititii
1683 877 1760 899 ortus

970 919 1155 955 generationis
1172 919 1318 947 libidinosa
1331 920 1401 954 lege,
1419 926 1481 946 cum
1495 923 1595 946 natura
1617 918 1708 953 potius
1730 924 1761 944 at:

969 965 1008 992 illi
1025 973 1116 992 comes
1132 965 1211 993 malit
1232 972 1409 992 concurrere.

162 1007 216 1042 μβ’.
232 1008 350 1035 Φυσικὸν
360 1010 377 1044 ἡ
388 1009 567 1044 ἀκροϐυστία.
586 1010 644 1036 Πᾶν
659 1009 687 1036 δὲ
699 1010 824 1044 φυσικὸν,
841 1010 917 1041 θείας

1002 1011 1048 1039 42.
1077 1011 1244 1046 Prchutium
1273 1011 1340 1046 quid
1368 1011 1494 1038 naturale
1529 1014 1580 1038 est.
1614 1009 1757 1043 Quidquid

123 1053 207 1089 ἔργον
223 1054 405 1090 δημιουργίας
425 1055 494 1087 ἐστὶ,
514 1056 561 1081 καὶ
577 1055 637 1083 λίαν
665 1054 758 1088 καλδν,
785 1055 855 1082 κατὰ
871 1057 920 1091 τὴν

123 1100 284 1134 φάσκουσαν
302 1102 396 1136 φωνήν
409 1109 416 1116 ·
442 1102 497 1129 Καὶ
513 1100 594 1129 εἶδεν
612 1104 630 1129 ὁ
652 1102 724 1136 Θεὸς
748 1101 847 1129 πάντα
863 1102 922 1129 ὅσα

122 1145 262 1179 ἐποίησε,
278 1145 328 1172 καὶ
347 1145 414 1173 ιδοὺ
430 1146 510 1173 καλὰ
525 1147 606 1174 λίαν.
629 1146 657 1173 '0
668 1147 696 1173 δὲ
710 1147 790 1182 νόμος
805 1145 842 1177 ὡς
853 1145 922 1173 ἀκά-

123 1191 225 1226 θαρτον
244 1191 448 1227 περιαιρεῖσθαι
470 1191 590 1219 κελεύων
608 1192 658 1228 τὴν
675 1192 859 1228 ἁκροὸυστίαν
876 1191 920 1219 διὰ

124 1237 289 1272 περιτομῆς,
303 1237 348 1264 τὸν
363 1237 429 1265 θεὸν
447 1238 561 1272 εἰσάγει,
576 1237 621 1265 διὰ
642 1238 742 1274 τέχνης
763 1238 792 1264 τὺ
813 1239 916 1265 οἰκεῖον

122 1281 318 1317 διορθούμενον
343 1282 440 1318 ἔργον,
459 1283 528 1319 ὅπερ
543 1284 595 1310 κᾶν
612 1285 712 1311 ἐννοεῖν
727 1284 919 1310 ἀσεῦέστατον.

125 1327 232 1355 Οὐκοῦν
251 1329 264 1355 ό
275 1329 332 1360 τοῖς
353 1329 498 1364 συμϐόλοις
508 1329 555 1356 τοῦ
569 1330 652 1364 νόμου
666 1329 790 1364 φυσικῶς
806 1329 920 1369 ἐπιϐάλ-

124 1376 192 1409 λων,
210 1373 280 1403 οἶδεν
289 1376 328 1408 ὡς
342 1377 372 1403 οὐ
390 1377 440 1412 τὴν
455 1377 536 1411 φύσιν
565 1379 579 1404 ὁ
604 1377 670 1409 Θεὸς
700 1376 853 1412 διορθοῦται
876 1377 921 1403 διὰ

124 1421 179 1456 τῆς
196 1422 305 1457 τέχνης,
320 1422 390 1448 ἀλλὰ
404 1423 436 1449 τὸ
453 1423 593 1454 ὲπιπειθὲς
609 1422 682 1457 λόγῳ
698 1423 747 1457 τῆς
759 1422 849 1457 ψυχῆς
865 1430 919 1448 πα-

126 1467 240 1502 Θητικὺν
259 1467 473 1502 περιτέμνεσθαι
496 1467 612 1500 κελεύει,
631 1468 661 1494 τὸ
675 1467 720 1494 διὰ
735 1466 782 1494 τοῦ
798 1475 920 1502 σωματι-

125 1512 177 1539 κοῦ
195 1513 290 1548 μορίου
309 1513 433 1545 τυπικῶς
457 1513 631 1550 δηλούμενον,
652 1513 720 1548 ὅπερ
747 1513 847 1547 γνῶσις
876 1513 920 1539 διὰ

125 1556 177 1592 τῆς
192 1557 262 1584 κατὰ
280 1557 381 1592 πρᾶξιν
403 1557 525 1593 ἀνδρίας,
548 1559 596 1593 τῆς
612 1557 724 1592 γνώμης
741 1557 920 1584 ἀποτίθεσθαι

127 1602 261 1636 πέφυκεν.
284 1603 314 1629 '0
335 1603 389 1638 γὰρ
410 1603 584 1639 περι-τέμνων
601 1603 701 1638 ἱερεὺς,
726 1602 853 1637 σημαίνει
869 1602 920 1637 τὴν

126 1648 252 1682 γνῶσιν,
285 1648 334 1684 τὴν
360 1649 474 1683 ἔχουσαν
496 1649 623 1684 καθάπερ
649 1648 759 1683 σίδηρον
779 1647 849 1674 κατὰ
872 1647 918 1673 τοῦ

971 1062 1062 1085 autem
1085 1062 1128 1085 est
1141 1058 1277 1090 naturale,
1290 1058 1389 1085 divinae
1414 1056 1562 1084 creationis
1576 1064 1645 1091 opus
1657 1062 1709 1087 ρει,
1730 1063 1761 1082 ac

970 1104 1050 1132 valde
1064 1104 1179 1136 bonum,
1193 1103 1270 1139 juxta
1285 1111 1381 1131 vocem
1395 1111 1457 1138 qua:
1478 1103 1516 1130 ait
1533 1110 1539 1129 :
1557 1102 1591 1130 Et
1612 1102 1675 1128 vidit
1692 1101 1760 1128 Deus

971 1153 1065 1177 cuncta
1077 1157 1136 1185 qua:
1150 1150 1257 1185 fecerat,
1269 1153 1293 1176 et
1306 1157 1361 1176 ecce
1375 1149 1451 1176 valde
1466 1149 1534 1176 bona
1542 1148 1575 1174 ⁵³.
1598 1148 1652 1174 Lex
1669 1151 1759 1174 autem

971 1195 1037 1223 dum
1052 1195 1273 1224 circumcisionis
1290 1196 1344 1223 ritu
1361 1195 1527 1230 praeputium
1544 1194 1621 1222 velut
1639 1194 1759 1220 immun—

971 1242 1036 1270 dum
1048 1242 1186 1277 amputari
1200 1241 1289 1277 jubet,
1312 1241 1397 1268 Deum
1420 1239 1573 1268 introducit
1593 1238 1662 1266 artis
1676 1245 1759 1272 opera

971 1295 1041 1322 opus
1054 1296 1134 1315 suum
1142 1288 1328 1323 corrigentem
1344 1296 1350 1314 :
1365 1287 1438 1322 quod
1450 1286 1574 1321 quidem,
1583 1285 1626 1313 vel
1641 1285 1760 1320 cogitatu

972 1333 1167 1368 impiissimum
1180 1338 1232 1361 est.
1248 1334 1300 1368 Qui
1317 1334 1401 1369 igitur
1420 1333 1489 1368 legis
1504 1331 1636 1368 symbolis
1661 1334 1759 1358 natura

971 1378 1042 1406 duce
1058 1379 1176 1407 attendit
1190 1380 1324 1411 animum,
1341 1387 1394 1406 non
1414 1377 1561 1405 etnendare
1571 1377 1657 1404 Deum
1679 1379 1760 1402 natu-

971 1432 1030 1451 ram
1043 1424 1111 1452 artis
1123 1432 1175 1459 ope
1187 1425 1329 1460 intelligit;
1343 1424 1391 1451 sed
1405 1423 1565 1458 pra-cipere,
1581 1426 1610 1448 ut
1620 1420 1760 1456 patibilem

971 1468 1056 1496 animi
1070 1468 1226 1496 facultatem
1241 1469 1341 1496 rationi
1359 1468 1559 1502 obsequentem
1577 1464 1760 1493 circumcida-

972 1521 1043 1547 mus,
1052 1521 1113 1548 quae
1128 1513 1233 1540 scilicet
1245 1513 1397 1548 corporalis
1408 1513 1524 1539 membri
1536 1512 1622 1546 ﬁgura
1636 1510 1762 1545 designe-

973 1565 1035 1592 tur;
1048 1567 1129 1594 quam
1144 1559 1240 1594 utique
1253 1558 1379 1590 scientia,
1394 1558 1474 1586 fortis
1490 1557 1608 1585 actionis
1619 1556 1656 1588 vi,
1669 1556 1761 1583 animo

971 1606 1092 1641 abjicere
1106 1605 1199 1633 habet.
1213 1604 1422 1633 Circumcidens
1429 1604 1502 1632 enim
1516 1602 1654 1634 sacerdos,
1671 1601 1761 1631 scien—

973 1652 1039 1678 tiam
1067 1650 1226 1685 signiﬁcat,
1258 1651 1335 1678 velut
1368 1649 1443 1677 ferro
1473 1649 1606 1676 adversus
1632 1648 1760 1675 allectum

127 1692 246 1726 πάθους,
261 1693 309 1729 τὴν
327 1694 376 1720 τοῦ
393 1694 474 1728 λόγου
502 1695 574 1722 κατὰ
599 1694 648 1730 τὴν
671 1694 771 1729 πρᾶξιν
797 1693 917 1729 ἀνδρίαν.

973 1697 1128 1731 vitiumque
1139 1704 1187 1724 seu
1200 1696 1446 1730 perturbationem,
1459 1694 1523 1722 forti
1536 1694 1654 1721 actionis
1667 1693 1761 1727 vigore

134 1739 310 1773 Ἀφανίζεται
329 1739 383 1775 γὰρ
401 1741 418 1776 ἡ
435 1740 484 1767 τοῦ
523 1740 606 1776 νόμου
632 1740 798 1775 παράδοσις,
827 1739 922 1766 πλεον-

126 1785 273 1817 εκτοῦντος
282 1785 313 1812 τὸ
326 1786 443 1822 γράμμα
456 1786 503 1813 τοῦ
516 1787 679 1822 πνεύματος.

168 1834 224 1865 μγ’.
246 1831 282 1858 Τὸ
294 1832 446 1865 Σάὸὗατον,
469 1832 565 1859 παθῶν
586 1834 644 1859 ἐστι
663 1832 712 1859 καὶ
726 1831 775 1872 si];
793 1832 858 1867 περὶ
873 1831 922 1867 τὴν

129 1877 215 1913 φύσιν
228 1877 284 1904 τῶν
297 1877 382 1904 ὄντων
396 1878 444 1904 τοῦ
474 1877 519 1905 νοῦ
542 1878 678 1913 κινήσεως
707 1877 861 1909 ἀνάπαυσις
875 1885 882 1894 ’
905 1877 922 1912 ἢ

127 1921 224 1949 τελεία
241 1922 335 1949 παθῶν
348 1922 480 1958 ἀπραξία,
496 1922 545 1950 καὶ
556 1923 606 1958 τῆς
620 1921 683 1957 περὶ
698 1921 732 1948 τὰ
748 1921 922 1957 πεποιημένα

127 1967 263 2002 καθολικὴ
274 1967 321 1994 τοῦ
332 1967 377 1994 νοῦ
391 1968 482 1995 παῦλα
499 1968 643 2003 κινήσεως,
658 1967 706 1994 καὶ
719 1967 788 2002 πρὸς
800 1967 829 1993 τὺ
844 1966 922 1993 Θετον

127 2011 222 2038 τελεία
248 2011 372 2043 διάϐασις
385 2019 393 2026 ’
417 2012 445 2038 ὲν
461 2009 484 2045 ᾧ
506 2011 552 2038 τὸν
565 2011 599 2037 δι’
618 2011 719 2046 ἀρετῆς
732 2010 781 2038 καὶ⁸
795 2009 923 2045 γνώσεως

129 2056 204 2084 κατὰ
226 2056 257 2083 τὺ
283 2056 392 2091 θεμιτὸν
416 2056 593 2092 ἀφικόμενον,
609 2056 639 2083 οὑ
659 2056 700 2083 δεῖ
712 2055 840 2091 καθάπερ
854 2055 922 2088 ξύλα

129 2102 182 2138 τὴν
200 2101 305 2129 οίανοῦν
321 2102 463 2135 παντελῶς
479 2101 546 2138 ὕλην
567 2101 718 2138 ὲξαπτικὴν
745 2101 922 2137 ἐνθυμεῖσθαι

128 2148 238 2180 παθῶν,
250 2148 312 2175 οὔτε
339 2149 395 2185 μὴν
420 2149 527 2184 φύσεως
557 2149 721 2185 τοπαράπαν
742 2149 922 2184 ἀναλέγεσθαι

128 2194 239 2228 λόγους,
254 2194 297 2221 ῑνα
318 2195 355 2230 μὴ
378 2194 494 2221 πάθεσιν
519 2194 660 2229 ἡδόμενον,
683 2194 700 2230 ἢ
722 2194 830 2229 φύσεως
850 2196 922 2230 ὅροις

132 2239 332 2275 μετρούμενον,
344 2241 416 2267 κατὰ
432 2240 496 2272 τοὺς
510 2240 643 2276 Ἕλληνας
654 2240 700 2267 τὸν
715 2240 782 2267 Θεὸν
795 2241 923 2275 δογματίο

131 2285 224 2320 ζωμεν
236 2294 243 2301 ’
257 2286 341 2321 ὅνπερ
356 2287 372 2322 ἡ
391 2286 482 2313 τελεία
500 2286 567 2322 μόνη
584 2286 705 2322 κέκραγε
727 2286 802 2323 σιγὴ,
829 2287 876 2314 καὶ
901 2288 918 2322 ἡ

129 2331 267 2367 παντελὴς
278 2333 338 2359 καθ’
352 2332 490 2368 ὑπεροχὴν
507 2333 629 2366 ἀγνωσία
652 2334 801 2370 παρίστησι
817 2333 860 2369 (Ῑ).

974 1744 1148 1770 instructam.
1165 1741 1299 1768 Aboletur
1306 1741 1379 1768 enim
1390 1739 1543 1775 corporalis
1556 1739 1624 1774 legis
1637 1738 1760 1769 traditio,

972 1795 1004 1815 ea
1022 1787 1127 1814 ratione
1142 1786 1216 1820 quod
1230 1786 1344 1820 spiritus
1357 1785 1456 1812 littera:
1468 1785 1607 1819 praevalet.

1008 1833 1053 1860 45.
1066 1832 1226 1863 Sabbatum,
1239 1832 1387 1858 atl‘cctuum
1403 1835 1445 1858 est
1458 1839 1490 1858 ac
1502 1829 1742 1866 perturbationum
1752 1848 1760 1861 ,

973 1882 1120 1912 motusque
1145 1876 1229 1904 animi
1256 1876 1330 1904 circa
1356 1884 1448 1903 rerum
1474 1880 1600 1902 naturam
1627 1875 1707 1909 quies
1734 1879 1762 1901 et

972 1923 1088 1951 cessatio
1103 1932 1109 1949 :
1122 1927 1169 1949 aut
1182 1922 1330 1949 allectuum
1344 1921 1639 1956 perturbationumque
1655 1920 1761 1947 sedatio

971 1973 1000 1996 et
1013 1967 1123 1999 inertia,
1141 1966 1360 2001 universalisque
1375 1966 1458 1993 animi
1467 1969 1559 1993 motus
1572 1966 1645 1993 circa
1657 1973 1690 1992 ea
1702 1972 1762 2000 quae

972 2013 1084 2041 condita
1099 2017 1174 2045 sunt,
1191 2011 1253 2039 ﬁnis
1270 2016 1352 2047 atque
1364 2012 1392 2039 in
1407 2012 1492 2039 Deum
1517 2011 1655 2047 perfectus
1670 2015 1761 2038 trans-

973 2060 1028 2088 itus
1042 2067 1050 2087 :
1067 2059 1095 2086 in
1106 2066 1188 2094 quem
1203 2058 1251 2093 qui
1266 2058 1370 2086 virtute
1388 2065 1421 2086 ac
1433 2058 1558 2091 scientia,
1582 2057 1673 2092 quoad
1685 2057 1760 2088 licet,

973 2105 1102 2136 evaserit,
1119 2105 1214 2133 caveat
1237 2111 1350 2132 necesse
1367 2108 1419 2136 est,
1444 2111 1477 2131 ne
1495 2108 1624 2138 tanquam
1640 2102 1714 2139 ligna
1727 2102 1760 2133 ⁵³.

975 2152 1057 2179 ullam
1088 2159 1204 2186 prorsus
1234 2149 1377 2178 materiam
1402 2150 1494 2178 animo
1522 2149 1675 2184 concipiat,
1701 2156 1761 2184 qua

973 2196 1118 2224 adectibus
1126 2204 1158 2223 ac
1167 2195 1421 2231 perturbationibus
1431 2195 1551 2223 fomento
1565 2195 1618 2227 sit;
1632 2198 1661 2221 at
1673 2202 1760 2229 neQue

973 2242 1087 2269 omnino
1115 2247 1221 2269 natura:
1249 2243 1371 2269 rationes
1399 2242 1524 2277 colligat,
1553 2249 1587 2268 ne
1603 2241 1760 2267 Graecorum

974 2295 1062 2319 more,
1075 2287 1172 2321 Deum,
1185 2288 1228 2314 vel
1243 2288 1389 2315 aﬂ'ectibus
1401 2287 1578 2322 gaudentem,
1597 2287 1641 2313 vel
1656 2290 1761 2314 natura:

976 2333 1103 2361 terminis
1126 2340 1317 2361 commensum
1342 2336 1510 2362 statuamus:
1532 2340 1615 2367 quem
1640 2331 1759 2366 perfecta

129 2377 222 2405 solum
233 2378 338 2405 silentii
350 2378 577 2422 clamitatreligio
587 2377 622 2411 "',
634 2386 665 2406 ac
676 2379 756 2414 plena
768 2378 922 2407 secundum
940 2379 1130 2407 excellentiam
1147 2378 1302 2414 ignorantia
1317 2382 1505 2413 repraesentat.

168 2457 192 2473 ⁸³
207 2456 274 2484 Gen.
292 2465 320 2489 ιι,
337 2456 382 2483 31.
420 2456 443 2472 ⁵⁵
460 2457 542 2483 Num.
560 2465 603 2489 xv,
621 2457 665 2484 32.
705 2457 727 2473 "
744 2456 815 2484 Psal.
835 2466 906 2490 LXIV,
923 2459 949 2485 2.

169 2527 205 2561 (e)
225 2528 293 2561 Περὶ
321 2527 379 2560 τὴν
407 2527 595 2563 ἐπείσακτον,
611 2526 743 2563 γέτρεσιν.
760 2527 917 2555 Necessario

974 2532 1114 2563 peccante.
1131 2527 1209 2561 Quod
1224 2529 1262 2559 τὺ,
1278 2527 1425 2560 γνωμικῶς
1443 2527 1592 2563 (quomodo
1606 2527 1759 2554 faciendam

132 2562 262 2598 restituta
278 2570 330 2589 vox
345 2570 383 2598 exi
393 2570 458 2598 mss.
472 2570 533 2598 qua:
552 2562 636 2589 editis
653 2562 758 2594 deerat,
774 2568 802 2590 et
820 2563 921 2598 repeti-

132 2603 182 2626 tur
194 2598 221 2624 in
237 2597 289 2624 line
303 2597 480 2632 capitis.Non
491 2597 564 2624 enim
575 2598 648 2625 circa
661 2598 768 2631 γένεσιν
783 2599 919 2630 absolute,

131 2634 175 2661 sic
201 2633 349 2660 libidinosa
361 2637 487 2660 versatur
508 2633 609 2660 mentis
634 2633 761 2664 adectio,
785 2633 832 2660 sed
847 2634 920 2661 circa

131 2669 242 2703 γένεσιν
268 2668 442 2699 ἐπείσακτον,
461 2676 522 2703 qua:
539 2676 572 2695 ex
588 2672 700 2702 peccato
715 2668 826 2696 advenit
839 2672 921 2695 natu-

132 2711 183 2735 rat,
195 2707 226 2738 et
236 2710 318 2737 quam
331 2703 464 2730 Maximus
481 2711 536 2730 non
551 2711 612 2729 raro
625 2703 749 2737 γέννησιν
760 2707 852 2735 vocat,
869 2711 920 2738 op—

132 2737 268 2773 ponitque
294 2738 327 2772 τῇ
340 2738 461 2771 γενέσει·
479 2746 539 2773 quae
550 2738 586 2764 sit
597 2738 713 2772 simplex
727 2738 883 2772 procreatio
890 2737 921 2766 et

133 2746 268 2773 ponitque
294 2746 327 2772 τῃ
340 2746 445 2771 γενεσει
455 2746 461 2752 ·
499 2746 539 2765 uae
550 2746 586 2764 stt
597 2746 713 2772 snnptex
727 2746 883 2772 procreatio
893 2746 921 2766 et

133 2777 225 2804 ortus,
241 2773 331 2812 qualis
346 2780 367 2814 Aa
389 2773 446 2800 Deo
457 2746 553 2813 Atdami
570 2773 631 2805 fuit,
648 2781 702 2814 non
711 2773 761 2814 qui
777 2773 921 2814 brutorum

134 2814 214 2834 more
228 2807 419 2835 commistione
434 2807 570 2835 seminum
593 2815 626 2835 ac
649 2807 765 2836 libidine
787 2808 815 2835 in
841 2808 921 2836 nobis

135 2842 270 2879 tit;_quod
288 2842 388 2879 passim
411 2842 544 2870 Maximus
565 2847 626 2879 post
640 2842 710 2878 Greg
730 2843 812 2879 Nyss.
829 2851 861 2871 ac
871 2851 919 2871 su-

135 2877 262 2914 periores
292 2877 435 2913 theologos
463 2882 544 2913 negat
574 2877 703 2905 futurum
730 2877 841 2906 homine
864 2886 919 2906 non

973 2562 1213 2591 circumcisionem
1236 2562 1389 2597 spiritalem
1410 2570 1442 2589 ac
1462 2570 1526 2589 vere
1544 2562 1599 2589 Deo
1620 2566 1759 2596 acceptam

973 2603 1067 2625 monet
1079 2597 1224 2632 Maximus)
1238 2599 1301 2625 scite
1322 2597 1422 2624 reddit.
1443 2597 1534 2629 Picus,
1551 2605 1604 2624 non
1622 2597 1688 2624 satis
1705 2598 1760 2624 sci—

973 2638 1043 2664 tum,
1060 2631 1419 2668 estanimo,volunlule,rac
1429 2631 1502 2668 quod
1529 2632 1647 2664 reddidi,
1667 2632 1760 2659 mentis

973 2669 1097 2700 arbitrio,
1115 2669 1256 2702 animique
1265 2667 1411 2695 sententia.

1009 2704 1039 2739 (ί)
1063 2704 1092 2731 'H
1105 2701 1259 2735 παντελὴς
1284 2703 1347 2729 καθ’
1360 2701 1516 2739 ὑπεροχὴν
1532 2702 1666 2739 ἀγνωσία
1684 2708 1760 2734 παρ-

973 2737 1088 2772 ίστησι.
1104 2739 1181 2766 Istud
1195 2746 1229 2765 ex
1241 2738 1361 2773 mysticae
1373 2737 1516 2773 theologia:
1529 2737 1589 2773 sinu
1603 2737 1718 2773 petitum
1727 2745 1759 2773 ac

975 2771 1114 2809 Dionysio,
1131 2781 1186 2808 quo
1201 2771 1352 2809 eminentia
1377 2772 1502 2809 qua-dam
1525 2771 1647 2799 scientia:
1659 2771 1761 2809 divini-

975 2813 1020 2836 tus
1035 2807 1172 2837 concessae
1187 2816 1269 2843 supra
1286 2808 1435 2834 humanam
1451 2807 1618 2843 denotatur;
1635 2807 1675 2834 uti
1691 2811 1719 2843 et
1733 2807 1758 2833 in

973 2851 1007 2872 co
1032 2844 1105 2880 quod
1123 2842 1237 2871 stultum
1252 2843 1300 2880 Dei
1320 2842 1626 2880 nominatu[,cmine_ns_
1635 2842 1759 2880 quaedam

975 2875 1056 2914 supra
1073 2879 1220 2907 humanam
1237 2877 1387 2914 sapientia;
1413 2878 1453 2905 uti
1463 2877 1563 2906 Paulus
1585 2875 1670 2905 [ϐοὶ.
1684 2885 1701 2909 ι,
1718 2875 1758 2903 si-
