1916 3076
175 183 242 217 1371

175 286 251 321 lique
262 285 412 319 imperans,
429 284 572 311 naturales
584 284 678 320 abjicit
692 284 773 319 623
792 285 914 311 rationes
928 284 962 317 ",

176 331 343 358 naturalium
353 328 514 357 facultatum
525 330 612 358 abusu
623 337 669 357 eas
681 330 794 357 abolens
807 338 839 357 ac
850 338 962 357 necans.

175 376 225 403 Hic
236 376 309 403 enim
324 376 389 403 dum
403 376 480 408 vivit,
502 375 549 410 qui
565 376 622 403 sola
634 384 717 403 carne
734 376 821 411 legem
839 375 962 408 deﬁniat,

175 422 316 449 naturales
328 422 450 450 rationes
466 429 498 450 ac
512 422 694 457 cogitationes
709 429 806 450 revera
826 422 965 450 consumit

174 471 204 495 et
229 468 404 502 persequitur
429 468 586 502 perditque,
609 468 686 495 velut
710 468 817 495 scilicet
842 468 964 500 divinos,

175 512 405 547 probrosissimos
419 512 536 540 aﬂ‘ectus
548 513 643 540 colens
657 513 680 528 "
694 521 700 539 :
718 520 789 548 quos
801 513 897 548 utique
917 521 966 539 na—

177 558 281 585 turales
294 558 425 589 rationes,
436 566 485 593 per
498 558 567 593 legis
581 559 695 593 spiritus
708 558 807 586 factam
821 558 862 586 eis
877 558 964 586 licen-

176 603 252 635 tiam,
269 603 297 630 in
314 611 398 631 unum
414 611 511 631 omnes
525 603 689 631 interimunt
706 611 737 631 ac
749 608 859 631 necant.

212 702 256 730 55.
277 701 376 730 Statim
388 709 420 730 ac
432 702 532 738 aliquis
548 703 679 730 virtutum
691 702 896 737 philosophiam
914 710 966 730 ra—

178 748 253 776 tione
271 748 382 781 obierit,
400 748 606 783 Scripturarum
622 756 731 783 quoque
745 755 856 775 sensum
871 748 898 774 in
908 747 965 782 spi—

178 795 262 822 ritum
291 799 389 822 natura
418 795 568 827 transtulit,
595 800 626 822 ut
651 795 679 822 in
707 795 828 822 novitate
852 794 966 829 spiritus

178 841 269 876 reipsa
282 848 332 876 per
341 841 469 868 sublimia
485 849 565 869 sensa
583 841 639 868 Deo
661 841 774 873 serviat,
796 848 852 868 non
872 844 965 867 autem

178 887 207 914 in
224 892 361 915 vetustate
382 887 482 914 littera:
498 895 548 922 per
562 887 738 914 humiliorem
752 894 786 914 ex
802 894 899 913 sensus
918 894 965 912 ra-

179 932 254 959 tione
273 932 307 965 “,
326 936 359 959 ut
386 933 498 968 corpori
520 937 709 967 comparatum
727 939 770 959 est
782 952 789 964 ,
807 932 875 967 legis
890 939 966 959 acce-

177 977 310 1013 ptionem,
324 977 473 1005 aﬂectuum
488 983 584 1013 pastor
603 979 638 1011 θ’,
655 985 686 1006 ac
695 978 801 1013 peccati
816 978 906 1005 cultor
918 977 966 1005 Ju-

178 1023 298 1050 daaorum
310 1030 386 1050 more
402 1022 549 1050 etiiciatur.

212 1068 256 1095 54.
270 1068 330 1095 Mox
341 1076 372 1095 ac
383 1068 482 1103 aliquis
494 1076 527 1095 ex
535 1076 632 1095 sensus
647 1068 753 1095 ratione
768 1067 805 1094 ita
819 1071 849 1094 ut
857 1068 966 1102 corpori

177 1118 364 1149 comparatum
395 1119 455 1146 est,
483 1114 651 1148 Scripturam
680 1114 805 1148 accipere
832 1112 964 1145 desierit,

177 1163 270 1186 mente
289 1166 398 1193 quoque
418 1158 451 1186 ad
469 1159 595 1194 spiritum
609 1163 709 1185 natura
721 1158 811 1185 media
826 1163 964 1190 excurrat,

177 1212 210 1232 ea
227 1204 388 1239 spiritaliter
406 1212 499 1240 agens,
510 1213 570 1239 qua:
584 1205 694 1232 Iudaeus
711 1204 891 1239 corporaliter
904 1211 967 1238 per-

177 1251 294 1286 agenda,
313 1251 384 1278 irato
401 1252 457 1278 Deo
472 1251 570 1278 utitur.

214 1296 259 1324 55.
278 1296 354 1324 Mens
365 1296 456 1323 omnis
471 1297 563 1323 divina
584 1296 686 1331 pietate
700 1295 808 1323 excelsa
823 1299 904 1329 atque
919 1302 966 1322 su-

178 1341 282 1374 blimis,
306 1342 399 1374 simul,
422 1346 480 1368 tum
500 1341 630 1368 vitiorum
654 1348 686 1368 ac
705 1339 854 1367 libidinum
876 1343 968 1367 actum

177 1387 285 1423 jugulat
306 1395 337 1414 ac
356 1387 503 1419 interimit,
527 1391 584 1413 tum
608 1385 805 1421 cogitationum
828 1384 968 1419 animique

179 1428 317 1460 rationum
330 1433 490 1460 indecorum
508 1437 612 1459 motum
629 1441 637 1459 :
653 1431 687 1459 ad
704 1431 762 1458 haec
782 1431 867 1458 etiam
881 1451 887 1462 ,
917 1430 968 1458 ab-

183 1475 282 1506 usione
294 1482 452 1506 constantes
461 1479 578 1506 lascivos
586 1485 715 1505 sensuum
728 1476 897 1512 operationis
907 1483 968 1502 mo-

181 1522 241 1550 dos.
263 1522 329 1549 Neci
353 1523 428 1550 enim
452 1522 600 1549 traduntur
621 1510 754 1549 aﬂectus_
768 1528 800 1548 ac
827 1510 967 1552 libidines,

765 183 796 214 S.
817 182 961 214 MAXIMI
980 181 1234 213 CONFESSORIS

211 241 256 270 52.
268 241 408 269 Terrenus
423 240 573 275 Scriptura:
589 247 686 268 sensus
704 241 788 268 animi
805 241 910 275 potitus
926 240 959 267 il-
975 243 1000 271 Α

1732 173 1797 206 13'?!

1047 239 1096 275 νβ’.
1121 239 1151 265 '0
1178 239 1269 274 χοῖκὺς
1299 239 1361 270 νοῦς
1386 238 1434 272 τῆς
1462 235 1583 271 Γραφῆς,
1618 233 1729 269 κρατῶν
1748 233 1796 265 τῆς

1013 285 1111 321 ψυχῆς,
1122 286 1185 316 τοὺς
1200 284 1329 319 φυσικοὺς
1342 283 1522 311 ἀποϐάλλεται
1538 281 1643 315 λόγους,
1662 280 1696 314 τῇ
1712 287 1798 312 παρα,

1014 333 1110 368 χρήσει
1122 332 1175 359 τῶν
1186 331 1256 358 κατὰ
1268 331 1348 366 φύσιν
1359 330 1498 365 δυνάμεων
1513 327 1610 359 αὐτοὺς
1619 325 1797 359 ἐξαφανίζων.

1014 374 1099 409 Οὗτος
1121 377 1176 413 γὰρ
1202 377 1268 409 ζῶν,
1292 376 1335 402 ἐπ’
1354 374 1482 411 ἀληθείας
1501 373 1622 400 συντελεῖ
1637 371 1686 398 καὶ
1709 369 1799 396 διώκει

1014 424 1061 451 καὶ
1076 423 1216 454 ἀπόλλυσι,
1245 423 1327 457 σαρκὶ
1357 421 1426 457 μόνῃ
1445 421 1490 447 τὸν
1509 420 1589 454 νόμον
1609 416 1798 452 περιγράφων,

1013 470 1077 500 τοὺς
1088 469 1159 496 κατά
1172 468 1253 503 φύσιν
1273 468 1344 503 φημὶ
1359 467 1455 501 λόγους
1471 466 1518 493 καὶ
1535 463 1693 499 λογισμοὺς,
1713 461 1801 496 τιμῶν

1015 514 1052 546 ὡς
1068 514 1126 541 Θεία
1139 514 1173 541 τὰ
1185 513 1258 549 πάθη
1273 513 1323 548 τῆς
1347 513 1466 547 ἀτιμίας,
1490 510 1562 546 ειπερ
1581 510 1604 536 οἱ
1630 508 1701 535 κατὰ
1721 507 1801 542 φύσιν

1014 559 1149 594 λογισμοὶ,
1181 558 1367 593 λαμὸάνοντες
1391 557 1482 584 ἄδειαν
1507 556 1559 582 ὑπὸ
1586 554 1633 581 τοῦ
1654 554 1736 588 νόμον
1752 550 1800 578 τοῦ

1016 603 1182 639 πνεύματος,
1215 603 1422 630 ἀποκτείνουσιν
1453 601 1595 632 ἐπιτοαυτρ
1631 599 1681 626 καὶ
1718 598 1801 624 Θανα-

1015 649 1118 676 τοῠσιν.

1050 695 1100 729 νγ¹.
1116 694 1195 729 ’Δμα
1213 703 1255 726 τις
1273 694 1322 730 τὴν
1340 693 1394 720 τῶν
1411 691 1518 728 ἀρετῶν
1538 689 1654 724 λογικῶς
1678 687 1802 723 μετέλθοι

1016 740 1184 774 φιλοσοφίαν,
1219 739 1278 774 ἅμα
1303 738 1350 765 καὶ
1371 738 1421 773 τὴν
1447 736 1500 763 τῶν
1534 734 1652 770 Γραφῶν
1676 734 1745 769 πρὸς
1772 732 1803 758 τὸ

1016 784 1124 820 πνεῦμα
1138 784 1261 819 φυσικῶς
1282 784 1447 819 μετήνεγκεν
1465 781 1591 816 ἐκδοχὴν,
1607 781 1637 806 ὲν
1660 778 1802 813 καινότητι

1016 830 1171 866 πνεύματος
1185 830 1345 865 πρακτικῶς
1365 828 1408 855 διὰ
1420 828 1474 855 τῶν
1489 826 1599 862 ὑψηλῶν
1614 825 1802 860 θεωρημάτων

1015 875 1055 911 τῷ
1069 875 1129 910 Θεῷ
1143 875 1293 910 λατρεύων,
1316 874 1363 901 καὶ
1385 874 1415 900 οὐ
1438 872 1599 904 παλαιότητι
1626 870 1801 905 γράμματος.

1016 921 1060 949 διὰ
1075 922 1123 956 τῆς
1135 922 1195 948 κατ’
1209 920 1337 956 αἴσθησιν
1352 919 1420 954 πρὸς
1442 918 1522 953 σῶμα
1541 915 1738 950 ταπεινοτέρας
1754 914 1801 940 τοῦ

1015 967 1099 1003 νόμου
1116 966 1285 1002 παραδοχῆς,
1308 964 1426 1001 τροφεὺς
1447 963 1542 990 παθῶν
1564 961 1635 989 κατὰ
1649 961 1713 991 τοὺς
1734 960 1800 986 Ἰου-

1015 1013 1108 1044 δαίους
1122 1011 1277 1047 γινόμενος,
1292 1011 1339 1037 καὶ
1359 1009 1498 1046 ἁμαρτίας
1510 1007 1695 1044 θεραπευτής.

1049 1058 1096 1085 νδν.
1115 1058 1193 1093 ’Ἅμα
1203 1065 1245 1089 τις
1261 1056 1396 1084 παύσεται
1416 1055 1479 1083 κατ’
1494 1054 1621 1089 αἴσθησιν
1639 1053 1708 1088 πρὸς
1725 1052 1803 1086 σῶμα

1015 1104 1064 1140 τὴν
1078 1103 1190 1140 Γραφὴν
1201 1102 1391 1138 ἐκδεχόμενος,
1411 1101 1468 1135 ἃμα
1480 1101 1529 1127 καὶ
1547 1100 1614 1134 πρὸς
1636 1099 1667 1125 τὸ
1694 1097 1803 1132 πνεῦμα

1016 1149 1087 1177 κατὰ
1097 1148 1159 1176 νοῦν
1175 1148 1218 1175 διὰ
1237 1148 1325 1183 μέσης
1339 1147 1482 1183 ἀνατρέχει
1497 1148 1547 1181 τῆς
1569 1144 1690 1180 φύσεως,
1712 1144 1804 1169 ἐκεῖνα

1015 1196 1144 1231 πράττων
1160 1194 1364 1230 πνευματικῶς,
1379 1194 1452 1228 ἆπερ
1467 1191 1632 1227 σωματικῶς
1643 1191 1657 1217 ὸ
1678 1189 1803 1220 Ἱουδαίκ

1017 1242 1159 1274 ἐπιτελῶν,
1174 1241 1231 1276 ἔχει
1247 1241 1293 1268 τὸν
1304 1241 1371 1267 Θεὸν
1383 1239 1573 1275 ὀργιζόμενον.

1051 1291 1100 1316 νε¹.
1119 1289 1178 1319 Πᾶς
1193 1287 1256 1320 νοῦς
1278 1287 1351 1315 κατὰ
1373 1286 1439 1313 Θεὸν
1462 1285 1562 1320 ὑψηλὸς
1581 1283 1630 1311 καὶ
1654 1283 1802 1318 μετέωρος.

1018 1334 1089 1361 κατὰ
1108 1333 1139 1360 τὸ
1154 1333 1229 1365 αὐτὸ,
1239 1334 1291 1368 τήν
1305 1341 1335 1360 τε
1350 1331 1406 1359 τῶν
1417 1331 1511 1358 παθῶν
1526 1329 1715 1363 κατασφάττει
1728 1327 1804 1360 ἐνέρ-

1017 1390 1104 1417 γειαν,
1125 1381 1173 1407 καὶ
1199 1380 1251 1416 τὴν
1270 1379 1325 1406 τῶν
1347 1377 1484 1413 λογισμῶν
1510 1377 1654 1412 ἀσχήμονα
1678 1375 1803 1409 κίνησιν·

1019 1427 1087 1463 πρὸς
1099 1426 1137 1458 δὲ,
1155 1426 1203 1452 καὶ
1221 1425 1285 1457 τοὺς
1298 1424 1368 1452 κατὰ
1383 1423 1558 1458 παράχρηοιν
1574 1421 1625 1456 τῆς
1638 1420 1694 1447 τῶν
1706 1420 1805 1454 αἰσθή-

1021 1483 1089 1501 σεων
1103 1472 1245 1510 ἐνεργείας
1268 1471 1437 1502 ἀκολάστους
1460 1470 1588 1504 τρόπους.
1617 1465 1807 1502 Ἀναιροῦνται

1019 1518 1074 1555 γὰρ
1083 1518 1118 1545 τά
1128 1518 1202 1554 πάθη
1211 1517 1264 1544 ὑπὸ
1276 1516 1330 1543 τῶν
1342 1515 1453 1551 ὑψηλῶν
1465 1515 1515 1549 τῆς
1529 1513 1638 1548 φύσεως
1654 1511 1807 1547 λογισμῶν,

182 1568 348 1595 sublimibus
376 1572 481 1595 natura:
510 1567 667 1594 rationibus
695 1574 727 1594 ac
754 1565 968 1601 cogitationibus

1023 1564 1091 1592 κατὰ
1107 1563 1157 1599 τὴν
1170 1562 1275 1598 ὑψηλὴν
1292 1561 1409 1598 θεωρίαν
1423 1559 1656 1597 θριαμϐευόμενα.

182 1613 352 1646 auctoribus,
371 1613 436 1640 dum
453 1612 566 1640 sublimi
582 1612 640 1640 baac
661 1611 851 1647 speculatione
873 1611 970 1639 trium-

182 1660 238 1695 pho
248 1663 342 1695 agunt.

218 1705 262 1733 56.
289 1704 397 1732 Peccatl
418 1704 504 1732 robur
529 1703 631 1740 (carnis
650 1704 757 1732 scilicet
781 1703 969 1739 prudentiam)

182 1751 272 1779 sancti
287 1749 460 1785 baptismatis
480 1749 573 1784 gratiae
591 1753 778 1784 comparatum
798 1752 840 1775 est
868 1752 899 1775 ut
922 1747 971 1775 ab-

183 1796 268 1829 oleat;
279 1795 434 1830 divinisque
442 1795 532 1830 reipsa
544 1794 691 1830 implendis
701 1793 836 1821 mandatis
842 1794 970 1828 praestita:

183 1841 357 1873 obedientiaa,
376 1845 406 1868 ut
424 1840 514 1875 gladio
528 1840 644 1874 spiritus
656 1839 678 1855 "
695 1839 806 1874 (divina:
819 1839 925 1866 scilicet
942 1838 970 1865 in

183 1885 281 1920 spiritu
302 1884 425 1912 scientia:
445 1883 540 1918 verbo)
560 1883 706 1910 interﬁciat
719 1904 726 1915 ,
744 1883 887 1910 clamando
907 1890 966 1918 my-

184 1929 254 1955 stice
269 1927 402 1955 adversus
413 1926 518 1962 peccati
529 1926 629 1958 labem,
641 1925 712 1952 haud
720 1932 799 1952 secus
814 1932 845 1952 ac
857 1932 971 1959 magnus

183 1973 293 2001 Samuel
306 1973 340 2000 ad
357 1974 430 2007 Agag
446 1981 453 1999 :
470 1971 542 1999 Sicut
554 1971 641 1998 liberis
654 1971 756 1997 orbavit
769 1969 892 1997 mulieres
909 1969 971 2005 gla-

183 2019 243 2047 dius
260 2023 329 2052 tuus,
338 2018 413 2046 hodie
428 2017 516 2045 liberi:
527 2016 663 2044 orbabitur
673 2024 705 2043 ea:
720 2015 872 2044 mulieribus
885 2020 972 2043 mater

185 2069 231 2092 tua
243 2064 277 2091 “.

219 2110 263 2137 57.
283 2110 381 2137 Multas
398 2109 533 2136 virtutum
552 2108 622 2143 gulae
644 2107 754 2139 vitium,
779 2106 872 2135 adulta
890 2106 971 2133 volu-

184 2154 268 2189 ptalis
295 2152 475 2188 cogitatione,
497 2152 574 2179 velut
604 2150 704 2187 gladio,
730 2150 828 2179 liberis
853 2150 970 2178 orbavit.

186 2198 385 2234 Temperantia:
400 2197 474 2225 enim
487 2201 515 2225 et
531 2197 665 2225 castitatis
679 2204 728 2231 per
744 2195 970 2223 incontinentiam

1054 1696 1109 1726 νς’.
1126 1691 1163 1719 Τὸ
1176 1691 1278 1727 κράτος
1294 1691 1344 1726 τῆς
1366 1689 1512 1725 ἁμαρτίας,
1533 1688 1617 1724 ἤγουν
1632 1687 1663 1714 τὸ
1680 1685 1808 1721 φρόνημα

1019 1738 1070 1773 τῆς
1089 1738 1201 1773 σαρκὸς,
1224 1737 1241 1772 ὴ
1261 1737 1342 1772 χάρις
1365 1735 1507 1770 ἀφανίζειν
1530 1734 1636 1768 πέφυκε
1661 1732 1709 1759 τοῦ
1729 1731 1807 1765 ἁγίου

1022 1784 1223 1820 βαπτίσματος·
1253 1783 1301 1809 καὶ
1324 1782 1341 1817 ἡ
1365 1781 1426 1808 κατ’
1452 1780 1593 1814 ἐνέργειαν
1617 1778 1726 1812 ὑπακοὴ
1753 1777 1807 1803 τῶν

1020 1829 1101 1857 θείων
1118 1829 1244 1860 ἐντολῶν,
1269 1827 1441 1855 ἀποκτείνειν
1462 1827 1495 1861 τῇ
1515 1825 1638 1860 μαχαίρᾳ
1656 1823 1706 1850 τοῦ
1727 1822 1807 1848 πνεύ-

1022 1883 1116 1911 ματος,
1142 1874 1236 1910 ἤγουν,
1261 1873 1300 1908 τῷ
1327 1873 1431 1908 ῥήματι
1450 1871 1499 1905 τῆς
1525 1870 1601 1900 θείας
1622 1870 1652 1895 ὲν
1671 1868 1809 1902 πνεύματι

1020 1921 1157 1955 γνώσεως,
1173 1919 1263 1955 βοῶσα
1276 1918 1417 1954 μυστικῶς
1434 1917 1502 1952 πρὸς
1514 1916 1544 1942 τὸ
1556 1916 1641 1947 πάθος
1657 1915 1708 1948 τῆς
1720 1915 1808 1948 ἁμαρ-

1020 1967 1092 1998 τίας,
1107 1966 1143 1998 ὡς
1158 1967 1172 1992 ὁ
1191 1965 1278 2000 μέγας
1294 1963 1362 1999 πρὸς
1379 1963 1424 1989 τὸν
1445 1963 1546 1996 Ἀγαγ,
1570 1960 1710 1995 Σαμουὴλ,
1731 1959 1808 1985 Ἂνθ“

1020 2009 1064 2039 ὧν
1077 2012 1231 2046 ἠτέκνωσε
1250 2009 1395 2045 γυναῖκας
1414 2009 1433 2043 ἡ
1450 2006 1582 2042 μάχαιρά
1595 2014 1665 2036 σου.
1677 2006 1807 2032 ἁτε-κνω-

1021 2058 1145 2091 θήσεται
1164 2056 1298 2090 σήμερον
1312 2055 1347 2082 ἐκ
1366 2052 1517 2089 γυναικῶν
1532 2051 1550 2085 ή
1559 2051 1662 2086 μήτηρ
1675 2058 1747 2077 σου.

1056 2104 1106 2135 νζ¹.
1133 2101 1237 2133 Πολλὰς
1259 2101 1290 2128 τὺ
1304 2100 1389 2131 πάθος
1402 2099 1452 2134 τῆς
1468 2096 1693 2133 γαστριμαργίας
1714 2095 1753 2127 ὡς
1776 2096 1805 2121 ὲν

1024 2149 1158 2186 μαχαίρᾳ.
1172 2147 1212 2183 τῷ
1223 2146 1318 2182 τελείῳ
1329 2146 1379 2181 τῆς
1395 2145 1490 2181 ἡδονῆς
1504 2142 1639 2178 λογισμῷ,
1654 2141 1810 2176 ὴτέκνωσεν

1022 2195 1132 2231 ἀρετάς.
1145 2195 1201 2229 Τῆς
1213 2193 1262 2229 μὲν
1274 2193 1329 2228 γὰρ
1343 2190 1530 2227 σωφροσύνης,
1549 2189 1593 2215 διὰ
1610 2188 1661 2222 τῆς
1674 2186 1809 2222 ἀκρασίας

184 2232 302 2278 vitaeque
319 2243 457 2271 luxuriam
468 2242 619 2277 exstinguit
637 2242 761 2273 semina;
776 2239 900 2276 iustitiae,
922 2247 969 2274 per

1023 2240 1179 2269 ἀποκτείνει
1202 2239 1236 2265 τὰ
1251 2238 1412 2272 σπέρματα·
1435 2237 1485 2271 τῆς
1501 2233 1677 2268 δικαιοσύνης
1701 2232 1742 2264 δὲ,
1767 2232 1809 2258 διὰ

186 2290 371 2318 lnsatiabilem
380 2289 509 2324 modique
521 2289 641 2316 nesciam
653 2288 772 2316 habendi
782 2286 972 2321 cupiditatem,

186 2335 341 2370 corrumpit
360 2334 559 2370 aequalitatem;
578 2332 762 2361 humanitatis
779 2339 828 2359 seu
845 2330 972 2365 benigni-

188 2382 261 2414 tatis,
282 2389 331 2416 per
350 2388 452 2408 caecum
476 2387 509 2408 ac
534 2380 671 2407 carnalem
694 2385 828 2409 amorem,
853 2383 914 2411 qnte
940 2383 973 2402 ex

187 2431 291 2454 natura:
311 2425 468 2453 rationibus
485 2429 539 2458 est,
555 2424 779 2460 conjunctionem
792 2422 875 2458 624
893 2421 975 2449 solvit

187 2477 215 2500 et
226 2471 470 2499 necessitudinem.
488 2472 588 2506 Atque,
607 2474 637 2497 ut
653 2476 759 2496 summa
777 2468 866 2495 dicam
878 2488 884 2499 ,
899 2467 974 2494 nulla

188 2522 253 2544 sunt
263 2517 375 2544 virtutis
389 2517 512 2552 germina
524 2523 585 2551 quae
601 2515 671 2551 gula:
687 2513 763 2542 labes
780 2521 836 2540 non
852 2512 975 2548 proclive

189 2563 340 2591 interimat.

223 2609 268 2636 58.
282 2608 358 2636 Gula;
370 2607 479 2640 vitium,
492 2606 585 2634 divina
597 2606 690 2633 omnia
705 2605 839 2632 virtutum
852 2603 975 2639 germina

189 2654 312 2689 proclive
331 2653 486 2680 interimit:
504 2652 577 2687 quod
596 2652 685 2686 ipsum
707 2650 768 2677 ﬁdei
792 2650 888 2685 gratia,
906 2649 977 2677 divi-

190 2698 288 2733 nisque
311 2706 417 2726 morem
438 2697 559 2733 gerendo
580 2696 728 2730 mandatis,
745 2695 866 2724 scientia:
887 2702 976 2722 sermo

191 2750 326 2778 propense
338 2743 399 2771 neci
416 2743 508 2771 tradit.
709 2752 714 2755 λ

197 2854 356 2916 Πηέὅὶὶθε.
370 2863 424 2888 χχι,
437 2856 463 2884 6.
500 2856 523 2873 "
540 2856 619 2884 Rom.
637 2864 656 2888 ι,
668 2855 713 2883 26.
750 2857 773 2873 "
788 2856 866 2884 Rom.
885 2863 930 2888 vn,
947 2855 975 2883 6.

1020 2286 1070 2321 τῆς
1084 2284 1240 2317 πλεονεξίας
1251 2282 1401 2318 διαφθείρει
1415 2281 1465 2317 τὴν
1484 2280 1633 2315 ἰσονομίαν·
1649 2280 1700 2314 τῆς
1714 2278 1808 2312 (pilav-

1022 2331 1145 2367 θρωπίας
1158 2330 1198 2363 δὲ,
1213 2329 1257 2356 διὰ
1269 2329 1320 2364 τῆς
1339 2327 1493 2363 φιλαυτίας,
1510 2327 1559 2362 τὴν
1579 2327 1610 2352 ἐκ
1627 2325 1738 2359 φύσεως
1755 2324 1808 2350 δια-

1021 2378 1115 2414 τέμνει
1130 2377 1285 2412 συνέχειαν,
1302 2374 1358 2402 1ίαὶ⁹
1367 2374 1505 2409 συντόμως
1516 2373 1615 2404 εἰπεῖν,
1633 2371 1745 2398 πάντων
1759 2371 1810 2396 τῶν

1022 2423 1083 2451 κατ’
1116 2422 1216 2458 ἀρετὴν
1247 2420 1426 2456 γεννημάτων
1465 2417 1639 2454 ἁναιρετικόν
1672 2417 1733 2443 ἐστι
1764 2417 1809 2450 τῆς

1023 2468 1245 2504 γαστριμαργίας
1259 2467 1290 2493 τὸ
1305 2466 1401 2497 πάθος.

1058 2598 1109 2633 νη’.
1122 2597 1159 2624 Τὸ
1178 2597 1227 2632 τῆς
1246 2594 1467 2630 γαστριμαργίας
1483 2592 1581 2623 πάθος,
1600 2591 1693 2618 πάντα
1703 2591 1739 2616 τὰ
1754 2590 1810 2616 θεῖ-ι

1022 2643 1077 2670 τῶν
1095 2642 1199 2677 ἀρετῶν
1215 2641 1386 2668 ἀποκτείνειν
1403 2639 1564 2673 γεννήματα
1588 2637 1727 2670 πέφυκεν·
1746 2633 1809 2661 αὐτὸ

1024 2689 1052 2716 δὲ
1072 2690 1105 2723 τῇ
1130 2696 1160 2714 τε
1178 2687 1270 2722 χάριτι
1291 2686 1342 2721 τῆς
1365 2685 1495 2715 πίστεως,
1511 2684 1558 2709 καὶ
1576 2684 1606 2717 τῇ
1627 2682 1737 2716 ὑπακοῇ
1758 2679 1808 2706 τῶν

1024 2735 1106 2761 θείων
1129 2732 1255 2764 ἐντολῶν,
1276 2731 1322 2759 διὰ
1343 2731 1391 2758 τοῦ
1412 2730 1482 2757 κατὰ
1496 2728 1545 2764 τὴν
1562 2728 1666 2763 γνῶσιν
1682 2725 1808 2754 ἀποκτεί-

1025 2789 1100 2808 νεται
1119 2779 1210 2814 λόγου.

1027 2853 1133 2881 "Gen.
1157 2850 1286 2879 va1.52.
1335 2850 1358 2866 ⁶¹
1384 2847 1485 2884 Ephes.
1509 2855 1547 2880 vx,
1574 2847 1618 2874 l7.
1667 2845 1689 2861 ⁸³
1710 2844 1722 2872 l
1745 2843 1805 2877 ιιρι.
