1916 3076
128 203 200 236 1373

484 204 653 235 CAPITUM
672 203 886 240 QUINQUIES
905 203 1165 235 CENTENORUM
1184 202 1379 234 CENTURIA
1397 203 1431 234 V.

1694 199 1761 233 1374

163 261 213 289 νϐ’.
228 260 288 292 Φῶς
302 261 374 287 ἐστιν
392 261 430 292 ὠς
447 260 556 296 ἀληθῶς
570 261 655 287 ἐθνῶν
675 262 689 288 ό
710 261 812 297 Κύριος
826 261 916 298 ἡμῶν,

1005 261 1048 288 59.
1067 261 1200 288 Dominus
1222 264 1317 288 noster
1334 261 1428 288 lumen
1445 263 1488 286 est
1507 258 1631 294 gentium
1644 257 1678 291 ⁸⁵,
1694 266 1761 287 vere

128 305 329 334 ἀποκαλύπτων
349 305 441 336 αὐτοῖς
461 305 506 332 διὰ
524 305 574 340 τῆς
591 305 710 340 ἀληθοῦς
729 305 916 340 ἐπιγνώσεως,

127 352 193 383 τοὺς
205 351 244 387 τῷ
262 351 336 386 ζόφῳ
349 352 398 386 τῆς
412 351 525 385 ἀγνοίας
540 351 747 386 ὲπιμεμυκότας
760 352 918 387 ὀφθαλμοὺς

127 397 181 432 τῆς
203 397 334 429 διανοίας,
358 397 405 423 καὶ
431 397 508 428 θείας
528 397 641 431 ἀγωγῆς
667 397 748 423 πάλιν
769 398 918 432 ἑτοιμάσας

130 443 228 471 ἑαυτὸν
240 444 298 475 τοῖς
314 444 420 474 πιστοῖς
434 443 521 475 λαοῖς,
536 443 638 477 ἀγαθὸν
656 442 758 478 ἀρετῆς
778 442 918 478 ἐξεμπλά-

132 495 204 523 ριον,
218 487 368 523 προσώπου
384 487 431 514 τοῦ
449 488 510 514 κατ’
532 487 644 524 ἀρετὴν,
665 488 849 523 ὑπογραμμδς
868 488 918 515 αὑ-

129 533 189 566 τοῖς
203 533 350 569 γενόμενος
366 533 413 560 καὶ
427 533 614 567 ὕποτύπωσις,
634 533 702 569 πρὸς
713 533 741 560 ὃν
762 534 920 569 ἀφορῶντες

130 579 171 612 ὡς
186 580 307 615 ἀρχηγὸν
320 579 370 615 τῆς
387 579 525 614 σωτηρίας
545 579 635 615 ἡμῶν,
656 579 707 611 τὰς
725 580 828 615 ἀρετὰς
847 580 920 607 κατὰ

133 625 259 661 μίμησιν,
279 625 317 657 ὡς
336 626 400 661 ἡμῖν
424 626 482 653 ἔστι
506 625 635 658 δυνατὸν,
661 626 851 662 κατορθοῦμεν
875 627 919 654 διὰ

130 670 183 705 τῆς
197 670 333 705 πράξεως.

169 713 200 747 ξ’.
215 715 273 746 Πᾶς
288 716 302 741 ό
316 715 360 742 διὰ
375 715 473 749 φθόνον
488 715 576 750 μισῶν
588 716 636 743 καὶ
649 716 744 748 κακῶς
765 715 919 752 διαθρυλῶν

130 760 193 792 ταῖς
220 760 357 793 διαϐολαῖς
375 761 421 788 τὸν
438 762 466 788 ὲν
481 762 538 793 τοῖς
550 762 637 795 ἀγῶσι
657 762 711 789 τῶν
733 762 849 797 ἀρετῶν,
871 763 919 790 καὶ

130 807 166 842 τῇ
183 807 328 843 περιουσίᾳ
351 807 399 834 τοῦ
419 807 499 842 λόγου
520 809 570 843 τῆς
587 810 774 844 πνευματικῆς
791 810 920 844 γνώσεως

129 852 325 889 δυνατώτερον,
356 854 442 880 Σαούλ
464 854 523 880 ἐστι
544 854 656 890 πονηρῷ
684 855 920 891 κατα-πνιγόμενος

131 901 279 936 πνεύματι,
299 901 335 937 μὴ
353 902 444 936 φέρων
466 902 497 928 τὸ
513 902 592 934 κλέος
608 903 657 937 τῆς
677 902 737 929 κατ’
753 902 854 938 ἀρετὴν
871 903 920 929 καὶ

130 946 234 980 γνῶσιν
249 947 422 982 εὐδαιμονίας
436 946 484 973 τοῦ
503 946 676 982 κρείττονος·
702 947 750 974 καὶ
777 948 821 974 διὰ
843 947 922 974 τοῦτο

134 992 218 1019 πλέον
233 992 406 1027 μαινόμενος,
436 993 477 1019 δτι
503 992 541 1027 μὴ
567 992 681 1019 δύναται
704 993 750 1019 τὸν
776 993 923 1029 εὐεργέτην

130 1038 362 1073 διαχειρίσασθαι.
377 1038 512 1070 Πολλάκις
523 1039 552 1065 δὲ
570 1039 618 1065 καὶ
632 1038 712 1065 αὐτὸν
729 1039 922 1074 ἀποπέμπεται

132 1082 242 1117 πικρῶς
267 1082 313 1109 τὸν
336 1082 464 1117 φίλτατον
485 1083 623 1113 Ἰωνάθαν,
644 1082 690 1110 τὸν
711 1083 831 1118 ἔμφυτον
851 1084 923 1118 λέγω

129 1127 206 1154 κατὰ
219 1127 370 1162 συνείδησιν
378 1127 517 1163 λογισμὸν,
527 1128 558 1154 τὸ
571 1128 663 1155 ἄδικον
678 1129 756 1163 μῖσος
766 1128 922 1164 ἐλέγχοντα,

134 1173 185 1200 καὶ
212 1172 259 1199 τοῦ
292 1175 459 1209 μισουμένου
487 1173 642 1209 φιλαλήθως
672 1174 864 1210 ἀφηγούμενον
888 1174 924 1201 τὰ

135 1218 348 1254 κατορθώματα.

172 1264 223 1298 ξω.
239 1264 481 1300 Παρακαλέσωμεν
500 1265 547 1292 καὶ
561 1265 641 1300 ἡμεῖς
654 1265 700 1292 τὸν
719 1266 815 1301 νοητὸν
829 1265 922 1297 Δαϐἲδ,

134 1310 274 1345 ιπηχῆσαι
288 1311 321 1346 τῇ
335 1310 437 1346 κιθάρᾳ
457 1312 506 1346 τῆς
524 1311 714 1347 πνευματικῆς
734 1311 852 1348 θεωρίας
875 1313 924 1340 καὶ

134 1353 274 1387 γνώσεως,
292 1354 545 1390 ὲπιληπτευόμενον
565 1356 622 1387 τοῖς
634 1355 737 1387 ὑλικοῖς
748 1355 784 1391 (Ιί)
798 1355 843 1382 τὸν
857 1356 924 1391 ἠμέ-

134 1408 215 1434 τερον
232 1400 306 1432 νοῦν,
322 1400 370 1426 καὶ
392 1399 528 1427 ἀπελάσαι
550 1401 581 1427 τὸ
603 1401 722 1436 πονηρὸν
742 1402 851 1437 πνεῦμα
875 1403 924 1439 τῆς

134 1446 205 1481 πρὸς
224 1446 350 1481 αἴσθησιν
365 1446 461 1481 ὑλικῆς
485 1446 673 1481 περιπετείας,
697 1447 740 1474 ἵνα
764 1447 923 1482 δυνηθῶμεν

135 1490 235 1525 νοῆσαι
263 1490 307 1517 τὸν
332 1490 414 1525 νόμον
437 1492 641 1526 πνευματικῶς,
671 1492 719 1518 καὶ
733 1492 778 1518 τὸν
800 1493 828 1519 ὲν
850 1493 925 1528 αὐτῷ

135 1537 330 1572 κεκρυμμένον
353 1537 433 1571 λόγον
466 1537 597 1572 μυστικὸν
622 1538 725 1573 εὑρεῖν,
752 1539 800 1566 καὶ
830 1539 924 1574 κτῆμα

135 1582 302 1617 ποιήσασθαι
316 1583 428 1618 διαρκὲς
445 1583 514 1619 πρὸς
530 1583 634 1618 ἑφόδιον
653 1584 726 1620 ζωῆς
739 1585 836 1612 ἀϊδίου.

173 1627 222 1662 EB’.
247 1628 305 1660 Πᾶς
323 1629 336 1654 ό
359 1628 497 1663 σωτηρίας
513 1629 594 1664 ἐρῶν,
616 1629 632 1664 ἢ
652 1629 751 1664 πράξει
777 1630 887 1661 πάντως
906 1630 923 1665 ἢ

134 1674 239 1710 θεωρίᾳ
255 1674 427 1710 προσανέχει.
457 1675 570 1710 Ἀρετῆς
593 1675 648 1710 γὰρ
665 1675 711 1702 καὶ
732 1675 858 1710 γνώσεως
870 1685 925 1711 χω-

136 1719 191 1755 ρὶς,
205 1719 330 1753 οὐδαμῶς
342 1719 430 1750 οὐδεὶς
444 1718 554 1746 πώποτε
565 1721 657 1755 τυχεῖν
672 1720 808 1756 σωτηρίας
817 1720 926 1755 δεδύνη-

133 1773 197 1791 ται·
213 1765 292 1799 εῐπερ
306 1765 407 1800 ἀρετῆς
424 1765 483 1798 μὲν,
502 1765 532 1792 τὸ
545 1765 657 1792 τάσσειν
671 1766 722 1801 τὴν
734 1766 780 1792 τοῦ
799 1766 924 1801 σώματος

133 1810 253 1845 κίνησιν,
266 1808 321 1837 οἷον
335 1811 438 1846 χαλινῷ
452 1820 505 1838 τινι
518 1811 556 1845 τῷ
572 1811 645 1847 ὀρθῷ
660 1811 785 1846 λογισμῷ
795 1812 845 1846 τῆς
857 1811 925 1846 πρὸς

132 1856 251 1883 ἀτοπίαν
272 1857 358 1891 φορᾶς
375 1857 564 1892 ἐπιστημόνως
588 1856 814 1892 ἀναχαιτιζούσης
827 1865 833 1872 ·
857 1857 925 1883 θεω-

135 1901 199 1936 ρίας
219 1901 257 1933 δὲ,
285 1901 316 1928 τὸ
339 1901 374 1928 τὰ
404 1901 496 1934 καλῶς
514 1901 652 1937 νοηθέντα
672 1910 702 1928 τε
722 1902 770 1929 καὶ
794 1901 926 1937 κριθέντα

133 1947 281 1982 ἐμφρόνως
294 1947 433 1983 αἱρεῖσθαι
443 1947 621 1984 ψηφίζεσθαι.

172 2033 225 2068 ξγ’.
249 2033 358 2070 Ἐπειδὴ
378 2035 471 2071 νοερὸν
492 2035 540 2070 μέν
554 2035 612 2062 ἐστι
623 2034 654 2061 τδ
671 2035 761 2068 νοοῦν,
780 2035 876 2070 νοητὸν
894 2035 924 2062 δὲ

116 2079 167 2107 Jb
177 2079 333 2115 νοούμενον,
351 2081 439 2116 τροφὴ
454 2080 482 2107 δὲ
497 2081 545 2108 καὶ
556 2078 612 2108 οἷον
634 2080 767 2112 σύστασις
775 2081 823 2108 τοῦ
835 2081 925 2108 νοοῦν-

131 2135 182 2158 τος
195 2126 226 2153 τὸ
237 2126 401 2162 νοούμενον·
427 2127 541 2159 είκότως
567 2129 581 2154 ὁ
601 2127 668 2159 Θεὸς
684 2127 732 2154 ἅτε
753 2128 822 2154 νόων
837 2128 924 2155 ὄντων

131 2170 190 2198 τῶν
206 2171 372 2207 ἀσωμάτων,
389 2171 470 2203 αὐτὸς
483 2171 638 2207 νοούμενος,
652 2172 699 2198 καὶ
723 2173 818 2208 νοητὸς
832 2174 924 2205 αὐτοῖς

133 2216 197 2243 καθ’
222 2217 283 2244 ὅσον
310 2217 485 2251 ἐφικνοῦνται
513 2217 673 2252 γινόμενος,
698 2217 800 2244 ἔσωθεν
823 2218 924 2250 αὐτοὺς

131 2262 280 2298 ὲλλάμπει,
296 2264 342 2290 τοῦ
356 2263 402 2290 νοῦ
418 2263 543 2296 νοοῦντός
558 2272 588 2290 τε
601 2264 649 2290 καὶ
661 2263 841 2308 τρεφμένου.

170 2352 218 2385 ξδ’.
240 2352 353 2388 Ἔτερόν
377 2354 435 2380 ἐστι
454 2352 559 2388 νοητὸν,
580 2354 626 2379 καὶ
647 2352 741 2388 ἕτερον
756 2352 859 2388 νοερόν.
886 2352 924 2380 To

131 2398 188 2434 γὰρ
200 2399 304 2434 νοητὸν,
320 2399 406 2434 τροφὴ
429 2395 474 2426 οἷά
492 2407 544 2430 τις,
566 2398 604 2430 ὼς
622 2397 740 2433 εἴρηται,
761 2397 809 2424 τοῦ
830 2398 924 2434 νοεροῦ

171 2457 193 2474 ⁶⁴
206 2457 273 2485 Luc.
289 2465 319 2490 ιι,
332 2458 378 2485 '52.
416 2457 439 2473 ⁸⁵
454 2457 537 2484 Hebr.
555 2464 601 2489 xu,
615 2456 642 2483 Ξ.
680 2456 703 2472 ⁸⁸
717 2455 727 2483 1
745 2456 812 2491 Reg.
829 2465 874 2490 xx,
889 2457 934 2486 50.

170 2514 208 2550 (It)
229 2515 523 2550 Ἐπιληπτευόμενον
544 2515 609 2547 τοῖς
625 2513 753 2547 ὑλικοῖς.
768 2514 821 2547 Qui
843 2517 919 2544 velut

131 2550 270 2582 damonc,
291 2550 332 2577 sic
347 2551 465 2578 terrenis
478 2556 748 2585 eorumqueramore
780 2554 918 2585 teneatur,

131 2585 341 2620 arreptitiorum
352 2592 441 2618 more;
459 2585 524 2613 dum
539 2583 595 2612 hoc
605 2584 712 2612 animus
724 2583 782 2620 ipse
804 2583 919 2620 patitur,

109 2642 115 2646 .
131 2619 208 2654 quod
225 2620 300 2647 Saul.
313 2627 429 2654 corpore
442 2628 457 2647 a
467 2621 601 2651 daemone,
615 2627 630 2646 a
643 2626 699 2654 quo
718 2619 814 2646 mitius
835 2621 921 2649 hahe-

132 2655 192 2690 bat,
223 2654 327 2682 Davide
344 2655 470 2690 pulsante
489 2656 633 2683 citharam.
661 2654 720 2690 Non
737 2654 809 2690 bene
825 2655 918 2689 Picus,

130 2688 219 2717 Rebus
235 2688 427 2726 materia'lilrus.
443 2691 519 2726 quasi
531 2692 621 2718 morbo
632 2688 760 2726 comitiali
775 2689 918 2726 laboranti,

154 2731 195 2751 uae
210 2729 250 2761 est
267 2725 354 2761 altera
367 2724 454 2761 hujus
464 2726 541 2754 vocis
559 2724 694 2761 acceptio,
717 2725 840 2761 secundo
859 2726 920 2753 loco

132 2759 271 2801 Hesychio
286 2760 385 2801 posita,
399 2759 445 2801 καὶ
458 2762 472 2787 ὁ
488 2763 520 2796 τῇ
540 2761 599 2801 ἱερᾷ
614 2759 695 2801 ’νόσω
723 2760 918 2801 συνεχόμενος⁸

132 2793 271 2826 Quietiora
287 2793 387 2827 inorbo,
402 2795 427 2822 id
438 2800 490 2828 est,
501 2793 643 2827 comitiali,
659 2793 771 2820 laborat.
788 2793 836 2822 Sic
844 2796 918 2823 enim

131 2829 342 2866 laborantiﬁnon
355 2831 467 2866 prodest
480 2831 587 2866 mystici
606 2829 716 2866 Davidis
736 2829 851 2863 cithara,
877 2831 918 2858 uti

131 2870 187 2892 nec
215 2863 291 2891 Sauli
315 2863 472 2900 profuisset,
491 2863 517 2893 si
540 2866 586 2893 hic
597 2865 658 2900 ejus
669 2864 768 2900 fuisset
791 2865 917 2898 morbus,

130 2905 198 2927 cum
208 2899 324 2928 auctore
339 2899 468 2929 Traliano
480 2905 509 2929 et
522 2899 695 2936 experientia
705 2903 785 2935 teste,
801 2899 842 2928 sic
854 2908 917 2928 cor-

971 306 1081 333 clausos
1094 305 1256 341 ignorantiae
1267 305 1385 340 caligine
1406 303 1507 331 mentis
1524 302 1630 335 oculos,
1647 310 1720 331 verat
1732 303 1759 330 in

971 350 1012 377 eis
1026 350 1173 385 agnitionis
1187 350 1247 377 luce
1264 352 1391 384 relegens
1407 355 1439 375 ac
1455 347 1593 382 aperiens,
1607 355 1761 382 rursusque

971 395 1072 423 divina
1085 395 1268 423 institutionis
1281 402 1313 422 ac
1325 394 1488 428 diseiplinaz,
1507 393 1565 428 ipse
1584 400 1613 420 se
1634 392 1762 420 ﬁdelibus

972 442 1082 477 populis
1097 441 1216 476 probum
1229 440 1337 476 paravit
1352 439 1462 467 virtutis
1478 438 1654 466 aemulatione
1666 445 1761 465 exem-

971 488 1064 523 plum;
1084 487 1197 514 virtutis
1218 490 1315 514 ornata
1333 485 1418 513 facies
1440 492 1473 511 ac
1493 491 1588 511 norma
1609 483 1663 510 illis
1690 483 1761 511 eﬂ'e-

972 539 1050 568 ctus;
1075 533 1103 561 in
1127 541 1209 568 quem
1223 531 1483 568 aspicientes,velut
1504 534 1646 558 auctorem
1662 537 1694 557 ac
1709 529 1763 557 dus

972 588 1031 608 cem
1060 580 1156 607 salutis
1184 584 1286 606 nostrae
1310 579 1343 610 ⁸⁸,
1367 577 1487 604 virtutes
1516 576 1590 603 illius
1616 575 1761 608 imitando,

974 626 1066 662 quoad
1092 626 1174 653 nobis
1199 631 1362 652 concessum
1378 628 1432 656 est,
1451 622 1569 650 actionis
1590 622 1666 649 cultu
1690 629 1762 657 pra:-

972 677 1088 701 stamus.

1007 719 1051 747 60.
1069 718 1200 753 Quisquis
1212 725 1269 753 pra:
1293 716 1396 744 invidia
1417 715 1476 743 odit
1499 723 1531 743 ac
1554 714 1626 742 male
1650 714 1763 750 sugillat

973 762 1149 797 detrahitque
1161 761 1198 795 ei,
1212 760 1260 796 qui
1270 760 1382 788 virtutis
1393 758 1594 787 certaminibus
1615 758 1761 786 abundan-

974 809 1066 843 tiaque
1088 807 1224 835 sermonis
1245 805 1379 842 spiritalis
1404 805 1528 833 scientia:
1551 804 1692 839 potentior
1708 808 1761 835 est.

973 855 1038 884 Saul
1053 859 1096 883 est
1110 854 1278 890 nequissimo
1295 859 1443 887 oppressus
1454 851 1564 887 spiritu.
1578 852 1639 887 ejus
1654 851 1702 886 qui
1715 850 1762 878 illo

973 900 1148 936 praestantior
1158 904 1209 931 est,
1219 898 1330 926 virtutis
1338 898 1423 925 decus
1433 901 1461 925 ct
1471 897 1593 926 scientiae
1604 897 1762 924 felicitatem

939 941 958 969 Β
973 947 1045 974 ferre
1056 954 1111 974 non
1127 946 1238 979 valens;
1254 945 1373 979 hincque
1387 944 1520 979 majorem
1535 943 1564 970 in
1585 943 1697 970 modum
1712 942 1762 969 de-

972 993 1076 1020 mentia
1097 992 1202 1023 furens,
1225 991 1299 1025 quod
1318 991 1409 1026 ipsum
1427 990 1475 1024 qui
1491 989 1637 1021 demeruit,
1655 988 1762 1016 interﬁ-

973 1047 1036 1066 cere
1048 1045 1102 1065 non
1114 1040 1214 1072 potest.
1231 1037 1288 1064 Nec
1302 1044 1364 1063 raro
1373 1035 1565 1063 charissimum
1582 1034 1762 1062 Jonathanem

973 1086 1042 1113 dure
1060 1083 1168 1119 repellit
1189 1083 1211 1099 "
1232 1082 1398 1118 (naturalem
1418 1081 1524 1109 scilicet
1550 1079 1696 1116 rationem)
1713 1080 1763 1108 ini-

974 1138 1059 1165 quum
1083 1129 1177 1156 odium
1205 1128 1467 1163 reprehendentem,
1490 1127 1605 1161 ejusque
1628 1127 1676 1161 qui
1698 1125 1763 1153 odio

973 1174 1119 1206 habeatur,
1149 1173 1234 1201 animi
1269 1172 1390 1200 candore
1422 1172 1554 1207 praeclara
1577 1171 1661 1198 'facta
1692 1171 1764 1198 refe-

974 1224 1092 1246 rentem.

1010 1265 1054 1292 6i.
1069 1264 1124 1291 Nos
1136 1271 1247 1299 quoque
1260 1263 1411 1298 spiritalem
1431 1261 1560 1290 Davidem
1573 1260 1762 1293 Obsecremus,

974 1314 1005 1338 ut
1018 1309 1150 1345 spiritalis
1162 1308 1405 1343 contemplationis
1421 1315 1454 1335 ac
1472 1307 1596 1335 scientia:
1605 1306 1712 1334 cithara
1728 1306 1761 1340 ⁸⁷,

975 1360 1149 1384 tcrrenorum
1166 1354 1266 1382 all'ectu
1285 1354 1439 1389 phanatica:
1458 1353 1544 1380 menti
1557 1356 1658 1379 nostra:
1673 1359 1705 1379 ac
1719 1359 1764 1379 ar-

975 1400 1093 1436 reptitite
1106 1401 1226 1431 insonet,
1237 1407 1269 1427 ac
1281 1399 1481 1434 nequissimum
1501 1398 1630 1434 spiritum
1648 1402 1764 1425 terrena;

974 1455 1072 1475 sensus
1082 1446 1223 1474 varietatis
1241 1445 1342 1481 abigat,
1360 1450 1390 1472 ut
1406 1445 1567 1480 spiritaliter
1579 1444 1660 1471 nobis
1675 1444 1764 1479 legem

975 1492 1129 1528 intelligere
1146 1492 1237 1524 liccat,
1250 1491 1333 1526 inque
1351 1499 1384 1518 ea
1396 1491 1527 1518 latentem
1545 1490 1690 1525 mysticum
1705 1496 1764 1516 ser-

975 1547 1085 1567 monem
1107 1538 1254 1571 invenire;
1272 1545 1313 1570 ac,
1334 1536 1408 1572 quod
1423 1536 1491 1563 satis
1503 1535 1551 1569 sit,
1566 1535 1594 1563 in
1610 1535 1674 1563 vita:
1686 1539 1765 1562 reter-

975 1593 1018 1613 naa
1027 1585 1158 1612 viaticum
1175 1591 1347 1619 comparare.

1011 1631 1056 1659 62.
1076 1630 1208 1665 Quisquis
1229 1628 1325 1656 salutis
1347 1635 1440 1655 amore
1457 1631 1580 1659 tenetur,
1595 1629 1644 1654 aut
1663 1625 1764 1654 actioni

975 1684 1091 1712 prorsus
1127 1680 1175 1703 aut
1212 1673 1439 1708 contemplationi
1473 1672 1596 1699 animum
1632 1671 1762 1699 intendit.

974 1722 1085 1756 Absque
1107 1721 1182 1748 enim
1209 1721 1312 1748 virtute
1336 1724 1365 1747 et
1389 1719 1516 1751 scientia,
1540 1725 1622 1745 nemo
1641 1724 1764 1752 unquam

974 1768 1092 1795 salutem
1113 1766 1202 1801 potuit
1219 1765 1353 1800 adipisci;
1375 1765 1477 1799 quippe
1498 1771 1562 1792 cum
1584 1762 1696 1790 virtutis
1716 1762 1763 1795 sit,

975 1816 1006 1839 ut
1019 1812 1145 1846 corporis
1161 1815 1266 1838 motum
1289 1814 1446 1844 componat,
1467 1817 1528 1844 quae
1544 1809 1673 1836 videlicet
1688 1808 1766 1835 velut

975 1857 1054 1885 freno
1067 1857 1198 1892 quodam,
1219 1860 1296 1884 recta
1316 1855 1551 1887 consideratione,
1572 1861 1607 1881 ne
1622 1854 1656 1881 ad
1674 1853 1762 1888 turpia

974 1910 1006 1930 ac
1020 1902 1156 1929 luxuriam
1167 1901 1317 1934 dilabatur,
1335 1902 1422 1936 perite
1435 1902 1522 1936 ipsam
1538 1901 1666 1928 cohibeat
1679 1909 1686 1933 ;
1699 1908 1765 1927 con-

976 1947 1162 1982 templationis
1173 1955 1251 1980 vero,
1269 1951 1300 1974 ut
1312 1947 1397 1982 probe
1416 1947 1554 1975 intellecta
1569 1954 1601 1974 ac
1614 1946 1762 1981 prudenter

972 1993 1104 2029 judicata,
1121 1993 1247 2028 eligenda
1262 1993 1408 2020 decernat.

1008 2039 1090 2075 625
1113 2039 1158 2066 65.
1182 2038 1252 2066 Cum
1275 2038 1462 2066 intellectuale
1489 2036 1605 2073 (νοερὸν)
1629 2037 1665 2064 sit
1687 2036 1761 2071 quod

975 2083 1122 2118 intelligit;
1145 2087 1173 2111 et
1186 2083 1330 2118 intelligile
1346 2081 1463 2118 (νοητὸν)
1487 2081 1560 2117 quod
1577 2081 1761 2116 intelligitur:

973 2130 1034 2165 ejus
1046 2137 1112 2156 vero
1132 2128 1205 2164 quod
1226 2129 1356 2164 intelligit
1377 2128 1539 2156 alimentum
1554 2135 1588 2155 ac
1607 2127 1684 2154 velut
1698 2126 1765 2154 sub-

974 2174 1076 2203 stantia
1097 2175 1144 2207 sit,
1165 2175 1239 2210 quod
1261 2175 1444 2210 intelligitur;
1467 2174 1567 2201 merito
1590 2173 1674 2204 Deus,
1700 2179 1764 2199 cum

977 2220 1096 2256 Spiritus
1113 2225 1220 2249 mentes
1234 2221 1300 2253 sint,
1313 2221 1370 2256 ipse
1387 2221 1555 2253 intellectus,
1571 2227 1603 2247 ac
1618 2218 1707 2254 quoad
1722 2218 1764 2246 eis

976 2266 1086 2301 assequi
1105 2266 1181 2299 licet,
1201 2266 1234 2294 iis
1250 2266 1340 2294 factus
1353 2265 1545 2301 intelligibilis,
1556 2265 1674 2292 interius
1689 2264 1764 2299 ipsos

974 2311 1104 2344 illustrat,
1125 2311 1165 2339 sic
1183 2315 1215 2339 ut
1233 2320 1312 2340 mens
1328 2315 1355 2339 et
1369 2311 1503 2346 intelligat
1514 2314 1543 2338 et
1558 2311 1657 2337 alatur.

1010 2357 1054 2384 64.
1071 2357 1153 2384 Aliud
1170 2360 1212 2384 est
1232 2357 1404 2392 intelligihilc
1420 2356 1538 2392 (νοητὸν)
1551 2361 1578 2383 et
1594 2355 1669 2383 aliud
1682 2354 1764 2382 intel-

975 2402 1093 2430 lectuale
1108 2402 1233 2439 (νοερόν.)
1251 2403 1320 2431 Illud
1334 2403 1419 2436 enim,
1435 2402 1475 2431 uti
1493 2402 1597 2430 dictum
1613 2405 1665 2434 est,
1679 2400 1763 2436 hujus

973 2459 994 2475 ⁶⁷
1010 2460 1021 2487 l
1035 2460 1103 2496 Reg.
1120 2469 1175 2493 xvr,
1195 2460 1238 2488 16.

975 2519 1058 2580 negti,
1073 2527 1125 2560 nec
1152 2519 1274 2550 audiant,
1298 2526 1349 2546 nec
1376 2518 1499 2550 videant,
1529 2524 1581 2558 nec
1596 2517 1762 2558 intelligant,

975 2561 1003 2580 se
1050 2562 1174 2580 omnium
1192 2562 1324 2580 sensuum
1341 2553 1471 2580 facultate
1494 2553 1620 2580 destituti
1644 2557 1762 2580 taceant.

973 2552 1022 2581 sed
1050 2555 1174 2581 omnium
1192 2562 1324 2582 sensuum
1341 2553 1471 2580 facultate
1494 2552 1620 2580 destituti
1643 2552 1762 2587 iaceant,

971 2589 1041 2616 nihil
1055 2589 1214 2616 differentes
1235 2597 1250 2616 a
1275 2588 1401 2616 mortuis.
1421 2589 1455 2615 At
1467 2595 1519 2615 nec
1531 2587 1674 2622 sequentia
1691 2587 1764 2615 bene

971 2624 1088 2657 reddita,
1104 2624 1134 2650 τὸ
1148 2624 1266 2658 πονηρὸν
1275 2624 1384 2658 πνεῦμα
1400 2623 1449 2658 τῆς
1468 2621 1762 2658 ὑλικῆςνπεριπετείας,

971 2658 1122 2694 Malignum
1135 2656 1258 2693 spiritum
1274 2656 1432 2685 temeritatis
1447 2656 1603 2685 mater-iulia.

971 2691 1100 2729 αἴσθησιν
1119 2691 1244 2721 additum
1267 2701 1302 2721 ex
1324 2701 1389 2720 mss.
1408 2691 1763 2729 terrenorum‘vicissitudo

967 2732 1009 2756 est
1022 2726 1173 2763 eorumque
1189 2729 1381 2764 συμπτώματα
1395 2731 1526 2764 οινοιιειις,
1541 2726 1614 2764 unde
1630 2727 1670 2754 sic
1683 2727 1761 2764 varie

967 2771 1066 2791 sensus
1086 2762 1212 2796 allicitur,
1225 2762 1263 2792 ac
1280 2763 1346 2790 vitia
1369 2763 1450 2790 nobis
1471 2762 1673 2798 propignuntur
1692 2769 1699 2788 :
1721 2762 1762 2789 sic

966 2798 1040 2826 cnim
1063 2799 1144 2826 nobis
1167 2799 1225 2826 haec
1247 2799 1391 2833 allegoria,
1413 2796 1531 2833 πονηρὸν
1556 2796 1679 2833 πνεῦμα,
1693 2804 1759 2833 νιιοη

967 2834 1148 2861 materialium
1169 2831 1320 2865 ιεηιενὶιιιῖ,
1337 2841 1397 2868 qua:
1419 2831 1481 2860 non'
1498 2837 1553 2860 tam
1575 2831 1758 2868 materialium

970 2868 1088 2903 dicatur,
1105 2876 1187 2904 quam
1209 2867 1439 2905 intelligentium:
1477 2875 1577 2903 nempe
1598 2867 1759 2903 προπέτεια.
