1946 3074
131 129 199 161 1377

484 132 651 163 CAPITUM
669 134 881 171 QUINQUIES
899 133 1159 166 CENTENORUM
1179 136 1371 166 CENTURIA
1389 137 1412 167 V

1691 138 1759 171 1378

131 185 296 220 νοουμένων.
314 185 428 213 Ἐνωσιν
441 185 470 212 δέ
485 195 551 222 φησι
567 187 615 214 τοῦ
631 188 687 220 νοῦ,
705 189 798 221 καθὼς
817 189 846 216 ὲν
864 190 920 221 τοῖς

976 190 1068 225 [utque
1089 190 1189 218 mentis
1206 191 1310 218 fortine.
1328 191 1453 226 Hincque
1472 191 1540 220 adeo
1555 198 1608 225 est,
1627 198 1655 220 ut
1672 198 1762 229 νοερὰ.

131 232 194 266 ἑξῆς
221 231 387 265 σαφέστερον
411 231 496 265 λέγει,
518 233 553 258 δι’
573 230 607 269 ἧς
629 234 698 270 πρὸς
727 235 761 261 τὰ
789 235 920 262 ἐπέκεινα

131 277 229 304 ἑαυτοῦ
246 276 424 308 ἀνατείνεται,
440 277 523 312 ἦγουν
540 280 572 314 τῇ
594 280 658 315 περὶ
671 279 739 306 Θεοῦ
756 280 921 315 προσϐάλλει

131 323 252 359 θεωρίᾳ·
282 323 312 349 τὸ
326 342 333 356 ,
352 323 460 350 πάντων
490 325 621 360 ἐκστῆναι
641 325 695 351 τῶν
716 326 852 361 αἰσθητῶν
875 325 922 352 καὶ

130 370 184 396 τῶν
200 369 314 406 νοητῶν,
327 369 368 396 ἔτι
389 369 417 396 δὲ
439 370 485 396 καὶ
502 371 550 405 τῆς
571 371 673 403 οἰκείας
700 372 851 406 κινήσεως·
869 369 919 398 εἶθ’

131 417 218 447 οὕτως
237 417 286 451 τῆς
301 415 376 446 θείας
389 415 516 448 γνώσεως
535 416 663 449 δέξασθαι
677 417 724 452 τὴν
741 417 849 444 ἀκτῖνα.

972 234 1064 266 idest,
1082 234 1274 270 intelligentia,
1293 236 1426 263 inferiora
1443 236 1500 263 sint
1523 237 1578 263 τῶν
1593 237 1706 273 νοητῶν,
1721 239 1764 266 his

972 279 1103 307 nimirum
1124 288 1184 315 quae
1202 281 1404 316 intelliguntur.
1427 282 1525 308 Mentis
1544 290 1611 310 vero
1632 283 1763 311 unionem

972 324 1050 358 dicit,
1065 325 1138 352 sicut
1158 325 1185 352 in
1207 326 1387 360 sequentibus
1400 327 1502 354 clarius
1515 328 1640 362 exponit,
1663 336 1717 363 qua
1734 336 1763 357 se

972 370 1096 397 extendit
1124 370 1158 398 ad
1182 379 1226 404 ea,
1250 379 1312 406 qum
1332 373 1380 400 illa
1401 374 1545 408 superiora
1567 377 1642 406 sunt,
1663 375 1764 402 divina:

973 414 1080 442 scilicet
1102 414 1266 443 incumbens
1288 417 1514 451 contemplationi
1537 426 1544 444 :
1569 425 1602 444 ea
1629 418 1761 446 nimirum

131 463 247 494 ratione,
271 469 323 496 qua
343 462 472 489 omnibus
491 470 550 496 qtae
572 470 653 490 sensu
674 463 864 498 percipiuntur
887 469 918 489 ae
937 469 998 496 qua:
1030 465 1122 487 mente
1138 460 1340 496 intelliguntur,
1359 461 1487 495 excedit;
1519 462 1610 490 adhuc
1623 467 1718 492 autem
1733 469 1764 492 et

130 516 181 536 suo
197 509 285 543 ipsius
303 513 394 542 motu;
414 517 446 536 ac
465 508 596 544 deinceps
613 510 715 538 divina:
734 510 857 538 scientia:
871 509 993 538 lttcidum
1005 507 1089 543 jubar
1104 508 1213 543 recipit.

165 556 197 580 o'.
214 553 246 579 Et
262 554 379 580 κινεῖται
391 552 529 587 ἀναλόγως
542 553 631 588 ἑαυτῷ
645 554 745 589 νοερῶς
757 554 804 580 τὸν
820 554 922 588 νοερὸν,

132 599 181 625 καὶ
201 599 258 625 νοεῖ
276 599 385 630 πάντως
397 608 404 615 ·
434 599 457 624 εἰ
473 598 500 624 δὲ
518 600 584 630 νοεῖ,
608 600 655 626 καὶ
671 601 722 636 ὲρᾷ
741 600 850 631 πάντως
874 599 922 625 τοῦ

131 644 291 678 νοηθέντος·
316 645 340 670 εἰ
355 644 383 670 δὲ
400 644 459 680 ἐρᾷ,
486 645 533 671 καὶ
554 644 654 679 πάσχει
668 646 778 676 πάντως
793 645 842 680 τὴν
855 645 923 681 πρδς

130 691 198 717 αὐτὸ
211 691 248 722 ὡς
266 690 381 725 ὲραστδν
399 691 544 717 ἔκστασιν
568 692 592 717 εἰ
609 692 637 717 δὲ
656 691 766 726 πάσχει,
785 691 864 726 δῆλον
879 691 920 717 ὅτι

131 737 181 763 καὶ
192 737 348 771 ὲπείγεται¹
371 737 396 763 εἰ
413 737 440 764 δὲ
458 737 610 771 ἐπείγεται,
633 737 681 763 καὶ
704 737 833 763 ἐπιτείνει
852 737 921 764 πάν-

131 791 186 814 τως
197 783 229 809 τὸ
243 783 358 819 σφοδρὸν
372 784 421 818 τῆς
436 784 582 818 κινήσεως.
604 784 636 810 Et
654 784 682 810 δὲ
705 783 836 810 ἐπιτείνει
857 791 922 817 σφο-

132 827 204 863 δρῶς
221 827 269 863 τὴν
283 828 402 863 κίνησιν,
430 829 479 863 οὐχ
502 829 610 856 ἵσταται
635 829 732 864 μέχρις
755 828 788 855 ἂν
809 829 922 863 γένηται

131 872 192 898 ὅλον
217 873 246 898 ἐν
273 873 327 907 ὅλῳ
351 873 388 907 τῷ
408 873 526 908 ὲραστῷ,
549 874 596 900 καὶ
622 873 666 907 ὑφ’
687 873 747 899 ὅλου
767 873 921 909 περιληφθῇ

132 919 276 950 ἑκουσίως,
289 918 349 945 ὅλον
364 919 433 945 κατὰ
448 919 610 955 προαίρεσιν
625 918 674 954 τὴν
691 919 825 954 σωτήριον
846 927 924 954 περι-

132 965 242 1000 γραφὴν
259 964 406 1000 δεχόμενον
417 964 428 1001 [
441 965 510 993 male
521 966 590 992 edita
607 965 784 1001 δεδόμενον]’
809 965 842 992 ἵν’
862 965 922 991 ὅλον

132 1011 186 1046 ὅλῳ
200 1011 305 1046 ποιωθῇ
318 1011 357 1046 τῷ
371 1012 568 1046 περιγράφοντι
579 1031 586 1041 ,
607 1010 645 1042 ὡς
662 1011 724 1046 μηδ’
745 1010 813 1042 ὅλως
830 1010 923 1037 λοιπὸν

133 1057 278 1092 βούλεσθαι
296 1057 326 1089 ἐξ
346 1057 443 1084 ἑαυτοῦ
463 1058 530 1084 αὐτὸ
554 1058 642 1085 ἐκεῖνο
662 1058 722 1084 ὅλον
741 1057 922 1093 γνωρίζεσθαι

133 1101 266 1129 δύνασθαι
278 1102 309 1129 τὸ
327 1103 579 1138 περιγραφόμενον·
599 1103 656 1129 ἀλλ’
675 1103 707 1129 ἐκ
722 1102 768 1129 τοῦ
788 1102 922 1138 περιγρά-

133 1157 241 1182 φοντος,
255 1148 292 1180 ὡς
306 1148 358 1184 ἀὴρ
372 1149 460 1175 διόλου
471 1149 678 1184 πεφογτισμένος
693 1148 763 1184 φωτί
774 1157 780 1163 ’
796 1149 843 1176 καὶ
857 1149 923 1184 πυρὶ

133 1194 244 1229 σίδηρος
258 1194 319 1226 ὅλος
335 1194 389 1231 ὅλῳ
406 1194 670 1230 πεπυρακωμένος,
687 1194 703 1229 ἦ
720 1194 773 1221 εἴτι
792 1194 857 1222 ἄλλο
869 1194 923 1221 τῶν

134 1239 264 1266 τοιούτων
275 1240 346 1267 ἐστὶ.

167 1369 220 1397 οα’.
239 1370 327 1405 Πολλὴ
344 1370 360 1405 ἡ
372 1370 439 1405 προς
452 1370 485 1396 τὰ
498 1369 633 1405 νοούμενα
647 1369 701 1396 τῶν
717 1368 862 1398 νοοῦντων,
875 1369 922 1395 καὶ

137 1416 207 1451 πρὸς
224 1416 258 1442 τὰ
275 1415 393 1451 αἰσθητὰ
408 1416 463 1443 τῶν
493 1415 698 1450 αἰσθανομένων
717 1414 819 1449 σχέσις.
844 1414 872 1440 '0
893 1414 922 1440 δὲ

132 1450 322 1495 ἄνθρωπος’ὲκ
333 1459 421 1495 ψυχῆς
433 1460 479 1486 καὶ
496 1459 621 1494 σώματος
634 1458 777 1493 τυγχάνων
796 1458 920 1493 αἰσθητι-

132 1505 195 1538 κοῦ,
209 1506 254 1532 διὰ
267 1506 317 1541 τῆς
333 1507 392 1532 κατ’
407 1505 565 1541 ἐπαλλαγὴν
586 1505 655 1540 προς
679 1504 797 1539 ἑκάτερα
816 1504 850 1531 τὰ
873 1504 922 1538 τῆς

133 1551 249 1584 κτίσεως
265 1552 398 1587 τμήματα
412 1552 530 1585 φυσικῆς,
540 1549 658 1585 σχέσεώς
672 1558 701 1576 τε
717 1550 765 1576 καὶ
779 1549 919 1585 ἰδιότητος,

133 1598 181 1624 καὶ
195 1584 394 1632 περιγράιρεται
411 1584 457 1623 καὶ
470 1584 651 1631 περιγράφει·
664 1595 694 1621 τὸ
715 1595 774 1630 μὲν,
787 1596 819 1630 τῇ
831 1595 919 1629 οὐσίᾳ·
935 1584 956 1612 c

132 1642 163 1668 τὸ
183 1641 222 1673 δὲ,
238 1643 271 1676 τῇ
287 1642 410 1676 δυνάμει.
430 1640 655 1676 ιῐεριγράφεοθαι
672 1641 726 1674 γὰρ
742 1641 798 1672 τοῖς
813 1635 921 1675 νοητοῗς

133 1688 181 1715 καὶ
198 1689 336 1722 αἰσθητοῖς
360 1688 397 1720 ὡς
425 1687 498 1723 ψυχὴ
517 1687 660 1722 τυγχάνων
682 1687 729 1713 καὶ
754 1686 845 1721 σῶμα,
875 1685 922 1713 καὶ

133 1733 316 1769 περιγράφειν
330 1733 417 1760 ταῦτα
431 1733 502 1759 κατὰ
518 1733 632 1767 δύναμιν
648 1732 781 1767 πέφυκεν,
800 1732 837 1763 ὡς
854 1731 924 1758 νοῶν

132 1780 180 1806 καὶ
208 1779 446 1814 αισθανόμενος-ὁ
470 1779 498 1806 δὲ
521 1779 587 1810 Θεὸς
605 1778 698 1810 ἁπλῶς
718 1777 764 1804 καὶ
791 1777 924 1813 ἀορίστως

135 1826 207 1861 ὑπὲρ
235 1826 324 1852 πάντα
347 1826 381 1852 τὰ
406 1826 471 1852 ὄντα
490 1825 558 1857 ἐστὶ,
579 1824 614 1850 τὰ
638 1823 801 1860 περιέχοντὰ
824 1831 853 1848 τε
878 1822 925 1848 καὶ

132 1872 326 1908 περιεχόμενα,
342 1872 380 1904 ῶς
392 1873 459 1898 πᾶσι
476 1870 614 1902 παντελῶς
626 1870 739 1905 ἄσχετος
753 1869 802 1895 ῶν.

1011 551 1053 578 70.
1068 551 1146 585 Quod
1168 552 1327 587 intelligens
1345 560 1397 587 pro
1417 553 1459 580 sui
1481 554 1587 583 ratione
1609 556 1764 592 intelligen-

976 597 1044 624 tium
1058 605 1134 624 more
1150 602 1285 630 movetur,
1303 598 1415 625 omnino
1430 599 1512 627 etiam
1528 600 1655 637 intelligit
1670 607 1698 630 et
1715 611 1763 630 eo.

974 644 1050 678 gitat.
1073 643 1102 670 Si
1123 649 1214 671 autem
1232 644 1359 679 intelligit
1379 652 1411 673 ac
1432 646 1543 680 cogitat,
1562 649 1657 682 procul
1677 649 1763 677 dubio

973 689 1054 717 etiam
1068 689 1236 716 intellectum
1248 690 1432 725 aceogitatum
1441 697 1523 719 amat.
1537 692 1564 720 Si
1577 699 1667 721 autem
1678 700 1762 728 amat,

974 735 1086 762 omnino
1098 735 1179 762 etiam
1193 735 1221 762 in
1238 735 1316 768 illud,
1336 741 1367 763 ut
1389 745 1447 764 rem
1467 743 1596 772 amatam,
1620 747 1763 769 excessum

972 780 1085 815 patitur.
1104 780 1152 808 Sin
1173 786 1264 808 autem
1284 782 1398 816 patitur,
1415 783 1487 810 haud
1505 783 1619 811 dubium
1636 785 1702 820 quin
1715 794 1763 813 ur-

972 830 1069 862 geatur
1085 834 1117 854 ac
1133 827 1273 854 tneitetur.
1297 827 1326 854 Si
1347 835 1414 855 vero
1433 833 1547 864 urgetur
1568 836 1601 856 ac
1621 829 1762 863 incitatur,

973 880 1086 907 prorsus
1112 873 1196 899 etiam
1221 876 1313 900 motus
1337 873 1540 901 vehementiam
1562 874 1690 903 intendit.
1715 876 1764 904 Sin

976 922 1067 945 autem
1088 918 1266 945 vehementer
1289 918 1407 946 intendit
1428 924 1544 953 motum,
1560 928 1615 948 non
1635 921 1762 956 quiescit,

976 963 1064 990 donec
1080 966 1166 990 totum
1186 963 1235 990 toti
1256 968 1346 991 amato
1366 964 1549 998 immeaverit,
1570 970 1653 1001 atque
1676 974 1691 994 a
1705 971 1764 995 toto

976 1012 1073 1044 sponte
1097 1009 1327 1044 comprehensum
1353 1009 1446 1042 fuerit,
1474 1011 1548 1046 quod
1570 1015 1657 1039 totum
1678 1013 1762 1041 animi

976 1055 1116 1090 proposito
1132 1063 1165 1082 ac
1181 1056 1320 1083 voluntate
1331 1056 1475 1084 salutarem
1488 1058 1577 1092 capiat
1592 1058 1764 1088 circumscri-

976 1099 1108 1133 ptionem,
1123 1104 1153 1127 ut
1168 1103 1267 1132 totum,
1283 1107 1315 1127 eo
1330 1100 1402 1135 quod
1415 1101 1625 1134 circumscribit,
1643 1108 1698 1130 toto
1713 1104 1764 1131 int-

976 1145 1086 1178 buatur,
1110 1150 1140 1173 ut
1164 1154 1215 1174 nec
1234 1154 1345 1181 prorsus
1358 1147 1413 1181 jam
1429 1155 1462 1175 ex
1483 1147 1573 1182 seipse
1591 1148 1657 1176 illud
1674 1149 1762 1183 ipsqu

976 1191 1050 1226 qttod
1076 1195 1163 1218 totum
1186 1191 1426 1219 circumscribitur
1448 1192 1571 1227 dignosci
1588 1201 1668 1228 posse
1684 1195 1762 1227 velit,

977 1236 1024 1263 sed
1046 1244 1079 1264 ex
1098 1244 1132 1263 eo
1156 1236 1227 1271 quod
1247 1236 1458 1269 circumscribit,
1477 1237 1553 1265 velut
1572 1246 1618 1265 aer
1642 1239 1762 1274 undique

976 1280 1037 1307 lucc
1054 1280 1192 1315 perfusus,
1210 1284 1238 1308 et
1252 1280 1355 1308 ferrum
1371 1285 1458 1308 totum
1472 1286 1529 1309 toto
1546 1283 1602 1318 igni
1618 1284 1761 1312 subactum

976 1326 1182 1360 incensumque,
1196 1330 1243 1353 aut
1256 1326 1278 1353 si
1295 1327 1361 1361 quid
1374 1327 1448 1354 aliud
1461 1332 1503 1355 est
1517 1329 1576 1364 ejus
1590 1330 1708 1364 generis.

1010 1371 1054 1398 Ἠ.
1082 1371 1179 1405 Ingens
1199 1371 1322 1405 quaedam
1346 1377 1388 1400 est
1408 1379 1503 1400 eorum
1521 1382 1582 1409 qua:
1607 1374 1764 1410 intelligunt

975 1423 1036 1442 cum
1053 1415 1086 1443 its
1099 1423 1159 1450 qua:
1179 1416 1379 1451 intelliguntur,
1401 1421 1429 1444 et
1443 1425 1538 1445 eorum
1558 1426 1618 1453 quae
1629 1419 1761 1452 sentiunt,

975 1468 1037 1487 cum
1051 1461 1084 1488 iis
1096 1469 1157 1495 quae
1170 1469 1252 1488 sensu
1269 1461 1468 1496 percipiuntur,
1486 1464 1660 1491 necessitudo
1671 1469 1699 1492 et
1716 1465 1764 1492 ha-

974 1506 1080 1533 bitudo.
1107 1506 1192 1534 Homo
1213 1511 1316 1539 autem,
1342 1514 1404 1534 cum
1429 1515 1461 1534 ex
1487 1508 1578 1535 anima
1598 1513 1626 1536 ct
1648 1517 1763 1544 corpore

975 1551 1110 1578 sentiendi
1130 1551 1157 1577 vi
1175 1551 1297 1586 przedito,
1313 1556 1431 1584 constet,
1454 1560 1487 1580 ex
1508 1554 1626 1580 naturali
1642 1554 1763 1582 vicissim

975 1604 1037 1623 cum
1065 1597 1196 1624 alterutra
1227 1601 1359 1625 creaturae
1392 1598 1518 1632 portione
1550 1598 1712 1627 habitudine
1735 1604 1764 1627 et

975 1642 1152 1676 proprietate,
1170 1646 1226 1668 tum
1242 1642 1492 1676 circumscribitur;
1512 1648 1569 1671 tum
1587 1645 1762 1673 circumscri-

975 1686 1030 1719 bit;
1045 1686 1160 1713 alterum
1173 1686 1284 1721 quidem
1299 1687 1472 1719 substantia;
1490 1688 1603 1714 alteram
1617 1696 1691 1720 vero,
1712 1697 1762 1724 po-

974 1732 1070 1759 tentia.
1091 1731 1126 1759 Ut
1148 1739 1245 1766 nempe
1267 1732 1512 1760 circumscribatur
1528 1733 1581 1760 illis
1597 1741 1657 1768 qtue
1671 1738 1763 1761 mente

972 1776 1162 1811 intelliguntur
1174 1784 1205 1803 ac
1216 1785 1277 1811 quze
1294 1785 1375 1805 sensu
1387 1778 1590 1813 percipiuntur,
1604 1779 1667 1806 inde
1680 1780 1762 1815 627

973 1828 1015 1850 est
1029 1822 1101 1858 quod
1119 1822 1211 1850 anima
1226 1828 1254 1850 et
1266 1830 1366 1858 corpus
1376 1828 1436 1856 est;
1451 1828 1481 1850 ut
1490 1831 1556 1852 vero
1568 1825 1626 1852 lucc
1639 1826 1762 1860 potentia

975 1866 1192 1899 circumscribat,
1221 1866 1294 1901 quod
1320 1867 1475 1903 intelligens
1498 1876 1531 1896 ac
1559 1870 1681 1896 sentiens
1707 1875 1760 1899 est.

133 1915 207 1944 Deus
231 1922 321 1945 autem
343 1917 504 1952 simpliciter
522 1921 550 1943 et
571 1916 703 1942 immense
724 1922 807 1949 super
829 1911 921 1940 omnia
939 1915 992 1944 est,
1012 1915 1070 1939 tum
1090 1918 1122 1938 ea
1141 1919 1202 1946 quae
1237 1912 1380 1940 continent
1417 1917 1475 1940 tum
1496 1921 1556 1949 quas
1575 1914 1762 1947 continentur,

133 1969 163 1991 ut
178 1964 225 2000 qui
240 1965 347 1992 cunctis
365 1972 479 2000 prorsus
490 1964 634 1991 absolutus
649 1963 762 1991 eminet.

167 2013 216 2047 οβ’.
235 2013 311 2039 Πᾶσα
324 2012 404 2047 ἡδονὴ
422 2012 475 2039 τῶν
498 2011 747 2047 ἀπηγορευμένων,
768 2011 799 2037 ἐκ
819 2008 922 2040 πάθους

131 2058 177 2085 διὰ
191 2058 276 2099 μέσης
295 2058 448 2093 αἰσθήσεως
462 2058 529 2093 πρός
549 2067 575 2084 τι
594 2057 704 2088 πάντως
725 2056 848 2091 γίνεσθαι
872 2055 922 2081 πέ-
942 2051 944 2053 ’

135 2113 223 2138 φυκεν
246 2104 385 2139 αἰσθητόν,
413 2104 480 2130 Οὐδὲ
504 2104 558 2139 γὰρ
580 2103 644 2130 ἄλλο
667 2103 693 2129 τί
709 2103 783 2129 ἐστιν
797 2101 921 2138 ἡδονὴ,ῆ

135 2147 206 2180 εἶδος
226 2149 389 2184 αἰσθήσεως,
405 2149 433 2175 ἐν
448 2148 486 2184 τῷ
509 2147 660 2183 αἰσθητικῷ
683 2148 726 2174 διά
740 2156 812 2179 τινος
825 2147 923 2181 αἰσθη-

134 2195 183 2222 τοῦ
206 2194 401 2230 μορφουμένη·
429 2194 446 2229 ἢ
465 2194 566 2229 τρόπος
595 2193 755 2228 αἰσθητικῆς
772 2192 922 2228 ἐνεργείας,

133 2243 193 2269 κατ’
209 2241 355 2276 ἐπιθυμίαν
369 2240 465 2274 ἄλογον
479 2240 683 2275 συνιστάμενος.
705 2237 853 2273 Ἐπιουμία
868 2237 922 2273 γὰρ

132 2287 259 2322 αἰσθήσει
275 2286 455 2321 προστεθεῖσα
466 2306 472 2318 ,
491 2286 530 2316 εἰς
546 2285 641 2320 ἡδονὴν
658 2283 834 2320 μεταπίπτει,
853 2280 923 2314 εἶδος

131 2333 202 2367 αὐτῇ
223 2332 374 2366 ὲπάγουσα¹
389 2331 435 2358 καὶ
453 2330 578 2364 αἴσθησις
597 2331 658 2356 κατ’
674 2328 823 2364 ἐπιθυμίαν
843 2337 922 2363 κινη-

132 2377 221 2410 θεῖσα,
243 2377 339 2412 ἡδονὴν
366 2375 565 2411 ἀπεργάζεται,
589 2376 618 2401 τὺ
643 2375 771 2409 αἰσθητὸν
801 2374 921 2409 προσλα-

131 2422 228 2449 6οΞσα.
243 2422 356 2453 Γνόντες
372 2419 419 2448 οὖν
442 2421 466 2447 οἱ
483 2420 567 2455 ἅγιοι,
584 2421 624 2447 ὅτι
643 2420 688 2447 διὰ
713 2419 800 2454 μέσης
821 2418 921 2454 σαρκὸς

131 2468 202 2503 πρὸς
217 2469 266 2502 τὴν
294 2467 361 2502 ὕλην
381 2468 398 2502 ἠ
412 2467 486 2501 ψυχὴ
507 2466 582 2502 παρὰ
598 2465 679 2500 φύσιν
705 2464 853 2499 κινουμένη
871 2464 920 2499 τὴν

130 2514 228 2549 χοῖκὴν
248 2512 356 2548 μορφὴν
371 2512 527 2543 ὑποδύεται,
542 2511 587 2538 διὰ
603 2510 689 2546 μέσης
709 2509 811 2545 μᾶλλον
831 2509 921 2544 ψυχῆς

130 2558 203 2585 κατὰ
226 2558 308 2592 φύσιν
336 2557 415 2584 αὐτοὶ
442 2557 511 2592 πρὸς
533 2556 579 2582 τδν
601 2556 667 2582 Θεὸν
686 2554 852 2590 κινούμενοι,
874 2554 920 2581 καὶ

130 2606 180 2639 τὴν
196 2604 286 2639 σάρκα
303 2603 342 2638 τῷ
362 2602 421 2638 Θεῷ
440 2603 600 2638 πρεπόντως
617 2601 759 2628 οἰκειῶσαι
783 2599 921 2635 διενοήθη-

133 2659 192 2682 σαν,
210 2650 244 2677 δι’
259 2651 403 2686 ἀσκήσεως
419 2649 525 2684 ἀρετῶν
552 2648 734 2684 ἐνδεχομένως
761 2646 847 2682 αὐτὴν
860 2647 920 2678 ταῖς

132 2696 220 2728 θείαις
233 2696 369 2731 ἐμφάσεσι
383 2695 617 2726 καλλωπίσαντες.

168 2836 219 2867 ογθ.
236 2832 425 2868 Μεγαλοφυῶς
440 2830 479 2872 ὀἱ
504 2830 575 2864 ἅγιοι
605 2827 674 2856 κατὰ
700 2828 746 2870 τὸν
764 2827 852 2864 ἀληθῆ
875 2827 922 2855 καὶ

1010 2008 1052 2034 72.
1070 2007 1158 2035 Vetita
1173 2007 1263 2035 omnis
1281 2008 1414 2042 voluptas,
1429 2016 1462 2035 ex
1478 2009 1604 2041 passione
1621 2014 1703 2045 atque
1718 2011 1760 2038 af-

974 2052 1046 2080 fectu
1061 2053 1088 2080 in
1103 2061 1160 2080 rem
1171 2053 1288 2088 aliquam
1298 2052 1390 2080 sensui
1405 2053 1551 2089 obiectam,
1561 2061 1643 2081 sensu
1658 2055 1762 2088 medio,

973 2099 1099 2134 pronasei
1129 2098 1220 2125 habet.
1247 2097 1306 2125 Non
1329 2098 1402 2126 enim
1429 2099 1553 2133 voluptas
1581 2099 1654 2126 aliud
1682 2099 1763 2133 quid—

974 2151 1055 2179 quam
1082 2147 1134 2176 est,
1158 2151 1240 2178 quam
1266 2143 1410 2170 sentientis
1435 2143 1572 2171 facultatis
1596 2145 1702 2179 species
1729 2153 1763 2172 ac

975 2190 1072 2222 forma,
1091 2190 1131 2217 rei
1148 2190 1263 2226 alicujus
1274 2190 1382 2217 sensilis
1397 2198 1490 2225 opera,
1512 2190 1539 2217 in
1554 2191 1688 2218 sentiente
1704 2191 1761 2219 for»

939 2229 959 2255 υ
976 2241 1047 2263 mata
1065 2245 1071 2262 :
1097 2235 1154 2263 sive
1176 2235 1312 2263 sentiendi
1334 2235 1503 2270 operationis
1521 2236 1628 2269 modus,
1651 2237 1761 2264 irratio-

972 2282 1025 2309 nali
1039 2281 1189 2316 cupiditate
1204 2282 1368 2310 consistens.
1382 2282 1526 2317 Cupiditas
1546 2283 1631 2315 enim,
1657 2283 1678 2310 si
1696 2292 1761 2310 sen-

970 2328 1012 2355 sui
1038 2327 1160 2359 accedat,
1177 2327 1204 2354 in
1223 2328 1390 2362 voluptatem
1413 2329 1519 2359 transit,
1537 2328 1650 2354 formam
1675 2329 1713 2355 illi
1729 2337 1761 2355 ac

971 2373 1089 2408 speciem
1114 2373 1264 2405 inducens;
1292 2381 1444 2407 sensusque
1470 2373 1622 2407 cupiditate
1648 2378 1759 2404 motus.

971 2426 1028 2445 rem
1050 2423 1146 2444 nactus
1168 2425 1277 2445 sensum
1294 2418 1468 2450 atlicientcm,
1486 2419 1650 2454 voluptatem
1666 2418 1758 2445 ellicil.

969 2463 1093 2490 Seientes
1109 2463 1200 2497 itaque
1214 2463 1311 2495 sancti,
1336 2463 1466 2495 animam,
1482 2463 1547 2490 dum
1567 2471 1649 2490 carne
1670 2463 1759 2490 media

971 2504 1162 2536 innaturalitcr
1172 2508 1205 2536 ad
1222 2513 1327 2536 terrena
1344 2513 1480 2540 movetur,
1495 2513 1630 2535 terrenam
1643 2508 1758 2535 formam

971 2554 1101 2587 induere;
1123 2554 1172 2589 ipsi
1190 2554 1280 2589 potius
1295 2554 1384 2581 media
1398 2555 1488 2580 anima
1510 2561 1544 2581 ex
1559 2558 1662 2580 natura:
1675 2552 1759 2579 ratio-

970 2599 1053 2627 nibus
1074 2599 1102 2626 in
1125 2599 1211 2626 Deum
1231 2603 1307 2626 motu
1331 2599 1516 2630 connitentes,
1540 2597 1628 2633 ipsam
1648 2605 1758 2632 quoque

973 2653 1082 2672 carnem
1101 2645 1296 2672 convenienter
1307 2645 1363 2671 Deo
1374 2644 1523 2671 conciliare
1539 2651 1631 2678 opem
1639 2642 1758 2677 pretium

974 2691 1121 2722 duxerunt,
1140 2691 1274 2717 virtutum
1296 2690 1371 2717 cultu
1391 2697 1423 2717 ac
1442 2689 1650 2720 exercitatione,
1668 2687 1758 2722 quoat!
1780 2722 1791 2728 ν

973 2736 1092 2768 licebat,
1117 2735 1220 2763 divinis
1250 2743 1310 2762 eam
1335 2734 1511 2771 perornando
1538 2732 1758 2769 reprzesentatio-

973 2782 1065 2810 nibus.
1454 2809 1463 2814 .

1008 2828 1052 2855 75.
1077 2827 1179 2861 Sancti,
1197 2829 1269 2855 ‘vero
1289 2835 1320 2855 ac
1341 2827 1474 2855 inoli‘enso
1493 2830 1584 2853 motus
1602 2833 1635 2852 ex
1660 2827 1756 2851 natura
