1946 3074
203 137 268 169 1379

780 139 811 171 S.
832 139 975 170 MAXIM!
995 138 1250 170 CONFESSORIS

1769 136 1837 170 1380

201 198 294 228 modo.
312 203 433 232 prmsens
449 199 627 222 scammatum
648 199 730 230 atque
750 203 840 223 arenae
859 196 989 223 saeculum

1046 196 1191 223 Ξπταιστον
1218 194 1269 230 τῆς
1293 195 1366 222 κατά
1389 193 1470 228 φύσιν
1495 194 1631 230 κινήσεως
1655 194 1774 235 ειτρόσιιιονι
1793 196 1835 221 τὸν

201 239 345 276 magniﬁce
358 239 542 272 transierunt;
558 246 669 267 sensum
684 240 795 275 quidem
810 248 873 268 cum
887 246 989 273 mente,

202 286 373 322 simplicibus
384 284 474 312 media
491 285 596 313 ratione
609 293 701 313 rerum
716 286 869 314 rationibus
888 287 992 314 instru-

203 336 256 364 cta,
283 331 460 366 copulantes;
483 334 604 358 mentem
629 339 706 364 vero,
728 331 803 359 omni
827 340 942 367 prorsus
963 332 991 359 in

201 385 245 404 res
258 377 395 411 quaslibet
417 380 493 403 motu
513 377 641 410 solutam,
660 383 742 412 atque
755 378 789 405 ab
802 377 859 412 ipsa
877 385 925 406 sua
940 386 990 406 na-

202 423 283 450 turali
296 422 455 458 operatione
477 427 631 456 vacantem,
651 423 708 451 Deo
727 424 910 458 adhibentes;
926 432 990 460 qua,

201 473 257 495 tota
271 467 296 494 vi
310 468 337 494 in
353 468 439 495 Deum
452 467 570 501 collecti,
586 467 646 501 toti,
664 468 721 496 Deo
735 469 784 496 toti
797 476 847 504 per
863 469 991 504 spiritum

202 514 310 542 misceri
348 519 525 546 meruerunt,
557 518 643 541 totam
676 515 797 543 celestis
829 515 990 551 imaginem,

201 560 291 596 quoad
319 567 481 587 concessum
509 560 670 588 hominibus
699 565 752 593 est,
778 565 921 596 portantes
948 562 990 595 ";

201 610 359 641 tantamque
370 606 470 633 divina
484 607 729 641 representationis
739 607 795 634 vim
808 607 850 642 (ut
864 607 901 635 ita
910 607 993 635 liccat

199 651 286 686 loqui)
299 651 447 684 trahentes,
462 656 595 686 quantum
611 652 663 685 ipsi
679 652 759 679 tracti
777 652 805 679 in
822 652 909 680 Deum
924 660 992 680 con-

199 703 318 723 cessere.

236 791 279 822 74.
298 789 379 816 Aiunt
401 789 487 816 Deum
510 793 538 816 et
560 789 700 817 hominem
716 789 769 816 stni
789 793 885 816 mutuo
901 796 995 816 exem-
1011 818 1017 823 _

199 835 287 870 plaria
308 842 380 866 esse,
399 837 559 869 tantumque
577 834 665 862 Deum
690 833 796 861 homini
824 832 993 868 benignitate

1043 242 1164 278 παρόντα
1185 241 1240 268 τῶν
1259 241 1431 276 σκαμμάτων
1453 240 1540 267 αἰῶνα
1556 240 1605 276 (m)
1621 241 1761 277 διέὸησανο
1781 242 1832 278 τὴν

1043 288 1093 324 μὲν
1107 288 1247 324 αἴσθησιν,
1266 287 1370 320 ἁπλοῦς
1385 287 1429 314 διὰ
1446 288 1530 323 μέσου
1544 287 1591 314 τοῦ
1603 287 1684 322 λόγου
1701 288 1772 324 πρὸς
1788 289 1835 315 τὸν

1042 333 1104 361 νοῦν
1121 335 1184 366 τοὺς
1208 334 1263 361 τῶν
1277 334 1362 361 ὄντων
1380 333 1478 369 ἔχοντα
1498 333 1593 367 λόγους
1609 333 1774 365 ἑνώσαντες·
1791 333 1838 360 τὸν

1041 381 1069 407 δὲ
1083 379 1158 411 νοῦν,
1174 380 1224 415 τῆς
1246 388 1280 406 πε
1286 380 1312 415 ρὶ
1327 379 1361 406 τὰ
1375 379 1440 406 ὄντα
1456 378 1544 406 πάντα
1558 379 1694 414 κινήσεως
1708 378 1838 413 καθαρῶς

1041 426 1221 459 ἀπολυθέντα,
1231 427 1278 453 καὶ
1290 426 1376 461 αὐτῆς
1390 425 1440 461 τῆς
1454 424 1516 453 καθ’
1528 424 1610 452 αὑτὸν
1625 425 1744 460 φυσικῆς
1759 425 1838 460 ἔνερ-

1041 472 1119 506 γείας
1131 472 1297 508 ὴρεμοῦντα,
1324 472 1364 507 τῷ
1387 472 1447 507 Θεῷ
1462 471 1710 509 προσκομίσαντες·
1733 471 1796 498 καθ’
1807 471 1838 497 ὃν

1041 518 1142 550 ὑλικῶς
1159 518 1229 554 πρὸς
1244 518 1310 545 Θεὸν
1322 517 1514 554 συναχθέντες,
1530 518 1585 545 ὅλοι
1599 518 1652 552 ὅλῳ
1665 517 1726 552 Θεῷ
1735 519 1838 552 ἐγκρα-

1044 564 1123 600 Θῆναι
1137 564 1181 591 διὰ
1196 564 1243 590 τοῦ
1257 564 1411 600 πνεύματος
1424 563 1592 599 ἠξιώθησαν,
1612 563 1676 599 ὃλην
1689 562 1736 590 τοῦ
1752 564 1837 590 ἐπου-

1044 609 1136 644 ρανίου
1151 609 1222 636 κατὰ
1245 609 1276 635 τὸ
1292 609 1405 635 δυνατὸν
1429 608 1598 644 ἀνθρώποις,
1614 609 1664 644 τὴν
1681 609 1774 635 εἰκόνα
1791 616 1837 642 φο-

1049 655 1188 691 ρέσαντες,
1212 655 1258 681 καὶ
1280 654 1407 682 τοσοῦτον
1430 655 1557 687 ἕλξαντες
1579 655 1628 689 τῆς
1643 654 1719 685 θείας
1744 654 1821 690 ὲμφά

1044 710 1124 733 σεως,
1133 701 1157 727 εἰ
1174 700 1255 735 θέμις
1266 700 1344 727 τοῦτο
1360 701 1458 732 εἰπεῖν,
1476 700 1538 727 ὅσον
1551 699 1692 735 ἑλχθέντες
1702 699 1783 727 αὐτοὶ
1795 698 1836 734 τῷ

1043 745 1102 782 Θεῷ
1115 745 1288 780 ὲνετέθησαν.

1077 792 1124 819 (ιδ’.
1146 791 1283 826 Ἀλλήλων
1306 788 1377 817 εἰναί
1390 798 1456 825 φασι
1471 789 1697 825 παραδείγματα,
1711 790 1757 817 τὸν
1768 789 1835 817 Θεὸν

1044 835 1092 864 καὶ
1109 836 1155 863 τὸν
1175 836 1328 871 ἄνθρωπον,
1357 836 1404 862 καὶ
1420 833 1547 862 τοσοῦτον
1565 835 1604 870 τῷ
1628 834 1767 871 ἀνθρώπῳ
1789 835 1835 862 τὸν

200 888 233 908 ac
243 879 388 907 clementia
406 879 544 907 hominem
562 879 632 912 ﬁeri,
651 883 784 914 quantum
799 879 883 906 homo
894 886 923 906 se
937 878 992 906 Deo

1046 882 1110 909 Θεὸν
1125 883 1169 909 διά
1190 881 1397 918 φιλανθρωπίαν
1422 881 1654 917 άνθρωπίζεσθαι,
1676 880 1738 908 ὅσον
1754 882 1769 908 ὸ
1786 881 1835 908 ἄν-

199 935 251 961 per
265 927 426 954 charitatem
442 925 570 953 deiﬁcare
587 925 697 960 potuit:
719 929 881 960 tantumque
901 924 992 951 homi-

200 979 263 998 nem
281 979 297 998 a
312 971 368 998 Deo
382 970 441 1005 rapi
452 970 486 997 ad
500 970 798 1005 scicndum,quantum
812 969 896 997 homo
905 968 992 996 Deum

198 1021 300 1044 natura
326 1016 552 1051 inaspectabilem
574 1017 709 1044 virtutum
739 1019 839 1043 ornatu
867 1014 992 1042 manife-

201 1063 295 1090 stavit.

235 1109 279 1135 '15.
294 1108 423 1143 Quisquis
439 1107 614 1136 mortiﬁcavit
623 1106 748 1134 membra
758 1113 819 1141 qua:
831 1109 896 1133 sunt
910 1112 994 1139 super

202 1159 302 1181 terram
324 1155 358 1187 '°,
381 1161 547 1189 omnemque
570 1161 585 1180 a
607 1161 637 1181 se
665 1153 758 1180 carnis
775 1152 859 1188 628
881 1159 993 1179 sensum

200 1198 341 1231 exstinxit,
362 1206 394 1226 ac
411 1206 534 1234 prorsus,
553 1206 608 1232 qua
635 1198 675 1225 illi
697 1197 854 1229 tenebatur,
867 1195 992 1223 all‘ectio-

202 1251 264 1270 nem
283 1243 415 1276 excussit,
435 1251 488 1278 qua
513 1241 552 1275 ﬁt,
577 1248 607 1270 ut
627 1243 748 1270 Charitas
768 1242 815 1269 uni
831 1241 887 1268 Deo
900 1241 993 1268 debita

202 1287 230 1315 in
253 1288 332 1315 nobis
355 1288 481 1323 partibus
500 1286 658 1320 scindatur;
683 1291 836 1320 cunctaque
857 1285 949 1313 carnis
961 1292 993 1312 ac

202 1333 309 1366 mundi,
326 1333 426 1361 divinae
438 1333 532 1369 gratia;
546 1340 639 1365 causa,
655 1332 771 1368 insignia
788 1331 908 1366 negavit,
926 1334 994 1358 utet

201 1379 296 1406 dicere
316 1379 403 1414 possit
423 1387 485 1406 cum
506 1379 587 1406 beato
604 1379 688 1406 Paulo
701 1378 825 1413 apostolo
840 1387 847 1404 :
865 1376 929 1410 Quis
947 1385 993 1404 nos

201 1426 334 1460 separabit
351 1435 366 1452 a
378 1426 505 1452 charitatc
520 1424 636 1453 Christi?
654 1428 682 1452 et
698 1432 758 1459 qua:
778 1427 934 1459 sequuntur
949 1423 992 1456 7‘;

203 1470 248 1498 hic
258 1471 392 1502 talis,:ine
403 1476 478 1506 patre
492 1474 515 1497 et
530 1471 587 1497 sine
598 1474 682 1497 matre
694 1474 718 1496 et
729 1470 785 1496 sine
793 1468 948 1504 genealogia
959 1468 992 1499 τ’.

203 1516 231 1542 in
247 1524 351 1543 morem
371 1516 462 1551 magni
481 1515 682 1543 Melchisedech
703 1515 791 1542 factus
805 1518 861 1546 est.
872 1521 927 1541 non
944 1514 992 1541 ha-

203 1561 271 1588 hens
278 1569 332 1596 quo
345 1569 360 1588 a
374 1569 457 1588 carne
470 1565 498 1588 et
511 1565 607 1587 natura
621 1565 758 1594 teneatur,
772 1560 807 1587 ob
818 1560 992 1596 conjunctio—
1006 1546 1027 1576 θ

202 1615 266 1635 nent
278 1615 338 1642 quae
357 1607 396 1634 illi
407 1615 468 1634 cum
482 1606 580 1642 spiritu
596 1606 705 1642 obtigit.

238 1708 281 1735 76.
311 1708 387 1735 llaud
411 1708 516 1744 justum
545 1712 620 1742 puto,
648 1707 792 1743 prmsentis
813 1707 877 1735 vita:
899 1707 992 1740 ﬁnem,

203 1760 320 1781 mortem
338 1754 486 1788 appellare,
501 1753 549 1781 sed
562 1753 753 1781 liberationem
763 1761 779 1780 a
790 1758 888 1785 morte,
901 1760 993 1780 semo-

203 1802 258 1825 tam
273 1797 488 1832 corruptionem,
502 1797 669 1825 vindicatam
685 1798 855 1830 libertatem,
871 1797 994 1825 sedatam

203 1843 400 1875 turbationem,
419 1843 527 1870 sublata
550 1843 632 1874 bella,
643 1843 736 1878 pulsas
754 1843 894 1875 tenebras,
919 1842 995 1869 labo-

203 1897 264 1916 rum
281 1890 416 1924 requiem,
432 1889 466 1916 ab
490 1894 559 1917 aestu
576 1897 717 1921 serenum,
733 1889 881 1916 obductam
895 1888 994 1916 confu-

203 1932 319 1963 sionem,
332 1931 467 1958 eluctatos
482 1931 596 1958 aﬁ‘ectus
612 1939 644 1958 ac
657 1931 898 1966 perturbationes;
911 1936 939 1958 et
965 1934 995 1958 ut

204 1985 310 2005 summa
332 1977 431 2010 dicant,
456 1977 579 2004 omnium
599 1977 883 2012 circumscriptionem
907 1977 995 2004 malo-

203 2031 264 2050 rum
287 2031 319 2050 ac
342 2027 460 2056 metam;
477 2023 578 2058 quibus
600 2022 688 2050 sancti
704 2022 860 2049 voluntaria
879 2023 996 2050 mortiﬁ-

203 2068 311 2096 catione
327 2074 441 2096 strenue
457 2067 606 2103 perfuncti,
627 2068 752 2103 hospites
772 2076 802 2096 se
824 2072 851 2095 et
873 2069 996 2103 peregri—

203 2122 254 2142 nos
270 2123 284 2141 a
301 2115 358 2142 vita
372 2118 400 2142 et
423 2114 522 2142 saecula
546 2114 733 2142 exhibuerunt
753 2113 786 2140 "'.
808 2113 876 2140 Cum
891 2113 995 2140 mundo

202 2161 276 2187 enim
292 2165 320 2188 et
339 2168 467 2195 corpore,
484 2164 513 2187 et
526 2167 588 2194 quae
600 2167 634 2186 ex
652 2159 693 2186 eis
713 2159 862 2194 insurgunt
886 2159 995 2186 fortiter

1043 927 1153 963 θρωπος
1168 927 1265 953 ἑαυτὸν
1276 926 1316 962 τῷ
1331 926 1391 961 Θεῷ
1403 926 1437 953 δι’
1448 926 1560 962 ἀγάπης
1573 926 1698 961 δυνηθεὶς
1710 925 1836 953 ἀπεθέω-

1044 980 1086 998 σε’
1101 972 1151 998 καὶ
1168 972 1296 999 τοσοῦτον
1314 973 1367 999 ὑπὸ
1383 971 1451 999 Θεοῦ
1465 971 1512 999 τὸν
1528 972 1671 1008 ἄνθρωπον
1688 972 1761 999 κατὰ
1772 972 1836 999 νοῦν

1043 1018 1217 1054 ἁρπάζεσθαι
1238 1019 1307 1054 πρὸς
1329 1018 1359 1045 τὸ
1381 1018 1512 1053 γνωστὸν,
1528 1017 1590 1045 ὅσον
1603 1018 1618 1043 6
1633 1017 1778 1054 ἄνθρωπος
1789 1018 1836 1045 τὸν

1043 1064 1158 1100 ἀόρατον
1181 1064 1261 1099 φύσει
1272 1064 1339 1090 Θεὸν
1359 1063 1404 1090 διὰ
1417 1063 1471 1090 τῶν
1483 1063 1591 1099 ἀρετῶν
1609 1064 1780 1099 ἐφανέρωσε.

1080 1113 1127 1137 οε’.
1140 1110 1199 1141 Πᾶς
1209 1110 1223 1136 ὁ
1237 1110 1270 1137 τὰ
1286 1109 1356 1145 μέλη
1371 1109 1513 1145 νεκρώσας
1529 1109 1563 1137 τά
1582 1110 1627 1136 ἐπὶ
1639 1109 1702 1144 ﬁs.
1714 1110 1761 1136 καὶ
1775 1109 1835 1136 ὅλον

1043 1153 1141 1182 ἑαυτοῦ
1153 1154 1202 1190 τῆς
1220 1154 1321 1190 σαρκὸς
1335 1154 1508 1185 κατασϐέσας
1522 1153 1553 1180 τὸ
1567 1153 1707 1189 φρόνημα,
1721 1153 1769 1179 καὶ
1784 1151 1835 1186 τὴν

1044 1201 1113 1236 πρὸς
1136 1200 1224 1235 αὐτὴν
1247 1199 1335 1227 διόλου
1361 1199 1454 1235 σχέσιν
1473 1199 1708 1234 ἀποσεισάμενος,
1723 1198 1756 1224 δι’
1768 1195 1803 1234 ἧς
1817 1198 1835 1233 ἡ

1042 1245 1082 1281 τῷ
1093 1245 1153 1281 Θεῷ
1171 1245 1244 1280 μόνῳ
1258 1244 1467 1280 χρεωστουμένη
1492 1244 1559 1280 παρ’
1572 1244 1652 1279 ἡμῶν
1673 1244 1768 1279 ἀγάπη
1787 1252 1836 1279 με·

1046 1290 1160 1326 ρίζεται,
1177 1290 1224 1316 καὶ
1243 1290 1433 1325 ἀρνησάμενος
1450 1289 1539 1316 πάντα
1552 1290 1587 1315 τὰ
1600 1289 1649 1324 τῆς
1667 1289 1769 1324 σαρκὸς
1786 1287 1835 1314 καὶ

1043 1337 1147 1371 κόσμου
1160 1335 1350 1370 γνωρίσματα,
1366 1335 1415 1371 τῆς
1430 1335 1506 1366 θείας
1520 1334 1613 1361 ἕνεκεν
1624 1335 1745 1369 χάριτος·
1761 1333 1835 1360 ὥστε

1045 1381 1092 1408 καὶ
1109 1381 1199 1416 λέγειν
1214 1379 1345 1408 δύνασθαι
1362 1380 1430 1415 μετὰ
1448 1379 1495 1407 τοῦ
1515 1381 1649 1416 μακαρίου
1667 1380 1774 1406 Παύλου
1785 1379 1834 1406 τοῦ

1044 1425 1213 1459 ἀποστόλου,
1238 1426 1286 1459 Τίς
1316 1423 1394 1461 ἡμᾶς
1421 1426 1541 1461 χωρίσει
1565 1425 1625 1453 ἀπὸ
1644 1424 1699 1460 τῆς
1711 1425 1834 1460 ἀγάπης

1043 1473 1098 1499 τοῦ
1114 1471 1259 1506 Χριστοῦ;
1277 1472 1323 1498 καὶ
1337 1471 1372 1498 τά
1394 1472 1468 1507 ἑξῆς
1483 1473 1498 1499 ὁ
1515 1472 1636 1503 τοιοῦτος
1650 1470 1770 1505 ἀπάτωρ
1783 1469 1835 1497 καὶ

1044 1518 1165 1554 ἀμήτωρ
1184 1518 1234 1546 καὶ
1257 1518 1497 1554 ἀγενεαλόγητος
1511 1518 1582 1545 κατὰ
1595 1517 1640 1545 τὸν
1654 1516 1741 1552 μέγαν
1758 1516 1834 1543 Μελ-

1044 1566 1152 1601 χισεδὲκ
1165 1565 1288 1600 γέγονεν,
1308 1566 1359 1592 οὐκ
1372 1565 1441 1600 ἔχων
1458 1565 1531 1596 ὅπως
1548 1563 1601 1590 ὑπὸ
1615 1563 1718 1598 σαρκὸς
1734 1570 1837 1598 κρατη-

1043 1611 1076 1648 θῇ
1088 1611 1136 1638 καὶ
1154 1611 1271 1645 φύσεως,
1285 1610 1331 1637 διὰ
1338 1611 1389 1646 τὴν
1401 1610 1590 1646 γεγενημένην
1602 1609 1669 1645 πρὸς
1679 1608 1710 1635 τὺ
1722 1607 1834 1643 πνεῦμα

1043 1657 1201 1691 συνάφειαν.
1319 1660 1325 1665 “

1078 1704 1131 1739 ος’.
1148 1700 1184 1727 Th
1202 1700 1288 1736 πέρας
1302 1701 1351 1736 τῆς
1368 1699 1510 1736 παρούσης
1524 1699 1608 1734 ζωῆς,
1625 1699 1654 1726 οὐ
1673 1698 1777 1725 δὲκαιον
1793 1695 1834 1724 οἴ-

1045 1754 1094 1781 μαι
1108 1745 1222 1772 θάνατον
1250 1746 1405 1781 ὀνομάζειν,
1432 1745 1500 1773 ἀλλὰ
1516 1744 1633 1772 θανάτου
1656 1743 1832 1779 ἀπαλλαγὴν,

1043 1792 1091 1818 καὶ
1108 1791 1212 1827 φθορᾶς
1226 1792 1378 1827 χωρισμὸν,
1400 1792 1448 1819 καὶ
1463 1791 1586 1824 δουλείας
1600 1790 1768 1826 ἐλευθερίαν,
1783 1790 1833 1817 καὶ

1043 1839 1166 1873 ταραχῆς
1183 1838 1301 1870 παῦλαν,
1325 1838 1373 1865 καὶ
1394 1838 1521 1874 πολέμων
1540 1837 1690 1873 ἀναίρεσιν,
1705 1837 1754 1864 καὶ
1767 1837 1833 1864 σκό-

1043 1893 1106 1916 τους
1122 1883 1309 1920 ὑποχώρησιν,
1325 1885 1372 1912 καὶ
1390 1885 1479 1911 πόνων
1494 1885 1598 1917 ἄνεσιν,
1615 1885 1663 1911 καὶ
1675 1883 1835 1919 βράσματος

1043 1931 1173 1966 ἠρεμίαν,
1199 1931 1246 1958 καὶ
1273 1931 1404 1967 αἰσχύνης
1435 1930 1633 1967 συγκάλυμμα,
1664 1930 1712 1957 καὶ
1739 1929 1835 1957 παθῶν

1044 1976 1199 2012 ἀποφυγὴν,
1220 1977 1268 2003 καὶ
1293 1977 1413 2009 πάντων,
1430 1977 1474 2004 ῐνα
1489 1975 1608 2003 συνελὼν
1625 1976 1705 2008 εῐπω,
1715 1974 1771 2001 τῶν
1782 1983 1833 2001 κα-

1045 2022 1100 2049 κῶν
1117 2023 1310 2058 περιγραφήν·
1329 2023 1401 2058 ἅπερ
1425 2022 1459 2049 δι’
1484 2022 1608 2049 ἑκουσίου
1633 2020 1795 2056 νεκρώσεως
1809 2020 1834 2046 οἰ

1045 2068 1120 2102 ᾰγιοι
1142 2067 1378 2103 κατορθώσαντες,
1395 2068 1488 2101 ξένους
1504 2068 1618 2100 ἑαυτοὺς
1634 2067 1682 2094 τοῦ
1704 2066 1762 2102 βῖου
1788 2067 1836 2092 καὶ

1045 2113 1254 2148 παρεπιδήμους
1277 2114 1461 2149 παρέστησαν.
1481 2114 1584 2148 Κόσμῳ
1596 2122 1627 2139 τε
1642 2113 1696 2149 γὰρ
1718 2113 1766 2139 καὶ
1786 2113 1835 2138 σὼ·

1047 2167 1129 2193 ματι,
1162 2159 1210 2186 καὶ
1232 2160 1292 2191 ταῖς
1305 2160 1335 2192 ἐξ
1359 2160 1450 2187 αὐτῶν
1472 2159 1675 2188 ὲπαναστάσεσι
1702 2158 1835 2192 γενναίως

202 2205 377 2238 dimicantes,
393 2213 424 2232 ac
446 2206 575 2240 utrinque
594 2204 803 2239 provenientem
812 2212 846 2232 ex
863 2212 992 2232 sensuum

1048 2205 1207 2240 μαχόμενοι,
1220 2205 1268 2232 καὶ
1284 2206 1334 2241 τὴν
1349 2206 1380 2238 ἐξ
1395 2206 1497 2241 ἀμφοῖν
1522 2206 1592 2233 κατὰ
1604 2205 1653 2241 τὴν
1666 2204 1721 2231 τῶν
1738 2203 1834 2237 αἰσθήσ

204 2259 266 2278 cum
291 2252 440 2279 sensilibus
463 2251 632 2279 commercio
655 2259 783 2286 nexuque
804 2251 994 2286 deceptionem

205 2298 385 2331 sullocantes,
409 2298 561 2326 inviolabili
581 2297 676 2326 fultam
701 2297 827 2325 libertate
847 2298 932 2325 animi
954 2298 996 2325 di-

203 2345 336 2380 gnitatem
355 2345 407 2372 sibi
424 2346 491 2380 ipsis
509 2350 667 2373 servarunt.

239 2392 283 2418 77.
298 2391 409 2418 lnsitam
422 2392 503 2419 nobis
514 2399 528 2419 a
538 2396 637 2419 natura
653 2390 835 2426 providentiae
854 2390 993 2422 notitiam,

203 2437 335 2464 πιθηκοκίἰί
347 2442 509 2472 argumento
528 2442 624 2464 natura
636 2437 694 2471 ipsa
708 2435 848 2469 insinuat,
866 2436 932 2464 dum
948 2444 996 2463 ne-

1047 2259 1115 2278 σεων
1139 2251 1205 2286 πρὸς
1229 2252 1264 2278 τά
1287 2252 1405 2288 αἰσθητὰ
1430 2253 1589 2288 συμπλοκὴν
1607 2250 1835 2287 παραγενομένην

1043 2297 1152 2332 ἀπάτην
1172 2297 1381 2330 ἀποπνίξαντες,
1399 2298 1548 2325 ἀδούλωτον
1570 2298 1676 2329 ἑαυτοῖς
1696 2296 1835 2331 ἐφύλαξαν

1042 2342 1092 2377 τῆς
1104 2342 1194 2377 ψυχῆς
1214 2342 1245 2369 τὺ
1258 2343 1378 2378 ἀξίωμα.

1077 2387 1126 2420 οξ.
1142 2389 1300 2425 Τεκμήριον
1314 2390 1344 2416 οὐ
1364 2391 1480 2426 σμικρὸν
1491 2390 1538 2417 τοῦ
1553 2390 1674 2425 φυσικῶς
1695 2390 1762 2424 ἡμῖν
1792 2388 1835 2414 ὲν-

1044 2435 1180 2470 εσπάρθαι
1209 2435 1260 2472 τὴν
1280 2438 1329 2472 τῆς
1348 2437 1476 2472 προνοίας
1494 2436 1606 2471 γνῶσιν,
1626 2437 1642 2472 ἡ
1666 2435 1748 2470 φύσις
1764 2434 1835 2469 αὐτὴ

238 2526 259 2541 ⁶⁹
276 2525 284 2552 l
300 2525 362 2552 Cor.
381 2533 424 2552 xv.
440 2525 484 2552 49.
522 2525 545 2540 ⁷⁰
560 2524 664 2552 Coloss.
682 2533 721 2556 ιιι,
738 2525 764 2552 5.
804 2525 824 2540 '”
842 2522 922 2551 Rom.
947 2532 991 2552 rut

1046 2525 1064 2552 Ξ.
1103 2525 1125 2540 ⁷¹
1139 2525 1221 2552 llehr.
1232 2525 1287 2563 ἔζη,
1300 2526 1327 2553 3.
1366 2525 1387 2542 "
1403 2525 1413 2553 l
1438 2526 1511 2554 Petr.
1526 2534 1556 2559 ιι,
1570 2525 1612 2553 Η.

240 2602 288 2638 (m)
309 2602 364 2629 Τὸν
381 2604 515 2637 παρόντα
527 2602 587 2629 τῶν
600 2601 782 2638 (magnetem-
795 2599 895 2628 αἰῶνα.
911 2601 990 2638 Quod

202 2638 229 2665 in
243 2636 307 2665 Ρίοο
321 2641 419 2677 exstat.
433 2645 547 2672 praesens
563 2644 647 2664 σεεηω
661 2636 796 2676 secutum:
813 2636 984 2677 typographi-

201 2681 264 2700 cum
280 2673 408 2699 utendum
424 2677 501 2706 puto,
514 2681 546 2700 ac
562 2680 624 2699 eum
639 2680 728 2699 arena:
740 2672 894 2706 scripsisse,
907 2680 988 2706 quam

200 2713 228 2734 et
239 2715 290 2739 ego
301 2715 406 2739 vocem,
418 2706 518 2734 (luem
532 2708 607 2735 vocis
619 2706 785 2741 explicandae
797 2714 878 2734 causa
891 2707 988 2741 adjeci.

200 2742 319 2776 lltraque
333 2742 405 2769 enim
422 2742 492 2769 idem
509 2744 632 2777 utrisque
649 2742 820 2777 signiﬁcatur
835 2743 912 2769 locus
928 2749 990 2768 cer—

201 2777 312 2803 taminis
332 2784 364 2804 ac
384 2777 466 2809 fossa,
484 2778 510 2804 in
531 2786 583 2812 qua
604 2785 659 2804 non
681 2782 757 2805 esset
777 2778 838 2811 ejus
859 2777 990 2811 defugere

200 2813 297 2843 alearn,
309 2812 356 2839 sed
369 2812 411 2839 vel
426 2820 487 2839 cum
501 2813 659 2840 adversario
670 2813 763 2847 pugile
777 2813 987 2846 decertandum,

200 2847 241 2873 vel
255 2854 317 2874 eum
332 2847 427 2874 bestiis
438 2847 661 2883 depugnandum,
673 2848 701 2874 in
717 2847 817 2881 quibus
832 2848 885 2875 tale
899 2852 986 2875 certa-

1044 2609 1106 2629 men
1118 2602 1261 2637 gentilium
1275 2601 1383 2630 l‘eritate
1395 2602 1590 2633 exhibebatur:
1604 2602 1677 2637 quod
1689 2603 1759 2630 nihil
1770 2611 1834 2630 cum

1044 2644 1135 2669 scena,
1149 2641 1179 2664 ut
1192 2637 1290 2672 liquet,
1302 2637 1385 2665 habet
1398 2645 1554 2665 commune.
1566 2638 1644 2671 Quod
1658 2645 1725 2664 vero
1740 2638 1835 2672 sequi-

1045 2676 1100 2704 tur,
1115 2672 1171 2698 ὅλοι
1188 2672 1242 2707 ὅλῳ
1257 2672 1317 2707 Θεῷ
1334 2673 1516 2707 ὲγκραΘῆναι,
1532 2674 1580 2700 ιοιί
1596 2674 1622 2700 in
1641 2677 1695 2699 toto
1711 2673 1766 2700 Deo
1782 2673 1836 2707 ﬁr—

1039 2707 1120 2739 mari,
1134 2707 1161 2734 id
1174 2715 1238 2734 vero
1254 2707 1340 2742 ipsius
1354 2708 1409 2734 Pici
1427 2708 1550 2740 inscitiae,
1564 2708 1630 2735 dum
1646 2715 1700 2735 non
1713 2708 1835 2736 advertit

1039 2741 1082 2768 τὺ.
1100 2741 1213 2768 κραθεὶς
1230 2747 1258 2768 et
1275 2742 1436 2768 ἐγκραθεὶς.
1451 2744 1504 2768 ἀπὸ
1521 2743 1567 2768 τοῦ
1585 2743 1736 2768 κεοάννυμι
1753 2750 1833 2768 esse.

1039 2743 1082 2782 τὸ]
1100 2743 1213 2776 κραθεὶς
1230 2747 1258 2769 et
1275 2743 1436 2783 ἐγκραθεὶς.
1451 2744 1504 2769 ἀπὸ
1521 2743 1567 2770 τοῦ
1585 2743 1736 2777 κεράννυμι
1753 2750 1833 2776 σεῦε,

1038 2785 1157 2817 miscere,
1167 2785 1227 2817 qua
1242 2782 1422 2817 voceinliina
1439 2778 1484 2805 illa
1500 2778 1601 2807 mentis
1614 2785 1676 2806 cum
1692 2778 1750 2806 Deo
1767 2777 1833 2805 ultio

1037 2813 1138 2846 passim
1155 2813 1290 2848 theologis
1302 2813 1482 2848 signiﬁcatur.
