1946 3074
112 117 179 149 1381

472 113 636 144 CAPITUM
658 107 870 148 QUINQUIES
889 108 1148 140 CENTENORUM
1167 107 1361 139 CENTURIA
1381 109 1415 139 V.

1673 109 1742 142 1382

110 172 228 198 δίδωσιν·
249 159 366 205 ὁπηνίκα
384 168 417 196 ἂν
431 169 504 204 ἡμᾶς
518 167 669 197 ἀδιδάκτως
682 166 777 201 ὥσπερ
790 165 898 192 ὠθοῦσα

956 161 1024 189 .niue
1036 160 1164 193 doccnte,
1182 161 1209 188 in
1225 161 1379 196 repentinis
1399 161 1508 188 casibus
1523 160 1557 188 ad
1578 153 1665 189 Deum
1679 170 1743 198 pre-

111 217 180 251 πρδς
194 216 241 243 τὸν
263 216 329 243 Θεὸν
346 215 390 241 διὰ
405 214 459 241 τῶν
474 213 560 249 εὐχῶν
579 213 608 239 ὲν
630 213 689 243 ταῖς
707 210 838 245 ἐξαίφνης
852 218 899 235 πε-

111 263 280 298 ριστάσεσιν,
295 261 400 288 ἐκεῖθεν
418 261 509 295 ζητεῖν
519 259 568 294 τὴν
579 258 716 293 σωτηρίαν
728 255 901 291 παρασκευά-

109 309 156 343 ζῃ.
177 309 239 335 Ύπ¹
251 308 373 342 ἀνάγκης
396 307 450 341 γὰρ
465 306 540 340 ἄφνω
556 303 763 339 συλληφθέντες,
785 302 900 336 ἀπροαι-

111 354 198 389 ρέτως
217 354 280 390 πρίν
296 362 322 380 τι
343 351 506 388 σκέψασθαι,
521 351 566 377 τὸν
579 350 644 377 Θεὸν
659 347 844 382 ὲπιόοὼμεθα·
863 346 901 378 ὡς

110 399 144 426 ἂν
158 399 208 434 τῆς
222 398 351 434 προνοίας
367 398 450 433 αὐτῆς
469 397 538 432 πρὸς
563 396 674 431 ἑαυτὴν,
696 394 744 421 καὶ
763 393 901 428 λογισμῶν

109 444 205 480 χωρὶς,
234 443 366 477 ὲλκοίσης
389 443 472 478 ἡμᾶς,
489 442 536 468 καὶ
550 441 581 468 τὸ
595 441 677 476 τάχος
700 439 751 474 τῆς
779 439 808 466 ὲν
835 439 902 474 ἡμῖν

110 490 210 526 νοερᾶς
226 489 345 522 νικώσης
359 487 510 524 δυνάμεως,
529 487 577 514 καὶ
597 486 706 513 πάντων
722 484 901 520 ἰσχυροτέραν

110 536 160 570 τὴν
173 535 250 562 θείαν
265 533 494 570 προδεικνυούσης
511 532 649 568 βοήθειαν.
665 532 722 559 Οὐκ
735 531 768 558 ἂν
783 531 811 558 δὲ
826 531 902 566 ἡμᾶς

110 580 180 617 ἦγεν
200 581 392 617 ἀπροαιρέτως
408 581 425 615 ή
444 579 538 615 φύσις,
564 579 611 606 ἐπὶ
634 579 664 605 τὸ
684 578 721 614 μὴ
744 578 825 613 φύσιν
841 578 902 612 ἔχον

111 628 246 661 γίνεσθαι·
274 627 328 653 πᾶν
345 626 373 652 δὲ
396 626 426 653 τὸ
448 625 549 660 ὁτῳοῦν
567 624 690 659 φυσικῶς
704 624 848 658 ἑπόμενον,
864 623 902 654 ὡς

111 674 197 700 πᾶσιν
208 672 329 708 εὔδηλον,
343 671 457 707 ἰσχυρὰν
473 671 528 706 ἔχει
544 670 590 697 καὶ
601 670 816 704 ἀκαταμάχητον
831 668 902 695 κατὰ

111 717 316 753 τὴνιάπόδειξιν
331 718 380 751 τῆς
398 716 526 751 ἀληθείας
539 716 589 750 τὴν
603 715 730 750 δύναμιν.

147 767 198 800 οη’.
226 763 334 799 Ἐπειδὴ
350 762 404 789 τῶν
423 762 518 792 ὄντων.
540 761 574 788 τὰ
599 760 647 796 μὲν
665 760 738 787 ἐστιν
754 758 854 794 ἀγαθὰ,
867 757 901 785 τὰ

111 815 141 842 δὲ
163 809 266 845 φαῦλα⁸
284 808 369 836 ταῦτα
388 807 426 841 δὲ,
443 808 460 844 ἢ
477 807 599 844 παρόντα
616 807 691 835 ἐστὶν
714 807 731 840 ἥ
759 805 901 841 μέλλοντα·

950 207 1029 234 cibus
1037 206 1184 241 confugere
1197 205 1352 240 impellens,
1365 205 1429 232 inde
1438 206 1554 233 salutem
1567 207 1742 241 quarendam

950 251 1075 279 instruit.
1098 250 1197 279 Subito
1222 251 1297 278 enim
1324 249 1490 278 necessitate
1511 252 1643 286 correpti,
1667 255 1743 280 nullo

951 297 1068 324 rationis
1100 296 1228 330 consilio,
1255 297 1331 324 nulla
1360 296 1558 324 deliberatione
1591 301 1741 332 prtemissa,

950 343 1036 370 Deum
1060 342 1241 376 invocamus;
1270 347 1399 377 tanquam
1426 350 1476 370 nos
1498 343 1531 370 ad
1549 345 1667 378 seipsam
1683 345 1743 373 sine

951 387 1015 416 ullis
1026 387 1191 419 rationibus,
1209 387 1268 423 ipsa
1280 388 1371 415 trahat
1384 388 1568 422 providentia,
1586 389 1743 424 intelligen-

951 433 1034 468 dique
1059 434 1087 461 in
1112 433 1193 461 nobis
1216 434 1386 461 celeritatem
1406 434 1531 467 vincens,
1550 435 1678 462 omnibus
1695 444 1744 471 po-

951 480 1100 507 tentiorem
1113 479 1235 507 divinam
1248 487 1328 514 opem
1343 480 1504 514 praetendat.
1521 480 1667 516 Nunquam
1678 488 1744 508 vero

951 530 1050 553 natura
1071 525 1228 552 inconsulto
1259 525 1389 560 nullaque
1412 531 1551 560 praeeunte
1576 528 1683 565 ratione
1711 534 1744 554 eo

952 573 1085 605 traheret,
1111 573 1185 608 quod
1209 576 1310 600 natura
1331 573 1389 599 ﬁeri
1408 581 1463 600 non
1481 578 1583 608 posset.
1605 574 1743 609 Quidquid

952 623 1045 646 autem
1064 619 1111 646 ulli
1127 618 1166 645 rei
1187 622 1287 645 natura
1311 626 1402 645 comes
1419 623 1471 651 est,
1487 619 1513 646 id
1532 627 1608 651 vero,
1623 624 1653 646 ut
1674 627 1744 647 cun-

952 665 1004 692 ctis
1019 664 1194 692 manifestum
1210 668 1262 695 est,
1283 663 1387 690 ﬁrmam
1405 668 1431 691 et
1446 664 1656 699 insuperabilem
1672 672 1746 692 assc-

952 711 1037 739 renda
1049 711 1164 738 veritate
1175 710 1231 737 vim
1243 710 1335 738 habet.

987 756 1032 783 78.
1055 756 1124 784 Cum
1149 763 1255 787 rerum,
1284 755 1344 782 alia!
1368 755 1457 788 home,
1484 755 1544 782 alia).
1571 756 1648 783 mala:
1670 755 1743 787 sint;

951 801 1050 836 haeque
1066 801 1136 829 adeo
1156 801 1199 828 vel
1224 805 1375 836 praesentes
1391 801 1456 833 sint,
1474 801 1517 828 vel
1531 801 1630 828 futura:
1647 809 1653 828 :
1672 801 1745 836 quod

113 853 338 890 προσδοκώμενον
355 853 404 888 μὲν
419 852 530 887 ἀγαθὸν,
547 851 695 887 ἐπιθυμίαν
707 851 794 878 καλεῖ·
813 849 900 884 παρὸν

956 847 1056 874 honum
1077 854 1210 882 suspensa
1232 845 1437 881 exspectatione
1459 849 1544 878 tenet,
1566 846 1745 881 cupiditatem

112 898 152 931 δὲ,
171 898 270 934 ἡδονήν
285 906 292 913 ·
316 898 363 924 καὶ
380 897 473 930 πάλιν,
488 896 713 933 προσδοκώμενον
741 896 791 932 μὲν
804 894 899 928 κακὸν,

114 944 312 980 φόϐον-παρὸν
329 944 367 977 δὲ,
380 943 480 979 λύπην·
493 944 530 975 ὼς
549 941 618 970 εἶναι
629 951 658 970 τε
671 943 719 970 καὶ
729 941 900 978 θεωρεῖσθαι,

113 979 178 1026 περὶ
193 979 243 1026 μὲν
258 990 293 1017 τὰ
309 989 390 1022 καλὰ,
406 989 460 1016 εῐτε
483 989 517 1015 τὰ
541 988 625 1021 ὅντως
640 988 714 1020 ὅντα,
733 988 789 1015 εῐτε
808 988 843 1014 τὰ
857 996 902 1014 νου

115 1036 268 1071 μιζόμενα,
283 1036 334 1070 τὴν
360 1035 457 1071 ἡδονὴν
475 1034 520 1061 καὶ
538 1035 587 1070 τὴν
609 1034 772 1070 ἐπιθυμίαν·
792 1034 856 1069 περὶ
872 1033 902 1060 δὲ

113 1083 146 1109 τὰ
160 1081 260 1116 φαῦλα,
275 1081 325 1117 τὴν
348 1081 438 1116 λύτιην
455 1081 502 1108 καὶ
526 1080 571 1107 τὸν
596 1081 688 1116 φόϐον.
703 1080 759 1107 Καὶ
774 1081 828 1116 γὰρ
843 1081 902 1106 ὲπι-

112 1128 283 1163 τυγχάνουσα
298 1127 347 1162 μὲν
358 1127 376 1162 ἠ
386 1127 531 1162 ἐπιθυμία,
550 1126 649 1163 ἡδονὴν
665 1125 821 1162 ἐργάζεται·
833 1125 902 1152 ἀπο-

113 1175 285 1210 τυγχάνουσα
296 1173 325 1201 at
349 1173 448 1209 λύπην.

148 1300 198 1328 οϐ’.
215 1301 308 1328 Κακδν
335 1298 408 1327 εἷναί
430 1307 497 1334 φασι
524 1299 616 1326 πᾶσαν
636 1298 726 1334 λύπην
748 1300 782 1335 τῇ
800 1299 902 1334 ἑαυτῆς

115 1346 205 1380 φύσει.
223 1346 282 1373 Κᾶν
295 1345 348 1380 γὰρ
359 1346 374 1372 ὁ
395 1345 538 1375 σπουδαῖος
554 1345 597 1371 ἐπ’
611 1344 762 1380 ἀλλοτρίοις
784 1345 903 1381 λυπῆται

115 1393 222 1424 κακοῖς,
246 1391 282 1423 ὡς
303 1392 439 1426 ἐλεήμων,
457 1391 515 1418 ἀλλ’
532 1391 562 1417 οὐ
589 1392 804 1426 προηγουμένως
831 1392 903 1419 κατὰ

115 1435 254 1472 πρόθεσιν,
279 1435 336 1461 ἀλλ’
353 1435 529 1470 ὲφεπομένως
547 1435 618 1461 κατὰ
645 1435 821 1470 περίστασιν·
841 1438 855 1463 ὁ
874 1436 902 1463 δὲ

113 1480 292 1516 θεωρητικὸς,
310 1479 362 1506 κᾶν
377 1479 482 1511 τούτοις
503 1479 611 1514 ἀπαθὴς
633 1479 766 1514 διαμένει,
782 1480 903 1516 συνάψας

951 896 1047 926 vocat;
1062 892 1136 927 quod
1153 896 1246 919 autem
1261 891 1289 918 in
1302 895 1430 926 promptu
1447 899 1478 919 ac
1495 899 1617 926 praesens
1628 895 1680 923 est,
1694 898 1745 918 vo-

952 938 1085 973 luptatem
1101 946 1108 964 :
1126 945 1158 965 ac
1179 945 1287 969 rursus,
1309 940 1498 972 exspectatum
1522 937 1634 969 malum,
1663 937 1746 964 timo-

953 991 1028 1016 rem;
1043 983 1115 1018 quod
1127 990 1193 1010 vero
1213 990 1336 1018 praesens
1357 982 1440 1018 629
1454 986 1506 1015 est,
1527 982 1667 1009 tristitiam
1683 983 1746 1009 ani-

953 1029 1046 1064 mique
1061 1028 1197 1056 dolorem.
1212 1028 1252 1057 lta
1271 1028 1387 1060 scilicet,
1407 1032 1436 1055 ut
1448 1028 1521 1055 circa
1534 1027 1616 1059 bona,
1629 1027 1685 1055 sive
1700 1027 1745 1054 illa

953 1081 1048 1101 revera
1060 1074 1134 1101 bona
1150 1074 1215 1106 sint,
1231 1073 1290 1100 sive
1308 1072 1475 1106 existimata,
1489 1077 1547 1099 tum
1562 1072 1687 1107 voluptas
1699 1080 1747 1099 cx-

953 1119 1051 1147 sislant
1065 1123 1092 1147 et
1112 1119 1304 1154 intelligantur
1325 1123 1382 1146 tum
1400 1118 1556 1153 cupiditas;
1579 1118 1653 1145 circa
1675 1117 1746 1145 mala

952 1172 1028 1196 vero,
1051 1168 1142 1192 metus
1161 1169 1189 1191 et
1214 1164 1336 1191 tristitia.
1365 1164 1398 1191 Et
1420 1165 1494 1192 enim
1526 1163 1660 1199 cupiditas
1687 1163 1745 1192 voti

953 1215 1066 1244 compos
1088 1208 1197 1240 effecta,
1216 1208 1386 1243 voluptatem
1405 1208 1494 1243 parit;
1514 1216 1548 1236 eo
1573 1215 1664 1235 autem
1684 1207 1745 1236 fru-

952 1258 1048 1285 strata,
1064 1253 1150 1281 animi
1165 1253 1288 1281 dolorem
1298 1261 1330 1281 ac
1343 1253 1483 1281 tristitiam
1499 1252 1575 1280 facit.

987 1298 1031 1326 79.
1053 1298 1205 1326 Tristitiam
1231 1305 1342 1326 omnem
1365 1297 1507 1333 animique
1532 1297 1666 1330 dolorem,
1693 1305 1745 1325 sua

953 1343 1043 1378 ipsum
1061 1344 1153 1371 indole
1170 1344 1272 1371 malum
1293 1351 1354 1371 esse
1376 1344 1463 1371 aiunt.
1488 1343 1648 1380 Quanquam
1671 1343 1745 1371 enim

953 1390 1094 1418 studiosus
1111 1397 1144 1417 ac
1160 1390 1271 1418 virtutis
1287 1390 1379 1417 cultor
1399 1396 1433 1417 ex
1451 1389 1549 1417 alienis
1564 1389 1645 1416 malis
1660 1390 1745 1417 tristi-

953 1434 1019 1461 tiam
1039 1434 1164 1468 assumit,
1185 1435 1316 1470 doletque
1330 1435 1433 1467 animo,
1455 1439 1485 1462 ut
1501 1434 1670 1467 misericors,
1690 1443 1745 1462 non

953 1484 1044 1508 tamen
1059 1480 1192 1515 primario
1215 1480 1318 1508 mentis
1342 1480 1449 1507 ratione
1472 1488 1504 1507 ac
1523 1480 1676 1518 proposito,
1698 1481 1745 1507 sed

114 1524 210 1552 ἑαυτὸν
237 1523 276 1559 τῷ
300 1523 371 1559 Θεῷ,
400 1524 448 1550 καὶ
469 1522 524 1550 τῶν
548 1524 612 1560 τῇδε
637 1523 746 1551 πάντων
759 1524 902 1560 ἀλλοτριώ-

956 1529 1173 1560 consequenter;
1185 1530 1318 1560 quantnm
1329 1526 1435 1553 scilicet
1446 1516 1560 1553 suadeat
1568 1526 1628 1561 ipsa
1637 1526 1745 1553 adversi

115 1578 175 1602 σοις.

954 1579 1035 1599 casus
1051 1571 1131 1598 ratio.
1152 1571 1197 1604 At,
1216 1571 1264 1606 qui
1281 1575 1430 1606 provectus
1445 1571 1677 1607 contemplatione
1693 1576 1745 1603 est.

115 1615 142 1643 in
158 1615 203 1643 his
225 1622 334 1650 quoque
351 1615 446 1642 dolore
467 1614 635 1642 inviolabilis
657 1619 760 1647 manet,
781 1622 828 1650 qui
845 1615 903 1650 ipse
922 1616 1042 1652 seipsum
1055 1616 1113 1644 Deo
1127 1616 1313 1652 coniunxerit,
1343 1622 1426 1652 atque
1439 1624 1455 1644 a
1470 1617 1587 1644 terrenis
1617 1617 1747 1645 omnibus

115 1661 238 1688 animum
255 1660 420 1695 abjunxerit.

149 1711 188 1735 π’.
206 1708 238 1734 0t
252 1707 324 1741 ἅγιοι
336 1707 436 1739 πάντες
455 1707 502 1734 τοῦ
518 1707 591 1734 θείου
608 1708 656 1734 καὶ
670 1707 808 1740 ἀπλανοῦς
824 1708 904 1743 λόγου

115 1752 236 1787 γνησίως
262 1751 470 1787 ἐπειλημμένοι,
484 1750 530 1777 τὸν
547 1751 633 1778 αιῶνα
647 1752 742 1778 τοῦτον
761 1751 902 1787 διέϐησαν,

115 1799 204 1826 οὐδενὶ
220 1798 275 1824 τῶν
290 1798 320 1824 ὲν
334 1797 409 1832 αὐτῷ
426 1797 552 1833 τερπνῶν
579 1798 610 1824 τδ
638 1797 689 1833 τῆς
715 1797 803 1833 ψυχῆς
832 1798 904 1832 ι’χνος

115 1844 349 1879 ἐναπερεισαντες.
367 1843 437 1878 Πρὸς
453 1843 509 1879 γὰρ
524 1843 586 1875 τοὺς
602 1843 702 1878 ἄκρους
719 1843 774 1869 τῶν
796 1843 903 1878 ἀνθρὼτ

117 1899 178 1921 ποις
193 1889 311 1924 ἐφικτῶν
329 1889 392 1924 περὶ
407 1888 476 1915 Θεοῦ
489 1889 597 1923 λόγους,
617 1889 666 1925 τῆς
681 1889 847 1925 ἀγαθύτητός
871 1889 902 1916 τέ

116 1944 189 1971 φημι
217 1936 265 1962 καὶ
287 1935 337 1970 τῆς
353 1935 473 1970 ἀγάπης,
502 1934 575 1969 μάλα
588 1943 620 1968 γε
636 1935 746 1966 εἰκότως
769 1935 813 1962 τὸν
839 1935 900 1963 νοῦν

115 1981 346 2012 ἀναπετάσαντες·
364 1978 405 2012 οἷς
420 1980 564 2015 κινηθέντα
585 1980 631 2007 τδν
647 1980 723 2012 Θεὸν,
739 1979 769 2006 τὸ
789 1977 860 2007 εἶναι
872 1988 901 2006 τε

114 2025 207 2052 δοῦναι
219 2026 274 2056 τοῖς
286 2024 357 2057 οὖσι,
380 2026 427 2051 καὶ
441 2025 472 2051 τὸ
493 2023 523 2052 εὖ
548 2021 618 2052 εἶναι
633 2024 808 2061 χαρίσασθαι,
823 2025 902 2051 ἐπαι-

115 2071 262 2104 δεύθησαν⁶
278 2071 359 2105 εῐπερ
374 2070 482 2105 κίνησιν
499 2070 545 2096 ἐπὶ
556 2069 624 2096 Θεοῦ
641 2069 688 2096 τοῦ
705 2069 787 2104 μόνου
804 2069 900 2104 ἀκινή-

115 2125 163 2143 του
191 2115 270 2150 θέμις
285 2116 383 2148 εῑπεῖν,
409 2115 478 2142 ἀλλὰ
509 2115 547 2150 μὴ
575 2115 674 2149 μᾶλλον
697 2114 833 2151 βούλησιν,
853 2114 902 2150 τὴν

117 2162 207 2189 πάντα
230 2161 359 2188 κινοῦσάν
383 2169 424 2193 τε,
443 2161 490 2188 καὶ
519 2162 558 2192 εις
575 2161 607 2187 τὸ
631 2159 700 2187 εἶναι
723 2161 902 2196 παράγουσαν

117 2208 163 2235 καὶ
180 2208 355 2242 συνέχουσαν,
382 2206 547 2242 κινουμένην
564 2206 592 2232 δὲ
615 2206 740 2240 οὐδαμῶς
763 2205 901 2232 οὐδέποτε.

155 2308 212 2330 παν.
235 2303 266 2330 Ἥ
276 2303 349 2338 ψυχὴ
364 2303 443 2329 οὐσία
458 2301 539 2336 νοερά
551 2309 581 2327 τε
597 2300 643 2326 καὶ
653 2300 750 2336 λογικὴ
764 2300 901 2336 ὑπάρχου-

118 2359 163 2381 σα.
181 2350 228 2376 καὶ
243 2350 298 2376 νοεῖ
311 2349 359 2376 καὶ
376 2347 525 2382 λογίζεταιε
545 2346 659 2382 δύναμιν
678 2347 726 2382 μὲν
743 2346 841 2381 ἔχουσα
857 2347 903 2372 τὸν

118 2395 191 2423 νοῦν·
211 2395 317 2430 κίνησιν
333 2394 371 2424 δὲ.
386 2393 436 2429 τὴν
457 2393 559 2428 νόησιν·
575 2392 716 2427 ἐνέργειαν
737 2392 775 2424 δὲ,
792 2392 822 2418 τὸ
840 2391 903 2427 νόη-

119 2451 158 2477 μα
176 2442 225 2477 (η),
244 2440 334 2476 Πέρας
352 2438 407 2474 γὰρ
420 2439 509 2471 τοῦτο,
531 2438 580 2474 τῆς
595 2447 625 2465 τε
645 2437 692 2464 τοῦ
717 2437 839 2468 νοοῦντος
859 2438 905 2464 καὶ

119 2486 166 2513 τοῦ
183 2485 328 2520 νοουμένου
343 2483 461 2519 νοήσεώς
480 2484 565 2514 ἐστιν,
579 2482 617 2514 ὡς
635 2482 836 2518 περιοριστικδν
854 2482 905 2517 τῆς

119 2531 187 2566 πρὸς
203 2529 304 2564 ἄλληλα
324 2529 378 2556 τῶν
394 2529 485 2564 ἄκρων
505 2527 627 2562 ὑπάρχον
648 2527 776 2562 σχέσεως.
797 2526 906 2554 Νοοῦσα

155 2634 196 2668 (n)
219 2635 387 2669 Ἐνέρτειαν
406 2635 455 2666 δὲ,
472 2635 505 2661 τὸ
526 2634 633 2668 νόημα.
652 2633 733 2660 Varia
755 2633 816 2668 ejus
832 2631 910 2669 vocis

120 2667 260 2703 acceptio,
278 2667 378 2704 saépius
400 2669 516 2697 Maximo
537 2667 675 2704 discussa;
698 2675 729 2695 ea
748 2667 908 2704 occasione.

120 2702 194 2738 quod
208 2712 258 2738 pro
271 2702 328 2739 ipsa
341 2705 500 2739 operatione
511 2704 554 2731 vel
568 2703 706 2739 facultate,
719 2710 772 2739 una
789 2703 816 2729 in
831 2702 911 2739 Chrif

120 2737 162 2765 sto
177 2737 419 2771 asserebatur,'his
434 2740 480 2774 qui
499 2738 620 2774 proxime
634 2737 910 2774 Eutychiano_err_ori

119 2774 300 2806 accedebant,
313 2782 367 2809 qua
386 2771 732 2809 avrvépﬂvovdhumanam
752 2772 780 2809 in
801 2771 911 2809 Christo

120 2813 249 2836 naturam
268 2806 416 2844 ponebant,
433 2806 518 2845 ipsam
536 2807 672 2840 tollentes,
688 2807 825 2842 siquidem
843 2806 911 2833 nihil

991 1709 1035 1736 80.
1056 1707 1150 1736 Sancti
1168 1715 1264 1735 omnes
1279 1702 1373 1735 divino
1394 1712 1531 1743 certaeque
1545 1708 1670 1736 veritatis
1687 1709 1745 1736 sin-

954 1761 1017 1781 cere
1040 1761 1074 1781 e:
1096 1754 1190 1781 animo
1213 1761 1341 1780 sermone
1363 1759 1483 1788 arrepto,
1507 1754 1592 1781 hocce
1614 1755 1744 1782 saaculum

954 1799 1141 1831 transierunt,
1161 1799 1230 1826 nulli
1248 1807 1343 1826 eorum
1363 1807 1424 1834 qum
1441 1799 1470 1826 in
1487 1807 1521 1827 eo
1540 1800 1679 1827 oblectant
1698 1800 1745 1828 de-

954 1843 1008 1871 ﬁxo
1020 1844 1105 1871 animi
1122 1845 1248 1879 vestigio.
1264 1844 1306 1871 Ad
1324 1852 1466 1879 supremas
1478 1845 1551 1872 enim
1565 1845 1599 1872 ad
1612 1853 1680 1880 quas
1695 1853 1744 1881 pro

953 1889 1072 1917 humana
1086 1890 1153 1917 eniti
1168 1891 1273 1918 ratione
1289 1890 1364 1923 licet,
1379 1891 1413 1918 de
1425 1891 1482 1919 Deo
1494 1892 1613 1919 rationes
1626 1891 1745 1927 (bonita-

954 1935 990 1963 tis
1000 1935 1106 1962 scilicet
1117 1943 1149 1963 ac
1160 1935 1325 1971 dilectionis)
1339 1944 1389 1971 per
1399 1945 1481 1972 quam
1493 1942 1554 1972 apte
1567 1945 1598 1965 ac
1609 1938 1744 1965 concinne

954 1981 1076 2009 animum
1093 1982 1273 2017 explicantes,
1291 1981 1458 2015 didicerunt,
1476 1983 1578 2017 quibus
1596 1983 1669 2010 Deus
1687 1991 1745 2011 mo-

954 2030 1009 2059 tus,
1025 2026 1108 2054 rebus
1123 2031 1154 2054 ut
1171 2031 1262 2054 essent
1277 2027 1414 2060 tribuerit,
1430 2032 1457 2055 et
1472 2032 1502 2055 ut
1521 2027 1591 2055 bene
1608 2028 1744 2063 beateque

953 2074 1045 2099 essent
1062 2071 1176 2106 largitus
1196 2072 1246 2104 sit;
1272 2072 1296 2099 si
1317 2072 1398 2099 modo
1416 2073 1444 2100 in
1461 2073 1516 2100 Deo
1534 2077 1625 2100 motus
1647 2081 1742 2101 vocem

955 2123 1088 2150 usurpare
1114 2116 1190 2149 licet,
1213 2117 1261 2152 qui
1285 2117 1360 2145 solus
1384 2123 1426 2146 est
1449 2118 1597 2146 immobilis
1614 2127 1620 2146 :
1636 2123 1664 2146 et
1687 2127 1743 2147 non

955 2161 1046 2196 potius
1062 2162 1223 2196 voluntatis,
1236 2171 1298 2198 quat
1311 2164 1403 2191 omnia
1421 2170 1538 2198 moveat,
1552 2165 1635 2200 inque
1651 2173 1744 2193 rerum

954 2212 1080 2234 naturam
1098 2208 1232 2243 producat
1244 2217 1277 2237 ac
1291 2210 1440 2244 contineat,
1457 2218 1508 2238 nec
1523 2211 1580 2246 ipsa
1596 2215 1686 2239 tamen
1701 2213 1744 2240 ul-

954 2253 1010 2280 lum
1027 2261 1148 2288 unquam
1162 2259 1266 2282 motum
1280 2256 1414 2283 admittat.

989 2300 1033 2326 8L
1054 2299 1151 2326 Anima
1171 2300 1341 2335 intelligendi
1357 2309 1389 2329 ac
1406 2302 1521 2330 rationis
1535 2302 1561 2329 vi
1579 2303 1703 2337 praedita,
1718 2309 1746 2331 ct

956 2344 1086 2380 intelligit
1101 2348 1130 2372 et
1149 2345 1345 2378 ratiocinatur;
1366 2345 1536 2379 facultatem,
1555 2352 1674 2374 mentem
1694 2348 1745 2374 ha-

957 2391 1039 2424 bens;
1058 2395 1174 2423 motum,
1192 2391 1426 2425 intellectionem;
1442 2393 1580 2427 ἐνέργειαν
1598 2393 1687 2427 (velut
1702 2401 1746 2419 ac-

959 2441 1016 2464 tum
1033 2437 1109 2465 dicas
1124 2441 1152 2465 et
1166 2437 1244 2472 quasi
1259 2437 1404 2473 ell‘ectum)
1422 2438 1561 2466 notionem
1576 2443 1657 2473 atque
1678 2447 1745 2466 con-

958 2487 1078 2518 ceptum.
1091 2483 1139 2510 Est
1150 2482 1224 2511 enim
1238 2487 1397 2518 conceptus,
1411 2487 1468 2510 tum
1482 2483 1669 2519 intelligentis,
1688 2488 1745 2510 tum

958 2529 1018 2564 ejus
1029 2528 1103 2564 quod
1124 2529 1299 2564 intelligitur,
1321 2528 1392 2561 linis,
1411 2532 1442 2556 ut
1457 2529 1536 2564 cujus
1550 2529 1596 2562 sit,
1609 2533 1640 2556 ut
1657 2533 1747 2556 extre-

959 2632 987 2659 in
999 2635 1098 2658 natura
1113 2633 1166 2661 est,
1179 2637 1234 2657 nou
1251 2628 1368 2656 naturali
1384 2627 1528 2663 praeditum
1544 2627 1680 2663 facultate.
1697 2625 1747 2652 llic

959 2667 1114 2700 ἐνέργειαν.
1131 2665 1220 2700 ipsum
1243 2664 1310 2691 dicit
1332 2662 1528 2700 intellectiouis
1549 2662 1696 2700 terminum
1715 2667 1746 2688 ac

959 2696 1090 2733 verbum,
1107 2696 1206 2734 in'quo
1225 2707 1302 2726 mens
1319 2707 1374 2725 rem
1394 2699 1556 2726 intueretur.
1567 2696 1746 2734 Anastasiutn

960 2736 1071 2768 exponit
1084 2731 1241 2765 Maximus,
1266 2734 1332 2760 dum
1358 2742 1439 2760 unam
1466 2734 1523 2768 ipse
1548 2731 1746 2768 \‘idctunwlle

961 2744 991 2763 ΘΧ
1013 2744 1071 2762 omt
1092 2744 1241 2765 maximus,
1266 2744 1332 2760 uutn
1358 2744 1439 2760 unam
1466 2744 1523 2768 Ipse
1548 2744 1650 2759 γιιιυιυι
1680 2744 1746 2757 Vt'tll:

961 2744 1115 2804 ὲνὲργειαν,
1139 2777 1190 2804 pro
1212 2769 1330 2799 effectu,
1354 2769 1381 2795 in
1407 2769 1450 2797 his
1472 2776 1532 2803 qua:
1554 2775 1587 2795 ex
1612 2764 1748 2794 Vaticanis

961 2805 1040 2834 codd.
1055 2806 1114 2841 ejus
1127 2804 1281 2840 argumenti
1297 2804 1405 2832 damus.
