1946 3074
212 120 279 152 1383

793 121 823 151 S.
846 120 972 150 MAXIM
980 120 990 149 ῐ
1010 121 1079 152 CON
1086 123 1263 154 v'ESSORIS

1771 125 1837 157 1384

210 185 316 205 morum
351 176 424 203 inter
455 184 483 204 so
511 176 681 204 habitudinis
708 177 930 213 circumscriptio
954 180 998 206 sit.

1060 181 1105 216 (ἀρ
1121 181 1137 216 ἡ
1150 181 1235 216 ψυχὴ,
1247 181 1355 209 ἵσταται
1369 181 1416 208 τοῦ
1430 183 1500 208 νοεῖν
1511 182 1599 209 ἐκεῖνο
1613 182 1642 208 τὺ
1657 182 1752 218 νοηθὲν
1771 187 1837 219 μετὰ

210 223 305 251 Anima
336 222 412 249 cnim
431 221 597 256 intelligens,
618 221 788 257 intelligendi
816 231 872 250 rem
895 223 1003 250 intelle-

210 274 295 299 ctam,
322 272 383 302 post
408 268 467 302 ejus
482 267 695 295 intcllectionem
721 267 802 296 ﬁnem
827 268 902 296 facit.
926 268 1004 302 Quod

211 314 283 341 enim
306 313 390 340 semel
413 313 523 347 proprie
543 321 662 348 vereque
684 313 854 341 inteJieetum
876 319 927 356 est,
948 323 1003 341 non

211 359 328 393 amplius
343 358 427 385 animi
445 359 498 385 vim
514 358 587 386 excit
608 359 642 386 ad
665 359 892 394 intelligendum;
909 360 1004 395 sicque

211 405 256 431 illa
276 405 302 431 in
315 411 480 439 unoquoque
491 409 637 440 conceptu,
651 412 666 432 a
683 405 728 432 tali
744 405 862 439 quadam
894 405 1004 433 intelle-

210 451 299 478 etionc
313 450 339 478 in
354 454 487 485 conceptu
501 450 541 478 rei
556 450 701 478 intellectae
711 451 837 486 quiescit.

244 497 288 522 8:2.
309 495 544 529 Quemadmodum
566 496 719 531 ignorantia
735 501 860 524 errantes
880 497 1003 531 proclive

211 542 319 574 dividit,
336 542 377 569 sic
391 541 460 569 lucis
478 541 609 576 spiritalis
622 541 779 576 praesentia,
794 549 843 569 eos
860 541 906 576 qui
938 541 1004 568 illu-

215 591 347 617 strantur,
364 586 485 621 proclive
505 589 534 613 et
553 585 612 620 ipsa
633 585 747 620 colligit,
761 585 875 620 unitque
895 589 924 612 et
939 593 1005 612 con-

211 636 330 660 summat
354 631 436 667 630
456 635 538 666 atque
563 631 722 664 convertit;
744 639 759 658 a
782 631 876 658 multis
898 631 1005 659 scilicet

212 677 398 713 apparentiam
416 676 593 708 habentibus,
609 676 643 703 ad
665 675 690 702 id
713 676 787 710 quod
806 681 848 703 est
862 683 928 703 vere
943 684 1005 703 con-

213 727 323 751 vertens
336 730 343 755 ;
358 722 502 757 variasque
515 721 645 753 visiones.
661 721 719 748 sive
733 720 775 756 (ut
788 721 880 748 verius
893 720 1002 756 loquar)

213 774 297 801 animi
325 774 497 802 iul‘ormantis
523 773 630 808 species
655 773 847 809 cogitationes,
873 773 901 801 in
922 780 1004 800 unam

213 828 306 848 veram
320 827 471 855 puramque
483 819 686 848 etuniformem
701 819 832 854 colligens
849 818 1002 851 scientiam,

215 874 323 900 duaque
338 870 366 893 et
379 865 491 893 uniente
506 865 567 893 lucc
584 865 747 899 adimplens.

248 912 292 939 85.
310 912 382 939 Idem
400 915 442 938 est
460 911 603 946 pulchrum
623 914 704 945 atque
725 910 839 940 bonum.
863 916 925 936 cum
943 909 1004 945 pul-

215 958 312 984 chrum
326 962 354 985 ct
370 957 470 984 bonum
485 956 559 983 omni
573 956 680 983 rat’oue
692 955 783 983 omnia
797 959 937 990 expetant,
952 962 1005 983 nec

214 1003 269 1030 ulla
290 1010 333 1030 res
355 1003 391 1029 sit
409 1001 517 1037 pulchri
537 1009 569 1029 ac
590 1001 654 1029 boni
672 1009 780 1037 expers.
797 1001 911 1029 Cunctis
930 1001 1004 1029 enim

214 1048 288 1082 quod
308 1049 453 1083 pulchrum
472 1055 504 1075 ac
520 1047 623 1075 bonum
644 1053 696 1079 est.
716 1055 765 1075 ceu
783 1055 847 1075 vene
864 1047 1003 1074 admiran-

214 1094 291 1125 dum,
313 1093 498 1128 expetendum
522 1097 564 1122 est
587 1097 616 1120 et
638 1092 756 1120 amabile
775 1096 804 1120 et
827 1092 957 1128 placitum
977 1096 1004 1120 et

213 1139 288 1174 quod
317 1139 434 1175 eligatur
465 1143 494 1167 et
525 1138 729 1166 cbarissimum.
758 1138 879 1166 Observa
911 1142 1004 1166 autem

214 1187 445 1223 quemadmodum
460 1186 570 1214 divinus
580 1194 658 1214 amor
674 1186 701 1213 in
715 1185 786 1213 bono
801 1185 1003 1220 pratexsistens,

215 1234 316 1261 bonum
335 1234 360 1260 in
376 1234 457 1261 nobis
476 1240 599 1261 amorem
615 1232 750 1267 genuerit,
765 1239 820 1267 quo
834 1231 943 1266 pulchri
956 1239 1005 1259 seu

214 1279 334 1310 honesti,
356 1279 478 1313 bonique
502 1279 531 1306 in
553 1278 634 1306 nobis
660 1277 829 1305 desiderium
851 1281 904 1310 est,
928 1277 1006 1313 juxta

212 1331 277 1350 eum
299 1324 346 1358 qui
370 1323 456 1351 dicit:
475 1324 585 1350 Amator
607 1323 692 1358 factus
716 1330 776 1350 sum
799 1321 1005 1357 pulchritudinis

213 1368 286 1396 illius
298 1369 330 1395 7‘.
349 1368 383 1396 Et
397 1377 403 1395 :
421 1368 490 1396 Ama
504 1368 592 1401 illam,
606 1371 631 1395 et
646 1368 763 1396 setvalzit
779 1372 820 1401 te;
834 1366 1006 1395 circumvalla

214 1415 301 1446 illam,
315 1419 339 1441 et
358 1414 485 1442 exaltabit
499 1418 524 1440 ta
536 1414 569 1441 ⁷⁸.

250 1459 295 1486 84.
312 1459 454 1494 Thcologi,
472 1459 559 1486 Deum
576 1457 741 1493 quandoque
758 1465 878 1485 amorem
897 1462 1005 1490 vocant,

1054 225 1102 260 τὴν
1120 225 1202 252 αὑτοῦ
1219 226 1375 263 νόησινηΤὺ
1391 226 1445 261 γὰρ
1456 227 1550 262 νοηθὲν
1563 227 1663 263 κυρίως
1678 227 1762 259 ἅπαξ,
1774 227 1836 254 οὒκ-

1054 259 1095 296 ἑτι
1111 271 1161 305 τὴν
1184 271 1251 305 πρὸς
1262 259 1296 298 τὸ
1312 259 1441 306 νοηθῆναι
1457 259 1536 299 πάλιν
1550 259 1708 299 ἐκκαλεῖται
1722 273 1773 307 τῆς
1790 273 1839 307 ψυ-

1054 316 1104 351 χῆς
1118 316 1240 350 δύναμιν·
1259 316 1306 342 xui
1326 316 1387 343 καθ’
1401 316 1516 344 ἕκαστον
1540 317 1628 352 νόημα
1650 317 1722 343 οὕτω
1745 317 1839 344 στάσιν

1053 363 1160 399 δέχεται
1185 364 1234 399 τῆς
1259 365 1338 396 ποιᾶς
1361 364 1407 390 ἐπὶ
1422 365 1462 400 τῷ
1484 365 1601 399 νοήματι
1625 364 1672 392 τοῦ
1697 364 1839 397 νοηθέντος

1054 410 1184 444 νοήσεως.

1089 497 1145 533 πβ’.
1163 499 1268 534 Ὥσπερ
1281 501 1297 534 ὴ
1312 499 1408 534 ἄγνοια
1422 499 1573 536 διαιρετικὴ
1590 500 1644 528 τῶν
1665 501 1841 536 πεπλανημέ-

1054 553 1107 571 νων
1120 545 1204 578 ὲστ¹ιν,
1219 545 1306 577 οὕτως
1317 547 1333 580 ἠ
1346 547 1392 574 τοῦ
1411 546 1508 581 νοητοῦ
1522 546 1609 581 φωτὸς
1624 547 1761 582 παρουσία
1781 556 1842 574 συν-

1053 591 1162 625 αγωγὺς
1177 592 1225 618 καὶ
1248 592 1365 628 ἑνωτικὴ
1382 592 1436 619 τῶν
1457 593 1649 627 φωτιζομένων
1663 593 1722 619 ἐστὶ
1739 594 1787 620 καὶ
1798 602 1839 620 τε-

1053 637 1184 672 λειωτικὴ
1209 637 1256 664 καὶ
1270 638 1480 674 ὲπιστρεπτική”
1497 638 1566 673 πρὸς
1579 638 1610 664 τὸ
1628 638 1712 670 ὅντως
1726 638 1767 670 ὃν,
1788 639 1842 665 ἀπὸ

1054 682 1108 708 τῶν
1124 682 1232 709 πολλῶν
1243 683 1419 718 δοξασμάτων
1430 684 1640 719 ἐπιστρέφουσα,
1657 684 1703 711 καὶ
1717 684 1768 716 τὰς
1782 693 1843 711 ποι-

1054 728 1132 760 κίλας
1160 728 1247 763 ὄψεις,
1263 728 1280 762 ἢ
1302 728 1468 764 κυριώτερον
1495 731 1600 762 εἰπεῖν,
1621 731 1782 764 φαντασίας,
1803 732 1841 763 εἰς

1055 773 1120 808 μίαν
1143 773 1231 809 ἀληθῆ
1257 774 1304 801 καὶ
1327 774 1451 810 καθαρὰν
1475 775 1523 801 καὶ
1540 770 1666 811 μονοειδῆ
1687 776 1841 811 συνάγουσα

1054 820 1166 855 γνῶσιψ
1181 819 1228 847 xui
1249 820 1308 853 ἑνὸς
1335 819 1383 848 xui
1405 820 1534 848 ἑνωτικοῦ
1559 824 1649 856 (puto;
1665 822 1840 858 ὲμπιπλῶσα.

1092 907 1150 942 πγ¹.
1175 909 1183 918 ’
1201 907 1306 935 Ταυτόν
1327 908 1399 935 ἐστιν
1413 907 1451 943 τῷ
1468 907 1562 943 ἀγαθῷ
1581 907 1610 934 zz.
1629 908 1721 938 καλὸν.
1739 907 1781 934 ὅτι
1796 908 1842 935 τοῦ

1055 954 1138 982 καλοῦ
1152 954 1201 980 xui
1211 953 1315 988 ἀγαθοῦ
1331 953 1399 980 κατὰ
1416 955 1507 980 πᾶσαν
1520 953 1609 980 αἰτίαν
1625 953 1713 979 πάντα
1723 953 1841 987 ἐφίεται,

1055 999 1102 1027 xui
1119 1000 1167 1026 οὐκ
1184 999 1242 1026 ἐστι
1257 1007 1284 1025 τι
1299 999 1352 1026 τῶν
1366 999 1460 1030 ὅντων,
1481 998 1495 1025 ὃ
1516 998 1552 1033 μὴ
1573 998 1682 1034 μετέχει
1695 998 1742 1025 τοῦ
1759 998 1842 1025 καλοῦ

1055 1046 1103 1072 καὶ
1122 1044 1236 1078 ἀγαθοῦ.
1255 1044 1326 1071 Πᾶσι
1339 1044 1393 1079 γάρ
1404 1044 1502 1071 ὲστι¹τὸ
1516 1043 1598 1070 καλὸν
1612 1043 1659 1070 καὶ
1674 1043 1789 1078 ἀγαθὺν,
1807 1043 1843 1075 ὡς

1055 1090 1141 1121 ὅντως
1156 1089 1287 1124 ἀγαστὸν,
1306 1089 1401 1124 ἐφετὸν
1416 1091 1462 1116 καὶ
1479 1089 1593 1124 ὲραστδν
1606 1089 1654 1116 καὶ
1668 1089 1786 1124 ἀρεστὸν
1798 1090 1843 1115 xui

1055 1137 1164 1173 αἱρετὸν
1184 1137 1232 1163 καὶ
1257 1136 1411 1177 ἀγαπητόν.
1436 1136 1594 1172 Σημεεωσαι
1616 1135 1646 1162 δὲ
1666 1136 1725 1166 πῶς
1742 1136 1756 1162 ὁ
1774 1135 1843 1168 Belo;

1055 1183 1126 1218 ἔρως
1150 1182 1179 1208 ὲν
1193 1181 1232 1216 τῷ
1251 1181 1345 1216 ἀγαθῷ
1362 1182 1557 1217 προῦπάρχων,
1579 1181 1655 1207 ἔτεκε
1670 1180 1716 1207 τὸν
1732 1181 1762 1207 ἐν
1778 1182 1843 1216 ἡμῖν

1055 1228 1158 1262 ἀγαθὸν
1175 1227 1281 1262 ἔρωτα,
1307 1226 1341 1253 δι’
1365 1223 1396 1253 οὗ
1421 1226 1469 1252 τοῦ
1493 1225 1577 1253 καλοῦ
1600 1227 1647 1252 καὶ
1669 1225 1774 1260 ἀγαθοῦ
1797 1227 1845 1260 ἑφ-

1057 1273 1165 1308 ιέμεθα,
1181 1272 1252 1299 κατά
1271 1272 1318 1299 τὸν
1338 1271 1617 1306 εῑπόντα,¹Ερασι-ὴς
1631 1272 1780 1306 ἐγενόμην
1791 1271 1845 1299 τοῦ

1056 1320 1191 1351 κάλλους
1207 1317 1313 1352 αὐτῆς.
1332 1317 1398 1349 Καὶ,
1420 1317 1578 1351 Ἑράσθητι
1592 1317 1705 1351 αὐτῆς.
1729 1318 1779 1344 καὶ
1794 1326 1845 1351 τη-

1053 1365 1145 1401 ρήσει
1157 1371 1205 1392 σε·
1220 1363 1468 1398 περιχαράκωσον
1480 1363 1588 1398 αὐτὴν,
1602 1363 1649 1389 καὶ
1662 1363 1781 1397 ὑψώσει
1796 1369 1844 1392 σε.

1095 1452 1147 1480 ηδ’.
1162 1452 1200 1479 Τὸ
1216 1452 1294 1479 Θεῖον
1316 1451 1342 1477 οἱ
1362 1450 1492 1484 θεολόγοι,
1511 1450 1573 1477 ποτὲ
1591 1449 1640 1485 μὲν
1664 1450 1764 1485 ἔρωτα,
1780 1450 1845 1477 ποτὲ

215 1503 382 1538 quandoque
395 1503 559 1530 charitalem
571 1510 620 1530 seu
634 1502 809 1529 dilectionem
821 1510 828 1534 ;
841 1502 1005 1536 quandoque

1060 1499 1086 1524 δὲ
1102 1498 1225 1533 ἀγάπην,
1242 1498 1308 1524 ποτὲ
1324 1497 1352 1524 δὲ
1368 1496 1482 1531 ὲ-ραστὸν
1494 1496 1539 1523 καὶ
1551 1495 1692 1530 ἀγαπητὸν
1704 1496 1844 1524 καλοῦσιν.

215 1547 362 1574 amabilem
390 1547 598 1581 dilectumque,
630 1545 908 1580 seu..charissimum.
938 1545 1008 1574 Hinc

216 1590 344 1626 proinde,
361 1598 393 1618 ea
412 1590 524 1625 quidem
544 1591 652 1618 ratione
670 1598 726 1626 qua
746 1598 823 1617 amr
842 1596 870 1617 et
888 1590 1009 1618 cbaritas

216 1640 258 1662 cst
284 1643 331 1662 seu
358 1636 480 1666 dilectio,
508 1640 646 1667 movetur;
668 1643 722 1670 qua
746 1643 812 1662 vero
832 1635 958 1662 amabilis
980 1640 1009 1663 et

217 1681 334 1708 dilectus
350 1689 398 1708 seu
414 1681 602 1713 charissimus,
615 1681 706 1708 omnia
718 1681 752 1709 ad
769 1689 798 1709 se
808 1681 895 1708 trahit
906 1681 1008 1709 amoris

216 1733 249 1753 ac
264 1726 406 1753 eharitatis
427 1733 475 1753 seu
496 1725 652 1754 dilectionis
668 1726 788 1762 capacia.
805 1727 849 1759 Et,
866 1731 895 1754 ut
911 1734 1008 1755 rursus

216 1772 318 1799 clarius
329 1772 429 1804 dicam,
443 1776 571 1799 movetur
581 1771 703 1807 quidem,
717 1780 748 1800 ea
766 1772 883 1806 ratione,
896 1780 950 1807 qua
963 1773 1007 1799 in-

217 1821 326 1844 ternum
349 1817 440 1845 animo
455 1817 559 1845 amoris
574 1822 602 1845 et
615 1818 758 1845 charitatis
778 1825 829 1845 seu
851 1818 1008 1846 dilectionis

217 1861 346 1889 aﬂ'ectum
371 1863 413 1890 his
439 1863 592 1898 ingenerat,
617 1863 663 1898 qui
690 1863 765 1890 illius
787 1871 900 1898 capaces
926 1867 1006 1896 sunt;

218 1911 309 1934 movet
322 1915 389 1935 vero
407 1915 440 1935 ea
454 1907 570 1940 ratione,
587 1916 640 1942 qua
663 1908 716 1935 vim
739 1908 821 1936 habet
840 1913 938 1936 natura
954 1912 1010 1935 tru-

1058 1544 1149 1574 "005v.
1166 1545 1203 1575 ὡς
1216 1543 1264 1579 μὲν
1275 1543 1342 1578 ἔρως
1353 1543 1473 1578 ὑπάρχον
1483 1542 1529 1568 καὶ
1545 1542 1648 1576 ἀγάπη,
1667 1544 1792 1569 κινεῖται·
1809 1543 1846 1575 ὼς

1056 1590 1085 1617 δὲ
1106 1589 1221 1624 ὲραστὸν
1242 1590 1288 1616 καὶ
1303 1589 1458 1622 ἀγαπητὸν.
1478 1589 1547 1614 κινεί
1570 1587 1638 1623 πρὸς
1661 1588 1741 1614 ἑαυτὸ
1757 1588 1846 1614 πάντα

1055 1635 1090 1662 τὰ
1106 1635 1205 1670 ἔρωτος
1222 1636 1269 1661 xui
1286 1635 1396 1670 ἀγάπης
1412 1634 1533 1661 δεκτικά.
1551 1634 1603 1660 Καὶ
1618 1634 1782 1668 τρανότερον
1797 1631 1847 1660 αὖ-

1056 1680 1097 1712 θις
1122 1680 1214 1714 φάναι,
1231 1681 1344 1708 κινεῖται
1363 1680 1411 1715 μὲν
1435 1680 1473 1712 ὼς
1490 1679 1583 1714 σχέσιν
1605 1678 1737 1713 ἐμποιοῦν
1761 1679 1846 1706 ἐνδιά-

1059 1726 1137 1753 θετον
1156 1725 1256 1760 ἔρωτος
1275 1725 1323 1752 καὶ
1349 1725 1460 1760 ἀγάπης
1485 1726 1541 1756 τοῖς
1564 1724 1667 1750 τούτων
1693 1724 1845 1755 δεκτικοῖς·

1059 1773 1130 1798 κινεῖ
1144 1771 1182 1803 δὲ,
1196 1771 1232 1803 ὼς
1250 1771 1373 1797 ἑλκτικὸν
1386 1770 1477 1804 φύσει,
1491 1772 1541 1805 τῆς
1556 1770 1610 1796 τῶν
1622 1770 1664 1796 ἐπ’
1678 1769 1744 1796 αὐτὸ
1755 1778 1847 1796 κινου-

1059 1818 1149 1852 μένων
1176 1817 1304 1851 ἐφέσεως.
1328 1817 1382 1844 Καὶ
1405 1816 1486 1843 πάλιν
1502 1817 1573 1843 κινεῖ
1593 1816 1639 1842 καὶ
1664 1817 1791 1848 κινεῖται,
1809 1816 1847 1848 ὠς

1059 1862 1142 1897 διψῶν
1157 1862 1187 1894 το
1204 1861 1342 1897 διψᾶσοαι,
1361 1862 1408 1889 xui
1429 1862 1500 1896 ἐρῶν
1523 1861 1552 1890 τδ
1570 1861 1694 1897 ὲρᾶσῡαι,
1713 1861 1763 1887 xui
1777 1862 1846 1895 ἀγα-

1062 1908 1120 1934 πῶν
1141 1906 1171 1932 τὺ
1187 1906 1354 1940 ἀγαπᾶσθαι.

218 1954 300 1980 hcndi
323 1962 418 1981 eorum
437 1955 600 1989 appetitum,
619 1955 665 1990 qui
687 1955 720 1982 ad
743 1955 831 1990 ipsum
849 1959 1003 1983 moventur.
1024 1955 1062 1982 Ac
1075 1961 1171 1982 rursus
1186 1958 1277 1980 movet
1304 1958 1387 1987 atque
1418 1956 1555 1984 nmvetur,
1573 1952 1659 1987 utqui
1673 1952 1749 1980 sitiat
1762 1951 1845 1987 sitiri,

217 2004 290 2027 amet
307 2000 404 2034 amari,
420 2007 452 2027 ac
465 2000 561 2035 diligat
575 2001 662 2036 diligi.

252 2045 296 2072 85.
316 2039 388 2078 Quin
403 2049 431 2073 et
447 2045 558 2073 divinus
574 2054 652 2073 amor
666 2045 815 2073 exstaticus
833 2050 875 2073 est
886 2065 893 2078 ,
912 2051 941 2073 ut
959 2046 1007 2080 qui

217 2095 356 2117 amatores
371 2098 425 2117 non
445 2091 488 2117 sui
508 2090 635 2125 ipsorum
652 2098 712 2118 esse
734 2090 816 2122 sinat,
839 2091 887 2118 sed
910 2098 1005 2118 eorum

217 2135 265 2169 qui
293 2135 380 2163 amori
406 2135 554 2162 habentur.
580 2135 665 2170 quue
689 2136 838 2168 declarant,
865 2136 1007 2171 superiora

218 2180 340 2215 quidem,
350 2180 415 2207 dum
425 2181 586 2208 inferiorum
596 2180 674 2212 ﬁunt,
682 2189 778 2208 eorum
787 2189 859 2209 cura:
870 2181 1006 2217 impensa:

219 2231 263 2250 res
276 2232 340 2251 vero
350 2224 473 2258 ejusdem
488 2225 609 2259 generis,
625 2230 721 2253 mutua
734 2226 899 2254 cohaerentia
911 2235 918 2259 ;
934 2227 1004 2254 infe~

219 2269 290 2295 riora
316 2268 446 2304 denique,
471 2269 606 2297 diviniore
629 2271 809 2299 conversione
833 2272 867 2299 ad
886 2281 919 2299 ea
945 2280 1007 2308 qua:

218 2319 282 2340 sunt
304 2314 402 2348 prima.
424 2314 527 2342 idcirco
550 2315 632 2342 etiam
656 2324 769 2351 magnus
790 2317 890 2344 Paulus
912 2317 1007 2345 divino

218 2364 314 2393 captus
342 2367 446 2392 amore,
470 2360 567 2395 visque
590 2361 662 2388 illius
686 2369 746 2396 qua:
771 2370 912 2389 excessum
931 2363 1005 2396 facit,

219 2404 357 2439 particeps
378 2404 516 2432 effectus:
542 2405 602 2432 Vivo
627 2414 683 2441 ego,
710 2407 802 2434 aiebat
822 2407 914 2434 divino
937 2416 1005 2441 ore;

213 2450 275 2484 jam
288 2458 339 2476 non
357 2459 419 2485 ego;
435 2451 494 2477 vivit
510 2459 570 2478 vero
589 2452 616 2478 in
636 2459 676 2478 me
695 2451 811 2479 Christus
821 2453 858 2485 7°;
878 2456 1006 2488 tanquam

219 2494 326 2522 scilicet
348 2503 431 2523 verus
453 2500 568 2528 amator,
586 2501 613 2524 et
633 2497 680 2531 qui
697 2497 749 2524 Deo
762 2499 909 2526 arcessisset
923 2499 956 2532 ⁷⁷,
977 2504 1008 2529 ut

219 2539 292 2567 idem
309 2539 366 2575 ipse
382 2540 522 2576 loquitur;
543 2550 595 2570 nec
612 2543 667 2577 jam
684 2551 760 2570 suam
776 2543 844 2578 ipse,
857 2544 904 2572 sed
924 2545 1008 2572 amati

219 2584 325 2612 viveret
338 2585 433 2619 vitam,
451 2594 500 2614 ceu
514 2587 593 2622 longe
606 2587 807 2616 charissimam.

254 2629 297 2657 86.
315 2630 344 2658 Id
363 2639 473 2667 quoque
490 2631 517 2659 in
536 2633 651 2668 gratiam
666 2633 791 2662 veritatis
809 2633 936 2662 fidentius
965 2635 1008 2663 di-

1095 2048 1147 2073 πε’.
1165 2045 1242 2072 Ἔστι
1260 2044 1288 2071 δὲ
1313 2044 1359 2071 καὶ
1384 2044 1546 2076 Excitat:ch
1572 2043 1586 2071 ὁ
1603 2043 1673 2075 θεῖος
1699 2043 1783 2079 ἔρως,
1797 2044 1846 2071 οὐκ

1059 2090 1110 2116 ἐῶν
1121 2089 1224 2116 ἑαυτῶν
1235 2088 1304 2117 εἶναι
1319 2089 1381 2121 τοὺς
1396 2089 1525 2124 ἐραστὰς,
1540 2089 1608 2116 ἀλλὰ
1620 2088 1673 2116 τῶν
1687 2089 1844 2124 ἐρωμένων.

1060 2136 1114 2162 Καὶ
1130 2135 1239 2170 δηλοῦσι
1263 2137 1298 2162 τὰ
1324 2136 1374 2171 μὲν
1398 2136 1552 2172 ὑπέρτερα,
1571 2136 1620 2170 τῆς
1648 2135 1777 2170 προνοίας
1793 2135 1847 2161 τῶν

1060 2181 1279 2216 καταδεεστέρων
1291 2181 1432 2216 γινόμενα·
1445 2182 1492 2208 καὶ
1503 2180 1538 2207 τὰ
1553 2181 1711 2216 ὀμόστοιχα,
1729 2180 1780 2214 τῆς
1800 2181 1847 2206 ἁλ-

1058 2226 1147 2260 λήλων
1163 2226 1287 2260 συνοχῆς·
1304 2226 1351 2252 xui
1365 2226 1399 2252 τὰ
1413 2225 1556 2260 ὑφειμένα,
1575 2226 1622 2260 τῆς
1638 2225 1706 2260 πρὸς
1719 2225 1754 2251 τὰ
1770 2225 1846 2260 πρῶ-

1059 2280 1093 2298 τα
1107 2271 1246 2306 θειοτέρας
1260 2273 1437 2307 ἐπιστροφῆς.
1454 2272 1499 2298 Διὸ
1523 2272 1570 2298 καὶ
1591 2270 1697 2302 Παῦλος
1720 2271 1734 2297 ὁ
1756 2271 1846 2305 μέγας

1059 2318 1088 2344 ὲν
1098 2318 1199 2353 κατοχῇ
1215 2317 1262 2343 τοῦ
1278 2317 1351 2344 θείου
1367 2317 1486 2352 γεγονὼς
1502 2318 1614 2352 ἔρωτος,
1628 2318 1675 2343 xui
1686 2316 1734 2350 τῆς
1749 2317 1847 2343 ἐκστα-

1059 2363 1138 2396 τικῆς
1156 2362 1239 2389 αὑτοῦ
1262 2363 1403 2397 δυνάμεως
1418 2362 1598 2398 μετειληφὼς,
1615 2362 1698 2397 ὲνθὲῳ
1717 2362 1845 2397 στόματι,

1060 2407 1105 2433 Ζῶ
1118 2406 1185 2442 ἐγὼ,
1202 2408 1296 2443 φησὶν,
1306 2408 1418 2439 οὐκέτι,
1430 2405 1464 2442 ζῆ
1479 2408 1555 2435 δὲέν
1567 2408 1631 2443 ἐμοὶ
1647 2408 1776 2442 Χριστός
1786 2415 1792 2422 ·
1809 2408 1847 2437 ib:

1060 2451 1163 2486 ἀληθὴς
1180 2452 1299 2487 ἐραστὴς
1324 2453 1370 2479 κα).
1385 2451 1568 2486 ἐξεστηκὼς,
1593 2452 1631 2483 ὡς
1656 2451 1736 2483 αὑτός
1751 2453 1846 2487 ἔφησι,

1059 2495 1098 2529 τῷ
1112 2496 1186 2529 Θεῷ,
1203 2490 1256 2523 καὶ·
1267 2498 1296 2523 οὐ
1309 2497 1358 2532 τὴν
1375 2497 1471 2524 ἑαυτοῦ
1486 2497 1551 2530 ζῶν,
1566 2497 1633 2524 ἀλλά
1654 2496 1703 2532 τὴν
1722 2496 1769 2524 τοῦ
1782 2498 1849 2532 apa—

1060 2541 1122 2567 στοῡ
1136 2542 1219 2577 ζωὴν.
1235 2543 1271 2574 ὡς
1291 2542 1393 2578 σφόδρα
1415 2543 1572 2580 ἀγαπητήν,

1097 2639 1143 2670 πς¹
1154 2637 1327 2672 ,Τολμητέον
1346 2637 1393 2664 καὶ
1409 2637 1488 2666 τοῦτο
1508 2637 1579 2674 ὑπὲρ
1594 2637 1721 2674 ἀληθείας
1744 2638 1845 2670 εἰπεῖν·

255 2696 279 2712 ⁷⁸
293 2697 355 2732 Sap.
371 2707 427 2732 vui,
441 2700 468 2727 2.
508 2701 531 2715 "‘
546 2701 625 2729 Prov.
643 2710 680 2734 ιν,
696 2701 722 2729 6.
759 2702 782 2717 "
796 2702 883 2729 Galat.
899 2710 927 2733 ιι,
940 2702 984 2729 20.

1060 2703 1078 2731 ll
1091 2703 1154 2731 Cor.
1167 2712 1192 2737 v,
1210 2704 1251 2731 15.

255 2763 345 2804 :gap.
362 2765 507 2804 LDcJIiv.
530 2777 612 2802 nom.,
636 2770 649 2804 ε
669 2769 701 2797 10
723 2774 751 2797 et
776 2770 807 2797 l4
828 2770 862 2797 ad
877 2778 952 2797 num.
972 2769 1005 2797 84
1023 2772 1101 2799 infra.

253 2798 263 2810 ⁸
278 2797 347 2826 Ibid.
365 2799 408 2833 85,
434 2801 476 2828 15.
