1946 3074
111 143 178 188 1397

601 158 848 195 QUESTIONES
866 160 916 190 AD
935 160 1230 191 THEOPEMPTUM.

1667 160 1734 195 I398

112 222 205 250 ροπος
223 213 431 249 ένδομυχοῧσαν,
447 215 494 241 καὶ
514 211 570 242 οἷον
593 217 752 248 αίκίξουσάν
770 225 799 243 τε
817 225 894 243 συνεα

956 221 1025 246 iesta
1036 222 1100 246 sunt
1113 225 1145 245 ac
1158 217 1240 245 oﬂlcii
1256 217 1428 251 obduratior,
1442 225 1502 253 qua:
1517 226 1550 246 ex
1564 217 1738 247 diuturniore

111 260 167 296 χῶς
183 259 228 287 καὶ
239 259 396 295 διοχλοῦσαν
411 261 459 296 τὴν
472 261 586 296 βάσανον
602 270 608 276 ·
621 262 673 294 ἕως
692 262 847 298 λυμῄνηται
861 262 896 289 τὰ

111 306 161 341 τὴν
186 305 276 341 ψυχὴν
298 306 485 342 λυμαινόμενα
503 307 589 342 παθη,
607 308 640 335 δι’
657 309 834 344 ἐγκρατείας,
849 309 897 336 καὶ

110 351 161 386 τῆς
176 352 244 387 πρὸς
264 352 298 378 τὰ
316 352 383 387 μέλη
399 354 447 387 τῆς
465 354 566 389 σαρκὸς
581 355 705 382 ἑκουσίου
723 356 894 390 νεκρώσεως,

110 396 179 425 Εἶτα
199 398 246 424 καὶ
259 398 326 434 πρὸς
339 400 498 434 ἀγχιστείαν
512 400 596 428 αὐτοῦ
610 400 656 428 τοῦ
671 401 751 435 λόγου
767 402 801 428 δι’
818 403 897 428 εὐσε-

111 443 200 476 ϐείας,
219 445 266 471 καὶ
283 445 332 480 τῆς
348 445 411 481 περὶ
435 446 468 472 τὰ
485 446 603 482 κρείττω
617 447 784 482 τελεωτέρας
798 448 898 482 ἀγάγοι

111 492 234 527 σπουδῆς
246 501 253 508 ·
270 490 310 524 οἷς
325 494 449 528 φυσικῶς
466 494 686 529 ὲνεργουμὶνοις,
701 495 734 521 τὰ
745 494 834 521 οἲκεῖα
851 494 899 520 καὶ

112 538 236 574 stupui
253 540 444 575 παραϐάλλων,
464 540 478 567 ό
491 541 562 576 ὑπὲρ
575 541 668 568 οὐσίαν
681 541 727 568 καὶ
742 540 823 575 φύσιν
833 540 899 572 Θεὸς

113 585 218 621 Κύριος
247 585 325 621 ἡμῶν
346 586 452 621 Ἰησοῦς
472 586 600 622 Χριστὸς,
624 587 655 613 ὀ
668 586 696 613 δὲ
709 586 782 619 Θεὸς
797 587 834 613 οὐ
854 585 899 620 μὴ

112 631 242 666 ποιήσῃ.
256 632 335 667 φησι,
355 632 412 666 τὴν
430 631 588 665 ἐκδίκησιν
599 631 691 666 ὑμῶν,
705 632 738 658 δι’
755 631 822 666 ἐμοῦ
835 637 902 666 crap-

113 677 258 710 κωϐέντος,
271 679 317 705 καὶ
333 678 382 714 τήν
393 678 441 705 τοῦ
452 678 616 713 καθαιρέτου
628 678 676 713 τῆς
691 677 798 713 φύσεως
809 685 901 704 ποιου-

114 724 196 758 μένου
218 723 381 759 καθαίρεσιν
395 732 403 756 ;

947 262 1042 290 habitu
1057 263 1185 295 inolevit;
1207 263 1272 290 dum
1292 263 1339 290 illa
1354 263 1428 289 intus
1447 263 1535 290 latens
1555 271 1586 290 ae
1608 263 1739 291 continue

946 309 1022 337 velut
1039 309 1178 345 ﬂagellans
1202 309 1387 344 ingruensque
1406 309 1550 336 molestius
1571 313 1738 338 tormentum

947 353 1021 381 ferre
1034 361 1088 380 non
1103 359 1212 388 potest:
1226 353 1347 388 quandiu
1363 353 1492 380 nimirum
1507 354 1621 382 affectus
1632 362 1663 382 ac
1677 355 1739 383 libi.

950 399 1040 432 dines,
1060 401 1178 427 animam
1196 400 1413 435 pessumdantes,
1428 408 1477 435 per
1495 401 1690 428 continentiam
1707 409 1740 428 ac

950 449 1048 480 sponte
1063 450 1228 480 assumptam
1248 446 1435 473 membrorum
1450 446 1539 473 carnis
1552 445 1740 474 mortiﬁcatio-

951 498 1031 523 nem,
1056 498 1111 518 non
1134 491 1366 526 pessumdederit;
1390 490 1545 526 exindeque
1570 491 1603 518 ad
1627 490 1740 518 rationis

951 538 1038 572 ipsius
1050 538 1291 571 necessitudinem,
1302 538 1412 573 pietatis
1425 538 1499 566 cultu
1517 538 1740 573 diligentiorique

950 589 1033 618 opera
1045 591 1109 618 erga
1119 591 1150 611 ea
1163 591 1224 618 qua:
1235 583 1345 610 virtutis
1355 587 1429 615 sunt,
1441 582 1597 618 provexerit
1609 592 1616 609 :
1627 582 1738 618 quibus,

950 629 1015 656 dum
1032 629 1072 656 sic
1086 633 1182 656 natura
1198 634 1372 664 praestantur,
1386 637 1434 656 sua
1450 633 1618 665 paternaque
1633 628 1742 656 assimi-

951 675 1021 706 lans,
1036 675 1083 709 qui
1104 674 1222 702 essentia
1245 678 1395 709 naturaque
1411 675 1482 702 Deus
1495 674 1628 702 Dominus
1649 679 1741 701 noster

948 721 1030 749 Jesus
1043 721 1171 749 Christus
1184 722 1309 756 superior
1323 726 1375 754 est,
1389 721 1468 754 Deus,
1483 721 1582 756 inquit,
1595 720 1678 756 638
1688 728 1741 747 non

112 768 190 802 faciet
203 768 282 795 vestri
291 768 475 795 vindictam“:
487 775 590 803 petrae
602 767 717 800 scilicet,
731 767 778 802 qui
807 773 918 794 carnem
937 766 1143 801 assumpserim,
1177 770 1205 793 et
1226 766 1273 801 qui
1294 774 1356 794 eum
1376 766 1526 799 destruant,
1548 767 1594 802 qui
1614 772 1740 795 naturam

113 810 261 840 destruxit.

149 856 229 884 Οὕτω
244 856 354 892 μὲνοῦν
366 858 400 885 τὰ
417 859 479 893 περὶ
494 857 590 885 τούτου
606 857 744 894 διεξῆλθον
759 858 898 893 ὲπιτὸμως

984 857 1084 892 Sicque
1108 858 1177 885 adeo
1197 865 1259 893 quas
1281 857 1336 886 huc
1359 862 1483 893 spectant
1506 859 1557 886 sub
1578 859 1742 894 compendio

114 901 180 936 ἐγὼ,
203 902 339 929 καίΓόσον
363 902 394 930 τὸ
416 902 557 939 ἐγχωροῦν
590 904 642 940 τῆς
660 904 780 936 διανοίας
801 904 901 939 μέτρον

115 948 271 983 ἐπήρκεσεν
289 957 296 964 ·
309 949 333 976 εί
345 950 391 976 καὶ
405 949 494 982 ἄλλως
511 950 588 977 ἄλλοι
602 949 647 977 τὸν
665 950 748 977 τόπον
765 950 900 985 κατανοή-

116 1000 213 1025 σαντες
228 1003 234 1010 ·
251 995 276 1021 οί
303 995 353 1029 μὲν
381 996 421 1026 είς
439 994 559 1031 Χριστόν
575 1005 581 1012 '
594 996 620 1023 οἱ
639 996 668 1023 δὲ
683 995 846 1031 τοῦμπαλιν,
862 996 902 1028 είς

115 1039 161 1065 τὸν
183 1039 370 1075 Ἀντίχριστον
393 1040 563 1076 έξειλήφασι.
581 1042 646 1073 Δέος
673 1041 702 1068 δέ
717 1050 764 1076 μοι
784 1042 866 1074 νοεῖν,
883 1041 900 1076 ἢ

114 1083 208 1118 λέγειν
229 1085 349 1121 ἑκάτερα
364 1094 371 1101 ·
391 1086 422 1113 τὺ
450 1087 510 1122 μὲν,
525 1087 563 1121 ὡς
590 1087 756 1123 ἀσύγκριτον
773 1095 780 1102 ·
793 1087 824 1114 οὐ
848 1087 903 1123 γὰρ

118 1129 203 1164 μείων
233 1130 283 1164 μὲν
310 1130 374 1157 rio?)
388 1139 396 1146 ⁸
414 1131 516 1167 μείζων
542 1133 570 1160 δὲ
584 1132 702 1166 [ἰατρὸς.
717 1131 902 1168 ὴ.ὲκδίκησις’

116 1173 138 1210 ἢ·
154 1175 187 1201 δι’
202 1175 295 1209 ἄλλου,
310 1177 358 1204 καὶ
379 1177 446 1213 ἄλλη
471 1177 502 1204 τὸ
527 1178 648 1212 σύνολον,
667 1177 736 1213 πλὴν
754 1177 801 1205 τοῦ
826 1177 902 1204 Υίοῦ.

118 1220 174 1247 Καὶ
193 1221 252 1253 πῶς
268 1222 314 1249 ἐπὶ
327 1222 377 1256 τῆς
397 1223 482 1258 αὐτῆς
500 1225 684 1260 συγκριτικῶς
708 1232 784 1259 φησι,
801 1224 850 1255 τὸ,
873 1223 904 1250 '0

116 1265 152 1293 δέ
164 1266 247 1299 Θεὸς,
259 1268 351 1302 φησὶν,
372 1270 408 1296 οὐ
423 1270 545 1302 ποιήσει
560 1269 617 1304 τὴν
630 1270 788 1304 ἐκδίκησιν
799 1269 883 1305 ὑμῶν
894 1277 904 1302 ;

118 1312 157 1338 οὐ
175 1312 230 1347 γὰρ
246 1312 302 1348 έχει
324 1313 417 1349 χώραν
429 1322 436 1330 ·
455 1314 615 1351 ἢδιάφορος
634 1315 743 1348 πάντως
762 1316 904 1351 δειχθήσε-

118 1362 184 1390 ται,
206 1359 253 1385 καὶ
280 1360 349 1393 μετὰ
372 1360 421 1396 τῆς
439 1361 546 1395 φύσεως
569 1362 599 1388 οὐ
622 1361 774 1397 δυναμένης
795 1361 824 1397 τὺ
847 1360 905 1389 ἴσον

119 1403 187 1440 δρᾷν
199 1412 206 1419 ·
219 1405 264 1431 καὶ
278 1405 322 1432 διὰ
336 1406 414 1445 τοῦτο
439 1407 548 1439 λοιπὸν,
561 1407 591 1434 οὐ
610 1407 830 1444 συντασσομένης
847 1415 853 1422 ·
870 1409 906 1435 εἱ-

120 1449 282 1485 κονιζούσης
297 1451 325 1478 δὲ
341 1452 431 1486 μόνον,
446 1453 486 1483 ὡς
499 1452 704 1488 ὑπερκειμένην
714 1473 721 1486 ,
736 1453 787 1488 τὴν
804 1452 905 1488 ὑπερέ-

121 1503 233 1531 χουσαν.
243 1496 279 1523 Τὸ
289 1496 328 1528 δὲ,
344 1496 383 1529 ὡς
396 1498 556 1525 ἀνέκδεκτον
575 1498 622 1525 καὶ
641 1499 791 1534 ἀμήχανον,
806 1498 836 1525 τὸ
854 1507 905 1526 χα-

119 1541 165 1568 te»;
190 1543 277 1570 ποιεῖν
297 1543 343 1569 τὸν
358 1543 458 1575 κακίας
481 1543 594 1580 εὑρετὴν
607 1545 654 1571 καὶ
670 1545 829 1572 διδάσκαλον
844 1553 851 1560 ·
864 1546 905 1573 Οὐ

121 1587 175 1622 γὰρ
191 1588 327 1621 δύναται,
342 1590 419 1625 φησι,
434 1589 560 1624 δένδρον
576 1590 697 1624 σαπρὸν
707 1591 840 1626 καρποὺς
854 1600 906 1618 και

121 1634 198 1667 labe
230 1635 344 1662 ποιεῖν·
360 1635 442 1662 καλὸν
467 1635 495 1662 δὲ
517 1637 533 1671 ἡ
562 1636 712 1671 ἐκδίκησις,
729 1636 776 1664 καὶ
797 1636 827 1664 τδ
857 1637 907 1672 τὴν

120 1679 233 1715 ὄχλησιν
247 1681 425 1715 ἀφοσιοῦσθαι
440 1681 555 1714 δεόντως
574 1682 621 1709 τοῦ
646 1682 882 1718 προσπελάζοντος
898 1691 905 1699 ·

89 1747 93 1750 .
118 1725 138 1762 ἢ
151 1726 239 1761 τούτῳ
252 1727 472 1763 παραϐάλλεσθαι
489 1729 581 1764 τυχὸν,
592 1729 606 1755 ὃ
619 1729 656 1764 μὴ
671 1728 767 1764 θέμις,
785 1729 830 1755 τὸν
850 1730 908 1755 Πα-

120 1772 199 1809 τέρα,
215 1773 262 1799 καὶ
277 1773 366 1809 πάσης
381 1774 482 1810 ἀρετῆς
495 1775 542 1801 καὶ
559 1774 632 1810 ζωῆς
645 1773 762 1810 χορηγὸν
777 1773 807 1806 ἐξ
825 1774 907 1806 Υίοῦ,

122 1819 169 1845 καὶ
187 1819 276 1845 ταῦτα
300 1818 462 1854 μονογενοῦς
475 1840 481 1851 ,
497 1820 543 1847 καὶ
562 1822 621 1848 ἴσου
640 1822 689 1857 τὴν
706 1822 787 1857 φύσιν
798 1822 846 1849 καὶ
859 1821 908 1856 τὴν

120 1865 290 1900 Mallorum.
307 1866 344 1892 Οὔ
360 1866 414 1901 γὰρ
428 1867 462 1893 τὰ
480 1867 551 1894 καλὰ
575 1867 619 1895 διὰ
629 1868 683 1895 τῶν
698 1868 792 1895 κακῶν
809 1867 910 1903 μηνύε-

124 1911 184 1937 σθαι
212 1911 345 1946 πέφυκεν,
366 1912 460 1948 ὥσπερ
476 1913 536 1940 οὐδὲ
557 1913 602 1941 διὰ
619 1914 732 1946 σκότους
757 1914 788 1940 τὸ
805 1914 874 1948 φῶς,
891 1914 908 1950 ἢ

119 1953 240 1982 ’θανάτου
256 1956 312 1992 ζωή
327 1964 333 1972 ·
353 1958 400 1984 καὶ
424 1957 472 1984 τοῦ
495 1958 628 1994 μηδαμῶς
646 1959 732 1992 δντος,
750 1959 781 1986 τὸ
803 1960 842 1986 ὃν.
856 1960 910 1987 Καὶ

124 2001 155 2028 οὐ
168 2001 240 2036 λέγω
261 2003 348 2029 ταῦτα
371 2003 438 2039 πρὸς
451 2004 500 2038 τὴν
513 2005 625 2032 ἐκείνων
640 2005 768 2041 ἀθέτησιν
786 2014 794 2022 ·
812 2005 910 2042 ἔχομαι

125 2045 180 2081 γὰρ
195 2047 239 2072 καὶ
252 2047 400 2082 ἀντέχομαι
417 2048 490 2083 ζωῆς
508 2049 588 2076 πλέον
603 2069 610 2082 ,
626 2050 676 2084 τῆς
703 2050 757 2076 τῶν
781 2050 911 2086 φαμένων

124 2091 300 2125 διδασκαλίας
311 2103 317 2108 ·
335 2093 401 2120 ἀλλὰ
415 2094 445 2120 τὸ
456 2095 560 2122 οἰκεῖον.
574 2095 686 2131 μέτριον
697 2096 730 2123 δι’
747 2096 834 2133 ἄκραν
856 2097 911 2124 δει-

126 2137 186 2165 λίαν
202 2138 427 2174 ασφαλιζόμενος.
443 2140 497 2176 Τὴν
512 2141 541 2167 δὲ
557 2141 709 2175 ἀνάγνωσιν
728 2141 775 2168 τοῦ
793 2142 912 2170 ὑποπιά-

951 901 1089 934 enarravi,
1105 906 1238 937 quantum
1262 909 1312 937 pro
1339 902 1422 929 animi
1445 902 1556 930 modulo
1578 904 1685 938 assequi
1707 903 1742 931 li-

951 946 1019 980 cuit,
1035 947 1087 975 etsi
1108 947 1155 974 alii
1172 955 1235 975 eum
1251 947 1342 974 locum
1359 947 1438 975 aliter
1456 948 1663 981 intellexerunt;
1677 957 1742 984 par-

953 993 1058 1028 timque
1072 993 1107 1020 de
1127 993 1249 1026 Christo,
1265 993 1365 1028 partim
1389 999 1485 1021 contra
1507 994 1541 1022 de
1562 995 1741 1027 Antichristo,

952 1039 1080 1067 nonnulli
1098 1044 1295 1081 exposuerunt.
1312 1038 1403 1067 Metuo
1419 1043 1508 1067 tamen
1526 1048 1558 1067 ac
1574 1041 1741 1074 absterreor,

952 1093 988 1112 ne
1012 1085 1150 1113 utrumvis
1173 1091 1221 1113 aut
1245 1086 1404 1121 intelligam,
1428 1090 1476 1113 aut
1499 1086 1587 1113 dicam
1603 1097 1610 1114 ι
1626 1087 1741 1115 alterum

953 1131 1077 1167 quidem,
1088 1131 1162 1167 quod
1171 1139 1280 1159 omnem
1300 1136 1410 1167 respuat
1425 1132 1672 1167 comparationem,-
1688 1141 1743 1161 non

953 1178 1028 1204 enim
1043 1178 1134 1206 minor
1154 1177 1266 1213 quidem
1281 1177 1353 1211 Filii,
1372 1179 1459 1214 major
1473 1182 1565 1206 autem
1582 1179 1670 1207 Patris
1681 1180 1742 1207 vin-

954 1223 1027 1251 dicta
1042 1228 1098 1257 est;
1115 1229 1163 1252 aut
1177 1232 1227 1260 per
1240 1224 1336 1257 alium,
1352 1229 1433 1260 atque
1449 1225 1500 1252 alia
1522 1232 1646 1261 prorsus,
1661 1234 1743 1261 quam

955 1268 1028 1302 Filii,
1046 1273 1094 1296 aut
1111 1277 1160 1304 per
1175 1270 1286 1297 Filium.
1300 1269 1423 1303 Quanam
1435 1278 1500 1298 vero
1514 1271 1631 1301 ratione,
1647 1270 1743 1298 eadem

953 1323 1018 1342 cum
1031 1315 1076 1347 sit,
1090 1316 1167 1350 quasi
1179 1323 1228 1350 per
1241 1315 1474 1351 comparationem
1484 1316 1561 1348 dicit,
1574 1315 1643 1343 Dm
1656 1319 1745 1343 autem

955 1369 1008 1388 non
1023 1361 1101 1396 facta!
1112 1361 1256 1389 vindictam
1268 1363 1347 1389 vestri
1357 1362 1369 1389 7
1379 1362 1438 1389 Non
1454 1361 1528 1389 enim
1543 1361 1627 1389 habet
1641 1361 1743 1393 locum,

956 1413 1003 1435 aut
1017 1407 1129 1435 omnino
1142 1408 1268 1436 diversus
1282 1408 1492 1440 monstrabitur,
1509 1415 1597 1443 eaque
1613 1407 1745 1443 praeditus

955 1457 1064 1486 natura,
1082 1461 1143 1488 quae
1167 1453 1242 1481 idem
1264 1458 1395 1489 praestare
1416 1461 1472 1482 non
1495 1454 1604 1489 possit:
1630 1461 1753 1489 quaeque

920 1523 940 1553 ο
957 1498 1026 1526 adeo
1040 1499 1163 1534 ejusdem
1178 1499 1291 1527 minime
1305 1500 1413 1528 ordinis
1429 1500 1481 1533 sit;
1500 1499 1547 1527 sed
1566 1507 1627 1535 qua:
1637 1499 1744 1527 solum-

957 1544 1039 1571 modo
1065 1549 1196 1579 tanquam
1221 1545 1389 1572 eminentem
1415 1545 1562 1572 simulacro
1586 1544 1687 1572 referat
1713 1551 1745 1571 ao

957 1593 1146 1624 repraesentel,
1157 1598 1217 1618 eam
1227 1598 1288 1626 quae
1298 1590 1440 1626 praecellit.
1451 1590 1574 1618 Alterum
1586 1597 1661 1622 vero,
1671 1590 1747 1624 quod

957 1634 1035 1662 nullo
1055 1635 1136 1662 modo
1159 1635 1359 1663 admittendum
1382 1635 1429 1667 sit,
1452 1643 1542 1670 neque
1558 1643 1602 1662 res
1618 1635 1699 1668 femt,
1716 1639 1748 1663 ut

957 1684 1054 1707 auctor
1067 1680 1178 1708 malitia:
1193 1685 1221 1708 et
1236 1680 1365 1708 inventor
1380 1680 1541 1715 doctorquc,
1557 1681 1658 1707 bonum
1676 1688 1747 1714 pne-

958 1729 1031 1753 stare
1049 1725 1223 1753 existimetur
1242 1734 1249 1752 :
1270 1725 1329 1753 Non
1345 1727 1426 1756 enim.
1448 1726 1548 1761 inquit,
1567 1730 1649 1761 potest
1668 1726 1749 1753 urbor

959 1771 1032 1798 mala
1047 1772 1146 1806 fructus
1160 1772 1240 1799 bonos
1254 1772 1341 1807 facere
1355 1772 1380 1805 ‘;
1395 1771 1515 1800 vindicta
1528 1777 1622 1799 autem
1645 1772 1748 1799 bonum

959 1821 1011 1849 est,
1031 1817 1160 1853 justoque
1175 1825 1289 1845 munere
1311 1826 1359 1846 seu
1380 1818 1531 1850 iunctione,
1546 1818 1748 1853 interpellantis

959 1863 1113 1890 molestiam
1134 1863 1270 1891 redimere
1285 1871 1319 1891 ac
1335 1863 1482 1898 depellere.
1496 1865 1550 1891 Aut
1563 1864 1633 1891 forte
1649 1868 1678 1890 ut
1690 1864 1747 1891 An-

959 1908 1085 1936 tichristo
1103 1909 1187 1944 (quod
1210 1909 1296 1945 nefas)
1317 1909 1425 1937 Patrem
1443 1910 1561 1937 similem
1582 1918 1747 1942 asseramus,

959 1963 1010 1991 per
1024 1955 1136 1988 Filium,
1158 1955 1241 1990 idque
1266 1955 1438 1991 unigenitum
1461 1956 1576 1991 parique
1603 1960 1700 1983 natura
1717 1963 1749 1983 ac

960 2001 1094 2034 bonitate,
1106 2001 1216 2029 virtutis
1228 2002 1318 2029 omnis
1328 2009 1360 2029 ac
1370 2002 1433 2029 vitae
1442 2006 1592 2029 auctorem.
1603 2002 1663 2030 Non
1675 2002 1748 2029 enim

960 2050 1060 2074 natura
1074 2052 1270 2082 comparatum,
1282 2051 1312 2074 ut
1323 2047 1395 2074 bona
1409 2051 1437 2075 et
1447 2046 1573 2080 honesta,
1583 2054 1678 2074 eorum
1689 2055 1750 2082 quae

961 2093 1033 2120 mala
1048 2097 1122 2126 sunt,
1136 2097 1200 2129 typo
1214 2093 1407 2128 designentur;
1422 2093 1495 2120 sicut
1508 2100 1596 2127 neque
1609 2097 1640 2120 ut
1656 2093 1748 2120 lumen

962 2147 1011 2175 per
1029 2140 1167 2172 tenebras,
1179 2147 1211 2167 ac
1223 2147 1272 2175 per
1284 2143 1398 2167 mortem
1410 2139 1480 2172 vita;
1493 2146 1526 2166 eo
1540 2138 1659 2173 denique
1676 2139 1749 2174 quod

126 2183 184 2214 ζειν
198 2183 351 2221 κανονίξειν
377 2185 407 2211 οὐ
431 2185 536 2220 πρέπον
551 2186 623 2221 ἐμοὶ,
639 2186 683 2212 διὰ
697 2187 747 2222 τὴν
764 2187 792 2213 ἑν
806 2187 906 2220 τούτοις

964 2185 1078 2213 minime
1090 2190 1142 2217 est,
1158 2185 1184 2213 id
1198 2184 1270 2220 quod
1285 2189 1328 2212 est
1339 2183 1482 2220 ﬁguretur.
1499 2183 1592 2219 Neque
1607 2183 1664 2211 lucc
1676 2183 1749 2215 dico,

125 2229 256 2275 ἀμαθίαν.
267 2230 283 2265 ἢ
299 2231 355 2262 τοῖς
367 2231 534 2267 ἠσκημένοις
543 2233 590 2259 καὶ
602 2233 703 2269 σπουδῇ
718 2234 912 2275 προελομένοις

125 2274 176 2309 τὴν
191 2274 349 2302 παίδευσιν·
366 2276 391 2303 ο¹ί
408 2276 511 2311 ταύτην
536 2278 655 2313 ὀφείλειν
680 2279 747 2314 φασὶ
771 2281 911 2313 κανονίζε-

127 2320 190 2348 σθαι
219 2320 371 2356 βαρυτόνως
403 2322 545 2357 panem}
574 2323 800 2359 περισπωμένως,
813 2324 855 2351 ὅτι
882 2325 912 2352 τέ

127 2374 194 2401 φασι
206 2367 261 2393 τῶν
277 2368 409 2403 ῥημάτων
421 2368 496 2394 οὐδὲν
511 2369 690 2403 περισπᾱται,
706 2369 776 2405 πλὴν
788 2370 812 2396 εἰ
830 2370 867 2406 μὴ
878 2371 912 2398 ἐκ

129 2414 312 2448 συναιρέσεως
340 2414 488 2449 βαρυτόνου
518 2414 695 2449 καθέστηκεν.
720 2415 757 2447 ὡς
785 2415 832 2448 τὸ,
848 2415 910 2448 νοῶ,

126 2459 174 2486 καὶ
208 2459 295 2491 ποιῶ,
322 2459 369 2487 καὶ
400 2460 504 2496 χρυσῶ,
544 2461 590 2487 xui.
620 2459 670 2487 ὃσα
700 2460 833 2494 τοιαῦτα,
860 2469 913 2496 φυ-

126 2505 263 2532 λάσσοντα
294 2506 343 2533 καὶ
375 2507 443 2534 μετὰ
474 2506 630 2542 προθέσεως
665 2507 712 2533 ἐπὶ
747 2507 796 2542 τῆς
827 2507 914 2542 αὐτῆς

126 2551 173 2578 τὸν
187 2552 275 2579 τόνον.

128 2599 283 2627 nuntietur.
295 2599 407 2628 Nullum
417 2601 491 2628 enim
503 2601 618 2629 verbum
629 2601 724 2629 dicunt
737 2601 927 2633 circumﬂecti,

129 2649 160 2672 ut
182 2649 247 2672 sunt
267 2645 320 2672 νοῶ
335 2645 421 2680 ποιῶ,
436 2647 544 2682 χρυσῶ,
562 2654 594 2674 ac
615 2647 732 2679 similia,
749 2655 810 2682 quae
831 2648 914 2674 etiam

164 2691 222 2726 Τὴν
236 2691 336 2724 δεξιὰν,
350 2692 474 2727 σιαγόνα,
488 2692 537 2728 τὴν
550 2693 640 2725 δεξιὰν
657 2694 755 2729 πρᾶξίν
769 2703 852 2729 φημι,
864 2693 912 2720 καὶ

128 2737 197 2772 ὅσην
213 2737 305 2769 ἔνθεος
333 2739 402 2773 ἡμῖν
427 2739 470 2766 διὰ
496 2739 550 2766 τῶν
575 2739 688 2767 ἐντολῶν
717 2740 912 2775 συνιστάμενος

130 2783 188 2818 βίος
211 2784 422 2820 χαρακτηρίζει,
447 2785 632 2821 ραπιζομένην
652 2785 704 2813 ὑπὸ
723 2786 771 2813 τοῦ
791 2786 911 2822 πονηροῦ

165 2861 176 2877 ⁸
190 2861 256 2890 Luc.
270 2870 344 2896 SVIII,
363 2861 389 2889 '7.
428 2862 439 2880 ⁸
452 2862 546 2890 Matth.
561 2871 606 2895 vn,
624 2863 664 2891 18.

961 2236 993 2259 ut
1010 2232 1077 2259 viris
1097 2232 1255 2265 detraham;
1276 2239 1339 2258 cum
1358 2239 1453 2259 eorum
1472 2230 1520 2266 qui
1539 2230 1677 2262 dixerunt,
1703 2229 1750 2256 do-

960 2279 1089 2311 ctrinam,
1106 2278 1166 2313 ipsa
1179 2277 1333 2305 chariorem
1352 2277 1407 2304 vita
1420 2277 1546 2310 habeam,
1562 2277 1611 2304 sed
1633 2280 1663 2304 ut
1684 2283 1751 2303 mea:

961 2325 1021 2360 ipse
1035 2324 1163 2352 tenuitati
1179 2331 1237 2358 prae
1250 2331 1356 2351 summa
1374 2323 1522 2350 formidine
1535 2330 1656 2350 caveam.
1671 2322 1752 2350 Vocis
1762 2328 1770 2336 '

965 2374 1057 2398 autem
1076 2369 1246 2401 ὑπωπιάζειν
1265 2372 1394 2396 accentus
1409 2369 1543 2396 rationem
1561 2367 1682 2399 tradere,
1696 2375 1751 2394 non

965 2420 1021 2443 tam
1035 2423 1157 2442 mearum
1176 2415 1212 2442 sit
1229 2415 1360 2449 partium,
1375 2414 1411 2442 ob
1428 2421 1562 2442 summam
1582 2413 1616 2441 iis
1631 2413 1658 2440 in
1671 2413 1753 2440 rebus

966 2461 1116 2493 inscitiam,
1133 2468 1214 2496 quam
1234 2459 1418 2492 eruditorum,
1438 2463 1467 2487 et
1483 2459 1530 2494 qui
1544 2458 1697 2493 disciplinis
1711 2465 1752 2485 sc-

967 2507 1032 2535 dulo
1051 2507 1173 2534 animum
1187 2506 1381 2542 adjunxerunt.
1394 2505 1479 2533 Aiunt
1494 2506 1586 2540 itaque
1601 2505 1642 2532 sic
1657 2504 1752 2532 obser-

968 2551 1099 2584 vandum,
1112 2556 1143 2579 ut
1157 2551 1234 2587 gravi
1248 2550 1340 2586 potius
1356 2554 1481 2583 accentu,
1503 2557 1584 2585 quam
1602 2549 1672 2576 ﬂexo
1688 2555 1754 2582 pro-

947 2600 1001 2628 nisi
1016 2599 1091 2635 quod
1110 2607 1143 2627 ex
1163 2599 1239 2634 gravi
1257 2607 1306 2634 per
1325 2598 1540 2626 contractionem
1557 2596 1685 2624 eﬁ'cctum
1700 2596 1753 2631 sit;

933 2654 995 2674 cum
1013 2645 1201 2682 propositione
1214 2645 1241 2672 in
1254 2645 1349 2672 eadem
1360 2649 1474 2672 servant
1484 2647 1637 2671 accentum.

1000 2692 1083 2729 639
1094 2693 1239 2720 Dexteram
1255 2692 1392 2720 maxillam
1405 2712 1413 2724 ,
1431 2691 1570 2719 dexteram
1589 2690 1650 2717 dico
1667 2688 1754 2716 actio-

967 2747 1041 2771 nem,
1059 2743 1088 2766 et
1108 2747 1169 2774 quae
1190 2738 1278 2766 fauste
1290 2737 1385 2771 cedit;
1401 2745 1509 2765 omnem
1527 2736 1657 2770 denique,
1672 2740 1754 2769 quam

965 2785 1059 2813 divina
1081 2784 1162 2813 nobis
1177 2784 1244 2818 vita,
1258 2783 1450 2812 mandatorum
1463 2782 1655 2812 observatione
1673 2779 1754 2814 fulta,

1163 2848 1179 2861 r
