1946 3074
135 154 200 187 1417

726 153 812 182 ALIA
833 153 884 183 EX
902 154 1024 184 YATIC.
1045 154 1186 184 CAPITA.

1707 157 1773 189 1418

131 211 176 236 aia
195 208 219 235 oi
235 207 309 242 λόγοι
326 206 375 241 τῆς
388 206 497 233 αἰωνίου
512 204 584 241 ζωῆς
609 203 803 235 ἀποστάζουσι.
817 205 865 234 Τίς
879 202 924 230 οὖν

987 206 1014 232 ni
1043 206 1135 238 labiis,
1161 207 1238 234 velut
1259 207 1312 235 favi
1337 208 1427 236 mellis
1450 208 1555 236 stillant
1580 209 1643 237 vita:
1664 215 1773 237 :eterna-

130 254 258 289 ἀξιωθείη
285 254 342 284 τοῖς
366 252 483 288 χείλεσιν
506 252 625 283 ἐκείνοις
646 250 785 286 προσάψαι
804 251 839 276 τὰ
858 250 924 283 ἴδια,

131 301 177 327 καὶ
195 299 307 334 μασθῶν
322 298 374 325 ἀνὰ
390 298 472 333 μέσον
483 298 569 333 αὐτῆς
588 296 763 332 αὐλισθῆναι,
778 296 824 322 καὶ
838 296 925 332 ὀσμῆς

132 345 225 381 ἡδείας
238 343 402 379 μεταϐαλεῖν
416 343 531 377 ἱματίων
545 342 670 376 ἐκείνηςς
686 341 819 373 τουτέστι,
833 341 925 376 νόμοις

131 389 310 425 ὲνηδυνθῆναι
327 388 381 415 τῶν
399 388 515 424 ἀρετῶν,
528 387 583 414 τῶν
609 387 682 421 ὑπὲρ
704 387 794 413 πάντα
809 388 876 422 φησι
891 386 925 414 τὰ

132 437 267 472 ἀρώματα
283 435 349 463 ὂντα
363 436 412 471 τῆς
425 435 557 470 αἰσθητῆς
573 433 758 469 διαγνώσεως.

164 526 212 553 σε’.
234 526 287 552 Τοῦ
306 526 356 562 μὲν
377 526 515 561 ὁρωμένου
537 525 674 560 σώματος,
695 525 772 555 πᾶσα
785 525 858 560 ψυχὴ
876 533 925 559 γυ-

132 571 316 607 μνωῡήσεταιε
332 571 379 598 τοῦ
404 571 432 598 δὲ
456 572 506 607 τῆς
521 572 669 607 ἁμαρτίας,
689 572 715 598 οἰ
735 571 785 607 τῆς
807 571 925 598 ἐνταῦθα

131 618 204 653 ζωῆς
217 619 302 652 ὀλίγοι
316 618 371 645 τῶν
390 619 476 654 ἡδέων
489 619 781 654 προσαπολαύσαντες.

169 668 223 697 (ις’.
249 665 352 700 Νεκροὶ
372 665 421 701 μὲν
440 667 472 692 ἐκ
492 665 601 697 ζώντων
618 665 650 700 (l)
672 665 774 696 πάντες
789 663 924 699 ὸῳθήσον-

130 719 186 736 ται·
201 711 422 746 νεκρωοήσονται
438 710 465 737 δὲ
485 711 518 746 τῇ
535 709 658 746 ἁμαρτίᾳ
677 709 754 745 μόνοι
771 709 796 736 οἱ
820 710 853 735 ἐκ
865 710 924 736 δια-

131 756 234 788 Θέσεως
250 756 352 791 ταύτην
371 757 547 792 μισήσαντες.

167 802 216 834 οῖ’.
232 802 279 833 Ti;
302 802 398 829 ἑαυτὸν
416 802 470 837 πρὸ
486 802 533 828 τοῦ
553 802 645 829 κοινοῦ
659 802 777 829 θανάτου
798 801 845 828 τοῦ
870 803 924 828 σώ-

133 858 218 884 ματος
247 849 295 876 ἴδοι
317 849 365 884 τῆς
385 849 525 884 ἁμαρτίας
549 849 671 884 γυμνὸν;
688 849 736 876 καὶ
758 849 800 879 τίς
817 848 830 874 ό
844 848 925 882 γνοὺς

979 252 1063 280 verba
1081 252 1112 279 ".
1129 253 1244 280 Cuinam
1259 254 1343 289 igitur
1358 254 1483 289 obtingat
1498 260 1528 282 ut
1543 263 1592 283 sua
1609 256 1663 284 illis
1679 256 1774 284 admo-

979 303 1041 326 vcat
1056 299 1138 330 labia,
1154 304 1182 327 et
1195 303 1225 326 ut
1238 300 1310 327 inter
1322 300 1382 335 ejus
1396 301 1481 328 ubera
1493 306 1631 333 versetur,
1644 302 1774 337 illiusque

979 345 1087 381 aliletur
1106 345 1336 373 vestimentorum
1353 345 1449 373 odoris
1466 345 1653 381 fragantia"?
1669 347 1774 382 Nempe

979 391 1115 418 virtutum
1131 392 1238 426 legibus
1251 391 1416 424 delectetur,
1431 400 1492 428 qua:
1503 401 1587 428 super
1599 393 1691 421 omnia
1712 401 1774 421 aro-

979 442 1051 464 mata
1068 441 1148 471 sunt,
1167 438 1226 474 ejus
1247 439 1414 475 cognitionis
1430 443 1457 466 et
1469 439 1567 475 judicii
1583 440 1655 475 quod
1676 447 1774 468 sensus

978 484 1004 509 vi
1023 483 1150 511 habetur.

1016 530 1059 557 75.
1079 529 1200 565 Corpore
1223 531 1311 559 oculis
1332 531 1468 568 subjecto,
1493 531 1585 560 anima
1610 532 1700 559 omnis
1721 540 1772 559 nu-

978 575 1106 610 dabitur;
1127 577 1233 612 peccati
1252 582 1344 605 autem
1361 585 1477 613 corpore
1489 597 1496 610 ,
1514 577 1593 612 pauci
1610 585 1643 605 ex
1658 577 1712 605 illis
1725 577 1772 612 qui

977 623 1041 650 vitae
1054 623 1137 658 hujus
1152 623 1260 651 deliciis
1276 623 1356 659 potiti
1373 627 1447 650 sunt.

1015 669 1058 696 76.
1079 669 1180 697 Mortui
1194 678 1227 697 ex
1244 669 1414 702 viventibus,
1427 677 1524 697 omnes
1536 669 1647 704 quidem
1663 669 1772 704 conspi-

978 715 1088 743 cientur
1102 725 1108 743 :
1126 716 1173 744 sed
1190 716 1229 744 illi
1244 717 1377 744 duntaxat
1393 721 1505 752 peccato
1522 716 1771 749 mortiﬁcabuntur,

978 763 1026 798 qui
1040 771 1074 790 ex
1087 763 1180 790 animo
1197 763 1264 790 illud
1280 763 1401 791 oderint.
1705 755 1706 758 Ἰ

1014 810 1058 836 77.
1079 809 1146 843 Quis
1159 814 1224 836 ante
1238 817 1413 837 communem
1431 814 1547 837 mortem
1569 809 1705 844 corporis,
1719 817 1772 836 nu-

979 855 1044 882 dum
1058 863 1087 883 se
1101 863 1116 882 a
1132 860 1246 891 peccato
1260 855 1380 883 viderit?
1394 855 1491 890 quisve
1506 855 1625 891 seipsum
1639 863 1773 891 suamque

132 895 216 922 αὐτόν
230 904 260 921 τε
276 895 324 921 καὶ
338 895 387 930 τὴν
404 895 472 921 ἰδίειν
499 894 591 929 φύσιν,
615 895 696 922 ὁποία
719 894 782 921 ἐστὶ
804 893 858 929 πρὸ
876 895 926 931 τῆς

989 902 1100 930 ndolem
1115 907 1179 930 ante
1194 901 1315 930 futuram
1331 901 1544 930 denudationem
1559 901 1686 929 noverit?

137 940 289 976 μελλούσης
312 940 406 976 γυμνά)
411 949 478 970 σεως
491 949 498 973 ;

445 1006 500 1033 Τοῦ
517 1007 610 1033 αὑτοῦ.

189 1064 300 1100 Ψυχὴν
315 1063 401 1098 ἔρωτι
425 1063 564 1100 νυμφικῷ
580 1063 783 1100 τετρωμένην,

185 1096 277 1136 Εὺῇί
292 1096 470 1127 σύνάπτειφί
476 1096 559 1126 οἶδεν
573 1096 638 1125 ὦδε
648 1096 778 1133 νὺμφίῳ.

165 1160 218 1192 ..-q'.
235 1156 288 1183 Τοῦ
313 1156 444 1192 αἰσθητοῦ
468 1165 497 1183 τε
519 1156 567 1183 καὶ
582 1155 677 1192 νοεροῦ
693 1156 781 1190 φωτὸς
796 1157 812 1191 ἡ
830 1155 927 1191 λογικὴ

131 1206 162 1232 ὲν
178 1204 298 1240 μεθορίῳ
312 1204 425 1239 κειμένη
440 1203 525 1238 ψυχὴ,
546 1203 590 1230 διὰ
611 1203 659 1238 μὲν
671 1202 779 1234 τούτου,
794 1203 862 1238 ὁρᾷν
880 1203 928 1228 καὶ

131 1251 266 1286 πράττειν
281 1250 316 1277 τὰ
337 1249 383 1276 τοῦ
408 1249 533 1284 σώματος
547 1249 700 1284 ἐπετράπη·
718 1248 752 1275 δι’
767 1248 872 1275 ἐκείνου
887 1248 925 1279 δὲ,

130 1297 168 1324 τὰ
180 1297 226 1324 τοῦ
241 1296 406 1331 πνεύματος.
425 1295 495 1322 Ἀλλ’
512 1295 607 1330 ἐπειδὴ
622 1295 773 1331 ἡμαυρώῦη
792 1295 840 1330 μὲν
856 1295 925 1330 αὐτῇ

131 1343 238 1373 ἐκεῖνο,
260 1341 404 1377 ὲτρανώῆη
428 1340 457 1367 δὲ
476 1341 567 1371 τοῦτο.
582 1339 626 1366 διὰ
649 1340 698 1376 τὴν
718 1340 837 1376 ἀρχῆθεν
862 1347 926 1366 συν-

132 1388 274 1423 ήθειαν,εἱ
292 1375 329 1423 μὴ
349 1375 418 1418 ὅλως
435 1386 505 1422 μετὰ
525 1385 572 1412 τοῦ
593 1375 688 1422 νοεροῦ
703 1375 780 1422 ἐνγτῇ
801 1386 869 1422 εὐχῇ
881 1386 927 1421 γέ-

131 1442 225 1468 νηται,
243 1432 341 1464 ὑλικῶς
368 1433 425 1463 τοῖς
451 1431 534 1462 θείοις
562 1430 726 1462 ὲνατενίζειν
754 1431 784 1457 οὺ
803 1430 924 1457 δύναται.

138 1481 261 1514 Ἀνάγκη
277 1479 305 1506 δὲ
323 1476 394 1506 εἶναι
414 1478 499 1514 αὐτὴν
523 1478 553 1504 ἐν
576 1477 733 1513 μεταιχμίῳ
749 1477 862 1510 σκότους
880 1478 927 1503 καὶ

130 1527 233 1562 φωτός·
252 1526 324 1554 κατὰ
345 1526 437 1561 σχέσιν
453 1525 502 1560 μὲν
517 1524 626 1557 τούτου,
641 1523 713 1551 κατὰ
729 1523 758 1550 δὲ
773 1524 926 1558 φαντασίαν

130 1574 238 1601 ἐκείνου
254 1572 510 1608 ἀναστρεφομένην.

1301 1009 1442 1044 Ejusdem.

1031 1067 1157 1094 Animum
1175 1065 1270 1101 Sponsi
1287 1075 1378 1094 amore
1396 1067 1528 1097 saucium.

1030 1102 1075 1130 Sic
1093 1103 1180 1130 oratio
1196 1101 1298 1137 Sponsa
1317 1102 1443 1138 copulare
1462 1103 1544 1130 novit.

1013 1158 1058 1185 78.
1078 1158 1176 1186 Anima
1189 1158 1295 1186 ratione
1309 1163 1399 1191 utens,
1413 1165 1477 1186 cum
1489 1157 1517 1185 in
1529 1157 1599 1185 lucis
1611 1165 1694 1185 sensu
1707 1164 1772 1192 per-

977 1205 1117 1239 ceptibilis
1129 1204 1270 1239 animique
1289 1204 1470 1239 iutclligentis
1485 1203 1605 1231 conﬁnio
1623 1203 1772 1231 constituta

978 1251 1028 1283 sit;
1046 1251 1132 1278 altera
1146 1250 1270 1285 quidem,
1285 1258 1347 1285 qua:
1361 1254 1427 1277 sunt
1441 1249 1567 1285 corporis
1580 1249 1676 1276 videre
1691 1253 1773 1284 atque

977 1305 1059 1332 agere
1085 1297 1124 1324 illi
1150 1304 1313 1324 concessum
1338 1301 1399 1330 est;
1422 1296 1508 1324 altera
1526 1304 1604 1328 vero,
1627 1303 1687 1330 quae
1709 1300 1773 1323 sunt

977 1343 1102 1378 spiritus.
1117 1343 1186 1376 Quia
1203 1347 1296 1370 tamen
1311 1343 1412 1370 mentis
1426 1343 1474 1370 lux
1493 1350 1526 1370 ac
1539 1341 1719 1378 intelligentia
1732 1341 1770 1369 illi

977 1389 1123 1416 obscurata
1137 1393 1189 1421 est,
1206 1389 1332 1423 corporis
1345 1395 1412 1415 vero
1426 1395 1508 1415 sensu
1521 1387 1702 1423 percipientis
1717 1387 1774 1414 cla-

978 1436 1036 1462 rius
1049 1435 1163 1467 diluxit,
1183 1435 1219 1462 ob
1239 1435 1382 1470 antiquam
1401 1434 1507 1462 scilicet
1522 1434 1772 1467 consuetudinem;

977 1482 1038 1509 ﬁeri
1063 1490 1117 1508 non
1135 1486 1225 1516 potest
1246 1486 1276 1508 ut
1299 1481 1373 1508 omni
1393 1481 1420 1508 vi
1441 1481 1544 1508 divinis
1565 1481 1701 1512 intendat,
1718 1480 1772 1507 nisi

977 1534 1092 1561 prorsus
1118 1530 1211 1553 mente
1235 1527 1351 1561 ejusque
1377 1526 1439 1553 luce
1467 1526 1587 1554 orationi
1612 1524 1772 1558 vacaverit:

941 1570 963 1598 C
980 1571 1107 1606 quinimo
1134 1579 1249 1599 necesse
1264 1575 1317 1604 est,
1329 1579 1390 1598 eam
1408 1571 1436 1598 in
1455 1571 1631 1599 tenebrarum
1646 1571 1774 1604 lucisque

130 1620 256 1649 conﬁnio
270 1620 376 1647 versari
402 1628 410 1646 :
427 1618 603 1646 tenebrarum
617 1616 741 1653 quidem,
755 1624 790 1644 ex
802 1616 903 1644 aﬂ‘ectu
915 1625 948 1644 ac
965 1617 1099 1651 libidine;
1115 1618 1186 1645 lucis
1200 1626 1276 1651 vero,
1294 1626 1328 1645 ex
1357 1618 1441 1645 animi
1457 1617 1651 1646 informatione
1665 1623 1694 1646 et
1704 1617 1775 1654 cogi-

131 1666 250 1694 latione.

170 1712 218 1738 οϐ’.
233 1710 480 1746 Συμπαραμενέτω
502 1710 541 1745 τῷ
564 1708 633 1745 νῷὴ
653 1708 731 1745 εὐχὴ,
753 1708 792 1740 ὡς
816 1709 845 1734 ἐν
859 1707 927 1743 ἡλίῳ

130 1756 223 1790 ἀκτίς·
243 1755 277 1793 ἦς
301 1756 366 1784 ἄνευ
390 1757 418 1783 αἰ
439 1756 500 1783 κατ’
516 1756 646 1791 αἴσθησιν
664 1755 806 1790 μέριμναι,
824 1751 869 1780 οἷά
885 1762 926 1779 τι-

130 1812 178 1835 νες
194 1803 304 1837 ἄνυδροι
326 1802 438 1837 νεφέλαι
463 1802 691 1837 περιπετόμεναι,
713 1800 759 1826 τὸν
783 1799 846 1826 νοῦν
871 1797 928 1834 εἴρ-

130 1858 216 1884 γουσι
235 1849 286 1883 τῆς
310 1848 415 1879 οἰκείας
435 1847 641 1883 λαμπρότητος.

174 1895 211 1922 π’.
233 1894 328 1921 Ἔνδον
353 1887 403 1929 τῆς
422 1893 493 1920 κατὰ
518 1893 570 1928 τὴν
596 1892 680 1927 εὐχὴν
706 1891 802 1924 στενῆς
827 1890 927 1926 πύλης,

132 1941 200 1973 νοῦς
218 1941 370 1976 παθητικδς
385 1941 416 1967 οὐ
433 1939 547 1966 δύναται
572 1938 715 1971 εἰσελθεῖν,
736 1937 789 1972 πρὸ
812 1935 859 1963 τοῦ
879 1935 928 1971 τὴν

132 1987 209 2014 κατὰ
224 1986 319 2021 σχέσιν
336 1985 481 2012 ἀπολιπεῖν
505 1984 652 2019 μέριμναν·
667 1983 732 2018 περὶ
746 1982 775 2008 δὲ
794 1982 828 2008 τὰ
849 1989 928 2016 περι-

135 2035 237 2068 σκῆνια
260 2024 378 2068 ἐὶιεῐνης,
394 2031 592 2066 ὀδυνηθήσεται
614 2029 659 2056 διὰ
680 2028 781 2060 παντὸς
799 2027 929 2063 ἀσχολού-

135 2085 229 2114 μενος.

173 2167 230 2195 πα¹.
246 2166 365 2201 Δύναμις
385 2166 435 2201 μὲν
458 2165 543 2201 εὐχῆς
565 2165 646 2192 πεῖνα
673 2164 827 2200 βρωμάτων
850 2165 926 2192 ἑκού-

136 2222 205 2245 σιος·
223 2213 320 2247 πείνης
334 2212 373 2244 δὲ,
387 2212 417 2238 τὸ
435 2212 503 2247 μήτε
516 2212 592 2246 ὁρᾷν,
606 2211 674 2247 μήτε
689 2211 810 2244 ἀκούειν,
829 2211 870 2238 ὅτι
892 2212 929 2247 μὴ

136 2261 214 2288 πᾶσα
230 2259 355 2294 ἀνάγκη,
373 2258 427 2284 τῶν
443 2257 600 2293 ὲγκοσμίων
618 2257 707 2284 οὐδέν.
732 2257 842 2284 Τούτων
863 2258 876 2284 ὁ
893 2257 931 2293 μὴ

135 2306 302 2341 ποιούμενος
320 2304 460 2340 πρόνοιαν,
477 2304 507 2331 τὸ
520 2303 570 2338 μὲν
583 2303 634 2338 τῆς
651 2303 778 2338 νηστείας
792 2303 843 2330 οὐκ
854 2303 931 2330 ἑστε-

1014 1705 1058 1733 79.
1090 1704 1186 1732 Oratio
1215 1704 1301 1732 menti
1328 1705 1474 1740 conjuncta
1506 1704 1600 1740 illique
1632 1707 1774 1736 individuo

978 1759 1087 1784 comes,
1112 1751 1188 1778 velut
1205 1751 1300 1778 radius
1318 1751 1388 1783 soli,
1409 1756 1538 1785 maneat;
1556 1753 1634 1788 cujus
1648 1754 1773 1783 absentia

977 1805 1071 1825 rerum
1090 1797 1118 1824 in
1136 1804 1249 1824 sensum
1269 1797 1427 1824 cadentium
1445 1805 1536 1830 curae,
1552 1799 1629 1826 velut
1647 1801 1771 1834 quaedam

978 1843 1068 1870 nubes
1082 1843 1222 1877 inaquosac
1237 1841 1478 1876 circumvolantes,
1496 1851 1511 1870 a
1525 1844 1638 1879 propria
1651 1850 1771 1874 mentem

979 1893 1076 1917 arcent
1088 1888 1223 1917 claritate.

1015 1935 1057 1963 80.
1076 1935 1137 1963 Non
1153 1939 1246 1970 potest
1267 1942 1346 1962 mens
1365 1934 1509 1963 aﬁ‘eetibus
1528 1937 1684 1972 mancipata
1700 1937 1773 1965 intra

978 1987 1120 2017 angustam
1129 1981 1263 2009 orationis
1278 1986 1386 2016 portam
1396 1981 1510 2015 intrare,
1526 1982 1592 2017 quin
1604 1983 1681 2018 prius
1695 1984 1772 2011 solli-

980 2028 1128 2059 citudiues,
1143 2035 1196 2062 qua
1217 2027 1273 2054 illis
1291 2026 1408 2054 libidine
1423 2027 1521 2060 haeret,
1543 2027 1700 2060 dimiserit;
1723 2029 1772 2056 sed

967 2081 1089 2109 semper
1103 2073 1176 2102 circa
1199 2073 1395 2108 circumposita
1410 2074 1587 2101 tabernacula
1608 2082 1710 2102 vacans
1724 2075 1773 2102 do-

979 2120 1058 2148 lebit.

1018 2166 1061 2195 Si.
1081 2165 1221 2194 Orationis
1232 2166 1285 2198 vis,
1301 2165 1427 2193 ciborum
1438 2165 1545 2193 esuries
1556 2169 1653 2200 sponte
1667 2173 1773 2194 assum-

981 2215 1044 2246 pta;
1062 2211 1164 2238 esuriei
1176 2218 1253 2242 vero,
1272 2209 1341 2237 nihil
1353 2217 1449 2236 eorum
1463 2217 1524 2245 quae
1536 2208 1629 2236 saeculi
1645 2213 1710 2237 sunt
1725 2214 1774 2237 aut

982 2257 1086 2290 videre,
1106 2260 1188 2284 autvc
1204 2255 1286 2292 650
1301 2255 1413 2289 audire,
1435 2256 1502 2290 quin
1527 2255 1641 2283 omnino
1660 2263 1773 2284 necesse

982 2305 1029 2331 sit.
1045 2303 1150 2331 Horum
1162 2303 1209 2338 qui
1225 2310 1280 2330 non
1295 2309 1390 2329 curam
1406 2302 1488 2337 gerit,
1501 2306 1559 2328 tum
1574 2301 1671 2336 jejunii
1685 2302 1774 2329 domi-

134 2352 244 2387 ρέωςεν
259 2349 441 2384 οἰκοδόμημαο
457 2348 487 2375 τὸ
496 2348 525 2376 δὲ
540 2348 591 2383 τῆς
609 2348 693 2383 εὐχῆς
706 2349 736 2375 ἐν
750 2348 819 2384 αὐτῇ
832 2350 927 2384 περιρ-

987 2348 1074 2376 :ilium
1097 2349 1175 2376 ﬁrma
1192 2349 1252 2376 basi
1269 2356 1324 2376 non
1345 2348 1455 2381 struxit,
1472 2352 1530 2375 tum
1546 2347 1679 2375 orationis
1697 2348 1725 2375 in
1739 2355 1774 2376 eo

134 2397 257 2434 ῥαγῆναι
268 2395 346 2430 ὲποίη
351 2403 407 2421 σεν.

172 2442 230 2477 φιβ’,
252 2442 412 2477 Ἀπέριττος
423 2441 447 2467 εἰ
465 2439 502 2476 μὴ
519 2441 552 2467 ἐκ
565 2440 677 2468 πάντων
691 2440 706 2467 ὁ
720 2440 784 2472 νοῦς
797 2440 850 2467 τῶν
866 2440 929 2468 κατ’

135 2489 266 2524 αἴσθησιν
280 2487 406 2523 γένηται,
433 2486 578 2522 ἀνωφερὴς
598 2485 726 2521 γενέσθαι
750 2486 781 2513 οὐ
806 2486 929 2518 δύναται,

136 2536 187 2563 καὶ
207 2535 237 2561 τὺ
251 2534 354 2560 οἰκεῖον
369 2533 504 2569 γνωρίσαι
522 2532 641 2567 ἀξίωμα.

174 2582 231 2613 σῖγ’.
249 2578 322 2615 “Ego:
338 2577 388 2613 μὲν
402 2578 519 2604 ποιεῖται
536 2577 586 2612 τῆς
601 2577 690 2612 ψυχῆς
706 2577 722 2611 ἠ
735 2577 812 2612 εὐχὴ,
827 2577 931 2609 πάντας

136 2626 202 2657 τοῦς
224 2624 418 2660 ἐχθραίνοντας
445 2624 514 2659 αὐτῇ
537 2623 685 2658 λογισμοὺς
701 2643 708 2656 ,
737 2623 930 2658 δυναμουμένη

177 2696 199 2711 ι*
212 2696 294 2723 Prov.
315 2703 351 2728 Vl,
365 2695 416 2729 23,
435 2695 514 2723 Cant.
529 2702 565 2727 iv,
584 2694 613 2721 ll
626 2703 633 2727 ;
647 2694 726 2722 Joan.
739 2701 776 2726 vr,
792 2693 836 2721 69.

176 2764 209 2799 (ἰ)
234 2764 339 2798 Νεκροί
360 2764 394 2790 ὲκ
419 2762 541 2793 ζώντων.
566 2763 744 2799 PauLRom.
764 2770 805 2793 vi,
829 2762 876 2793 15,
897 2762 930 2799 ἐκ

140 2797 248 2834 νειιρῶν
259 2799 364 2832 ζῶντας
376 2799 455 2831 dixit,
467 2806 504 2834 exi
512 2799 621 2834 mortuis
633 2798 762 2830 viventes;
772 2797 930 2834 quasiverba

141 2832 314 2863 sic‘videtur
337 2834 469 2861 Maximus
492 2833 658 2865 detorsisse,
679 2837 710 2859 ut
733 2832 807 2866 quod
829 2832 874 2859 ille
897 2833 932 2859 de

140 2870 227 2896 animi
244 2875 332 2896 morte
349 2869 459 2903 vitaque
476 2869 593 2900 dixerat,
607 2868 665 2902 ipse
682 2867 715 2895 ad
733 2867 857 2902 corporis
875 2871 931 2893 tra-

341 2917 473 2947 PAmoL.
496 2915 553 2945 Ge.
575 2915 636 2946 XC.

979 2396 1054 2423 lares
1069 2394 1190 2430 undique
1204 2394 1276 2422 dirui
1290 2394 1366 2422 fecit.

1017 2441 1061 2468 8‘2.
1080 2441 1138 2468 Nisi
1158 2448 1235 2468 mens
1248 2440 1416 2475 superﬂuam
1431 2447 1541 2467 omnem
1557 2447 1650 2467 rerum
1667 2440 1695 2467 in
1708 2448 1773 2467 scn-

984 2494 1044 2514 sum
1059 2486 1217 2513 cadentium
1230 2487 1325 2513 curam
1342 2485 1485 2521 abjecerit,
1497 2484 1624 2512 sublimis
1637 2484 1695 2520 ipsa
1708 2484 1774 2512 ferri

984 2540 1039 2559 non
1053 2535 1154 2567 potest,
1169 2539 1302 2567 suamque
1313 2539 1394 2559 nosse
1407 2531 1579 2566 dignitatem.

1019 2577 1063 2605 85,
1084 2577 1178 2604 Oratio
1191 2576 1319 2613 lacrymis
1336 2577 1475 2609 roborata,
1490 2576 1603 2604 infestas
1620 2583 1715 2604 omnes
1727 2584 1776 2604 co—

985 2623 1130 2658 gitationes
1158 2623 1249 2649 animo
1277 2623 1378 2658 cjicit;
1409 2622 1586 2657 vicissimque
1614 2621 1773 2649 facetiarum

876 2694 897 2709 ”
910 2693 989 2721 Cant.
1007 2701 1044 2726 ιν,
1062 2694 1106 2720 Η.

985 2762 1063 2789 heret
1079 2770 1085 2788 ε
1103 2769 1163 2796 quae
1178 2760 1288 2796 quidem
1305 2760 1397 2786 futura
1412 2759 1447 2786 sit
1461 2759 1585 2796 omnium
1602 2761 1699 2796 alnon
1717 2758 1775 2784 lau-

985 2797 1085 2824 dabilis
1101 2793 1174 2823 mors
1188 2793 1270 2823 animi
1280 2816 1286 2825 .
1303 2803 1385 2830 quam
1397 2794 1556 2828 νεκρώςεως
1567 2793 1700 2820 vocabulo
1716 2800 1776 2827 pas-

986 2833 1038 2860 sim
1052 2832 1103 2859 viri
1117 2831 1297 2859 ecclesiastici
1311 2831 1421 2858 Paulina
1434 2830 1527 2864 phrasi
1540 2833 1651 2856 vocant.

1557 2909 1593 2939 Ῑιῖ)
