1946 3074
203 127 271 161 1419

791 128 821 157 S.
842 126 986 157 MAXIMI
1004 126 1261 157 CONFESSORIS

1779 127 1847 160 1420

202 184 262 220 lege
275 184 344 212 l'reta
359 183 466 211 lnduclt
482 183 580 211 mentis
593 183 717 218 evagatio
732 191 738 209 :
751 190 833 218 quam
848 183 894 218 qui
908 187 996 210 exter-

1054 183 1107 214 τοῖς
1124 181 1266 217 δάκρυσινσ
1280 181 1437 215 ἀντεισάγει
1459 181 1488 208 δὲ
1507 181 1642 213 τούτουςό
1655 183 1847 217 μετεωρισμδς

202 231 328 263 minavit,
354 238 407 258 una
426 237 536 265 quoque
563 231 698 256 malorum
725 228 848 256 omnium
873 235 995 261 causam,

203 276 336 312 loquendi
350 275 508 314 libertatem
522 275 686 311 proﬂigavit.

189 353 196 374 ί
239 369 444 405 84.’]ίι]ιιηῑυιη
466 368 589 404 quidem,
612 367 668 395 dici
685 367 851 403 symbolum,
873 374 906 394 eo
922 365 997 401 quod

202 408 324 443 exterius
340 415 430 451 palam
448 415 569 451 geritur;
586 414 675 442 oratio
695 418 787 441 autem
803 413 904 445 noctis,
923 411 998 447 quod

203 461 320 490 obscura
350 468 383 488 ac
410 464 516 488 secreta
536 463 588 487 est.
603 459 654 493 Qui
675 460 760 496 igitur
775 459 911 486 utrmnvis
927 458 997 485 alte-

203 516 264 535 rum
281 508 309 535 in
326 508 412 535 altero
422 508 497 543 juste
511 510 650 540 exerceat,
665 507 698 534 ad
714 506 918 542 speculatorum
931 504 999 532 civi-

205 559 288 583 tatem
314 555 451 587 deveniet,
469 555 540 582 unde
563 554 639 581 dolor
654 559 678 581 et
696 553 806 581 tristitia
822 558 901 588 atque
918 552 1000 588 gemi-

203 608 253 635 tus,
269 601 296 628 in
311 601 422 628 Christo
440 601 581 636 aufugiunt
595 601 627 628 ‘°.

238 647 283 675 85.
311 648 450 683 Spiritalis
480 648 620 682 operatio.
654 647 713 674 sine
745 647 828 674 etiam
861 646 998 684 corporali

203 701 287 729 opere
310 693 462 720 consistere
486 693 579 720 habet.
603 693 704 720 Beatus
724 700 800 727 ergo,
821 688 869 727 qui
888 697 1000 720 terreno

204 748 300 776 opere,
320 748 380 775 qua:
395 740 421 766 in
439 740 622 767 materia'non
636 744 688 772 est,
705 739 895 774 operationem
912 738 1000 774 pluris

204 786 311 814 fecerit.
331 786 383 813 Per
404 793 465 812 eam
482 786 555 813 enirn
576 786 649 820 quod
669 785 747 813 deest
768 785 845 821 operi
863 785 998 820 implevit,

203 832 249 868 qui
265 831 399 859 orationis
419 831 495 859 cultu
509 831 593 859 vitam
608 832 799 860 absconditam
817 840 849 860 ac
868 833 924 860 Deo
939 840 999 859 ma-

204 879 330 906 nifestam
350 877 427 906 vivit.

238 924 282 952 86.
302 924 384 952 Ferre
400 932 452 954 nos
468 925 604 960 patienter
628 924 680 952 ﬁde
697 924 826 952 hortatur
840 925 998 960 Apostolus,

203 978 251 1006 spe
271 970 402 1006 gaudere,
419 971 538 998 orationi
551 970 665 1002 instare,
682 975 712 998 ut
724 971 816 1006 gaudii
832 971 935 999 bonum
947 980 999 999 no—

204 1017 247 1044 bis
264 1021 424 1052 perseveret
439 1017 472 1044 ”.
490 1017 539 1045 Sin
555 1021 648 1045 autem
670 1024 700 1044 se
720 1025 765 1045 res
785 1017 821 1044 ita
843 1018 936 1051 habet,
950 1018 999 1053 qui

204 1063 274 1090 mala
288 1071 342 1090 non
357 1063 411 1090 fert
425 1063 574 1098 patienter,
588 1063 678 1090 ﬁdelis
692 1071 747 1090 non
765 1067 807 1090 est
822 1072 829 1090 :
846 1067 874 1090 et
885 1064 932 1098 qui
943 1071 999 1091 non

203 1108 314 1143 gaudet,
331 1116 383 1135 nec
395 1107 474 1135 bona:
488 1108 546 1143 spei
562 1112 614 1135 est.
633 1108 733 1135 Amisit
749 1109 824 1135 enim
840 1108 932 1143 gaudii
949 1117 999 1144 pa—

204 1158 310 1181 rentem
327 1154 492 1186 orationem,
508 1154 583 1188 quod
599 1154 639 1182 illi
655 1162 710 1181 non
726 1154 811 1182 instat
821 1161 868 1182 aut
882 1163 914 1182 ea
930 1155 1000 1182 ειεεὶ-

203 1201 276 1229 duus
288 1204 343 1227 est.

238 1257 283 1284 87.
305 1255 334 1283 Si
347 1257 459 1284 animus
476 1256 505 1284 in
521 1257 638 1285 terrenis
656 1264 688 1285 ac
703 1258 795 1285 saeculi
815 1265 906 1285 rerum
923 1259 999 1294 cogi-

204 1302 355 1330 tationibus
372 1302 452 1330 initio
467 1307 596 1330 versatus
607 1323 614 1336 ,
639 1307 743 1330 tantam
758 1311 821 1330 cum
844 1303 899 1331 illis
919 1309 998 1331 nacta

202 1353 245 1377 est
261 1349 513 1383 necessitudinem;
532 1355 674 1384 quantam,
693 1358 768 1385 rogo.
786 1358 841 1377 non
854 1350 1000 1377 nancisce-

203 1399 260 1428 tur,
285 1395 309 1422 εἰ
337 1394 470 1423 continue
497 1395 617 1422 orationi
650 1395 809 1423 incumbat?
837 1395 867 1422 ln
897 1395 1000 1430 quibus

200 1439 289 1473 enim,
309 1440 410 1475 inquit,
431 1445 566 1473 moratur,
584 1441 611 1467 in
628 1440 683 1468 illis
697 1445 726 1468 et
740 1440 850 1468 dilatari
865 1440 945 1468 solet.

234 1486 283 1514 88.
302 1485 542 1519 Quemadmodum
556 1495 572 1514 a
587 1495 638 1514 suo
653 1487 719 1514 olim
737 1487 878 1515 domicilio
893 1487 1000 1516 divisus

1015 854 1036 881 Β

1047 228 1095 255 τοῦ
1119 229 1190 260 νοὸς,
1202 229 1278 264 νόμῳ
1305 227 1488 264 εὐτραπελίας
1519 227 1766 263 ὲνδυναμούμενος”
1783 229 1818 265 ἥν
1831 231 1847 257 ὁ

1047 274 1190 311 ὲξορὶζων,
1211 275 1402 310 συνεξόριστον
1426 274 1521 301 καὶτὸ
1544 274 1689 301 παναίτιον
1708 275 1847 311 πεποίηκε

1048 321 1099 356 τῆς
1115 320 1272 357 παρρησίας
1290 320 1384 347 κακόν.

1084 367 1138 394 πδ’.
1169 366 1293 403 Ἡμέρας
1317 366 1368 402 μὲν
1395 365 1531 402 σύμϐολον
1557 366 1574 402 ἡ
1602 366 1727 402 νηστεία,
1754 366 1800 393 διὰ
1816 366 1850 393 τὸ

1049 413 1172 448 ἔκδηλον·
1187 413 1286 444 νυκτὸς
1301 412 1329 439 δὲ
1341 412 1386 439 διὰ
1399 412 1429 439 τὸ
1442 411 1551 447 ἄδηλον,
1565 413 1582 447 ἡ
1596 412 1674 448 εὐχή.
1692 412 1850 448 Ἑκατέραν

1049 456 1097 486 οὖν
1111 458 1216 485 τούτων
1243 459 1272 485 ὲν
1300 458 1419 493 ἑκατέρᾳ
1444 457 1558 490 ἐνδίκως
1583 459 1597 484 ὁ
1623 459 1848 494 μετερχόμενος,

1050 505 1120 541 πρὸς
1135 504 1185 540 τὴν
1198 504 1254 532 τῶν
1270 504 1456 531 κατασκόπων
1481 504 1669 540 ἀπαντήσεται
1690 504 1768 531 πόλιν
1785 506 1849 539 (nt),

1049 552 1084 578 ἐν
1093 548 1112 587 ᾖ
1120 551 1235 585 ἀπέδρα
1243 549 1347 584 ὀδύνη,
1354 549 1437 584 λύπη
1449 549 1498 577 καὶ
1508 549 1677 584 στεναγμὸς
1684 550 1713 577 ὲν
1724 550 1850 585 Χριστῷ.

1088 640 1140 668 πε’.
1157 640 1190 667 Ἡ
1205 640 1381 676 πνευματικὴ
1395 640 1523 676 ἐργασία,
1538 640 1585 666 καὶ
1594 640 1753 675 σωματικοῦ
1764 639 1852 677 ἔργου

1051 687 1132 719 ἐκτὸς
1156 686 1338 714 συνίστασθαι
1355 686 1474 721 πέφυκε.
1499 686 1646 722 Μακάριος
1662 684 1710 713 οὖν
1728 687 1742 712 ὁ
1754 687 1847 722 κρείσι

1051 742 1116 760 σονα
1139 732 1188 760 τοῦ
1209 733 1304 760 ὲνύλου
1331 732 1425 769 ἔργου,
1441 732 1491 768 τὴν
1514 732 1596 760 ἄῦλον
1613 732 1789 768 ἡγησάμενος
1803 733 1852 768 ἐρ-

1051 779 1162 814 γασίαν.
1189 779 1325 814 Διάὺτῆς
1342 779 1398 814 γὰρ
1422 779 1473 814 τὴν
1495 779 1543 806 τοῦ
1572 778 1655 814 ἔργου
1685 778 1850 814 ἐπλήρωσεν

1052 826 1182 862 ἔλλειψιν,
1202 826 1289 862 ζήσας
1312 827 1362 862 τὴν
1387 826 1585 863 κεκρυμμένην
1609 828 1682 863 ζωὴν
1697 829 1746 863 τῆς
1763 828 1849 864 εὐχῆς

1051 873 1098 900 καὶ
1114 873 1235 909 φανερὰν
1258 872 1298 908 τῷ
1315 872 1384 908 Θεῷ.

1087 923 1148 952 πς’.
1174 919 1340 955 ’Υπομένειν
1361 919 1411 955 μὲν
1433 920 1509 955 ἡμᾶς
1529 920 1563 955 τῇ
1586 919 1679 946 πίστει
1695 920 1735 956 (η)
1756 929 1850 956 παρα-

1051 967 1129 992 καλεί
1143 967 1158 992 ὁ
1178 966 1351 998 Ἀπόστολος-
1369 966 1475 1001 χαίρειν
1490 967 1523 1002 τῇ
1540 966 1639 998 ἑλπίδι,
1655 967 1689 1001 τῇ
1707 968 1848 1002 προσευχῇ

1051 1014 1280 1048 προσκαρτερεῖν,
1299 1013 1343 1039 ἵνα
1369 1012 1400 1039 τὸ
1419 1013 1470 1048 τῆς
1485 1013 1574 1048 χαρᾶς
1596 1014 1662 1047 ἡμῖν
1688 1013 1850 1050 παραμείνῃ

1051 1059 1143 1086 καλόν.
1159 1059 1190 1085 Et
1204 1059 1233 1085 δὲ
1247 1059 1337 1091 τοῦτο,
1365 1059 1419 1094 ἄρα
1435 1060 1448 1085 ὁ
1466 1059 1503 1095 μὴ
1518 1059 1673 1094 ὑπομένων,
1691 1059 1721 1085 οὺ
1739 1059 1849 1091 πιστός·

1049 1104 1105 1131 ὁδε
1119 1104 1150 1131 οὐ
1179 1104 1293 1140 χαίρων,
1317 1104 1368 1131 οὐκ
1394 1103 1516 1136 εὔελπις·
1538 1104 1693 1131 ἁπεϐάλετο
1720 1105 1776 1141 γὰρ
1798 1105 1850 1140 τὴν

1049 1151 1139 1178 αἰτίαν
1161 1151 1212 1185 τῆς
1231 1151 1320 1186 χαρᾶς
1335 1149 1502 1185 προσευχὴν,
1518 1150 1547 1176 ὲν
1560 1149 1601 1185 τῷ
1619 1150 1656 1186 μὴ
1675 1158 1851 1186 προσκαρτε-

1051 1198 1109 1233 ρεῖν
1123 1198 1152 1224 ἐν
1175 1197 1257 1232 αὐτῇ.

1086 1253 1141 1285 πζ¹.
1161 1255 1191 1280 Et
1206 1254 1262 1285 τοῖς
1277 1253 1435 1288 ὲγκοσμίοις
1447 1253 1590 1288 λογισμοῖς
1604 1253 1618 1279 ὁ
1634 1252 1697 1284 νοῦς
1711 1252 1741 1285 ἐξ
1757 1253 1848 1289 ἀρχῆς

1051 1300 1305 1335 συναναστραφεὶς,
1333 1299 1470 1335 τοσαύτην
1497 1300 1526 1325 ὲν
1551 1299 1644 1330 αὐτοῖς
1675 1299 1726 1334 τὴν
1755 1299 1849 1333 φιλίαν

1051 1347 1198 1382 ἐκτήσατο,
1208 1346 1296 1380 πόσην
1310 1346 1361 1373 οὐκ
1376 1345 1409 1373 ἃν
1424 1346 1642 1384 οἰκειότηταρχῇ
1661 1346 1689 1372 ὲν
1699 1345 1766 1380 εὐχῇ
1782 1353 1849 1372 συν-

1029 1416 1031 1421 ,
1051 1393 1119 1428 εχεῖ·
1143 1392 1190 1419 καὶ
1208 1391 1264 1427 γὰρ
1280 1392 1309 1418 ὲν
1328 1388 1380 1423 οἷς,
1401 1391 1480 1427 φησὶ,
1502 1391 1622 1427 χρονίζει
1635 1391 1683 1426 (ο),
1707 1391 1736 1418 ἐν
1755 1391 1850 1422 αὐτοῖς

1050 1440 1099 1467 καὶ
1115 1440 1299 1467 πλατύνεσθαι
1318 1439 1423 1467 εἴωθεν.

1086 1490 1143 1522 πη’.
1163 1487 1270 1523 Ὥσπερ
1285 1487 1333 1514 τοῦ
1345 1487 1411 1514 ἰδίου
1424 1487 1586 1523 οἱκητηρίου
1600 1488 1650 1514 πά)
1657 1497 1686 1515 αι
1699 1489 1849 1524 διαιρεῦεὶς

199 1532 324 1564 animus,
341 1532 416 1560 illius
428 1533 562 1561 claritatis
575 1533 679 1561 oblitus
695 1537 754 1567 est;
768 1534 807 1561 sic
820 1541 934 1561 necesse
946 1537 996 1566 est,

1054 1533 1155 1565 ὀνοῦς,
1179 1533 1230 1568 τῆς
1255 1532 1360 1559 ὲκεῑνου
1386 1533 1584 1568 λαμπρότητος
1599 1533 1758 1561 ἐπελάθετο·
1775 1534 1849 1561 οὕτω

197 1582 235 1606 -ut
245 1578 338 1606 steculi
350 1585 443 1606 rerum
458 1586 555 1606 rursus
569 1579 710 1607 oblivione
727 1583 877 1615 assumpta,
893 1579 999 1607 oratio-

204 1624 248 1652 nis
262 1623 392 1659 praesidio
407 1624 441 1652 ad
455 1632 514 1652 eam
529 1625 653 1660 proclive
668 1630 804 1654 recurrat.

240 1679 286 1707 89.
306 1679 385 1708 Sicut
397 1680 489 1708 infans
503 1680 536 1708 ad
551 1680 680 1716 frigentia
692 1681 789 1709 matris
803 1681 900 1714 ubera,
913 1680 954 1709 sic
970 1689 1000 1709 se

202 1732 284 1752 mens
305 1725 339 1753 ad
368 1726 522 1754 orationem
544 1726 647 1754 habere
672 1726 828 1754 invenietur
841 1748 848 1760 ,
865 1734 927 1762 qua
944 1734 1001 1754 non

203 1771 292 1808 possit
308 1771 498 1800 consolatione
515 1772 620 1806 lenire;
637 1771 671 1800 ad
686 1780 748 1800 eam
763 1777 857 1800 autem
871 1781 933 1808 quae
950 1772 1001 1800 ali-

236 1860 264 1877 “
276 1861 328 1890 lsa.
342 1869 379 1894 LI,
391 1862 404 1889 l
413 1862 436 1889 l.

240 1951 290 1986 (νη)
311 1951 391 1985 Πρὸς
409 1951 468 1985 τὴν
487 1949 547 1977 τῶν
563 1951 766 1978 κατασκόπων
785 1951 993 1986 ἀπαντήσεται

204 1986 306 2014 πόλιν.
321 1986 361 2014 Ad
380 1987 492 2014 Sionem
507 1986 628 2019 scilicet,
642 1986 721 2021 cujus
735 1994 836 2014 nomen
853 1986 993 2022 speculam

204 2025 294 2053 sonat,
310 2029 342 2049 ae
359 2023 437 2057 cujus
456 2022 543 2057 ipsius
562 2022 646 2050 Isaias
666 2022 792 2049 meminit
811 2029 871 2057 cap.
887 2022 934 2049 illo
956 2029 992 2054 ιι,

204 2064 260 2092 quo
284 2057 335 2084 ista
358 2057 450 2084 omnia
474 2057 584 2084 Maximi
607 2057 773 2089 collineant,
795 2061 927 2084 consueta
954 2057 994 2092 illi

203 2091 350 2127 allegoria;
374 2100 531 2128 quanquam
554 2092 599 2119 hic
618 2092 659 2120 eis
680 2092 760 2127 longe
782 2092 863 2120 solito
885 2091 1007 2127 parcior-

203 2130 257 2159 cst,
271 2132 301 2155 ut
314 2133 342 2154 et
357 2128 494 2162 capitibus
507 2128 541 2154 de
556 2128 701 2154 charitate.

240 2163 280 2195 (α)
313 2161 490 2197 ’Υπολιένειν
516 2162 596 2196 ἡμᾶς
622 2162 660 2196 τῇ
688 2162 798 2189 πίστει.
825 2161 872 2190 Sic
897 2161 997 2197 legisse

203 2197 352 2234 {ﬁnitimum
366 2197 507 2234 Bonum.
520 2197 624 2234 ηδιὺὶ
640 2205 716 2234 nunc
729 2197 834 2234 Graeca,
847 2199 880 2234 τῇ
896 2198 996 2232 θλίψει,

1052 1579 1093 1606 δεῖ
1113 1579 1208 1606 τοῦτον
1233 1577 1312 1611 αὖθις
1332 1579 1361 1605 ἐν
1375 1578 1446 1615 λήθῃ
1465 1579 1519 1605 τῶν
1535 1575 1587 1606 ὦδε
1602 1579 1760 1616 γενόμενον,
1778 1581 1849 1616 πρὸς

1053 1625 1161 1660 ἐκείνην
1176 1625 1345 1662 ἀναδραμεῖν
1356 1625 1390 1652 δι’
1405 1625 1498 1660 εὐχῆς.

1089 1682 1143 1710 πο¹.
1168 1682 1304 1717 Καθάπερ
1320 1681 1417 1717 νήπιον
1433 1681 1502 1718 πρὸς
1519 1683 1642 1718 μαστοὺς
1659 1683 1850 1718 ὲναποψυγέν-

1054 1737 1102 1761 τας
1117 1727 1233 1764 μητρὸς,
1243 1727 1331 1760 οὕτως
1341 1727 1522 1763 εὑρεθήσεται
1536 1727 1600 1760 νοῦς
1613 1728 1682 1765 πρὸς
1698 1729 1782 1764 εὐχὴν
1797 1729 1849 1766 τὴν

1056 1771 1094 1809 μὴ
1104 1772 1257 1808 δυναμένην
1268 1772 1462 1808 παρακαλέσαι
1477 1773 1569 1800 αὐτόν·
1582 1773 1650 1809 προς
1658 1774 1686 1801 δὲ
1699 1773 1748 1810 τὴν
1759 1774 1850 1808 ἄλλως

476 1862 498 1878 "
510 1861 594 1890 llebr.
609 1868 656 1895 χιι,
672 1862 704 1896 l;
718 1862 798 1891 Rom.
811 1870 866 1896 xu;
882 1862 930 1895 12;
946 1861 1052 1890 Coloss.
1072 1869 1109 1895 tv,
1124 1862 1151 1889 2.

1047 1950 1095 1985 ris)
1111 1949 1218 1978 Erasm.
1251 1952 1362 1986 tempori
1375 1953 1526 1984 servientes,
1542 1951 1582 1979 sic
1599 1951 1767 1980 abhorrente
1781 1960 1845 1980 sen-

1047 1986 1153 2023 tentia._
1163 1994 1213 2013 nec
1228 1985 1296 2013 satis
1305 1985 1396 2023 Paulo
1409 1987 1502 2022 digna,
1515 1995 1566 2022 pro
1578 1995 1612 2014 eo
1625 1988 1699 2022 quod
1716 1988 1846 2023 legerunt

1048 2021 1169 2058 antiqui
1186 2029 1284 2058 omnes
1314 2022 1415 2058 relati,
1439 2021 1467 2049 et
1496 2021 1576 2058 Vulg.
1607 2021 1756 2058 habetque
1780 2024 1842 2051 eod.

1048 2055 1181 2092 Menand.
1194 2055 1233 2091 τῷ
1248 2055 1343 2091 Κυρίῳ
1358 2055 1670 2089 δουλεύοντες,Ἰ)οηιὺιο
1685 2055 1844 2092 sin-ient“,-

1048 2091 1115 2127 quid
1133 2092 1234 2128 mirum
1251 2091 1384 2128 potuisse,
1399 2100 1460 2127 pro,
1473 2094 1506 2127 τῇ
1522 2093 1623 2128 πίστει,
1636 2094 1669 2128 τῇ
1688 2093 1789 2127 θλίψει,
1804 2095 1846 2122 sic

1050 2135 1105 2154 una
1118 2127 1189 2154 serie
1204 2131 1279 2154 textu
1293 2126 1330 2153 ibi
1346 2126 1796 2162 laborante'obrepere?"Maxinto.
1811 2137 1845 2157 ex

1051 2162 1159 2189 meliori
1177 2162 1274 2190 codice
1287 2163 1468 2194 emcndante;
1485 2162 1508 2189 si
1524 2166 1615 2189 tamen
1634 2163 1679 2190 ille
1695 2171 1728 2190 ex
1747 2164 1845 2192 codice

1051 2197 1178 2234 scripsit,
1194 2206 1249 2225 non
1267 2203 1298 2224 ut
1313 2197 1624 2234 suggerebatmemoria
1642 2206 1651 2234 :7
1664 2206 1726 2233 qua:
1742 2199 1846 2234 saepius

201 2232 283 2268 Vulg.
295 2233 322 2268 ἱῃ
336 2226 506 2259 tribulatione
520 2226 663 2268 patientes;
680 2233 746 2260 nihil
761 2226 880 2260 dubiuni'
893 2241 900 2259 :
914 2226 999 2268 utque
1016 2230 1036 2257 Ι)
1053 2233 1079 2260 id
1100 2226 1296 2267 r'eprmsentat,
1313 2226 1380 2260 non”
1388 2232 1462 2268 quod
1483 2232 1511 2259 in
1526 2233 1626 2268 codice
1646 2226 1763 2268 legimus
1772 2226 1843 2266 ,lsed

205 2267 251 2294 alii
266 2267 377 2304 codices
390 2267 618 2303 sullragarentur,
632 2269 676 2295 illa
691 2268 774 2304 lectio
789 2269 876 2304 magis
889 2267 996 2304 arride-

205 2307 258 2335 τοι,
271 2303 346 2338 quod
360 2304 512 2338 prazsertirn
521 2304 691 2331 constructio
703 2303 759 2338 ipsa
771 2304 895 2336 mollior;
908 2303 996 2338 quod-

204 2344 258 2374 que
271 2338 342 2366 adeo
358 2338 495 2374 duplicem
511 2339 643 2366 virtutem
661 2339 761 2366 Paulus
777 2339 908 2366 continua
924 2338 997 2366 serie

204 2373 314 2401 videtur
326 2373 577 2406 commendare,-ac
593 2374 693 2410 cuique
708 2374 783 2410 quod
797 2374 837 2410 illi
854 2374 995 2409 proprium

204 2413 252 2436 aut
274 2410 452 2444 conjunctum
477 2409 683 2445 est,rtribucre
709 2419 715 2437 :
745 2409 821 2445 spei,
846 2409 994 2445 gaudium,

258 2444 346 2472 ἑλπίδι
364 2445 517 2480 χαίροντες·
538 2444 618 2477 ﬁdei,
636 2444 763 2472 laborum
785 2444 995 2477 susti’nentiam,

204 2446 237 2514 τῇ
258 2446 346 2472 ἑλπίδι
364 2446 517 2480 χαίροντες·
538 2446 618 2477 ﬁdei,
636 2446 763 2472 laborum
785 2446 995 2477 sustinentiam,

204 2488 229 2515 τι
264 2480 353 2507 πίστει
379 2481 569 2515 ὑπομένοντες’
593 2480 667 2515 quod
691 2480 781 2514 ipsum
802 2484 995 2515 argumentum

204 2514 259 2541 late
267 2514 443 2551 prosequitur
458 2516 486 2542 in
503 2516 588 2551 Epist.
601 2514 636 2543 ad
647 2515 743 2548 llebr.,
756 2514 906 2543 ostendens
920 2515 995 2542 omni

205 2554 281 2578 retro
297 2550 481 2579 aevo'sanctos
498 2550 543 2578 illa
556 2551 676 2579 victores
692 2551 817 2578 laborum
833 2550 970 2578 exstitisse
988 2559 995 2577 :

204 2592 268 2612 cum
289 2585 374 2618 illud,
391 2588 424 2622 τῇ
445 2586 534 2620 θλίψει
554 2587 748 2622 ὑπομένοντες,
766 2585 868 2622 (Ῐυῐᾘῐη
883 2586 996 2622 omnino

205 2622 439 2649 constructionem
451 2621 562 2654 habeat,
576 2626 604 2649 et
621 2622 649 2648 iu
664 2629 718 2657 qua
733 2621 837 2656 aliquid
854 2621 995 2649 desidere-

205 2660 261 2692 tur,
276 2657 434 2685 necessario
448 2657 646 2692 supplendum;
663 2665 714 2684 nec
725 2658 792 2684 satis
805 2657 996 2684 antecedenti-

205 2689 257 2728 bus
281 2698 329 2719 aut
354 2689 535 2728 sequentibus
562 2693 698 2720 cohazreat
723 2701 730 2718 :
760 2693 868 2719 tametsi
894 2692 997 2720 habent

204 2726 287 2754 etiam
316 2726 426 2764 Chrys,
449 2727 599 2760 Theodor.,
613 2727 786 2764 TheophyL,‘
802 2727 997 2764 etc.rcumque

204 2762 393 2797 superioribus
414 2764 483 2791 illud
506 2763 626 2795 laeserit,
645 2763 684 2797 τῷ
703 2762 792 2798 κάιρῷ
812 2763 995 2794 δουλεύοντες,

204 2799 278 2834 quod
292 2803 492 2834 repraesentant
505 2798 606 2826 Gnecre
621 2806 718 2825 omnes
730 2798 867 2834 editiones
881 2798 914 2834 (si
927 2798 996 2834 forte

205 2832 388 2868 thurisiciisem
408 2835 462 2860 τῶν
487 2833 576 2865 LXX,
597 2841 646 2860 seu
669 2834 722 2860 illis
745 2832 902 2868 adjunctam
927 2833 995 2860 Novi

205 2867 327 2896 Testam.
339 2869 374 2896 ad
388 2869 528 2904 exemplar
541 2870 695 2896 Romanum
708 2876 866 2903 expressam
881 2876 996 2902 excepe-

1047 2268 1120 2302 quod
1134 2268 1204 2294 κατὰ
1216 2269 1363 2303 πρόχειρον
1374 2267 1610 2295 accommodatius
1622 2267 1702 2296 nobis
1712 2269 1824 2297 videtur
1836 2279 1842 2297 :

1046 2303 1187 2345 quomodo
1205 2304 1289 2345 etiam
1308 2303 1477 2345 βίοι-ομνιεο
1496 2303 1845 2345 saepiuspbrcpsissepb-

1047 2343 1139 2366 servat
1153 2338 1232 2366 Joan.
1248 2339 1381 2371 Morinus,
1396 2338 1425 2366 in
1444 2338 1566 2366 Exercit.
1584 2338 1709 2371 biblicis;
1726 2340 1844 2374 potiori—

1047 2381 1100 2408 que
1117 2374 1222 2401 ratione
1238 2374 1313 2407 aliis,
1327 2382 1446 2408 quorum
1464 2374 1491 2401 in
1508 2373 1610 2401 divinis
1626 2382 1681 2401 non
1699 2373 1774 2402 tanta
1792 2375 1846 2403 fuit

1047 2409 1186 2444 ᾴκρίϐεια.
1201 2409 1325 2444 llincque
1342 2413 1393 2441 est,
1408 2413 1440 2436 ut
1454 2409 1523 2436 nihil
1540 2408 1676 2437 afﬁrmare
1693 2411 1794 2442 ausim,
1812 2419 1845 2438 ac

1046 2443 1136 2472 donec
1156 2443 1304 2472 occurrant
1323 2445 1442 2472 certiora
1465 2449 1659 2477 monumenta,
1679 2447 1845 2473 mutandum

1047 2479 1224 2507 contendere.
1243 2479 1317 2507 Satis
1338 2479 1390 2506 fuit
1412 2479 1495 2506 aliam
1520 2480 1580 2514 ejus
1601 2479 1655 2508 loci
1676 2480 1843 2512 lectionem,

1047 2522 1109 2550 quae
1125 2515 1194 2542 tanti
1208 2515 1347 2548 videatur,
1361 2515 1479 2542 Maximo
1494 2519 1607 2543 auctore
1623 2520 1765 2550 utcunque
1779 2516 1845 2543 vin-

1046 2551 1139 2578 dicare
1153 2558 1185 2577 ac
1198 2550 1350 2578 declarare.

1083 2585 1120 2620 (0)
1143 2586 1191 2611 Ἐν
1208 2583 1252 2618 οἷς
1272 2584 1409 2620 χρονίζει.
1424 2585 1566 2613 Sententia
1581 2590 1634 2618 est,
1652 2593 1735 2621 quam
1759 2590 1788 2613 et
1800 2587 1844 2613 ﬁ-

1047 2621 1146 2648 deatur
1159 2621 1194 2647 ab
1205 2625 1319 2648 auctore
1336 2621 1475 2656 superiori
1494 2626 1658 2654 mutuatus;
1674 2629 1730 2656 qua
1752 2621 1846 2656 signi-

1048 2657 1146 2684 licatur
1162 2656 1337 2690 placerequae
1349 2656 1445 2684 molita
1453 2661 1612 2691 suntexque
1624 2657 1842 2689 consuetudine,

1047 2692 1089 2719 vel
1106 2692 1128 2718 si
1146 2691 1376 2726 aliasinjucunda
1394 2692 1460 2720 sint.
1478 2692 1615 2720 Describit
1633 2692 1717 2719 Marc.
1731 2692 1770 2719 De
1795 2692 1845 2727 ju-

1047 2728 1121 2754 stitia
1138 2734 1169 2753 ex
1185 2735 1258 2762 oper.
1271 2734 1296 2753 c.
1309 2727 1354 2759 68,
1370 2727 1470 2754 durum
1486 2728 1589 2755 mentis
1606 2734 1760 2758 certamen.
1777 2735 1843 2754 cum

1047 2763 1082 2789 ab
1096 2767 1230 2797 occupata
1239 2762 1305 2798 olim
1319 2761 1527 2795 informatione,
1540 2763 1594 2789 ἀπὸ
1609 2763 1720 2797 χρονίας
1733 2763 1843 2798 προλή-

1046 2798 1121 2832 ψεως
1134 2797 1296 2824 avellendus
1306 2802 1349 2825 est
1364 2798 1483 2828 animus.
1498 2797 1578 2832 quasi
1598 2797 1762 2825 tortoribus
1774 2797 1844 2826 hinc

1048 2833 1112 2859 inde
1129 2839 1178 2859 eor
1191 2833 1428 2861 distrahentibus:
1445 2833 1491 2861 ubi
1501 2832 1601 2868 frigide
1618 2832 1721 2868 Obsop.
1739 2837 1844 2868 tempo-

1049 2867 1100 2895 rali
1111 2869 1293 2902 occupatione.
