1946 3074
211 136 279 168 “23

795 133 824 162 S.
846 133 991 162 ΜΛΧΙΜΙ
1011 133 1267 165 CONFESSORIS

1778 137 1845 169 1524

209 197 285 221 tenet
308 200 359 228 pro
378 199 411 220 eo
432 199 463 219 ac
480 191 570 222 decet.
593 190 663 217 bona
683 189 742 224 ejus
764 189 859 216 amicis
882 189 989 224 reposil;

1051 194 1136 229 τέχων
1146 192 1184 223 ὡς
1202 192 1252 226 δεῖ,
1269 193 1320 228 ὁρᾷ
1347 192 1380 219 τὰ
1399 194 1567 229 ἀποκείμενα
1579 194 1670 229 ἁγαθὰ
1682 195 1738 225 τοῖς
1755 195 1843 228 φίλοις

209 240 293 267 videt.
316 238 409 266 Solum
434 242 527 264 autem
549 236 696 271 prwsentia
716 235 883 268 considerat,
900 235 948 270 qui
971 234 1000 262 in

208 287 253 314 illa
271 285 398 312 ﬁduciam
413 291 469 311 non
484 283 578 310 habet.

185 341 195 373 δ
241 332 323 368 652
345 331 404 358 l0l.
423 331 483 358 Non
511 333 605 365 potest
630 337 708 356 mens
732 328 824 356 dicere
848 328 882 355 ad
910 328 998 355 Deum

206 385 268 404 cum
284 376 384 403 liducia
398 375 471 403 inter
487 374 621 402 orandum
636 383 643 400 :
661 373 791 408 Dirupisti
803 373 909 400 uincula
921 381 997 405 mea;

206 424 251 451 tibi
266 422 420 457 sacriﬁcabo
437 422 550 449 hostium
566 421 653 448 laudis
667 421 700 452 ¹¹,
717 420 770 447 nisi
790 419 902 447 virtutis
923 419 996 446 desi-

205 469 284 497 derio
309 469 345 496 ab
371 468 479 503 ignavia
499 471 528 494 et
550 467 678 502 segnitie,
702 465 941 500 somnolentiaque
965 472 998 492 ac

204 515 351 550 gulositate
365 513 508 548 abruperit
521 511 656 540 animum.
769 509 775 513 “

239 603 300 630 102.
322 602 406 630 Extra
431 600 550 636 primum
575 599 698 626 velamen
725 599 752 626 in
778 598 907 625 oratione
931 601 995 628 stat,

203 651 249 684 qui
269 653 362 676 mente
375 648 524 675 distractus
542 651 583 674 est
600 654 606 672 :
622 645 693 672 intra
711 648 848 680 penetrat.
867 643 914 678 qui
934 643 996 670 unis

203 694 418 731 cogitationibus
431 693 534 729 (mente
550 691 656 719 scilicet
671 698 725 718 nou
738 690 816 725 vaga)
831 695 900 717 orat.
916 689 996 716 Solus

203 746 295 768 autem
308 741 335 768 in
347 740 446 767 Sancta
460 743 617 766 sanctorum
635 737 779 772 inspectat,
793 735 840 770 qui
856 743 918 762 cum
931 742 996 769 pace

203 786 370 814 naturalium
396 784 544 816 rationum,
571 790 604 810 ea
628 781 710 810 etiam
737 781 905 812 considerat,
934 787 996 814 quae

203 832 275 860 circa
291 831 442 859 essentiam
465 833 530 857 sunt
553 836 663 856 onmem
690 827 791 855 mentis
815 827 994 854 excedentem

202 885 324 910 sensum,
337 885 370 904 ac
383 877 447 904 inde
460 876 554 903 divina
573 874 691 910 quadam
707 874 768 901 luce
784 873 924 908 dignatur.

237 925 297 952 103.
318 924 340 951 A
366 922 483 950 terrenis
506 922 574 949 forts
591 923 735 948 vacantem
758 919 892 951 animum,
917 918 994 945 velut

201 971 309 998 ﬂamma
329 969 452 1004 quadam
476 966 688 998 circumvoluta,
710 965 787 1000 quasi
810 964 913 992 ferrum
937 964 993 998 igni

200 1022 314 1049 prorsus
339 1020 503 1041 succensum
531 1012 647 1039 reddit:
671 1015 768 1046 estque
793 1010 851 1045 ipse
879 1009 993 1044 quidem

192 1061 272 1088 "idem
288 1060 407 1092 animus,
425 1059 471 1086 scd
490 1066 571 1093 quem
589 1057 749 1092 contingere
763 1056 878 1084 minime
892 1056 990 1088 liceat;

199 1107 270 1134 sicut
294 1105 399 1133 ferrum
422 1104 478 1140 igni
501 1104 621 1131 candens
645 1102 767 1130 exterius
791 1101 914 1136 contingi
937 1108 992 1128 non

199 1155 302 1187 potest.

235 1197 296 1225 104.
316 1196 418 1224 Beatus
433 1194 482 1231 qui
496 1194 525 1222 in
540 1193 594 1222 hac
611 1194 668 1221 vita
681 1193 709 1220 in
723 1201 788 1221 eum
800 1192 911 1220 modum
928 1199 986 1227 spe-

199 1243 267 1271 ctari
283 1243 401 1276 meruit;
415 1241 518 1277 quique
529 1244 647 1268 statuam
662 1243 759 1267 natura
772 1239 886 1276 luteam,
899 1237 992 1273 gratia:

200 1296 314 1316 munere
329 1288 438 1323 igneam
452 1286 531 1313 vidit.

236 1335 296 1362 105.
315 1334 422 1365 Gravis,
436 1340 486 1360 ceu
501 1332 586 1359 herus
600 1330 723 1366 quidam,
738 1330 782 1358 his
796 1330 842 1365 qui
855 1329 993 1357 inducun-

200 1388 244 1410 tur
255 1390 286 1409 ac
298 1380 411 1408 novitiis
422 1378 558 1407 incumbit
568 1378 612 1405 lex
620 1378 772 1412 orationis;
784 1377 991 1413 proﬁcientibus

198 1433 290 1456 autent
309 1427 384 1454 velut
403 1434 481 1454 amor
499 1430 542 1453 est
562 1425 596 1453 ad
614 1425 705 1453 lautas
718 1424 797 1460 quasi
817 1424 913 1459 epulas
928 1431 991 1451 esu-

193 1474 316 1502 rientem
332 1472 512 1508 compellens.

232 1518 293 1546 106.
312 1518 362 1545 liis
384 1518 430 1553 qui
448 1517 535 1553 probe
553 1517 691 1544 actionem
713 1517 807 1544 colunt
825 1516 990 1552 quandoque

197 1563 310 1599 quidem
327 1564 417 1591 oratio
427 1583 435 1596 ,
452 1563 529 1590 velut
542 1563 631 1590 nubes
645 1563 815 1590 obumbrans
826 1563 860 1595 ’¹,
879 1566 990 1590 urentes

197 1613 275 1636 arcet
287 1608 482 1644 cogitationes;
498 1607 663 1643 quandoque
679 1614 746 1634 vero
760 1607 837 1634 velut
854 1607 990 1642 lacryma-

197 1662 258 1682 rum
269 1659 360 1690 guttas
373 1654 429 1681 illis
440 1653 573 1685 irrorans,
589 1652 724 1688 spiritalia
738 1652 907 1680 theoremata
923 1659 989 1679 sen-

196 1707 281 1736 saque
295 1699 427 1727 ostendit.

232 1744 294 1772 l07.
313 1743 459 1772 Canticum
488 1743 602 1771 citharae
626 1742 834 1770 condimentum
860 1743 986 1775 exsistat,

196 1798 278 1826 quam
295 1790 358 1825 quis
376 1789 500 1817 exterius
515 1790 606 1824 pulset
619 1797 626 1816 :
641 1789 751 1816 animus
764 1796 830 1816 vero
842 1789 897 1816 nisi
913 1789 988 1824 adju-

197 1841 276 1865 vante
298 1836 326 1863 in
347 1835 472 1863 oratione
495 1835 610 1870 mystica
635 1835 663 1862 in
685 1834 784 1869 spiritu
809 1833 986 1866 allocutione,

196 1882 268 1909 haud
288 1882 367 1909 facile
382 1881 529 1917 compungi
547 1880 702 1908 consuevit.
719 1880 789 1907 Illud
810 1880 903 1907 enim:
918 1879 988 1912 Quid

196 1935 310 1959 oremus,
325 1927 392 1954 sicut
403 1930 515 1962 oportet,
532 1926 660 1953 nescimus
669 1926 704 1958 ’³,
718 1926 746 1953 in
772 1933 835 1953 eum
865 1925 987 1961 proclive

195 1978 320 2001 orantem
336 1972 505 2001 intellectum
519 1971 606 2000 ducit.

518 2027 658 2063 Ejusdem.

233 2085 391 2114 “lustratur
407 2094 490 2118 mens,
506 2084 636 2115 spiritalis
653 2083 881 2119 contemplationis

231 2121 264 2149 In
281 2120 393 2148 sublime
408 2120 491 2153 eluta,
507 2120 570 2147 dum
585 2127 716 2146 sermones
733 2119 795 2146 istos
811 2119 912 2154 legerit.

232 2178 292 2206 108.
313 2178 432 2206 Necesse
449 2181 492 2204 est
508 2181 539 2204 ut
555 2176 687 2212 spiritalis
699 2176 809 2203 noverit
822 2176 985 2212 (γνωστικδν

196 2226 312 2262 vocant)
327 2225 502 2262 quandonam
519 2226 578 2262 ejus
593 2233 671 2253 mens
689 2225 718 2252 in
735 2233 878 2253 sensorum
902 2225 986 2253 animi

194 2282 228 2302 ac
249 2277 454 2309 conccptuum;
477 2272 588 2308 quando
604 2273 668 2300 item
693 2273 721 2300 in
739 2273 936 2308 cogitationum
959 2278 987 2301 et

193 2319 344 2352 rationum,
361 2327 393 2346 ac
407 2319 519 2354 quando
541 2318 570 2345 in
593 2326 692 2346 sensus
712 2319 824 2354 regione
847 2324 984 2346 versetur.

194 2367 284 2402 Atque
298 2366 327 2393 in
342 2366 395 2393 hac
409 2373 531 2398 rursum,
549 2365 577 2392 in
598 2365 669 2392 iisne
690 2373 751 2400 qua:
767 2369 932 2400 opportuna.
949 2372 985 2392 an

195 2413 287 2448 potius
301 2420 362 2447 quae
382 2411 539 2446 importuna
555 2415 630 2443 sunt,
650 2410 818 2438 inveniatur.

229 2457 310 2493 653
330 2457 392 2484 109.
411 2456 539 2488 Animus,
560 2456 624 2483 dum
645 2463 701 2483 non
721 2456 748 2483 in
766 2457 856 2484 sensis
871 2464 904 2484 ac
918 2464 984 2484 con-

195 2504 337 2539 ceptibus,
358 2502 471 2530 omnino
495 2502 522 2529 in
543 2502 758 2537 cogitationibus
778 2506 807 2529 et
828 2502 984 2530 rationibus

197 2552 334 2582 versatur,
356 2548 532 2583 vicissimque
547 2548 612 2575 dum
626 2548 653 2574 in
670 2548 885 2583 cogitationibus
897 2553 924 2575 et
938 2556 982 2575 ra-

195 2595 331 2628 tionibus;
352 2602 409 2622 non
427 2595 456 2622 in
476 2594 565 2622 sensis
579 2594 662 2621 animi
678 2602 711 2621 ac
727 2594 918 2629 conceptibus.
935 2594 982 2627 At,

195 2641 259 2668 dum
273 2641 300 2668 in
314 2647 410 2672 sensu,
421 2647 485 2667 cum
499 2639 629 2666 omnibus
642 2642 778 2666 versatur.

229 2712 251 2728 ¹¹
271 2711 343 2739 Psal.
360 2719 421 2743 cxv,
438 2711 480 2737 l7.

230 2780 269 2816 (ᾳ)
289 2780 340 2816 Ἑν
354 2780 388 2807 δὲ
402 2780 440 2816 τῇ
457 2780 596 2816 αἰσθήσει
624 2779 795 2813 γενόμενος.
825 2779 895 2816 Sunt
917 2779 976 2806 inec

194 2814 272 2849 quasi
287 2815 467 2850 amigmatica.
479 2815 550 2848 Quid
564 2815 600 2842 sit
616 2818 734 2850 mentem
765 2822 825 2850 esse
840 2814 866 2841 in
880 2822 974 2846 sensu,

193 2852 315 2884 dumque
332 2849 359 2876 in
373 2850 420 2876 illo
435 2854 486 2881 est,
510 2854 538 2877 ct
557 2853 706 2882 conceptus
727 2849 830 2876 habere
847 2855 874 2877 et
889 2850 974 2876 ratio-

1051 237 1147 272 αὐτῆς.
1167 238 1245 265 Μὸνα
1266 239 1295 265 δὲ
1318 238 1353 265 τὰ
1372 240 1495 275 παρόντα
1510 241 1685 276 περισκοπεῖ,
1703 242 1717 267 ὀ
1732 243 1842 278 παῤῥη-

1051 283 1111 309 σίαν
1124 283 1154 309 ὲν
1170 284 1264 320 ἐκείνῃ
1280 285 1318 321 μὴ
1338 285 1474 320 ἐσχηκώς.

1086 331 1137 363 pa’.
1155 328 1192 355 Οὐ
1213 328 1324 356 δύναται
1344 331 1359 356 6
1375 330 1439 363 νοῦς
1455 332 1484 358 ἐν
1499 331 1588 367 καιρῷ
1603 331 1654 366 τῆς
1670 332 1753 367 εὐχῆς
1771 333 1842 367 μετά

1049 375 1207 410 παρρησίας
1223 375 1314 410 λέγειν
1339 377 1408 412 πρὸς
1429 377 1475 404 τὸν
1500 378 1567 404 Θεόν
1579 385 1587 394 ⁸
1603 377 1763 412 Διέρῤηξας
1771 379 1842 412 τοὺς

1048 420 1180 455 δεσμοὺς
1185 430 1255 456 μου,
1265 421 1315 449 σοι
1324 422 1406 449 θύσω
1416 424 1526 450 θυσίαν
1535 423 1687 456 αἰνέσεως,
1698 426 1721 451 εἰ
1737 424 1774 460 μὴ
1785 425 1842 451 δει-

1048 466 1108 498 λίας
1130 467 1177 493 καὶ
1198 467 1347 503 ῥᾳθυμίας,
1371 468 1538 501 πολυυπνίας
1563 478 1593 496 τε
1613 470 1660 496 καὶ
1675 470 1841 506 ἀδηφαγίας,

1048 511 1078 543 ἐξ
1101 508 1139 538 ὧν
1157 511 1188 538 τὸ
1207 513 1328 546 πταίειν,
1342 512 1475 550 ἐπιθυμίᾳ
1488 514 1544 541 τῶν
1559 515 1739 550 κρειττόνων,
1754 516 1842 552 ἀπορ-

1048 557 1130 592 ﬁatﬁ-

1084 601 1134 637 ρβἏ
1155 602 1229 635 Ἐξω
1248 603 1294 630 τοῦ
1316 602 1426 639 πρώτου
1451 604 1697 640 καταπετάσματος
1719 603 1840 636 ἵσταται,

1046 648 1060 674 ὁ
1075 649 1102 674 ἐν
1118 648 1183 684 εὑχῇ
1201 648 1370 685 ῥεμϐόμενος
1383 657 1391 666 ’
1413 649 1519 676 ἔνδοθεν
1541 650 1658 683 γίνεται,
1683 650 1697 676 6
1729 651 1841 685 μονολό-

1047 701 1141 727 γιστον
1160 694 1283 725 ἐξανύων
1308 695 1406 731 αὐτήν.
1426 696 1515 727 Μόνος
1538 696 1566 722 δὲ
1583 696 1623 728 εἰς
1638 696 1673 723 τὰ
1690 696 1774 729 ’Ᾱγια
1787 697 1842 723 τῶν

1047 739 1133 773 ἁγίων
1149 740 1320 776 παρέκυψεν,
1334 742 1347 768 6
1361 741 1432 777 μετὰ
1447 741 1499 776 τῆς
1522 742 1634 777 εἰρήνης
1651 742 1704 768 τῶν
1716 742 1841 777 φυσικῶν

1046 785 1184 821 λογισμῶν
1208 786 1256 814 καὶ
1275 786 1310 813 τὰ
1325 787 1453 822 περὶτῆς
1466 787 1558 814 πάντα
1572 787 1636 814 νοῦν
1651 783 1841 824 ὑπερεχούσης

1047 831 1166 868 [obstate]
1187 832 1430 868 διασκεπτόμενος,
1449 833 1497 860 και
1507 842 1581 865 τινος
1595 833 1702 860 ὲκεῖοεν
1713 842 1841 868 φωτοφα-

1010 879 1031 907 Β
1046 877 1119 910 νείας
1135 877 1360 914 καταξιούμενος.

1081 927 1132 959 py’.
1162 924 1278 950 Ὀπόταν
1303 924 1358 951 ἀπὸ
1386 924 1440 951 τῶν
1464 924 1565 957 ἔξωθεν
1592 925 1749 960 σχολάσασα
1822 926 1839 961 ή

1043 969 1128 1004 ψυχὴ,
1149 970 1209 996 τότε
1224 967 1268 997 οἷά
1280 979 1323 1002 τις
1342 969 1408 1005 φλὸξ
1422 970 1652 1006 περικυκλώσασα
1672 971 1786 1007 ταύτην,
1801 972 1841 1004 ὠς

1044 1014 1154 1050 σίδηρον
1183 1015 1312 1047 καθάπαξ
1339 1015 1378 1050 τῷ
1401 1016 1468 1052 πυρὶ
1491 1017 1749 1052 πεπυρακτωμένην
1773 1018 1840 1052 ὃλην

1043 1059 1200 1094 καθίστησι,
1216 1060 1264 1086 καὶ
1281 1059 1338 1086 ἐστι
1353 1059 1427 1094 ψυχὴ
1445 1059 1496 1094 μὲν
1508 1060 1525 1094 ἡ
1538 1060 1620 1092 αὐτὴ,
1633 1061 1725 1087 οὐκέτι
1740 1061 1770 1087 δὲ
1790 1062 1840 1088 καὶ

1043 1105 1128 1140 ἀπτὴ,
1147 1104 1185 1137 ὼς
1206 1105 1267 1131 οὐδὲ
1281 1106 1295 1132 6
1311 1105 1504 1142 πυρακτωθεὶς
1526 1105 1646 1141 σίδηρος,
1662 1107 1722 1138 ταῖς
1738 1106 1839 1140 ἔξωθεν

1042 1151 1176 1185 ἐπαφαῖς.

1079 1195 1127 1232 ρδ¹.
1157 1196 1300 1232 Μακάριος
1325 1196 1340 1222 6
1351 1197 1379 1223 ἐν
1405 1196 1444 1232 τῷ
1462 1196 1512 1231 βίῳ
1522 1196 1609 1232 τούτῳ
1621 1196 1720 1224 οὑτωσὶ
1735 1197 1840 1234 θεωρη-

1043 1240 1123 1277 θῆναι
1145 1241 1282 1275 ἁξιωθεὶς,
1310 1242 1358 1269 καὶ
1380 1242 1426 1269 τδν
1448 1242 1530 1269 αὑτὸν
1556 1241 1636 1277 φύσει
1657 1243 1770 1278 πήλινον
1793 1245 1840 1271 ἁν-

1042 1287 1166 1322 δριάντα,
1183 1288 1275 1323 χάριτι
1288 1288 1404 1323 πύρινον
1420 1288 1551 1316 κατιδών.
1784 1280 1794 1285 Κ

1078 1332 1126 1368 ps’.
1157 1334 1220 1365 Τοῖς
1253 1333 1303 1369 μὲν
1333 1335 1521 1368 εἰσαγομένοις
1550 1333 1595 1373 oio.
1619 1344 1663 1367 τις
1690 1335 1837 1370 δεσπότης,

1041 1379 1056 1405 6
1075 1379 1157 1414 νόμος
1175 1379 1312 1406 ἐπίκειται
1333 1380 1383 1415 τῆς
1402 1380 1486 1415 εὐχῆς
1504 1389 1510 1396 ·
1538 1382 1596 1413 τοῖς
1619 1381 1775 1417 προκόψασι
1793 1381 1836 1413 δὲ,

1042 1424 1081 1457 ὡς
1100 1424 1171 1460 ἔρως
1188 1426 1203 1452 6
1218 1425 1390 1453 συνελαύνων
1406 1427 1542 1453 πεινῶντα
1559 1427 1686 1462 καθάπερ
1702 1427 1836 1463 πολυτελῆ

1042 1468 1110 1504 πρὸς
1131 1469 1262 1497 ἑστίασιν.

1079 1519 1134 1551 pg’.
1160 1516 1223 1548 Τοῖς
1243 1516 1335 1548 καλῶς
1358 1517 1407 1553 τὴν
1429 1518 1587 1554 πρακτικὴν
1611 1519 1835 1555 μετερχομένοις,

1003 1549 1025 1579 c
1041 1549 1108 1588 ποτὲ
1121 1562 1169 1597 μὲν
1181 1563 1198 1598 ἡ
1209 1562 1276 1598 εὐχὴ
1287 1549 1391 1599 νεφέλτί
1404 1549 1532 1599 καόάπερ
1545 1549 1755 1596 ὲττισκιάζουίσα,
1770 1549 1836 1597 τους

1040 1609 1208 1640 καυστικοὺς
1237 1609 1368 1644 ἀπείργει
1396 1608 1426 1641 ἐξ
1451 1609 1542 1636 αὐτῶν
1567 1609 1740 1644 λογισμούς·
1768 1611 1836 1638 ποτὲ

1039 1652 1068 1679 δὲ
1099 1653 1232 1687 σταγόνας
1258 1650 1303 1680 οἷα
1331 1654 1457 1689 δακρύων
1483 1655 1590 1686 τούτοις
1615 1655 1834 1690 ἐπιψεκάζουσα,

1039 1699 1161 1726 δείκνυσι
1174 1700 1209 1727 τὰ
1224 1701 1399 1736 πνευματικὰ
1415 1700 1592 1736 θεωρήματα.

1075 1745 1125 1782 ρξ’.
1156 1746 1219 1782 ’ῼδὴ
1244 1747 1293 1782 μὲν
1311 1747 1420 1783 ἥδυσμα
1439 1747 1556 1783 κιθάρας
1578 1747 1627 1782 τῆς
1661 1749 1836 1784 κρουομένης

1039 1793 1091 1820 ὑπό
1105 1801 1177 1825 τινος
1191 1793 1291 1826 ἔξωθεν
1305 1794 1483 1830 εὑρεθήσεται
1495 1802 1502 1809 ο
1520 1793 1594 1830 ψυχὴ
1620 1794 1648 1821 δὲ
1675 1794 1713 1830 μὴ
1738 1803 1835 1830 συνερ-

1038 1839 1140 1875 χούσης
1158 1839 1227 1875 αὐτῇ
1248 1840 1277 1866 ὲν
1302 1840 1369 1875 εὐχῇ
1393 1839 1444 1874 τῆς
1469 1840 1499 1866 ὲν
1529 1840 1667 1875 πνεύματι
1698 1841 1834 1876 μυστικῆς

1039 1884 1271 1919 προσφωνήσεως,
1282 1884 1486 1916 εὐκατάνυκτος
1493 1884 1524 1910 οὐ
1541 1883 1647 1918 πέφυκε
1662 1884 1832 1912 δείκνυσθαι.

1038 1930 1075 1956 Τὸ
1097 1929 1162 1965 γὰρ,
1191 1930 1221 1956 Tl
1234 1930 1466 1965 προσευξώμεθα
1481 1930 1554 1958 καθὸ
1564 1929 1613 1957 δεῖ
1624 1932 1679 1958 οὐκ
1693 1931 1830 1966 οἴδαμεν,

1037 1978 1086 2004 καὶ
1100 1977 1134 2004 τὰ
1151 1977 1226 2013 ἑξῆς,
1243 1978 1283 2009 εἰς
1298 1977 1377 2004 τοῦτο
1387 1977 1480 2011 ἐνάγει
1495 1977 1540 2004 τὸν
1556 1978 1787 2014 προσευχόμενον.

1355 2033 1408 2061 Τοῦ
1419 2033 1511 2061 αὑτοῦ.

1037 2091 1192 2122 Φωτίζεται
1205 2092 1279 2125 νοῦς
1292 2092 1462 2126 τνωστικῆς
1476 2093 1602 2127 θεωρίας

1036 2127 1115 2161 Πρὸς
1132 2127 1211 2161 ὕψος
1226 2127 1335 2161 ἀρθεὶς,
1351 2127 1444 2154 τοῖσδ’
1459 2128 1635 2163 ἐπεντυχὼν
1651 2129 1765 2163 λόγοις.

1074 2188 1128 2220 ρη’.
1162 2185 1323 2218 ’Δναγκαῖον
1339 2184 1439 2211 ειδέναι
1464 2182 1510 2211 τὸν
1533 2184 1696 2219 γνωστικδν,
1722 2185 1790 2212 πότε
1817 2185 1832 2212 6

1001 2218 1200 2262 θνοῖιςγαύτοῦ
1222 2231 1262 2262 εῑς
1287 2229 1336 2266 τὴν
1360 2230 1454 2265 χώραν
1478 2218 1543 2258 τῶνν
1557 2231 1701 2266 νοημάτων
1732 2231 1808 2258 ἐστξν
1822 2239 1829 2246 ·

1041 2276 1106 2304 πότε
1121 2277 1149 2303 δὲ
1165 2277 1204 2308 εἰς
1227 2276 1278 2312 τὴν
1292 2276 1352 2316 ’τῶν
1371 2276 1511 2311 λογισμῶν
1524 2285 1531 2292 ·
1557 2277 1604 2304 καὶ
1627 2277 1692 2304 πότε
1718 2278 1758 2309 εἰς
1782 2277 1830 2313 τὴν

1039 2323 1098 2349 κατ’
1114 2322 1252 2357 αἴσθησιν,
1269 2323 1325 2349 Καὶ
1339 2323 1369 2349 ὲν
1386 2322 1472 2358 ταύτῃ
1488 2322 1581 2355 πάλιν,
1601 2324 1624 2350 ει
1640 2324 1669 2350 ὲν
1687 2324 1744 2354 τοῖς
1759 2325 1830 2350 κατὰ

1038 2369 1172 2404 καιρὸν,ῆ
1188 2369 1216 2396 ἐν
1234 2369 1291 2400 τοῖς
1308 2368 1384 2404 παρὰ
1401 2369 1496 2404 καιρὸν
1514 2369 1614 2405 μᾶλλον
1625 2369 1794 2406 εὑρίσκεται.

1076 2456 1125 2492 ρθ’.
1147 2456 1192 2482 Ἐν
1209 2457 1343 2491 νοήμασιν
1362 2455 1414 2482 οὐκ
1432 2455 1471 2482 ὢν
1496 2457 1510 2482 ὁ
1533 2455 1604 2488 νοῦς,
1630 2456 1658 2481 ἐν
1687 2454 1829 2489 λογισμοῖς

1037 2503 1146 2534 πάντως
1167 2501 1240 2528 ἐστίν
1257 2509 1263 2515 ·
1285 2502 1314 2528 ὲν
1328 2501 1468 2536 λογισμοῖς
1486 2500 1514 2527 δὲ
1528 2500 1576 2531 ὣν,
1592 2501 1620 2526 ἐν
1634 2500 1766 2535 νοήμασιν
1779 2501 1829 2526 οὐκ

1036 2549 1118 2576 ἔστιν.
1151 2549 1196 2574 Ἐν
1218 2548 1246 2575 δὲ
1260 2549 1292 2584 τῇ
1310 2547 1434 2583 αἰσθήσει
1447 2547 1591 2583 γενόμενο;
1605 2546 1654 2582 (q),
1672 2547 1740 2582 μετὰ
1758 2547 1828 2573 πάν-

1036 2604 1089 2622 των
1106 2594 1188 2621 ἐστίν.

519 2710 542 2725 ¹¹
560 2710 644 2737 Exod.
665 2718 720 2742 xw,
738 2711 779 2736 l9.
819 2711 842 2725 "
858 2711 936 2737 Rom.
953 2719 1009 2745 vni,
1025 2711 1068 2739 26.
1085 2714 1093 2717 “

1031 2779 1205 2811 cinationcs;
1223 2779 1248 2805 id
1262 2783 1316 2812 cst,
1328 2786 1373 2806 res
1384 2778 1548 2813 simpliciter
1569 2781 1597 2804 et
1614 2784 1676 2804 cum
1696 2777 1826 2804 discursu

1031 2815 1198 2849 intelligere,
1212 2814 1285 2840 haud
1298 2814 1366 2840 satis
1384 2812 1475 2848 capio,
1505 2814 1559 2849 nisi
1580 2813 1631 2849 hoc
1659 2812 1715 2849 vult
1742 2813 1828 2838 Maxi-

1030 2858 1102 2881 mus,
1121 2847 1319 2884 intelligentcm
1330 2847 1471 2883 nunquam
1487 2848 1604 2879 absolvi,
1625 2855 1675 2882 pro
1702 2847 1756 2874 huc
1773 2852 1828 2874 sta-
