1946 3074
121 191 188 230 1425

116 292 149 318 si
166 291 250 326 νοητά
266 300 272 308 -
286 291 333 318 διὰ
345 292 374 318 δὲ
393 291 441 318 τοῦ
460 290 591 326 λογισμοῦ
615 290 684 325 προς
712 290 746 316 τὰ
773 290 871 324 λογικὰ
896 290 911 316 ὁ

118 337 197 372 λόγος
213 346 220 353 ·
247 337 316 374 πρὸς
338 338 366 365 δὲ
391 337 440 373 τὴν
453 337 622 373 πρακτικὴν,
633 336 676 362 διὰ
692 336 742 371 τῆς
758 335 911 371 φαντασίας

118 385 133 417 ἡ
148 384 288 420 αἴσθησις.

704 190 794 219 ALIA
813 189 862 218 EX
882 187 1002 218 VATIC.
1025 188 1169 218 CAPITA.

153 249 198 281 ρι’.
220 245 269 272 Διὰ
297 245 344 272 τοῦ
367 246 503 281 νοήματος
519 244 569 280 μὲν
584 245 597 270 ὁ
611 243 673 275 νοῗς
688 243 827 278 διέρχεται
842 243 910 278 προς
925 247 948 274 Α

1690 182 1757 214 15°36

1000 243 1058 270 lit).
1080 243 1133 271 Per
1148 243 1233 270 animi
1255 249 1366 270 sensum
1382 246 1464 276 atque
1480 244 1645 276 conceptum
1659 239 1759 266 transit

965 296 1044 316 mens
1065 289 1099 316 ad
1119 289 1266 324 spiritalia,
1282 293 1310 315 et
1327 296 1370 321 ea,
1386 294 1448 322 quae
1463 286 1510 313 illa
1525 283 1759 319 solatintelligun-

965 337 1011 361 tur
1028 342 1100 370 :per
1116 334 1357 362 ratiocinationem
1373 340 1440 360 vero
1456 336 1484 359 et
1502 331 1671 361 discursum,
1689 328 1760 355 ratio

965 380 999 408 ad
1021 388 1054 408 ea
1076 389 1138 416 qua:
1162 381 1307 408 rationalia
1331 379 1382 415 (sic
1401 378 1480 414 quasi
1499 376 1600 404 rationi
1623 373 1759 410 subjecta)

119 435 194 458 sunt.
219 431 364 458 Postremo
383 437 483 458 sensus
505 430 539 457 ad
561 429 710 462 actionem,
733 436 783 464 per
802 435 864 456 eam
880 427 936 454 vim
955 435 1017 463 qua:
1037 427 1170 463 imagines
1185 428 1327 458 informat,
1343 430 1370 454 et
1392 424 1530 461 cogitandi
1551 422 1697 451 facultates
1713 428 1760 447 vo-

119 479 207 503 catur.

154 522 217 556 pta’.
235 522 282 554 Εἰς
293 523 389 549 ἑαυτὸν
404 524 419 549 ὁ
433 522 496 554 νοῦς
525 522 720 557 συναγόμενος,
750 521 826 548 οὐδὲν
850 521 913 548 οὔτε

119 567 173 593 τῶν
192 568 264 594 κατὰ
283 568 329 594 τὸν
346 568 477 604 λογισμὸν
505 568 624 604 Θεωρεῖ·
651 569 770 604 γυμνοὺς
799 567 827 594 δὲ
850 567 914 599 νόας

121 615 167 642 καὶ
182 613 257 645 οείας
274 614 371 649 αὐγὰς,
391 615 542 650 βλυζούσας
561 615 674 650 εἰρήνην
698 623 728 641 τε
748 615 796 641 καὶ
822 614 911 650 χάριν.

160 743 222 779 ριβ¹.
243 744 325 770 Ἀλλο
343 745 357 771 ὁ
372 743 434 776 νοῦς
449 744 497 771 τοῦ
518 745 693 780 πράγματος,
706 745 753 771 καὶ
766 744 832 771 ἄλλο
843 746 857 771 ὁ
873 745 916 772 λό-

124 799 172 824 γος
195 790 279 817 αὐτοῦ
294 799 301 805 ·
319 791 367 818 καὶ
383 791 477 826 ἓτερον
495 789 527 817 τὸ
543 791 596 817 ὑπὸ
611 791 662 826 τὴν
676 790 801 825 αἴσθησιν
815 791 916 825 ἀναγό-

1003 520 1064 547 ill.
1085 520 1161 547 Mens
1177 520 1204 547 in
1221 519 1340 554 scipsam
1357 517 1484 549 collecta,
1497 515 1566 543 nihil
1581 521 1679 542 eorum
1694 520 1760 541 con-

966 566 1081 599 siderat,
1096 574 1157 601 quze
1171 565 1214 593 vel
1229 573 1312 593 sensu
1332 563 1537 600 percipiuntur,
1557 560 1600 588 vel
1615 559 1762 587 ratiocinze

968 612 1044 639 tione
1067 616 1096 640 et
1120 612 1246 639 discursu
1271 615 1442 642 noscuntur;
1471 608 1519 635 sed
1543 606 1632 634 undas
1655 609 1761 632 mentes

968 659 1134 694 divinosque
1161 659 1294 695 fulgores,
1313 658 1385 692 largc
1410 663 1504 692 pacem
1529 652 1712 681 scaturientes
1734 655 1763 678 et

967 706 1096 742 gratiam.

1006 753 1069 781 “2.
1091 753 1173 781 Aliud
1190 757 1234 781 est
1251 752 1290 780 rei
1315 751 1483 782 intellectus,
1504 747 1578 776 aliud
1597 747 1656 782 ejus
1674 744 1762 776 ratio;

970 800 1046 828 aliud
1059 800 1178 835 denique
1191 799 1264 835 quod
1276 798 1329 826 sub
1343 805 1454 825 sensum
1467 794 1618 823 reducitur.
1629 791 1763 821 Primum,

127 845 218 872 μενον.
240 836 295 864 Καὶ
310 837 341 864 τὸ
357 837 408 872 μὲν
418 837 492 864 ἐστιν
506 837 587 864 οὐσία
601 846 607 853 ·
624 837 655 864 τὺ
664 837 703 870 δὲ,
721 837 894 874 συμϐεϐηκός
909 846 915 853 ·

984 847 1124 875 ubstautia
1154 852 1211 880 est;
1242 846 1377 878 alterum,
1406 843 1548 875 accidens;
1576 843 1763 876 postremum,

123 883 154 909 τὸ
168 883 209 916 δὲ,
229 884 246 918 ἡ
262 882 309 909 τοῦ
323 883 506 918 ὑποκειμένου
521 883 650 919 διαφορὰ.

162 932 226 964 ριγ’.
254 929 358 961 Πολλὰς
378 929 455 960 ὀδοὺς
471 929 634 964 ἀνατέμνων
651 930 665 956 ὁ
683 929 755 962 νοῦς,
771 929 920 966 ἀκόρεστος

123 975 263 1003 δεὶκνυται
282 984 288 992 ·
312 975 381 1010 πρὸς
410 976 475 1011 μιαν
503 975 532 1002 δὲ
558 975 743 1010 συναγόμενος
762 976 812 1011 τῆς
826 976 920 1012 εὐχῆς,

127 1022 181 1057 πρὸ
196 1022 247 1057 τῆς
266 1022 404 1054 ὲντελείας
425 1022 679 1058 στενοχωρούμενος
691 1023 828 1058 φαίνεται,
839 1022 922 1050 λιπα-

128 1066 184 1100 ρῶν
213 1066 260 1092 τὸν
286 1067 400 1102 μέτοχον
428 1067 463 1101 (ν)
485 1066 668 1102 ἀπολυθῆναι,
687 1067 755 1103 πρὸς
772 1067 807 1093 τὰ
821 1068 869 1102 ἀφ’
884 1064 921 1094 ὧν

126 1113 296 1149 ἐξελήλυθεν.

164 1159 225 1195 ριδ’.
246 1160 368 1187 Ἃνωοεν
384 1160 504 1196 ἠγμένος
532 1161 546 1187 ὁ
574 1159 647 1192 νοῦς,
664 1161 714 1187 οὐκ
725 1161 922 1196 ἁναδρειμεῑται

127 1203 208 1238 αὖθις
231 1207 332 1237 ἐκεῖσε.
357 1207 381 1233 εἰ
406 1206 443 1242 μὴ
472 1207 580 1234 τελείαν
594 1207 651 1234 τῶν
675 1207 750 1235 κάτω
774 1209 923 1244 ποιήσηται

126 1253 333 1287 καταφρόνησιν
346 1252 389 1279 διὰ
404 1253 452 1288 τῆς
469 1253 533 1289 περὶ
544 1253 579 1280 τὰ
595 1253 656 1281 θεῖα
676 1254 785 1289 σχολῆς.

166 1302 227 1334 ριε’.
257 1298 290 1325 Εἴ
311 1308 340 1325 τε
362 1299 400 1334 μὴ
423 1300 473 1334 τὴν
493 1299 582 1334 ψυχήν
601 1307 649 1326 σου
663 1299 730 1336 δύνῃ
746 1300 814 1334 μετὰ
832 1300 921 1335 μόνων

128 1346 244 1381 ποιῆσαι
261 1345 314 1372 τῶν
331 1346 396 1380 περὶ
410 1346 495 1381 αὐτὴν
507 1345 657 1381 λογισμῶν,
673 1345 724 1373 κᾶν
733 1346 764 1373 τὸ
779 1346 859 1382 σῶμα
875 1355 923 1373 σου

129 1392 260 1428 μοναζειν
274 1391 504 1426 ἁνάγκαζον,τὴν
529 1393 593 1427 περὶ
621 1392 687 1418 αὐτὸ
713 1392 858 1428 ἀθλιότητα
880 1392 924 1419 διὰ

127 1438 231 1470 παντὸς
240 1438 414 1473 ἐννοούμενος
429 1445 436 1452 ⁸
451 1437 522 1464 οὕτω
541 1438 596 1473 γὰρ
607 1437 645 1473 τῷ
660 1439 749 1474 χρόνῳ
762 1439 831 1465 ἐλέει
844 1438 923 1472 Θεοῦ,

126 1485 259 1520 καὶπρὸς
270 1485 302 1511 τὸ
315 1484 424 1521 πρῶτον
449 1484 618 1520 ἀναδραμεῖν
638 1484 742 1522 δυνήσῃ
769 1485 817 1521 τῆς
843 1486 907 1520 εὑγε
917 1500 924 1505 ·

125 1532 206 1564 νείας
226 1531 346 1567 ἀξίωμα.

171 1588 238 1625 ρις’.
266 1589 295 1616 '0
321 1589 370 1623 μὲν
394 1587 548 1624 πρακτικὸς
567 1588 732 1617 ὑποτάσσειν
748 1589 867 1621 εὐκόλως
880 1589 926 1616 δύ-

126 1645 211 1664 ναται
225 1636 271 1663 τὸν
287 1635 349 1662 νοῦν
363 1637 397 1671 τῇ
413 1636 490 1671 εὐχῇ
507 1637 521 1662 ὁ
537 1635 566 1662 δὲ
581 1634 758 1670 Θεωρητικὸς,
776 1634 826 1671 τὴν
843 1635 926 1671 εὐχὴ-ι

127 1683 172 1719 τῷ
183 1684 234 1710 νοΐ.
256 1683 286 1709 Ὁ
308 1682 356 1718 μὲν
370 1681 426 1708 ἀπὸ
436 1682 491 1708 τῶν
502 1681 674 1716 φαινομένων
689 1681 842 1708 συστέλλων
860 1690 924 1717 σχη-
952 1685 959 1691 ’

130 1730 229 1765 μάτων
251 1729 301 1763 τὴν
315 1727 441 1763 αἴσθησιν
453 1734 459 1741 '
476 1728 490 1754 ὁ
504 1727 533 1753 δὲ
551 1727 600 1762 τὴν
614 1726 704 1762 ψυχὴν
720 1727 789 1762 πρὸς
805 1728 867 1759 τοὺς
882 1728 925 1761 ἐγ-

129 1773 344 1808 κεκρυμμένους
358 1773 415 1803 τοῖς
435 1772 539 1807 ῥήμασι
549 1771 645 1805 λόγους
658 1771 859 1806 μεταϐιϐάζων.
872 1773 927 1799 Καὶ

127 1821 145 1847 ὁ
167 1819 217 1854 μὲν
232 1818 367 1853 σωμάτων
386 1817 476 1843 πείθει
491 1817 586 1851 λόγους
600 1817 645 1843 τὸν
659 1816 723 1844 νοῦν
733 1817 834 1844 ἐννοεῖν
847 1825 854 1832 ·
870 1817 884 1843 ὁ
898 1816 928 1843 δὲ

128 1866 289 1900 ἀσωμάτων
300 1864 453 1890 κατανοεῖν,
475 1862 625 1902 Ἀσώματοι
636 1862 665 1889 δέ
679 1863 732 1889 εισι
747 1862 820 1897 λόγοι
833 1863 926 1898 σωμά-

129 1919 200 1945 των,
217 1909 350 1944 ἰδιότητες
362 1918 392 1936 τε
407 1910 455 1936 καὶ
470 1909 560 1936 οὐσίαι
577 1908 679 1936 αὐτῶν.

178 2050 238 2086 ριξ.
268 2050 353 2076 Ὀταν
379 2049 426 2075 τὸν
450 2048 514 2076 νοῦν
527 2057 574 2076 σου
589 2049 638 2085 τῆς
650 2048 705 2076 τῶν
720 2050 867 2084 σωμάτων,
884 2050 930 2077 καὶ

135 2096 304 2133 βρωμάτων,
316 2095 364 2122 καὶ
379 2096 530 2130 χρημάτων
545 2094 713 2130 ἡδυπαθείας
730 2095 929 2132 ἐλευθερώσῃς,

133 2143 199 2169 τότε
216 2143 263 2169 καὶ
278 2141 346 2176 ὅπερ
367 2140 400 2168 ἂν
421 2141 521 2172 ποιεῖς,
545 2140 633 2176 δῶρον
662 2141 783 2176 καθαρὸν
809 2141 848 2176 τῷ
871 2142 932 2178 Θεῷ

133 2187 330 2223 λογισθήσεται
348 2195 355 2202 ο
373 2186 579 2222 ἁντιδοθήσεται
593 2187 621 2213 δὲ
641 2195 682 2213 σοι
697 2186 744 2214 τοῦ
761 2187 932 2224 διανοιγῆναι

971 893 1089 929 subjecti
1107 892 1273 920 differentia.

1009 927 1070 967 1-15.
1088 939 1165 967 Mens
1186 939 1282 974 plures
1299 937 1388 964 iniens
1408 935 1476 967 vias,
1492 931 1654 961 insatiabilis
1676 927 1767 956 nosci—

972 991 1018 1014 tur
1031 995 1037 1013 :
1051 985 1085 1013 ad
1100 992 1184 1013 unam
1196 992 1261 1012 vero
1274 984 1399 1015 collecta,
1416 989 1477 1017 qua:
1493 983 1535 1007 cst
1548 976 1691 1009 orationis,
1703 981 1766 1002 cum

972 1030 1092 1058 necdum
1106 1033 1188 1058 nacta
1204 1033 1245 1057 est
1259 1027 1469 1064 perfectionem,
1485 1023 1624 1060 angustari
1642 1020 1766 1052 videtur;

974 1085 1074 1113 rogans
1100 1077 1149 1112 qui
1180 1076 1217 1104 sit
1246 1075 1403 1111 particeps,
1434 1072 1467 1099 ad
1499 1078 1533 1098 ea
1563 1067 1665 1098 dimitti
1695 1065 1768 1093 unde

973 1124 1087 1151 exierat.

1010 1169 1071 1196 1M.
1089 1169 1111 1196 E
1135 1168 1205 1196 crelo
1230 1159 1362 1195 devectus
1388 1165 1507 1199 animus,
1537 1170 1593 1191 non
1618 1169 1651 1189 eo
1673 1165 1770 1187 rursus

974 1215 1072 1244 evadat
1091 1214 1264 1250 postliminio
1287 1220 1426 1244 reversus,
1441 1211 1494 1239 nisi
1514 1208 1638 1238 vacando
1656 1204 1768 1236 divinis,

974 1266 1084 1289 terrena
1096 1261 1155 1288 lucc
1167 1259 1351 1294 inferioraquc
1366 1257 1573 1294 contempserit.

1011 1307 1072 1334 “5.
1094 1307 1141 1334 Sin
1156 1306 1248 1333 minus
1267 1305 1331 1332 licet
1351 1305 1391 1332 sic
1409 1311 1573 1339 componere
1589 1301 1724 1330 animum,
1740 1301 1770 1325 ut

974 1361 1037 1381 cum
1053 1352 1121 1380 solis
1141 1352 1214 1380 circa
1235 1351 1325 1386 ipsum
1346 1349 1559 1386 cogitationibus
1574 1350 1711 1377 versetur,
1727 1344 1769 1371 vel

975 1406 1075 1434 corpus
1100 1402 1179 1426 tuum
1205 1397 1359 1425 solitarium
1386 1404 1446 1424 esse
1468 1403 1544 1431 coge,
1565 1401 1625 1421 eam
1648 1399 1710 1427 quae
1730 1389 1769 1417 illi

975 1443 1081 1481 adiacet
1102 1443 1242 1471 miseriam
1258 1442 1389 1470 continue
1407 1440 1529 1477 cogitans
1543 1449 1549 1467 :
1563 1440 1603 1467 sic
1616 1438 1690 1465 enim
1707 1442 1771 1471 pro-

975 1498 1055 1519 cessu
1078 1489 1220 1524 temporis,
1238 1489 1273 1516 ad
1296 1488 1442 1524 pristinam
1466 1494 1576 1522 quoque
1602 1484 1699 1512 licebit
1722 1481 1771 1509 Dci

938 1535 959 1563 C
977 1535 1125 1564 clementia
1141 1535 1233 1563 redire
1248 1534 1428 1570 ingenuitatis
1442 1532 1641 1569 praastantiam.

1013 1593 1076 1621 “6.
1096 1593 1121 1620 ls
1147 1591 1260 1627 quidem
1289 1592 1337 1627 qui
1365 1590 1474 1618 actione
1499 1587 1670 1623 defungitur,
1693 1585 1773 1613 facile

978 1643 1099 1667 mentem
1120 1638 1258 1674 subjicere
1283 1642 1375 1673 potest
1395 1636 1531 1669 orationi;
1552 1635 1599 1670 qui
1617 1641 1683 1662 vero
1706 1641 1772 1660 con-

979 1685 1152 1722 templationi
1168 1685 1272 1715 studet.
1286 1684 1438 1722 orationem
1450 1682 1546 1710 menti.
1559 1680 1636 1709 Alter
1650 1679 1772 1714 quidem,

978 1731 1169 1760 contrahendo
1186 1738 1297 1758 sensum
1313 1731 1348 1757 ab
1360 1738 1456 1757 eorum
1473 1729 1568 1765 ﬁguris
1578 1735 1639 1763 quae
1653 1727 1681 1754 in
1696 1733 1774 1761 aspe-

978 1781 1054 1804 ctum
1071 1777 1190 1809 cadunt;
1208 1777 1278 1804 alter
1294 1784 1373 1808 vero,
1390 1776 1512 1802 animum
1534 1773 1724 1801 transferendo
1738 1771 1772 1798 ad

979 1823 1100 1853 rationes
1117 1823 1235 1850 latentes
1250 1822 1278 1849 in
1296 1822 1398 1849 verbis.
1410 1821 1450 1849 Ac
1463 1820 1576 1857 quidem
1591 1819 1670 1851 alter,
1688 1818 1772 1846 menti

980 1873 1077 1896 auctor
1097 1873 1139 1896 est
1159 1873 1191 1896 ut
1210 1875 1359 1904 corporum
1376 1867 1499 1895 rationes
1513 1866 1687 1899 consideret;
1705 1865 1774 1892 alter

980 1922 1056 1946 vero,
1071 1918 1101 1942 ut
1118 1914 1346 1950 incorporearum
1364 1913 1444 1950 plene
1461 1913 1605 1948 intelligat.
1625 1911 1695 1939 Sunt
1708 1917 1774 1938 vero

982 1961 1153 1996 incorporea:
1185 1968 1333 1995 corporum
1363 1960 1500 1993 rationes,
1530 1965 1681 1993 eorumque
1711 1963 1774 1984 cum

981 2007 1164 2042 proprietates
1179 2011 1236 2034 tum
1249 2007 1388 2035 essentne.

1019 2052 1081 2078 M7.
1100 2050 1169 2078 Cum
1184 2057 1303 2080 mentem
1319 2056 1393 2079 tuam
1408 2059 1424 2079 a
1439 2058 1587 2086 corporum
1603 2054 1631 2078 et
1650 2049 1774 2077 ciborum

983 2105 1014 2124 ac
1027 2097 1208 2132 pecuniarum
1223 2098 1378 2133 voluptario
1394 2097 1492 2125 affectu
1506 2095 1589 2132 654
1606 2104 1639 2123 ac
1660 2094 1776 2122 libidine

982 2143 1158 2177 liberaveris,
1193 2148 1259 2172 tunc
1281 2144 1414 2179 quidquid
1446 2143 1561 2175 feceris,
1590 2149 1691 2169 munus
1720 2141 1776 2168 Deo

984 2190 1118 2218 mundum
1146 2191 1330 2226 reputabitur,
1354 2191 1577 2225 retribueturquc
1596 2189 1644 2217 tibi
1664 2192 1694 2216 ut
1714 2195 1778 2223 ape-

137 2286 182 2312 tu,
198 2287 213 2307 a
228 2279 432 2316 phantasmate,
447 2279 521 2316 quod
535 2279 628 2316 sensui
639 2280 762 2308 ascribit.
775 2281 839 2308 Sive
852 2281 926 2308 enim
943 2283 964 2309 D
979 2281 1123 2313 Maximus,
1133 2281 1240 2315 λογικά,
1252 2289 1306 2308 non
1321 2280 1380 2316 ipsa
1396 2280 1503 2308 ratione
1517 2279 1642 2316 praedita,
1657 2277 1704 2305 sed
1717 2286 1778 2316 qme

137 2313 236 2352 ipsam,
246 2314 286 2341 rei
307 2313 491 2348 quidditatem
503 2315 734 2352 intelligat,rquod
750 2317 884 2352 vocatvé-q
891 2325 928 2351 μα

139 2351 180 2389 (id
208 2353 252 2377 est
277 2353 444 2389 conceptum
469 2350 571 2389 mentis
592 2358 625 2378 ac
649 2351 846 2389 intellectum),
872 2350 930 2389 sive

138 2384 217 2413 circa
249 2384 404 2421 accidentia
418 2389 447 2412 et
472 2385 657 2420 proprietates
688 2384 837 2420 discurrat,
858 2387 933 2421 quod

138 2420 274 2455 λογισμὸν
298 2419 441 2460 indigetat,
458 2419 572 2460 omnino
592 2428 706 2460 necesse
718 2425 770 2460 est,
793 2426 824 2449 ut
846 2419 934 2457 phan-

140 2456 337 2492 tasmatquasi
354 2456 452 2492 omnis
463 2456 531 2492 ejus
543 2456 708 2492 cognitionis
721 2456 820 2490 basim,
837 2456 935 2492 specu-

141 2492 229 2522 letur,
247 2490 275 2517 in
290 2498 346 2525 quo
358 2495 385 2517 et
395 2491 562 2523 accidentia,
574 2495 602 2518 et
611 2491 670 2525 ipsa
682 2493 802 2519 essentia
823 2490 878 2521 illis
890 2494 933 2520 in-

143 2527 251 2558 voluta,
272 2526 390 2562 eluceat.
408 2526 449 2552 Τὰ
461 2527 558 2560 λογικὰ
569 2527 643 2561 quod
656 2532 746 2559 vocat,
758 2535 790 2555 ea
803 2535 864 2562 qua:
876 2529 934 2556 dis-

142 2569 227 2599 cursu
252 2569 285 2588 ac
306 2561 414 2599 ratione
437 2562 582 2599 cogitante
604 2562 797 2599 intelliguntur
813 2561 935 2599 (passive

143 2597 253 2623 scilicet
265 2596 369 2623 utendo
380 2596 426 2632 illa
435 2597 512 2632 voce)
521 2597 603 2632 paulo
615 2596 778 2625 insolentius
788 2596 839 2626 est.
849 2599 935 2626 Alline

144 2636 239 2659 tamen
258 2635 311 2664 est,
336 2631 410 2666 quod
424 2631 534 2666 λογικὴν
561 2632 655 2658 στάσιν
678 2632 775 2661 dicunt
798 2635 935 2666 rhetores,

140 2671 246 2708 statum
262 2667 434 2708 rationalem.
448 2667 648 2708 Quintilianus,
668 2668 688 2695 l.
716 2676 755 2701 lu,
775 2677 801 2696 c.
813 2670 846 2697 5:
863 2669 936 2697 Illud

139 2702 308 2743 jumpmua
334 2702 464 2743 fateatur,
481 2710 536 2743 esse
548 2704 705 2743 quastione;
720 2705 808 2743 autin
826 2706 935 2743 scripto,

140 2738 233 2774 autin
251 2746 305 2774 non
314 2738 427 2774 scripto:
439 2739 468 2774 in
484 2738 591 2774 scripto,
603 2743 665 2765 sunt
682 2739 713 2766 de
729 2740 809 2774 jure:
830 2741 857 2767 in
879 2738 937 2767 non

138 2773 256 2808 scripto,
272 2773 304 2799 de
318 2781 364 2800 re:
377 2772 444 2800 illud
460 2773 555 2808 legale,
585 2773 632 2800 hoc
653 2772 796 2802 rationale.
821 2776 937 2803 Herma-

140 2816 226 2871 ξολ-εδ
238 2812 323 2848 atque
338 2816 402 2835 eum
419 2809 507 2836 secuti
519 2813 630 2841 vocant,
642 2810 754 2841 νομικὸν
768 2814 796 2837 et
818 2811 936 2845 λογικόν.

160 2848 215 2870 tem
224 2843 419 2871 Cicero.Tusc.
436 2844 455 2870 l.
472 2852 512 2870 IV:
531 2843 617 2870 Habes
643 2853 674 2871 ea
695 2853 754 2871 auaz
779 2846 811 2871 de
830 2851 936 2871 υενιιιγ-

160 2848 215 2881 tcm
224 2843 419 2881 C_i_cero,Tuqc.
436 2844 455 2881 l.
472 2852 516 2881 rvi;
531 2843 617 2870 Habes
643 2853 674 2881 ea
695 2853 754 2880 qua:
779 2846 811 2872 de
830 2843 937 2881 pertur-

140 2879 298 2916 balionibus
314 2879 478 2916 enucleatius
491 2879 721 2916 disputantStoi'ci
733 2889 741 2907 :
757 2889 817 2916 qua:
830 2879 935 2915 λογικὰ

142 2913 299 2949 appellant,
318 2915 380 2949 quia
396 2919 552 2941 asseruntur
565 2914 697 2942 subtilius.
716 2913 768 2944 Sic.
780 2913 879 2952 itaque.
894 2917 938 2949 hic

984 2317 1024 2343 sic
1043 2317 1150 2344 ratione
1171 2313 1381 2352 percipiuntur;
1394 2320 1425 2352 ret
1441 2323 1502 2352 qua;
1514 2313 1670 2352 rationalia,
1681 2313 1776 2352 cadent

983 2359 1046 2379 cum
1063 2349 1257 2380 Graecisa-ocis
1273 2351 1418 2386 ὁμωνυμίᾳ
1442 2349 1568 2386 cogimur
1589 2349 1691 2386 dicere,
1702 2349 1776 2386 quod

983 2395 1038 2415 non
1056 2387 1193 2415 distinctze
1204 2384 1297 2418 voces,
1311 2390 1341 2413 ut
1351 2384 1417 2414 sunt
1431 2385 1461 2412 τὴ
1472 2384 1566 2419 νοητὸν
1581 2389 1610 2411 et
1627 2384 1659 2409 τὸ
1675 2384 1769 2418 νοερὸν

984 2423 1035 2450 elsi
1048 2431 1100 2450 nec
1115 2423 1142 2450 in
1161 2423 1216 2450 illis
1239 2426 1370 2449 auctores
1391 2421 1458 2448 satis
1480 2419 1602 2447 accurati
1617 2423 1691 2450 sunt,
1716 2427 1777 2450 nec,

984 2466 1047 2485 raro
1064 2466 1160 2486 eorum
1174 2458 1327 2493 significata
1335 2456 1517 2493 confundant,
1530 2462 1562 2482 ac
1581 2454 1655 2489 quod
1668 2454 1776 2489 passive

985 2498 1076 2526 sonat,
1089 2494 1178 2521 active
1191 2492 1339 2527 accipiant,
1359 2492 1548 2525 vicissimque.

1022 2530 1058 2564 (r)
1070 2523 1074 2526 ’
1086 2527 1228 2563 Λιπιιρῶν
1251 2523 1465 2564 ῖτὸζμέτοχον.
1483 2523 1616 2564 Placebat
1642 2523 1731 2564 magis
1746 2530 1778 2564 ut

986 2559 1060 2592 esset
1086 2564 1132 2590 τὸν
1153 2559 1278 2598 ἱὰτοχον.
1290 2559 1415 2598 Ποεριηέ
1429 2569 1504 2593 eum,
1523 2561 1570 2595 qui
1591 2560 1634 2587 vir
1646 2559 1780 2594 spiritalis

986 2599 1033 2632 sit,
1049 2599 1152 2632 ἔνθεος,
1168 2597 1269 2634 plenus
1284 2597 1390 2634 Spiritu
1414 2605 1446 2624 ac
1470 2597 1597 2634 oratione
1618 2600 1778 2634 provectus.

987 2630 1104 2671 ejusque
1131 2630 1233 2662 nactus
1245 2630 1578 2671 perfectionemiguique
1603 2630 1673 2671 adeo
1686 2630 1779 2671 quiete

988 2666 1016 2697 in
1029 2666 1075 2697 illa
1093 2669 1223 2703 fruatur;
1235 2666 1294 2704 pra:
1304 2666 1732 2704 laborisrscilicet“impatientia,
1750 2670 1780 2692 nt

988 2705 1016 2732 in
1034 2705 1097 2732 aliis
1125 2705 1166 2732 sic
1188 2700 1330 2739 dissipatis
1350 2702 1465 2737 (actioni
1493 2700 1600 2739 scilicet
1625 2700 1779 2739 addictum!

988 2741 1091 2768 morari
1105 2741 1180 2767 sinat
1192 2749 1200 2767 :
1216 2747 1248 2767 ac
1259 2736 1441 2770 'velmaxime,
1452 2737 1526 2772 quod
1538 2744 1640 2772 earvox
1653 2736 1754 2772 κάτοχο
1773 2755 1779 2766 ,

989 2776 1073 2803 etiam
1093 2776 1212 2803 activam
1233 2770 1469 2809 significationem
1491 2771 1666 2809 quandoque
1683 2770 1782 2798 admit-

990 2815 1038 2838 tat.
1056 2811 1103 2838 Sic
1115 2811 1190 2838 enim
1207 2810 1252 2837 ille
1260 2806 1292 2837 in
1308 2808 1443 2836 orationis
1451 2806 1584 2835 exercitio
1609 2806 1782 2834 detinentem

990 2847 1099 2874 Patrem
1119 2845 1286 2880 spiritalem,
1301 2844 1336 2871 ah
1349 2852 1382 2872 ea
1399 2844 1551 2876 dimittere,
1576 2842 1617 2870 sic
1639 2841 1718 2876 quasi
1738 2846 1782 2868 ta:-

990 2882 1036 2910 dio
1049 2882 1140 2909 victus
1154 2888 1290 2916 propense
1305 2884 1392 2915 roget.
