1946 3074
210 204 277 240 1427

210 261 317 288 riantur
333 259 406 289 oculi
425 259 518 288 cordis
537 259 588 292 tui,
605 263 633 290 et
649 264 680 287 ut
694 259 722 287 in
739 260 786 287 Dei
805 260 911 295 legibus
926 259 954 286 in
971 267 1004 286 eo
1020 261 1041 289 Α

211 305 327 333 occultis
352 305 425 333 clare
451 305 608 339 meditet'is;
637 313 698 341 quae
718 306 830 340 quidem
850 313 935 340 super
952 305 1006 332 mel

210 356 239 378 ct
255 351 347 379 favum
373 351 491 386 spiritali
514 352 621 387 gutturi
644 356 691 379 tuo
710 351 881 379 videbuntur
898 352 932 385 η,
950 359 1007 387 pra).

211 398 358 425 dulcedine
371 406 434 433 qua:
448 405 483 425 ex
499 397 553 426 illis
570 398 747 426 dill‘unditur.

244 443 307 471 118,
329 438 401 471 Fieri
417 451 472 470 non
487 447 578 479 potest
595 449 626 471 ut
639 451 786 479 corporum
809 442 1005 478 pecuniarum-

209 498 265 525 que
282 497 315 518 ac
329 491 549 519 necessariorum
561 490 687 518 ciborum
705 490 857 526 cupiditate
879 489 1006 524 superio-

210 544 269 565 rem
283 536 386 567 eliicias
400 537 534 569 animum,
548 537 602 565 nisi
614 537 642 564 in
661 537 792 565 mundam
807 536 946 571 justorum
961 543 1006 563 re-

210 582 319 617 gionem
335 590 399 610 eum
416 581 570 614 induxeris,
589 583 618 610 in
633 590 687 618 qua
704 582 753 609 Dei
774 582 926 617 mortisque
951 589 1007 608 me-

211 627 299 656 moria
313 628 567 664 supergerminans,
583 636 695 664 germen
712 635 794 656 omne
811 628 851 656 rei
865 627 1008 656 desidera-

211 673 274 702 bilis
289 682 304 702 e
319 679 429 702 terreno
442 675 525 702 corde
537 675 650 703 delebit.

249 721 311 750 H9.
331 721 427 749 Mortis
448 722 614 757 cogitatione
635 721 705 750 nihil
728 721 935 750 formidolosius
953 725 1006 755 est,

211 775 265 799 nec
287 767 336 795 Dei
359 767 491 795 memoria
514 768 664 803 quidquam
689 767 891 796 admirabilius.
914 768 1007 795 Altera

212 813 335 848 quidem,
349 814 497 841 salutarem
511 814 650 841 tristitiam
665 819 795 849 praestare
809 814 905 848 habet;
921 815 1008 841 altera

212 858 335 886 tribuere
356 859 457 887 mentis
482 859 615 888 ltetitiam.
633 860 679 887 Ait
699 860 774 887 enim
789 860 937 895 Propheta,
953 860 1008 887 Me-

212 912 272 933 mor
285 904 324 939 fui
340 904 397 936 Dei,
415 909 440 931 et
456 905 600 933 delectatus
619 913 678 933 sum
690 906 724 933 ’⁸.
742 905 858 941 Sapiens
873 913 984 941 quoque
999 914 1006 932 :

212 949 363 978 Memorare
383 951 523 980 novissima
546 955 602 984 tua,
636 956 661 978 et
676 960 729 979 non
752 952 868 987 peccabis
883 952 917 979 ⁸⁸.
935 951 1008 979 Fieri
1024 941 1045 969 Β

211 995 286 1023 enim
309 1003 363 1023 non
386 1001 487 1032 potest,
509 1001 539 1025 ut
564 997 627 1033 quis
650 1000 766 1026 alterum
790 998 924 1031 obtineat,
939 998 1008 1033 quin

213 1041 318 1077 prioris
333 1043 513 1075 acerbitatem
528 1044 588 1078 ejus
603 1043 662 1079 ipso
677 1043 800 1079 periculo
817 1044 936 1071 noverit.

248 1087 311 1116 120.
332 1088 425 1116 Donec
448 1097 527 1117 mens
550 1090 671 1117 revelata
695 1089 764 1117 facie
785 1089 833 1116 Dei
855 1089 1008 1117 claritatem

213 1135 357 1170 conspexit
374 1135 407 1168 ",
426 1143 481 1163 non
505 1141 597 1171 potest
622 1136 732 1164 animus
754 1136 847 1164 dicere
874 1135 902 1162 in
926 1143 1009 1162 sensu

213 1188 265 1208 suo
281 1189 289 1208 :
307 1181 364 1217 Ego
385 1190 446 1211 vero
471 1182 620 1210 delectabar
644 1183 671 1209 in
693 1182 806 1209 Domino
821 1182 855 1214 ",
872 1182 1010 1209 exsultubo

211 1225 241 1252 in
256 1225 374 1254 salutari
390 1227 447 1262 ejus
462 1228 495 1257 η,
511 1227 640 1255 Velamen
658 1228 733 1255 enim
752 1228 816 1258 caeci
838 1235 870 1258 ac
891 1227 1010 1256 carnalis

213 1271 316 1301 amoris
334 1280 418 1309 super
442 1280 491 1301 cor
514 1274 574 1310 ejus
596 1274 716 1309 positum
738 1279 790 1307 est,
808 1279 839 1301 ut
854 1282 910 1301 non
931 1282 1010 1302 reve-

213 1318 307 1347 lentur
328 1320 355 1348 ei
380 1320 558 1349 fundamenta
579 1321 655 1349 orbis
675 1326 756 1349 terra:
779 1321 884 1357 (rerum
906 1322 1011 1350 scilicet

213 1365 389 1393 conditarum
404 1366 548 1401 rationes),
566 1374 618 1394 nec
632 1367 667 1394 ab
679 1366 728 1394 illo
747 1367 888 1394 auferetur
905 1366 1010 1401 absque

213 1411 357 1440 laboribus
370 1416 468 1448 sponte
482 1413 632 1448 assumptis
647 1417 730 1448 atque
744 1413 900 1442 extrinseeo
913 1416 1010 1448 agente

215 1457 310 1486 illatis.

251 1503 313 1531 121.
331 1503 390 1536 Νοιι
413 1508 475 1538 post
489 1503 580 1539 fugam
592 1511 625 1531 ex
642 1503 758 1539 [Egypto
776 1504 849 1538 (post.
865 1508 1010 1538 peccatum

216 1548 322 1579 scilicet
343 1548 415 1583 quod
438 1553 501 1575 actu
525 1549 721 1583 perpetratur),
744 1551 834 1583 neque
854 1553 916 1584 post
928 1549 1012 1578 maris

216 1594 363 1621 transitum
390 1593 534 1630 (libidinis
559 1600 716 1630 superatam
734 1596 934 1629 servitutem);
963 1597 1011 1624 sed
1026 1621 1046 1648 Ο

217 1646 276 1679 post
296 1648 400 1667 moram
420 1641 449 1668 in
475 1640 595 1673 deserto,
611 1649 672 1676 qua:
698 1642 827 1669 videlicet
846 1642 918 1670 inter
934 1643 1013 1670 mali-

218 1685 263 1714 tia:
273 1686 389 1714 ellectus
404 1691 550 1722 motusque
571 1687 662 1715 media
684 1688 853 1721 intercedat,
871 1688 1012 1716 lsraclitici

217 1733 311 1773 populi
336 1733 446 1761 ductori
469 1741 632 1761 concessum
654 1734 798 1769 explorare
826 1739 926 1762 terram
947 1742 1013 1770 pro-

217 1780 330 1807 missam
343 1780 365 1796 ³ο
383 1780 613 1816 (tranquillissimi
635 1780 719 1808 animi
740 1785 842 1808 statum
863 1789 895 1808 ac
914 1781 1014 1816 imper-

220 1826 428 1862 turbationem),
439 1826 522 1854 missa
537 1827 563 1853 in
580 1834 641 1854 eam
662 1835 720 1855 rem
744 1827 894 1863 aspcctrice
912 1828 1014 1856 virtute

219 1879 268 1900 sua
286 1881 318 1900 ac
330 1873 426 1908 procul
443 1873 607 1908 inspectrice
621 1873 654 1900 “.
749 1871 756 1874 “

255 1918 307 1945 122
334 1919 366 1946 Ili
385 1919 431 1954 qui
446 1919 475 1946 in
491 1918 601 1946 deserto
620 1918 728 1950 sedent,
742 1919 790 1954 qui
805 1919 910 1947 scilicet
925 1927 939 1946 a
956 1927 1013 1946 ma—

218 1964 254 1993 lis
275 1965 412 1998 otiantur,
437 1965 534 1993 auditu
559 1966 619 1993 solo
639 1966 726 1993 beatze
749 1966 824 1993 illius
844 1970 924 1993 terra:
942 1966 1015 1993 bona

220 2014 414 2055 perceperunt.
431 2009 483 2043 Qui
501 2017 566 2037 vero
582 2010 665 2037 etiam
687 2010 876 2045 exploratores
892 2011 1014 2043 fuerunt,

220 2056 249 2090 hi
273 2056 405 2083 nimirum
428 2064 473 2083 res
495 2056 568 2091 ipsas
587 2056 676 2084 oculis
698 2056 867 2091 usttrpando,
886 2057 1016 2085 subtilius

220 2102 314 2139 animo
339 2102 552 2130 intellexerunt.
573 2101 671 2137 Atqui
695 2102 723 2129 in
744 2110 803 2129 eam
829 2102 935 2137 ingredi
960 2110 1017 2130 Ine-

222 2151 349 2180 ruerunt,
366 2152 423 2175 toto
441 2155 524 2175 sensu
544 2155 578 2174 ex
597 2155 629 2175 ea
650 2147 801 2174 fluentibus
820 2148 846 2174 in
864 2148 943 2175 lactis
961 2155 1018 2175 mo-

222 2203 280 2222 rem
303 2203 336 2222 ac
359 2194 448 2221 mellis
466 2194 565 2229 (prima
587 2195 693 2222 scilicet
710 2199 738 2222 et
755 2195 875 2222 secunda
896 2199 1019 2223 contem-

222 2240 354 2276 platione)
370 2240 523 2268 rationibus
538 2241 653 2268 saturati
674 2245 738 2269 sunt
751 2241 784 2268 ".

795 206 825 236 S.
847 204 990 239 ΜΛΧΙΜΙ
1010 204 1264 237 CONFESSORIS

1056 259 1120 291 τοὺς
1137 260 1188 294 τῆς
1201 259 1318 295 καρδίας
1339 269 1385 287 σου
1401 260 1568 297 ὀφθαλμοὺς,
1585 261 1633 289 καὶ
1645 261 1754 297 τρανῶς
1766 261 1852 296 ἐμμε-

1058 304 1137 340 λετᾷν
1157 305 1214 336 τοῖς
1233 306 1472 342 ὲγκεκρυμμένοις
1487 307 1516 333 ἐν
1529 308 1598 343 αὐτῇ
1617 307 1711 342 νόμοις
1723 305 1802 338 Θεοῦ,
1817 306 1853 332 οἳ·

1057 359 1130 382 τινες
1146 351 1216 386 ὑπὲρ
1233 351 1294 386 μέλι
1307 352 1356 378 καὶ
1371 352 1468 388 κηρίον
1487 352 1526 388 τῷ
1543 351 1631 387 νοητῷ
1654 361 1702 378 σου
1721 351 1851 385 λογισθής

1057 407 1149 426 σονται
1163 399 1293 434 λάρυγγι,
1305 401 1338 436 τῇ
1355 400 1402 426 ἀπ’
1417 401 1508 428 αὐτῶν
1521 399 1679 436 ὲκδιδομένῃ
1691 399 1816 435 ἡδύτητι.

1095 448 1158 480 ριη¹.
1179 445 1217 472 Οὐ
1229 446 1334 482 δυνήσῃ
1354 445 1490 481 σωμάτων
1505 447 1552 472 καὶ
1568 445 1729 481 χρημάτων,
1743 445 1791 471 καὶ
1803 445 1853 479 τῆς

1057 491 1112 518 τῶν
1141 491 1300 526 ἀναγκαίων
1333 492 1487 528 βρωμάτων
1522 492 1671 527 ἐπιθυμίας
1700 491 1853 527 ὑπέρτερον

1058 537 1172 572 ποιῆσαι
1188 536 1234 564 τὸν
1259 536 1331 570 νοῦν,
1349 538 1373 564 εί
1387 538 1424 573 μὴ
1440 539 1469 564 ἐν
1485 539 1517 573 τῇ
1538 537 1648 574 καθαρᾷ
1665 537 1720 565 τῶν
1740 537 1854 564 δικαίων

1058 582 1136 618 χώρᾳ.
1151 582 1262 620 είσᾴξῃς
1278 584 1361 611 αὐτόν
1376 592 1384 600 ⁸
1407 584 1468 611 καθ’
1495 585 1539 620 ἢν,
1565 585 1583 619 ἥ
1606 593 1636 611 τε
1663 584 1710 611 τοῦ
1737 583 1854 610 θανάτου

1058 631 1106 657 καὶ
1118 631 1134 665 ή
1148 630 1201 657 τοῦ.
1209 629 1278 657 Θεοῦ
1289 631 1386 666 μνήμη
1401 630 1679 666 ὲπαναὸλαστήσασα,
1693 630 1748 657 ἀπὸ
1757 630 1855 665 γηῖνης

1058 675 1174 712 καρδίας
1188 676 1335 711 ἀπαλείφει
1351 677 1405 703 πᾶν
1420 676 1551 711 ὲνθυμίου
1566 676 1721 711 ἀνάστημα.

1095 721 1156 758 ριθ’.
1186 723 1269 750 Οὐδὲν
1294 723 1357 750 οὔτε
1386 723 1493 755 ἑννοίας
1514 723 1631 750 Θανάτου
1653 722 1854 758 φοϐερώτερον,

1058 767 1121 794 οὗτε
1143 767 1212 795 Θεοῦ
1230 769 1342 804 μνήμης
1357 768 1592 804 θαυμασιώτερον.
1616 768 1648 794 Ἦ
1663 768 1713 803 μὲν
1727 767 1783 802 γάρ
1797 768 1856 794 ἐστι

1059 814 1149 850 λύπης
1175 813 1365 850 σωτηριώδους
1389 815 1545 849 παρεκτική
1564 822 1571 830 ⁸
1594 815 1610 849 ἡ
1629 814 1669 846 δὲ,
1683 813 1856 849 εὐφροσύνης

1058 860 1218 896 χαριστική.
1250 860 1423 895 Ἐμνήσθην
1450 860 1515 895 γὰρ,
1546 861 1630 895 φησὶν
1653 861 1667 886 ὁ
1697 860 1855 895 Προφήτης.

1059 906 1113 933 τοῦ
1133 905 1219 937 Θεοῦ,
1239 906 1288 932 καὶ
1310 904 1500 939 ηὐφράνθην.
1519 905 1575 931 Καὶ
1594 905 1608 931 ὸ
1622 905 1724 938 Σοφός·
1741 903 1857 938 Μιμνή-

1062 959 1141 980 σκου
1158 951 1194 978 τὰ
1211 950 1328 986 ἐσχατά
1344 958 1415 984 σου,
1433 951 1483 978 καὶ
1506 952 1562 985 οὺχ
1577 949 1858 985 ἀμαρτήσεις.Ἀδὺ-

1062 1007 1141 1026 νατον
1154 998 1209 1032 γάρ
1223 1006 1284 1024 τινα
1296 997 1343 1024 τοῦ
1357 997 1485 1032 δευτέρου
1500 998 1528 1023 ὲν
1540 997 1705 1032 κατασχέσει
1717 996 1857 1030 γενέσθαι,

1063 1044 1102 1081 μῂ
1117 1044 1217 1080 πεῖραν
1229 1044 1278 1078 τῆς
1295 1043 1343 1070 τοῦ
1357 1043 1492 1078 προτέρου
1509 1043 1627 1069 λαϐόντα
1642 1043 1822 1078 στυφότητος.

1100 1089 1151 1126 ρκ’.
1165 1089 1240 1122 Ἕως
1258 1090 1291 1117 ἂν
1301 1090 1350 1126 τὴν
1364 1089 1412 1116 τοῦ
1425 1089 1493 1116 Θεοῦ
1506 1089 1585 1122 δόξαν
1603 1089 1859 1124 ἀνακεκαλυμμένῳ

1063 1135 1204 1172 προσώπῳ
1217 1137 1268 1163 οὐκ
1283 1136 1327 1173 ἴδῃ
1341 1137 1354 1163 ὁ
1368 1136 1442 1168 νοῦς,
1463 1137 1494 1163 οὐ
1517 1136 1627 1163 δύναται
1643 1137 1659 1171 ἡ
1678 1136 1750 1171 ψυχὴ
1767 1135 1859 1168 λέγειν

1063 1185 1092 1210 ὲν
1106 1182 1233 1218 αἰσθήσει
1248 1183 1334 1218 αὐτῆς
1351 1191 1358 1198 ·
1377 1181 1448 1217 Ἐσδὼ
1459 1182 1494 1209 δὲ
1503 1182 1551 1208 ἐπὶ
1562 1181 1603 1214 τῷ
1615 1182 1715 1215 Κυρίῳ
1729 1181 1859 1215 τερφθῆ-

1063 1237 1155 1263 σομαι
1172 1237 1179 1243 ·
1200 1228 1424 1264 ἁγαλλιάσομαι
1449 1227 1500 1254 ἐπὶ
1524 1227 1565 1260 τῷ
1586 1227 1722 1261 σωτηρίῳ
1751 1226 1857 1254 αὐτοῦ.

1063 1274 1205 1308 Κάλυμμα
1220 1273 1274 1308 γὰρ
1288 1275 1376 1300 κεῖται
1390 1264 1421 1299 τὸ
1431 1273 1482 1307 τῆς
1497 1272 1640 1307 φιλαυτίας
1659 1271 1707 1298 ἐπὶ
1722 1271 1772 1307 τὴν
1789 1280 1859 1308 καρ-

1062 1320 1122 1346 δίαν
1138 1319 1236 1354 αὐτῆς,
1261 1319 1330 1354 πρὸς
1350 1319 1381 1345 τὸ
1408 1318 1446 1354 μὴ
1474 1317 1702 1352 ἁνακαλυφθῆναι
1729 1318 1799 1353 αὐτῇ
1824 1317 1858 1344 τὰ

1064 1366 1179 1401 θεμέλια
1196 1365 1246 1400 τῆς
1263 1365 1438 1400 οἰκουμένης,
1455 1365 1535 1392 ἆτινά
1554 1365 1623 1390 εἰσιν
1649 1364 1674 1390 οἱ
1699 1363 1775 1397 λόγοι
1803 1362 1860 1389 τῶν

1063 1411 1227 1446 γεγονότοιν,
1250 1411 1319 1447 ὅπερ
1337 1411 1367 1444 ἐξ
1387 1410 1473 1445 αὐτῆς
1498 1410 1528 1436 οὐ
1554 1410 1751 1445 περιαιρεῖται,
1780 1409 1860 1435 ἑκου-

1065 1457 1131 1484 σίων
1143 1457 1232 1483 πόνων
1249 1456 1297 1483 καὶ
1312 1456 1448 1483 ἀκουσίων
1458 1455 1553 1491 χωρίς.

1103 1513 1174 1544 ρκα¹.
1214 1509 1251 1536 Οὺ
1277 1510 1346 1544 μετὰ
1370 1509 1420 1543 τὴν
1450 1507 1480 1540 ἐξ
1506 1507 1646 1541 Αἰγύπτου
1674 1507 1775 1542 φυγήν⁴
1798 1507 1860 1541 ἥτις

1065 1555 1140 1581 ἐστὶν
1165 1555 1182 1590 ἡ
1202 1553 1263 1581 κατ’
1291 1554 1434 1589 ἐνέργειαν
1461 1553 1585 1588 ἁμαρτία
1600 1561 1607 1568 ·
1635 1552 1696 1579 οὐδὲ
1720 1552 1789 1587 μετὰ
1810 1551 1859 1587 τὴν

1066 1600 1204 1635 Θαλάσσης
1222 1599 1359 1631 διάϐασιν,
1381 1599 1430 1634 τῆς
1446 1599 1516 1626 κατὰ
1532 1599 1625 1634 σχέσιν
1636 1598 1709 1631 λέγω
1726 1598 1858 1630 δουλείας·

1064 1646 1131 1673 ἀλλὰ
1146 1646 1214 1680 μετὰ
1227 1646 1275 1681 τὴν
1288 1647 1316 1672 ὲν
1328 1646 1424 1680 ἐρήμῳ
1436 1645 1586 1680 διατριϐὴν,
1604 1644 1706 1679 μεταξὺ
1728 1643 1860 1679 κειμένην

1063 1693 1260 1728 ἐνεργημάτων
1286 1692 1333 1718 καὶ
1348 1692 1509 1726 κινημάτων
1531 1691 1639 1722 κακίας,
1673 1689 1721 1716 τοῦ
1752 1689 1861 1725 Ἰσραὴλ

1063 1740 1076 1766 ὁ
1099 1738 1265 1774 δημαγωγὸς
1285 1737 1318 1773 (5)
1339 1739 1524 1764 κατασκοπεῖν
1543 1737 1658 1764 δύναται
1676 1736 1726 1770 τὴν
1743 1736 1796 1771 γῆν
1812 1736 1860 1770 τῆς

1064 1782 1242 1816 ἐπαγγελίας,
1277 1782 1339 1817 ἣτις
1366 1781 1441 1808 ἐστὶν
1465 1782 1482 1817 ἡ
1511 1781 1644 1813 ἀπάῧεια,
1670 1780 1719 1815 τὴν
1744 1780 1861 1815 ὸπτικὴν

1064 1825 1238 1854 ἀποστέλλων
1255 1826 1302 1852 καὶ
1313 1825 1465 1861 ὲποπτικὴν
1479 1825 1562 1852 αὑτοῦ
1575 1825 1700 1860 δύναμιν.

1103 1918 1172 1958 ρκξιδ.
1193 1922 1224 1948 Οί
1242 1922 1291 1956 μὲν
1308 1922 1338 1947 ὲν
1358 1923 1391 1957 τῇ
1414 1921 1512 1957 ἐρήμῳ
1532 1920 1695 1955 καθήμενοι,
1709 1918 1861 1950 τουτέστιν,

1066 1967 1095 1994 ὲν
1119 1967 1151 2002 τῇ
1179 1966 1233 1993 τῶν
1261 1965 1355 1992 κακῶν
1381 1965 1578 2000 ἀνενεργησξα,
1611 1965 1680 1999 ἀκοῇ
1711 1964 1781 1999 μόνῃ
1812 1963 1862 1997 τῆς

1068 2012 1206 2048 μακαρίας
1222 2012 1330 2046 ἐκείνης
1349 2012 1401 2046 γῆς
1425 2011 1460 2037 τὰ
1485 2010 1644 2045 Matii...
1670 2011 1693 2036 οἱ
1719 2010 1747 2036 δὲ
1771 2009 1806 2037 τὰ
1834 2011 1862 2036 ὲν

1067 2058 1161 2094 ἐκείνῃ
1179 2058 1454 2092 κατασκοπήσαντες,
1468 2058 1497 2082 ἑν
1518 2057 1643 2092 περινοίᾳ
1664 2055 1786 2090 δηλονότι
1812 2056 1863 2091 ψυ-

1066 2104 1117 2139 χῆς
1135 2103 1189 2130 τῶν
1214 2103 1361 2138 ὁρωμένων
1377 2102 1495 2138 Θεωρίας
1523 2103 1662 2137 γεγόνασι.
1686 2103 1718 2128 Οἱ
1745 2102 1773 2129 δὲ
1793 2111 1863 2129 κατ-

1069 2147 1230 2181 αξιωθέντες
1261 2149 1290 2174 ὲν
1316 2147 1385 2183 αὐτῇ
1426 2148 1575 2178 εἰσελθεῖν,
1605 2147 1653 2183 ὅλῃ
1678 2149 1712 2183 τῇ
1737 2147 1864 2183 αἰσθήσει

1068 2193 1122 2220 τῶν
1146 2193 1176 2225 ἐξ
1195 2193 1280 2227 αὐτῆς
1302 2193 1495 2228 ἀπορρεόντων
1511 2192 1550 2224 ὡς
1571 2193 1642 2226 γάλα
1659 2194 1707 2219 καὶ
1726 2192 1798 2228 μέλι,
1816 2193 1864 2226 τῆς

1069 2238 1181 2274 πρώτης
1207 2239 1279 2274 φημὶ
1303 2239 1351 2265 καὶ
1385 2239 1519 2275 δευτέρας
1548 2239 1666 2274 θεωρίας
1698 2239 1747 2273 (ι),
1776 2238 1865 2272 λόγων

1033 2297 1057 2328 D
1070 2285 1282 2320 ἐνεφορήθησαν.

256 2329 338 2366 655
363 2331 424 2358 125.
441 2330 569 2358 Nondum
590 2338 652 2358 cum
672 2330 782 2358 Christo
798 2330 947 2358 cruciﬁxus
965 2334 1017 2363 est,

222 2377 270 2412 qui
284 2377 425 2404 naturales
437 2377 530 2404 carnis
544 2377 636 2404 adhuc
651 2381 743 2404 motus
762 2377 846 2404 habet
862 2385 868 2403 :
885 2384 936 2404 nec
957 2384 1019 2404 cum

224 2424 271 2451 illo
283 2423 408 2458 sepultus
421 2427 473 2456 est,
487 2423 533 2458 qui
548 2423 633 2451 animi
648 2423 787 2452 desideria
806 2431 839 2451 ac
855 2423 1021 2458 cupiditates

261 2506 284 2522 “
300 2505 371 2532 Psal.
386 2513 460 2536 χγιιι,
474 2505 514 2538 ll.

231 2541 253 2556 ³⁰
270 2541 349 2568 Deut.
370 2548 398 2571 II,
412 2540 458 2574 26',
470 2537 553 2568 Josue
566 2548 594 2573 ιι,
612 2539 636 2566 l.
675 2539 780 2566 "Deut.
800 2545 872 2569 χχχι,
887 2538 919 2569 2;
938 2545 1029 2569 χχχιν,
1044 2537 1056 2564 l

263 2621 297 2655 (ε)
319 2620 375 2647 Τοῦ
393 2619 518 2653 Ἰσραὴλ
543 2621 559 2646 ό
579 2619 766 2652 δημαγωγός.
794 2618 1021 2655 ιιρευο-δοίιίοει,

226 2653 274 2692 qui
287 2653 328 2683 Sic
339 2655 412 2692 duos
425 2655 512 2687 viros,
525 2655 588 2692 _sive
602 2659 633 2681 ut
656 2655 760 2692 habent
780 2655 804 2680 oi
823 2653 906 2692 μχχ,
930 2655 1022 2692 νεανίτ

228 2689 322 2722 ἁκους,
334 2691 452 2725 iuvenes,
471 2690 645 2724 exploratum
661 2690 748 2721 misit,
762 2689 840 2725 omni
851 2690 906 2724 jam
921 2689 1023 2716 deserti

228 2730 360 2761 superato
378 2726 489 2752 itinere.
503 2725 622 2760 Exponit
639 2729 734 2761 autem
760 2724 900 2761 Marximus
914 2725 1018 2761 allego-

229 2759 302 2792 rice,
328 2761 379 2795 τὴν
403 2760 519 2795 ὸπτικὴν
534 2759 581 2787 καὶ
608 2759 759 2794 ἐποπτικὴν
779 2759 862 2786 αὐτοῦ
891 2759 1016 2795 δύναμινι

229 2794 419 2824 εεγηεηάῖοἰιη
434 2800 459 2823 et
481 2795 647 2831 inspiciendi,
663 2802 776 2822 sensum
798 2794 952 2831 seilicetﬂet
977 2795 1019 2822 in-

231 2831 393 2863 tellectum;
414 2831 440 2858 id
456 2835 500 2858 est
525 2830 658 2862 mentem,
674 2838 736 2865 quae
756 2834 799 2857 est
820 2830 863 2856 vis
896 2830 943 2856 illa
968 2831 1018 2856 ἑπ-

231 2865 343 2900 οπτικὴ,
358 2874 412 2899 qua
425 2866 490 2892 licet
501 2865 637 2900 tantisper
653 2865 711 2900 ipsa
729 2865 822 2892 divina
837 2865 983 2900 inspicere,
995 2870 1023 2892 ct

234 2899 436 2933 παρακύπτειν,
448 2901 526 2934 quasi
545 2909 560 2927 a
578 2901 658 2934 longe
677 2900 756 2927 avide
785 2899 944 2927 inclinanda
958 2909 1022 2935 prn-

235 2941 342 2974 sptcerc
353 2942 360 2960 :
377 2942 438 2969 qua:
449 2935 713 2972 vitaahujussumma
721 2939 814 2963 nostra
823 2935 955 2971 perfectio
968 2940 1020 2964 est.

1105 2335 1175 2368 ρκγ’.
1199 2331 1284 2359 Οὔπω
1299 2331 1508 2367 συνεσταυρώθη
1525 2331 1647 2367 Χριστῷ,
1663 2331 1677 2358 ό
1688 2331 1728 2357 ἔτι
1745 2330 1866 2365 φυσικὰς

1070 2376 1193 2411 κινήσεις
1213 2375 1282 2410 ἔχων
1308 2376 1427 2410 σαρκόςο
1451 2376 1513 2402 οὐδὲ
1534 2377 1685 2412 συνετάφη.
1713 2377 1727 2402 ὁ
1741 2376 1867 2410 ψυχικὰς

1071 2422 1237 2458 ἐνθυμήσεις
1261 2422 1475 2457 ἐπισυρόμενος·
1495 2422 1554 2454 πῶς
1571 2420 1618 2450 οὖν
1637 2423 1794 2457 συναναςτῇ
1815 2421 1867 2448 αὗ-

554 2505 576 2520 ¹³
587 2503 658 2531 I‘sal.
669 2511 758 2534 ιιιχνι,
771 2503 798 2529 εί.
839 2502 860 2517 ¹⁶
870 2502 960 2528 Ecclc.
971 2510 1013 2528 Vll.

566 2548 594 2568 ιι.
612 2539 636 2566 l.
675 2539 780 2566 "Deut.
800 2545 872 2568 χχχι,
887 2538 919 2568 2;
938 2545 1013 2564 χχχιι

1109 2502 1130 2518 ’⁷
1145 2502 1164 2528 Il
1176 2501 1240 2528 Cor.
1256 2509 1282 2528 III
1301 2501 1341 2528 18.
1381 2501 1404 2517 ’⁸
1412 2501 1550 2533 Psal.cnt,
1561 2501 1606 2528 54.
1645 2502 1667 2517 ’ν
1679 2501 1750 2528 Psal.
1763 2509 1802 2534 ιχ,
1820 2502 1865 2530 16-

1069 2558 1070 2561 η
1109 2537 1131 2553 ³¹
1148 2537 1236 2564 Exod.
1253 2544 1292 2568 III,
1310 2535 1336 2563 8.

1072 2616 1110 2643 De
1124 2617 1263 2651 .‘llose,qui
1275 2618 1342 2645 velit
1357 2615 1552 2650 accipere,qui
1564 2619 1591 2642 ct
1603 2615 1663 2650 ipso
1674 2616 1870 2651 speculatores

1073 2652 1158 2688 misit.
1171 2656 1224 2679 eta
1237 2653 1318 2688 longe
1334 2654 1419 2680 etiam
1435 2655 1537 2688 terram
1554 2651 1671 2685 aspexit,
1694 2655 1870 2688 monstrante

1073 2687 1113 2714 illi
1136 2687 1192 2714 Deo
1206 2695 1221 2714 e
1239 2686 1341 2715 monte.
1360 2695 1423 2715 cum
1439 2686 1594 2713 moriturus
1609 2691 1694 2718 esset,
1718 2694 1769 2713 nec
1792 2687 1837 2714 hic
1854 2698 1868 2715 a

1073 2722 1183 2750 Maximi
1203 2731 1287 2757 scopo
1307 2723 1423 2750 abierit:
1438 2729 1501 2748 nam
1519 2726 1546 2748 et
1562 2721 1620 2748 haec
1631 2722 1763 2748 ἐποπτεία
1782 2723 1830 2753 sit.
1841 2728 1870 2750 et

1073 2762 1175 2793 quanta
1192 2758 1358 2786 mortalibus
1372 2765 1504 2785 concessa
1516 2757 1564 2784 Dei
1578 2757 1675 2784 notitia
1700 2765 1731 2784 ac
1749 2764 1871 2792 sperata:

1072 2793 1261 2821 beatitudinis.

1109 2829 1152 2863 (t)
1171 2828 1228 2861 Τῆς
1243 2828 1361 2862 πρώτης
1378 2827 1426 2854 καὶ
1442 2827 1584 2862 δευτέρας
1600 2829 1734 2861 θεωρίας.
1752 2828 1871 2855 Videtur

1076 2865 1192 2899 primam
1205 2863 1466 2898 contemplationem
1483 2863 1579 2899 dicere.
1590 2883 1597 2895 ,
1611 2871 1673 2898 qua:
1700 2863 1779 2898 quasi
1804 2871 1870 2898 spe~

1076 2898 1231 2926 cnlatorum
1247 2906 1280 2925 ac
1294 2899 1375 2931 fugax
1387 2903 1444 2930 est;
1468 2898 1631 2930 secundam,
1658 2906 1719 2932 qua‘
1733 2899 1792 2932 ipsa
1812 2903 1870 2924 sla-

1076 2935 1151 2968 bilis,
1165 2935 1239 2962 vclut
1251 2934 1454 2970 possidentium
1475 2934 1532 2970 jam
1543 2933 1652 2962 beatam
1663 2934 1737 2961 illam
1749 2937 1867 2961 terram.
