  <div class='ocr_page' id='page_1' title='image "/cluster/home/n/w/nwhite01/storage/ocr_20150623/90/njp.32101077772828/733.png"; bbox 0 0 1946 3074; ppageno 0'>
   <div class='ocr_carea' id='block_1_1' title="bbox 178 145 244 177">
    <p class='ocr_par' dir='ltr' id='par_1_1' title="bbox 178 145 244 177">
     <span class='ocr_line' id='line_1_1' title="bbox 178 145 244 177; baseline 0 0"><span class='ocrx_word' id='word_1_1' title='bbox 178 145 244 177; x_wconf 64' lang='lat'><strong>1131</strong></span> 
     </span>
    </p>
   </div>
   <div class='ocr_carea' id='block_1_2' title="bbox 758 146 1224 178">
    <p class='ocr_par' dir='ltr' id='par_1_2' title="bbox 758 146 1224 178">
     <span class='ocr_line' id='line_1_2' title="bbox 758 146 1224 178; baseline 0.002 -2"><span class='ocrx_word' id='word_1_2' title='bbox 758 146 788 176; x_wconf 91' lang='lat' dir='ltr'><strong>S.</strong></span> <span class='ocrx_word' id='word_1_3' title='bbox 805 147 948 177; x_wconf 81' lang='lat' dir='ltr'><strong>MAXIMI</strong></span> <span class='ocrx_word' id='word_1_4' title='bbox 969 147 1224 178; x_wconf 75' lang='lat' dir='ltr'><strong>CONFESSORIS</strong></span> 
     </span>
    </p>
   </div>
   <div class='ocr_carea' id='block_1_3' title="bbox 1743 143 1812 176">
    <p class='ocr_par' dir='ltr' id='par_1_3' title="bbox 1743 143 1812 176">
     <span class='ocr_line' id='line_1_3' title="bbox 1743 143 1812 176; baseline 0 0"><span class='ocrx_word' id='word_1_5' title='bbox 1743 143 1812 176; x_wconf 72' lang='grc'><strong>1432</strong></span> 
     </span>
    </p>
   </div>
   <div class='ocr_carea' id='block_1_4' title="bbox 176 199 968 238">
    <p class='ocr_par' dir='ltr' id='par_1_4' title="bbox 176 199 968 237">
     <span class='ocr_line' id='line_1_4' title="bbox 176 199 968 237; baseline 0.004 -10"><span class='ocrx_word' id='word_1_6' title='bbox 176 202 332 236; x_wconf 65' lang='lat' dir='ltr'><strong>pluriumve</strong></span> <span class='ocrx_word' id='word_1_7' title='bbox 355 199 496 229; x_wconf 87' lang='lat' dir='ltr'><strong>consortio</strong></span> <span class='ocrx_word' id='word_1_8' title='bbox 518 201 619 237; x_wconf 87' lang='lat' dir='ltr'><strong>agitur,</strong></span> <span class='ocrx_word' id='word_1_9' title='bbox 638 201 716 229; x_wconf 61' lang='lat' dir='ltr'><strong>seriae</strong></span> <span class='ocrx_word' id='word_1_10' title='bbox 735 201 820 237; x_wconf 77' lang='lat' dir='ltr'><strong>magis</strong></span> <span class='ocrx_word' id='word_1_11' title='bbox 842 210 874 229; x_wconf 90' lang='lat' dir='ltr'><strong>ac</strong></span> <span class='ocrx_word' id='word_1_12' title='bbox 890 211 968 237; x_wconf 78' lang='lat' dir='ltr'><strong>repe-</strong></span> 
     </span>
    </p>
   </div>
   <div class='ocr_carea' id='block_1_5' title="bbox 1028 199 1810 238">
    <p class='ocr_par' dir='ltr' id='par_1_5' title="bbox 1028 200 1810 238">
     <span class='ocr_line' id='line_1_5' title="bbox 1028 200 1810 238; baseline -0.004 -9"><span class='ocrx_word' id='word_1_13' title='bbox 1028 203 1109 238; x_wconf 68' lang='grc' dir='ltr'>ιχιδεῖ</span> <span class='ocrx_word' id='word_1_14' title='bbox 1122 203 1207 238; x_wconf 78' lang='grc' dir='ltr'>ψυχῇ.</span> <span class='ocrx_word' id='word_1_15' title='bbox 1234 201 1361 238; x_wconf 73' lang='grc' dir='ltr'>λογισμοὶ</span> <span class='ocrx_word' id='word_1_16' title='bbox 1393 203 1442 237; x_wconf 84' lang='grc' dir='ltr'>μὲν</span> <span class='ocrx_word' id='word_1_17' title='bbox 1463 202 1666 237; x_wconf 76' lang='grc' dir='ltr'><strong>ἀπελήλανται·</strong></span> <span class='ocrx_word' id='word_1_18' title='bbox 1693 200 1754 232; x_wconf 71' lang='lat' dir='ltr'><strong>vde;</strong></span> <span class='ocrx_word' id='word_1_19' title='bbox 1781 201 1810 227; x_wconf 70' lang='grc' dir='ltr'><strong>δὲ</strong></span> 
     </span>
    </p>
   </div>
   <div class='ocr_carea' id='block_1_6' title="bbox 177 247 965 283">
    <p class='ocr_par' dir='ltr' id='par_1_6' title="bbox 177 247 965 283">
     <span class='ocr_line' id='line_1_6' title="bbox 177 247 965 283; baseline 0.003 -9"><span class='ocrx_word' id='word_1_20' title='bbox 177 248 234 275; x_wconf 75' lang='lat' dir='ltr'><strong>tila:</strong></span> <span class='ocrx_word' id='word_1_21' title='bbox 254 247 484 282; x_wconf 73' lang='lat' dir='ltr'><strong>immorantesque</strong></span> <span class='ocrx_word' id='word_1_22' title='bbox 507 248 697 283; x_wconf 64' lang='lat' dir='ltr'><strong>cegitationcs.</strong></span> <span class='ocrx_word' id='word_1_23' title='bbox 720 249 854 276; x_wconf 69' lang='lat' dir='ltr'><strong>Cteterum</strong></span> <span class='ocrx_word' id='word_1_24' title='bbox 873 250 965 276; x_wconf 89' lang='lat' dir='ltr'><strong>animo</strong></span> 
     </span>
    </p>
   </div>
   <div class='ocr_carea' id='block_1_7' title="bbox 175 293 967 330">
    <p class='ocr_par' dir='ltr' id='par_1_7' title="bbox 175 293 967 330">
     <span class='ocr_line' id='line_1_7' title="bbox 175 293 967 330; baseline 0.003 -10"><span class='ocrx_word' id='word_1_25' title='bbox 175 294 222 328; x_wconf 86' lang='lat' dir='ltr'><strong>qui</strong></span> <span class='ocrx_word' id='word_1_26' title='bbox 248 293 341 320; x_wconf 87' lang='lat' dir='ltr'><strong>multis</strong></span> <span class='ocrx_word' id='word_1_27' title='bbox 360 293 464 320; x_wconf 72' lang='lat' dir='ltr'><strong>divisus</strong></span> <span class='ocrx_word' id='word_1_28' title='bbox 485 298 538 326; x_wconf 81' lang='lat' dir='ltr'><strong>est,</strong></span> <span class='ocrx_word' id='word_1_29' title='bbox 556 293 708 321; x_wconf 78' lang='lat' dir='ltr'><strong>abscedunt</strong></span> <span class='ocrx_word' id='word_1_30' title='bbox 730 294 842 329; x_wconf 79' lang='lat' dir='ltr'><strong>quidem</strong></span> <span class='ocrx_word' id='word_1_31' title='bbox 865 295 967 330; x_wconf 81' lang='lat' dir='ltr'><strong>cogita-</strong></span> 
     </span>
    </p>
   </div>
   <div class='ocr_carea' id='block_1_8' title="bbox 177 339 966 374">
    <p class='ocr_par' dir='ltr' id='par_1_8' title="bbox 177 339 966 374">
     <span class='ocr_line' id='line_1_8' title="bbox 177 339 966 374; baseline 0.003 -9"><span class='ocrx_word' id='word_1_32' title='bbox 177 339 282 372; x_wconf 90' lang='lat' dir='ltr'><strong>tiones;</strong></span> <span class='ocrx_word' id='word_1_33' title='bbox 301 342 407 366; x_wconf 89' lang='lat' dir='ltr'><strong>mentes</strong></span> <span class='ocrx_word' id='word_1_34' title='bbox 423 346 489 366; x_wconf 88' lang='lat' dir='ltr'><strong>vero</strong></span> <span class='ocrx_word' id='word_1_35' title='bbox 507 339 572 366; x_wconf 78' lang='lat' dir='ltr'><strong>sola:</strong></span> <span class='ocrx_word' id='word_1_36' title='bbox 591 339 754 374; x_wconf 86' lang='lat' dir='ltr'><strong>corporibus</strong></span> <span class='ocrx_word' id='word_1_37' title='bbox 769 339 848 367; x_wconf 70' lang='lat' dir='ltr'><strong>nuda:</strong></span> <span class='ocrx_word' id='word_1_38' title='bbox 863 340 902 367; x_wconf 86' lang='lat' dir='ltr'><strong>illi</strong></span> <span class='ocrx_word' id='word_1_39' title='bbox 919 348 966 367; x_wconf 92' lang='lat' dir='ltr'><strong>ac-</strong></span> 
     </span>
    </p>
   </div>
   <div class='ocr_carea' id='block_1_9' title="bbox 1022 247 1807 285">
    <p class='ocr_par' dir='ltr' id='par_1_9' title="bbox 1022 247 1807 285">
     <span class='ocr_line' id='line_1_9' title="bbox 1022 247 1807 285; baseline -0.004 -9"><span class='ocrx_word' id='word_1_40' title='bbox 1022 250 1096 284; x_wconf 66' lang='grc' dir='ltr'>μόνοι</span> <span class='ocrx_word' id='word_1_41' title='bbox 1117 249 1215 285; x_wconf 73' lang='grc' dir='ltr'>γυμνοὶ</span> <span class='ocrx_word' id='word_1_42' title='bbox 1242 249 1376 284; x_wconf 82' lang='grc' dir='ltr'>σωμάτων</span> <span class='ocrx_word' id='word_1_43' title='bbox 1393 248 1429 284; x_wconf 85' lang='lat' dir='ltr'><strong>(y)</strong></span> <span class='ocrx_word' id='word_1_44' title='bbox 1456 249 1524 284; x_wconf 79' lang='grc' dir='ltr'>αὐτῇ</span> <span class='ocrx_word' id='word_1_45' title='bbox 1555 247 1807 283; x_wconf 68' lang='grc' dir='ltr'>προσπελὲιζοντες.</span> 
     </span>
    </p>
   </div>
   <div class='ocr_carea' id='block_1_10' title="bbox 1021 293 1812 331">
    <p class='ocr_par' dir='ltr' id='par_1_10' title="bbox 1021 293 1812 331">
     <span class='ocr_line' id='line_1_10' title="bbox 1021 293 1812 331; baseline -0.003 -10"><span class='ocrx_word' id='word_1_46' title='bbox 1021 295 1083 327; x_wconf 77' lang='grc' dir='ltr'><strong>τοὺς</strong></span> <span class='ocrx_word' id='word_1_47' title='bbox 1108 296 1173 330; x_wconf 75' lang='grc' dir='ltr'>περὶ</span> <span class='ocrx_word' id='word_1_48' title='bbox 1203 295 1334 331; x_wconf 76' lang='grc' dir='ltr'><strong>Προνοίας</strong></span> <span class='ocrx_word' id='word_1_49' title='bbox 1354 295 1400 321; x_wconf 80' lang='grc' dir='ltr'>καὶ</span> <span class='ocrx_word' id='word_1_50' title='bbox 1429 294 1546 330; x_wconf 78' lang='grc' dir='ltr'>κρίσεως</span> <span class='ocrx_word' id='word_1_51' title='bbox 1575 294 1682 328; x_wconf 79' lang='grc' dir='ltr'><strong>λόγους,</strong></span> <span class='ocrx_word' id='word_1_52' title='bbox 1700 293 1737 325; x_wconf 83' lang='grc' dir='ltr'>ὥς</span> <span class='ocrx_word' id='word_1_53' title='bbox 1750 301 1812 320; x_wconf 83' lang='grc' dir='ltr'>τινα</span> 
     </span>
    </p>
   </div>
   <div class='ocr_carea' id='block_1_11' title="bbox 1021 338 1775 376">
    <p class='ocr_par' dir='ltr' id='par_1_11' title="bbox 1021 338 1775 376">
     <span class='ocr_line' id='line_1_11' title="bbox 1021 338 1775 376; baseline -0.004 -9"><span class='ocrx_word' id='word_1_54' title='bbox 1021 341 1133 376; x_wconf 78' lang='grc' dir='ltr'>θεμέλια</span> <span class='ocrx_word' id='word_1_55' title='bbox 1150 341 1201 376; x_wconf 82' lang='grc' dir='ltr'><strong>γῆς</strong></span> <span class='ocrx_word' id='word_1_56' title='bbox 1220 340 1469 372; x_wconf 81' lang='grc' dir='ltr'>ἀνακαλύπτοντες,</span> <span class='ocrx_word' id='word_1_57' title='bbox 1481 340 1550 375; x_wconf 72' lang='grc' dir='ltr'>αὐτῇ</span> <span class='ocrx_word' id='word_1_58' title='bbox 1567 338 1775 374; x_wconf 67' lang='grc' dir='ltr'>ἐμφανίζουσιν.</span> 
     </span>
    </p>
   </div>
   <div class='ocr_carea' id='block_1_12' title="bbox 174 382 1813 422">
    <p class='ocr_par' dir='ltr' id='par_1_12' title="bbox 174 382 1813 422">
     <span class='ocr_line' id='line_1_12' title="bbox 174 382 1813 422; baseline 0.001 -12"><span class='ocrx_word' id='word_1_59' title='bbox 174 382 305 411; x_wconf 76' lang='lat' dir='ltr'><strong>cedentes</strong></span> <span class='ocrx_word' id='word_1_60' title='bbox 325 383 469 412; x_wconf 76' lang='lat' dir='ltr'><strong>manifeste</strong></span> <span class='ocrx_word' id='word_1_61' title='bbox 493 388 642 420; x_wconf 74' lang='lat' dir='ltr'><strong>apparent,</strong></span> <span class='ocrx_word' id='word_1_62' title='bbox 662 384 846 412; x_wconf 68' lang='lat' dir='ltr'><strong>Providentia:</strong></span> <span class='ocrx_word' id='word_1_63' title='bbox 869 393 902 413; x_wconf 88' lang='lat' dir='ltr'><strong>ac</strong></span> <span class='ocrx_word' id='word_1_64' title='bbox 936 385 1052 421; x_wconf 73' lang='lat' dir='ltr'><strong>iudicii,</strong></span> <span class='ocrx_word' id='word_1_65' title='bbox 1086 387 1161 414; x_wconf 87' lang='lat' dir='ltr'><strong>velut</strong></span> <span class='ocrx_word' id='word_1_66' title='bbox 1184 386 1308 422; x_wconf 57' lang='lat' dir='ltr'><strong>quantam</strong></span> <span class='ocrx_word' id='word_1_67' title='bbox 1334 385 1513 414; x_wconf 80' lang='lat' dir='ltr'><strong>fundamenta</strong></span> <span class='ocrx_word' id='word_1_68' title='bbox 1534 389 1626 418; x_wconf 75' lang='lat' dir='ltr'><strong>terrm,</strong></span> <span class='ocrx_word' id='word_1_69' title='bbox 1659 385 1813 412; x_wconf 83' lang='lat' dir='ltr'><strong>revelantcs</strong></span> 
     </span>
    </p>
   </div>
   <div class='ocr_carea' id='block_1_13' title="bbox 173 429 350 457">
    <p class='ocr_par' dir='ltr' id='par_1_13' title="bbox 173 429 350 457">
     <span class='ocr_line' id='line_1_13' title="bbox 173 429 350 457; baseline 0 -1"><span class='ocrx_word' id='word_1_70' title='bbox 173 429 297 457; x_wconf 81' lang='lat' dir='ltr'><strong>rationes</strong></span> <span class='ocrx_word' id='word_1_71' title='bbox 316 430 350 456; x_wconf 77' lang='grc'><strong>³⁵.</strong></span> 
     </span>
    </p>
   </div>
   <div class='ocr_carea' id='block_1_14' title="bbox 207 475 968 512">
    <p class='ocr_par' dir='ltr' id='par_1_14' title="bbox 207 475 968 512">
     <span class='ocr_line' id='line_1_14' title="bbox 207 475 968 512; baseline 0.001 -9"><span class='ocrx_word' id='word_1_72' title='bbox 207 476 292 512; x_wconf 77' lang='lat'><strong>656</strong></span> <span class='ocrx_word' id='word_1_73' title='bbox 317 476 376 503; x_wconf 75' lang='lat'><strong>151.</strong></span> <span class='ocrx_word' id='word_1_74' title='bbox 398 475 594 512; x_wconf 81' lang='lat' dir='ltr'><strong>Cogitationes,</strong></span> <span class='ocrx_word' id='word_1_75' title='bbox 615 484 667 504; x_wconf 90' lang='lat' dir='ltr'><strong>nec</strong></span> <span class='ocrx_word' id='word_1_76' title='bbox 690 477 775 512; x_wconf 86' lang='lat' dir='ltr'><strong>partis</strong></span> <span class='ocrx_word' id='word_1_77' title='bbox 797 481 862 504; x_wconf 80' lang='lat' dir='ltr'><strong>sunt</strong></span> <span class='ocrx_word' id='word_1_78' title='bbox 883 477 968 505; x_wconf 87' lang='lat' dir='ltr'><strong>animi</strong></span> 
     </span>
    </p>
   </div>
   <div class='ocr_carea' id='block_1_15' title="bbox 174 522 968 559">
    <p class='ocr_par' dir='ltr' id='par_1_15' title="bbox 174 522 968 559">
     <span class='ocr_line' id='line_1_15' title="bbox 174 522 968 559; baseline 0.003 -10"><span class='ocrx_word' id='word_1_79' title='bbox 174 523 294 550; x_wconf 82' lang='lat' dir='ltr'><strong>carentis</strong></span> <span class='ocrx_word' id='word_1_80' title='bbox 314 522 430 555; x_wconf 84' lang='lat' dir='ltr'><strong>ratione,</strong></span> <span class='ocrx_word' id='word_1_81' title='bbox 448 530 503 550; x_wconf 90' lang='lat' dir='ltr'><strong>non</strong></span> <span class='ocrx_word' id='word_1_82' title='bbox 520 522 594 549; x_wconf 92' lang='lat' dir='ltr'><strong>enim</strong></span> <span class='ocrx_word' id='word_1_83' title='bbox 612 522 741 558; x_wconf 80' lang='lat' dir='ltr'><strong>cogitatio</strong></span> <span class='ocrx_word' id='word_1_84' title='bbox 759 523 796 559; x_wconf 89' lang='lat' dir='ltr'><strong>(id</strong></span> <span class='ocrx_word' id='word_1_85' title='bbox 814 527 866 556; x_wconf 86' lang='lat' dir='ltr'><strong>est,</strong></span> <span class='ocrx_word' id='word_1_86' title='bbox 883 523 968 551; x_wconf 89' lang='lat' dir='ltr'><strong>ratio-</strong></span> 
     </span>
    </p>
   </div>
   <div class='ocr_carea' id='block_1_16' title="bbox 173 565 967 602">
    <p class='ocr_par' dir='ltr' id='par_1_16' title="bbox 173 565 967 602">
     <span class='ocr_line' id='line_1_16' title="bbox 173 565 967 602; baseline 0.003 -9"><span class='ocrx_word' id='word_1_87' title='bbox 173 565 288 602; x_wconf 82' lang='lat' dir='ltr'><strong>cinatio)</strong></span> <span class='ocrx_word' id='word_1_88' title='bbox 311 566 340 594; x_wconf 89' lang='lat' dir='ltr'><strong>in</strong></span> <span class='ocrx_word' id='word_1_89' title='bbox 366 566 456 594; x_wconf 89' lang='lat' dir='ltr'><strong>brutis</strong></span> <span class='ocrx_word' id='word_1_90' title='bbox 480 570 536 600; x_wconf 85' lang='lat' dir='ltr'><strong>est;</strong></span> <span class='ocrx_word' id='word_1_91' title='bbox 563 574 654 602; x_wconf 89' lang='lat' dir='ltr'><strong>neque</strong></span> <span class='ocrx_word' id='word_1_92' title='bbox 681 567 781 594; x_wconf 86' lang='lat' dir='ltr'><strong>mentis</strong></span> <span class='ocrx_word' id='word_1_93' title='bbox 802 571 881 600; x_wconf 87' lang='lat' dir='ltr'><strong>sunt,</strong></span> <span class='ocrx_word' id='word_1_94' title='bbox 904 576 967 595; x_wconf 87' lang='lat' dir='ltr'><strong>nam</strong></span> 
     </span>
    </p>
   </div>
   <div class='ocr_carea' id='block_1_17' title="bbox 173 613 967 650">
    <p class='ocr_par' dir='ltr' id='par_1_17' title="bbox 173 613 967 650">
     <span class='ocr_line' id='line_1_17' title="bbox 173 613 967 650; baseline 0.004 -10"><span class='ocrx_word' id='word_1_95' title='bbox 173 621 264 649; x_wconf 88' lang='lat' dir='ltr'><strong>neque</strong></span> <span class='ocrx_word' id='word_1_96' title='bbox 293 613 323 641; x_wconf 89' lang='lat' dir='ltr'><strong>in</strong></span> <span class='ocrx_word' id='word_1_97' title='bbox 351 613 466 650; x_wconf 72' lang='lat' dir='ltr'><strong>angelis.</strong></span> <span class='ocrx_word' id='word_1_98' title='bbox 494 613 563 641; x_wconf 86' lang='lat' dir='ltr'><strong>Cum</strong></span> <span class='ocrx_word' id='word_1_99' title='bbox 590 621 656 649; x_wconf 78' lang='lat' dir='ltr'><strong>ergo</strong></span> <span class='ocrx_word' id='word_1_100' title='bbox 683 613 822 641; x_wconf 79' lang='lat' dir='ltr'><strong>facultatis</strong></span> <span class='ocrx_word' id='word_1_101' title='bbox 851 614 967 643; x_wconf 86' lang='lat' dir='ltr'><strong>rationis</strong></span> 
     </span>
    </p>
   </div>
   <div class='ocr_carea' id='block_1_18' title="bbox 173 658 968 694">
    <p class='ocr_par' dir='ltr' id='par_1_18' title="bbox 173 658 968 694">
     <span class='ocr_line' id='line_1_18' title="bbox 173 658 968 694; baseline 0 -8"><span class='ocrx_word' id='word_1_102' title='bbox 173 659 296 694; x_wconf 83' lang='lat' dir='ltr'><strong>germina</strong></span> <span class='ocrx_word' id='word_1_103' title='bbox 321 659 388 692; x_wconf 86' lang='lat' dir='ltr'><strong>sint,</strong></span> <span class='ocrx_word' id='word_1_104' title='bbox 404 659 481 686; x_wconf 80' lang='lat' dir='ltr'><strong>velut</strong></span> <span class='ocrx_word' id='word_1_105' title='bbox 496 658 579 691; x_wconf 86' lang='lat' dir='ltr'><strong>scala,</strong></span> <span class='ocrx_word' id='word_1_106' title='bbox 600 658 728 686; x_wconf 82' lang='lat' dir='ltr'><strong>facultate</strong></span> <span class='ocrx_word' id='word_1_107' title='bbox 750 661 861 686; x_wconf 85' lang='lat' dir='ltr'><strong>utentes</strong></span> <span class='ocrx_word' id='word_1_108' title='bbox 882 659 968 686; x_wconf 83' lang='lat' dir='ltr'><strong>infor-</strong></span> 
     </span>
    </p>
   </div>
   <div class='ocr_carea' id='block_1_19' title="bbox 174 704 967 742">
    <p class='ocr_par' dir='ltr' id='par_1_19' title="bbox 174 704 967 742">
     <span class='ocr_line' id='line_1_19' title="bbox 174 704 967 742; baseline 0.003 -10"><span class='ocrx_word' id='word_1_109' title='bbox 174 709 265 732; x_wconf 87' lang='lat' dir='ltr'><strong>mante</strong></span> <span class='ocrx_word' id='word_1_110' title='bbox 281 705 398 740; x_wconf 80' lang='lat' dir='ltr'><strong>species,</strong></span> <span class='ocrx_word' id='word_1_111' title='bbox 411 712 427 732; x_wconf 89' lang='lat' dir='ltr'><strong>a</strong></span> <span class='ocrx_word' id='word_1_112' title='bbox 438 712 522 732; x_wconf 87' lang='lat' dir='ltr'><strong>sensu</strong></span> <span class='ocrx_word' id='word_1_113' title='bbox 541 704 575 732; x_wconf 88' lang='lat' dir='ltr'><strong>ad</strong></span> <span class='ocrx_word' id='word_1_114' title='bbox 592 709 712 733; x_wconf 86' lang='lat' dir='ltr'><strong>mentem</strong></span> <span class='ocrx_word' id='word_1_115' title='bbox 730 706 892 739; x_wconf 89' lang='lat' dir='ltr'><strong>ascendunt,</strong></span> <span class='ocrx_word' id='word_1_116' title='bbox 906 714 967 742; x_wconf 73' lang='lat' dir='ltr'><strong>qua:</strong></span> 
     </span>
    </p>
   </div>
   <div class='ocr_carea' id='block_1_20' title="bbox 173 751 966 788">
    <p class='ocr_par' dir='ltr' id='par_1_20' title="bbox 173 751 966 788">
     <span class='ocr_line' id='line_1_20' title="bbox 173 751 966 788; baseline 0.005 -10"><span class='ocrx_word' id='word_1_117' title='bbox 173 757 239 779; x_wconf 85' lang='lat' dir='ltr'><strong>sunt</strong></span> <span class='ocrx_word' id='word_1_118' title='bbox 261 751 336 779; x_wconf 90' lang='lat' dir='ltr'><strong>illius</strong></span> <span class='ocrx_word' id='word_1_119' title='bbox 360 752 385 779; x_wconf 93' lang='lat' dir='ltr'><strong>ei</strong></span> <span class='ocrx_word' id='word_1_120' title='bbox 411 752 587 785; x_wconf 86' lang='lat' dir='ltr'><strong>nuntiantes;</strong></span> <span class='ocrx_word' id='word_1_121' title='bbox 614 752 840 788; x_wconf 89' lang='lat' dir='ltr'><strong>descenduntque</strong></span> <span class='ocrx_word' id='word_1_122' title='bbox 862 762 895 781; x_wconf 80' lang='lat' dir='ltr'><strong>ex</strong></span> <span class='ocrx_word' id='word_1_123' title='bbox 921 754 966 782; x_wconf 90' lang='lat' dir='ltr'><strong>illa</strong></span> 
     </span>
    </p>
   </div>
   <div class='ocr_carea' id='block_1_21' title="bbox 174 796 967 833">
    <p class='ocr_par' dir='ltr' id='par_1_21' title="bbox 174 796 967 833">
     <span class='ocr_line' id='line_1_21' title="bbox 174 796 967 833; baseline 0.004 -9"><span class='ocrx_word' id='word_1_124' title='bbox 174 796 208 823; x_wconf 88' lang='lat' dir='ltr'><strong>ad</strong></span> <span class='ocrx_word' id='word_1_125' title='bbox 240 797 348 832; x_wconf 87' lang='lat' dir='ltr'><strong>ipsum,</strong></span> <span class='ocrx_word' id='word_1_126' title='bbox 376 805 437 832; x_wconf 65' lang='lat' dir='ltr'><strong>quae</strong></span> <span class='ocrx_word' id='word_1_127' title='bbox 463 798 523 833; x_wconf 81' lang='lat' dir='ltr'><strong>ejus</strong></span> <span class='ocrx_word' id='word_1_128' title='bbox 551 802 616 825; x_wconf 87' lang='lat' dir='ltr'><strong>sunt</strong></span> <span class='ocrx_word' id='word_1_129' title='bbox 645 798 684 825; x_wconf 90' lang='lat' dir='ltr'><strong>illi</strong></span> <span class='ocrx_word' id='word_1_130' title='bbox 711 799 879 827; x_wconf 90' lang='lat' dir='ltr'><strong>documento</strong></span> <span class='ocrx_word' id='word_1_131' title='bbox 910 805 967 827; x_wconf 84' lang='lat' dir='ltr'><strong>tra-</strong></span> 
     </span>
    </p>
   </div>
   <div class='ocr_carea' id='block_1_22' title="bbox 175 842 283 869">
    <p class='ocr_par' dir='ltr' id='par_1_22' title="bbox 175 842 283 869">
     <span class='ocr_line' id='line_1_22' title="bbox 175 842 283 869; baseline 0.009 -1"><span class='ocrx_word' id='word_1_132' title='bbox 175 842 283 869; x_wconf 83' lang='lat' dir='ltr'><strong>dentes.</strong></span> 
     </span>
    </p>
   </div>
   <div class='ocr_carea' id='block_1_23' title="bbox 210 888 968 925">
    <p class='ocr_par' dir='ltr' id='par_1_23' title="bbox 210 888 968 925">
     <span class='ocr_line' id='line_1_23' title="bbox 210 888 968 925; baseline 0.007 -10"><span class='ocrx_word' id='word_1_133' title='bbox 210 888 272 915; x_wconf 73' lang='lat'><strong>132.</strong></span> <span class='ocrx_word' id='word_1_134' title='bbox 294 889 375 916; x_wconf 84' lang='lat' dir='ltr'><strong>Velut</strong></span> <span class='ocrx_word' id='word_1_135' title='bbox 399 889 512 924; x_wconf 84' lang='lat' dir='ltr'><strong>quidam</strong></span> <span class='ocrx_word' id='word_1_136' title='bbox 538 897 554 917; x_wconf 87' lang='lat' dir='ltr'><strong>e</strong></span> <span class='ocrx_word' id='word_1_137' title='bbox 576 890 716 925; x_wconf 79' lang='lat' dir='ltr'><strong>profundo</strong></span> <span class='ocrx_word' id='word_1_138' title='bbox 739 900 848 920; x_wconf 86' lang='lat' dir='ltr'><strong>sursum</strong></span> <span class='ocrx_word' id='word_1_139' title='bbox 877 901 968 920; x_wconf 88' lang='lat' dir='ltr'><strong>emcr-</strong></span> 
     </span>
    </p>
   </div>
   <div class='ocr_carea' id='block_1_24' title="bbox 174 935 970 974">
    <p class='ocr_par' dir='ltr' id='par_1_24' title="bbox 174 935 970 974">
     <span class='ocr_line' id='line_1_24' title="bbox 174 935 970 974; baseline 0.008 -13"><span class='ocrx_word' id='word_1_140' title='bbox 174 939 281 969; x_wconf 76' lang='lat' dir='ltr'><strong>geutes,</strong></span> <span class='ocrx_word' id='word_1_141' title='bbox 299 942 341 967; x_wconf 89' lang='lat' dir='ltr'><strong>ac,</strong></span> <span class='ocrx_word' id='word_1_142' title='bbox 363 943 419 971; x_wconf 88' lang='lat' dir='ltr'><strong>quo</strong></span> <span class='ocrx_word' id='word_1_143' title='bbox 439 935 566 970; x_wconf 70' lang='lat' dir='ltr'><strong>adiutore</strong></span> <span class='ocrx_word' id='word_1_144' title='bbox 590 940 714 971; x_wconf 87' lang='lat' dir='ltr'><strong>utantur,</strong></span> <span class='ocrx_word' id='word_1_145' title='bbox 736 947 902 974; x_wconf 85' lang='lat' dir='ltr'><strong>quemquam</strong></span> <span class='ocrx_word' id='word_1_146' title='bbox 923 948 970 974; x_wconf 92' lang='lat' dir='ltr'><strong>ap-</strong></span> 
     </span>
    </p>
   </div>
   <div class='ocr_carea' id='block_1_25' title="bbox 171 981 969 1018">
    <p class='ocr_par' dir='ltr' id='par_1_25' title="bbox 171 981 969 1018">
     <span class='ocr_line' id='line_1_25' title="bbox 171 981 969 1018; baseline 0.009 -11"><span class='ocrx_word' id='word_1_147' title='bbox 171 981 349 1015; x_wconf 81' lang='lat' dir='ltr'><strong>prehendere</strong></span> <span class='ocrx_word' id='word_1_148' title='bbox 372 982 494 1010; x_wconf 88' lang='lat' dir='ltr'><strong>nitentes</strong></span> <span class='ocrx_word' id='word_1_149' title='bbox 507 983 601 1018; x_wconf 86' lang='lat' dir='ltr'><strong>illique</strong></span> <span class='ocrx_word' id='word_1_150' title='bbox 619 984 774 1017; x_wconf 77' lang='lat' dir='ltr'><strong>adhaerere,</strong></span> <span class='ocrx_word' id='word_1_151' title='bbox 791 986 831 1013; x_wconf 85' lang='lat' dir='ltr'><strong>sic</strong></span> <span class='ocrx_word' id='word_1_152' title='bbox 847 986 924 1013; x_wconf 56' lang='lat' dir='ltr'><strong>malm</strong></span> <span class='ocrx_word' id='word_1_153' title='bbox 940 995 969 1014; x_wconf 89' lang='lat' dir='ltr'><strong>se</strong></span> 
     </span>
    </p>
   </div>
   <div class='ocr_carea' id='block_1_26' title="bbox 174 1027 969 1069">
    <p class='ocr_par' dir='ltr' id='par_1_26' title="bbox 174 1027 969 1069">
     <span class='ocr_line' id='line_1_26' title="bbox 174 1027 969 1069; baseline 0.009 -16"><span class='ocrx_word' id='word_1_154' title='bbox 174 1027 354 1063; x_wconf 80' lang='lat' dir='ltr'><strong>cogitationes</strong></span> <span class='ocrx_word' id='word_1_155' title='bbox 367 1028 522 1061; x_wconf 87' lang='lat' dir='ltr'><strong>habebunt,</strong></span> <span class='ocrx_word' id='word_1_156' title='bbox 536 1029 602 1056; x_wconf 89' lang='lat' dir='ltr'><strong>dum</strong></span> <span class='ocrx_word' id='word_1_157' title='bbox 617 1030 684 1057; x_wconf 82' lang='lat' dir='ltr'><strong>ratis</strong></span> <span class='ocrx_word' id='word_1_158' title='bbox 697 1031 722 1058; x_wconf 89' lang='lat' dir='ltr'><strong>in</strong></span> <span class='ocrx_word' id='word_1_159' title='bbox 739 1032 863 1064; x_wconf 87' lang='lat' dir='ltr'><strong>modum,</strong></span> <span class='ocrx_word' id='word_1_160' title='bbox 878 1032 969 1069; x_wconf 77' lang='lat' dir='ltr'><strong>lacry-</strong></span> 
     </span>
    </p>
   </div>
   <div class='ocr_carea' id='block_1_27' title="bbox 174 1072 882 1110">
    <p class='ocr_par' dir='ltr' id='par_1_27' title="bbox 174 1072 882 1110">
     <span class='ocr_line' id='line_1_27' title="bbox 174 1072 882 1110; baseline 0.01 -12"><span class='ocrx_word' id='word_1_161' title='bbox 174 1080 282 1099; x_wconf 87' lang='lat' dir='ltr'><strong>marum</strong></span> <span class='ocrx_word' id='word_1_162' title='bbox 299 1072 405 1100; x_wconf 88' lang='lat' dir='ltr'><strong>diluvio</strong></span> <span class='ocrx_word' id='word_1_163' title='bbox 423 1073 522 1101; x_wconf 87' lang='lat' dir='ltr'><strong>vitium</strong></span> <span class='ocrx_word' id='word_1_164' title='bbox 539 1074 566 1103; x_wconf 92' lang='lat' dir='ltr'><strong>in</strong></span> <span class='ocrx_word' id='word_1_165' title='bbox 584 1075 741 1110; x_wconf 91' lang='lat' dir='ltr'><strong>periculum</strong></span> <span class='ocrx_word' id='word_1_166' title='bbox 756 1082 882 1105; x_wconf 87' lang='lat' dir='ltr'><strong>vocatur.</strong></span> 
     </span>
    </p>
   </div>
   <div class='ocr_carea' id='block_1_28' title="bbox 211 1118 970 1159">
    <p class='ocr_par' dir='ltr' id='par_1_28' title="bbox 211 1118 970 1159">
     <span class='ocr_line' id='line_1_28' title="bbox 211 1118 970 1159; baseline 0.008 -14"><span class='ocrx_word' id='word_1_167' title='bbox 211 1118 271 1145; x_wconf 77' lang='lat'><strong>153.</strong></span> <span class='ocrx_word' id='word_1_168' title='bbox 294 1118 348 1146; x_wconf 88' lang='lat' dir='ltr'><strong>Pro</strong></span> <span class='ocrx_word' id='word_1_169' title='bbox 365 1119 490 1154; x_wconf 87' lang='lat' dir='ltr'><strong>subjecta</strong></span> <span class='ocrx_word' id='word_1_170' title='bbox 511 1120 596 1147; x_wconf 89' lang='lat' dir='ltr'><strong>animi</strong></span> <span class='ocrx_word' id='word_1_171' title='bbox 616 1121 762 1156; x_wconf 86' lang='lat' dir='ltr'><strong>qualitate,</strong></span> <span class='ocrx_word' id='word_1_172' title='bbox 777 1123 831 1156; x_wconf 84' lang='lat' dir='ltr'><strong>vel,</strong></span> <span class='ocrx_word' id='word_1_173' title='bbox 853 1127 883 1150; x_wconf 89' lang='lat' dir='ltr'><strong>ut</strong></span> <span class='ocrx_word' id='word_1_174' title='bbox 896 1124 970 1159; x_wconf 90' lang='lat' dir='ltr'><strong>pira-</strong></span> 
     </span>
    </p>
   </div>
   <div class='ocr_carea' id='block_1_29' title="bbox 174 1165 970 1203">
    <p class='ocr_par' dir='ltr' id='par_1_29' title="bbox 174 1165 970 1203">
     <span class='ocr_line' id='line_1_29' title="bbox 174 1165 970 1203; baseline 0.009 -13"><span class='ocrx_word' id='word_1_175' title='bbox 174 1167 267 1191; x_wconf 81' lang='lat' dir='ltr'><strong>tarum</strong></span> <span class='ocrx_word' id='word_1_176' title='bbox 298 1171 375 1192; x_wconf 84' lang='lat' dir='ltr'><strong>more</strong></span> <span class='ocrx_word' id='word_1_177' title='bbox 403 1165 493 1200; x_wconf 76' lang='lat' dir='ltr'><strong>pelagi</strong></span> <span class='ocrx_word' id='word_1_178' title='bbox 519 1166 659 1200; x_wconf 81' lang='lat' dir='ltr'><strong>profundo</strong></span> <span class='ocrx_word' id='word_1_179' title='bbox 685 1174 826 1203; x_wconf 82' lang='lat' dir='ltr'><strong>mergant,</strong></span> <span class='ocrx_word' id='word_1_180' title='bbox 852 1170 912 1202; x_wconf 86' lang='lat' dir='ltr'><strong>vel,</strong></span> <span class='ocrx_word' id='word_1_181' title='bbox 940 1175 970 1198; x_wconf 89' lang='lat' dir='ltr'><strong>ut</strong></span> 
     </span>
    </p>
   </div>
   <div class='ocr_carea' id='block_1_30' title="bbox 175 1209 970 1250">
    <p class='ocr_par' dir='ltr' id='par_1_30' title="bbox 175 1209 970 1250">
     <span class='ocr_line' id='line_1_30' title="bbox 175 1209 970 1250; baseline 0.009 -14"><span class='ocrx_word' id='word_1_182' title='bbox 175 1209 264 1238; x_wconf 82' lang='lat' dir='ltr'><strong>instar</strong></span> <span class='ocrx_word' id='word_1_183' title='bbox 287 1210 421 1246; x_wconf 79' lang='lat' dir='ltr'><strong>remigum</strong></span> <span class='ocrx_word' id='word_1_184' title='bbox 446 1211 586 1240; x_wconf 86' lang='lat' dir='ltr'><strong>laboranti</strong></span> <span class='ocrx_word' id='word_1_185' title='bbox 609 1213 694 1241; x_wconf 87' lang='lat' dir='ltr'><strong>maris</strong></span> <span class='ocrx_word' id='word_1_186' title='bbox 717 1215 841 1249; x_wconf 90' lang='lat' dir='ltr'><strong>periculo</strong></span> <span class='ocrx_word' id='word_1_187' title='bbox 863 1215 970 1250; x_wconf 88' lang='lat' dir='ltr'><strong>pariter</strong></span> 
     </span>
    </p>
   </div>
   <div class='ocr_carea' id='block_1_31' title="bbox 175 1256 970 1296">
    <p class='ocr_par' dir='ltr' id='par_1_31' title="bbox 175 1256 970 1296">
     <span class='ocr_line' id='line_1_31' title="bbox 175 1256 970 1296; baseline 0.009 -13"><span class='ocrx_word' id='word_1_188' title='bbox 175 1263 256 1291; x_wconf 89' lang='lat' dir='ltr'><strong>opem</strong></span> <span class='ocrx_word' id='word_1_189' title='bbox 275 1256 376 1290; x_wconf 82' lang='lat' dir='ltr'><strong>ferant,</strong></span> <span class='ocrx_word' id='word_1_190' title='bbox 395 1257 469 1285; x_wconf 89' lang='lat' dir='ltr'><strong>circa</strong></span> <span class='ocrx_word' id='word_1_191' title='bbox 488 1266 553 1286; x_wconf 91' lang='lat' dir='ltr'><strong>eum</strong></span> <span class='ocrx_word' id='word_1_192' title='bbox 574 1264 711 1295; x_wconf 80' lang='lat' dir='ltr'><strong>coguntur</strong></span> <span class='ocrx_word' id='word_1_193' title='bbox 735 1261 917 1296; x_wconf 79' lang='lat' dir='ltr'><strong>cogitationes</strong></span> <span class='ocrx_word' id='word_1_194' title='bbox 937 1270 970 1290; x_wconf 90' lang='lat' dir='ltr'><strong>ac</strong></span> 
     </span>
    </p>
   </div>
   <div class='ocr_carea' id='block_1_32' title="bbox 175 1303 971 1342">
    <p class='ocr_par' dir='ltr' id='par_1_32' title="bbox 175 1303 971 1342">
     <span class='ocr_line' id='line_1_32' title="bbox 175 1303 971 1342; baseline 0.008 -13"><span class='ocrx_word' id='word_1_195' title='bbox 175 1303 314 1336; x_wconf 80' lang='lat' dir='ltr'><strong>rationes;</strong></span> <span class='ocrx_word' id='word_1_196' title='bbox 337 1304 397 1337; x_wconf 65' lang='lat' dir='ltr'><strong>alia:</strong></span> <span class='ocrx_word' id='word_1_197' title='bbox 419 1304 532 1339; x_wconf 85' lang='lat' dir='ltr'><strong>quidem</strong></span> <span class='ocrx_word' id='word_1_198' title='bbox 556 1305 586 1333; x_wconf 93' lang='lat' dir='ltr'><strong>in</strong></span> <span class='ocrx_word' id='word_1_199' title='bbox 609 1306 724 1342; x_wconf 78' lang='lat' dir='ltr'><strong>pelagus</strong></span> <span class='ocrx_word' id='word_1_200' title='bbox 749 1307 889 1335; x_wconf 83' lang='lat' dir='ltr'><strong>trahentes</strong></span> <span class='ocrx_word' id='word_1_201' title='bbox 913 1312 971 1334; x_wconf 89' lang='lat' dir='ltr'><strong>tur-</strong></span> 
     </span>
    </p>
   </div>
   <div class='ocr_carea' id='block_1_33' title="bbox 175 1349 969 1388">
    <p class='ocr_par' dir='ltr' id='par_1_33' title="bbox 175 1349 969 1388">
     <span class='ocr_line' id='line_1_33' title="bbox 175 1349 969 1388; baseline 0.008 -13"><span class='ocrx_word' id='word_1_202' title='bbox 175 1349 252 1383; x_wconf 87' lang='lat' dir='ltr'><strong>pium</strong></span> <span class='ocrx_word' id='word_1_203' title='bbox 281 1349 497 1385; x_wconf 79' lang='lat' dir='ltr'><strong>cogitationum;</strong></span> <span class='ocrx_word' id='word_1_204' title='bbox 525 1351 586 1379; x_wconf 74' lang='lat' dir='ltr'><strong>alice</strong></span> <span class='ocrx_word' id='word_1_205' title='bbox 615 1359 681 1379; x_wconf 87' lang='lat' dir='ltr'><strong>vero</strong></span> <span class='ocrx_word' id='word_1_206' title='bbox 709 1353 861 1388; x_wconf 79' lang='lat' dir='ltr'><strong>proximam</strong></span> <span class='ocrx_word' id='word_1_207' title='bbox 892 1360 969 1381; x_wconf 89' lang='lat' dir='ltr'><strong>oram</strong></span> 
     </span>
    </p>
   </div>
   <div class='ocr_carea' id='block_1_34' title="bbox 174 1394 969 1434">
    <p class='ocr_par' dir='ltr' id='par_1_34' title="bbox 174 1394 969 1434">
     <span class='ocr_line' id='line_1_34' title="bbox 174 1394 969 1434; baseline 0.005 -12"><span class='ocrx_word' id='word_1_208' title='bbox 174 1394 309 1430; x_wconf 77' lang='lat' dir='ltr'><strong>legentes,</strong></span> <span class='ocrx_word' id='word_1_209' title='bbox 331 1400 362 1424; x_wconf 87' lang='lat' dir='ltr'><strong>ut</strong></span> <span class='ocrx_word' id='word_1_210' title='bbox 381 1395 416 1423; x_wconf 91' lang='lat' dir='ltr'><strong>ad</strong></span> <span class='ocrx_word' id='word_1_211' title='bbox 441 1397 590 1432; x_wconf 86' lang='lat' dir='ltr'><strong>tranquilla</strong></span> <span class='ocrx_word' id='word_1_212' title='bbox 610 1402 730 1426; x_wconf 87' lang='lat' dir='ltr'><strong>mentem</strong></span> <span class='ocrx_word' id='word_1_213' title='bbox 754 1398 847 1426; x_wconf 88' lang='lat' dir='ltr'><strong>littora</strong></span> <span class='ocrx_word' id='word_1_214' title='bbox 868 1398 969 1434; x_wconf 85' lang='lat' dir='ltr'><strong>impel-</strong></span> 
     </span>
    </p>
   </div>
   <div class='ocr_carea' id='block_1_35' title="bbox 175 1441 241 1470">
    <p class='ocr_par' dir='ltr' id='par_1_35' title="bbox 175 1441 241 1470">
     <span class='ocr_line' id='line_1_35' title="bbox 175 1441 241 1470; baseline 0 -1"><span class='ocrx_word' id='word_1_215' title='bbox 175 1441 241 1470; x_wconf 86' lang='lat' dir='ltr'><strong>lant.</strong></span> 
     </span>
    </p>
   </div>
   <div class='ocr_carea' id='block_1_36' title="bbox 211 1487 968 1526">
    <p class='ocr_par' dir='ltr' id='par_1_36' title="bbox 211 1487 968 1526">
     <span class='ocr_line' id='line_1_36' title="bbox 211 1487 968 1526; baseline 0.005 -12"><span class='ocrx_word' id='word_1_216' title='bbox 211 1487 273 1514; x_wconf 76' lang='lat'><strong>13.1.</strong></span> <span class='ocrx_word' id='word_1_217' title='bbox 295 1487 449 1523; x_wconf 81' lang='lat' dir='ltr'><strong>Septimum</strong></span> <span class='ocrx_word' id='word_1_218' title='bbox 467 1489 557 1517; x_wconf 86' lang='lat' dir='ltr'><strong>inanis</strong></span> <span class='ocrx_word' id='word_1_219' title='bbox 573 1490 668 1525; x_wconf 65' lang='lat' dir='ltr'><strong>gloriae</strong></span> <span class='ocrx_word' id='word_1_220' title='bbox 684 1490 794 1523; x_wconf 89' lang='lat' dir='ltr'><strong>vitium,</strong></span> <span class='ocrx_word' id='word_1_221' title='bbox 807 1490 855 1526; x_wconf 91' lang='lat' dir='ltr'><strong>qui</strong></span> <span class='ocrx_word' id='word_1_222' title='bbox 872 1495 902 1518; x_wconf 86' lang='lat' dir='ltr'><strong>ut</strong></span> <span class='ocrx_word' id='word_1_223' title='bbox 919 1499 968 1518; x_wconf 85' lang='lat' dir='ltr'><strong>ex—</strong></span> 
     </span>
    </p>
   </div>
   <div class='ocr_carea' id='block_1_37' title="bbox 176 1534 970 1569">
    <p class='ocr_par' dir='ltr' id='par_1_37' title="bbox 176 1534 970 1569">
     <span class='ocr_line' id='line_1_37' title="bbox 176 1534 970 1569; baseline 0.001 -7"><span class='ocrx_word' id='word_1_224' title='bbox 176 1539 293 1562; x_wconf 89' lang='lat' dir='ltr'><strong>tremam</strong></span> <span class='ocrx_word' id='word_1_225' title='bbox 317 1534 439 1562; x_wconf 84' lang='lat' dir='ltr'><strong>tunicam</strong></span> <span class='ocrx_word' id='word_1_226' title='bbox 462 1540 592 1563; x_wconf 85' lang='lat' dir='ltr'><strong>excutere</strong></span> <span class='ocrx_word' id='word_1_227' title='bbox 614 1536 680 1564; x_wconf 89' lang='lat' dir='ltr'><strong>velit</strong></span> <span class='ocrx_word' id='word_1_228' title='bbox 701 1537 821 1569; x_wconf 90' lang='lat' dir='ltr'><strong>animus,</strong></span> <span class='ocrx_word' id='word_1_229' title='bbox 844 1536 898 1564; x_wconf 91' lang='lat' dir='ltr'><strong>nisi</strong></span> <span class='ocrx_word' id='word_1_230' title='bbox 921 1536 970 1563; x_wconf 92' lang='lat' dir='ltr'><strong>illo</strong></span> 
     </span>
    </p>
   </div>
   <div class='ocr_carea' id='block_1_38' title="bbox 175 1580 970 1617">
    <p class='ocr_par' dir='ltr' id='par_1_38' title="bbox 175 1580 970 1617">
     <span class='ocr_line' id='line_1_38' title="bbox 175 1580 970 1617; baseline 0.003 -10"><span class='ocrx_word' id='word_1_231' title='bbox 175 1580 320 1615; x_wconf 84' lang='lat' dir='ltr'><strong>superiora</strong></span> <span class='ocrx_word' id='word_1_232' title='bbox 342 1581 467 1613; x_wconf 80' lang='lat' dir='ltr'><strong>exuerit,</strong></span> <span class='ocrx_word' id='word_1_233' title='bbox 493 1581 568 1608; x_wconf 90' lang='lat' dir='ltr'><strong>haud</strong></span> <span class='ocrx_word' id='word_1_234' title='bbox 591 1581 678 1616; x_wconf 88' lang='lat' dir='ltr'><strong>possit</strong></span> <span class='ocrx_word' id='word_1_235' title='bbox 701 1586 826 1609; x_wconf 85' lang='lat' dir='ltr'><strong>octavam</strong></span> <span class='ocrx_word' id='word_1_236' title='bbox 848 1586 970 1617; x_wconf 86' lang='lat' dir='ltr'><strong>postmo-</strong></span> 
     </span>
    </p>
   </div>
   <div class='ocr_carea' id='block_1_39' title="bbox 176 1625 969 1662">
    <p class='ocr_par' dir='ltr' id='par_1_39' title="bbox 176 1625 969 1662">
     <span class='ocr_line' id='line_1_39' title="bbox 176 1625 969 1662; baseline 0.004 -11"><span class='ocrx_word' id='word_1_237' title='bbox 176 1625 242 1652; x_wconf 87' lang='lat' dir='ltr'><strong>dum</strong></span> <span class='ocrx_word' id='word_1_238' title='bbox 253 1625 456 1660; x_wconf 88' lang='lat' dir='ltr'><strong>superinduere</strong></span> <span class='ocrx_word' id='word_1_239' title='bbox 470 1626 678 1662; x_wconf 75' lang='lat' dir='ltr'><strong>cogitationem,</strong></span> <span class='ocrx_word' id='word_1_240' title='bbox 694 1635 776 1662; x_wconf 89' lang='lat' dir='ltr'><strong>quam</strong></span> <span class='ocrx_word' id='word_1_241' title='bbox 790 1632 817 1654; x_wconf 87' lang='lat' dir='ltr'><strong>et</strong></span> <span class='ocrx_word' id='word_1_242' title='bbox 828 1628 969 1656; x_wconf 70' lang='lat' dir='ltr'><strong>cmlestein</strong></span> 
     </span>
    </p>
   </div>
   <div class='ocr_carea' id='block_1_40' title="bbox 177 1671 970 1708">
    <p class='ocr_par' dir='ltr' id='par_1_40' title="bbox 177 1671 970 1708">
     <span class='ocr_line' id='line_1_40' title="bbox 177 1671 970 1708; baseline 0.004 -10"><span class='ocrx_word' id='word_1_243' title='bbox 177 1671 377 1699; x_wconf 88' lang='lat' dir='ltr'><strong>habitationem</strong></span> <span class='ocrx_word' id='word_1_244' title='bbox 392 1679 493 1700; x_wconf 86' lang='lat' dir='ltr'><strong>vocare</strong></span> <span class='ocrx_word' id='word_1_245' title='bbox 510 1673 588 1700; x_wconf 87' lang='lat' dir='ltr'><strong>novit</strong></span> <span class='ocrx_word' id='word_1_246' title='bbox 598 1673 710 1700; x_wconf 88' lang='lat' dir='ltr'><strong>divinus</strong></span> <span class='ocrx_word' id='word_1_247' title='bbox 725 1673 874 1708; x_wconf 80' lang='lat' dir='ltr'><strong>Apostolus</strong></span> <span class='ocrx_word' id='word_1_248' title='bbox 891 1674 924 1706; x_wconf 77' lang='lat'><strong>&quot;,</strong></span> <span class='ocrx_word' id='word_1_249' title='bbox 938 1681 970 1701; x_wconf 88' lang='lat' dir='ltr'><strong>ac</strong></span> 
     </span>
    </p>
   </div>
   <div class='ocr_carea' id='block_1_41' title="bbox 177 1718 970 1756">
    <p class='ocr_par' dir='ltr' id='par_1_41' title="bbox 177 1718 970 1756">
     <span class='ocr_line' id='line_1_41' title="bbox 177 1718 970 1756; baseline 0.004 -11"><span class='ocrx_word' id='word_1_250' title='bbox 177 1726 225 1753; x_wconf 89' lang='lat' dir='ltr'><strong>per</strong></span> <span class='ocrx_word' id='word_1_251' title='bbox 250 1718 370 1753; x_wconf 83' lang='lat' dir='ltr'><strong>gemitus</strong></span> <span class='ocrx_word' id='word_1_252' title='bbox 397 1726 461 1746; x_wconf 90' lang='lat' dir='ltr'><strong>eum</strong></span> <span class='ocrx_word' id='word_1_253' title='bbox 486 1719 703 1754; x_wconf 87' lang='lat' dir='ltr'><strong>superinduere,</strong></span> <span class='ocrx_word' id='word_1_254' title='bbox 730 1719 778 1755; x_wconf 88' lang='lat' dir='ltr'><strong>qui</strong></span> <span class='ocrx_word' id='word_1_255' title='bbox 802 1720 863 1756; x_wconf 85' lang='lat' dir='ltr'><strong>ejus</strong></span> <span class='ocrx_word' id='word_1_256' title='bbox 886 1727 970 1748; x_wconf 87' lang='lat' dir='ltr'><strong>causa</strong></span> 
     </span>
    </p>
   </div>
   <div class='ocr_carea' id='block_1_42' title="bbox 177 1764 550 1797">
    <p class='ocr_par' dir='ltr' id='par_1_42' title="bbox 177 1764 550 1797">
     <span class='ocr_line' id='line_1_42' title="bbox 177 1764 550 1797; baseline 0 -5"><span class='ocrx_word' id='word_1_257' title='bbox 177 1764 296 1793; x_wconf 83' lang='lat' dir='ltr'><strong>terrenis</strong></span> <span class='ocrx_word' id='word_1_258' title='bbox 312 1765 380 1793; x_wconf 92' lang='lat' dir='ltr'><strong>nudi</strong></span> <span class='ocrx_word' id='word_1_259' title='bbox 399 1766 550 1797; x_wconf 64' lang='lat' dir='ltr'><strong>exsistant.</strong></span> 
     </span>
    </p>
   </div>
   <div class='ocr_carea' id='block_1_43' title="bbox 211 1811 969 1847">
    <p class='ocr_par' dir='ltr' id='par_1_43' title="bbox 211 1811 969 1847">
     <span class='ocr_line' id='line_1_43' title="bbox 211 1811 969 1847; baseline 0.001 -8"><span class='ocrx_word' id='word_1_260' title='bbox 211 1811 273 1839; x_wconf 81' lang='lat'><strong>155.</strong></span> <span class='ocrx_word' id='word_1_261' title='bbox 292 1811 426 1840; x_wconf 70' lang='lat' dir='ltr'><strong>Perfecta:</strong></span> <span class='ocrx_word' id='word_1_262' title='bbox 441 1811 559 1839; x_wconf 80' lang='lat' dir='ltr'><strong>orationi</strong></span> <span class='ocrx_word' id='word_1_263' title='bbox 574 1811 658 1847; x_wconf 74' lang='lat' dir='ltr'><strong>obiici</strong></span> <span class='ocrx_word' id='word_1_264' title='bbox 672 1812 762 1840; x_wconf 88' lang='lat' dir='ltr'><strong>solent</strong></span> <span class='ocrx_word' id='word_1_265' title='bbox 777 1811 969 1847; x_wconf 81' lang='lat' dir='ltr'><strong>cogitationes,</strong></span> 
     </span>
    </p>
   </div>
   <div class='ocr_carea' id='block_1_44' title="bbox 175 1854 972 1890">
    <p class='ocr_par' dir='ltr' id='par_1_44' title="bbox 175 1854 972 1890">
     <span class='ocr_line' id='line_1_44' title="bbox 175 1854 972 1890; baseline 0.005 -9"><span class='ocrx_word' id='word_1_266' title='bbox 175 1854 282 1890; x_wconf 84' lang='lat' dir='ltr'><strong>angeli;</strong></span> <span class='ocrx_word' id='word_1_267' title='bbox 314 1855 430 1887; x_wconf 80' lang='lat' dir='ltr'><strong>mediae,</strong></span> <span class='ocrx_word' id='word_1_268' title='bbox 453 1855 608 1890; x_wconf 86' lang='lat' dir='ltr'><strong>spiritales;</strong></span> <span class='ocrx_word' id='word_1_269' title='bbox 641 1857 867 1890; x_wconf 74' lang='lat' dir='ltr'><strong>rudimentarize,</strong></span> <span class='ocrx_word' id='word_1_270' title='bbox 890 1861 972 1885; x_wconf 90' lang='lat' dir='ltr'><strong>natu-</strong></span> 
     </span>
    </p>
   </div>
   <div class='ocr_carea' id='block_1_45' title="bbox 177 1901 261 1928">
    <p class='ocr_par' dir='ltr' id='par_1_45' title="bbox 177 1901 261 1928">
     <span class='ocr_line' id='line_1_45' title="bbox 177 1901 261 1928; baseline 0 0"><span class='ocrx_word' id='word_1_271' title='bbox 177 1901 261 1928; x_wconf 86' lang='lat' dir='ltr'><strong>rales.</strong></span> 
     </span>
    </p>
   </div>
   <div class='ocr_carea' id='block_1_46' title="bbox 207 1946 971 1985">
    <p class='ocr_par' dir='ltr' id='par_1_46' title="bbox 207 1946 971 1985">
     <span class='ocr_line' id='line_1_46' title="bbox 207 1946 971 1985; baseline 0.004 -11"><span class='ocrx_word' id='word_1_272' title='bbox 207 1946 274 1974; x_wconf 63' lang='lat'><strong>.156.</strong></span> <span class='ocrx_word' id='word_1_273' title='bbox 292 1946 530 1981; x_wconf 85' lang='lat' dir='ltr'><strong>Quemadmodum</strong></span> <span class='ocrx_word' id='word_1_274' title='bbox 549 1949 627 1984; x_wconf 82' lang='lat' dir='ltr'><strong>grani</strong></span> <span class='ocrx_word' id='word_1_275' title='bbox 646 1957 780 1985; x_wconf 79' lang='lat' dir='ltr'><strong>generosa</strong></span> <span class='ocrx_word' id='word_1_276' title='bbox 794 1949 837 1977; x_wconf 87' lang='lat' dir='ltr'><strong>vis</strong></span> <span class='ocrx_word' id='word_1_277' title='bbox 853 1957 901 1985; x_wconf 90' lang='lat' dir='ltr'><strong>per</strong></span> <span class='ocrx_word' id='word_1_278' title='bbox 917 1950 971 1985; x_wconf 87' lang='lat' dir='ltr'><strong>spi-</strong></span> 
     </span>
    </p>
   </div>
   <div class='ocr_carea' id='block_1_47' title="bbox 176 1992 971 2030">
    <p class='ocr_par' dir='ltr' id='par_1_47' title="bbox 176 1992 971 2030">
     <span class='ocr_line' id='line_1_47' title="bbox 176 1992 971 2030; baseline 0.004 -11"><span class='ocrx_word' id='word_1_279' title='bbox 176 1999 236 2020; x_wconf 85' lang='lat' dir='ltr'><strong>cam</strong></span> <span class='ocrx_word' id='word_1_280' title='bbox 258 1992 429 2020; x_wconf 83' lang='lat' dir='ltr'><strong>manifestari</strong></span> <span class='ocrx_word' id='word_1_281' title='bbox 448 1994 528 2026; x_wconf 84' lang='lat' dir='ltr'><strong>solet,</strong></span> <span class='ocrx_word' id='word_1_282' title='bbox 552 1994 593 2021; x_wconf 88' lang='lat' dir='ltr'><strong>sic</strong></span> <span class='ocrx_word' id='word_1_283' title='bbox 609 1998 638 2022; x_wconf 86' lang='lat' dir='ltr'><strong>et</strong></span> <span class='ocrx_word' id='word_1_284' title='bbox 661 1995 904 2030; x_wconf 84' lang='lat' dir='ltr'><strong>contemplationis</strong></span> <span class='ocrx_word' id='word_1_285' title='bbox 924 2003 971 2022; x_wconf 88' lang='lat' dir='ltr'><strong>ve-</strong></span> 
     </span>
    </p>
   </div>
   <div class='ocr_carea' id='block_1_48' title="bbox 176 2038 970 2075">
    <p class='ocr_par' dir='ltr' id='par_1_48' title="bbox 176 2038 970 2075">
     <span class='ocr_line' id='line_1_48' title="bbox 176 2038 970 2075; baseline 0.004 -10"><span class='ocrx_word' id='word_1_286' title='bbox 176 2038 245 2065; x_wconf 89' lang='lat' dir='ltr'><strong>ritas</strong></span> <span class='ocrx_word' id='word_1_287' title='bbox 257 2046 307 2073; x_wconf 92' lang='lat' dir='ltr'><strong>per</strong></span> <span class='ocrx_word' id='word_1_288' title='bbox 320 2039 486 2066; x_wconf 86' lang='lat' dir='ltr'><strong>orationem.</strong></span> <span class='ocrx_word' id='word_1_289' title='bbox 503 2039 542 2067; x_wconf 90' lang='lat' dir='ltr'><strong>Ac</strong></span> <span class='ocrx_word' id='word_1_290' title='bbox 559 2040 632 2074; x_wconf 87' lang='lat' dir='ltr'><strong>spica</strong></span> <span class='ocrx_word' id='word_1_291' title='bbox 648 2040 760 2075; x_wconf 88' lang='lat' dir='ltr'><strong>quidem</strong></span> <span class='ocrx_word' id='word_1_292' title='bbox 777 2041 851 2068; x_wconf 76' lang='lat' dir='ltr'><strong>lvelut</strong></span> <span class='ocrx_word' id='word_1_293' title='bbox 866 2046 970 2068; x_wconf 85' lang='lat' dir='ltr'><strong>armata</strong></span> 
     </span>
    </p>
   </div>
   <div class='ocr_carea' id='block_1_49' title="bbox 176 2083 970 2121">
    <p class='ocr_par' dir='ltr' id='par_1_49' title="bbox 176 2083 970 2121">
     <span class='ocr_line' id='line_1_49' title="bbox 176 2083 970 2121; baseline 0.006 -12"><span class='ocrx_word' id='word_1_294' title='bbox 176 2083 301 2118; x_wconf 73' lang='lat' dir='ltr'><strong>quaedam</strong></span> <span class='ocrx_word' id='word_1_295' title='bbox 326 2085 432 2120; x_wconf 89' lang='lat' dir='ltr'><strong>spicula</strong></span> <span class='ocrx_word' id='word_1_296' title='bbox 454 2085 559 2113; x_wconf 90' lang='lat' dir='ltr'><strong>circum</strong></span> <span class='ocrx_word' id='word_1_297' title='bbox 583 2086 682 2113; x_wconf 83' lang='lat' dir='ltr'><strong>aristas</strong></span> <span class='ocrx_word' id='word_1_298' title='bbox 706 2085 800 2118; x_wconf 88' lang='lat' dir='ltr'><strong>habet,</strong></span> <span class='ocrx_word' id='word_1_299' title='bbox 821 2094 883 2121; x_wconf 73' lang='lat' dir='ltr'><strong>qua:</strong></span> <span class='ocrx_word' id='word_1_300' title='bbox 904 2094 970 2114; x_wconf 84' lang='lat' dir='ltr'><strong>aves</strong></span> 
     </span>
    </p>
   </div>
   <div class='ocr_carea' id='block_1_50' title="bbox 176 2131 969 2168">
    <p class='ocr_par' dir='ltr' id='par_1_50' title="bbox 176 2131 969 2168">
     <span class='ocr_line' id='line_1_50' title="bbox 176 2131 969 2168; baseline 0.003 -11"><span class='ocrx_word' id='word_1_301' title='bbox 176 2131 281 2159; x_wconf 82' lang='lat' dir='ltr'><strong>semina</strong></span> <span class='ocrx_word' id='word_1_302' title='bbox 306 2131 430 2167; x_wconf 81' lang='lat' dir='ltr'><strong>legentes</strong></span> <span class='ocrx_word' id='word_1_303' title='bbox 454 2137 584 2166; x_wconf 88' lang='lat' dir='ltr'><strong>arceant;</strong></span> <span class='ocrx_word' id='word_1_304' title='bbox 604 2133 693 2161; x_wconf 89' lang='lat' dir='ltr'><strong>oratio</strong></span> <span class='ocrx_word' id='word_1_305' title='bbox 713 2141 779 2160; x_wconf 92' lang='lat' dir='ltr'><strong>vero</strong></span> <span class='ocrx_word' id='word_1_306' title='bbox 798 2140 845 2160; x_wconf 87' lang='lat' dir='ltr'><strong>eas</strong></span> <span class='ocrx_word' id='word_1_307' title='bbox 866 2132 969 2168; x_wconf 77' lang='lat' dir='ltr'><strong>cogita-</strong></span> 
     </span>
    </p>
   </div>
   <div class='ocr_carea' id='block_1_51' title="bbox 176 2176 970 2213">
    <p class='ocr_par' dir='ltr' id='par_1_51' title="bbox 176 2176 970 2213">
     <span class='ocr_line' id='line_1_51' title="bbox 176 2176 970 2213; baseline 0.003 -9"><span class='ocrx_word' id='word_1_308' title='bbox 176 2176 267 2205; x_wconf 83' lang='lat' dir='ltr'><strong>tiones</strong></span> <span class='ocrx_word' id='word_1_309' title='bbox 280 2186 342 2212; x_wconf 70' lang='lat' dir='ltr'><strong>qua:</strong></span> <span class='ocrx_word' id='word_1_310' title='bbox 360 2178 591 2213; x_wconf 86' lang='lat' dir='ltr'><strong>philosophantur</strong></span> <span class='ocrx_word' id='word_1_311' title='bbox 607 2179 634 2206; x_wconf 94' lang='lat' dir='ltr'><strong>in</strong></span> <span class='ocrx_word' id='word_1_312' title='bbox 651 2178 861 2211; x_wconf 89' lang='lat' dir='ltr'><strong>tentationibus,</strong></span> <span class='ocrx_word' id='word_1_313' title='bbox 876 2184 906 2206; x_wconf 88' lang='lat' dir='ltr'><strong>ut</strong></span> <span class='ocrx_word' id='word_1_314' title='bbox 921 2179 970 2206; x_wconf 89' lang='lat' dir='ltr'><strong>ad-</strong></span> 
     </span>
    </p>
   </div>
   <div class='ocr_carea' id='block_1_52' title="bbox 175 2224 512 2251">
    <p class='ocr_par' dir='ltr' id='par_1_52' title="bbox 175 2224 512 2251">
     <span class='ocr_line' id='line_1_52' title="bbox 175 2224 512 2251; baseline 0.006 -3"><span class='ocrx_word' id='word_1_315' title='bbox 175 2227 321 2251; x_wconf 77' lang='lat' dir='ltr'><strong>versantes</strong></span> <span class='ocrx_word' id='word_1_316' title='bbox 339 2224 512 2250; x_wconf 88' lang='lat' dir='ltr'><strong>interimant.</strong></span> 
     </span>
    </p>
   </div>
   <div class='ocr_carea' id='block_1_53' title="bbox 213 2269 970 2305">
    <p class='ocr_par' dir='ltr' id='par_1_53' title="bbox 213 2269 970 2305">
     <span class='ocr_line' id='line_1_53' title="bbox 213 2269 970 2305; baseline 0.003 -9"><span class='ocrx_word' id='word_1_317' title='bbox 213 2269 275 2297; x_wconf 80' lang='lat'><strong>157.</strong></span> <span class='ocrx_word' id='word_1_318' title='bbox 293 2269 359 2303; x_wconf 65' lang='lat' dir='ltr'><strong>Qua:</strong></span> <span class='ocrx_word' id='word_1_319' title='bbox 380 2270 464 2296; x_wconf 88' lang='lat' dir='ltr'><strong>animi</strong></span> <span class='ocrx_word' id='word_1_320' title='bbox 484 2270 574 2298; x_wconf 90' lang='lat' dir='ltr'><strong>oculis</strong></span> <span class='ocrx_word' id='word_1_321' title='bbox 599 2270 749 2305; x_wconf 89' lang='lat' dir='ltr'><strong>conspicua</strong></span> <span class='ocrx_word' id='word_1_322' title='bbox 767 2275 832 2298; x_wconf 87' lang='lat' dir='ltr'><strong>sunt</strong></span> <span class='ocrx_word' id='word_1_323' title='bbox 850 2271 970 2305; x_wconf 88' lang='lat' dir='ltr'><strong>(actione</strong></span> 
     </span>
    </p>
   </div>
   <div class='ocr_carea' id='block_1_54' title="bbox 176 2315 968 2352">
    <p class='ocr_par' dir='ltr' id='par_1_54' title="bbox 176 2315 968 2352">
     <span class='ocr_line' id='line_1_54' title="bbox 176 2315 968 2352; baseline 0.001 -9"><span class='ocrx_word' id='word_1_324' title='bbox 176 2315 295 2349; x_wconf 83' lang='lat' dir='ltr'><strong>scilicet)</strong></span> <span class='ocrx_word' id='word_1_325' title='bbox 307 2316 383 2343; x_wconf 90' lang='lat' dir='ltr'><strong>velut</strong></span> <span class='ocrx_word' id='word_1_326' title='bbox 395 2316 531 2344; x_wconf 71' lang='lat' dir='ltr'><strong>columba:</strong></span> <span class='ocrx_word' id='word_1_327' title='bbox 544 2324 640 2351; x_wconf 72' lang='lat' dir='ltr'><strong>penna:</strong></span> <span class='ocrx_word' id='word_1_328' title='bbox 653 2317 838 2352; x_wconf 70' lang='lat' dir='ltr'><strong>deargentata:</strong></span> <span class='ocrx_word' id='word_1_329' title='bbox 852 2322 916 2344; x_wconf 88' lang='lat' dir='ltr'><strong>sunt</strong></span> <span class='ocrx_word' id='word_1_330' title='bbox 929 2317 950 2332; x_wconf 80' lang='grc'><strong>³⁷</strong></span> <span class='ocrx_word' id='word_1_331' title='bbox 962 2326 968 2344; x_wconf 93' lang='lat'>:</span> 
     </span>
    </p>
   </div>
   <div class='ocr_carea' id='block_1_55' title="bbox 214 2403 728 2438">
    <p class='ocr_par' dir='ltr' id='par_1_55' title="bbox 214 2403 728 2438">
     <span class='ocr_line' id='line_1_55' title="bbox 214 2403 728 2438; baseline -0.002 -6"><span class='ocrx_word' id='word_1_332' title='bbox 214 2405 235 2421; x_wconf 85' lang='grc'><strong>³⁵</strong></span> <span class='ocrx_word' id='word_1_333' title='bbox 251 2404 322 2432; x_wconf 89' lang='lat' dir='ltr'><strong>Psal.</strong></span> <span class='ocrx_word' id='word_1_334' title='bbox 347 2412 411 2434; x_wconf 80' lang='lat' dir='ltr'><strong>xvu,</strong></span> <span class='ocrx_word' id='word_1_335' title='bbox 432 2403 473 2432; x_wconf 85' lang='lat'><strong>16.</strong></span> <span class='ocrx_word' id='word_1_336' title='bbox 513 2404 535 2420; x_wconf 82' lang='lat'>&quot;</span> <span class='ocrx_word' id='word_1_337' title='bbox 548 2404 570 2432; x_wconf 92' lang='lat' dir='ltr'><strong>ll</strong></span> <span class='ocrx_word' id='word_1_338' title='bbox 582 2404 646 2433; x_wconf 88' lang='lat' dir='ltr'><strong>Cor.</strong></span> <span class='ocrx_word' id='word_1_339' title='bbox 661 2413 689 2438; x_wconf 85' lang='lat' dir='ltr'><strong>v,</strong></span> <span class='ocrx_word' id='word_1_340' title='bbox 701 2405 728 2432; x_wconf 67' lang='lat'><strong>2.</strong></span> 
     </span>
    </p>
   </div>
   <div class='ocr_carea' id='block_1_56' title="bbox 215 2483 971 2519">
    <p class='ocr_par' dir='ltr' id='par_1_56' title="bbox 215 2483 971 2519">
     <span class='ocr_line' id='line_1_56' title="bbox 215 2483 971 2519; baseline 0.001 -8"><span class='ocrx_word' id='word_1_341' title='bbox 215 2483 252 2519; x_wconf 69' lang='grc' dir='ltr'><strong>(ῃ)</strong></span> <span class='ocrx_word' id='word_1_342' title='bbox 269 2484 345 2519; x_wconf 79' lang='grc' dir='ltr'><strong>Νόες</strong></span> <span class='ocrx_word' id='word_1_343' title='bbox 358 2483 446 2519; x_wconf 54' lang='lat' dir='ltr'><strong>liora:</strong></span> <span class='ocrx_word' id='word_1_344' title='bbox 462 2483 568 2519; x_wconf 63' lang='grc' dir='ltr'>γυμνοὶ</span> <span class='ocrx_word' id='word_1_345' title='bbox 582 2484 741 2519; x_wconf 69' lang='grc' dir='ltr'>σωμάτων.</span> <span class='ocrx_word' id='word_1_346' title='bbox 751 2484 880 2516; x_wconf 76' lang='lat' dir='ltr'><strong>Quashic</strong></span> <span class='ocrx_word' id='word_1_347' title='bbox 895 2494 971 2512; x_wconf 81' lang='lat' dir='ltr'><strong>men-</strong></span> 
     </span>
    </p>
   </div>
   <div class='ocr_carea' id='block_1_57' title="bbox 178 2518 972 2555">
    <p class='ocr_par' dir='ltr' id='par_1_57' title="bbox 178 2518 972 2555">
     <span class='ocr_line' id='line_1_57' title="bbox 178 2518 972 2555; baseline 0 -8"><span class='ocrx_word' id='word_1_348' title='bbox 178 2525 218 2547; x_wconf 83' lang='lat' dir='ltr'><strong>tes</strong></span> <span class='ocrx_word' id='word_1_349' title='bbox 228 2518 308 2555; x_wconf 75' lang='lat' dir='ltr'><strong>vocat</strong></span> <span class='ocrx_word' id='word_1_350' title='bbox 318 2518 462 2555; x_wconf 75' lang='lat' dir='ltr'><strong>Maximus,</strong></span> <span class='ocrx_word' id='word_1_351' title='bbox 481 2518 547 2552; x_wconf 58' lang='lat' dir='ltr'><strong>ipsae</strong></span> <span class='ocrx_word' id='word_1_352' title='bbox 566 2518 623 2555; x_wconf 84' lang='lat' dir='ltr'><strong>sint</strong></span> <span class='ocrx_word' id='word_1_353' title='bbox 633 2527 693 2555; x_wconf 57' lang='lat' dir='ltr'><strong>qua;</strong></span> <span class='ocrx_word' id='word_1_354' title='bbox 708 2520 889 2555; x_wconf 71' lang='lat' dir='ltr'><strong>cogitationes</strong></span> <span class='ocrx_word' id='word_1_355' title='bbox 910 2529 972 2548; x_wconf 86' lang='lat' dir='ltr'><strong>suc-</strong></span> 
     </span>
    </p>
   </div>
   <div class='ocr_carea' id='block_1_58' title="bbox 177 2553 973 2590">
    <p class='ocr_par' dir='ltr' id='par_1_58' title="bbox 177 2553 973 2590">
     <span class='ocr_line' id='line_1_58' title="bbox 177 2553 973 2590; baseline 0.001 -8"><span class='ocrx_word' id='word_1_356' title='bbox 177 2554 302 2582; x_wconf 89' lang='lat' dir='ltr'><strong>cendunt</strong></span> <span class='ocrx_word' id='word_1_357' title='bbox 323 2557 411 2590; x_wconf 77' lang='lat' dir='ltr'><strong>atque</strong></span> <span class='ocrx_word' id='word_1_358' title='bbox 432 2553 581 2586; x_wconf 69' lang='lat' dir='ltr'><strong>diemones,</strong></span> <span class='ocrx_word' id='word_1_359' title='bbox 600 2553 640 2581; x_wconf 89' lang='lat' dir='ltr'><strong>sic</strong></span> <span class='ocrx_word' id='word_1_360' title='bbox 668 2553 800 2582; x_wconf 75' lang='lat' dir='ltr'><strong>nimirum</strong></span> <span class='ocrx_word' id='word_1_361' title='bbox 822 2556 973 2590; x_wconf 64' lang='lat' dir='ltr'><strong>proﬂigata)</strong></span> 
     </span>
    </p>
   </div>
   <div class='ocr_carea' id='block_1_59' title="bbox 179 2589 968 2624">
    <p class='ocr_par' dir='ltr' id='par_1_59' title="bbox 179 2589 968 2624">
     <span class='ocr_line' id='line_1_59' title="bbox 179 2589 968 2624; baseline 0.004 -9"><span class='ocrx_word' id='word_1_362' title='bbox 179 2590 241 2617; x_wconf 63' lang='lat' dir='ltr'><strong>vitae</strong></span> <span class='ocrx_word' id='word_1_363' title='bbox 254 2589 416 2616; x_wconf 87' lang='lat' dir='ltr'><strong>hominibus</strong></span> <span class='ocrx_word' id='word_1_364' title='bbox 429 2589 603 2623; x_wconf 62' lang='lat' dir='ltr'><strong>praesentiam</strong></span> <span class='ocrx_word' id='word_1_365' title='bbox 629 2594 678 2616; x_wconf 90' lang='lat' dir='ltr'><strong>aut</strong></span> <span class='ocrx_word' id='word_1_366' title='bbox 687 2590 766 2624; x_wconf 92' lang='lat' dir='ltr'><strong>quasi</strong></span> <span class='ocrx_word' id='word_1_367' title='bbox 782 2589 968 2624; x_wconf 61' lang='lat' dir='ltr'><strong>praesentiam,</strong></span> 
     </span>
    </p>
   </div>
   <div class='ocr_carea' id='block_1_60' title="bbox 179 2624 968 2657">
    <p class='ocr_par' dir='ltr' id='par_1_60' title="bbox 179 2624 968 2657">
     <span class='ocr_line' id='line_1_60' title="bbox 179 2624 968 2657; baseline 0.001 -5"><span class='ocrx_word' id='word_1_368' title='bbox 179 2626 282 2653; x_wconf 90' lang='lat' dir='ltr'><strong>nudam</strong></span> <span class='ocrx_word' id='word_1_369' title='bbox 309 2624 491 2651; x_wconf 78' lang='lat' dir='ltr'><strong>exhibentes:</strong></span> <span class='ocrx_word' id='word_1_370' title='bbox 517 2624 595 2651; x_wconf 89' lang='lat' dir='ltr'><strong>velut</strong></span> <span class='ocrx_word' id='word_1_371' title='bbox 617 2625 702 2651; x_wconf 90' lang='lat' dir='ltr'><strong>etiam</strong></span> <span class='ocrx_word' id='word_1_372' title='bbox 729 2630 838 2652; x_wconf 85' lang='lat' dir='ltr'><strong>mentes</strong></span> <span class='ocrx_word' id='word_1_373' title='bbox 857 2631 968 2657; x_wconf 50' lang='lat' dir='ltr'><strong>sancite.</strong></span> 
     </span>
    </p>
   </div>
   <div class='ocr_carea' id='block_1_61' title="bbox 178 2659 969 2695">
    <p class='ocr_par' dir='ltr' id='par_1_61' title="bbox 178 2659 969 2695">
     <span class='ocr_line' id='line_1_61' title="bbox 178 2659 969 2695; baseline 0.001 -8"><span class='ocrx_word' id='word_1_374' title='bbox 178 2660 289 2687; x_wconf 78' lang='lat' dir='ltr'><strong>eximia:</strong></span> <span class='ocrx_word' id='word_1_375' title='bbox 304 2659 461 2687; x_wconf 86' lang='lat' dir='ltr'><strong>sanctitatis</strong></span> <span class='ocrx_word' id='word_1_376' title='bbox 477 2659 556 2691; x_wconf 83' lang='lat' dir='ltr'><strong>viris,</strong></span> <span class='ocrx_word' id='word_1_377' title='bbox 570 2659 738 2694; x_wconf 87' lang='lat' dir='ltr'><strong>quandoque</strong></span> <span class='ocrx_word' id='word_1_378' title='bbox 768 2660 844 2695; x_wconf 66' lang='lat' dir='ltr'><strong>ipsas,</strong></span> <span class='ocrx_word' id='word_1_379' title='bbox 869 2669 925 2688; x_wconf 92' lang='lat' dir='ltr'><strong>non</strong></span> <span class='ocrx_word' id='word_1_380' title='bbox 941 2661 969 2688; x_wconf 93' lang='lat' dir='ltr'><strong>in</strong></span> 
     </span>
    </p>
   </div>
   <div class='ocr_carea' id='block_1_62' title="bbox 178 2694 968 2729">
    <p class='ocr_par' dir='ltr' id='par_1_62' title="bbox 178 2694 968 2729">
     <span class='ocr_line' id='line_1_62' title="bbox 178 2694 968 2729; baseline 0 -6"><span class='ocrx_word' id='word_1_381' title='bbox 178 2695 294 2725; x_wconf 82' lang='lat' dir='ltr'><strong>somnis,</strong></span> <span class='ocrx_word' id='word_1_382' title='bbox 315 2699 365 2722; x_wconf 86' lang='lat' dir='ltr'><strong>aut</strong></span> <span class='ocrx_word' id='word_1_383' title='bbox 385 2698 529 2721; x_wconf 88' lang='lat' dir='ltr'><strong>moventes</strong></span> <span class='ocrx_word' id='word_1_384' title='bbox 546 2694 602 2721; x_wconf 93' lang='lat' dir='ltr'><strong>vim</strong></span> <span class='ocrx_word' id='word_1_385' title='bbox 618 2695 774 2729; x_wconf 82' lang='lat' dir='ltr'><strong>cogitandi;</strong></span> <span class='ocrx_word' id='word_1_386' title='bbox 801 2696 848 2723; x_wconf 85' lang='lat' dir='ltr'><strong>sed</strong></span> <span class='ocrx_word' id='word_1_387' title='bbox 874 2703 968 2723; x_wconf 91' lang='lat' dir='ltr'><strong>coram</strong></span> 
     </span>
    </p>
   </div>
   <div class='ocr_carea' id='block_1_63' title="bbox 180 2729 968 2766">
    <p class='ocr_par' dir='ltr' id='par_1_63' title="bbox 180 2729 968 2766">
     <span class='ocr_line' id='line_1_63' title="bbox 180 2729 968 2766; baseline 0.003 -10"><span class='ocrx_word' id='word_1_388' title='bbox 180 2731 327 2765; x_wconf 69' lang='lat' dir='ltr'><strong>praesentia</strong></span> <span class='ocrx_word' id='word_1_389' title='bbox 339 2729 417 2766; x_wconf 89' lang='lat' dir='ltr'><strong>quasi</strong></span> <span class='ocrx_word' id='word_1_390' title='bbox 439 2730 577 2766; x_wconf 85' lang='lat' dir='ltr'><strong>corporali</strong></span> <span class='ocrx_word' id='word_1_391' title='bbox 593 2735 739 2766; x_wconf 80' lang='lat' dir='ltr'><strong>apparent,</strong></span> <span class='ocrx_word' id='word_1_392' title='bbox 758 2731 909 2766; x_wconf 86' lang='lat' dir='ltr'><strong>divinaque</strong></span> <span class='ocrx_word' id='word_1_393' title='bbox 920 2739 968 2758; x_wconf 87' lang='lat' dir='ltr'><strong>eos</strong></span> 
     </span>
    </p>
   </div>
   <div class='ocr_carea' id='block_1_64' title="bbox 179 2765 968 2801">
    <p class='ocr_par' dir='ltr' id='par_1_64' title="bbox 179 2765 968 2801">
     <span class='ocr_line' id='line_1_64' title="bbox 179 2765 968 2801; baseline 0.004 -10"><span class='ocrx_word' id='word_1_394' title='bbox 179 2767 299 2793; x_wconf 74' lang='lat' dir='ltr'><strong>docent:</strong></span> <span class='ocrx_word' id='word_1_395' title='bbox 317 2765 364 2800; x_wconf 90' lang='lat' dir='ltr'><strong>qui</strong></span> <span class='ocrx_word' id='word_1_396' title='bbox 392 2765 675 2801; x_wconf 24' lang='lat' dir='ltr'><strong>gradusﬂprophctiae</strong></span> <span class='ocrx_word' id='word_1_397' title='bbox 699 2766 762 2793; x_wconf 90' lang='lat' dir='ltr'><strong>aliis</strong></span> <span class='ocrx_word' id='word_1_398' title='bbox 790 2766 844 2801; x_wconf 83' lang='lat' dir='ltr'><strong>jam</strong></span> <span class='ocrx_word' id='word_1_399' title='bbox 864 2765 968 2800; x_wconf 32' lang='lat' dir='ltr'><strong>’dictis,</strong></span> 
     </span>
    </p>
   </div>
   <div class='ocr_carea' id='block_1_65' title="bbox 181 2800 965 2835">
    <p class='ocr_par' dir='ltr' id='par_1_65' title="bbox 181 2800 965 2835">
     <span class='ocr_line' id='line_1_65' title="bbox 181 2800 965 2835; baseline 0 -7"><span class='ocrx_word' id='word_1_400' title='bbox 181 2805 294 2828; x_wconf 81' lang='lat' dir='ltr'><strong>auctore</strong></span> <span class='ocrx_word' id='word_1_401' title='bbox 318 2801 401 2827; x_wconf 86' lang='lat' dir='ltr'><strong>etiam</strong></span> <span class='ocrx_word' id='word_1_402' title='bbox 427 2800 553 2835; x_wconf 76' lang='lat' dir='ltr'><strong>angelico</strong></span> <span class='ocrx_word' id='word_1_403' title='bbox 581 2801 714 2832; x_wconf 76' lang='lat' dir='ltr'><strong>lloctore,</strong></span> <span class='ocrx_word' id='word_1_404' title='bbox 740 2801 822 2828; x_wconf 89' lang='lat' dir='ltr'><strong>altior</strong></span> <span class='ocrx_word' id='word_1_405' title='bbox 847 2802 965 2829; x_wconf 75' lang='lat' dir='ltr'><strong>exsistit.</strong></span> 
     </span>
    </p>
   </div>
   <div class='ocr_carea' id='block_1_66' title="bbox 180 2835 966 2870">
    <p class='ocr_par' dir='ltr' id='par_1_66' title="bbox 180 2835 966 2870">
     <span class='ocr_line' id='line_1_66' title="bbox 180 2835 966 2870; baseline 0.003 -8"><span class='ocrx_word' id='word_1_406' title='bbox 180 2836 304 2863; x_wconf 86' lang='lat' dir='ltr'><strong>Obscura</strong></span> <span class='ocrx_word' id='word_1_407' title='bbox 316 2840 405 2862; x_wconf 82' lang='lat' dir='ltr'><strong>tamen</strong></span> <span class='ocrx_word' id='word_1_408' title='bbox 423 2838 480 2862; x_wconf 86' lang='lat' dir='ltr'><strong>tota</strong></span> <span class='ocrx_word' id='word_1_409' title='bbox 499 2835 543 2861; x_wconf 87' lang='lat' dir='ltr'><strong>hic</strong></span> <span class='ocrx_word' id='word_1_410' title='bbox 561 2835 669 2863; x_wconf 72' lang='lat' dir='ltr'><strong>Maximi</strong></span> <span class='ocrx_word' id='word_1_411' title='bbox 685 2844 762 2863; x_wconf 85' lang='lat' dir='ltr'><strong>mens</strong></span> <span class='ocrx_word' id='word_1_412' title='bbox 776 2841 803 2863; x_wconf 91' lang='lat' dir='ltr'><strong>et</strong></span> <span class='ocrx_word' id='word_1_413' title='bbox 819 2836 946 2864; x_wconf 87' lang='lat' dir='ltr'><strong>doctrina</strong></span> <span class='ocrx_word' id='word_1_414' title='bbox 960 2859 966 2870; x_wconf 89' lang='lat'><strong>,</strong></span> 
     </span>
    </p>
   </div>
   <div class='ocr_carea' id='block_1_67' title="bbox 181 2870 966 2905">
    <p class='ocr_par' dir='ltr' id='par_1_67' title="bbox 181 2870 966 2905">
     <span class='ocr_line' id='line_1_67' title="bbox 181 2870 966 2905; baseline 0.001 -7"><span class='ocrx_word' id='word_1_415' title='bbox 181 2879 214 2898; x_wconf 88' lang='lat' dir='ltr'><strong>ac</strong></span> <span class='ocrx_word' id='word_1_416' title='bbox 230 2878 297 2897; x_wconf 89' lang='lat' dir='ltr'><strong>num</strong></span> <span class='ocrx_word' id='word_1_417' title='bbox 311 2870 362 2903; x_wconf 87' lang='lat' dir='ltr'><strong>ipsi</strong></span> <span class='ocrx_word' id='word_1_418' title='bbox 376 2870 434 2896; x_wconf 86' lang='lat' dir='ltr'><strong>sine</strong></span> <span class='ocrx_word' id='word_1_419' title='bbox 450 2870 577 2898; x_wconf 83' lang='lat' dir='ltr'><strong>discursu</strong></span> <span class='ocrx_word' id='word_1_420' title='bbox 598 2876 750 2905; x_wconf 82' lang='lat' dir='ltr'><strong>conceptus</strong></span> <span class='ocrx_word' id='word_1_421' title='bbox 769 2872 869 2899; x_wconf 85' lang='lat' dir='ltr'><strong>mentis</strong></span> <span class='ocrx_word' id='word_1_422' title='bbox 886 2873 966 2899; x_wconf 86' lang='lat' dir='ltr'><strong>altio-</strong></span> 
     </span>
    </p>
   </div>
   <div class='ocr_carea' id='block_1_68' title="bbox 1059 476 1812 515">
    <p class='ocr_par' dir='ltr' id='par_1_68' title="bbox 1059 476 1812 515">
     <span class='ocr_line' id='line_1_68' title="bbox 1059 476 1812 515; baseline -0.004 -10"><span class='ocrx_word' id='word_1_423' title='bbox 1059 478 1126 515; x_wconf 84' lang='grc' dir='ltr'>ρλα’.</span> <span class='ocrx_word' id='word_1_424' title='bbox 1143 480 1175 505; x_wconf 77' lang='grc' dir='ltr'><strong>Οἱ</strong></span> <span class='ocrx_word' id='word_1_425' title='bbox 1199 478 1334 514; x_wconf 77' lang='grc' dir='ltr'>λογισμοὶ,</span> <span class='ocrx_word' id='word_1_426' title='bbox 1351 478 1415 505; x_wconf 79' lang='grc' dir='ltr'>οὔτε</span> <span class='ocrx_word' id='word_1_427' title='bbox 1436 477 1484 504; x_wconf 75' lang='grc' dir='ltr'><strong>τοῦ</strong></span> <span class='ocrx_word' id='word_1_428' title='bbox 1510 477 1608 512; x_wconf 77' lang='grc' dir='ltr'><strong>ἀλόγου</strong></span> <span class='ocrx_word' id='word_1_429' title='bbox 1634 477 1734 511; x_wconf 83' lang='grc' dir='ltr'>μέρους</span> <span class='ocrx_word' id='word_1_430' title='bbox 1757 476 1812 502; x_wconf 73' lang='grc' dir='ltr'>εἰσὶ</span> 
     </span>
    </p>
   </div>
   <div class='ocr_carea' id='block_1_69' title="bbox 1021 522 1811 561">
    <p class='ocr_par' dir='ltr' id='par_1_69' title="bbox 1021 522 1811 561">
     <span class='ocr_line' id='line_1_69' title="bbox 1021 522 1811 561; baseline -0.006 -9"><span class='ocrx_word' id='word_1_431' title='bbox 1021 526 1070 560; x_wconf 77' lang='grc' dir='ltr'><strong>τῆς</strong></span> <span class='ocrx_word' id='word_1_432' title='bbox 1088 525 1194 561; x_wconf 70' lang='grc' dir='ltr'><strong>ψυχῆς·</strong></span> <span class='ocrx_word' id='word_1_433' title='bbox 1213 525 1274 552; x_wconf 75' lang='grc' dir='ltr'><strong>οὐδὲ</strong></span> <span class='ocrx_word' id='word_1_434' title='bbox 1293 525 1349 560; x_wconf 80' lang='grc' dir='ltr'><strong>γάρ</strong></span> <span class='ocrx_word' id='word_1_435' title='bbox 1362 524 1558 559; x_wconf 78' lang='grc' dir='ltr'>ὲστιλογισμὺς</span> <span class='ocrx_word' id='word_1_436' title='bbox 1573 525 1601 549; x_wconf 75' lang='grc' dir='ltr'>ἐν</span> <span class='ocrx_word' id='word_1_437' title='bbox 1616 523 1672 554; x_wconf 80' lang='grc' dir='ltr'>τοῖς</span> <span class='ocrx_word' id='word_1_438' title='bbox 1685 522 1794 556; x_wconf 66' lang='grc' dir='ltr'>ἀλέγεις</span> <span class='ocrx_word' id='word_1_439' title='bbox 1804 529 1811 536; x_wconf 93' lang='grc'><strong>·</strong></span> 
     </span>
    </p>
   </div>
   <div class='ocr_carea' id='block_1_70' title="bbox 1020 567 1812 607">
    <p class='ocr_par' dir='ltr' id='par_1_70' title="bbox 1020 567 1812 607">
     <span class='ocr_line' id='line_1_70' title="bbox 1020 567 1812 607; baseline -0.006 -9"><span class='ocrx_word' id='word_1_440' title='bbox 1020 572 1081 598; x_wconf 78' lang='grc' dir='ltr'>οὗτε</span> <span class='ocrx_word' id='word_1_441' title='bbox 1103 571 1148 598; x_wconf 78' lang='grc' dir='ltr'>τοῦ</span> <span class='ocrx_word' id='word_1_442' title='bbox 1179 571 1272 607; x_wconf 81' lang='grc' dir='ltr'>νοεροῦ</span> <span class='ocrx_word' id='word_1_443' title='bbox 1283 580 1288 585; x_wconf 73' lang='grc'><strong>”</strong></span> <span class='ocrx_word' id='word_1_444' title='bbox 1301 571 1363 598; x_wconf 73' lang='grc' dir='ltr'>ἐπεὶ</span> <span class='ocrx_word' id='word_1_445' title='bbox 1392 570 1459 606; x_wconf 76' lang='grc' dir='ltr'>μηδὲ</span> <span class='ocrx_word' id='word_1_446' title='bbox 1483 571 1512 596; x_wconf 77' lang='grc' dir='ltr'>ἐν</span> <span class='ocrx_word' id='word_1_447' title='bbox 1528 568 1670 603; x_wconf 80' lang='grc' dir='ltr'><strong>ἀγγέλοις·</strong></span> <span class='ocrx_word' id='word_1_448' title='bbox 1684 568 1770 603; x_wconf 70' lang='grc' dir='ltr'>αὐτῆς</span> <span class='ocrx_word' id='word_1_449' title='bbox 1783 567 1812 593; x_wconf 74' lang='lat'><strong>6&#39;3</strong></span> 
     </span>
    </p>
   </div>
   <div class='ocr_carea' id='block_1_71' title="bbox 1020 614 1812 653">
    <p class='ocr_par' dir='ltr' id='par_1_71' title="bbox 1020 614 1812 653">
     <span class='ocr_line' id='line_1_71' title="bbox 1020 614 1812 653; baseline -0.009 -8"><span class='ocrx_word' id='word_1_450' title='bbox 1020 618 1069 652; x_wconf 73' lang='grc' dir='ltr'><strong>τῆς</strong></span> <span class='ocrx_word' id='word_1_451' title='bbox 1091 618 1204 653; x_wconf 79' lang='grc' dir='ltr'><strong>λογικῆς</strong></span> <span class='ocrx_word' id='word_1_452' title='bbox 1220 617 1296 648; x_wconf 75' lang='grc' dir='ltr'>ὀντες</span> <span class='ocrx_word' id='word_1_453' title='bbox 1325 617 1495 652; x_wconf 81' lang='grc' dir='ltr'><strong>γεννήματα,</strong></span> <span class='ocrx_word' id='word_1_454' title='bbox 1510 615 1548 646; x_wconf 82' lang='grc' dir='ltr'><strong>ὡς</strong></span> <span class='ocrx_word' id='word_1_455' title='bbox 1565 614 1680 649; x_wconf 79' lang='grc' dir='ltr'>κλίμακι</span> <span class='ocrx_word' id='word_1_456' title='bbox 1695 615 1728 648; x_wconf 79' lang='grc' dir='ltr'><strong>τῇ</strong></span> <span class='ocrx_word' id='word_1_457' title='bbox 1745 622 1812 647; x_wconf 66' lang='grc' dir='ltr'>φαν-</span> 
     </span>
    </p>
   </div>
   <div class='ocr_carea' id='block_1_72' title="bbox 1020 657 1812 699">
    <p class='ocr_par' dir='ltr' id='par_1_72' title="bbox 1020 657 1812 699">
     <span class='ocr_line' id='line_1_72' title="bbox 1020 657 1812 699; baseline -0.009 -9"><span class='ocrx_word' id='word_1_458' title='bbox 1020 663 1103 699; x_wconf 74' lang='grc' dir='ltr'>τασίᾳ</span> <span class='ocrx_word' id='word_1_459' title='bbox 1126 663 1275 699; x_wconf 84' lang='grc' dir='ltr'>χρώμενοι,</span> <span class='ocrx_word' id='word_1_460' title='bbox 1303 662 1480 689; x_wconf 78' lang='grc' dir='ltr'>ἀναϐαίνουσι</span> <span class='ocrx_word' id='word_1_461' title='bbox 1507 661 1556 696; x_wconf 82' lang='grc' dir='ltr'><strong>μὲν</strong></span> <span class='ocrx_word' id='word_1_462' title='bbox 1585 659 1654 695; x_wconf 80' lang='grc' dir='ltr'>πρὸς</span> <span class='ocrx_word' id='word_1_463' title='bbox 1680 659 1725 684; x_wconf 76' lang='grc' dir='ltr'>τὸν</span> <span class='ocrx_word' id='word_1_464' title='bbox 1748 657 1812 684; x_wconf 86' lang='grc' dir='ltr'>νοῦν</span> 
     </span>
    </p>
   </div>
   <div class='ocr_carea' id='block_1_73' title="bbox 1020 704 1813 744">
    <p class='ocr_par' dir='ltr' id='par_1_73' title="bbox 1020 704 1813 744">
     <span class='ocr_line' id='line_1_73' title="bbox 1020 704 1813 744; baseline -0.009 -8"><span class='ocrx_word' id='word_1_465' title='bbox 1020 709 1073 737; x_wconf 82' lang='grc' dir='ltr'><strong>ἀπὸ</strong></span> <span class='ocrx_word' id='word_1_466' title='bbox 1091 709 1140 744; x_wconf 81' lang='grc' dir='ltr'><strong>τῆς</strong></span> <span class='ocrx_word' id='word_1_467' title='bbox 1165 709 1328 744; x_wconf 74' lang='grc' dir='ltr'>αἰσθήσεως,</span> <span class='ocrx_word' id='word_1_468' title='bbox 1343 708 1378 734; x_wconf 82' lang='grc' dir='ltr'><strong>τὰ</strong></span> <span class='ocrx_word' id='word_1_469' title='bbox 1404 707 1511 742; x_wconf 78' lang='grc' dir='ltr'><strong>ἐκείνης</strong></span> <span class='ocrx_word' id='word_1_470' title='bbox 1536 705 1609 740; x_wconf 83' lang='grc' dir='ltr'>αὐτῷ</span> <span class='ocrx_word' id='word_1_471' title='bbox 1628 704 1813 738; x_wconf 72' lang='grc' dir='ltr'>ἀπαγγέλλον-</span> 
     </span>
    </p>
   </div>
   <div class='ocr_carea' id='block_1_74' title="bbox 1020 750 1811 788">
    <p class='ocr_par' dir='ltr' id='par_1_74' title="bbox 1020 750 1811 788">
     <span class='ocr_line' id='line_1_74' title="bbox 1020 750 1811 788; baseline -0.008 -6"><span class='ocrx_word' id='word_1_472' title='bbox 1020 764 1079 787; x_wconf 79' lang='grc' dir='ltr'><strong>τες’</strong></span> <span class='ocrx_word' id='word_1_473' title='bbox 1100 755 1295 782; x_wconf 74' lang='grc' dir='ltr'>καταϐαίνουσι</span> <span class='ocrx_word' id='word_1_474' title='bbox 1310 754 1340 780; x_wconf 71' lang='grc' dir='ltr'><strong>δὲ</strong></span> <span class='ocrx_word' id='word_1_475' title='bbox 1355 753 1424 788; x_wconf 72' lang='grc' dir='ltr'>πρὸς</span> <span class='ocrx_word' id='word_1_476' title='bbox 1439 752 1523 788; x_wconf 80' lang='grc' dir='ltr'>αὐτὴν</span> <span class='ocrx_word' id='word_1_477' title='bbox 1536 752 1565 785; x_wconf 75' lang='grc' dir='ltr'><strong>ἐξ</strong></span> <span class='ocrx_word' id='word_1_478' title='bbox 1579 751 1662 779; x_wconf 73' lang='grc' dir='ltr'>αὑτοῦ</span> <span class='ocrx_word' id='word_1_479' title='bbox 1689 751 1724 777; x_wconf 81' lang='grc' dir='ltr'><strong>τὰ</strong></span> <span class='ocrx_word' id='word_1_480' title='bbox 1737 750 1811 777; x_wconf 84' lang='grc' dir='ltr'>ὲκεί-</span> 
     </span>
    </p>
   </div>
   <div class='ocr_carea' id='block_1_75' title="bbox 984 798 1278 836">
    <p class='ocr_par' dir='ltr' id='par_1_75' title="bbox 984 798 1278 836">
     <span class='ocr_line' id='line_1_75' title="bbox 984 798 1278 836; baseline -0.003 -9"><span class='ocrx_word' id='word_1_481' title='bbox 984 798 1004 824; x_wconf 86' lang='grc' dir='ltr'><strong><em>Β</em></strong></span> <span class='ocrx_word' id='word_1_482' title='bbox 1019 809 1065 827; x_wconf 86' lang='grc' dir='ltr'>νου</span> <span class='ocrx_word' id='word_1_483' title='bbox 1079 799 1278 836; x_wconf 78' lang='grc' dir='ltr'>ὑποτιθέμενοι.</span> 
     </span>
    </p>
   </div>
   <div class='ocr_carea' id='block_1_76' title="bbox 1056 886 1812 925">
    <p class='ocr_par' dir='ltr' id='par_1_76' title="bbox 1056 886 1812 925">
     <span class='ocr_line' id='line_1_76' title="bbox 1056 886 1812 925; baseline -0.007 -10"><span class='ocrx_word' id='word_1_484' title='bbox 1056 889 1122 925; x_wconf 77' lang='grc' dir='ltr'>ρλβ’.</span> <span class='ocrx_word' id='word_1_485' title='bbox 1141 889 1190 921; x_wconf 82' lang='grc' dir='ltr'><strong>Ὧς</strong></span> <span class='ocrx_word' id='word_1_486' title='bbox 1206 897 1279 920; x_wconf 79' lang='grc' dir='ltr'>τινες</span> <span class='ocrx_word' id='word_1_487' title='bbox 1302 889 1334 915; x_wconf 80' lang='grc' dir='ltr'>ἐκ</span> <span class='ocrx_word' id='word_1_488' title='bbox 1350 887 1432 923; x_wconf 83' lang='grc' dir='ltr'>βυθοῦ</span> <span class='ocrx_word' id='word_1_489' title='bbox 1449 887 1659 922; x_wconf 80' lang='grc' dir='ltr'>ἀναφερόμενοι,</span> <span class='ocrx_word' id='word_1_490' title='bbox 1676 886 1723 912; x_wconf 84' lang='grc' dir='ltr'><strong>καί</strong></span> <span class='ocrx_word' id='word_1_491' title='bbox 1738 893 1812 916; x_wconf 81' lang='grc' dir='ltr'>τινος</span> 
     </span>
    </p>
   </div>
   <div class='ocr_carea' id='block_1_77' title="bbox 1020 931 1812 971">
    <p class='ocr_par' dir='ltr' id='par_1_77' title="bbox 1020 931 1812 971">
     <span class='ocr_line' id='line_1_77' title="bbox 1020 931 1812 971; baseline -0.005 -10"><span class='ocrx_word' id='word_1_492' title='bbox 1020 935 1060 967; x_wconf 73' lang='grc' dir='ltr'><strong>εἰς</strong></span> <span class='ocrx_word' id='word_1_493' title='bbox 1089 935 1215 971; x_wconf 78' lang='grc' dir='ltr'>βοήθειαν</span> <span class='ocrx_word' id='word_1_494' title='bbox 1247 935 1426 962; x_wconf 72' lang='grc' dir='ltr'>ἐπιλαϐέσθαι</span> <span class='ocrx_word' id='word_1_495' title='bbox 1450 933 1631 969; x_wconf 80' lang='grc' dir='ltr'><strong>πειρώμενοι,</strong></span> <span class='ocrx_word' id='word_1_496' title='bbox 1647 933 1671 959; x_wconf 75' lang='grc' dir='ltr'>οἱ</span> <span class='ocrx_word' id='word_1_497' title='bbox 1696 931 1812 966; x_wconf 71' lang='grc' dir='ltr'>πονηροὶ</span> 
     </span>
    </p>
   </div>
   <div class='ocr_carea' id='block_1_78' title="bbox 1022 978 1813 1017">
    <p class='ocr_par' dir='ltr' id='par_1_78' title="bbox 1022 978 1813 1017">
     <span class='ocr_line' id='line_1_78' title="bbox 1022 978 1813 1017; baseline -0.005 -8"><span class='ocrx_word' id='word_1_498' title='bbox 1022 982 1149 1017; x_wconf 72' lang='grc' dir='ltr'>λογισμοὶ</span> <span class='ocrx_word' id='word_1_499' title='bbox 1162 982 1369 1017; x_wconf 79' lang='grc' dir='ltr'>εὑρεθήσονται,</span> <span class='ocrx_word' id='word_1_500' title='bbox 1377 981 1477 1008; x_wconf 81' lang='grc' dir='ltr'>ὁλκάδα</span> <span class='ocrx_word' id='word_1_501' title='bbox 1491 980 1628 1016; x_wconf 77' lang='grc' dir='ltr'>καθάπερ,</span> <span class='ocrx_word' id='word_1_502' title='bbox 1640 978 1813 1006; x_wconf 80' lang='grc' dir='ltr'>κινδυνευού-</span> 
     </span>
    </p>
   </div>
   <div class='ocr_carea' id='block_1_79' title="bbox 1021 1024 1611 1069">
    <p class='ocr_par' dir='ltr' id='par_1_79' title="bbox 1021 1024 1611 1069">
     <span class='ocr_line' id='line_1_79' title="bbox 1021 1024 1611 1069; baseline -0.005 -15"><span class='ocrx_word' id='word_1_503' title='bbox 1021 1037 1072 1064; x_wconf 78' lang='grc' dir='ltr'><strong>σης</strong></span> <span class='ocrx_word' id='word_1_504' title='bbox 1088 1028 1138 1063; x_wconf 74' lang='grc' dir='ltr'><strong>τῆς</strong></span> <span class='ocrx_word' id='word_1_505' title='bbox 1152 1028 1252 1060; x_wconf 81' lang='grc' dir='ltr'>κακίας</span> <span class='ocrx_word' id='word_1_506' title='bbox 1272 1026 1399 1069; x_wconf 70' lang='grc' dir='ltr'>δακρύων</span> <span class='ocrx_word' id='word_1_507' title='bbox 1415 1024 1611 1060; x_wconf 77' lang='grc' dir='ltr'>κατακλυσμῷ.</span> 
     </span>
    </p>
   </div>
   <div class='ocr_carea' id='block_1_80' title="bbox 1057 1115 1811 1154">
    <p class='ocr_par' dir='ltr' id='par_1_80' title="bbox 1057 1115 1811 1154">
     <span class='ocr_line' id='line_1_80' title="bbox 1057 1115 1811 1154; baseline -0.004 -10"><span class='ocrx_word' id='word_1_508' title='bbox 1057 1118 1122 1154; x_wconf 65' lang='grc' dir='ltr'>ρλγῆ</span> <span class='ocrx_word' id='word_1_509' title='bbox 1139 1119 1218 1145; x_wconf 80' lang='grc' dir='ltr'>Κατὰ</span> <span class='ocrx_word' id='word_1_510' title='bbox 1231 1118 1280 1153; x_wconf 76' lang='grc' dir='ltr'><strong>τὴν</strong></span> <span class='ocrx_word' id='word_1_511' title='bbox 1303 1117 1486 1153; x_wconf 79' lang='grc' dir='ltr'>ὑποκειμένην</span> <span class='ocrx_word' id='word_1_512' title='bbox 1500 1117 1631 1151; x_wconf 80' lang='grc' dir='ltr'>ποιότητα</span> <span class='ocrx_word' id='word_1_513' title='bbox 1644 1116 1694 1151; x_wconf 81' lang='grc' dir='ltr'><strong>τῆς</strong></span> <span class='ocrx_word' id='word_1_514' title='bbox 1709 1115 1811 1150; x_wconf 72' lang='grc' dir='ltr'><strong>ψυχῆς,</strong></span> 
     </span>
    </p>
   </div>
   <div class='ocr_carea' id='block_1_81' title="bbox 1020 1162 1812 1203">
    <p class='ocr_par' dir='ltr' id='par_1_81' title="bbox 1020 1162 1812 1203">
     <span class='ocr_line' id='line_1_81' title="bbox 1020 1162 1812 1203; baseline -0.006 -11"><span class='ocrx_word' id='word_1_515' title='bbox 1020 1166 1037 1202; x_wconf 86' lang='grc' dir='ltr'>ἢ</span> <span class='ocrx_word' id='word_1_516' title='bbox 1054 1166 1091 1198; x_wconf 77' lang='grc' dir='ltr'>ὡς</span> <span class='ocrx_word' id='word_1_517' title='bbox 1112 1165 1242 1201; x_wconf 76' lang='grc' dir='ltr'>πειραταὶ</span> <span class='ocrx_word' id='word_1_518' title='bbox 1269 1164 1489 1196; x_wconf 76' lang='grc' dir='ltr'>καταποντίζειν,</span> <span class='ocrx_word' id='word_1_519' title='bbox 1501 1163 1567 1203; x_wconf 32' lang='grc' dir='ltr'><strong>ἣιώς</strong></span> <span class='ocrx_word' id='word_1_520' title='bbox 1581 1163 1673 1198; x_wconf 85' lang='grc' dir='ltr'>ἐρέται</span> <span class='ocrx_word' id='word_1_521' title='bbox 1688 1162 1812 1197; x_wconf 76' lang='grc' dir='ltr'>συμϐοη-</span> 
     </span>
    </p>
   </div>
   <div class='ocr_carea' id='block_1_82' title="bbox 1021 1208 1812 1247">
    <p class='ocr_par' dir='ltr' id='par_1_82' title="bbox 1021 1208 1812 1247">
     <span class='ocr_line' id='line_1_82' title="bbox 1021 1208 1812 1247; baseline -0.006 -9"><span class='ocrx_word' id='word_1_522' title='bbox 1021 1212 1078 1239; x_wconf 79' lang='grc' dir='ltr'>θεῖν</span> <span class='ocrx_word' id='word_1_523' title='bbox 1095 1211 1299 1247; x_wconf 79' lang='grc' dir='ltr'>κινδυνευούσῃ.</span> <span class='ocrx_word' id='word_1_524' title='bbox 1317 1211 1340 1238; x_wconf 64' lang='grc' dir='ltr'>οἱ</span> <span class='ocrx_word' id='word_1_525' title='bbox 1366 1211 1430 1247; x_wconf 70' lang='grc' dir='ltr'>περὶ</span> <span class='ocrx_word' id='word_1_526' title='bbox 1446 1209 1531 1245; x_wconf 79' lang='grc' dir='ltr'>αὐτὴν</span> <span class='ocrx_word' id='word_1_527' title='bbox 1551 1210 1714 1243; x_wconf 82' lang='grc' dir='ltr'>συνάγονται</span> <span class='ocrx_word' id='word_1_528' title='bbox 1736 1208 1812 1242; x_wconf 85' lang='grc' dir='ltr'>λογι-</span> 
     </span>
    </p>
   </div>
   <div class='ocr_carea' id='block_1_83' title="bbox 1022 1253 1812 1294">
    <p class='ocr_par' dir='ltr' id='par_1_83' title="bbox 1022 1253 1812 1294">
     <span class='ocr_line' id='line_1_83' title="bbox 1022 1253 1812 1294; baseline -0.008 -9"><span class='ocrx_word' id='word_1_529' title='bbox 1022 1258 1102 1294; x_wconf 82' lang='grc' dir='ltr'>σμοί·</span> <span class='ocrx_word' id='word_1_530' title='bbox 1131 1258 1157 1284; x_wconf 77' lang='grc' dir='ltr'>οἱ</span> <span class='ocrx_word' id='word_1_531' title='bbox 1180 1257 1230 1292; x_wconf 80' lang='grc' dir='ltr'><strong>μὲν</strong></span> <span class='ocrx_word' id='word_1_532' title='bbox 1253 1257 1322 1291; x_wconf 81' lang='grc' dir='ltr'>πρὸς</span> <span class='ocrx_word' id='word_1_533' title='bbox 1346 1257 1464 1289; x_wconf 82' lang='grc' dir='ltr'>πέλαγος</span> <span class='ocrx_word' id='word_1_534' title='bbox 1483 1255 1593 1282; x_wconf 77' lang='grc' dir='ltr'>ἐννοιῶν</span> <span class='ocrx_word' id='word_1_535' title='bbox 1608 1254 1734 1285; x_wconf 72' lang='grc' dir='ltr'>ἕλκοντες</span> <span class='ocrx_word' id='word_1_536' title='bbox 1756 1253 1812 1280; x_wconf 84' lang='grc' dir='ltr'>τῶν</span> 
     </span>
    </p>
   </div>
   <div class='ocr_carea' id='block_1_84' title="bbox 1021 1299 1813 1340">
    <p class='ocr_par' dir='ltr' id='par_1_84' title="bbox 1021 1299 1813 1340">
     <span class='ocr_line' id='line_1_84' title="bbox 1021 1299 1813 1340; baseline -0.008 -9"><span class='ocrx_word' id='word_1_537' title='bbox 1021 1303 1154 1340; x_wconf 80' lang='grc' dir='ltr'>ἀπρεπῶν</span> <span class='ocrx_word' id='word_1_538' title='bbox 1167 1303 1307 1338; x_wconf 82' lang='grc' dir='ltr'>λογισμῶν</span> <span class='ocrx_word' id='word_1_539' title='bbox 1318 1311 1324 1317; x_wconf 92' lang='grc'><strong>·</strong></span> <span class='ocrx_word' id='word_1_540' title='bbox 1349 1303 1373 1328; x_wconf 85' lang='grc' dir='ltr'><strong>οι</strong></span> <span class='ocrx_word' id='word_1_541' title='bbox 1397 1302 1426 1329; x_wconf 79' lang='grc' dir='ltr'><strong>δὲ</strong></span> <span class='ocrx_word' id='word_1_542' title='bbox 1442 1301 1491 1338; x_wconf 83' lang='grc' dir='ltr'><strong>τὴν</strong></span> <span class='ocrx_word' id='word_1_543' title='bbox 1508 1299 1592 1328; x_wconf 80' lang='grc' dir='ltr'>ἆσσον</span> <span class='ocrx_word' id='word_1_544' title='bbox 1609 1300 1813 1336; x_wconf 77' lang='grc' dir='ltr'>παρεκλεγόμε-</span> 
     </span>
    </p>
   </div>
   <div class='ocr_carea' id='block_1_85' title="bbox 1020 1346 1813 1386">
    <p class='ocr_par' dir='ltr' id='par_1_85' title="bbox 1020 1346 1813 1386">
     <span class='ocr_line' id='line_1_85' title="bbox 1020 1346 1813 1386; baseline -0.008 -8"><span class='ocrx_word' id='word_1_545' title='bbox 1020 1359 1073 1384; x_wconf 71' lang='lat' dir='ltr'><strong>von,</strong></span> <span class='ocrx_word' id='word_1_546' title='bbox 1089 1351 1136 1377; x_wconf 72' lang='grc' dir='ltr'>καὶ</span> <span class='ocrx_word' id='word_1_547' title='bbox 1154 1350 1222 1386; x_wconf 72' lang='grc' dir='ltr'>πρὸς</span> <span class='ocrx_word' id='word_1_548' title='bbox 1235 1349 1382 1385; x_wconf 82' lang='grc' dir='ltr'>γαληνιους</span> <span class='ocrx_word' id='word_1_549' title='bbox 1398 1348 1484 1380; x_wconf 76' lang='grc' dir='ltr'>ἀκτὰς</span> <span class='ocrx_word' id='word_1_550' title='bbox 1499 1347 1546 1375; x_wconf 79' lang='grc' dir='ltr'>τὸν</span> <span class='ocrx_word' id='word_1_551' title='bbox 1571 1347 1633 1374; x_wconf 82' lang='grc' dir='ltr'>νοῦν</span> <span class='ocrx_word' id='word_1_552' title='bbox 1654 1346 1813 1374; x_wconf 80' lang='grc' dir='ltr'>ὲποκείλου-</span> 
     </span>
    </p>
   </div>
   <div class='ocr_carea' id='block_1_86' title="bbox 1022 1405 1073 1424">
    <p class='ocr_par' dir='ltr' id='par_1_86' title="bbox 1022 1405 1073 1424">
     <span class='ocr_line' id='line_1_86' title="bbox 1022 1405 1073 1424; baseline 0 0"><span class='ocrx_word' id='word_1_553' title='bbox 1022 1405 1073 1424; x_wconf 80' lang='grc' dir='ltr'>σιν.</span> 
     </span>
    </p>
   </div>
   <div class='ocr_carea' id='block_1_87' title="bbox 1058 1482 1812 1524">
    <p class='ocr_par' dir='ltr' id='par_1_87' title="bbox 1058 1482 1812 1524">
     <span class='ocr_line' id='line_1_87' title="bbox 1058 1482 1812 1524; baseline -0.008 -9"><span class='ocrx_word' id='word_1_554' title='bbox 1058 1487 1122 1524; x_wconf 82' lang='grc' dir='ltr'>ρλδ’.</span> <span class='ocrx_word' id='word_1_555' title='bbox 1140 1487 1274 1522; x_wconf 72' lang='grc' dir='ltr'>Ἕϐδομον</span> <span class='ocrx_word' id='word_1_556' title='bbox 1299 1486 1344 1513; x_wconf 83' lang='grc' dir='ltr'><strong>τδν</strong></span> <span class='ocrx_word' id='word_1_557' title='bbox 1361 1485 1411 1521; x_wconf 77' lang='grc' dir='ltr'><strong>τῆς</strong></span> <span class='ocrx_word' id='word_1_558' title='bbox 1441 1484 1594 1518; x_wconf 72' lang='grc' dir='ltr'>κενοδοξίας</span> <span class='ocrx_word' id='word_1_559' title='bbox 1626 1482 1755 1519; x_wconf 73' lang='grc' dir='ltr'>λογισμὸν</span> <span class='ocrx_word' id='word_1_560' title='bbox 1776 1482 1812 1518; x_wconf 70' lang='grc' dir='ltr'><strong>(ι)</strong></span> 
     </span>
    </p>
   </div>
   <div class='ocr_carea' id='block_1_88' title="bbox 1020 1529 1813 1570">
    <p class='ocr_par' dir='ltr' id='par_1_88' title="bbox 1020 1529 1813 1570">
     <span class='ocr_line' id='line_1_88' title="bbox 1020 1529 1813 1570; baseline -0.008 -9"><span class='ocrx_word' id='word_1_561' title='bbox 1020 1534 1096 1566; x_wconf 76' lang='grc' dir='ltr'>ὄντα,</span> <span class='ocrx_word' id='word_1_562' title='bbox 1111 1534 1128 1570; x_wconf 82' lang='grc' dir='ltr'><strong>ὴ</strong></span> <span class='ocrx_word' id='word_1_563' title='bbox 1142 1533 1273 1567; x_wconf 80' lang='grc' dir='ltr'>ὲφιεμένη</span> <span class='ocrx_word' id='word_1_564' title='bbox 1294 1531 1333 1563; x_wconf 59' lang='lat' dir='ltr'><strong>to;</strong></span> <span class='ocrx_word' id='word_1_565' title='bbox 1362 1531 1475 1566; x_wconf 73' lang='grc' dir='ltr'>ἔσχατον</span> <span class='ocrx_word' id='word_1_566' title='bbox 1497 1529 1682 1557; x_wconf 75' lang='grc' dir='ltr'>ὰποϐαλέσοαι</span> <span class='ocrx_word' id='word_1_567' title='bbox 1710 1530 1813 1564; x_wconf 74' lang='grc' dir='ltr'><strong>χιτῶνι</strong></span> 
     </span>
    </p>
   </div>
   <div class='ocr_carea' id='block_1_89' title="bbox 1020 1576 1812 1615">
    <p class='ocr_par' dir='ltr' id='par_1_89' title="bbox 1020 1576 1812 1615">
     <span class='ocr_line' id='line_1_89' title="bbox 1020 1576 1812 1615; baseline -0.005 -9"><span class='ocrx_word' id='word_1_568' title='bbox 1020 1579 1104 1615; x_wconf 79' lang='grc' dir='ltr'>ψυχὴ,</span> <span class='ocrx_word' id='word_1_569' title='bbox 1120 1579 1144 1606; x_wconf 77' lang='grc' dir='ltr'><strong>εί</strong></span> <span class='ocrx_word' id='word_1_570' title='bbox 1161 1578 1198 1614; x_wconf 87' lang='grc' dir='ltr'>μὴ</span> <span class='ocrx_word' id='word_1_571' title='bbox 1211 1578 1274 1610; x_wconf 78' lang='grc' dir='ltr'>τοὺς</span> <span class='ocrx_word' id='word_1_572' title='bbox 1289 1578 1342 1613; x_wconf 78' lang='grc' dir='ltr'>πρὸ</span> <span class='ocrx_word' id='word_1_573' title='bbox 1356 1577 1438 1603; x_wconf 77' lang='grc' dir='ltr'>αὑτοῦ</span> <span class='ocrx_word' id='word_1_574' title='bbox 1451 1576 1652 1612; x_wconf 76' lang='grc' dir='ltr'>ἀπεκδύσηται,</span> <span class='ocrx_word' id='word_1_575' title='bbox 1680 1576 1710 1602; x_wconf 81' lang='grc' dir='ltr'>οὐ</span> <span class='ocrx_word' id='word_1_576' title='bbox 1730 1576 1812 1611; x_wconf 81' lang='grc' dir='ltr'>δυνή-</span> 
     </span>
    </p>
   </div>
   <div class='ocr_carea' id='block_1_90' title="bbox 1022 1622 1814 1660">
    <p class='ocr_par' dir='ltr' id='par_1_90' title="bbox 1022 1622 1814 1660">
     <span class='ocr_line' id='line_1_90' title="bbox 1022 1622 1814 1660; baseline -0.005 -8"><span class='ocrx_word' id='word_1_577' title='bbox 1022 1634 1098 1652; x_wconf 80' lang='grc' dir='ltr'>σεται</span> <span class='ocrx_word' id='word_1_578' title='bbox 1125 1625 1183 1660; x_wconf 85' lang='grc' dir='ltr'>μετ’</span> <span class='ocrx_word' id='word_1_579' title='bbox 1207 1624 1306 1655; x_wconf 68' lang='grc' dir='ltr'>αὐτοὺς</span> <span class='ocrx_word' id='word_1_580' title='bbox 1332 1623 1426 1657; x_wconf 72' lang='grc' dir='ltr'>ὃγδοον</span> <span class='ocrx_word' id='word_1_581' title='bbox 1456 1622 1665 1649; x_wconf 74' lang='grc' dir='ltr'>ἐπενδύσασθαι.</span> <span class='ocrx_word' id='word_1_582' title='bbox 1690 1623 1738 1648; x_wconf 82' lang='grc' dir='ltr'><strong>⁸·ον</strong></span> <span class='ocrx_word' id='word_1_583' title='bbox 1766 1623 1814 1648; x_wconf 77' lang='grc' dir='ltr'>καὶ</span> 
     </span>
    </p>
   </div>
   <div class='ocr_carea' id='block_1_91' title="bbox 1020 1667 1811 1707">
    <p class='ocr_par' dir='ltr' id='par_1_91' title="bbox 1020 1667 1811 1707">
     <span class='ocr_line' id='line_1_91' title="bbox 1020 1667 1811 1707; baseline -0.005 -9"><span class='ocrx_word' id='word_1_584' title='bbox 1020 1671 1178 1707; x_wconf 71' lang='grc' dir='ltr'>οἰκητήριον</span> <span class='ocrx_word' id='word_1_585' title='bbox 1194 1670 1319 1705; x_wconf 77' lang='grc' dir='ltr'>οὐράνιον</span> <span class='ocrx_word' id='word_1_586' title='bbox 1332 1670 1424 1696; x_wconf 80' lang='grc' dir='ltr'>καλεῖν</span> <span class='ocrx_word' id='word_1_587' title='bbox 1435 1667 1506 1696; x_wconf 73' lang='grc' dir='ltr'>οἶδεν</span> <span class='ocrx_word' id='word_1_588' title='bbox 1520 1670 1534 1696; x_wconf 75' lang='grc' dir='ltr'><strong><em>ὁ</em></strong></span> <span class='ocrx_word' id='word_1_589' title='bbox 1547 1669 1618 1700; x_wconf 82' lang='grc' dir='ltr'>θεῖος</span> <span class='ocrx_word' id='word_1_590' title='bbox 1637 1667 1811 1700; x_wconf 76' lang='grc' dir='ltr'><strong>’Δπόστολο;,</strong></span> 
     </span>
    </p>
   </div>
   <div class='ocr_carea' id='block_1_92' title="bbox 1021 1714 1813 1750">
    <p class='ocr_par' dir='ltr' id='par_1_92' title="bbox 1021 1714 1813 1750">
     <span class='ocr_line' id='line_1_92' title="bbox 1021 1714 1813 1750; baseline -0.006 -5"><span class='ocrx_word' id='word_1_591' title='bbox 1021 1717 1068 1745; x_wconf 73' lang='grc' dir='ltr'>καὶ</span> <span class='ocrx_word' id='word_1_592' title='bbox 1084 1717 1129 1744; x_wconf 85' lang='grc' dir='ltr'><strong>διὰ</strong></span> <span class='ocrx_word' id='word_1_593' title='bbox 1156 1715 1318 1750; x_wconf 80' lang='grc' dir='ltr'>στεναγμῶν</span> <span class='ocrx_word' id='word_1_594' title='bbox 1340 1715 1518 1743; x_wconf 76' lang='grc' dir='ltr'>ἐπενδύεσθαι</span> <span class='ocrx_word' id='word_1_595' title='bbox 1543 1715 1606 1746; x_wconf 71' lang='grc' dir='ltr'><strong>τοὺς</strong></span> <span class='ocrx_word' id='word_1_596' title='bbox 1623 1714 1658 1741; x_wconf 82' lang='grc' dir='ltr'><strong>δι’</strong></span> <span class='ocrx_word' id='word_1_597' title='bbox 1672 1714 1739 1741; x_wconf 84' lang='grc' dir='ltr'>αὐτὸ</span> <span class='ocrx_word' id='word_1_598' title='bbox 1757 1714 1813 1740; x_wconf 80' lang='grc' dir='ltr'><strong>τῶν</strong></span> 
     </span>
    </p>
   </div>
   <div class='ocr_carea' id='block_1_93' title="bbox 1023 1761 1369 1798">
    <p class='ocr_par' dir='ltr' id='par_1_93' title="bbox 1023 1761 1369 1798">
     <span class='ocr_line' id='line_1_93' title="bbox 1023 1761 1369 1798; baseline -0.009 -8"><span class='ocrx_word' id='word_1_599' title='bbox 1023 1763 1122 1791; x_wconf 81' lang='grc' dir='ltr'>ὕλικῶν</span> <span class='ocrx_word' id='word_1_600' title='bbox 1138 1761 1369 1798; x_wconf 84' lang='grc' dir='ltr'>γυμνητεύοντας.</span> 
     </span>
    </p>
   </div>
   <div class='ocr_carea' id='block_1_94' title="bbox 1060 1806 1814 1846">
    <p class='ocr_par' dir='ltr' id='par_1_94' title="bbox 1060 1806 1814 1846">
     <span class='ocr_line' id='line_1_94' title="bbox 1060 1806 1814 1846; baseline -0.004 -10"><span class='ocrx_word' id='word_1_601' title='bbox 1060 1809 1124 1846; x_wconf 83' lang='grc' dir='ltr'>ρλε¹.</span> <span class='ocrx_word' id='word_1_602' title='bbox 1139 1810 1178 1844; x_wconf 85' lang='grc' dir='ltr'><strong>Τῇ</strong></span> <span class='ocrx_word' id='word_1_603' title='bbox 1196 1808 1245 1844; x_wconf 79' lang='grc' dir='ltr'><strong>μὲν</strong></span> <span class='ocrx_word' id='word_1_604' title='bbox 1266 1808 1358 1843; x_wconf 80' lang='grc' dir='ltr'>τελείᾳ</span> <span class='ocrx_word' id='word_1_605' title='bbox 1383 1808 1462 1843; x_wconf 84' lang='grc' dir='ltr'><strong>εὐχῇ,</strong></span> <span class='ocrx_word' id='word_1_606' title='bbox 1490 1807 1601 1842; x_wconf 81' lang='grc' dir='ltr'>ἄγγελοι</span> <span class='ocrx_word' id='word_1_607' title='bbox 1626 1806 1814 1842; x_wconf 76' lang='grc' dir='ltr'>παραῦάλλειν</span> 
     </span>
    </p>
   </div>
   <div class='ocr_carea' id='block_1_95' title="bbox 1022 1852 1814 1891">
    <p class='ocr_par' dir='ltr' id='par_1_95' title="bbox 1022 1852 1814 1891">
     <span class='ocr_line' id='line_1_95' title="bbox 1022 1852 1814 1891; baseline -0.005 -8"><span class='ocrx_word' id='word_1_608' title='bbox 1022 1856 1161 1891; x_wconf 69' lang='grc' dir='ltr'>πεφύκασι</span> <span class='ocrx_word' id='word_1_609' title='bbox 1171 1855 1310 1889; x_wconf 73' lang='grc' dir='ltr'>λογισμοί’</span> <span class='ocrx_word' id='word_1_610' title='bbox 1332 1856 1364 1890; x_wconf 81' lang='grc' dir='ltr'>τῇ</span> <span class='ocrx_word' id='word_1_611' title='bbox 1381 1855 1408 1881; x_wconf 77' lang='grc' dir='ltr'><strong>δὲ</strong></span> <span class='ocrx_word' id='word_1_612' title='bbox 1426 1855 1507 1891; x_wconf 74' lang='grc' dir='ltr'>μέσῃ,</span> <span class='ocrx_word' id='word_1_613' title='bbox 1521 1853 1717 1890; x_wconf 78' lang='grc' dir='ltr'>πνευματικοί·</span> <span class='ocrx_word' id='word_1_614' title='bbox 1730 1854 1764 1889; x_wconf 82' lang='grc' dir='ltr'><strong>τῇ</strong></span> <span class='ocrx_word' id='word_1_615' title='bbox 1783 1852 1814 1879; x_wconf 83' lang='grc' dir='ltr'><strong>δὲ</strong></span> 
     </span>
    </p>
   </div>
   <div class='ocr_carea' id='block_1_96' title="bbox 1032 1901 1455 1938">
    <p class='ocr_par' dir='ltr' id='par_1_96' title="bbox 1032 1901 1455 1938">
     <span class='ocr_line' id='line_1_96' title="bbox 1032 1901 1455 1938; baseline -0.002 -8"><span class='ocrx_word' id='word_1_616' title='bbox 1032 1904 1213 1938; x_wconf 73' lang='grc' dir='ltr'>εἰσαγωγικῇ,</span> <span class='ocrx_word' id='word_1_617' title='bbox 1236 1903 1260 1930; x_wconf 79' lang='grc' dir='ltr'>οἱ</span> <span class='ocrx_word' id='word_1_618' title='bbox 1288 1901 1455 1937; x_wconf 78' lang='grc' dir='ltr'>φυσιολόγοι.</span> 
     </span>
    </p>
   </div>
   <div class='ocr_carea' id='block_1_97' title="bbox 1058 1945 1815 1985">
    <p class='ocr_par' dir='ltr' id='par_1_97' title="bbox 1058 1945 1815 1985">
     <span class='ocr_line' id='line_1_97' title="bbox 1058 1945 1815 1985; baseline -0.005 -9"><span class='ocrx_word' id='word_1_619' title='bbox 1058 1950 1130 1985; x_wconf 72' lang='grc' dir='ltr'>ρλςν.</span> <span class='ocrx_word' id='word_1_620' title='bbox 1149 1949 1255 1985; x_wconf 79' lang='grc' dir='ltr'>Ὥσπερ</span> <span class='ocrx_word' id='word_1_621' title='bbox 1274 1949 1304 1975; x_wconf 83' lang='grc' dir='ltr'>τὸ</span> <span class='ocrx_word' id='word_1_622' title='bbox 1324 1948 1432 1982; x_wconf 79' lang='grc' dir='ltr'>εὐγενὲς</span> <span class='ocrx_word' id='word_1_623' title='bbox 1447 1947 1493 1975; x_wconf 80' lang='grc' dir='ltr'><strong>τοῦ</strong></span> <span class='ocrx_word' id='word_1_624' title='bbox 1509 1948 1610 1974; x_wconf 83' lang='grc' dir='ltr'>κόκκου</span> <span class='ocrx_word' id='word_1_625' title='bbox 1629 1947 1673 1974; x_wconf 76' lang='grc' dir='ltr'><strong>διὰ</strong></span> <span class='ocrx_word' id='word_1_626' title='bbox 1686 1945 1733 1973; x_wconf 82' lang='grc' dir='ltr'><strong>τοῦ</strong></span> <span class='ocrx_word' id='word_1_627' title='bbox 1749 1946 1815 1973; x_wconf 82' lang='grc' dir='ltr'>στά-</span> 
     </span>
    </p>
   </div>
   <div class='ocr_carea' id='block_1_98' title="bbox 1022 1992 1814 2033">
    <p class='ocr_par' dir='ltr' id='par_1_98' title="bbox 1022 1992 1814 2033">
     <span class='ocr_line' id='line_1_98' title="bbox 1022 1992 1814 2033; baseline -0.006 -10"><span class='ocrx_word' id='word_1_628' title='bbox 1022 2006 1098 2033; x_wconf 89' lang='grc' dir='ltr'>χυος,</span> <span class='ocrx_word' id='word_1_629' title='bbox 1118 1996 1190 2023; x_wconf 78' lang='grc' dir='ltr'>οὕτω</span> <span class='ocrx_word' id='word_1_630' title='bbox 1205 1996 1253 2022; x_wconf 74' lang='grc' dir='ltr'><strong>καὶ</strong></span> <span class='ocrx_word' id='word_1_631' title='bbox 1277 1995 1308 2022; x_wconf 85' lang='grc' dir='ltr'><strong>τὺ</strong></span> <span class='ocrx_word' id='word_1_632' title='bbox 1322 1994 1468 2030; x_wconf 77' lang='grc' dir='ltr'>εἰλικρινὲς</span> <span class='ocrx_word' id='word_1_633' title='bbox 1486 1993 1537 2029; x_wconf 82' lang='grc' dir='ltr'><strong>τῆς</strong></span> <span class='ocrx_word' id='word_1_634' title='bbox 1547 1992 1663 2028; x_wconf 79' lang='grc' dir='ltr'>θεωρίας</span> <span class='ocrx_word' id='word_1_635' title='bbox 1673 1992 1717 2018; x_wconf 79' lang='grc' dir='ltr'>διὰ</span> <span class='ocrx_word' id='word_1_636' title='bbox 1733 2000 1814 2027; x_wconf 80' lang='grc' dir='ltr'>προσ-</span> 
     </span>
    </p>
   </div>
   <div class='ocr_carea' id='block_1_99' title="bbox 1021 2037 1817 2078">
    <p class='ocr_par' dir='ltr' id='par_1_99' title="bbox 1021 2037 1817 2078">
     <span class='ocr_line' id='line_1_99' title="bbox 1021 2037 1817 2078; baseline -0.008 -9"><span class='ocrx_word' id='word_1_637' title='bbox 1021 2044 1104 2078; x_wconf 75' lang='grc' dir='ltr'>ευχῆς</span> <span class='ocrx_word' id='word_1_638' title='bbox 1132 2042 1227 2069; x_wconf 77' lang='grc' dir='ltr'>εἴωθεν</span> <span class='ocrx_word' id='word_1_639' title='bbox 1249 2040 1449 2077; x_wconf 76' lang='grc' dir='ltr'>ἐμφανίζεσθαι</span> <span class='ocrx_word' id='word_1_640' title='bbox 1460 2049 1467 2056; x_wconf 86' lang='grc'><strong>·</strong></span> <span class='ocrx_word' id='word_1_641' title='bbox 1482 2040 1616 2074; x_wconf 79' lang='grc' dir='ltr'>κέκτηται</span> <span class='ocrx_word' id='word_1_642' title='bbox 1630 2038 1658 2065; x_wconf 82' lang='grc' dir='ltr'><strong>δὲ</strong></span> <span class='ocrx_word' id='word_1_643' title='bbox 1673 2039 1688 2064; x_wconf 85' lang='grc' dir='ltr'><strong>ό</strong></span> <span class='ocrx_word' id='word_1_644' title='bbox 1700 2038 1759 2074; x_wconf 82' lang='grc' dir='ltr'>μὲν,</span> <span class='ocrx_word' id='word_1_645' title='bbox 1775 2037 1817 2069; x_wconf 74' lang='lat' dir='ltr'><strong>si;</strong></span> 
     </span>
    </p>
   </div>
   <div class='ocr_carea' id='block_1_100' title="bbox 1021 2080 1818 2122">
    <p class='ocr_par' dir='ltr' id='par_1_100' title="bbox 1021 2080 1818 2122">
     <span class='ocr_line' id='line_1_100' title="bbox 1021 2080 1818 2122; baseline -0.006 -8"><span class='ocrx_word' id='word_1_646' title='bbox 1021 2086 1182 2122; x_wconf 82' lang='grc' dir='ltr'>ἀποτροπὴν</span> <span class='ocrx_word' id='word_1_647' title='bbox 1206 2085 1261 2112; x_wconf 82' lang='grc' dir='ltr'><strong>τῶν</strong></span> <span class='ocrx_word' id='word_1_648' title='bbox 1279 2084 1475 2120; x_wconf 83' lang='grc' dir='ltr'>σπερμολόγων</span> <span class='ocrx_word' id='word_1_649' title='bbox 1501 2084 1614 2119; x_wconf 76' lang='grc' dir='ltr'>ὀρνέων,</span> <span class='ocrx_word' id='word_1_650' title='bbox 1636 2080 1681 2110; x_wconf 70' lang='grc' dir='ltr'><strong>οἷά</strong></span> <span class='ocrx_word' id='word_1_651' title='bbox 1698 2091 1759 2110; x_wconf 81' lang='grc' dir='ltr'>τινα</span> <span class='ocrx_word' id='word_1_652' title='bbox 1775 2082 1818 2109; x_wconf 70' lang='grc' dir='ltr'><strong>δό-</strong></span> 
     </span>
    </p>
   </div>
   <div class='ocr_carea' id='block_1_101' title="bbox 1023 2129 1817 2170">
    <p class='ocr_par' dir='ltr' id='par_1_101' title="bbox 1023 2129 1817 2170">
     <span class='ocr_line' id='line_1_101' title="bbox 1023 2129 1817 2170; baseline -0.005 -11"><span class='ocrx_word' id='word_1_653' title='bbox 1023 2142 1103 2170; x_wconf 73' lang='grc' dir='ltr'>ρατα.</span> <span class='ocrx_word' id='word_1_654' title='bbox 1120 2133 1184 2163; x_wconf 74' lang='grc' dir='ltr'>τοὺς</span> <span class='ocrx_word' id='word_1_655' title='bbox 1205 2131 1448 2167; x_wconf 77' lang='grc' dir='ltr'>περιστοιχοῦντας</span> <span class='ocrx_word' id='word_1_656' title='bbox 1467 2130 1633 2166; x_wconf 69' lang='grc' dir='ltr'>ἀνθέρικος*</span> <span class='ocrx_word' id='word_1_657' title='bbox 1649 2130 1679 2156; x_wconf 69' lang='grc' dir='ltr'><strong>τὸ</strong></span> <span class='ocrx_word' id='word_1_658' title='bbox 1695 2129 1734 2160; x_wconf 81' lang='grc' dir='ltr'><strong>δὲ,</strong></span> <span class='ocrx_word' id='word_1_659' title='bbox 1750 2130 1817 2160; x_wconf 79' lang='grc' dir='ltr'>τοὺς</span> 
     </span>
    </p>
   </div>
   <div class='ocr_carea' id='block_1_102' title="bbox 1023 2175 1816 2213">
    <p class='ocr_par' dir='ltr' id='par_1_102' title="bbox 1023 2175 1816 2213">
     <span class='ocr_line' id='line_1_102' title="bbox 1023 2175 1816 2213; baseline -0.006 -8"><span class='ocrx_word' id='word_1_660' title='bbox 1023 2178 1233 2213; x_wconf 73' lang='grc' dir='ltr'>φιλοσοφοῦντας</span> <span class='ocrx_word' id='word_1_661' title='bbox 1254 2178 1283 2204; x_wconf 80' lang='grc' dir='ltr'>ἐν</span> <span class='ocrx_word' id='word_1_662' title='bbox 1309 2177 1473 2212; x_wconf 81' lang='grc' dir='ltr'>πειρασμοῖς</span> <span class='ocrx_word' id='word_1_663' title='bbox 1498 2175 1657 2211; x_wconf 76' lang='grc' dir='ltr'>λογισμοὺς,</span> <span class='ocrx_word' id='word_1_664' title='bbox 1680 2175 1748 2210; x_wconf 79' lang='grc' dir='ltr'>πρὸς</span> <span class='ocrx_word' id='word_1_665' title='bbox 1764 2175 1816 2210; x_wconf 83' lang='grc' dir='ltr'><strong>τὴν</strong></span> 
     </span>
    </p>
   </div>
   <div class='ocr_carea' id='block_1_103' title="bbox 1023 2224 1305 2258">
    <p class='ocr_par' dir='ltr' id='par_1_103' title="bbox 1023 2224 1305 2258">
     <span class='ocr_line' id='line_1_103' title="bbox 1023 2224 1305 2258; baseline -0.004 -8"><span class='ocrx_word' id='word_1_666' title='bbox 1023 2225 1136 2251; x_wconf 79' lang='grc' dir='ltr'>ἐκείνων</span> <span class='ocrx_word' id='word_1_667' title='bbox 1154 2224 1305 2258; x_wconf 78' lang='grc' dir='ltr'>ἀναίρεσιν.</span> 
     </span>
    </p>
   </div>
   <div class='ocr_carea' id='block_1_104' title="bbox 1060 2268 1815 2305">
    <p class='ocr_par' dir='ltr' id='par_1_104' title="bbox 1060 2268 1815 2305">
     <span class='ocr_line' id='line_1_104' title="bbox 1060 2268 1815 2305; baseline -0.004 -9"><span class='ocrx_word' id='word_1_668' title='bbox 1060 2270 1127 2305; x_wconf 65' lang='grc' dir='ltr'>ρλζν.</span> <span class='ocrx_word' id='word_1_669' title='bbox 1148 2270 1188 2296; x_wconf 81' lang='grc' dir='ltr'><strong>Τὰ</strong></span> <span class='ocrx_word' id='word_1_670' title='bbox 1202 2270 1251 2305; x_wconf 75' lang='grc' dir='ltr'><strong>μὲν</strong></span> <span class='ocrx_word' id='word_1_671' title='bbox 1266 2268 1394 2305; x_wconf 76' lang='grc' dir='ltr'>ὁρώμενα</span> <span class='ocrx_word' id='word_1_672' title='bbox 1407 2269 1458 2304; x_wconf 80' lang='grc' dir='ltr'><strong>τῆς</strong></span> <span class='ocrx_word' id='word_1_673' title='bbox 1474 2268 1574 2304; x_wconf 73' lang='grc' dir='ltr'>ψυχῆς,</span> <span class='ocrx_word' id='word_1_674' title='bbox 1598 2268 1642 2294; x_wconf 73' lang='grc' dir='ltr'><strong>διὰ</strong></span> <span class='ocrx_word' id='word_1_675' title='bbox 1667 2268 1717 2303; x_wconf 87' lang='grc' dir='ltr'>τὴν</span> <span class='ocrx_word' id='word_1_676' title='bbox 1741 2268 1815 2302; x_wconf 76' lang='grc' dir='ltr'>πρᾶ-</span> 
     </span>
    </p>
   </div>
   <div class='ocr_carea' id='block_1_105' title="bbox 1025 2313 1816 2352">
    <p class='ocr_par' dir='ltr' id='par_1_105' title="bbox 1025 2313 1816 2352">
     <span class='ocr_line' id='line_1_105' title="bbox 1025 2313 1816 2352; baseline -0.004 -9"><span class='ocrx_word' id='word_1_677' title='bbox 1025 2316 1076 2350; x_wconf 79' lang='grc' dir='ltr'>ξιν,</span> <span class='ocrx_word' id='word_1_678' title='bbox 1095 2316 1262 2352; x_wconf 78' lang='grc' dir='ltr'>περιστερᾶς</span> <span class='ocrx_word' id='word_1_679' title='bbox 1275 2315 1526 2352; x_wconf 73' lang='grc' dir='ltr'>περιηργυρωμένα</span> <span class='ocrx_word' id='word_1_680' title='bbox 1540 2313 1667 2349; x_wconf 72' lang='grc' dir='ltr'>καθάπερ</span> <span class='ocrx_word' id='word_1_681' title='bbox 1681 2314 1735 2340; x_wconf 75' lang='grc' dir='ltr'>εἰσὶ</span> <span class='ocrx_word' id='word_1_682' title='bbox 1747 2321 1816 2340; x_wconf 78' lang='grc' dir='ltr'>πτε-</span> 
     </span>
    </p>
   </div>
   <div class='ocr_carea' id='block_1_106' title="bbox 768 2404 1036 2437">
    <p class='ocr_par' dir='ltr' id='par_1_106' title="bbox 768 2404 1036 2437">
     <span class='ocr_line' id='line_1_106' title="bbox 768 2404 1036 2437; baseline 0 -6"><span class='ocrx_word' id='word_1_683' title='bbox 768 2404 789 2420; x_wconf 89' lang='grc'><strong>³⁷</strong></span> <span class='ocrx_word' id='word_1_684' title='bbox 806 2404 877 2431; x_wconf 85' lang='lat' dir='ltr'><strong>Psal.</strong></span> <span class='ocrx_word' id='word_1_685' title='bbox 896 2412 975 2437; x_wconf 72' lang='lat' dir='ltr'><strong>van,</strong></span> <span class='ocrx_word' id='word_1_686' title='bbox 994 2405 1036 2432; x_wconf 72' lang='lat'><strong>14.</strong></span> 
     </span>
    </p>
   </div>
   <div class='ocr_carea' id='block_1_107' title="bbox 1025 2485 1326 2517">
    <p class='ocr_par' dir='ltr' id='par_1_107' title="bbox 1025 2485 1326 2517">
     <span class='ocr_line' id='line_1_107' title="bbox 1025 2485 1326 2517; baseline -0.007 -4"><span class='ocrx_word' id='word_1_687' title='bbox 1025 2494 1081 2517; x_wconf 87' lang='lat' dir='ltr'><strong>res,</strong></span> <span class='ocrx_word' id='word_1_688' title='bbox 1094 2486 1142 2514; x_wconf 79' lang='lat' dir='ltr'><strong>ita.</strong></span> <span class='ocrx_word' id='word_1_689' title='bbox 1161 2485 1250 2512; x_wconf 85' lang='lat' dir='ltr'><strong>vocati</strong></span> <span class='ocrx_word' id='word_1_690' title='bbox 1259 2485 1326 2517; x_wconf 77' lang='grc' dir='ltr'>νόες.</span> 
     </span>
    </p>
   </div>
   <div class='ocr_carea' id='block_1_108' title="bbox 1063 2520 1815 2556">
    <p class='ocr_par' dir='ltr' id='par_1_108' title="bbox 1063 2520 1815 2556">
     <span class='ocr_line' id='line_1_108' title="bbox 1063 2520 1815 2556; baseline 0 -8"><span class='ocrx_word' id='word_1_691' title='bbox 1063 2521 1097 2556; x_wconf 77' lang='lat' dir='ltr'><strong>(z)</strong></span> <span class='ocrx_word' id='word_1_692' title='bbox 1115 2521 1171 2548; x_wconf 80' lang='grc' dir='ltr'><strong>Τὸν</strong></span> <span class='ocrx_word' id='word_1_693' title='bbox 1187 2520 1240 2554; x_wconf 81' lang='grc' dir='ltr'><strong>τῆς</strong></span> <span class='ocrx_word' id='word_1_694' title='bbox 1251 2520 1604 2556; x_wconf 20' lang='grc' dir='ltr'>γκενοδοξίαςνλογισμόν.</span> <span class='ocrx_word' id='word_1_695' title='bbox 1618 2521 1720 2548; x_wconf 86' lang='lat' dir='ltr'><strong>Vitium</strong></span> <span class='ocrx_word' id='word_1_696' title='bbox 1733 2527 1815 2548; x_wconf 87' lang='lat' dir='ltr'><strong>sonat</strong></span> 
     </span>
    </p>
   </div>
   <div class='ocr_carea' id='block_1_109' title="bbox 1027 2555 1815 2587">
    <p class='ocr_par' dir='ltr' id='par_1_109' title="bbox 1027 2555 1815 2587">
     <span class='ocr_line' id='line_1_109' title="bbox 1027 2555 1815 2587; baseline -0.003 -4"><span class='ocrx_word' id='word_1_697' title='bbox 1027 2557 1074 2583; x_wconf 89' lang='lat' dir='ltr'><strong>illa</strong></span> <span class='ocrx_word' id='word_1_698' title='bbox 1085 2564 1148 2587; x_wconf 85' lang='lat' dir='ltr'><strong>vox,</strong></span> <span class='ocrx_word' id='word_1_699' title='bbox 1167 2564 1230 2583; x_wconf 92' lang='lat' dir='ltr'><strong>cum</strong></span> <span class='ocrx_word' id='word_1_700' title='bbox 1242 2555 1276 2583; x_wconf 89' lang='lat' dir='ltr'><strong>de</strong></span> <span class='ocrx_word' id='word_1_701' title='bbox 1293 2556 1395 2583; x_wconf 87' lang='lat' dir='ltr'><strong>talibus</strong></span> <span class='ocrx_word' id='word_1_702' title='bbox 1415 2555 1528 2583; x_wconf 90' lang='lat' dir='ltr'><strong>dicitur.</strong></span> <span class='ocrx_word' id='word_1_703' title='bbox 1549 2555 1669 2583; x_wconf 82' lang='lat' dir='ltr'><strong>Vitiosas</strong></span> <span class='ocrx_word' id='word_1_704' title='bbox 1696 2557 1743 2583; x_wconf 87' lang='lat' dir='ltr'><strong>alii</strong></span> <span class='ocrx_word' id='word_1_705' title='bbox 1769 2565 1815 2583; x_wconf 80' lang='lat' dir='ltr'><strong>co—</strong></span> 
     </span>
    </p>
   </div>
   <div class='ocr_carea' id='block_1_110' title="bbox 1024 2591 1814 2626">
    <p class='ocr_par' dir='ltr' id='par_1_110' title="bbox 1024 2591 1814 2626">
     <span class='ocr_line' id='line_1_110' title="bbox 1024 2591 1814 2626; baseline 0 -8"><span class='ocrx_word' id='word_1_706' title='bbox 1024 2592 1191 2625; x_wconf 72' lang='lat' dir='ltr'><strong>gitationes.</strong></span> <span class='ocrx_word' id='word_1_707' title='bbox 1216 2596 1326 2624; x_wconf 85' lang='lat' dir='ltr'><strong>vocant,</strong></span> <span class='ocrx_word' id='word_1_708' title='bbox 1353 2591 1387 2618; x_wconf 89' lang='lat' dir='ltr'><strong>de</strong></span> <span class='ocrx_word' id='word_1_709' title='bbox 1417 2591 1520 2626; x_wconf 88' lang='lat' dir='ltr'><strong>quibus</strong></span> <span class='ocrx_word' id='word_1_710' title='bbox 1539 2595 1648 2618; x_wconf 82' lang='lat' dir='ltr'><strong>exstant</strong></span> <span class='ocrx_word' id='word_1_711' title='bbox 1674 2591 1814 2623; x_wconf 78' lang='lat' dir='ltr'><strong>Cassiani,</strong></span> 
     </span>
    </p>
   </div>
   <div class='ocr_carea' id='block_1_111' title="bbox 1024 2625 1814 2661">
    <p class='ocr_par' dir='ltr' id='par_1_111' title="bbox 1024 2625 1814 2661">
     <span class='ocr_line' id='line_1_111' title="bbox 1024 2625 1814 2661; baseline -0.003 -7"><span class='ocrx_word' id='word_1_712' title='bbox 1024 2627 1089 2658; x_wconf 89' lang='lat' dir='ltr'><strong>Nili,</strong></span> <span class='ocrx_word' id='word_1_713' title='bbox 1106 2631 1134 2654; x_wconf 89' lang='lat' dir='ltr'><strong>et</strong></span> <span class='ocrx_word' id='word_1_714' title='bbox 1153 2626 1271 2653; x_wconf 87' lang='lat' dir='ltr'><strong>aliorum</strong></span> <span class='ocrx_word' id='word_1_715' title='bbox 1291 2630 1434 2653; x_wconf 87' lang='lat' dir='ltr'><strong>tractatus.</strong></span> <span class='ocrx_word' id='word_1_716' title='bbox 1449 2625 1562 2661; x_wconf 87' lang='lat' dir='ltr'><strong>Septem</strong></span> <span class='ocrx_word' id='word_1_717' title='bbox 1582 2634 1648 2661; x_wconf 82' lang='lat' dir='ltr'><strong>ergo</strong></span> <span class='ocrx_word' id='word_1_718' title='bbox 1664 2635 1713 2653; x_wconf 85' lang='lat' dir='ltr'><strong>seu</strong></span> <span class='ocrx_word' id='word_1_719' title='bbox 1724 2627 1814 2658; x_wconf 77' lang='lat' dir='ltr'><strong>vitiis,</strong></span> 
     </span>
    </p>
   </div>
   <div class='ocr_carea' id='block_1_112' title="bbox 1025 2661 1816 2696">
    <p class='ocr_par' dir='ltr' id='par_1_112' title="bbox 1025 2661 1816 2696">
     <span class='ocr_line' id='line_1_112' title="bbox 1025 2661 1816 2696; baseline -0.001 -7"><span class='ocrx_word' id='word_1_720' title='bbox 1025 2669 1075 2689; x_wconf 86' lang='lat' dir='ltr'><strong>seu</strong></span> <span class='ocrx_word' id='word_1_721' title='bbox 1091 2661 1201 2689; x_wconf 87' lang='lat' dir='ltr'><strong>vitiosis</strong></span> <span class='ocrx_word' id='word_1_722' title='bbox 1221 2661 1450 2696; x_wconf 82' lang='lat' dir='ltr'><strong>cogitationibus,</strong></span> <span class='ocrx_word' id='word_1_723' title='bbox 1475 2661 1591 2696; x_wconf 87' lang='lat' dir='ltr'><strong>ipsaque</strong></span> <span class='ocrx_word' id='word_1_724' title='bbox 1610 2666 1750 2696; x_wconf 85' lang='lat' dir='ltr'><strong>postremo</strong></span> <span class='ocrx_word' id='word_1_725' title='bbox 1767 2670 1816 2688; x_wconf 74' lang='lat' dir='ltr'><strong>ex-</strong></span> 
     </span>
    </p>
   </div>
   <div class='ocr_carea' id='block_1_113' title="bbox 1021 2696 1814 2731">
    <p class='ocr_par' dir='ltr' id='par_1_113' title="bbox 1021 2696 1814 2731">
     <span class='ocr_line' id='line_1_113' title="bbox 1021 2696 1814 2731; baseline -0.001 -7"><span class='ocrx_word' id='word_1_726' title='bbox 1021 2704 1101 2724; x_wconf 87' lang='lat' dir='ltr'><strong>cussa</strong></span> <span class='ocrx_word' id='word_1_727' title='bbox 1120 2697 1211 2723; x_wconf 86' lang='lat' dir='ltr'><strong>inanis</strong></span> <span class='ocrx_word' id='word_1_728' title='bbox 1235 2696 1330 2731; x_wconf 80' lang='lat' dir='ltr'><strong>gloriae</strong></span> <span class='ocrx_word' id='word_1_729' title='bbox 1354 2696 1442 2728; x_wconf 85' lang='lat' dir='ltr'><strong>labes,</strong></span> <span class='ocrx_word' id='word_1_730' title='bbox 1476 2701 1614 2731; x_wconf 77' lang='lat' dir='ltr'><strong>superest,</strong></span> <span class='ocrx_word' id='word_1_731' title='bbox 1640 2703 1671 2724; x_wconf 86' lang='grc' dir='ltr'><strong>ιιι</strong></span> <span class='ocrx_word' id='word_1_732' title='bbox 1686 2702 1814 2723; x_wconf 77' lang='lat' dir='ltr'><strong>octavam</strong></span> 
     </span>
    </p>
   </div>
   <div class='ocr_carea' id='block_1_114' title="bbox 1021 2731 1814 2767">
    <p class='ocr_par' dir='ltr' id='par_1_114' title="bbox 1021 2731 1814 2767">
     <span class='ocr_line' id='line_1_114' title="bbox 1021 2731 1814 2767; baseline -0.001 -9"><span class='ocrx_word' id='word_1_733' title='bbox 1021 2732 1229 2767; x_wconf 80' lang='lat' dir='ltr'><strong>cogitationem.</strong></span> <span class='ocrx_word' id='word_1_734' title='bbox 1239 2739 1295 2758; x_wconf 89' lang='lat' dir='ltr'><strong>non</strong></span> <span class='ocrx_word' id='word_1_735' title='bbox 1308 2732 1364 2766; x_wconf 89' lang='lat' dir='ltr'><strong>jam</strong></span> <span class='ocrx_word' id='word_1_736' title='bbox 1381 2732 1522 2763; x_wconf 86' lang='lat' dir='ltr'><strong>vitiosam,</strong></span> <span class='ocrx_word' id='word_1_737' title='bbox 1537 2731 1583 2758; x_wconf 86' lang='lat' dir='ltr'><strong>sed</strong></span> <span class='ocrx_word' id='word_1_738' title='bbox 1597 2740 1658 2766; x_wconf 75' lang='lat' dir='ltr'><strong>qua:</strong></span> <span class='ocrx_word' id='word_1_739' title='bbox 1671 2732 1749 2767; x_wconf 80' lang='lat' dir='ltr'><strong>vitiis</strong></span> <span class='ocrx_word' id='word_1_740' title='bbox 1764 2740 1814 2758; x_wconf 78' lang='lat' dir='ltr'><strong>seu</strong></span> 
     </span>
    </p>
   </div>
   <div class='ocr_carea' id='block_1_115' title="bbox 1021 2766 1813 2801">
    <p class='ocr_par' dir='ltr' id='par_1_115' title="bbox 1021 2766 1813 2801">
     <span class='ocr_line' id='line_1_115' title="bbox 1021 2766 1813 2801; baseline -0.003 -7"><span class='ocrx_word' id='word_1_741' title='bbox 1021 2766 1168 2794; x_wconf 59' lang='lat' dir='ltr'><strong>aiftctibus</strong></span> <span class='ocrx_word' id='word_1_742' title='bbox 1204 2766 1352 2793; x_wconf 83' lang='lat' dir='ltr'><strong>eliminatis</strong></span> <span class='ocrx_word' id='word_1_743' title='bbox 1386 2767 1532 2799; x_wconf 87' lang='lat' dir='ltr'><strong>succedit,</strong></span> <span class='ocrx_word' id='word_1_744' title='bbox 1561 2766 1813 2801; x_wconf 77' lang='lat' dir='ltr'><strong>superinduamus;</strong></span> 
     </span>
    </p>
   </div>
   <div class='ocr_carea' id='block_1_116' title="bbox 1023 2800 1815 2837">
    <p class='ocr_par' dir='ltr' id='par_1_116' title="bbox 1023 2800 1815 2837">
     <span class='ocr_line' id='line_1_116' title="bbox 1023 2800 1815 2837; baseline -0.004 -8"><span class='ocrx_word' id='word_1_745' title='bbox 1023 2810 1106 2837; x_wconf 90' lang='lat' dir='ltr'><strong>quam</strong></span> <span class='ocrx_word' id='word_1_746' title='bbox 1134 2802 1310 2830; x_wconf 76' lang='lat' dir='ltr'><strong>communitis</strong></span> <span class='ocrx_word' id='word_1_747' title='bbox 1323 2802 1457 2830; x_wconf 75' lang='lat' dir='ltr'><strong>Maximus</strong></span> <span class='ocrx_word' id='word_1_748' title='bbox 1469 2802 1572 2836; x_wconf 87' lang='lat' dir='ltr'><strong>aliique</strong></span> <span class='ocrx_word' id='word_1_749' title='bbox 1597 2800 1737 2837; x_wconf 74' lang='lat' dir='ltr'><strong>spiritales</strong></span> <span class='ocrx_word' id='word_1_750' title='bbox 1764 2800 1815 2835; x_wconf 82' lang='grc' dir='ltr'><strong>τὴν</strong></span> 
     </span>
    </p>
   </div>
   <div class='ocr_carea' id='block_1_117' title="bbox 1023 2836 1815 2872">
    <p class='ocr_par' dir='ltr' id='par_1_117' title="bbox 1023 2836 1815 2872">
     <span class='ocr_line' id='line_1_117' title="bbox 1023 2836 1815 2872; baseline -0.001 -8"><span class='ocrx_word' id='word_1_751' title='bbox 1023 2836 1159 2864; x_wconf 73' lang='grc' dir='ltr'>ἀπάθειαν</span> <span class='ocrx_word' id='word_1_752' title='bbox 1173 2841 1294 2866; x_wconf 79' lang='lat' dir='ltr'><strong>vocant;</strong></span> <span class='ocrx_word' id='word_1_753' title='bbox 1317 2837 1490 2865; x_wconf 78' lang='lat' dir='ltr'><strong>domicilium</strong></span> <span class='ocrx_word' id='word_1_754' title='bbox 1517 2838 1640 2869; x_wconf 72' lang='lat' dir='ltr'><strong>cmlcstc,</strong></span> <span class='ocrx_word' id='word_1_755' title='bbox 1663 2836 1739 2872; x_wconf 87' lang='lat' dir='ltr'><strong>quod</strong></span> <span class='ocrx_word' id='word_1_756' title='bbox 1767 2842 1815 2871; x_wconf 71' lang='lat' dir='ltr'><strong>ge-</strong></span> 
     </span>
    </p>
   </div>
   <div class='ocr_carea' id='block_1_118' title="bbox 1025 2873 1462 2907">
    <p class='ocr_par' dir='ltr' id='par_1_118' title="bbox 1025 2873 1462 2907">
     <span class='ocr_line' id='line_1_118' title="bbox 1025 2873 1462 2907; baseline 0 -8"><span class='ocrx_word' id='word_1_757' title='bbox 1025 2873 1138 2900; x_wconf 61' lang='lat' dir='ltr'><strong>mitibus</strong></span> <span class='ocrx_word' id='word_1_758' title='bbox 1147 2882 1177 2900; x_wconf 89' lang='lat' dir='ltr'><strong>ac</strong></span> <span class='ocrx_word' id='word_1_759' title='bbox 1191 2873 1316 2906; x_wconf 65' lang='lat' dir='ltr'><strong>iacryinis</strong></span> <span class='ocrx_word' id='word_1_760' title='bbox 1340 2877 1462 2907; x_wconf 80' lang='lat' dir='ltr'><strong>paratur.</strong></span> 
     </span>
    </p>
   </div>
  </div>
