1946 3074
186 165 253 199 1435

772 163 802 193 S.
823 161 967 192 ΜΛΧΙΜΙ
988 160 1242 191 CONFESSORIS

1756 159 1823 192 1-136

183 224 421 261 contemplationi.
440 223 516 251 Alter
531 222 644 258 quidem
664 221 692 249 in
708 222 752 249 his
768 220 980 256 philosophatur

1040 219 1146 250 κτικός.
1168 219 1197 245 '0
1212 219 1263 254 μὲν
1278 219 1307 246 ἐν
1322 220 1378 251 τοῖς
1388 218 1459 246 κατὰ
1471 218 1552 253 φύσιν
1567 217 1724 254 φιλοσοφῶν
1736 227 1742 233 ⁸
1758 221 1772 246 6
1782 220 1821 253 δὲ,

184 282 246 311 qum
258 278 323 301 sunt
337 279 371 299 ex
386 274 498 303 natura;
513 269 581 296 alter
593 276 660 296 vero
673 267 701 294 in
714 267 840 294 oratione
856 266 980 301 seipsum

187 320 288 348 nescit.

219 365 279 392 H7.
301 363 360 391 Non
377 361 480 390 sinitur
495 360 602 388 activus
617 359 722 387 diutius
738 359 765 385 in
782 357 902 393 spiritali
919 364 981 383 con-

185 410 363 446 templatione
384 407 498 436 morari.
520 407 665 434 invenitur
686 405 760 433 enim
782 409 812 432 ut
835 403 908 439 apud
931 402 981 429 ali-

184 466 268 494 quem
293 455 416 491 hospitio
438 458 582 490 exceptus,
602 461 635 481 ac
656 453 705 488 qui
727 452 782 480 cito
805 451 879 478 illius
899 449 982 476 domo

185 504 358 541 egrediatur.

222 551 284 579 MS.
304 549 501 585 ingrediuntur
518 547 601 575 activi
626 547 699 574 inter
716 543 864 576 orandum,
885 546 981 578 portas

186 597 379 626 mandatorum
392 595 455 628 Dei;
468 600 497 622 ut
508 602 575 622 vero
583 592 704 629 658i]:
721 591 791 618 atria
803 591 937 618 virtutum
953 589 980 615 in

186 642 314 674 canticis,
338 639 556 676 contemplativi.
585 639 638 666 Alii
659 638 761 673 gratias
786 639 882 671 agunt,
906 634 981 670 quod

187 687 271 716 soluti
288 687 405 714 vinculis
421 690 502 719 sunt;
521 685 577 718 alii,
593 683 666 720 quod
690 688 718 711 et
739 683 864 718 captivos
887 681 983 709 hostes

187 741 254 761 SIIOS
266 737 412 768 ceperunt.

225 777 286 805 “9.
307 778 426 806 Necesse
452 780 495 805 est
519 783 571 811 pro
592 775 710 803 actionis
735 774 841 810 vigore,
867 781 929 801 esse
954 777 983 800 et

189 822 447 857 contemplationis;
463 829 498 849 ne
511 821 587 849 velut
603 820 632 848 in
643 821 706 848 navi
721 828 776 847 non
788 819 982 848 convenienti—

188 867 242 895 bus
266 867 404 903 justisque
434 867 502 894 velis
528 866 683 898 instructa,
716 865 759 893 vel
789 873 844 900 pra:
871 864 982 891 illorum

188 913 332 941 nimietate
347 913 557 940 vehementiore
572 912 639 939 ﬂatu
652 911 739 939 aleam
755 910 865 943 subeat,
876 910 920 938 vel
933 918 983 945 pro

189 958 301 986 illorum
329 966 362 986 ex
389 958 492 994 navigii
519 958 627 986 ratione
654 957 809 993 parvitate,
838 959 984 984 ventorum

188 1005 325 1041 jacturam
342 1005 434 1033 faciat.

226 1050 288 1078 150.
308 1051 375 1087 Ejus
395 1049 498 1086 navigii
515 1050 590 1086 quod
605 1051 713 1078 ratione
734 1049 850 1086 regitur,
866 1049 985 1084 remiges

190 1097 281 1132 cogita
299 1097 359 1132 pias
378 1097 569 1133 cogitationes.
586 1098 699 1130 Remos,
719 1096 818 1124 vitales
838 1096 925 1123 animi
941 1095 984 1123 fa-

191 1142 319 1175 cultates,
335 1143 405 1170 iram
420 1147 448 1170 et
460 1143 651 1178 cupiditatem,
666 1143 837 1170 voluntatem
850 1146 879 1170 et
894 1141 985 1169 consi-

192 1188 273 1216 lium.
293 1188 342 1217 His
359 1197 468 1225 semper
489 1197 559 1225 opus
576 1189 670 1221 habet,
687 1189 735 1225 qui
752 1188 854 1217 actioni
870 1188 983 1216 studet:

194 1243 250 1263 non
269 1243 378 1270 semper
393 1241 486 1264 autem
505 1236 553 1271 qui
572 1236 666 1263 studet
682 1234 920 1270 contemplationi.
934 1235 985 1262 llic

192 1283 266 1310 enim
289 1283 363 1310 inter
386 1282 521 1310 orandum
548 1283 656 1310 eunetis
681 1282 774 1310 valere
796 1282 898 1317 jussis,
927 1281 985 1317 ipse

191 1327 312 1362 seipsum
327 1328 361 1354 ad
372 1327 469 1363 judicii
481 1331 618 1363 certaeque
631 1327 797 1362 cognitionis
808 1327 915 1354 clavum
928 1327 985 1354 col-

190 1374 304 1406 locans,
333 1378 444 1402 nmtem
471 1378 555 1401 totum
582 1373 824 1409 contemplationis
851 1372 984 1400 insomnis

191 1420 257 1455 agit,
271 1420 354 1456 hujus
369 1428 461 1448 rermn
482 1420 671 1448 universitatis
684 1419 871 1447 conservatori
888 1419 985 1446 laudes

191 1465 322 1492 oﬂ‘erens.
348 1465 402 1492 Sed
424 1469 452 1493 ct
475 1465 641 1500 quandoque
662 1465 826 1492 amatorium
845 1465 984 1500 quoddam

191 1510 278 1538 melos
294 1518 454 1542 assumens,
471 1518 522 1538 suo
537 1511 624 1546 ipsius
640 1511 741 1538 accinit
757 1511 862 1542 animo,
885 1509 984 1545 reliqui

1032 265 1079 291 καὶ
1095 266 1192 292 ἑαυτὸν
1205 265 1311 300 ἀγνοῶν
1329 267 1357 298 ὲν
1368 265 1407 301 τῷ
1423 265 1562 300 εὔχεσθαι.

1068 365 1139 399 ρμζ’.
1156 364 1192 392 Οὐ
1215 366 1398 400 συγχωρεῖται
1411 365 1425 391 6
1442 365 1596 400 πρακτικὸς
1610 365 1651 397 εἰς
1675 374 1826 400 πνευματι-

1031 409 1083 445 κὴν
1098 411 1143 437 ἐπὶ
1161 411 1229 438 πολὺ
1244 411 1362 446 θεωρίαν
1377 412 1567 447 ἂγκαρτερείν.
1586 411 1755 447 Εὑρίσκεται
1771 412 1826 447 γὰρ

1032 456 1069 488 ὡς
1085 456 1260 489 ἑπιξενωθείς
1272 465 1337 489 τινι,
1354 457 1401 483 καὶ
1420 457 1470 493 τῆς
1485 457 1591 484 ἐκείνου
1607 458 1714 494 ταχέως
1731 458 1823 489 οἰκίας

1032 501 1265 538 ὑπεξερχόμενος.

1069 551 1143 584 ρμη’.
1160 549 1204 575 ‘Ev
1215 548 1314 580 πύλαις
1327 548 1376 583 μὲν
1388 548 1558 583 εἰσέρχονται
1569 549 1594 575 οἰ
1610 549 1758 583 πρακτικοὶ
1771 549 1826 576 τῶν

1033 594 1149 621 ἐντολῶν
1172 594 1220 621 τοῦ
1241 593 1309 620 Θεοῦ
1331 594 1361 620 ὲν
1381 593 1420 628 τῷ
1435 593 1564 628 εὔχεσθαι
1575 602 1581 608 ·
1595 593 1632 626 ὡς
1643 594 1672 620 ὲν
1687 594 1782 626 αὐλαῖς
1799 594 1827 620 δὲ

1033 640 1138 676 ἀρετῶν
1151 640 1190 667 ›ἐν
1217 639 1322 675 ὕμνοις,
1339 640 1362 666 ei
1380 639 1561 675 θεωρητικοί·
1588 640 1612 666 oi
1641 640 1690 675 μὲν
1713 639 1826 675 εὐχαρι-

1033 687 1170 719 στοῦντες,
1190 687 1231 713 ὅτι
1253 686 1388 722 ἐλύθησαν
1409 687 1464 714 τῶν
1478 686 1601 722 δεσμῶν·
1619 687 1647 713 οἱ
1663 687 1701 718 δὲ,
1717 687 1759 713 ὅτι
1779 687 1827 713 καὶ

1033 733 1224 769 αἰχμαλώτους
1235 733 1364 768 εἰλήφασι
1379 733 1444 764 τοὺς
1455 732 1644 768 πολεμοῦντας
1660 732 1772 765 αὐτούς.

1071 780 1143 814 ρμθ’.
1158 779 1218 814 Χρὴ
1241 778 1312 806 κατὰ
1327 778 1359 806 τὸ
1383 779 1433 814 τῆς
1456 779 1614 814 πρακτικῆς
1638 779 1749 814 κράτος,
1778 779 1826 806 καὶ

1032 824 1063 851 τὸ
1078 824 1127 860 τῆς
1142 823 1259 860 θεωρίας
1283 823 1469 860 εὑρίσκεσθαι,
1485 824 1527 850 ῐνα
1544 824 1581 859 μὴ
1599 824 1662 851 καθ’
1679 825 1826 860 ὁμοιότητα

1034 871 1127 898 πλοίου
1142 870 1190 898 τοῦ
1207 870 1244 906 μὴ
1259 869 1416 905 κατάλληλα
1437 869 1472 897 τὰ
1491 869 1564 897 ἱστία
1582 870 1825 906 ὲπιφερομένου,ῆ

1034 916 1156 943 κίνδυνον
1171 915 1308 952 ὑπομείνῃ
1329 917 1358 942 ὲν
1380 916 1489 950 ἀνέμων
1517 915 1696 951 σφοδρότησιν
1710 916 1755 943 διὰ
1778 915 1827 951 τὴν

1035 962 1172 997 ἀμετρίαν
1190 961 1291 994 αὐτῶν,
1310 961 1327 997 ἢ
1342 961 1444 997 ζημίαν
1460 963 1624 997 πνευμάτων
1639 962 1683 989 διὰ
1692 961 1742 998 τὴν
1758 962 1828 998 πρὸς

1034 1009 1065 1035 τὸ
1083 1009 1186 1043 σκάφος
1202 1008 1385 1044 σμικρότητα.

1071 1058 1121 1090 ρν¹.
1145 1053 1259 1090 Ἑρέτας
1289 1054 1339 1089 μὲν
1361 1053 1409 1081 τοῦ
1430 1053 1542 1088 λογικοῦ
1571 1054 1677 1087 πλοίου,
1698 1055 1828 1087 νόειτοὺς

1035 1101 1158 1132 εὐσεϐεῖς
1179 1100 1344 1136 λογισμούς⁸
1364 1100 1461 1132 κώπας
1487 1100 1527 1134 δὲ,
1544 1101 1594 1132 τὰς
1609 1101 1729 1133 ζωτικάς
1742 1102 1825 1128 δυνά-

1036 1155 1097 1183 μεις
1110 1147 1158 1182 τῆς
1171 1146 1271 1182 ψυχῆς,
1287 1146 1373 1182 θυμὸν
1388 1147 1437 1174 καὶ
1461 1147 1620 1182 ἐπιθυμίαν.
1639 1147 1766 1184 βούλησιν
1780 1148 1828 1175 καὶ

1035 1193 1206 1228 προαίρεσιν.
1232 1192 1342 1218 Τούτων
1370 1193 1384 1219 6
1415 1192 1465 1228 μὲν
1496 1193 1660 1228 πρακτικὸς,
1690 1194 1719 1220 ὲν
1745 1194 1829 1229 χρεία

1035 1238 1093 1264 ἐστὶ
1117 1238 1233 1265 πάντοτε
1246 1245 1252 1252 ³
1266 1237 1296 1264 οὐ
1313 1237 1429 1264 πάντοτε
1443 1238 1471 1264 δὲ
1487 1238 1500 1264 6
1515 1238 1691 1278 θεωρητικός.
1715 1239 1759 1265 Ἐν
1773 1239 1827 1276 γὰρ

1034 1283 1073 1318 τῷ
1090 1283 1178 1319 καιρῷ
1196 1283 1247 1319 τῆς
1275 1283 1358 1319 εὐχῆς
1381 1284 1486 1320 χαίρειν
1512 1282 1589 1317 οὗτος
1621 1286 1704 1312 πᾶσιν
1730 1285 1826 1319 εἰπὼν,

1035 1328 1117 1360 αὐτὸς
1135 1329 1231 1355 ἑαυτὸν
1247 1329 1293 1356 ἐπὶ
1307 1329 1362 1356 τῶν
1379 1329 1429 1365 τῆς
1448 1330 1622 1365 διαγνώσεως
1635 1331 1736 1358 οἰάκων
1757 1331 1827 1358 καθ-

1037 1375 1110 1408 ίζων,
1126 1375 1171 1402 διὰ
1189 1375 1280 1411 πάσης
1296 1376 1433 1412 ἐγρήγορε
1447 1376 1495 1412 τῆς
1511 1377 1582 1403 κατὰ
1591 1377 1708 1412 θεωρίαν
1717 1378 1825 1409 νυκτὸς,

1035 1421 1152 1453 αἰνέσεις
1165 1422 1312 1456 προσάγων
1332 1422 1372 1457 τῷ
1391 1423 1498 1457 συνοχεῖ
1512 1422 1559 1449 τοῦ
1575 1423 1686 1453 παντός,
1705 1423 1759 1450 Καί
1774 1423 1827 1450 πού

1038 1474 1066 1492 τι
1084 1467 1131 1492 καὶ
1158 1466 1238 1501 μέλος
1263 1467 1396 1501 ἐρωτικὸν
1423 1467 1636 1502 ἀναλαϐόμενος,
1665 1469 1697 1503 τῇ
1727 1468 1827 1494 ἑαυτοῦ

1036 1512 1202 1547 προσεπᾲδει
1212 1512 1296 1548 ψυχῇ,
1310 1512 1373 1544 τοὺς
1392 1514 1441 1548 τῆς
1456 1513 1539 1547 ἄλλης
1550 1513 1688 1548 θαλάσσης
1708 1514 1830 1540 ἀποσκο-

192 1556 277 1582 maris
304 1556 437 1583 elationes
459 1556 647 1588 considerans,
673 1564 705 1583 ac
732 1556 809 1582 velut
836 1555 984 1582 frementes

1040 1557 1095 1583 πῶν
1113 1558 1328 1593 μετεωρισμοὺς,
1344 1558 1392 1583 καλ,
1408 1557 1445 1589 ὡς
1461 1558 1572 1593 ῥοθῐζας
1594 1559 1715 1594 κινήσεις
1731 1559 1780 1593 (b),
1793 1559 1829 1585 τὰ

191 1601 293 1629 ﬂuctus
304 1602 338 1633 ",
359 1602 451 1629 divina
473 1602 558 1629 verba
580 1610 612 1629 ac
627 1602 839 1636 justifieationes
859 1605 983 1636 stupens.

228 1649 289 1676 151.
309 1649 361 1682 Qui
379 1649 469 1676 medio
481 1657 510 1676 se
524 1649 606 1676 modo
623 1650 706 1676 habet
720 1650 793 1677 inter
807 1649 942 1676 actionem
957 1653 985 1677 et

190 1694 466 1728 contemplationem,
486 1702 537 1722 nec
554 1702 663 1729 semper
680 1699 826 1722 nautarum
848 1702 923 1722 more
944 1703 986 1722 re-

193 1739 312 1775 migandi
337 1739 432 1767 labore
460 1739 661 1775 navigationem
687 1740 763 1771 facit,
789 1747 840 1767 nec
867 1747 985 1775 prorsus

191 1787 365 1822 spiritalibus
379 1787 462 1820 velis;
479 1788 528 1815 sed
548 1788 672 1822 utrisque
694 1787 782 1814 felicis
799 1795 878 1814 usum
895 1788 985 1822 explet

191 1834 372 1869 navigationis
387 1843 394 1860 :
411 1834 531 1861 dulciter
546 1834 637 1861 ferens
654 1841 715 1860 ctnn
734 1833 849 1860 actionis
865 1833 984 1866 labores,

191 1887 245 1914 qua
265 1881 308 1907 vel
325 1880 434 1907 modice
457 1880 543 1915 fulget
564 1879 807 1914 contemplationis
828 1879 900 1911 lucc,
927 1883 984 1906 tum

192 1925 360 1960 imperfecta:
383 1925 504 1953 rationes
524 1926 778 1960 contemplationis,
800 1933 834 1952 ex
857 1925 985 1961 adjuncta

192 1971 310 1998 actionis
326 1979 389 2006 ope.

230 2018 290 2049 152.
310 2017 543 2053 Contemplationi
561 2018 682 2051 deditus,
701 2023 830 2045 naturam
848 2018 985 2045 voluntati

191 2063 315 2098 proclive
335 2064 468 2091 asseclam
492 2064 608 2097 habens,
627 2065 703 2091 velut
727 2064 866 2091 secundus
887 2069 985 2098 sponte

192 2108 293 2142 ﬂuxus,
320 2110 397 2137 nullo
422 2110 517 2138 labore
540 2111 743 2145 navigationem
767 2110 833 2137 facit
848 2119 853 2136 :
868 2109 986 2136 actionis

192 2159 285 2182 autem
301 2155 400 2188 cultor,
416 2155 591 2183 aﬁeetioncm
607 2164 639 2183 ac
651 2155 795 2183 libidinem
814 2159 920 2182 natura:
935 2155 984 2182 ad-

192 2205 348 2228 versantem
367 2206 475 2233 naetus.
498 2201 696 2236 cogitationum
718 2201 907 2228 eollidentium
923 2209 985 2236 pro-

1037 1601 1096 1628 θεία
1109 1601 1369 1637 καταπληττόμενος
1393 1603 1505 1638 ῥήματά
1521 1611 1550 1629 τε
1572 1604 1619 1630 καὶ
1642 1604 1828 1639 δικαιώματα.

1074 1649 1143 1681 ρνα’.
1164 1647 1192 1673 Ὀ
1218 1647 1308 1682 μέσως
1336 1646 1406 1682 ἔχων
1432 1647 1496 1682 περὶ
1522 1647 1621 1682 πρᾶξιν
1636 1648 1684 1674 καὶ
1697 1648 1828 1682 θεωρίαν,

1035 1691 1098 1718 οὔτε
1111 1692 1197 1727 πάντη
1214 1693 1273 1723 ταῖς
1289 1691 1396 1724 κώπαις
1412 1693 1482 1719 κατὰ
1499 1694 1562 1725 τοὺς
1575 1694 1719 1724 ναυτικοὲς
1741 1694 1830 1720 ποιεῖ-

1035 1746 1079 1764 ται
1107 1738 1153 1764 τὸν
1175 1738 1275 1770 πλοῦν,
1304 1738 1361 1764 οὔθ’
1387 1738 1466 1771 ὅλως,
1485 1740 1541 1770 τοῖς
1570 1740 1676 1774 νοητοῖς
1710 1739 1828 1771 ἱστίοις·

1035 1784 1103 1811 ἀλλὰ
1118 1784 1152 1810 δι’
1169 1784 1335 1819 ἀμφοτέρων
1357 1785 1407 1819 τὴν
1421 1784 1518 1820 χρείαν
1533 1785 1584 1820 τῆς
1599 1785 1728 1817 εὐπλοῒας
1742 1786 1831 1820 ἐργά-

1036 1829 1127 1861 ζεται’
1146 1829 1233 1863 ἡδέως
1256 1829 1347 1864 φέρων
1373 1829 1420 1856 καὶ
1437 1829 1500 1861 τοὺς
1515 1829 1613 1861 πόνους
1627 1830 1675 1864 τῆς
1690 1828 1830 1864 πράξεως,

1036 1874 1079 1901 διὰ
1096 1874 1126 1900 τὸ
1143 1874 1252 1909 μέτριον
1267 1875 1316 1909 τῆς
1343 1874 1478 1910 θεωρίας·
1495 1875 1542 1901 καὶ
1565 1875 1630 1906 τοὺς
1659 1875 1756 1909 λόγους
1779 1876 1830 1910 τῆς

1035 1921 1148 1953 ἀτελοῦς
1171 1920 1299 1956 θεωρίας,
1316 1920 1360 1948 διὰ
1376 1921 1406 1947 τὸ
1422 1920 1579 1956 βοηθεῖσθαι
1608 1920 1661 1947 ὑπὸ
1687 1922 1736 1956 τῆς
1761 1920 1833 1956 πρά-

1036 1966 1115 1999 ξεως.

1073 2011 1141 2046 ρνβ¹.
1166 2011 1194 2038 '0
1222 2011 1272 2047 μὲν
1297 2011 1475 2047 (θεωρητικὸς,
1498 2013 1532 2047 τῇ
1560 2012 1658 2049 γνώμῃ
1680 2013 1730 2049 τὴν
1747 2013 1831 2048 φύσιν

1036 2057 1105 2092 ἔχων
1121 2058 1331 2093 συντρέχουσαν,
1342 2059 1380 2090 ὠς
1395 2056 1451 2085 οἷόν
1462 2067 1488 2085 τι
1503 2058 1603 2094 ῥεῦμα,
1618 2059 1727 2090 ἀπόνως
1743 2063 1831 2087 ποιεῖ-

1034 2111 1080 2128 ται
1102 2102 1132 2128 τὸ
1161 2102 1305 2138 πλώϊμον·
1324 2104 1338 2130 6
1361 2103 1390 2129 δὲ
1414 2104 1567 2140 πρακτικὸς
1582 2124 1589 2136 ,
1614 2104 1832 2141 ἐναντιουμένην

1035 2147 1171 2183 εὑρίσκων
1193 2149 1227 2184 τῇ
1254 2149 1417 2185 προαιρέσει
1441 2149 1491 2184 τὴν
1514 2149 1624 2184 σχέσιν,
1650 2150 1736 2177 πολὺν
1753 2151 1832 2185 λογι-

1037 2194 1112 2229 σμῶν
1126 2193 1273 2229 ὑφίσταται
1287 2195 1420 2228 κλύδωνα,
1436 2194 1474 2226 ὼς
1486 2195 1526 2227 είς
1547 2196 1711 2223 ἀπευδοκίαν
1727 2197 1832 2232 μικροῦ

194 2246 263 2274 cella
285 2246 383 2273 durius
403 2247 539 2281 quatitur;
559 2255 713 2282 parumque
730 2247 807 2274 abest
826 2255 861 2274 ne
882 2247 984 2274 laboris

1040 2239 1094 2266 δεῖν
1108 2239 1152 2267 διὰ
1164 2240 1194 2266 τὸ
1208 2239 1291 2276 βάρος
1306 2240 1404 2268 ἐλθεῖν.

194 2292 317 2319 molestia
331 2292 500 2327 despondeat
513 2293 647 2320 animum.

230 2337 290 2364 153.
311 2337 368 2365 Nec
379 2345 446 2365 arvo
457 2343 657 2372 comparatum,
670 2337 722 2365 nisi
736 2337 820 2372 probe
832 2337 985 2369 excolatur,

194 2386 225 2410 ut
240 2383 345 2411 serenti
364 2383 477 2411 uberem
492 2391 524 2412 ac
537 2384 683 2420 probatam
698 2383 828 2411 refundat
842 2388 963 2419 segetem
979 2392 985 2410 :

195 2429 235 2457 sic
245 2437 297 2456 nec
311 2430 413 2462 activo,
426 2429 478 2457 nisi
498 2429 643 2465 diligenter
656 2429 794 2456 actionem
805 2429 878 2456 colat
891 2433 984 2456 extra-

194 2481 248 2508 que
263 2481 372 2502 omnem
385 2474 558 2510 jactantiam,
572 2479 603 2502 ut
618 2474 774 2502 aﬂluentem
796 2473 987 2508 mundumque

195 2525 229 2546 ex
243 2518 369 2547 oratione
386 2519 479 2548 videat
493 2519 626 2547 fructum.

230 2601 252 2616 δ’
266 2601 338 2628 Psal.
355 2608 407 2628 xcu
434 2602 460 2628 ι.

234 2679 274 2716 (1))
285 2679 338 2706 Kal
363 2679 404 2711 ὠς
417 2678 538 2716 poti/(ac
553 2681 700 2716 κινήσεις.
717 2680 789 2714 Quin
802 2681 839 2709 sit
852 2681 984 2710 mendum

199 2714 294 2752 inlilla
312 2721 391 2752 voce,
407 2714 500 2752 nullus
525 2714 634 2744 dubito.
658 2717 700 2744 Sit
723 2716 794 2744 forte
817 2717 920 2752 ῥοθίοις,
941 2716 986 2743 vel

200 2749 389 2787 ῥοθιαζούτας,
405 2751 478 2784 quod
491 2752 575 2779 etiam
595 2753 711 2779 verbum
730 2749 855 2787 agnoscit
867 2751 986 2787 Hesych.

200 2784 279 2824 quasi
293 2789 432 2824 trementes
445 2787 543 2824 [luctus
558 2784 986 2824 commotionesprocellamqtte;

201 2823 232 2846 ut
246 2818 299 2847 alia
309 2821 389 2847 aliam
404 2818 500 2848 vocem
520 2822 654 2850 Maximus
676 2818 805 2856 explicet.
832 2821 887 2849 Hoc
912 2818 987 2849 enim

202 2857 336 2893 praestant
347 2855 430 2882 maris
449 2856 594 2893 elationes,
610 2862 640 2884 ut
654 2855 758 2893 fluctus
767 2856 807 2893 sic
821 2857 924 2893 impetu
942 2865 988 2893 as—

205 2890 392 2923 surgentibus,
409 2894 522 2926 tumque
536 2892 632 2920 eadem
645 2893 670 2920 vi
684 2890 904 2925 subsidentibus,
916 2892 990 2920 aliis—

1074 2335 1141 2371 ρνγ’.
1156 2335 1225 2362 Οΰτε
1244 2335 1321 2371 χώρα
1337 2336 1374 2371 μὴ
1390 2335 1480 2367 καλῶς
1491 2336 1723 2372 κατεργασθεῖσα,
1743 2337 1829 2364 πολύ-

1036 2390 1100 2416 χουν
1112 2381 1159 2408 καὶ
1171 2381 1291 2417 καθαρὸν
1307 2381 1502 2417 ἀντιπαρέχειν
1512 2382 1552 2417 τῷ
1569 2382 1709 2418 σπείροντι
1721 2383 1832 2415 εἴωθεν,

1037 2426 1099 2453 οὔτε
1114 2427 1128 2453 6
1144 2427 1194 2462 τὴν
1210 2425 1367 2462 πρακτικὴν
1383 2426 1595 2462 μετερχόμενος,
1617 2428 1641 2454 εί
1665 2427 1704 2462 μὴ
1731 2428 1832 2463 ὲπιμε-

1037 2472 1092 2504 λῶς
1110 2472 1213 2508 ταύτην
1238 2472 1286 2498 καὶ
1306 2471 1440 2507 φανητίας
1454 2471 1519 2498 ἄνευ
1546 2473 1722 2508 μετέρχεται,
1738 2473 1785 2501 τὸν
1800 2473 1834 2507 ἐξ

1039 2519 1121 2554 εὐχῆς
1135 2518 1230 2554 δψεται
1242 2518 1347 2555 καρπὸν
1363 2517 1447 2545 πολύν
1458 2526 1488 2544 τε
1500 2518 1547 2546 καὶ
1557 2518 1686 2554 καθαρόν.

1038 2688 1092 2716 que
1106 2681 1176 2709 alios
1187 2679 1479 2716 intercipientihusgac
1500 2686 1530 2706 se
1558 2683 1655 2706 mutuo
1670 2679 1833 2707 collidenti-

1036 2714 1099 2747 lius.
1116 2717 1259 2751 allisisque
1275 2714 1417 2751 adglittora
1432 2714 1559 2749 ipsasque
1571 2722 1657 2751 rupes
1670 2722 1702 2751 ac
1721 2719 1830 2747 cautes,

1037 2752 1170 2787 strepitus
1193 2749 1332 2787 ejusmodi
1351 2757 1382 2777 ac
1406 2750 1622 2790 frngrprocul
1647 2749 1754 2790 reboet.
1783 2751 1831 2790 qui

1037 2786 1173 2814 terrorem
1195 2786 1227 2814 ac
1248 2789 1392 2819 stuporem
1410 2786 1516 2820 injiciat
1535 2792 1618 2819 :qu;c
1642 2786 1736 2812 omnia
1752 2786 1830 2820 quasi

1037 2793 1173 2814 terrorem
1195 2794 1227 2814 ac
1248 2793 1392 2819 stuporem
1410 2793 1516 2846 "Hiemi
1535 2793 1618 2819 :quze
1642 2793 1736 2812 omnia
1752 2793 1830 2820 quas!

1037 2822 1091 2848 alio
1105 2822 1131 2849 in
1147 2821 1214 2848 mari
1233 2820 1332 2855 procul
1348 2820 1423 2847 censi
1447 2824 1516 2850 erat.
1537 2820 1584 2854 qui
1607 2819 1664 2855 ipse
1680 2821 1833 2854 tranquillo

1038 2855 1280 2891 contemplationis
1294 2855 1375 2891 mari,
1389 2855 1471 2891 velut
1487 2855 1523 2891 ad
1535 2856 1643 2882 clavum
1669 2855 1764 2889 quiete
1786 2863 1832 2883 se-

1039 2892 1107 2921 dens
1124 2890 1219 2927 illique
1233 2890 1418 2924 indormiens,
1429 2890 1553 2918 vehitur.
