1946 3074
157 183 225 218 1437

742 188 830 218 ALIA
852 188 903 217 EX
922 186 1043 218 VATIC.
1065 188 1209 219 CAPITA.

1725 190 1794 223 1438

192 240 256 276 ρνδ’.
280 239 342 267 Ἐπὶ
366 239 415 275 μὲν
431 239 485 267 τῶν
501 239 612 273 ἐνύλων,
634 241 648 266 ὁ
662 240 724 272 νοῦς
741 241 871 276 συνεργδν
887 241 942 275 ἔχει

1033 241 1093 268 154.
1115 241 1144 268 In
1161 241 1289 274 terrenis,
1306 250 1384 270 mens
1399 243 1575 280 adjuvautem
1594 244 1729 272 rationem
1743 247 1795 274 ha—

153 286 200 314 τδν
217 286 363 322 λογισμόν·
377 286 424 313 ἐπὶ
451 286 479 313 δὲ
495 286 549 313 τῶν
560 286 661 317 ἀΰλων,
679 287 703 313 εί
720 286 757 322 μὴ
774 287 855 313 αὐτὴν
878 295 949 321 παρ-

154 334 314 368 αιτήσηται,
334 332 372 365 ὡς
397 332 534 359 σκὼλωπα
548 332 619 369 [αιίἰ,
634 332 776 368 σκόλοπα.]
791 333 846 366 ἔξει
867 332 948 359 κολα-

155 378 280 413 φῖζοντα.

193 424 256 459 ρνε’.
275 424 417 459 Κάλυμμα
450 425 500 460 μὲν
527 425 584 461 ἔχει
610 426 625 452 ὀ
651 425 804 461 πρακτικὸς
828 426 875 452 ἐπὶ
897 426 947 460 τὴν

154 470 270 506 καρδίαν
291 471 374 497 αὑτοῦ
391 472 419 497 ὲν
432 472 511 507 εὐχῇ,
527 472 576 507 τὴν
599 471 701 506 γνῶσιν
720 471 775 498 τῶν
797 472 946 507 αἰσθητῶν,

154 517 381 552 ἀνακαλυφθῆναι
399 517 443 544 διὰ
454 518 503 552 τὴν
518 517 612 552 σχέσιν
630 518 668 554 μὴ
685 518 850 554 δυνάμενον·
867 517 948 553 μόνος

153 563 181 590 δὲ
194 564 208 589 ὁ
224 558 393 599 θεωρητικὸς
417 563 461 590 διὰ
479 564 510 590 τὸ
537 563 664 600 ἄσχετον,
690 564 947 600 ἀνακεκαλυμμένῳ

154 608 295 645 προσώπῳ
320 610 386 645 ὁρᾷν
400 609 455 636 ἀπὸ
472 610 571 646 μέρους
592 610 705 637 δύναται
732 611 782 646 τὴν
807 610 886 644 δόξαν
900 610 947 637 τοῦ

153 654 233 682 Θεοῦ.

195 706 267 738 ρνς’.
288 702 322 729 Ἡ
341 703 411 739 μετὰ
435 703 626 739 πνευματικῆς
645 703 763 739 θεωρίας
787 703 866 739 εὐχὴ,
880 704 897 739 ἡ
911 703 947 738 γῆ

151 751 204 786 τῆς
219 750 386 784 ἐπαγγελίας
398 750 483 781 ἐστὶν,
500 749 561 776 καθ’
575 750 608 785 ἦν
622 749 678 784 ῥέει
689 749 727 781 ὡς
744 749 805 783 μέλι
820 749 868 776 καὶ
877 750 948 784 γάλα

153 796 290 834 ἡγνῶσις
312 796 368 823 τῶν
394 796 459 831 περὶ
481 796 612 831 προνοίας
639 795 688 822 καὶ
713 795 835 832 κρίσεως
860 796 948 830 λόγων

154 843 269 878 Θεοῦ-ὴ
286 843 314 869 δὲ
331 842 403 877 μετά
425 850 499 873 τινος
521 841 648 876 φυσικῆς,
676 841 694 877 ἡ
719 841 868 876 Αἴγυπτος,
890 838 947 878 ὲνῇ

153 889 208 916 τῶν
230 889 392 924 παχυτέρων
416 887 571 922 ἐπιθυμιῶν
596 887 691 922 μνήμη
714 887 771 918 τοῖς
788 887 947 922 εὐχομένοις

153 934 304 970 ἐγγίνεται.
327 934 360 961 Ἦ
373 934 402 960 δέ
417 942 450 968 γε
466 933 551 969 ἁπλῆ,
564 934 595 960 τὸ
612 933 700 968 μάννα
724 933 784 960 ἐστὶ
803 933 834 960 τὸ
859 934 888 960 ἐν
912 935 945 969 τῇ

152 981 260 1016 ἐρήμῳ,
279 980 310 1007 τὸ
332 981 376 1007 διὰ
398 980 428 1007 τὺ
446 979 592 1015 μονοειδὲς.
605 980 661 1012 τοῖς
681 979 731 1015 μὲν
745 979 946 1016 ἀκαρτερήτοις

151 1027 327 1054 ὲναποκλεῐον
353 1026 388 1053 τὰ
415 1026 449 1053 δι’
474 1025 623 1061 ἐπιθυμίας
647 1025 703 1052 τῶν
728 1026 944 1061 ἐπηγγελμένων

152 1074 239 1102 καλά·
256 1075 312 1106 τοῖς
327 1073 355 1101 δὲ
372 1073 572 1108 ὲγκαρτεροῦσι
596 1073 630 1108 τῇ
645 1071 759 1108 τοιαύτῃ
788 1072 945 1099 ἀπεστενω-

153 1122 224 1157 μένῃ
239 1122 339 1157 τροφῇ,
361 1118 510 1156 προξενοῦν
529 1119 579 1155 τὴν
595 1119 713 1155 κρείττω
723 1118 818 1154 γεῦσιν
833 1119 882 1146 καὶ
897 1119 945 1154 μέ-

150 1176 259 1196 νουσαν.

188 1214 254 1251 ρνζκ
273 1213 377 1249 Πρᾶξις
392 1212 441 1240 σὺν
454 1212 557 1249 θεωρίᾳ
569 1213 618 1248 μὲν
631 1212 669 1244 ὡς
684 1212 766 1248 σῶμα
779 1211 848 1247 μετὰ
862 1211 945 1238 πνεύ-

151 1269 237 1296 ματος
262 1258 428 1295 ἡγεμονικοῦ
447 1259 580 1293 (ε)’ἇνευ
606 1258 634 1285 δὲ
658 1258 785 1294 θεωρίας,
811 1257 849 1290 ὡς
875 1257 944 1293 σάρξ

151 1307 222 1343 μετὰ
240 1305 397 1342 πνεύματος
408 1305 604 1341 προαιρετικοῠ
624 1304 825 1340 λογισθήσεται.

185 1398 254 1430 ρνη’.
273 1394 329 1429 Τῆς
351 1393 465 1428 λογικῆς
483 1393 583 1429 ψυχῆς,
607 1393 677 1428 αὐλὴ
704 1393 753 1428 μὲν
767 1394 784 1428 ἡ
798 1393 942 1428 αἲσθησιςι

149 1441 214 1472 ναὸς
231 1441 269 1472 δὲ,
290 1441 306 1476 ἡ
329 1440 450 1467 διάνοια·
478 1440 625 1475 ἀρχιερεὺς
651 1439 689 1472 δὲ,
711 1440 725 1465 ὁ
748 1439 819 1471 νοῦς.
839 1440 883 1465 Ἐν
908 1441 941 1474 τῇ

149 1488 218 1523 αὐλῇ
233 1484 279 1514 οὖν
296 1487 415 1519 ἵσταται,
432 1487 446 1512 ὁ
466 1487 511 1513 ὑπ’
536 1486 658 1520 ἀκαίρων
685 1485 747 1518 νοῦς
772 1486 940 1522 περικοπτό-

151 1542 232 1569 μενος
256 1532 414 1568 λογισμῶν·
431 1533 460 1558 ὲν
484 1532 522 1567 τῷ
538 1531 595 1567 ναῷ
621 1532 661 1562 δὲ.
687 1532 701 1558 ὁ
718 1531 771 1558 ὑπὸ
785 1533 940 1568 εὐκαίρων·

998 287 1046 314 bet
1071 295 1103 315 ac
1128 287 1338 322 cogitationem;
1361 289 1390 316 in
1407 289 1578 324 spiritalibus
1598 298 1665 318 vero
1685 296 1714 318 et
1734 300 1795 327 quae

998 337 1063 361 sunt
1079 337 1156 361 extra
1172 334 1334 367 materiam,
1351 335 1404 362 nisi
1418 343 1479 363 eam
1497 337 1703 371 repudiaverit.
1719 339 1794 366 velut

998 379 1140 407 stimulum
1154 379 1372 414 colaphizantem
1386 381 1501 409 habebit
1511 381 1544 410 ⁸⁵.

1032 426 1115 461 659
1128 426 1189 453 155.
1204 426 1315 453 Aetioni
1330 427 1446 454 studens
1459 428 1585 456 velamen
1597 429 1679 457 habet
1693 430 1720 457 in
1733 437 1795 457 ora-

995 471 1076 499 ‘tione
1095 479 1179 507 super
1195 479 1244 499 cor
1262 473 1397 507 positum.
1409 481 1507 501 earum
1530 482 1624 502 rerum
1647 475 1792 508 notitiam,

999 526 1062 554 quae
1082 518 1110 546 in
1127 526 1241 546 sensum
1260 518 1377 552 eadunt,
1395 520 1514 548 revelari
1532 528 1588 548 non
1608 521 1714 555 valens,
1732 530 1787 557 qua

1000 564 1055 592 illis
1070 564 1218 593 aﬂ‘ectione
1231 565 1371 593 addicitur
1388 575 1395 593 :
1409 566 1457 601 qui
1473 574 1540 594 vero
1556 567 1650 595 studet
1664 573 1791 596 contem-

998 611 1125 646 plationi,
1143 611 1218 646 quod
1233 619 1265 640 ea
1280 612 1352 640 liber
1370 617 1398 640 et
1417 613 1526 641 solutus
1543 614 1590 646 sit,
1609 614 1731 642 revelata
1747 615 1788 642 fa-

999 656 1040 684 cie
1054 656 1104 684 Dei
1117 656 1233 692 gloriam
1248 665 1281 685 ex
1297 662 1376 693 parte
1388 659 1484 686 videre
1500 663 1592 694 potest
1603 658 1636 687 δ”.

1032 702 1093 730 156.
1117 702 1239 738 Spiritali
1267 705 1497 739 contemplationi
1521 706 1670 740 conjuncta
1691 707 1791 739 oratio,

999 753 1072 777 terra
1088 753 1131 777 est
1158 750 1362 785 promissionis,
1381 759 1446 786 qua,
1464 751 1553 779 mellis
1571 752 1660 779 instar
1682 756 1710 780 et
1735 753 1791 780 lac-

999 793 1035 820 tis
1053 793 1087 827 “,
1101 793 1161 821 ﬂuit
1175 794 1291 822 scientia
1304 795 1443 822 rationum
1457 795 1640 831 providentiae
1652 801 1680 823 et
1692 797 1791 832 judicii

999 837 1059 865 Dei.
1092 837 1158 871 Quae
1181 847 1248 867 vero
1266 840 1387 867 naturali
1418 841 1622 876 speculationi,
1642 841 1791 878 Egyptus,

999 891 1049 919 per
1061 892 1146 919 quam
1163 885 1309 913 orantibus
1330 886 1498 914 crassiorum
1522 887 1709 922 cupiditatum
1731 896 1791 916 me-

998 930 1086 957 moria
1106 930 1214 965 obrepit
1229 930 1261 958 “.
1278 930 1401 966 Simplex
1414 936 1508 959 autem
1519 932 1620 964 oratio,
1634 940 1734 960 manna
1749 938 1792 962 est

997 975 1025 1003 in
1043 975 1164 1009 deserto,
1181 984 1213 1004 ea
1232 976 1338 1004 ratione
1348 985 1402 1011 qua
1419 977 1557 1005 uniforme
1572 981 1644 1010 erat,
1657 986 1712 1005 non
1726 986 1790 1006 sus-

997 1022 1151 1050 tinentibus
1164 1022 1327 1057 cupiditatis
1346 1023 1408 1050 labe
1420 1023 1455 1056 ‘7,
1469 1023 1690 1058 promissionum
1717 1024 1790 1052 bona

995 1068 1164 1102 occludens;
1179 1068 1223 1096 his
1235 1076 1302 1096 vero
1319 1069 1367 1103 qui
1381 1073 1459 1096 arcto
1474 1069 1523 1096 illo
1541 1069 1604 1097 cibo
1624 1074 1788 1098 constanter

994 1118 1176 1141 vescerentur
1189 1134 1196 1147 ,
1217 1114 1354 1150 potiorem
1382 1117 1495 1150 gustum
1517 1119 1601 1150 atque
1626 1119 1787 1144 manentem

995 1163 1131 1194 praestans
1145 1159 1178 1187 ⁵⁸.

1032 1205 1093 1233 157.
1108 1205 1189 1233 Actio
1216 1205 1452 1241 contemplatione
1476 1206 1544 1234 fulta
1558 1228 1565 1240 ,
1592 1207 1670 1235 velut
1689 1215 1790 1243 corpus

994 1254 1056 1283 est,
1073 1251 1175 1286 spiritu
1208 1251 1309 1279 fultum
1335 1252 1484 1288 principali
1503 1253 1569 1280 :cui
1595 1257 1687 1281 autem
1712 1253 1791 1282 deest

994 1297 1204 1332 contemplatio,
1236 1298 1315 1326 velut
1334 1305 1401 1326 caro
1426 1306 1490 1326 eum
1517 1298 1613 1327 liberat
1637 1299 1790 1328 voluntatis

994 1343 1093 1377 spiritu
1111 1343 1297 1378 reputabitur.

1031 1388 1091 1415 158.
1111 1388 1204 1416 Animi
1228 1389 1334 1418 utentis
1354 1390 1472 1423 ratione,
1487 1391 1591 1418 atrium
1609 1399 1709 1419 sensus
1726 1397 1767 1420 est
1782 1401 1788 1419 :

993 1435 1145 1469 templum,
1165 1443 1254 1467 mens,
1268 1435 1403 1470 pontifex,
1435 1437 1517 1464 ratio.
1544 1437 1639 1472 Itaque
1664 1438 1691 1465 in
1719 1439 1790 1465 atrio

993 1484 1121 1507 versatur
1142 1489 1174 1508 ca
1189 1489 1278 1515 mens,
1309 1490 1371 1517 quae
1400 1482 1569 1517 importunis
1593 1483 1788 1518 interpellatur

992 1527 1228 1561 cogitationibus:
1249 1528 1276 1554 in
1300 1528 1405 1563 templo
1421 1536 1499 1561 vero,
1521 1537 1583 1564 qua:
1602 1530 1788 1564 opportunis:

149 1579 193 1605 ἐπ’
209 1579 297 1605 οὐδενὶ
311 1579 340 1605 δὲ
350 1578 464 1609 τούτων,
482 1578 495 1604 ὁ
512 1577 552 1609 είς
568 1578 599 1604 τὸ
617 1578 689 1604 θεῖον
709 1578 842 1613 ίερατεῖον
860 1577 942 1610 ἀξιω-

1001 1581 1024 1599 ;ιι
1039 1577 1140 1600 neutro
1155 1578 1260 1608 autem,
1274 1573 1322 1608 qui
1339 1573 1367 1601 in
1374 1573 1501 1601 divinum
1515 1574 1668 1602 sacrarium
1684 1575 1789 1603 intrare

149 1625 207 1658 θεὶς
221 1625 362 1652 εἰσελθεῖν,

187 1670 252 1706 pv0'.
269 1670 373 1705 Θρῆνος
389 1670 437 1704 μὲν
450 1669 496 1696 καὶ
513 1669 593 1704 μέλος
613 1669 659 1696 καὶ
679 1669 751 1702 οὐαὶ,
769 1670 797 1695 ὲν
813 1670 878 1703 οἴκῳ
894 1669 944 1704 τῆς

151 1717 309 1752 πρακτικῆς
327 1716 428 1750 ψυχῆς,
444 1715 488 1742 διὰ
501 1715 548 1742 τὸν
564 1715 650 1742 κόπον
676 1716 851 1751 εὑρίσκεται·
867 1715 942 1749 φωνὴ

149 1765 179 1791 δὲ
192 1763 382 1798 ἀγαλλιάσεως
402 1763 450 1789 καὶ
467 1761 702 1797 ὲξομολογήσεως,
718 1762 762 1789 διὰ
776 1761 826 1797 τὴν
841 1762 942 1796 γνῶσιν

155 1809 198 1837 διὰ
208 1809 254 1836 τὸν
268 1809 318 1844 τῆς
332 1809 503 1844 θεωρητικῆς
519 1807 693 1840 ἐξακούεται.

189 1901 236 1936 ρξ’.
257 1899 413 1936 Πρακτικὸς
433 1899 492 1935 μὲν,
510 1898 642 1933 ἐπιθυμεῖ
659 1895 802 1928 ἀναλῦσαι,
818 1896 862 1923 διὰ
879 1896 942 1927 τοὺς

151 1949 259 1979 πόνους,
282 1947 330 1974 καὶ
357 1946 535 1981 συγγενέσθαι
563 1944 688 1980 Χριστῷ·
711 1943 878 1978 θεωρητικὸς
902 1943 941 1976 δὲ,

150 1995 257 2022 εὐδοκεί
277 1994 378 2029 μᾶλλον
401 1993 484 2028 σαρκὶ
509 1992 679 2028 παραμένειν
697 1991 752 2027 (ιί)·
768 1991 814 2018 καὶ
831 1989 876 2017 διὰ
893 1990 942 2026 τὴν

150 2041 247 2077 χαρὰν,
262 2041 295 2076 ἣν
312 2040 419 2075 δέχεται
438 2038 468 2071 ἐξ
480 2039 574 2074 εὐχῆς,
598 2038 645 2065 κα)¹
667 2038 711 2065 διὰ
732 2038 782 2073 τὴν
798 2038 845 2066 τοῦ
871 2037 942 2073 πλη-

151 2088 208 2115 σίον
223 2087 291 2123 πρὸς
305 2086 340 2114 τὰ
351 2087 433 2122 γήϊνα
446 2085 589 2120 ὠφέλειαν.

188 2179 256 2214 ρξα’.
280 2177 344 2204 Ἐπὶ
367 2177 416 2213 μὲν
430 2175 485 2203 τῶν
508 2174 692 2211 λογιωτέρων,
708 2175 724 2210 ὴ
740 2174 843 2210 Θεωρία
873 2184 942 2211 προ-

150 2225 259 2260 ηγεῖται
273 2223 324 2258 τῆς
338 2222 464 2259 πράξεως
474 2230 481 2237 ·
497 2221 543 2247 ἐπὶ
557 2221 585 2247 δὲ
599 2220 653 2247 τῶν
664 2221 877 2256 ἀγροικοτέρων,
892 2221 941 2256 τῆς

995 1619 1106 1646 meruit.

1030 1665 1091 1693 159.
1110 1665 1294 1700 Lamentatio,
1321 1674 1434 1694 carmen
1453 1672 1481 1694 et
1505 1675 1556 1699 vae,
1575 1671 1692 1702 propter
1710 1667 1788 1695 labo-

994 1718 1053 1738 rem
1073 1710 1100 1738 in
1120 1711 1181 1745 ejus
1196 1711 1339 1738 invenitur
1352 1711 1435 1739 domo
1446 1712 1469 1727 ‘9
1482 1733 1489 1745 ,
1515 1712 1562 1747 qui
1587 1713 1724 1739 actionem
1742 1721 1788 1740 co-

994 1756 1026 1782 lit
1045 1764 1050 1781 :
1072 1759 1185 1790 propter
1202 1756 1348 1783 scientiam
1366 1764 1433 1784 vero
1450 1764 1504 1784 vox
1528 1756 1642 1784 auditur
1666 1758 1789 1784 exsulta-

994 1803 1079 1829 tionis
1095 1802 1117 1818 '°
1133 1806 1162 1829 et
1176 1802 1361 1830 confessionis
1383 1803 1418 1836 Μ,
1437 1803 1464 1830 in
1479 1803 1539 1838 ejus
1551 1804 1599 1838 qui
1613 1803 1707 1830 studet
1723 1811 1789 1831 con-

994 1847 1178 1882 templationi.

1031 1893 1091 1921 160.
1110 1893 1162 1926 Qui
1179 1893 1280 1921 actioni
1296 1895 1399 1927 studet,
1417 1895 1544 1922 laborum
1563 1896 1700 1927 molestia.
1718 1896 1788 1923 emi-

994 1949 1073 1976 grare
1092 1940 1179 1975 cupit,
1199 1944 1228 1967 et
1238 1949 1300 1969 esse
1314 1949 1378 1968 cum
1389 1941 1502 1969 Christo
1514 1943 1537 1958 "
1555 1951 1561 1968 :
1579 1942 1626 1977 qui
1641 1950 1709 1969 vero
1721 1950 1787 1970 con-

994 1987 1178 2021 templationi,
1191 1987 1297 2014 mavult
1311 1987 1340 2014 in
1354 1995 1436 2014 carne
1449 1995 1624 2022 permanere,
1647 1991 1702 2014 lum
1722 1995 1787 2022 pro-

993 2038 1055 2069 pter
1074 2032 1216 2068 gaudium,
1240 2032 1315 2068 quod
1347 2033 1468 2068 percipit
1499 2041 1531 2060 ex
1559 2033 1705 2065 oratione,
1731 2036 1788 2060 tum

993 2084 1108 2115 propter
1122 2079 1253 2114 proximi,
1274 2079 1303 2106 in
1317 2079 1361 2106 his
1380 2087 1442 2115 quae
1467 2084 1577 2107 terrena
1602 2084 1685 2112 sunt,
1714 2079 1788 2106 utili-

994 2131 1077 2154 tatem
1082 2147 1088 2154 .

1032 2173 1091 2200 161.
1107 2173 1137 2200 ln
1159 2172 1194 2200 iis
1209 2172 1322 2207 quidem
1339 2172 1387 2207 qui
1409 2172 1582 2200 eruditiores
1594 2192 1601 2203 ,
1625 2173 1788 2207 majorequc

993 2220 1102 2255 pra'diti
1119 2219 1257 2254 sapientia
1271 2223 1345 2252 sunt,
1361 2219 1561 2254 contemplatio
1574 2219 1655 2254 przeit
1665 2218 1786 2251 actioni;

150 2259 268 2305 θεωρίας
280 2269 298 2303 ἡ
314 2267 414 2303 πρᾶξις
425 2274 431 2280 ·
449 2268 489 2297 είς
509 2266 539 2292 ἓν
554 2265 584 2292 δὲ
599 2265 676 2297 τέλος
701 2266 819 2301 χρηστὸν
849 2267 941 2301 ἀμφό-

1001 2268 1024 2294 ln
1052 2265 1214 2293 rudioribus
1232 2273 1308 2298 vero,
1335 2265 1410 2293 actio
1435 2265 1688 2301 contemplationi,
1725 2259 1788 2292 cum

150 2324 227 2351 τεραι
247 2314 443 2350 καταλήγουσι.
459 2311 670 2348 Συντομώτερον
683 2311 712 2338 δὲ
731 2312 809 2338 τοῦτο
824 2313 942 2349 ὀφθήσε-

150 2370 206 2395 ται,
221 2358 262 2393 οἷς
277 2361 294 2396 ἡ
311 2359 413 2396 θεωρία
428 2359 593 2394 προηγεῖται
607 2358 656 2393 τῆς
674 2357 810 2393 πράξεως.

996 2311 1083 2338 ambae
1097 2310 1125 2337 in
1151 2314 1237 2337 unum
1256 2311 1361 2337 bonum
1389 2310 1472 2337 linem
1496 2311 1636 2338 desinant.
1664 2310 1790 2338 Celerius

996 2361 1089 2385 autem
1115 2356 1189 2383 istud
1216 2356 1376 2389 videbitur,
1408 2357 1436 2384 in
1463 2357 1566 2392 quibus
1591 2357 1790 2392 contemplatio

997 2402 1077 2438 pra-it
1089 2401 1203 2429 actioni.

185 2473 208 2489 δ’
223 2472 245 2499 ll
257 2471 320 2499 Cor.
336 2478 383 2502 xu,
399 2471 425 2497 7.
463 2469 486 2485 “
501 2468 525 2496 Il
540 2468 603 2496 Cor.
621 2476 665 2500 tu,
680 2467 723 2495 18.
762 2468 784 2484 ⁸⁸
798 2468 886 2496 Exod.
902 2477 942 2502 tu,

1029 2469 1052 2484 ”
1067 2468 1149 2495 Num.
1166 2476 1208 2500 x1,
1226 2467 1253 2495 5.
1292 2467 1313 2484 ⁸⁷
1327 2467 1408 2495 Num.
1424 2476 1480 2500 χιιι,
1496 2467 1522 2495 5.
1559 2467 1582 2483 ⁴⁸
1594 2467 1658 2503 Sap.
1672 2477 1728 2502 xvi,
1743 2468 1787 2496 20.

151 2509 173 2525 ⁸³
188 2507 289 2536 Ezech.
304 2515 333 2539 ιι,
346 2507 372 2534 9.
411 2506 433 2521 ⁵⁰
447 2505 520 2532 Psal.
536 2512 590 2536 xu,
609 2503 634 2531 5.
673 2504 694 2520 ⁵¹
711 2504 782 2531 Psal.
798 2511 879 2538 cxvu,
895 2505 936 2532 15.

1019 2503 1138 2538 Philipp.
1157 2511 1176 2536 ι,
1192 2504 1238 2530 25.

188 2563 223 2599 (ο)
247 2563 328 2590 Μετὰ
357 2561 410 2599 τοῦ
432 2562 601 2599 πνεύματος
624 2561 828 2599 ἡγεμονικοῦ..
849 2562 937 2595 Quem

153 2596 286 2627 Ma‘ximus
298 2598 426 2633 spiritum
451 2597 615 2633 ἡγεμονικὸν
640 2598 686 2624 hic
705 2601 796 2628 vocat,
811 2596 881 2633 ipse
897 2602 940 2624 est

152 2642 234 2669 quem
246 2632 347 2661 Paulus
360 2633 460 2668 Ephes.
472 2640 508 2665 IV,
522 2632 567 2664 21,
580 2633 703 2669 spiritum
719 2632 838 2669 τοῦ-νοὸς
855 2632 940 2669 (men-

153 2667 197 2706 tis)
214 2674 306 2701 vocat,
316 2673 344 2706 et
355 2667 484 2706 hortatur
498 2675 531 2706 eo
546 2668 672 2706 renovari
684 2675 690 2700 ;
702 2667 782 2706 quod.
791 2675 870 2706 mens
880 2668 939 2702 ipsa

152 2702 358 2740 τὸὴγεμονικὸν
383 2704 417 2740 in
431 2703 543 2740 homine
562 2703 613 2740 sit:
635 2703 708 2737 quod
724 2702 838 2740 scilicet
855 2702 883 2729 in
906 2710 940 2730 eo

154 2737 306 2776 principale
319 2743 360 2766 est
369 2738 533 2776 acimperio»
543 2739 628 2776 pollet
642 2747 647 2764 :
665 2746 737 2776 quat.
754 2745 817 2764 eum
832 2737 897 2776 ipsa_
907 2745 940 2776 ex

153 2772 184 2803 se
197 2772 298 2802 ﬁxasit
318 2773 376 2801 veri
396 2772 642 2808 contemplatione,
656 2774 809 2801 orationem
830 2780 863 2800 ea
885 2772 939 2800 ful-

155 2817 210 2839 tam
224 2809 557 2843 eonstantcm.uniusque
585 2809 701 2835 rationis
722 2808 936 2843 (μονολὸγιστον)

154 2845 277 2874 reddat:
297 2844 327 2871 τὸ
340 2844 533 2879 προαιρετικὸν
553 2851 618 2870 vero
644 2843 731 2877 (velut
754 2843 845 2879 dicas,
864 2843 936 2879 orbi-

155 2878 474 2915 trarium)voluntatcm,
495 2887 556 2913 qua:
573 2887 622 2913 pro
646 2879 698 2905 hoc
708 2883 779 2905 statu
800 2878 937 2906 instabilis

155 2917 203 2950 sit,
218 2923 306 2951 etque
323 2915 376 2943 alia
391 2915 419 2942 in
435 2914 515 2942 aliam
548 2918 669 2941 mutatur
701 2922 751 2950 pro
777 2921 869 2941 rerum
888 2914 937 2941 ob-

990 2562 1128 2598 jectarum
1157 2569 1188 2589 ac
1222 2560 1420 2596 cogitationum
1450 2561 1594 2593 varietate,
1625 2560 1709 2596 inque
1736 2567 1783 2588 eas

994 2598 1153 2625 aﬂ‘eetionc.

1033 2633 1071 2668 (ιι)
1090 2631 1181 2668 Σαρκί
1194 2630 1394 2668 παραμένειν.
1411 2630 1506 2668 Graeca
1515 2630 1636 2668 vulgata,
1647 2629 1788 2668 επιμένειν

995 2669 1024 2703 εν
1037 2665 1071 2703 τῇ
1085 2665 1178 2703 σαρκί.
1194 2667 1302 2703 llabent
1315 2670 1413 2703 tamen
1430 2665 1516 2703 codex
1540 2665 1742 2703 Alexandrinus
1761 2670 1788 2692 et

994 2700 1139 2738 Chrjisost.
1156 2702 1184 2729 in
1199 2701 1387 2736 Expositione,
1406 2700 1546 2738 _é1:tp_évstv
1573 2700 1670 2733 σαρκί,
1685 2701 1788 2738 absque

995 2735 1199 2772 propositione,
1215 2735 1276 2771 quae
1302 2743 1353 2763 nec
1380 2735 1529 2772 admodum
1556 2735 1717 2772 necessaria
1733 2739 1787 2767 est,

995 2770 1058 2800 cuni
1077 2773 1136 2808 ejus
1152 2772 1208 2808 vim
1229 2771 1329 2799 habeat
1343 2771 1458 2808 verbum
1473 2770 1669 2808 compositum,
1697 2770 1788 2808 sitque

991 2807 1064 2844 idem
1087 2804 1228 2844 ἐπιμένειν
1258 2811 1340 2844 atque
1371 2805 1517 2844 έμμένειν·
1545 2804 1586 2837 τὸ,
1605 2806 1781 2844 παραμένειν

991 2842 1101 2870 Maximi
1117 2839 1221 2881 _inagis
1237 2839 1355 2881 respuit,
1371 2839 1511 2881 habetque
1533 2839 1701 2881 emphasin:
1725 2847 1774 2876 peri

991 2887 1100 2906 manere
1115 2879 1142 2906 in
1157 2876 1302 2912 cdrne,ncc
1323 2877 1357 2905 ab
1376 2884 1408 2905 ea
1421 2876 1551 2912 disjungi.
