1946 3074
146 127 214 161 1439

750 133 780 162 S.
802 133 945 163 MAXIM!
965 132 1218 163 CONFESSORIS

1667 141 1670 146 “
1716 128 1783 160 tuo

181 187 242 215 itii.
257 187 360 214 Rerum
371 194 431 222 qua:
445 191 538 215 mente
554 187 749 228 intelliguntur
768 190 938 224 contempla-

1027 188 1092 223 95,,3’.
1114 188 1293 223 Παράδῖισος,
1306 187 1322 221 ή
1335 185 1436 222 θεωρία
1450 185 1505 213 τῶν
1517 185 1622 221 νοητῶν
1637 185 1722 212 ἐστιν.
1740 186 1783 212 Ὲι

146 234 196 267 tio,
210 233 358 269 paradisus
368 238 421 260 est.
440 233 470 260 In
487 241 551 260 eum
564 234 651 267 intus,
670 240 700 262 ut
712 234 739 262 in
756 235 880 266 domum,
893 235 941 270 qui

1010 235 1080 269 οὑτῳ
1097 235 1109 261 6
1128 234 1176 269 μὲν
1192 233 1342 268 γνωστικὸς
1354 232 1436 266 ὡςτέν
1452 231 1525 267 οίκίᾳ.
1539 231 1645 258 ἔνδοθεν
1659 231 1782 266 εἰσέρχε-

145 279 278 316 spiritalis
295 283 337 305 est
356 283 437 313 atque
452 279 562 314 sapiens
576 279 603 306 in
617 280 743 308 oratione
769 281 939 315 ingreditur:

146 332 214 352 vero
229 324 364 351 actionem
384 323 460 355 colit,
486 323 587 350 viatori
611 331 698 358 prope
714 324 814 352 similis
833 325 940 352 videbi-

149 375 204 400 tur,
225 369 272 404 qui
289 368 357 396 velit
369 368 481 404 quidem
501 369 696 404 introspicere,
717 371 800 406 660
823 379 876 398 nec
897 376 939 398 ta-

148 423 211 442 men
229 415 424 450 permittatur,
442 415 548 443 idcirco
564 416 697 443 nimirum
716 417 790 451 quod
807 417 942 445 maceries

147 461 266 496 spiritali
282 461 342 495 ejus
355 463 468 488 statura;
484 462 566 496 paulo
580 462 664 489 altius
683 462 798 490 eminet.

144 527 150 538 .
183 508 246 535 165.
272 507 438 542 Corporales
463 507 580 535 allectus
608 515 640 535 ac
661 508 822 543 passiones,
843 508 942 537 bestiis

148 553 254 581 similes
265 558 331 581 sunt
348 561 354 580 :
373 553 459 580 animi
472 553 701 585 autemaﬂ‘eetus.
715 554 889 582 volucribus.
903 555 942 582 Ae

149 599 262 634 quidem
276 599 394 632 activus,
411 607 472 634 qua:
484 599 566 634 primi
581 601 691 635 generis
706 604 770 627 sunt
787 608 802 627 ιι
816 600 941 627 rationali

150 645 230 672 vinea
247 645 328 680 quasi
343 645 451 680 obiecto
465 649 545 680 septo
564 652 659 672 arcere
676 649 778 680 potest,
800 652 856 671 non
875 651 942 671 vero

149 690 234 717 etiam
250 690 390 722 volucres,
405 689 461 716 nisi
480 689 633 724 spiritalem
647 695 746 717 nactus
762 689 798 717 sit
820 693 943 717 contem-

151 736 324 770 plationem;
350 735 529 771 quantumvis
562 735 754 764 custodiendis
784 743 845 771 qum
877 740 944 763 sunt

150 782 236 810 animi
252 783 413 818 diligentem
429 790 524 810 curam
542 783 684 810 habuerit.

188 828 250 856 164.
273 828 400 856 Actionis
416 828 507 856 cultor
529 828 628 855 morali
649 828 749 855 decore
768 827 944 863 praestantior

152 873 271 900 evadere
286 881 341 900 non
360 877 470 908 potest,
491 872 546 900 nisi
560 878 588 900 et
608 873 668 908 ipse
692 873 767 900 velut
788 873 946 908 patriarcha

153 916 291 944 Abraham
302 916 325 933 "
337 917 453 950 exierit;
480 917 558 944 velut
571 917 684 952 quidem
697 925 712 944 e
725 917 817 950 domo,
832 924 847 944 e
866 921 947 944 natu-

155 962 204 989 rali
222 962 293 998 lege,
312 963 445 997 velutque
467 970 482 990 e
503 963 682 998 cognatione,
706 971 721 990 a
737 967 876 991 cozetanea
894 962 946 998 ipsi

155 1009 221 1041 vita,
233 1013 262 1036 et
272 1017 333 1044 quae
347 1009 458 1037 libidini
472 1009 570 1037 haeret.
598 1009 667 1037 Nam
682 1009 723 1037 sic
739 1013 768 1036 et
787 1009 845 1044 ipse
868 1009 948 1037 velut

154 1055 327 1090 signaculum
343 1055 376 1087 ",
393 1063 448 1090 quo
459 1055 598 1091 generalis
612 1055 763 1082 auferenda
775 1055 904 1090 voluptas
911 1055 948 1082 sit

155 1105 238 1135 atque
255 1100 353 1133 libido,
377 1106 546 1136 accepturus
562 1106 622 1134 est;
644 1109 694 1136 per
713 1109 795 1136 quam
818 1101 892 1136 quod
913 1101 948 1128 ab

155 1150 219 1174 ortu
231 1147 461 1182 circumpositum
476 1147 603 1174 velamen
617 1151 671 1179 est,
694 1147 775 1182 plena
793 1155 844 1175 nos
860 1147 949 1175 liber-

157 1195 212 1219 tate
223 1191 327 1219 donare
339 1200 394 1219 non
408 1192 488 1220 sinit.

197 1236 260 1264 165.
275 1236 333 1264 Nec
347 1237 484 1271 equuleus
504 1244 569 1265 vere
585 1237 613 1264 in
629 1237 746 1272 prmsepi
767 1245 897 1271 manere,
917 1246 950 1266 ac

156 1290 218 1318 quae
232 1283 307 1310 illius
324 1283 424 1318 pabula
439 1287 514 1316 sunt,
530 1283 613 1310 cdere
629 1284 758 1315 sustinet,
768 1291 859 1318 neque
872 1292 950 1312 mens

156 1336 259 1356 novum
271 1333 352 1356 aucta
364 1329 549 1364 perfectione,
566 1335 683 1364 angusta
706 1329 755 1356 diu
774 1330 862 1357 teneri
886 1338 951 1358 ora.

157 1374 243 1407 tione,
256 1374 284 1402 in
295 1382 383 1410 eaque
395 1374 508 1402 assidua
517 1382 579 1402 esse
590 1378 697 1410 potest;
709 1375 777 1410 quin
788 1375 864 1403 illius
874 1383 951 1404 more

156 1420 258 1456 gaudet
277 1421 364 1456 magis
379 1421 414 1448 ad
430 1421 485 1448 lata
498 1421 634 1448 naturalis
649 1421 862 1456 speculationis,
879 1421 952 1448 inter

156 1467 344 1494 concinendos
358 1467 480 1502 psalmos
488 1475 520 1496 ac
534 1467 671 1494 lectiones
684 1467 838 1500 habendas,
852 1475 951 1494 occur-

157 1513 249 1540 rentia
264 1513 353 1539 exire.

194 1558 256 1586 166.
273 1558 356 1585 Velut
366 1557 475 1585 lumbos
488 1558 665 1592 przecinctos,
678 1559 762 1591 actio,
778 1559 876 1586 vitales
889 1567 952 1587 suas

158 1602 317 1635 facultates,
327 1602 465 1638 jejunium
478 1607 506 1630 et
522 1602 716 1629 castimoniam
729 1603 832 1636 habet;
844 1606 874 1630 ut
886 1611 953 1631 vero

160 1650 288 1677 lucernas
306 1648 447 1682 ardentes,
462 1649 671 1684 contemplatio,
687 1649 828 1684 sapientes
843 1657 875 1677 ac
888 1658 953 1677 eru-

159 1694 232 1722 ditas
241 1693 370 1727 virtutes,
383 1694 526 1722 silentium
539 1698 567 1721 et
576 1694 731 1722 orationem
743 1703 750 1728 ;
761 1695 801 1722 sic
811 1695 952 1728 nimirum,

160 1744 190 1767 ut
206 1740 252 1767 illa
270 1739 382 1775 quidem
401 1760 409 1772 ,
437 1739 492 1766 illis
522 1739 690 1774 cogitantem
717 1739 854 1767 rationem
878 1741 954 1768 velut

160 1786 337 1822 paedagogum
356 1785 503 1820 praeﬁciat;
535 1785 594 1812 haec
619 1793 686 1812 vero
713 1785 774 1813 istis
798 1793 954 1813 sermonem

160 1836 251 1859 mente
267 1831 419 1866 repositum
435 1831 512 1858 velut
528 1831 688 1865 nuptiarum
707 1831 916 1859 instructorem.

197 1878 259 1905 167.
288 1877 365 1904 Mens
389 1876 552 1911 imperfecta
574 1876 608 1903 ad
628 1876 798 1905 fructiferam
821 1878 956 1907 orationis

161 1925 270 1952 vineam
288 1931 342 1950 non
359 1923 462 1950 sinitur
479 1922 586 1950 intrare
603 1923 641 1955 '5;
658 1923 706 1950 sed
721 1923 755 1950 ad
771 1923 856 1957 solos,
873 1929 955 1960 atque

163 1970 189 1997 id
205 1976 289 2004 agre,
301 1969 379 1996 velut
394 1976 510 2002 pauper,
527 1967 562 1995 ad
583 1967 695 1995 relictos
717 1976 732 1996 e
749 1968 893 1996 vindemia
913 1977 957 1996 ra-

161 2015 294 2048 cemulos,
308 2014 398 2042 nudos
411 2014 581 2049 psalmorum
596 2018 737 2042 extremos
755 2022 848 2042 sonos.

199 2061 261 2090 168.
282 2060 361 2089 Sicut
374 2068 430 2087 non
446 2068 543 2087 omnes
570 2060 617 2095 qui
635 2061 670 2087 ad
683 2060 756 2096 regis
771 2060 956 2088 admittuntur

162 2107 341 2142 colloquium,
360 2106 500 2133 communi
517 2114 580 2134 cum
594 2113 628 2133 eo
640 2106 755 2141 prandio
772 2112 854 2141 atque
866 2107 956 2142 epulis

163 2153 283 2190 gaudere
301 2155 435 2188 possunt;
448 2152 488 2179 sic
499 2159 591 2186 neque
603 2159 701 2179 omnes
713 2151 762 2186 qui
774 2151 809 2178 ad
821 2152 956 2179 orationis

965 1535 987 1564 ϐ

994 289 1038 307 ται
1060 283 1088 306 ὲν
1105 281 1192 315 εὖχῇ-
1212 281 1224 306 6
1247 279 1275 306 δὲ
1301 279 1462 314 πρακτικὸς,
1480 278 1517 310 ὠς
1532 278 1679 314 παροδίτης
1699 277 1784 312 ὀφθή-

994 335 1079 357 σεται,
1095 325 1237 360 ἐπιθυμῶν
1252 326 1300 360 μὲν
1316 325 1420 351 ἔνδοθεν
1440 323 1647 359 παρακύπτέιψ
1668 323 1705 358 μὴ
1719 331 1784 356 συγ-

993 372 1166 408 χωρούμενος
1185 372 1225 404 δὲ,
1244 371 1289 398 διὰ
1311 371 1342 397 τὸ
1370 369 1621 405 ὑπερανεστηκέναι
1635 369 1681 396 τὸν
1697 377 1781 404 φραγ·

996 418 1044 454 μὴν
1058 418 1107 453 τῆς
1120 417 1309 460 πνευματικῆς
1324 416 1433 453 ἡλικίας
1450 415 1546 443 αὑτοῦ.

1031 509 1098 545 ρξγ’.
1117 509 1158 535 Τὰ
1183 508 1232 544 μὲν
1257 506 1403 542 σωματικὰ
1426 505 1500 542 πάθη
1525 505 1630 541 θηρίοις
1663 504 1784 531 ἐοίκασι·

995 557 1106 590 πτηνοῖς
1121 555 1159 586 δὲ,
1173 555 1206 581 τὰ
1216 553 1321 590 ψυχικά
1330 562 1336 569 ·
1353 553 1421 580 ἀλλὰ
1431 552 1465 579 τὰ
1479 551 1529 587 μὲν
1550 551 1603 578 ἀπὸ
1615 552 1663 577 τοῦ
1675 550 1787 585 λογικοῦ

994 601 1107 628 δύναται
1130 600 1292 636 ἀμπελῶνος
1315 598 1499 634 ἀποτειχίζειν
1521 598 1536 624 6
1561 598 1727 633 πρακτικός·
1742 597 1788 623 οὺ-

995 646 1054 672 κέτι
1069 645 1097 672 δὲ
1114 645 1160 672 καὶ
1172 645 1205 671 τὰ
1221 645 1342 676 πετεινὰ,
1354 645 1378 671 εί
1393 644 1431 680 μὴ
1447 644 1477 670 ὲν
1496 643 1598 678 θεωρίᾳ
1614 643 1786 677 πνευματικῇ

995 692 1120 728 γένηται,
1137 691 1190 718 κᾶν
1206 692 1247 718 ὅτι
1272 691 1390 726 μάλιστα
1413 690 1558 726 ποιήσεται
1585 688 1703 724 σπουδὴν
1720 688 1787 723 πρὲς

993 738 1043 773 τὴν
1059 738 1113 765 τῶν
1127 737 1230 764 ἔνδοθεν
1245 737 1379 772 φυλακήν.

1034 829 1097 866 ρξὸ.
1121 828 1235 863 Ἦθικῆς
1250 826 1418 863 εὐπρεπείας
1431 826 1563 861 κρείττων
1579 824 1731 861 πρακτικὸς
1744 833 1790 858 γε-

997 875 1091 903 νέσθαι
1117 874 1147 901 οὐ
1172 873 1295 906 δύναται,
1314 873 1338 899 εἰ
1355 872 1392 908 μὴ
1417 873 1465 899 καὶ
1486 871 1568 903 αὐτὸς
1593 871 1662 898 κατὰ
1678 870 1723 897 τὸν
1735 879 1789 897 πα-

997 922 1133 957 τριάρχην
1154 919 1280 955 Ἀϐραὰμ
1294 917 1346 951 ἔξω
1359 918 1482 953 γένηται,
1496 918 1533 949 ὡς
1550 917 1599 952 μὲν
1614 917 1663 952 τῆς
1673 916 1789 951 οίκείιιςι

998 967 1045 994 τοῦ
1061 965 1177 1001 φυσικοῦ
1200 965 1296 1000 νόμου,
1311 965 1350 996 ὡς
1377 964 1406 991 δὲ
1433 964 1608 998 συγγενείας,
1627 963 1678 998 τῆς
1696 963 1791 998 ἥλικος

998 1013 1072 1049 αὑτῷ
1097 1013 1143 1039 καὶ
1158 1012 1229 1039 κατὰ
1251 1011 1343 1047 σχέσιν
1364 1010 1449 1046 ζωῆς.
1466 1009 1544 1037 0"u1w
1561 1009 1615 1045 γὰρ
1640 1009 1688 1036 καὶ
1701 1006 1790 1040 οὗτος,

998 1058 1035 1091 ὼς
1052 1057 1186 1094 σφραγῖδα
1202 1057 1316 1092 λήψεται
1332 1056 1381 1092 τῆς
1405 1055 1517 1090 γενικῆς
1531 1055 1628 1090 ἡδονῆς
1644 1055 1694 1090 τὴν
1709 1054 1792 1089 ἀφαί-

1000 1113 1085 1141 ρεσιν,
1104 1104 1166 1131 καθ’
1181 1105 1215 1140 ἢν
1238 1103 1268 1130 τὺ
1293 1103 1347 1130 ἀπὸ
1361 1102 1500 1137 γενέσεως
1518 1101 1651 1136 κάλυμμα
1667 1100 1793 1136 περικεί-

1001 1160 1092 1187 μενον,
1109 1151 1159 1187 τὴν
1176 1150 1296 1186 παντελῆ
1319 1149 1476 1185 ἐλευθερίαν
1491 1148 1521 1175 οὐ
1536 1148 1675 1183 συγχωρεῖ
1703 1155 1793 1183 παρα-

1001 1197 1130 1233 exeo-ilva:
1147 1197 1223 1232 ἡμῖν.

1037 1242 1101 1279 ρξε’.
1121 1243 1190 1269 Οὔτε
1201 1242 1291 1274 πῶλος
1302 1242 1332 1269 ὲν
1344 1241 1405 1276 ἔαρι
1420 1241 1494 1268 ἔνδον
1509 1241 1614 1276 φάτνης
1628 1240 1732 1276 μένειν,
1746 1241 1795 1267 καὶ

999 1288 1034 1316 τὰ
1051 1289 1159 1324 ἐκείνης
1175 1288 1274 1315 ἐσθίειν
1291 1288 1436 1323 ἀνέχεται·
1453 1286 1515 1313 οὔτε
1532 1286 1656 1321 νεοτελὴς
1678 1286 1741 1317 νοῦς
1757 1287 1793 1318 (ε)

1000 1334 1031 1361 τὸ
1045 1334 1270 1369 ἀπεστενωμένον
1286 1334 1332 1360 ἐπὶ
1348 1333 1415 1359 πολὺ
1432 1333 1578 1367 καρτερεῖν
1597 1331 1647 1365 τῆς
1666 1331 1750 1366 εὐχῆς
1763 1331 1793 1357 οὺ

1001 1379 1129 1406 δύναταιε
1146 1379 1231 1414 ἡδέως
1257 1378 1358 1414 μᾶλλον
1388 1378 1448 1404 κατ’
1462 1378 1567 1404 ἐκεῖνον
1596 1376 1678 1412 ἔχων,
1695 1376 1741 1402 ἐπὶ
1764 1376 1794 1402 τὸ

1002 1424 1103 1455 πλάτος
1117 1423 1167 1458 τῆς
1182 1424 1302 1458 φυσικῆς
1317 1423 1435 1460 θεωρίας
1449 1422 1621 1458 ὲξέρχεσθαι,
1648 1423 1698 1456 τῆς
1723 1422 1795 1448 κατὰ

1000 1471 1050 1506 τὴν
1064 1469 1225 1506 ψαλμῳδίαν
1240 1469 1438 1514 εὐρισκομὲνης
1451 1469 1497 1496 καὶ
1511 1468 1561 1504 τὴν
1578 1467 1740 1502 ἀνάγνωσιν.

1041 1562 1112 1598 ρξς’.
1134 1561 1180 1593 Ὦς
1200 1560 1248 1596 μὲν
1267 1559 1373 1594 ὀσφύας
1397 1558 1454 1594 ἔχει
1484 1557 1721 1594 περιεζωσμένας.
1747 1565 1798 1592 νη-

1005 1608 1097 1634 στείαν
1112 1607 1159 1634 καὶ
1176 1606 1288 1640 ἁγνείαν
1312 1606 1329 1640 ἡ
1347 1604 1498 1639 πρακτικὴ,
1514 1604 1564 1636 τὰς
1582 1603 1701 1636 ζωτικὰς
1716 1602 1798 1629 δυνά-

1006 1664 1067 1691 μεις
1083 1654 1186 1689 αὐτῆς·
1205 1653 1243 1685 ὡς
1269 1652 1383 1687 λύχνους
1401 1651 1429 1678 δὲ
1454 1650 1625 1685 καιομένους,
1640 1648 1745 1683 σιωπήν
1767 1656 1798 1674 τε

1004 1702 1052 1728 καὶ
1067 1699 1235 1737 προσευχὴν,
1250 1698 1300 1730 τὰς
1317 1697 1469 1732 γνωστικὰς
1484 1697 1500 1732 ἡ
1514 1695 1670 1731 θεωρητικὴ
1682 1694 1796 1730 ἀρετὰς,

1005 1747 1161 1782 ὲφιοτῶσα·
1177 1747 1194 1781 ὴ
1219 1746 1267 1781 μὲν
1293 1744 1426 1776 ἐκείναις,
1443 1743 1489 1769 τὸν
1508 1741 1638 1776 λογισμὸν
1659 1741 1697 1772 ὡς
1719 1741 1799 1768 παιδ-

1005 1793 1113 1827 αγωγόν
1124 1800 1130 1806 '
1143 1792 1161 1828 ἡ
1170 1792 1199 1818 δὲ
1212 1790 1335 1822 ταύταις,
1350 1789 1387 1820 ὡς
1402 1787 1587 1824 νυμφοστόλον
1601 1787 1680 1820 λόγον
1695 1785 1740 1813 τὸν
1755 1785 1799 1812 ὲν-

1004 1839 1137 1867 διάθετον.

1043 1884 1109 1920 ρξζη
1125 1883 1196 1915 Νοῦς
1210 1883 1319 1918 ἀτελὴς,
1334 1883 1374 1914 είς
1386 1881 1432 1908 τὸν
1452 1880 1632 1915 κατάκαρπον
1646 1877 1799 1914 ἀμπελῶνα

1005 1931 1050 1957 τὸν
1064 1931 1113 1966 τῆς
1124 1929 1206 1965 εὐχῆς
1224 1929 1254 1956 οὺ
1275 1928 1458 1963 συγχωρεῖται
1471 1925 1661 1961 είσέρχεσθαι’
1676 1925 1716 1955 είς
1730 1923 1800 1959 μόνα

1005 1977 1033 2003 δὲ
1049 1977 1095 2002 καὶ
1118 1975 1203 2011 μόλις,
1218 1975 1257 2007 ὡς
1271 1974 1339 2010 πρὸς
1355 1972 1539 2007 ἐπιφυλλάδας
1553 1970 1671 2006 πτωχὸς,
1686 1969 1721 1996 τὰ
1732 1969 1800 2004 ψιλὰ.

1004 2022 1059 2049 τῶν
1073 2021 1189 2057 ψαλμῶν
1205 2021 1300 2057 ἀπηχή
1306 2028 1388 2056 ματα.

1041 2068 1111 2105 ρξηῆ
1130 2069 1236 2104 Ὥσπερ
1255 2067 1287 2094 οὺ
1310 2067 1412 2098 πάντες
1428 2066 1453 2092 οί
1475 2065 1516 2097 είς
1534 2063 1666 2100 βασιλέως
1690 2061 1800 2097 ὁμιλίαν

1005 2115 1159 2151 ἐρχόμενοι,
1175 2114 1339 2149 συναριστᾷν
1363 2112 1438 2148 αὐτῷ
1464 2111 1608 2138 δύνανταν
1633 2109 1719 2140 οὕτως
1739 2108 1800 2135 οὐδὲ

1005 2163 1030 2189 oi
1044 2163 1084 2194 εἰς
1099 2161 1226 2196 ἐντυχίαν
1246 2161 1328 2196 εὐχῆς
1345 2160 1470 2196 ῆκοντες,
1486 2158 1588 2189 πάντες
1608 2156 1638 2183 ἐν
1652 2155 1753 2191 θεωρίᾳ⁵
1765 2156 1799 2190 τῇ

163 2207 342 2236 congressum
359 2199 486 2231 veniunt,
503 2199 565 2234 ejus
579 2202 722 2233 compotes
741 2198 876 2226 exsistent
891 2206 949 2226 con-

1008 2208 1068 2235 κατ’
1080 2208 1191 2242 ἐκείνην
1203 2206 1379 2242 ὸφθήσονται.

164 2244 364 2280 templationis.

198 2290 261 2318 169.
276 2290 326 2317 lrze
344 2289 457 2324 quidem
481 2288 590 2316 frenum
604 2310 611 2322 ,
635 2297 669 2316 ex
694 2289 828 2324 temporis
849 2289 957 2317 ratione

163 2336 306 2365 silentium
320 2340 379 2368 est;
392 2336 490 2364 alienae
515 2343 582 2363 vero
603 2343 620 2362 a
647 2335 754 2362 ratione
778 2335 956 2370 cupiditatis,

164 2383 221 2411 cibi
241 2387 393 2418 temperata
407 2381 478 2409 ratio
495 2390 500 2408 :
516 2381 693 2416 cogitationis
708 2381 828 2416 denique
840 2381 957 2409 moleste

163 2427 308 2463 evagantis
329 2431 357 2454 et
369 2434 452 2462 quam
470 2425 581 2453 diﬁicile
605 2431 709 2459 teneas,
734 2426 817 2454 unius
838 2426 955 2454 rationis

164 2474 273 2509 ﬁxaque
289 2477 381 2500 mente
395 2473 496 2500 oratio.

199 2520 279 2556 661
296 2519 356 2546 170.
375 2518 444 2545 Tum
460 2518 508 2553 qui
522 2522 674 2550 terrenum,
689 2521 747 2545 tum
771 2517 819 2553 qui
841 2517 954 2545 ccelcste

165 2565 334 2600 profundum
351 2565 446 2592 subire
463 2564 546 2596 velit;
562 2564 633 2591 alter
655 2563 768 2599 quidem
793 2564 821 2590 in
842 2572 956 2591 sensum

165 2611 321 2644 cadentem,
340 2611 410 2638 alter
425 2618 502 2643 vero,
518 2618 580 2646 qua;
596 2611 655 2638 sola
675 2614 767 2637 mente
786 2609 953 2645 percipitur,

1044 2296 1110 2334 950’.
1129 2295 1221 2331 Θυμοῦ
1239 2295 1288 2331 μὲν
1313 2294 1414 2330 κημὸς,
1432 2295 1449 2329 ὴ
1463 2292 1594 2328 εὔκαιρος
1608 2291 1715 2326 γίνεται
1732 2299 1800 2317 σιω-

1008 2344 1063 2379 πή·
1080 2343 1178 2378 ἀλόγου
1197 2342 1226 2369 δὲ
1235 2341 1393 2377 ἐπιθυμίας,
1405 2341 1422 2375 ἡ
1443 2340 1602 2375 σύμμετρος
1616 2338 1712 2373 ὲδωδὴ.
1730 2339 1800 2363 Δυσ-

1007 2389 1140 2418 καθέκτου
1161 2389 1190 2417 δὲ
1214 2387 1346 2423 λογισμοῦ
1357 2408 1364 2421 ,
1394 2387 1418 2422 ῆι
1433 2384 1631 2423 μονολόγιστοςι
1646 2383 1798 2420 προσευχὴ.

1044 2517 1092 2550 po’.
1109 2513 1165 2540 Καὶ
1189 2512 1228 2544 είς
1251 2511 1297 2538 τὸν
1312 2511 1389 2538 κάτω
1413 2511 1494 2547 βυθδν
1511 2510 1560 2537 καὶ
1577 2510 1618 2542 είς
1631 2509 1678 2536 τὸν
1704 2508 1762 2536 ἂνω
1786 2510 1800 2535 6

1010 2559 1138 2588 ὑποδῦναι
1163 2559 1334 2594 βουλόμενος,
1349 2558 1363 2584 ὁ
1380 2557 1441 2593 μὲνι
1450 2557 1495 2584 διὰ
1514 2556 1561 2583 τὸν
1576 2555 1717 2592 αίσθητδν,
1733 2556 1748 2581 6
1769 2555 1799 2581 δὲ

1009 2607 1054 2634 διὰ
1075 2606 1121 2634 τὸν
1146 2606 1240 2641 νοητὸν
1257 2603 1444 2640 μαργαρίτην,
1462 2603 1506 2631 [vat
1522 2603 1604 2630 αὐτὸν
1620 2602 1798 2638 ἀνιμήσηται,

201 2667 224 2683 ⁵³
241 2667 310 2705 Gen.
327 2675 375 2701 ιιι,
393 2667 419 2694 1.
458 2666 480 2682 ⁵⁵
495 2665 564 2694 Gen.
578 2674 644 2700 xvn,
660 2666 711 2700 ii;
727 2666 808 2694 Rom.
825 2674 863 2699 IV,
882 2666 926 2694 Η.

1008 2665 1085 2692 Deut.
1102 2670 1176 2696 xxxv,
1191 2661 1237 2689 21.

203 2723 238 2758 (ε)
254 2723 403 2757 Νεοτελὴς
418 2723 502 2756 νοῦς.
527 2722 611 2756 Quasi
638 2731 735 2751 recens
759 2724 793 2752 ad
809 2723 959 2759 perfectio-

169 2767 232 2786 nem
250 2759 395 2791 initiatus.
405 2766 522 2794 eamque
550 2767 652 2794 novum
668 2759 801 2794 adeptus;
825 2760 878 2787 etsi
895 2767 958 2787 ncc-

169 2794 234 2821 dum
255 2794 283 2820 in
304 2795 349 2821 illa
365 2794 431 2822 satis
457 2793 599 2829 probatus.
626 2793 704 2820 Suid.
722 2793 864 2828 κεοτεὶὴς,
889 2803 955 2820 νεω-

170 2829 215 2854 στὶ
231 2829 448 2860 τετελειωμὲνος·
463 2829 536 2860 quod
556 2829 701 2856 T/iesaurus
718 2829 854 2856 llcsvchio
869 2830 956 2856 ascri-

171 2863 222 2895 bit,
238 2871 301 2891 cum
315 2864 351 2891 sit
365 2864 453 2891 solum
470 2860 572 2895 Suidae,
595 2864 749 2899 redditque.
766 2860 863 2892 Recens
879 2865 956 2891 abso-

1015 2722 1106 2750 lutus:
1122 2728 1178 2748 non
1203 2721 1271 2748 satis
1300 2721 1370 2748 bene
1390 2721 1501 2751 Portus,
1522 2717 1634 2754 Recens
1656 2714 1797 2754 confectus.

1013 2748 1070 2785 Vox
1087 2757 1161 2784 enim
1178 2756 1234 2787 illa,
1252 2764 1306 2790 qua
1324 2763 1378 2782 una
1395 2755 1473 2782 Suid.
1495 2748 1618 2780 alteram
1638 2748 1797 2788 explicavit,

1011 2792 1157 2827 quamdam
1172 2789 1372 2818 absolutionem
1388 2795 1468 2827 sonat
1477 2793 1504 2816 et
1515 2789 1797 2827 consummationem,

1010 2819 1065 2854 non
1084 2827 1170 2854 solam
1189 2827 1381 2859 cllcclioncin;
1410 2826 1443 2853 de
1463 2832 1515 2860 qua
1532 2823 1618 2850 multa
1634 2819 1752 2848 Budaeus
1769 2819 1797 2846 in

1010 2863 1163 2890 (lommcnl.
