1946 3074
165 145 229 180 iiii

743 142 830 172 ALIA
849 141 900 171 EX
918 141 1038 170 VATlC.
1058 141 1203 171 CAPITA.

1721 144 1790 176 1462

163 198 186 224 et
205 197 242 232 μὴ
263 195 392 232 γυμνωθῇ
408 192 485 227 οὗτος
509 195 560 230 τῆς
586 195 708 231 ἐσθῆτος,
727 197 829 228 ἐκεῖνος
854 196 883 222 δὲ
904 197 946 231 τῆς

1005 197 1178 231 margaritam
1207 197 1270 224 inde
1290 200 1485 229 extracturus;
1513 198 1566 225 nisi
1589 198 1684 226 nudati
1707 201 1788 229 ambo

162 243 326 279 αἰσθήσεως,
340 243 493 279 ἀμφότεροι
507 243 553 270 τοῦ
569 242 784 278 ὲπιζητουμένου
796 244 948 279 διαμαρτή-

163 299 266 317 σονται.

198 335 266 372 ροα’.
283 335 313 363 '0
330 337 381 370 μὲν
394 336 501 363 ἔνδοθεν
514 336 564 372 τῆς
575 336 694 369 διανοίας
707 335 789 362 αὑτοῦ
805 336 949 371 γενόμενος

161 381 234 415 νοῦς,
252 382 281 408 ἐν
296 382 335 417 τῷ
346 381 487 417 εΰχεσθαι,
507 382 544 414 ὡς
564 382 633 417 μετὰ
649 382 758 418 νύμφης
780 382 895 416 νυμφίος
921 382 950 408 ἐν

161 428 202 463 τῷ
217 428 343 463 νυμφῶνι
355 428 545 463 διαλεγόμενος
558 428 750 464 εὑρεθήσεται·
765 429 779 454 ὁ
792 428 820 454 δὲ
838 427 875 463 μὴ
889 436 950 462 συγ-

163 474 338 509 χωρούμενος
357 474 500 508 εἰσελθεῖν,
526 474 628 507 ἔξωθεν
644 474 788 510 ἱστάμενος
814 473 949 506 στενάζων

164 519 213 555 βοᾷ
225 528 231 535 ·
256 521 303 553 Τίς
321 520 430 553 ἀπάξει
455 529 494 556 με
519 522 561 554 εἰς
585 522 677 548 πόλιν
696 520 858 555 περιοχῆς;
874 520 891 556 ἢ
908 520 950 551 τίς

163 565 290 600 ὁδηγήσει
308 574 352 601 με,
366 565 422 599 ἕως
439 565 492 593 τοῦ
503 565 546 601 μὴ
554 566 686 598 βλέπειν
696 567 740 599 εἰς
750 566 950 600 ματαιότητας

163 609 211 636 καὶ
223 611 334 643 μανίας
347 610 470 644 ψευδεῖς
485 612 514 637 ὲν
528 611 567 646 τῷ
583 610 722 646 εὔχεσθαι.

198 699 264 735 ροβ’.
282 699 379 727 Ὀποία
394 701 410 735 ἠ
424 701 509 735 χωρὶς
524 700 588 732 ἁλὸς
601 700 640 735 τῷ
655 700 775 736 φάρυγγι
789 700 950 735 λογιζομένη

161 746 259 781 τροφὴ,
278 747 390 782 τοιαύτη
405 747 452 773 καὶ
467 748 482 781 ἡ
497 746 577 778 ὲκτδς
590 746 766 779 κατανύξεως
791 747 951 782 λογισθήσε-

161 801 207 818 ται
219 792 258 827 τῷ
269 793 307 827 νῴ
321 792 509 828 μετερχομένη
526 793 603 828 εὐχή.

199 839 264 871 ρογ¹.
285 836 317 863 Ἥ
333 837 382 872 μὲν
395 836 434 863 ἔτι
448 837 655 863 καταδιώκουσα
677 836 751 872 ψυχὴ
776 837 827 872 τὴν
853 837 947 873 εὐχὴν,

1000 243 1168 276 exstiterint,
1181 244 1252 271 alter
1267 248 1353 275 veste,
1369 244 1495 278 alterque
1506 251 1587 271 sensu
1599 265 1607 277 ,
1622 249 1721 273 neuter
1730 247 1788 282 ejus

1000 289 1079 323 cujus
1091 288 1270 324 inquisitione
1281 289 1397 320 laborat,
1414 296 1528 324 compos
1541 291 1689 319 exstiterit.

1034 334 1096 361 171.
1116 334 1182 368 Quae
1208 335 1280 362 intra
1302 335 1419 369 seipsam
1442 335 1496 362 alta
1521 336 1686 371 cogitatione
1712 339 1792 367 mens

1000 380 1113 407 collecta
1137 384 1190 413 est,
1217 380 1289 408 inter
1312 381 1459 414 orandum,
1483 382 1560 409 velut
1588 390 1706 417 sponsus
1724 392 1788 411 cum

1002 429 1101 460 sponsa
1118 426 1145 453 in
1163 426 1285 454 thalamo
1298 434 1456 454 sermonem
1475 427 1595 455 miscens
1620 428 1789 457 invenietur.

1000 471 1052 499 Cui
1078 476 1169 499 autem
1186 472 1293 507 ingredi
1316 480 1371 500 non
1399 473 1588 508 permittitur,
1619 473 1686 501 foris
1714 479 1790 502 stans

1000 518 1102 553 gemitu
1120 518 1230 549 clamat,
1247 517 1310 550 Quis
1329 518 1436 545 deducet
1453 527 1493 545 me
1504 520 1531 545 in
1548 520 1679 546 civitatem
1701 521 1789 547 mimi-

1006 568 1061 590 tam
1077 564 1119 590 ⁵⁸⁸2
1132 569 1179 590 aut
1191 564 1253 598 quis
1266 563 1334 590 mihi
1350 564 1485 591 hactenus
1501 564 1556 591 dux
1572 564 1636 596 erit,
1655 569 1684 591 ut
1698 566 1726 592 in
1745 574 1791 592 va-

1000 610 1096 635 nitates
1116 613 1140 634 et
1161 609 1280 636 insanias
1303 608 1397 644 falsas,
1419 609 1492 636 inter
1514 609 1650 636 orandum
1673 618 1725 636 non
1749 618 1791 637 re-

1004 655 1118 689 spiciant
1133 655 1175 681 ⁵⁷⁵2

1037 700 1097 726 172.
1112 699 1206 732 Qualis
1221 708 1284 727 esca
1307 700 1385 728 nullo
1407 700 1462 728 sale
1480 700 1591 728 condita
1615 701 1720 736 gutturi
1748 701 1790 728 vi-

1001 744 1092 775 detur,
1111 744 1172 771 talis
1186 749 1213 771 et
1231 745 1328 776 oratio,
1347 745 1431 772 menti
1446 753 1506 772 eam
1526 745 1628 772 colenti
1646 745 1789 773 existima-

1000 790 1087 822 bitur,
1104 791 1156 817 nisi
1174 791 1199 817 ei
1215 790 1392 825 compunctio
1405 798 1498 818 comes
1511 791 1556 818 sit.

1038 836 1099 862 175.
1115 835 1230 863 Animus
1242 835 1395 863 orationem
1411 836 1502 863 adhuc
1517 844 1697 871 persequens,
1725 844 1790 871 par-

160 884 193 918 τῇ
211 882 342 918 ὼδινούσῃ
369 883 486 918 ὑπάρχει
517 884 718 919 παρεμφερής·
742 884 759 919 ἡ
778 883 806 909 δὲ
829 883 946 910 καταλα-

1005 881 1114 908 turicnti
1138 888 1219 915 quam
1237 881 1335 907 similis
1346 884 1388 908 est
1411 881 1448 914 Im;
1472 889 1532 908 eam
1548 889 1615 908 vero
1634 885 1788 913 assecutus,

161 927 256 960 ϐοῦσα,
278 930 311 964 τῇ
339 929 473 964 κυησάσῃ,
497 929 544 956 καὶ
562 929 662 964 πλήρει
682 929 817 965 γενομένῃ
839 930 882 956 διὰ
901 929 946 956 τὸν

162 973 240 999 τόκον
255 974 353 1008 χαρᾶς.

197 1018 259 1053 poti.
281 1019 366 1045 Πάλαι
384 1020 432 1055 μὲν
448 1021 461 1046 ὁ
478 1020 642 1055 Ἀμορραῖος
661 1020 708 1055 (ε’)
728 1021 757 1047 ἐν
772 1020 810 1055 τῷ
827 1020 884 1055 ὄρει
907 1022 946 1047 οἰ-

160 1065 228 1097 κῶν,
245 1065 410 1100 ἐτίτρωσκεν
427 1065 603 1102 ἐξερχόμενος
616 1067 678 1097 τοὺς
694 1066 946 1102 παραϐιαζομένους

161 1110 317 1145 διέρχεσθαι
330 1119 336 1126 ·
354 1112 413 1138 νυνὶ
427 1112 454 1138 δὲ
468 1113 484 1147 ὴ
507 1112 614 1147 πονηρά
628 1111 697 1147 λήθη
714 1112 806 1139 διώκει
819 1113 881 1144 τοὺς
893 1113 946 1148 πρὸ

159 1156 208 1191 τῆς
227 1156 338 1190 ἁγνείας
353 1157 400 1182 ἐπὶ
413 1157 463 1192 τὴν
473 1157 642 1193 ὑψηλοτέραν
657 1157 862 1193 ἐπιχειροῦντας
880 1159 947 1185 ἀνα-

160 1201 262 1228 ϐαίνειν
278 1201 360 1236 εὐχὴν
379 1202 428 1237 τῆς
441 1203 602 1238 ἁπλότητος.

196 1251 259 1283 ροε¹.
276 1249 331 1284 Τῆς
356 1248 480 1284 καθαρᾶς
504 1249 597 1286 εὐχῆς.
613 1250 642 1275 ὲν
657 1249 740 1285 ἔχθρᾳ
758 1250 842 1285 πολλῇ
860 1250 946 1284 πεφύ-

161 1303 241 1320 κασιν
256 1292 324 1321 εἶναι
349 1296 374 1321 οἱ
402 1295 538 1330 δαίμονες.
561 1295 754 1330 Καταπλήττει
780 1296 808 1322 δὲ
822 1295 944 1328 τούτους,

158 1342 219 1376 οὐχὶ
237 1340 339 1375 πλῆθος
359 1341 413 1367 τῶν
437 1341 531 1367 κακῶν
558 1340 683 1378 [καλῶνῙ,
702 1342 739 1373 ὡς
763 1342 826 1373 τοὺς
848 1342 946 1374 ἔξωθεν

162 1387 308 1421 πολεμίους
326 1386 356 1412 τὸ
372 1387 531 1421 στράτευμα
543 1395 550 1402 '
576 1387 634 1413 ἀλλ’
648 1388 664 1422 ὴ
690 1386 775 1422 τριῶν
790 1388 944 1422 συμφωνία,

160 1429 206 1456 νοῦ
224 1429 291 1464 πρὸς
305 1429 394 1471 λόγον,
412 1431 458 1457 καὶ
473 1430 553 1464 λόγου
569 1431 637 1466 πρὸς
655 1431 790 1466 αἴσθησιν.

197 1475 266 1510 ρος¹.
287 1475 318 1502 Ἠ
339 1476 388 1511 μὲν
406 1476 471 1511 ψιλὴ
483 1477 561 1512 εὐχὴ,
576 1477 614 1509 ὡς
629 1477 711 1512 ἄρτος
728 1477 878 1513 ὀφθήσεται
894 1478 944 1514 ἀρ-

159 1521 291 1556 χομένους
307 1521 474 1556 στηριζουσα
486 1530 493 1536 ·
511 1523 528 1557 ἡ
553 1522 581 1548 δὲ
596 1523 665 1558 μετά
680 1531 751 1554 τινος
767 1523 893 1559 θεωρίας,
908 1524 946 1556 ὼς

158 1567 250 1593 ἔλαιον
275 1567 420 1594 πιαίνουσα
432 1576 440 1584 ο
457 1568 473 1602 ή
494 1568 521 1594 δὲ
541 1569 670 1602 ἀνείδεος,
688 1569 726 1601 ὡς
746 1567 817 1601 οἶνος
832 1570 946 1606 εὐώδης,

158 1609 189 1639 οὗ
204 1613 228 1638 οὶ
243 1613 445 1648 ἐμφορούμενοι
460 1613 605 1650 ἀπλήστως
621 1613 787 1647 ἐξίστανται-

999 925 1025 952 ei
1053 933 1114 959 quae
1138 925 1265 960 peperit,
1292 932 1381 960 exque
1414 929 1495 960 partu
1519 925 1611 961 gaudii
1639 926 1720 960 plena
1743 933 1790 953 ex-

999 971 1083 998 sistit.

1035 1024 1096 1050 ΓΜ.
1115 1022 1185 1050 Olim
1199 1022 1310 1057 quidem
1327 1023 1505 1051 Amorrhzeus
1522 1027 1654 1050 montana
1671 1022 1765 1049 colens
1779 1042 1788 1055 ,

999 1076 1047 1096 eos
1066 1075 1212 1103 aggressus
1226 1068 1273 1102 qui
1294 1067 1448 1102 transgredi
1469 1067 1704 1099 connitebantur',
1722 1073 1789 1093 con-

999 1113 1163 1140 vulnerabat
1177 1113 1218 1142 "z
1233 1120 1363 1147 nuncque
1388 1113 1458 1139 mala
1475 1112 1579 1139 oblivio
1608 1112 1671 1139 illos
1692 1119 1788 1146 perse-

999 1159 1106 1194 quitur,
1121 1159 1166 1193 qui
1187 1159 1306 1186 necdum
1330 1159 1520 1186 castimoniam
1546 1158 1656 1193 adepti,
1685 1157 1719 1185 ad
1747 1158 1788 1184 al-

1000 1204 1098 1231 tiorem
1115 1204 1267 1238 simplicem
1283 1204 1435 1231 orationem
1459 1211 1602 1231 ascensum
1626 1203 1788 1230 moliuntur.

1032 1251 1094 1277 175.
1112 1249 1270 1277 Orationem
1286 1258 1382 1284 puram
1400 1250 1475 1285 gravi
1496 1250 1635 1277 daemones
1645 1249 1710 1275 odio
1722 1256 1788 1283 per—

999 1300 1163 1331 sequuntur,
1178 1295 1260 1330 idque
1272 1304 1304 1322 ex
1320 1296 1411 1330 genio.
1430 1295 1559 1322 Pcrcellit
1578 1303 1643 1322 vero
1668 1302 1716 1321 eos
1731 1301 1787 1320 non

999 1341 1133 1369 bonorum
1149 1342 1240 1374 turba,
1255 1342 1330 1369 velut
1342 1346 1471 1368 externos
1486 1341 1580 1369 hostes
1591 1341 1700 1376 objecta
1718 1348 1788 1375 prac-

1000 1387 1070 1414 sidia
1083 1387 1223 1420 militum;
1248 1387 1296 1414 sed
1313 1387 1396 1414 trium
1425 1395 1587 1418 consensus,
1608 1386 1708 1414 mentis
1730 1386 1786 1413 sci-

999 1431 1063 1459 licet
1080 1439 1141 1459 cum
1161 1432 1266 1459 ratione
1279 1452 1285 1464 ,
1300 1436 1328 1459 et
1357 1432 1473 1458 rationis
1498 1439 1561 1459 cum
1579 1439 1673 1459 sensu.

1036 1477 1097 1504 176.
1114 1477 1237 1512 Simplex
1250 1477 1349 1509 oratio,
1376 1477 1454 1511 quasi
1477 1476 1557 1511 panis
1581 1475 1722 1503 videbitur
1736 1474 1760 1490 ⁶⁰
1779 1494 1787 1507 ,

1000 1523 1164 1558 incipientes
1177 1531 1209 1550 ac
1223 1522 1440 1550 rudimentarios
1453 1522 1612 1549 confortans
1627 1531 1632 1548 :
1650 1529 1711 1556 qua:
1722 1528 1788 1548 vero

1002 1570 1123 1604 aliquam
1137 1569 1399 1603 contemplationem
1415 1568 1591 1602 conjunctam
1607 1567 1700 1599 habet,
1712 1567 1788 1594 velut

1000 1615 1092 1642 oleum
1107 1614 1281 1650 impinguans
1292 1614 1314 1630 ⁶¹
1330 1622 1337 1640 :
1353 1622 1414 1649 quae
1428 1613 1548 1648 denique
1564 1614 1653 1640 nullas
1668 1612 1790 1640 admittit

158 1657 263 1686 formas
274 1667 306 1686 ac
317 1660 475 1693 simulacra,
491 1661 674 1694 quasi'vinum
683 1661 943 1697 fragrantissimum,
961 1671 1016 1698 quo
1031 1662 1079 1697 qui
1108 1662 1182 1696 pleni
1201 1665 1275 1693 sunt,
1306 1661 1472 1688 immensum
1496 1660 1634 1688 excedunt
1659 1667 1692 1687 ac
1713 1660 1788 1687 velut

159 1703 302 1732 insaniunt
316 1706 350 1732 ⁶¹.
953 1739 959 1745 ι

196 1749 263 1785 ροξ.
276 1752 286 1762 '
304 1751 416 1786 ’Λγριος
433 1752 482 1787 μὲν
497 1753 567 1784 ὄνος,
584 1753 688 1786 πόλεως
711 1754 760 1789 μὲν
774 1753 882 1788 λέγεται
898 1763 947 1780 πο-

161 1793 286 1830 λυοχλῐας
303 1796 467 1831 καταγελᾷν·
494 1797 540 1823 καὶ
555 1798 709 1833 μονόκερως
728 1798 757 1824 δὲ
780 1798 826 1825 ὑπ’
841 1798 948 1830 οὐδενὸς

159 1840 319 1875 δεσμεῖσθαι
334 1841 489 1877 δυνάμενος.
508 1842 577 1874 Νοῦς
589 1843 617 1870 δὲ
629 1843 746 1878 φύσεως,
762 1844 810 1871 καὶ
821 1845 875 1871 τῶν
884 1844 947 1880 περὶ

162 1887 245 1920 φύσιν
262 1887 424 1920 βασιλεύσας
439 1888 535 1923 λόγων,
553 1889 735 1924 ματαιότητος
759 1890 808 1925 μὲν
829 1898 947 1923 καταγε-

160 1932 194 1967 λᾷ
205 1932 346 1968 λογισμῶν
361 1934 595 1969 προσευχόμενοςδ
616 1937 681 1971 παρ’
697 1935 803 1967 οὐδενὸς
823 1935 852 1962 δὲ
867 1936 947 1963 δύνα-

162 1987 206 2005 ται
225 1979 280 2005 τῶν
294 1979 346 2005 ὑπὸ
360 1979 408 2015 τὴν
429 1980 554 2015 αἴσθησιν
569 1980 838 2013 κατεξουσιάζεσϐαι.

197 2073 263 2106 ροη¹.
279 2071 340 2106 Χρὴ
367 2070 413 2097 τὸν
436 2071 636 2107 ἀγωνιζόμενον
650 2092 658 2104 ,
673 2072 724 2108 τὴν
749 2073 798 2108 μὲν
819 2073 945 2108 αἴσθησιν

159 2117 252 2149 αὑτοῦ,
267 2118 306 2148 εἰς
323 2117 373 2152 ⁴τὴν
399 2117 521 2153 μονοειδῆ
546 2118 701 2145 συστέλλειν
719 2119 831 2155 τροφήν·
855 2119 901 2146 τὸν
917 2119 945 2146 δὲ

159 2164 231 2196 νοῦν,
266 2164 306 2195 εἰς
331 2163 380 2199 τὴν
415 2164 604 2199 μονολόγιστον
646 2167 824 2201 προσευχήν·
859 2166 945 2198 οὕτως

160 2210 214 2245 γὰρ
231 2210 344 2245 ἄσχετος
361 2210 479 2244 γεγονὼς
495 2211 527 2237 ἐκ
538 2212 632 2238 παθῶν
644 2232 651 2242 ,
668 2212 714 2238 καὶ
729 2212 775 2239 ἐπὶ
795 2213 825 2239 τὺ
853 2213 945 2248 ἁρπάκ

160 2254 255 2287 ζεσοαι
271 2256 339 2291 πρὸς
357 2256 458 2291 Κύριον
472 2257 530 2292 ἣξει
543 2258 570 2283 ὲν
588 2257 626 2292 τῷ
645 2258 857 2293 προσεύχεσθαι.

195 2377 218 2393 ⁵⁸
232 2376 304 2404 Psal.
320 2384 374 2408 nx,
392 2376 434 2403 Η.
472 2376 495 2392 ⁸⁷
511 2376 582 2403 Psal.
595 2384 690 2408 χχχιιι,
708 2376 735 2403 5.

195 2530 239 2565 (ε’)
262 2530 293 2556 '0
313 2529 488 2564 Άμορῤιιῖος.
502 2530 547 2558 Sic
557 2530 686 2557 nimirum
695 2531 775 2557 Deut.
794 2539 811 2561 ι,
824 2531 868 2559 44.
881 2538 943 2558 cum

159 2573 214 2596 xw,
231 2565 276 2595 45,
295 2572 349 2591 non
365 2565 550 2597 Amorrbazus,
572 2565 618 2592 sed
642 2565 754 2592 Amalec
780 2570 808 2593 et
836 2565 944 2593 Chana-

160 2608 235 2627 meus
251 2600 389 2630 dicantur,
406 2600 446 2627 sic
460 2600 493 2627 de
512 2605 606 2628 monte
630 2601 798 2632 exsilientes,
831 2601 857 2627 in
887 2609 942 2635 quo

159 2640 238 2663 erant
254 2635 281 2661 in
298 2635 403 2662 insidiis
428 2635 632 2671 (ἐγκαθήμενοι)
655 2643 703 2662 eos
720 2636 889 2664 conscidisse
904 2643 937 2663 ac

160 2674 320 2704 persecutos
332 2677 402 2701 esse,
415 2671 462 2704 qui
486 2670 540 2697 vim
559 2671 683 2698 fecerant
710 2675 740 2697 ut
771 2671 938 2698 transirent:

160 2705 232 2739 quod
245 2705 351 2732 scilicet
369 2705 503 2732 Dcoirato
516 2713 572 2732 rem
593 2706 832 2740 aggrediebantur,
848 2705 938 2740 Moyse

159 2740 243 2767 etiam
255 2739 441 2776 dissuadente.
460 2741 489 2767 '0
504 2741 595 2772 οἰκῶν,
611 2739 684 2775 quod
695 2741 854 2776 scribit,qui
865 2739 940 2767 Inibi-

160 2775 316 2807 tabal,cum
336 2775 418 2801 Ilebr.
434 2783 466 2802 ac
479 2776 592 2810 reliquis
619 2777 764 2809 convenit;
793 2776 939 2810 potuitque

160 2810 200 2837 sic
218 2809 313 2846 haberi
323 2809 477 2846 ingraecis,
493 2809 610 2845 quorum
633 2811 671 2837 illi
692 2812 770 2846 copia
791 2809 851 2842 fuit,
882 2811 939 2838 sive

159 2850 239 2872 erant
253 2845 308 2872 τῶν
322 2844 403 2876 LXX,
422 2846 479 2874 sive
499 2844 516 2881 ἧ
537 2847 622 2880 κοινή.
640 2846 718 2879 Quod
728 2844 778 2874 Vest
797 2854 858 2881 cap.
877 2845 938 2884 i7_5,

958 2283 983 2312 D

791 2377 814 2393 ⁸⁸
832 2377 910 2404 Joan.
927 2385 981 2410 xw,
997 2378 1041 2405 21.

161 2411 205 2440 15.
243 2411 264 2427 ⁶¹
278 2411 349 2438 Psal.
364 2419 428 2443 xxn,
443 2411 470 2439 5.
508 2412 531 2427 °'
546 2411 567 2438 ll
588 2411 651 2439 Cor.
665 2420 695 2444 v,
711 2412 754 2439 15.
794 2412 817 2427 ⁸³
829 2412 891 2439 Job.
905 2421 946 2439 xx:

1015 2413 1041 2445 5,
1062 2413 1088 2440 9.

194 2472 204 2482 ‘
226 2469 295 2497 Vido
324 2469 450 2496 Bcchart.
485 2469 541 2496 Dea
573 2469 667 2496 nimal.
703 2477 786 2496 sacrm
818 2469 970 2505 Scriptura’.

1035 1754 1096 1781 177.
1115 1753 1201 1780 Aiunt
1224 1759 1358 1788 onagrum
1389 1752 1527 1780 confertas
1548 1751 1668 1779 civitatis
1693 1751 1788 1779 turbas

1001 1800 1134 1831 irridere;
1150 1806 1311 1826 monoceros
1336 1802 1427 1825 autem
1451 1807 1466 1825 a
1487 1798 1598 1825 nemine
1615 1797 1719 1832 alligari
1736 1805 1787 1832 po-

1002 1849 1054 1872 test
1067 1845 1100 1871 “.
1124 1845 1210 1872 Porro
1224 1851 1313 1876 mens,
1332 1852 1393 1878 quae
1414 1848 1530 1876 naturae,
1553 1850 1703 1877 earumque
1726 1850 1787 1877 qua:

1000 1895 1064 1918 sunt
1078 1891 1151 1918 circa
1173 1890 1257 1922 illam,
1288 1890 1427 1917 rationum
1456 1894 1538 1916 nacta
1566 1889 1711 1924 imperium
1729 1888 1785 1919 sit.

1001 1937 1073 1964 inter
1089 1936 1224 1963 orandum
1236 1943 1322 1963 vanas
1339 1934 1435 1962 irridet
1453 1935 1634 1969 cogitationes
1647 1954 1654 1966 ,
1680 1941 1730 1961 nec
1743 1933 1787 1960 ul-

1002 1982 1056 2009 lius
1082 1982 1212 2017 potestati
1237 1980 1395 2016 subjicitur,
1420 1988 1516 2008 eorum
1541 1988 1602 2015 quae
1621 1979 1649 2007 in
1675 1987 1787 2007 sensum

1001 2028 1113 2055 cadunt.

1035 2073 1096 2100 178.
1115 2073 1212 2105 Debet,
1231 2073 1278 2108 qui
1293 2080 1380 2108 agone
1393 2071 1545 2104 contendit,
1573 2071 1606 2099 ad
1635 2071 1719 2099 unius
1741 2079 1787 2107 ge-

999 2120 1074 2148 neris
1082 2120 1184 2152 cibum,
1202 2128 1312 2147 sensum
1326 2128 1405 2147 suum
1416 2120 1497 2155 662
1510 2120 1692 2155 restringere;
1709 2127 1786 2147 men-

1002 2170 1111 2200 temque
1153 2165 1187 2192 ad
1215 2165 1298 2192 unius
1339 2165 1454 2192 rationis
1486 2164 1637 2192 orationem
1675 2171 1784 2199 cogere.

1001 2211 1046 2238 Sic
1059 2211 1131 2238 enim
1148 2211 1182 2238 ab
1195 2211 1341 2238 aﬂ'ectibus
1357 2211 1427 2238 liber
1440 2211 1568 2243 etractus,
1592 2210 1703 2238 abunde
1717 2218 1786 2238 con-

1001 2261 1133 2291 sequetur
1162 2261 1192 2283 ut
1210 2257 1243 2284 ad
1266 2257 1412 2284 Dominum
1435 2257 1508 2284 inter
1529 2256 1664 2284 orandum
1694 2256 1786 2293 rapia-

997 2307 1041 2329 tur
1056 2302 1088 2328 ⁵⁵.

1099 2378 1121 2395 ⁸³
1136 2378 1217 2405 Νυιη.
1231 2386 1286 2411 xw,
1302 2379 1352 2411 45;
1369 2379 1450 2406 Deut.
1465 2387 1484 2411 ι,
1501 2379 1546 2406 44.

1134 2413 1156 2428 ⁸³
1173 2414 1181 2440 l
1198 2413 1280 2441 Thes.
1298 2422 1334 2446 Iv,
1352 2414 1393 2441 16.

1602 2379 1624 2395 ⁶⁰
1639 2379 1711 2407 Psal.
1727 2387 1783 2413 CIII,

999 2531 1060 2565 οὐχὶ
1076 2531 1178 2564 πλῆθος
1193 2531 1246 2556 τῶν
1259 2530 1362 2560 κακῶν,
1381 2530 1472 2557 nullus
1494 2530 1649 2564 decoquere
1668 2531 1782 2564 possim,

999 2570 1030 2592 ut
1048 2567 1085 2592 ita
1100 2566 1245 2600 scripsisse
1272 2570 1366 2600 putem
1391 2565 1549 2598 Maximum,
1569 2570 1617 2592 aut
1648 2566 1717 2592 forte
1737 2566 1784 2593 lia-

998 2600 1091 2628 buisse
1102 2601 1164 2628 cod.
1177 2601 1276 2631 Vatic.,
1291 2601 1343 2627 nisi
1357 2601 1426 2627 forte
1439 2601 1541 2632 κακῶν,
1556 2601 1616 2627 ἀντὶ
1625 2601 1680 2631 τοῦ,
1695 2601 1783 2628 πόνων

991 2637 1111 2670 positum
1125 2636 1170 2663 sit.
1189 2636 1242 2663 Sed
1257 2639 1401 2670 prazstaret
1428 2635 1528 2662 καλῶν·
1545 2636 1654 2663 honesti
1679 2636 1781 2697 quippe

991 2671 1104 2697 nomine
1118 2671 1229 2697 virtutis
1241 2671 1352 2697 labores
1366 2670 1458 2697 notius
1476 2670 1599 2697 veniant.
1611 2679 1691 2697 uuam
1706 2679 1747 2697 ma
1761 2670 1780 2697 i:

990 2671 1104 2698 nomine
1118 2671 1229 2697 virtutis
1241 2671 1352 2697 labores
1366 2670 1458 2705 potius
1476 2670 1599 2702 veniant,
1611 2679 1691 2705 quam
1706 2670 1780 2704 mali;

991 2705 1064 2741 iique
1081 2706 1127 2732 uni
1143 2706 1221 2740 quasi
1234 2705 1376 2732 exercitus
1392 2706 1591 2741 intelligantur.
1607 2707 1653 2740 qui
1677 2712 1783 2733 terren-

990 2740 1025 2766 do
1055 2741 1193 2767 daemones
1214 2741 1278 2771 sint,
1308 2749 1359 2768 nec
1378 2748 1445 2767 vero
1460 2740 1593 2772 terreant,
1616 2741 1668 2768 nisi
1696 2741 1778 2772 adsit.

989 2783 1070 2809 quam
1091 2776 1226 2802 Maximus
1241 2776 1327 2812 exigit
1344 2776 1445 2803 virium
1462 2776 1548 2803 animi
1564 2784 1618 2803 una
1640 2776 1781 2811 conspira-

989 2812 1026 2838 tio
1049 2815 1076 2838 ct
1091 2818 1253 2839 consensus.
