1946 3074
190 96 259 130 1443

189 206 229 230 tat
245 210 252 228 :
270 201 311 229 sic
326 205 355 228 et
379 200 536 232 daemones,
555 199 604 235 qui
623 207 691 241 pure
719 199 833 235 defungi
855 201 981 228 oratione

189 247 309 274 studeat.

224 293 284 321 180.
310 293 466 328 Voluptarii
489 292 618 320 homines
644 299 675 319 ac
703 291 858 324 libidinosi,
882 295 913 318 ut
934 291 981 326 qui

190 338 293 365 terreni
318 338 384 371 sint,
415 343 547 373 tanquam
573 344 655 364 ranas
671 358 678 369 ,
704 336 888 372 cogitationes
909 336 983 371 ipsos

190 383 376 411 distrahentes
389 383 494 411 habent
513 391 520 409 :
535 390 654 418 quorum
675 390 742 409 vero
756 382 789 408 ad
806 382 984 410 mediocrita-

189 433 245 456 tem
261 430 376 458 affectus
389 431 495 458 redacti
514 434 589 462 sunt,
615 429 691 456 velut
711 428 843 456 luscinias
860 449 866 461 ,
888 428 983 455 consi-

190 475 347 503 derationes
361 475 465 503 habent
479 483 528 503 eos
544 475 726 507 obiectantes,
744 482 777 502 ex
791 474 855 501 aliis
869 475 897 501 in
913 474 983 501 alios

190 521 405 556 commigrantcs
416 529 519 554 ramos,
538 521 679 548 variarum
701 520 808 547 scilicat
833 520 909 547 cultu
930 527 982 547 n0-

191 566 306 594 tionum.
322 568 357 595 lis
370 567 489 602 denique
503 567 551 601 qui
569 567 603 594 ab
629 566 778 594 affectibus
804 566 887 593 liberi
909 562 984 593 tran-

190 614 335 648 quillitatis
350 621 442 640 arcem
462 613 658 644 ascenderunt,
676 613 773 647 ingens
786 620 802 638 a
833 612 983 648 cogitatio-

191 658 274 686 nibus
285 663 313 686 ct
335 658 491 685 rationibus
517 665 550 685 ae
574 657 756 692 conceptibus
783 658 924 684 silentium
941 661 984 685 est

191 708 274 738 atque
291 704 401 738 requies
423 704 495 730 inter
518 703 663 730 orandum.

227 750 287 777 181.
303 749 375 776 Olim
389 749 503 784 quidem
521 749 607 775 Maria
626 748 711 775 Mosis
725 756 816 780 soror,
835 753 984 784 conspecta

191 795 313 822 hostium
324 798 425 830 strage,
443 802 556 821 sumens
571 798 744 830 tympanum,
773 794 899 822 victoria:
916 803 983 822 ean—

193 841 246 868 tica
266 841 414 868 mulierum
429 840 515 867 choro
537 840 738 875 auspicabatur
754 840 777 856 ⁵⁵
797 848 803 867 :
824 848 900 868 nunc
919 848 986 867 vero

193 886 220 913 in
232 886 293 920 ejus
304 885 389 913 animi
411 885 532 918 laudem,
556 885 604 920 qui
625 885 759 912 vitiorum
783 892 816 912 ac
836 885 985 912 affectuum

192 931 282 958 victor
307 931 457 963 exstiterit,
470 931 529 966 ipsa
545 931 680 958 virtutum
705 931 854 965 primatum
876 935 984 964 tenens,

191 978 280 1004 excita
297 977 430 1009 Charitas,
440 976 576 1004 citharam
590 984 653 1004 cum
664 977 786 1008 cantico,
800 976 877 1003 velut
887 984 986 1011 quam-

192 1023 254 1050 dam
281 1022 545 1058 contemplationcm
565 1042 572 1055 ,
601 1021 712 1057 pridem
738 1022 778 1048 illi
817 1022 851 1048 ad
877 1021 987 1049 decoris

192 1066 391 1093 abundantiam
414 1066 579 1098 laboratam,
608 1067 636 1093 in
659 1074 758 1093 manus
769 1073 903 1097 sumens,
930 1073 986 1093 non

191 1114 281 1138 cessat
305 1118 368 1138 cum
396 1111 476 1138 turba
489 1111 529 1138 illi
556 1111 672 1144 comite,
702 1111 846 1138 exsultans
873 1111 986 1139 laudare

193 1157 290 1184 Deum.

229 1200 289 1227 182.
311 1199 427 1234 Quando
443 1199 542 1227 orandi
573 1200 632 1236 jugi
663 1199 798 1228 exercitio
829 1207 860 1228 ae
887 1201 985 1236 cultu,

191 1245 359 1278 psalmorum
388 1245 501 1272 oracula
532 1245 560 1271 in
585 1245 692 1272 orantis
716 1245 800 1272 corde
829 1245 985 1288 hmserint,

194 1295 259 1317 tunc
274 1294 301 1316 et
318 1289 377 1324 ipse
392 1290 468 1317 velut
481 1295 555 1316 terra
570 1290 685 1324 optima,
697 1291 772 1317 ultro
786 1290 860 1317 ferre
874 1291 984 1325 incipit,

193 1340 224 1362 ut
239 1343 315 1363 rosas
330 1336 442 1370 quidem
457 1356 463 1368 ,
494 1335 723 1371 incorporearum
742 1344 834 1364 rerum
860 1343 986 1363 contem-

192 1383 362 1417 plationem;
381 1387 412 1409 ut
427 1390 494 1410 vero
514 1382 580 1414 lilia,
598 1390 747 1417 corporum
773 1383 854 1418 longe
878 1383 986 1409 lucidas

193 1429 314 1455 rationes
327 1436 359 1455 ac
373 1434 544 1463 coner-plus;
559 1434 589 1455 ut
608 1428 729 1463 denique
745 1429 833 1456 violas
844 1450 851 1461 ,
874 1429 984 1456 divino-

193 1482 253 1501 rum
265 1474 434 1509 judiciorum
450 1475 555 1501 variant
569 1482 621 1501 nec
635 1474 729 1502 animo
751 1475 833 1502 facile
856 1483 984 1511 compre-

192 1519 306 1546 hensam
323 1520 585 1547 considerationem.
704 1525 706 1527 '

229 1566 290 1592 185.
307 1565 429 1592 Flamma
444 1566 567 1592 materiae
579 1566 681 1601 illigata
693 1566 765 1593 lucis
777 1566 899 1602 fulgores
910 1575 986 1602 spar-

191 1608 230 1643 git
248 1609 378 1636 :animus
402 1617 470 1637 vero
494 1617 527 1637 ea
545 1611 654 1637 solutus
682 1618 715 1638 ac
735 1612 855 1639 terrenis
881 1612 955 1640 liber
974 1632 982 1646 ,

193 1655 249 1682 Dco
267 1654 376 1682 afflatus
389 1655 544 1690 plenusque
565 1655 727 1682 invenitur:
747 1664 780 1684 ac
803 1657 850 1684 illa
869 1657 984 1692 quidem

193 1701 228 1728 ad
241 1701 395 1728 fomentum
414 1709 500 1736 usque
515 1701 602 1728 attolli
618 1701 720 1734 habet;
739 1702 786 1729 hic
802 1710 868 1729 vero
888 1703 923 1730 ad
941 1703 985 1730 di-

195 1747 253 1775 vini
270 1755 358 1782 usque
375 1747 479 1775 amoris
498 1747 582 1775 finem
599 1755 632 1775 ac
645 1748 925 1777 consummationem.

229 1793 291 1820 184.
309 1792 361 1826 Qui
378 1790 407 1820 'se
418 1792 539 1828 perfecte
554 1793 751 1828 abnegaverit,
764 1794 885 1827 animus,
899 1801 985 1830 seque

193 1847 308 1875 prorsus
319 1839 451 1871 orationi,
472 1847 503 1866 ea
520 1839 659 1871 sublimis,
672 1837 823 1872 addixerit,
840 1839 890 1874 qui
905 1847 985 1868 crea-

195 1890 257 1913 tura
269 1885 397 1920 superior
410 1884 537 1917 cxsistat,
549 1893 606 1912 non
619 1885 731 1920 quando
745 1885 814 1913 libet
829 1885 862 1913 ad
881 1891 984 1913 terram

194 1931 348 1964 descendit,
367 1931 415 1958 sed
431 1938 495 1958 cum
512 1930 551 1957 illi
562 1931 667 1966 justum
688 1939 854 1966 aequumque
878 1932 984 1960 videbi-

194 1982 250 2010 tur,
268 1977 316 2012 qui
329 1977 465 2004 hurnanas
482 1985 527 2004 res
540 1985 638 2005 omnes
663 1977 786 2013 pondere
802 1983 830 2006 et
852 1986 984 2007 mensura

193 2024 316 2060 disponit
332 2032 365 2051 ac
382 2024 464 2059 regit.

229 2070 289 2097 185.
306 2069 358 2097 Ubi
379 2068 413 2096 ab
438 2068 548 2100 anima.
576 2068 671 2096 acedia
695 2069 875 2102 exsulaverit,
894 2078 984 2106 exque

193 2115 279 2143 animi
303 2123 386 2142 sensu
410 2114 535 2149 nequitia
561 2122 593 2141 ac
618 2114 699 2150 633
721 2115 844 2150 pravitas
868 2123 984 2144 excussa

772 98 802 128 S.
825 98 969 128 ΜΛΧΙΜΙ
993 97 1248 128 CONFESSORIS

223 155 287 183 179.
302 153 392 182 Canes
410 153 438 180 in
452 161 481 180 se
495 153 603 186 efferat.
624 153 671 188 qui
686 153 728 181 eis
739 153 868 182 baculum
893 155 983 182 inlcn-
998 157 1019 184 A

1753 94 1821 127 HM

1072 155 1138 190 900'.
1156 155 1270 182 Ῥάεδον
1289 154 1338 190 μὲν
1350 156 1364 181 ο
1377 154 1456 181 κυσὶν
1473 154 1601 180 ἐπισείων
1621 152 1742 188 ὴγρίωσε
1762 152 1824 179 καθ’

1033 201 1156 227 ἑαυτοῦ·
1189 202 1320 237 δαίμονας
1350 201 1400 234 δὲ,
1430 202 1444 227 ό
1472 200 1602 235 καθαρῶς
1629 199 1825 234 ὲκὸιαζόμενος

1033 246 1169 282 εὔχεσθαι.

1071 291 1126 326 ρπ’.
1145 293 1177 319 Oi
1199 293 1250 328 μὲν
1267 291 1416 328 ἡδυπαθεῖς
1433 292 1660 327 προσευχόμενοι,
1678 291 1727 318 ἅτε
1757 290 1826 316 ὑλώ-

1033 339 1090 371 δεις
1116 339 1204 372 ὄντες,
1221 339 1260 370 ὠς
1285 338 1440 374 βατράχους
1466 338 1557 373 ἔχουσι
1583 337 1646 369 τοὺς
1676 337 1826 372 λογισμοὺς

1034 383 1228 418 περισπῶντας
1243 383 1342 415 αὐτούς
1356 391 1363 398 ”
1379 384 1403 409 οἱ
1424 383 1451 409 δὲ
1469 383 1675 418 μετριοπαθεῖς,
1692 382 1740 413 τὰς
1758 382 1827 408 θεω-

1035 429 1095 464 ρίας
1110 429 1148 461 ὡς
1162 429 1275 465 ἀηδόνας
1293 428 1520 464 κατατερποὺσας
1535 428 1634 459 αὐτοὺς
1645 448 1653 460 ,
1667 429 1699 462 τῇ
1715 428 1762 454 ἀπ’
1778 428 1827 454 ἆλ-

1034 475 1087 502 λων
1110 476 1150 506 εἰς
1179 474 1276 506 ἄλλους
1289 475 1458 510 ἀκρὲμονας,
1473 473 1596 500 τουτέστι
1615 473 1742 505 ποικίλας
1757 473 1827 500 θεω-

1036 521 1107 556 ρίας,
1127 520 1278 555 μεταϐάσει
1294 528 1301 536 ·
1321 521 1384 555 σιγὴ
1414 520 1444 546 δὲ
1477 520 1608 554 πρόσεστι
1624 520 1682 550 τοῖς
1707 518 1828 545 ἀπαθέσι

1034 567 1081 594 καὶ
1095 567 1199 603 ἠρεμία
1216 566 1302 602 πολλὴ
1318 568 1351 593 ὲκ
1361 566 1501 601 λογισμῶν
1517 567 1565 594 καὶ
1580 567 1723 602 νοημάτων
1744 566 1773 592 ὲν
1787 565 1829 600 τῷ

1035 612 1245 648 προσεύχεσθαι.

1071 747 1144 778 ρπα’.
1165 743 1254 770 Πάλαι
1268 743 1318 778 μὲν
1335 743 1412 780 ἡτοῦ
1429 743 1556 774 Μωσέως
1568 743 1662 778 Μαρία
1678 742 1733 769 τῶν
1747 743 1829 769 πολε-

1037 789 1106 823 μίων
1120 789 1171 823 τὴν
1187 788 1293 815 πτῶσιν
1311 788 1479 823 Θεασαμένη,
1493 789 1524 814 τὸ
1533 788 1675 823 τύμπανον
1687 788 1829 823 ἀραμένη,

999 825 1023 855 Β
1037 835 1135 871 ἐξῆρχε
1151 837 1210 867 ταῖς
1223 835 1349 871 ᾀδούσαις
1365 834 1399 861 τὰ
1414 835 1536 861 ἐπινίκια
1550 843 1558 850 ·
1572 834 1631 860 νυνὶ
1645 834 1673 860 δὲ
1688 834 1729 865 είς
1744 834 1829 868 εὐφη-

1039 882 1103 917 μίαν
1120 882 1170 916 τῆς
1187 881 1340 916 νικησάσης
1354 880 1389 907 τὰ
1403 880 1476 916 πάθη
1492 880 1582 915 ψυχῆς
1594 899 1602 911 ,
1620 880 1636 914 ἡ
1650 879 1785 915 κρείττων
1799 880 1829 905 ἐν

1036 927 1148 962 ἀρεταῖς
1163 927 1260 962 ἀγάπη
1275 926 1460 962 διεγερθεῖσα,
1480 926 1528 961 τὴν
1545 925 1604 961 μετ’
1618 925 1692 960 ᾠδῆς
1710 924 1830 960 κιθάραν

1036 973 1131 1009 ὥσπερ
1142 973 1204 999 τινὰ
1231 972 1349 1006 θεωρίαν
1369 971 1616 1008 μεταχειριζομένη
1645 970 1731 1006 ταύτῃ
1744 971 1830 998 πάλαι

1036 1019 1086 1055 τὴν
1103 1019 1268 1055 πονηθεῖσαν
1280 1019 1320 1050 εἰς
1335 1018 1450 1050 κάλλους
1466 1018 1638 1053 περιουσίαν,
1654 1017 1684 1044 οὑ
1709 1017 1830 1044 παύεται

1037 1065 1086 1093 σὺν
1098 1067 1155 1098 τοῖς
1170 1065 1235 1101 περὶ
1249 1065 1335 1100 αὐτὴν
1355 1064 1548 1100 ἁγαλλιωμένη
1571 1065 1658 1091 αἰνεῖν
1678 1063 1725 1090 τὸν
1750 1063 1828 1090 Θεόν.

1074 1203 1147 1239 ρπβ’.
1166 1203 1284 1230 Ὀπόταν
1299 1202 1343 1229 διὰ
1357 1202 1501 1237 συνεχείας
1515 1201 1566 1236 τῆς
1583 1201 1654 1228 κατὰ
1671 1201 1722 1236 τὴν
1746 1201 1830 1236 εὐχὴν

1037 1250 1193 1285 κατασχεθῇ
1209 1249 1243 1276 τὰ
1266 1248 1344 1282 λόγια
1365 1248 1418 1275 τῶν
1437 1247 1552 1282 ψαλμῶν
1567 1249 1596 1273 ἐν
1613 1248 1646 1282 τῇ
1667 1247 1766 1282 καρῆξᾳ
1782 1246 1829 1273 τοῦ

1036 1296 1194 1331 εὐχομένου,
1206 1295 1267 1322 τότε
1275 1296 1321 1321 καὶ
1329 1294 1410 1326 αὐτὸς
1422 1293 1594 1329 γῆξκαθάπερ
1605 1293 1705 1328 ἀγαθὴ,
1716 1292 1830 1328 ἄρχεται

1037 1342 1199 1377 αὐτομάτως
1227 1340 1387 1375 ἀναφέρειν,
1405 1339 1443 1371 ὡς
1464 1340 1512 1374 μὲν
1535 1339 1618 1373 ῥόδα,
1636 1338 1685 1374 τὴν
1710 1338 1830 1374 θεωρῖαν

1036 1388 1089 1415 τῶν
1109 1386 1264 1422 ἀσωμάτων
1280 1395 1287 1402 ·
1310 1386 1347 1417 ὡς
1362 1385 1391 1412 δὲ
1409 1384 1507 1421 κρίνα,
1525 1385 1575 1420 τὴν
1591 1384 1755 1420 τηλαύγειαν
1775 1385 1831 1411 τῶν

1037 1434 1173 1469 σωμάτων
1190 1442 1197 1449 -
1218 1433 1256 1464 ὡς
1271 1432 1300 1458 δὲ
1317 1433 1355 1463 ἴα,
1369 1431 1400 1458 τὸ
1415 1431 1538 1458 ποικίλον
1559 1430 1615 1458 τῶν
1629 1430 1709 1458 θείων
1724 1431 1831 1467 κριμᾶ-

1037 1488 1090 1506 των
1105 1477 1292 1514 δυσθεώρητον

1073 1569 1147 1605 ρπγ’.
1170 1569 1214 1595 Ἐν
1229 1567 1279 1603 ὕλῃ
1297 1567 1347 1602 μὲν
1366 1566 1548 1601 δεσμευθεϊσα
1564 1565 1650 1599 φλὸξ,
1669 1565 1830 1600 φωτοορόρος

1036 1616 1200 1643 καθίσταται
1216 1622 1222 1629 ·
1241 1613 1271 1646 ἐξ
1286 1613 1352 1648 ὕλης
1366 1612 1395 1638 δὲ
1407 1611 1520 1638 λυθεῖσα
1535 1611 1618 1646 ψυχὴ,
1636 1611 1767 1645 θεοφόρος
1780 1611 1829 1637 εὖ·

1037 1661 1173 1697 ρίσκεται.
1189 1659 1312 1694 Κάκείνη
1343 1658 1393 1693 μὲν
1417 1657 1545 1693 αἴρεσθαι
1561 1658 1684 1692 πέφυκεν
1698 1657 1763 1692 ἄχρι
1779 1656 1828 1683 τοῦ

1035 1705 1250 1741 ὑπεκκαύματος
1266 1713 1273 1720 ·
1290 1704 1360 1739 αὕτη
1384 1703 1423 1737 δὲ,
1441 1704 1524 1739 μέχρι
1543 1703 1591 1730 τοῦ
1607 1703 1678 1730 κατὰ
1693 1703 1739 1730 τὸν
1757 1703 1831 1730 θεῖον

1036 1753 1126 1789 ἔρωτα
1140 1750 1385 1787 συμπεράσματος.

1071 1797 1142 1835 ρπδ’.
1164 1798 1199 1824 Ἦ
1218 1796 1330 1829 τελείως
1354 1795 1457 1831 ἑαυτὴν
1482 1795 1661 1831 ἀρνησαμένη
1681 1795 1768 1831 ψυχὴ,
1781 1796 1832 1824 καὶ

1035 1845 1134 1877 όλικῶς
1146 1843 1310 1872 ἀνατεθείσα
1323 1842 1391 1878 πρὸς
1400 1841 1494 1878 εὐχὴν,
1503 1841 1574 1877 αὕτη
1583 1842 1632 1877 οὐχ
1644 1842 1689 1869 ὅτε
1702 1842 1830 1877 βούλεται

1035 1893 1111 1919 κάτω
1132 1891 1249 1926 γίνεται,
1267 1889 1372 1917 ἄνωθεν
1400 1888 1585 1924 εὑρισκομένη
1612 1889 1662 1924 τῆς
1687 1888 1805 1921 κτίσεως
1821 1898 1829 1906 -

1035 1938 1092 1965 ἀλλ’
1109 1938 1153 1964 ὅτε
1168 1936 1272 1963 δίκαιον
1293 1932 1364 1962 εἶναι
1381 1934 1464 1967 δόξει,
1479 1933 1518 1970 τῷ
1535 1934 1624 1961 πάντα
1649 1934 1764 1970 σταθμῷ
1780 1935 1830 1964 καὶ

1037 1983 1129 2018 μέτρῳ
1142 1979 1294 2015 διεξάγοντι
1307 1979 1342 2006 τὰ
1356 1979 1489 2015 ἡμέτερα.

1073 2079 1142 2112 ρπε¹.
1160 2076 1245 2102 Ὅταν
1269 2075 1302 2101 ὲκ
1322 2073 1413 2108 ψυχῆς
1428 2072 1477 2108 μὲν
1492 2073 1508 2108 ή
1524 2071 1623 2107 ἀκηδία
1634 2067 1758 2108 ἀπελαθῇ
1772 2080 1780 2087 °
1796 2073 1829 2099 ὲκ

1034 2122 1153 2154 διανοίας
1176 2121 1203 2147 δὲ
1217 2122 1234 2156 ἡ
1260 2120 1380 2155 πονηρία
1400 2119 1557 2154 ὲκτιναχθῇ,
1581 2119 1644 2145 τότε
1658 2120 1672 2145 ὁ
1692 2118 1754 2150 νοῦς
1776 2127 1828 2153 γυ-

193 2159 294 2192 fuerit;
309 2163 375 2186 tunc
388 2167 466 2186 mens
479 2159 657 2193 simplicitate
674 2159 748 2186 nuda
773 2159 885 2194 vitaque
910 2161 983 2188 inar-

1043 2169 1104 2204 ανὸς
1123 2167 1266 2202 γινόμενος
1283 2167 1315 2201 τῇ
1330 2164 1474 2200 ἁπλότητι,
1488 2164 1544 2200 ζωῇ
1563 2172 1593 2190 τε
1609 2165 1642 2199 τῇ
1658 2164 1764 2199 ἀτέχνῳ
1780 2164 1831 2190 καὶ

194 2204 310 2232 tificiosa
325 2208 353 2231 ct
371 2204 475 2238 absque
494 2204 550 2230 ullo
563 2204 657 2238 probri
675 2205 866 2240 integumento
881 2206 985 2235 inanis—

193 2258 247 2286 que
270 2248 364 2285 glorire
383 2250 569 2283 vestimento,
593 2249 668 2277 canit
699 2255 727 2277 et
762 2251 820 2286 ipsa
844 2252 983 2279 canticum

193 2305 295 2324 novum
325 2296 405 2330 Deo;
434 2297 606 2331 pulsansque
635 2296 725 2324 melos
746 2297 774 2323 in
799 2298 985 2326 exsultatione

191 2342 295 2378 gratias
313 2342 388 2377 agit,
413 2341 488 2376 quod
510 2341 610 2369 futura:
632 2342 697 2370 vitae
711 2342 834 2370 encaenia
849 2348 983 2379 occupata

192 2387 286 2416 lzetitia
305 2388 436 2415 celebret.

229 2443 288 2470 186.
313 2442 382 2470 Cum
405 2442 560 2470 diviniores
581 2442 715 2477 quosdam
740 2442 849 2470 afflatus
874 2444 983 2472 animus

190 2497 274 2518 orans
290 2489 464 2524 persentire,
485 2489 576 2524 iisque
601 2489 644 2524 agi
673 2489 799 2524 cmperit,
823 2494 880 2516 tum
906 2491 983 2518 velut

189 2536 367 2565 Canticorum
385 2535 501 2570 Sponsa,
520 2535 585 2562 talia
599 2540 628 2562 ct
643 2535 702 2570 ipse
714 2535 749 2562 ad
766 2535 877 2563 sodales
889 2541 917 2564 et
933 2538 981 2571 qui

189 2583 249 2619 pari
265 2590 372 2609 mormn
385 2582 461 2608 cultu
479 2582 665 2613 delectentur,
682 2582 812 2614 succinit,
834 2581 980 2610 Fraternas

189 2637 261 2656 meus
292 2629 360 2656 misit
389 2636 498 2654 mumtm
521 2636 599 2654 suam
623 2635 670 2662 per
696 2627 828 2662 foramen,
849 2632 872 2653 et
893 2632 982 2654 venter

189 2684 261 2702 meus
275 2675 411 2702 intremuit
427 2682 506 2710 super
521 2682 581 2701 eum
596 2673 629 2700 ‘1.

225 2721 287 2749 187.
306 2721 375 2748 Cum
395 2721 474 2748 miles
491 2727 621 2747 reversus
634 2727 650 2747 e
664 2720 771 2755 przelio,
787 2728 870 2755 grave
887 2728 979 2747 armo-

222 2811 246 2828 "
262 2811 351 2839 Exod.
368 2819 413 2844 xv,
426 2811 470 2838 20.
486 2843 491 2847 η
510 2811 533 2827 ⁸⁸
549 2810 628 2838 Cant.
645 2817 672 2842 v,‘
689 2810 714 2837 4.

1035 2215 1097 2249 δίχα
1108 2212 1210 2244 παντὸς
1224 2212 1271 2238 τοῦ
1290 2212 1361 2238 κατὰ
1375 2211 1424 2246 τὴν
1440 2211 1573 2246 αἰσχύνην
1588 2209 1827 2245 ὲπικαλύμματος.

1035 2261 1082 2288 καὶ
1095 2259 1142 2287 τοῦ
1157 2258 1228 2286 κατᾶ
1239 2259 1289 2294 τὴν
1309 2258 1444 2293 φανητίαν
1460 2257 1670 2293 προϐλήματος,
1686 2254 1764 2292 ᾆσμα
1778 2256 1829 2292 μὲν

1035 2307 1093 2344 ᾷδει
1106 2307 1153 2332 καὶ
1165 2303 1242 2337 οὗτος
1257 2303 1352 2331 καινὸν
1366 2303 1405 2339 τῷ
1418 2302 1478 2338 Θεῷ
1494 2310 1501 2317 ·
1518 2303 1677 2338 εὐχαριστεί
1698 2302 1726 2328 δὲ
1746 2302 1829 2338 μέλος

1035 2351 1257 2388 ἀνακρουόμενος
1273 2351 1301 2376 ἐν
1316 2349 1472 2386 εὐφροσύνῃ
1482 2369 1489 2382 ,
1504 2348 1544 2384 τῷ
1562 2349 1611 2384 τῆς
1627 2347 1780 2384 μελλούσης
1794 2348 1829 2375 τὰ

1035 2397 1163 2431 ὲγκαίνια
1179 2394 1375 2431 προεορτάζειν
1391 2393 1523 2430 βιώσεως.

1071 2442 1150 2478 ρπς’.
1169 2443 1255 2469 Ὅταν
1277 2441 1354 2472 τινὰς
1375 2440 1517 2475 θειοτέρας
1544 2439 1685 2475 ἐνεργείας
1705 2439 1830 2474 ἐνεργεῖ-

1034 2490 1096 2516 σθαι
1114 2489 1232 2525 ἄρξηται
1251 2490 1267 2524 ἡ
1282 2488 1417 2523 εὐχομένη
1431 2487 1516 2522 ψυχὴ,
1529 2486 1591 2513 τότε
1607 2486 1655 2513 καὶ
1674 2485 1744 2521 αὑτὴ
1756 2486 1829 2512 κατὰ

1032 2536 1081 2571 τὴν
1108 2536 1137 2562 ἐν
1153 2535 1277 2570 ’ᾼσμασι
1292 2533 1422 2568 Νύμφην,
1454 2531 1523 2567 πρὸς
1554 2531 1604 2563 τὰς
1630 2530 1829 2566 ὁμοιοτρόπους

1033 2580 1148 2607 τοιαῦτα
1159 2580 1297 2614 ὑποφωνεῖ
1311 2588 1318 2595 ·
1339 2577 1515 2612 Ἀδελφιδός
1525 2580 1587 2611 μου
1597 2575 1760 2604 ἀπέστειλε
1771 2576 1830 2610 τὴν

1034 2626 1118 2661 [ripa
1143 2626 1236 2653 αὑτοῦ
1265 2625 1324 2653 ἀπὸ
1352 2625 1409 2659 τῆς
1437 2623 1625 2658 ὀπῆς-,καὶὴ
1642 2623 1742 2649 κοιλία
1768 2631 1830 2656 μου

1033 2673 1160 2707 ἑθροήθη
1172 2672 1218 2698 ἐπ’
1229 2672 1332 2699 αὐτόν.

1070 2718 1142 2754 ρπζ¹.
1161 2718 1216 2745 Καὶ
1232 2718 1404 2754 στρατιώτης
1422 2718 1454 2744 ὲκ
1469 2716 1516 2744 τοῦ
1543 2716 1664 2752 πολέμου
1689 2713 1830 2742 ἐπαναλύ-
