1916 3076
111 111 181 145 1445

695 114 786 144 ALIA
803 113 855 144 ΕΧ
874 113 994 144 VATIC.
1015 115 1159 147 CAPlTA.

1677 124 1689 156 1
1696 124 1745 157 446

109 177 170 201 σας,
184 169 215 196 τὸ
230 168 314 205 βάρος
333 169 389 197 τῶν
405 170 496 197 ὅπλων
507 169 729 202 ἀποσκευάζεται
746 178 753 185 ·
771 170 819 196 καὶ
831 178 902 204 πρα-

964 180 1016 199 -um
1032 173 1140 208 pondus
1151 174 1231 210 ponit
1246 184 1253 209 ;
1272 179 1331 203 tum
1347 176 1455 205 activus
1465 178 1552 206 animi
1570 178 1694 207 rationes
1723 186 1750 210 et

108 215 204 247 κτικὸς
218 216 281 247 τοὺς
295 216 455 252 λογισμοὺς,
473 217 513 248 είς
528 216 646 252 θεωρίαν
662 216 811 251 ἐρχόμενος
821 224 828 230 θ
838 215 901 242 οὔτε

107 261 162 297 γὰρ
178 263 283 294 ἐκεῖνος
294 264 318 290 εί
333 263 371 299 μὴ
385 263 414 290 ὲν
427 263 538 299 πολέμῳ
551 263 649 299 χρείαν
662 262 718 298 ἔχει
729 262 784 290 τῶν
799 262 900 296 ὅπλων,

107 306 169 334 οὔτε
186 304 264 340 οὗτος
275 309 329 336 τῶν
345 308 495 344 λογισμῶν.

145 402 220 435 ρπη’.
239 400 271 426 Οί
291 399 341 435 μὲν
367 400 517 435 πρακτικοὶ
536 400 574 433 ὡς
593 401 685 437 ἔχουσι
707 401 809 433 θέσεως
834 401 902 429 θεω-

108 445 188 481 ροῦσι
202 445 237 472 τὰ
252 445 368 482 σώματα
382 453 389 461 ·
411 447 437 473 ot
447 447 476 473 δὲ
498 447 673 483 θεωρητικοὶ,
687 447 725 479 ὡς
740 447 832 483 ἔχουσι
850 447 901 483 φύ-

108 500 179 524 σεως
194 500 201 507 ο
219 492 295 527 μόνοι
316 493 344 519 δὲ
363 494 428 525 τοὺς
448 493 545 528 λόγους
563 494 727 530 ἀμφοτέρων
751 494 851 530 ὁρῶσιν
877 495 902 521 ot

107 539 264 572 γνωστικοί.

145 585 218 621 ρπθ’.
243 586 288 612 Ἑν
320 587 370 622 μὲν
395 589 452 620 τοῖς
478 587 571 622 λόγοις
588 589 643 615 τῶν
657 588 802 623 σωμάτων,
819 588 902 622 γινώ-

98 639 220 679 ⁸σκονται
246 632 281 658 τὰ
307 633 461 668 ἀσώματα·
478 634 508 661 ἐν
534 634 692 669 ἀσωμάτοις
720 634 760 666 δὲ,
784 634 863 668 λόγος
888 635 902 661 ό

94 677 284 717 έὺπερούσιος,
298 679 367 714 πρὸς
389 679 419 707 ὃν
437 680 578 715 ἐπείγεται
595 681 670 707 πᾶσα
690 680 823 707 σπουδαία
835 681 902 708 ἀνα-

107 722 191 750 λῦσαι
207 724 292 760 ψυχή.

146 772 200 806 ριι.’
216 771 248 798 Οἱ
262 771 337 805 λόγοι
348 771 403 798 τῶν
419 773 566 808 σωμάτων,
581 774 619 805 ὡς
634 773 701 801 ὀστᾶ
715 775 770 801 εἰσι
790 776 847 807 τοῖς
860 775 900 801 αξ-

108 816 220 852 σθητοῖς
235 818 502 855 ἐπικαλυπτόμενοι,
518 820 565 852 οὓς
579 821 622 857 ἴδῃ
645 821 735 853 οὐδεὶς
746 842 753 853 ,
766 822 821 848 τῶν
849 821 902 854 ἔξω

110 863 149 898 μὴ
165 864 321 900 γενομένων
335 865 387 900 τῆς
403 865 595 901 προσπαθείας
605 867 660 894 τῶν
673 867 823 903 αἰσθητῶν.

146 952 219 988 ριια’.
244 953 416 980 Ἀποτίθεται
431 954 479 980 καὶ
491 953 662 990 στρατιώτης
672 954 706 981 τὰ
721 954 802 986 ὅπλα,
819 963 903 982 κατα-

107 998 205 1034 λείψας
222 999 267 1026 τὸν
284 999 414 1035 πόλεμον·
430 1001 477 1028 καὶ
488 1001 655 1037 θεωρητικὸς
668 1001 732 1033 τοὺς
742 1001 901 1036 λογισμοὺς,

107 1045 235 1073 ἀναλύων
251 1046 319 1081 πρὸς
336 1047 449 1082 Κύριον.

147 1093 217 1128 ρνβι.
231 1093 285 1119 Καὶ
303 1094 454 1129 στρατηγός
468 1094 497 1121 ὲν
508 1093 620 1130 πολέμῳ
631 1094 737 1121 σκύλων
749 1095 902 1130 διαμαρτά-

108 1148 174 1171 νων,
192 1141 220 1166 ὲν
235 1140 339 1176 ἀθυμίᾳ
356 1140 518 1167 καθίσταται
531 1148 538 1156 ’
550 1142 597 1168 καὶ
616 1141 769 1177 πρακτικὸς
784 1142 812 1168 ὲν
823 1141 900 1176 εὐχῇ,

108 1185 228 1221 θεωρίας
246 1187 445 1222 πνευματικῆς.

155 1235 228 1268 ρῆγκ
245 1233 365 1268 Ἔλαφος
383 1233 431 1269 μὲν
443 1233 488 1260 ἐπὶ
509 1235 672 1269 σωματικῶν
689 1234 794 1261 ὑδάτων
810 1235 901 1270 τρέχει
933 1263 942 1275 ἲ

109 1282 214 1317 πηγὰς,
236 1281 288 1308 om
307 1280 518 1317 [ὄφεως]’θηρὸς
535 1281 572 1313 ὡς
600 1283 614 1308 ό
639 1282 748 1318 δηχθείς
769 1282 812 1318 (ι’)-
827 1282 902 1317 ψυχὴ

108 1327 150 1360 δὲ,
171 1328 188 1362 ἡ
203 1326 241 1362 τῷ
256 1327 419 1362 γλυκυτάτῳ
435 1327 507 1362 βέλει
523 1327 661 1363 τρωθεῖσα
674 1327 713 1364 τῷ
734 1329 783 1364 τῆς
805 1328 899 1363 εὑχῆς,

107 1374 158 1400 ὲπ¹ι
169 1373 323 1408 ἀσωμάτων
340 1373 438 1408 αὐγάς.

147 1419 216 1456 ριιδκ
233 1419 303 1446 Οὕτε
326 1419 484 1455 σωματικὺς
505 1419 643 1455 ὀφθαλμὸς
666 1419 713 1447 τδν
729 1420 829 1447 κόκκον
853 1419 901 1447 τοῦ
933 1417 936 1420 ’

108 1466 188 1493 σίτου
203 1466 268 1492 ἰδεῖν
286 1465 408 1499 δύναται,
428 1465 490 1492 οὔτε
506 1466 569 1498 νοῦς
583 1467 736 1501 πρακτικὸς
754 1467 804 1502 τὴν
821 1466 902 1501 φύσιν

953 219 1153 254 cogitationes,
1177 229 1240 249 cum
1264 221 1298 249 ad
1323 223 1588 258 contemplationem
1615 226 1745 254 venerit:

953 273 1018 292 nam
1038 273 1129 302 neque
1142 267 1202 300 ille,
1219 273 1404 304 praeterquam
1423 269 1452 297 in
1471 270 1556 304 bello,
1576 272 1660 299 armis
1676 279 1747 307 opus

953 310 1049 344 habet,
1067 320 1158 348 neque
1173 313 1226 342 iste
1253 315 1339 343 animi
1364 316 1522 345 rationibus
1543 325 1576 345 ac
1599 318 1747 354 cogitatio-

952 358 1045 386 nibus.

991 404 1053 432 188.
1065 405 1167 439 Activi,
1179 415 1296 442 corpora
1309 416 1360 443 pro
1373 416 1471 436 eorum
1483 410 1537 437 situ
1553 411 1745 444 considerant;

955 451 1164 486 contemplativi
1182 457 1287 486 autem,
1300 462 1351 489 pro
1368 462 1465 482 eorum
1480 459 1581 483 natura
1591 460 1618 483 et
1635 456 1744 484 indole:

953 496 1003 524 soli
1020 497 1130 525 demum
1143 499 1259 534 gnostici
1276 499 1313 535 (id
1329 505 1382 533 est,
1395 501 1535 536 sapientes
1549 509 1581 529 ac
1595 502 1745 537 spiritales)

953 542 1067 571 illorum
1083 545 1189 580 pariter
1202 546 1359 582 horumque
1376 548 1502 575 rationes
1512 547 1619 575 vident.

989 590 1050 618 189.
1066 591 1098 618 In
1112 599 1260 627 corporum
1289 593 1446 621 rationibus
1472 599 1681 630 cognoscuntur
1703 595 1746 623 in-

953 644 1106 673 corporea;
1132 639 1161 666 in
1199 640 1373 675 incorporcis
1402 649 1469 668 vero
1501 642 1746 676 superessentialis

953 691 1054 717 sermo,
1072 684 1106 712 ad
1125 694 1208 721 quem
1226 687 1369 715 studiosus
1384 687 1474 715 omnis
1496 687 1607 716 animus
1630 687 1745 716 festinat

952 729 1082 756 evadere.

989 775 1049 802 190.
1074 775 1229 811 Corporum
1254 778 1377 805 rationes
1391 777 1468 806 velut
1495 785 1557 806 ossa
1576 782 1661 811 sunt,
1689 778 1745 806 illis

954 821 1086 857 adoperta
1099 830 1161 857 qua:
1179 823 1207 850 in
1224 831 1337 850 sensum
1351 823 1455 851 cadunt
1471 833 1477 850 :
1494 824 1545 851 has
1559 832 1642 851 nemo
1661 824 1740 852 vider

954 868 1000 900 rit,
1014 868 1081 903 quin
1095 876 1111 896 a
1125 876 1217 896 rerum
1233 869 1371 904 ejusmodi
1385 869 1502 897 libidine
1519 870 1678 905 aﬂ‘ectuque
1692 878 1744 898 ex-

954 914 1081 941 cesserit.

989 959 1051 987 191.
1067 960 1137 987 Tum
1160 961 1241 988 miles
1264 961 1361 989 relicta
1381 961 1479 988 militia
1492 968 1568 989 arma
1583 961 1674 996 ponit,
1686 964 1744 988 tum

953 1006 1185 1040 contemplativus
1199 1007 1322 1035 rationes
1343 1014 1376 1034 ac
1402 1007 1595 1042 cogitationes,
1621 1007 1688 1034 dum
1709 1007 1744 1034 ad

953 1052 1101 1079 Dominum
1118 1052 1211 1080 solvit.

990 1098 1049 1125 192.
1066 1098 1135 1125 Tum
1152 1098 1303 1132 imperator
1326 1098 1354 1125 in
1368 1098 1441 1125 bello
1458 1097 1608 1126 frustratus
1624 1098 1719 1133 spoliis
1734 1119 1742 1131 ,

953 1148 1067 1176 mmret;
1085 1148 1143 1171 tum
1157 1144 1264 1172 activus
1283 1145 1310 1172 in
1331 1145 1457 1172 oratione
1476 1145 1552 1172 haud
1578 1145 1636 1180 ipse
1660 1145 1744 1180 spiri-

953 1190 1016 1216 talis
1032 1198 1145 1224 compos
1157 1190 1411 1225 contemplationis.

989 1236 1049 1263 195.
1061 1235 1168 1264 Cervus
1180 1236 1294 1271 quidem
1309 1236 1343 1263 ad
1355 1235 1542 1271 corporalium
1555 1235 1646 1263 fontes
1661 1243 1746 1271 aqua-

953 1290 1013 1309 rum
1029 1283 1118 1310 currit
1134 1283 1167 1315 ⁸⁷,
1191 1290 1206 1309 a
1221 1286 1350 1317 serpente
1370 1282 1460 1309 bestia
1476 1289 1585 1309 morsus
1602 1290 1608 1308 ι
1635 1282 1745 1310 animus

952 1336 1020 1355 vero
1038 1328 1199 1356 dulcissimo
1214 1329 1325 1356 sancius
1340 1328 1588 1363 orationisjaculo,
1605 1328 1638 1355 ad
1658 1328 1742 1363 spiri-

954 1378 1033 1401 tuum
1048 1375 1211 1409 splendores
1226 1374 1380 1401 contendit.

989 1419 1050 1446 194.
1064 1419 1121 1447 Nec
1140 1420 1294 1454 corporalis
1318 1419 1416 1447 oculus
1431 1427 1546 1455 granum
1564 1420 1670 1451 tritici;
1693 1427 1745 1447 nec

954 1465 1036 1492 activi
1051 1473 1130 1492 mens
1145 1473 1223 1492 suam
1239 1465 1298 1500 ipsa
1317 1466 1437 1493 indolem
1453 1465 1548 1492 videre
1571 1468 1674 1500 potest,
1687 1465 1745 1493 nisi

108 1513 160 1548 τὴν
175 1511 286 1546 ἑαυτοῦ,
301 1513 326 1538 εί
354 1513 391 1548 μὴ
417 1512 560 1547 γυμνωθῇ,
577 1513 681 1544 ἐκεῖνος
697 1512 758 1548 μὲν,
774 1512 898 1549 ἐλύτρου,

964 1512 1000 1539 lle
1016 1512 1129 1547 quidem
1158 1512 1319 1539 membrana
1334 1521 1341 1546 ;
1366 1512 1412 1539 hic
1427 1520 1506 1544 vero,
1531 1512 1647 1540 libidine
1664 1512 1743 1541 obte-

108 1554 188 1591 οὗτος
203 1558 243 1592 δὲ,
259 1558 379 1594 σχέσεως
389 1558 440 1594 τῆς
455 1558 714 1594 περικαλυπτούσης
731 1559 822 1587 αὐτόν.

148 1616 216 1648 ριιεν.
235 1613 414 1650 Κρύπτονται
440 1614 555 1650 ἀστέρες
580 1615 641 1650 μὲν,
662 1614 738 1651 ἡλίου
759 1614 897 1651 ἀνατολῇ·

109 1659 236 1694 λογισμοὶ
249 1659 278 1685 δὲ
296 1659 508 1694 ὲκλιμπάνουσι,
519 1659 567 1686 τοῦ
584 1659 631 1687 νοῦ
643 1659 714 1696 πρὸς
730 1659 780 1695 τὴν
796 1660 901 1688 οἰκείαν

110 1704 250 1740 βασιλείαν
265 1704 529 1740 ὲπαναστρέφοντος.

145 1764 222 1799 ριις¹.
237 1761 315 1789 Μετὰ
342 1762 372 1789 τδ
389 1761 467 1795 τέλος
480 1762 532 1798 τῆς
547 1762 715 1798 πρακτικῆς,
727 1763 757 1790 αἱ
777 1772 902 1798 πνευμα-

109 1808 185 1835 τικαὶ
204 1807 317 1843 θεωρίαι
332 1807 575 1844 περιχυθεῖσαιτῷ
589 1808 638 1843 νῷ,
659 1806 704 1836 οἷά
726 1816 800 1840 τινες
820 1809 899 1835 ἀκτῖ-

109 1863 155 1886 νες
169 1854 246 1890 ἡλίου
264 1855 292 1882 αἱ
312 1854 359 1882 τοῦ
385 1853 524 1890 ὁρίζοντος
549 1853 754 1889 ὑπερκύψασαι,
777 1852 901 1880 δοκοῦσιν

108 1900 211 1934 ἔξωθεν
223 1900 308 1928 αὐτοῦ
324 1900 516 1936 προσϐάλλειν,
533 1900 633 1926 οἰκεῖαι
664 1897 754 1933 οὖσαι,
783 1900 831 1926 καὶ
856 1898 901 1926 διὰ

111 1946 288 1982 καθαρότητα
298 1947 400 1975 ἐκεῖνον
411 1955 445 1973 πε
449 1946 675 1983 ριπτνσσόμεναι.

147 2045 217 2082 ριιζι.
230 2046 349 2073 Τοιαῦτα
372 2046 420 2073 καὶ
450 2044 513 2077 νοῢς
531 2045 699 2081 θεωρητικὸς
721 2043 845 2072 ὲκλαλεῖν
857 2043 902 2071 δύ-

107 2101 201 2125 ναται,
217 2089 262 2119 ὅτε
291 2092 396 2119 ἄνωθεν
423 2092 471 2118 ἀπ’
499 2090 616 2127 οὐρανοῦ
646 2090 764 2127 καταϐῇ,
793 2091 901 2125 φύσεως

952 1562 1032 1594 gente
1047 1558 1168 1585 nudatus
1184 1558 1279 1585 fuerit.

985 1614 1045 1642 195.
1061 1614 1249 1642 Obnubuntur
1275 1613 1361 1642 stellae
1388 1617 1451 1641 ortu
1469 1614 1538 1642 solis
1553 1623 1560 1641 :
1574 1619 1740 1650 cessantque

951 1660 1134 1696 cogitationes
1146 1679 1154 1693 ,
1174 1655 1268 1688 men'te
1285 1661 1320 1688 ad
1336 1668 1418 1688 suum
1436 1668 1553 1696 regnum
1573 1665 1743 1689 revertente.

986 1759 1046 1788 196.
1057 1759 1211 1787 Actionein
1224 1758 1307 1786 ﬁnem
1320 1764 1462 1795 provecta,
1475 1760 1650 1788 circumfusae
1662 1761 1745 1798 664

950 1805 1037 1834 menti
1052 1805 1190 1840 spiritales
1199 1805 1462 1840 contemplationes,
1475 1806 1551 1834 velut
1566 1807 1670 1834 solares
1683 1808 1745 1842 qui-

950 1851 1013 1879 dam
1030 1850 1100 1878 radii
1113 1850 1147 1877 ab
1163 1850 1310 1878 horizonte
1336 1851 1544 1886 promicantes,
1568 1852 1744 1881 extrinsecus

949 1898 975 1926 ei
991 1896 1123 1926 advenire
1138 1895 1269 1924 videntur
1280 1917 1288 1930 ,
1313 1904 1376 1924 cum
1392 1897 1453 1932 ejus
1475 1897 1605 1933 propria,
1623 1906 1665 1931 ac,
1689 1907 1743 1934 qua

950 1944 1037 1979 fulget
1051 1941 1199 1974 munditia,
1217 1941 1448 1977 illigcohtcrentes
1461 1943 1518 1971 sint
1540 1950 1572 1972 ac
1596 1944 1674 1972 velut
1697 1953 1744 1973 co-

950 1990 1032 2018 alitae.

986 2049 1047 2076 197.
1071 2048 1148 2076 Talia
1179 2055 1290 2084 quoque
1314 2054 1393 2075 mens
1415 2047 1650 2082 contemplatione
1678 2048 1742 2076 nixa

951 2094 1044 2129 eloqui
1060 2097 1161 2128 potest,
1174 2101 1237 2120 cum
1250 2096 1356 2120 naturae
1369 2091 1487 2127 quadam
1500 2092 1668 2120 necessitate
1681 2101 1744 2120 ver-

106 2138 246 2172 ἀνάγκαις
261 2137 413 2169 ὲπικλιθείς
428 2145 435 2152 ·
454 2135 499 2164 οἷα
511 2137 559 2164 καὶ
574 2138 588 2164 ό
605 2137 809 2173 φθεγξάμενος·
822 2136 900 2164 Θείου

964 2148 1028 2174 gens,
1043 2148 1058 2167 e
1071 2139 1147 2167 cmlis
1165 2146 1286 2174 superne
1299 2138 1486 2170 descenderit,
1505 2138 1598 2172 qualia
1617 2143 1647 2166 et
1666 2139 1743 2167 locu-

106 2185 226 2217 κάλλους
240 2186 266 2212 τί
280 2185 399 2221 ὑπάρχει
414 2185 641 2220 θαυμασιώτερον
654 2193 661 2218 ;
678 2185 726 2211 καὶ
747 2184 790 2216 τίς
811 2183 901 2211 ἔννοια

966 2193 998 2213 us
1008 2189 1061 2217 est,
1074 2184 1122 2219 qui
1131 2183 1169 2211 ait
1181 2193 1187 2210 :
1199 2183 1336 2217 Quidnam
1348 2183 1444 2210 divino
1458 2182 1614 2209 mirabilius
1626 2183 1742 2211 decore?

105 2233 158 2268 τῆς
169 2232 217 2259 τοῦ
230 2232 298 2259 Θεοῦ
312 2231 556 2267 μεγαλοπρεπείας
568 2231 735 2266 χαριεστέρα
749 2239 756 2263 ;
777 2230 856 2262 Ποῖος
871 2229 899 2256 δὲ

964 2231 1019 2265 luat
1047 2238 1113 2258 vero
1137 2229 1277 2265 cogitatio,
1303 2237 1385 2265 quam
1408 2229 1509 2256 divinae
1530 2228 1743 2264 magniﬁcentia:

105 2276 182 2303 οὓτω
204 2276 287 2309 πόθος
311 2277 411 2314 δριμὺς
431 2277 477 2303 καὶ
504 2277 652 2312 ἀφόρητος,
665 2276 703 2308 ὼς
721 2277 736 2302 ό
756 2276 810 2303 ἀπὸ
831 2275 899 2303 Θεοῦ

964 2278 1081 2312 ;rati0r?
1105 2277 1173 2311 Quis
1186 2277 1227 2304 sic
1245 2276 1316 2304 acris
1330 2283 1362 2303 ac
1387 2275 1572 2310 importabilis
1590 2283 1668 2303 amor
1680 2296 1687 2307 .
1711 2284 1743 2303 ae

105 2323 285 2358 ὲγγινόμενος
313 2324 346 2359 τῇ
372 2324 426 2350 ἀπὸ
449 2323 541 2358 πάσης
569 2322 670 2355 κακίας
703 2321 899 2358 κεκαθαρμένη

964 2325 1001 2360 lui
1017 2324 1045 2351 in
1063 2323 1154 2351 anima
1171 2323 1280 2350 cunctis
1299 2322 1377 2349 vitiis
1392 2321 1547 2356 depurgata
1571 2329 1586 2349 a
1608 2321 1665 2349 Deo
1681 2321 1744 2357 inji-

104 2368 194 2404 ψυχῇ,
211 2369 258 2395 καὶ
284 2369 338 2396 ἀπὸ
354 2368 502 2401 διαθέσεως
525 2367 659 2404 λεγούσῃ,
675 2368 717 2395 ὅτι
734 2368 901 2403 Τετρωμένη

964 2370 1036 2403 :itur,
1051 2377 1168 2405 quaeque
1178 2376 1212 2397 ex
1225 2368 1325 2396 aﬂectu
1339 2368 1414 2396 dicat
1429 2376 1436 2394 :
1455 2367 1602 2395 Vulnerata
1612 2368 1744 2395 charitate
1797 2396 1801 2399 _

104 2414 228 2450 ἀγάπης
240 2415 298 2450 ἐγώ
310 2423 320 2448 ;

964 2424 999 2451 λθο
1013 2424 1072 2442 sum
1087 2415 1131 2442 '3?

146 2473 218 2507 ptm’.
239 2471 360 2499 Ἐκείνθυ
386 2472 460 2499 ἐστὶν
487 2471 518 2498 τὸ
538 2471 629 2506 λέγειν
645 2479 653 2487 ’
676 2471 859 2506 Ἐθερμάνθη
879 2470 900 2505 ή

988 2472 1049 2500 198.
1062 2471 1138 2500 Illius
1151 2476 1194 2499 est
1206 2476 1236 2499 ut
1250 2471 1324 2499 dicat
1339 2479 1345 2498 :
1360 2470 1500 2498 Concaluit
1517 2478 1562 2497 cor
1574 2470 1742 2497 meumintra

104 2518 218 2552 καρδία
226 2527 286 2554 μου
306 2518 393 2551 ἐντός
415 2527 485 2552 μου,
509 2518 559 2545 καὶ
583 2518 618 2545 ἐν
639 2517 678 2553 τῇ
703 2518 818 2553 μελέτῃ
840 2526 901 2553 μου

964 2527 1004 2551 ne,
1021 2522 1046 2545 et
1061 2518 1089 2545 in
1104 2517 1275 2545 meditatione
1288 2524 1348 2544 mea
1364 2515 1516 2544 exardeuet
1544 2516 1615 2551 ignis
1633 2515 1655 2531 ⁶⁹
1666 2536 1673 2547 ,
1696 2515 1743 2550 qui

144 2608 167 2623 ⁶⁷
185 2607 257 2635 Psal.
275 2615 330 2639 xu,
347 2607 373 2634 1.
414 2606 436 2622 ⁸⁸
452 2605 533 2634 Cant.
550 2614 580 2639 ιι,
594 2606 628 2639 5;
648 2614 674 2638 v,
688 2605 715 2634 8.
754 2605 776 2621 "
793 2605 864 2632 Psal.
878 2613 903 2632 ιι

964 2613 989 2637 ιι,
1004 2604 1030 2632 ι.

973 2688 1014 2708 uae
1032 2682 1142 2707 exstant
1159 2679 1186 2707 in
1201 2679 1341 2711 Genesim,
1369 2683 1489 2711 suntque
1513 2685 1527 2705 a
1549 2685 1592 2704 me
1616 2677 1743 2706 collecta.

975 2716 1000 2743 ic
1014 2716 1205 2750 Aeternum,
1220 2715 1255 2742 de
1266 2715 1362 2750 vipera
1374 2712 1452 2741 Pauli
1467 2712 1742 2750 manuiadbaarcnle,

958 2751 1006 2783 Ὠς
1021 2750 1049 2777 δὲ
1066 2748 1134 2777 εἶδον
1157 2751 1181 2777 οἱ
1199 2747 1331 2785 βάρϐαροι
1358 2750 1531 2785 κρεμάμενον
1547 2749 1577 2775 τὸ
1595 2747 1696 2785 θηρίον
1711 2749 1742 2785 ὲκ

950 2789 1000 2822 τῆς
1011 2786 1101 2821 χειρὸς
1117 2784 1210 2819 αὑτοῦ,
1230 2785 1261 2813 Ut
1280 2784 1401 2812 viderunt
1415 2785 1573 2821 pendentem
1590 2784 1702 2811 bestiam
1710 2784 1742 2812 dc

951 2830 1032 2850 manu
1048 2829 1115 2856 ejus.

146 2685 180 2721 (Ῑ)
198 2685 265 2712 Ὑπὸ
285 2686 375 2719 θηρὸς
396 2685 436 2718 ὡς
455 2686 471 2711 ό
492 2684 627 2721 δηχθείς.
646 2683 744 2721 ΔΩιιίιῃ
763 2682 900 2721 scriptam

104 2717 291 2753 sit‘l'laximo,
303 2717 458 2756 bkbrenpb;
483 2717 583 2756 ὄφεως,
608 2718 701 2756 nullus
718 2717 838 2756 idublito.
855 2717 900 2744 Sic

104 2757 182 2785 enim
204 2756 288 2791 θῆρες
317 2759 346 2783 et
370 2753 453 2791 θηρία
485 2755 583 2791 (bestiw
608 2753 727 2791 scilicet)
762 2753 899 2791 dicuntur

103 2788 259 2826 Scriptura:
273 2788 557 2826 phrasi,quaecunque
574 2789 703 2826 animalia
710 2788 897 2826 noxia_,_etiam

103 2835 150 2859 ea,
166 2824 227 2862 qua;
255 2824 338 2864 vulgo
359 2824 465 2864 insecta
488 2824 635 2864 Videamus,
655 2824 809 2864 cujusmndi
832 2828 898 2864 sunt

104 2859 269 2898 serpentes:
298 2859 339 2890 uti
365 2861 449 2889 etiam
478 2860 588 2888 notavit
616 2859 691 2895 Orig.
708 2860 736 2886 in
759 2859 897 2890 excerptis
