1916 3076
51 133 114 166 1449

622 135 709 165 ALiA
731 135 782 165 EX
800 135 920 165 VATIC.
941 135 1084 165 CAPITA.

1604 136 1672 168 1450

50 187 187 224 παράδεισι
202 187 308 223 Πατρός
320 195 378 213 σου.
391 186 487 219 ’Δνθος
500 186 547 213 τοῦ
562 187 665 220 πεδίου,
680 188 727 215 καὶ
739 187 829 223 κέδροι

888 197 926 215 ms
945 189 1031 223 factus
1046 189 1130 218 est”.
1152 188 1268 224 Sponse,
1291 189 1418 224 paradise
1435 189 1525 218 Patris
1545 191 1585 219 tui
1605 192 1674 220 :ﬂos

50 233 137 266 αὑτοῦ,
153 233 191 265 ὡς
215 233 306 268 κέδροι
327 232 374 260 τοῦ
401 233 530 260 Λιὸἁνου.
559 233 634 260 ’Υπὸ
655 233 714 268 τὴν
736 234 829 260 σκιὰν

49 280 136 308 αὐτοῦ
147 280 333 314 ἐπεθύμησα,
362 278 412 306 καὶ
445 279 581 312 ἐκάθισα,
605 279 654 306 καὶ
677 281 693 306 ὀ
715 279 830 313 καρπὸς

50 326 126 361 ὤφθη
140 325 254 361 γλυκὺς
268 325 303 352 ὲν
320 323 360 357 τῷ
377 324 506 360 λάρυγγι
529 334 598 360 μου.

84 372 126 399 στῖ.
144 371 201 398 Εῐὸ
223 370 335 406 βασιλέα
361 371 559 406 ὑποδεχόμενος
578 372 617 404 εἰς
640 371 670 398 τὸ
694 371 830 406 δωμάτιον

50 418 136 451 αὐτοῦ,
159 417 231 445 οὕτω
257 416 409 453 περιφανὴς
431 417 590 453 εὑρίσκεται
610 418 657 444 καὶ
680 417 830 454 περίδοξος,

50 465 94 492 καὶ
109 464 194 500 πάσης
208 463 350 499 ἄλλης...,.
366 463 428 500 [ισ.
447 462 591 499 ἔμπλεως]
611 464 710 500 χαρᾶς,
727 463 755 489 τί
777 463 831 490 πά-

50 511 89 538 θοι
103 511 183 547 ψυχὴ,
195 511 212 546 ἠ
227 511 273 538 τὸν
287 510 405 538 Βασιλέα
414 510 469 538 τῶν
485 510 619 546 βασιλέων
631 511 659 537 έν
672 510 712 546 τῷ
727 510 832 546 καθαρο

50 558 124 592 θῆναι
139 557 327 592 ὑποδεξαμένη
343 556 413 594 κατά
435 557 484 592 τὴν
508 556 613 592 ἀψευδῆ
637 556 742 584 ἐκείνου
765 557 832 584 ὑπόμ

49 611 138 639 σχεσιν
152 611 160 636 ;
176 603 232 630 Kal.
244 603 272 630 τί
290 603 379 635 ὲάσει,
399 602 453 636 ἔξω
468 602 518 638 μὲν
535 601 672 637 βάλλουσα
689 602 721 629 τὸ
733 602 772 638 μὴ
791 603 832 634 είς

48 649 196 678 ἀνάπαυσιν
215 648 315 684 ἐκείνῳ
327 647 434 676 δοκοῦν·
459 647 564 688 ἔνδοθεν
591 648 618 675 δὲ
637 648 786 683 εἰσάγουσα
801 648 833 676 τὸ

48 695 87 726 εἰς
102 694 205 722 ἐκείνου
221 694 369 730 ἀρέσκειαν
379 703 388 728 ;

82 740 128 767 σε’.
152 740 182 768 '0
207 739 343 775 κληθῆναι
368 739 526 776 προσδοκῶν
545 739 622 774 παρὰ
645 738 777 776 βασιλέως
797 740 831 775 τῇ

47 785 150 822 αὔριον,
167 785 240 818 τίνος
264 786 293 812 ὲν
315 785 437 821 φροντίδι
466 785 548 813 ἄλλου
569 785 672 817 ἔσεται,
701 785 718 821 ἢ
743 785 836 820 λόγων.

49 833 160 869 μελέτης
172 833 227 859 τῶν
239 833 280 864 εἰς
291 832 396 859 ἐκείνου
416 831 486 859 εἶναι
503 832 655 867 μελλόντων
667 831 830 866 ἀρέσκειαν;

880 236 988 269 campi;
1002 239 1030 261 et
1043 234 1118 262 cedri
1132 235 1170 261 tui
1182 234 1254 262 sicut
1269 235 1343 262 ccdri
1358 235 1498 262 Libani”.
1513 236 1565 263 Sub
1578 238 1673 265 umbra

879 278 953 305 illius
975 278 1122 305 desideravi
1148 283 1172 306 et
1200 280 1273 312 sedi;
1296 284 1320 306 ct
1348 280 1449 315 [ructus
1462 281 1519 316 ejus
1542 283 1611 310 uisus
1635 289 1673 310 est

881 324 964 351 dulcis
978 325 1096 359 faucibus
1115 327 1178 352 meis
1189 326 1221 352 η.

916 370 981 397 20L
1000 370 1027 398 Si
1043 371 1066 398 is
1079 371 1126 406 qui
1144 379 1235 407 regem
1260 372 1360 398 domus
1372 372 1493 407 hospitio
1507 375 1616 409 recipit,
1635 376 1675 403 sic

882 416 998 444 illustris
1032 417 1179 453 clarusque
1208 417 1359 449 invenitur,
1399 426 1431 446 ac
1462 419 1571 454 reliquo
1597 421 1673 448 omni

881 460 982 497 gaudio
1013 461 1158 496 magniﬁce
1183 462 1300 497 plenus;
1328 463 1394 498 quid
1419 463 1465 491 ﬁat
1490 465 1604 498 animo,
1626 466 1674 501 qui

882 507 985 542 Regem
996 515 1104 543 regum,
1120 515 1178 542 prae
1191 515 1241 535 sua
1254 508 1400 538 munditia.
1414 503 1491 544 juxta
1503 517 1536 538 ac
1551 511 1596 538 ille
1609 519 1675 539 vere

882 553 1024 588 pollicitus
1046 558 1089 580 est
1101 553 1134 586 ⁸³,
1148 553 1323 588 susceperit?
1339 553 1410 587 Quid
1432 562 1498 582 vero
1513 556 1602 589 sinet,
1626 558 1674 592 qui

883 599 957 627 foras
973 599 1078 635 ejiciat,
1092 600 1166 635 quod
1183 600 1218 627 ad
1233 601 1294 636 ejus
1308 601 1488 630 refectionem
1513 611 1567 630 non
1582 604 1675 631 vidca-

883 649 946 678 tur;
972 653 1005 673 ac
1020 653 1081 681 qute
1097 645 1136 673 illi
1164 650 1242 682 grata
1266 651 1333 674 sunt
1356 651 1385 674 et
1406 653 1534 683 accepta,
1552 649 1675 684 proclive

882 691 1033 720 admittat?

917 738 981 766 205.
998 738 1051 772 Qui
1073 747 1088 766 a
1103 747 1168 774 rege
1184 739 1212 767 in
1228 739 1381 767 crastinum
1409 740 1561 773 vocandus,
1575 749 1675 777 exspe-

883 784 1004 812 ctatione
1022 792 1174 819 suspensus
1195 789 1247 818 est,
1264 786 1330 821 quid
1351 786 1425 814 aliud
1442 795 1571 815 curarum
1584 793 1678 816 verset

883 829 987 861 animo,
1005 837 1087 865 quam
1113 833 1144 857 ιιι
1167 830 1225 865 ipse
1248 838 1342 858 secum
1358 839 1501 859 sermones
1524 832 1627 867 cogitet
1645 840 1677 860 ac

47 879 130 907 Τοῦτο
151 879 273 914 τηροῦσα
296 879 371 906 πᾶσα
392 878 475 914 ψυχὴ,
492 879 542 905 οὐκ
563 878 712 913 ὀφθήσεται
725 878 832 912 ἀπαρα-

888 876 1048 910 meditetur,
1070 877 1172 912 quibus
1191 878 1251 913 ejus
1264 878 1380 913 gratiam
1398 879 1519 906 initurus
1540 880 1605 907 est?
1620 879 1678 908 Hoc

47 926 195 958 σκεύαστος
214 925 284 960 πρὸς
297 925 329 952 τὸ
345 924 452 952 ἐκεῖθεν
465 925 619 961 κριτήριον.

82 1017 136 1048 ag’.
153 1013 285 1050 Μακαρία
295 1013 380 1049 ψυχὴ,
402 1014 420 1049 ἠ
441 1013 486 1040 διὰ
498 1013 529 1040 τὸ
541 1013 663 1049 σήμερον
679 1012 833 1048 προσδοκᾷν

46 1061 122 1097 ἥξειν
135 1061 180 1088 τὸν
192 1061 295 1096 Κύριον
316 1060 426 1095 ἑαυτῆς,
444 1059 530 1095 μηδὲν
544 1059 683 1095 ἡγουμένη
704 1059 773 1092 ὅλως
787 1059 833 1086 τὸν

46 1107 128 1134 πόνον
148 1106 198 1142 τῆς
210 1106 317 1142 ἡμέρας
331 1106 423 1142 πάσης
433 1113 439 1121 ⁸
457 1106 524 1142 μηδὲ
535 1105 582 1134 τὸν
595 1106 645 1140 τῆς
660 1105 766 1139 νυκτὸς,
789 1103 833 1133 διὰ

45 1151 77 1180 τὸ
92 1152 193 1184 εὐθέως
208 1153 254 1180 ἐπὶ
266 1152 297 1179 τὸ
313 1151 386 1188 πρωϊ
400 1151 495 1179 τοῦτον
509 1151 620 1187 μέλλειν
636 1152 704 1188 αὐτῇ
718 1152 834 1187 ἐμφανί-

45 1197 150 1231 ζεσθαι.

82 1243 133 1276 σε’.
150 1244 258 1276 Πάντας
278 1243 328 1280 μὲν
346 1244 399 1280 ὁρᾷ
416 1244 431 1271 ό
450 1243 531 1276 Θεός’
551 1244 635 1278 ὁρῶσι
651 1243 680 1270 δὲ
695 1243 747 1270 τὸν.
755 1242 832 1275 Θεὸν,

47 1291 74 1316 οι
93 1289 262 1325 Θεωροῦντες
280 1289 365 1325 μηδὲν
382 1290 411 1317 ἐν
425 1289 465 1325 τῷ
479 1288 619 1325 εὔχεσθαι.
637 1289 693 1317 Καὶ
710 1289 767 1316 ὅσοι
784 1288 834 1324 μὲν

43 1337 130 1373 ὁρῶσι
144 1336 189 1363 τὸν
200 1335 277 1369 Θεὸν,
291 1335 341 1364 καὶ
364 1335 558 1363 είσακούοντοιι
575 1335 643 1370 παρ’
656 1334 739 1362 αὑτοῦ
750 1344 756 1350 ·
776 1335 834 1361 ὅσοι

44 1383 74 1410 δὲ
88 1384 139 1410 οὐκ
151 1382 350 1415 είσακούονται,
368 1382 430 1410 οὐδὲ
451 1382 552 1418 ὁρῶσιν
569 1381 661 1408 αὐτόν.
690 1381 835 1417 Μακάριος

43 1428 85 1462 δὲ,
125 1429 140 1456 ό
165 1428 302 1457 πιστεύων
323 1429 365 1456 ὅτι
391 1427 519 1464 βλέπεται
538 1427 591 1454 ὑπὸ
615 1427 663 1454 τοῦ
687 1427 771 1454 Θεοῦ·
802 1426 833 1453 οὐ

43 1475 244 1511 σαλευθήσεται
270 1475 325 1512 γὰρ
354 1476 369 1503 ό
391 1476 460 1508 ποὺς
485 1474 581 1507 αὐτοῦ,
613 1474 662 1510 τῆς
688 1473 834 1509 ἀρεσκείας

42 1522 151 1550 ἐκείνου
166 1522 256 1559 χάριν.

884 923 1010 958 quisquis
1022 923 1222 957 observaverit,
1241 924 1314 951 haud
1333 924 1485 959 imparatus
1503 925 1537 952 ad
1552 925 1678 955 futurum

881 968 1016 1004 judicium
1026 969 1180 1004 apparebit.

918 1014 981 1042 206.
1009 1014 1111 1042 Beatus
1140 1015 1262 1048 animus,
1293 1014 1397 1042 idcirco
1426 1016 1501 1050 quod
1528 1017 1677 1046 Dominum

883 1069 965 1089 suum
979 1061 1062 1088 hodie
1077 1065 1224 1089 venturum
1237 1065 1395 1096 exspectat,
1412 1062 1493 1090 nihili
1507 1063 1613 1091 ducens
1633 1069 1677 1092 to-

884 1108 940 1135 tius
951 1108 1006 1135 diei
1021 1108 1160 1141 laborem;
1177 1115 1210 1135 ac
1223 1108 1306 1135 etiam
1322 1109 1422 1142 noctis,
1443 1109 1517 1144 quod
1531 1109 1576 1137 ille
1585 1111 1677 1139 statim

884 1159 965 1180 mane
982 1153 1159 1188 praesentiam
1175 1152 1202 1180 ei
1217 1153 1394 1182 exhibiturus
1409 1154 1456 1182 sit.

920 1245 983 1273 207.
1009 1246 1084 1273 Deus
1110 1245 1221 1281 quidem
1247 1253 1343 1274 omnes
1369 1246 1468 1274 videt:
1489 1247 1585 1276 vident
1608 1257 1676 1277 vero

885 1292 973 1320 Deum
985 1292 1034 1328 qui
1060 1292 1134 1320 inter
1150 1292 1285 1319 orandum
1301 1292 1371 1320 nihil
1388 1293 1492 1321 vident.
1507 1295 1547 1322 Ac
1562 1295 1676 1330 quidem

884 1346 980 1366 omnes
998 1339 1044 1374 qui
1061 1338 1154 1366 vident
1168 1339 1266 1371 Deum,
1286 1339 1321 1367 ab
1340 1340 1386 1367 illo
1401 1348 1511 1375 quoque
1522 1342 1677 1370 exaudiuno

884 1388 946 1412 tur:
964 1385 1012 1419 qui
1027 1392 1094 1412 vero
1109 1392 1165 1411 non
1180 1384 1377 1417 exaudiuntur,
1392 1393 1482 1420 neque
1496 1385 1591 1414 vident
1601 1395 1676 1415 eum.

884 1431 984 1458 Beatus
1001 1434 1096 1458 autem
1112 1430 1160 1466 qui
1188 1438 1218 1459 se
1242 1438 1257 1458 a
1274 1430 1330 1459 Deo
1348 1431 1436 1458 videri
1456 1431 1593 1466 credit";
1622 1441 1678 1462 non

884 1475 958 1502 enim
971 1475 1190 1527 commovebitur
1206 1482 1256 1527 pos
1274 1475 1344 1511 ejus,
1363 1483 1417 1511 qua
1431 1476 1539 1504 ratione
1556 1477 1597 1504 illi
1617 1477 1679 1513 pla-

885 1525 948 1546 cere
966 1518 1070 1546 studet.

81 1568 135 1605 ση’.
233 1567 309 1600 ἐντὸς
330 1567 410 1604 ἡμῶν
425 1566 509 1602 οὔσης
526 1566 665 1602 βασιλείας
684 1566 718 1593 τὰ
732 1565 832 1601 ἀγαθὰ,

920 1564 983 1592 208.
1008 1565 1095 1600 Regni
1123 1565 1276 1598 caelorum,
1307 1565 1381 1600 quod
1408 1566 1482 1594 intra
1512 1575 1563 1594 nos
1594 1568 1678 1601 est",

43 1617 59 1644 δ
72 1613 241 1651 φιλόκοσμος
256 1613 396 1649 ὀφθαλμὸς
410 1613 460 1640 οὐκ
469 1611 535 1640 εἶδε·
553 1613 600 1639 καὶ
611 1611 680 1647 ἀκοὴ
694 1612 834 1648 φιλότιμος

41 1663 94 1690 οὐκ
108 1662 221 1698 ἢκουσε,
234 1661 282 1688 καὶ
299 1661 346 1688 ἐπὶ
358 1660 472 1696 καρδίαν
488 1659 570 1695 κενὴν
584 1658 743 1693 Πνεύματος
756 1658 834 1693 ἁγίου

39 1709 94 1736 οὐκ
111 1707 212 1743 ἀνέϐηο
224 1707 387 1743 aptasse;
406 1708 460 1734 etot
482 1706 536 1733 τῶν
553 1705 703 1741 μελλόντων
716 1705 833 1732 δίδοσθαι

39 1756 101 1786 τοῖς
115 1754 231 1786 δικαίοις
252 1753 363 1788 ἀγαθῶν
378 1754 407 1781 ἐν
421 1755 454 1789 τῇ
474 1752 610 1788 μελλούσῃ
627 1751 752 1787 βασιλείᾳ
766 1752 834 1786 Χρι-

41 1800 110 1828 στοῦ
121 1809 128 1816 ’
150 1801 198 1828 καὶ
217 1801 232 1828 ὁ
257 1801 295 1836 μὴ
312 1801 342 1827 ὲν
356 1799 464 1832 τούτοις
479 1799 601 1834 τρυφῶν,
616 1798 714 1830 οἵτινές
728 1799 796 1824 εἰσιν
809 1798 833 1824 οἱ

39 1847 147 1882 καρποὶ
162 1846 335 1882 Πνεύματος,
358 1846 388 1873 ὲν
408 1844 558 1873 ἀπολαύσει
579 1844 691 1871 ἐκείνων
707 1843 834 1878 γενέσοαι

36 1893 72 1918 οὔ
87 1891 210 1919 δύναται.

78 1937 130 1966 σθ’.
144 1938 176 1964 Οἱ
185 1937 240 1964 τῶν
255 1937 417 1972 πρακτικῶν
434 1937 560 1972 λογισμοὶ
576 1936 686 1971 ἐλάφοις
701 1935 833 1963 ἐοίκασιν.

41 1984 90 2016 Ὧς
109 1984 167 2020 γὰρ
181 1985 283 2011 ἐκεῖναι
306 1983 372 2011 ποτὲ
394 1983 443 2019 μὲν
469 1983 526 2010 ἄνω
545 1984 614 2010 εἰσιν
632 1984 662 2010 ὲν
685 1984 741 2015 τοῖς
758 1983 833 2019 ὄρεσι

34 2030 84 2057 διὰ
104 2030 151 2057 ’τὸν
169 2030 250 2064 φόὸον
264 2030 318 2057 τῶν
338 2029 476 2065 Θηρατῶν,
497 2029 563 2056 ποτε
578 2030 607 2056 δὲ
629 2029 706 2057 κάτω
727 2031 756 2057 ὲν
775 2030 834 2061 ταῖς

35 2074 153 2102 κοιλάσι
180 2074 226 2101 διὰ
250 2074 297 2101 τὸν
326 2073 409 2101 πόθον
430 2075 485 2100 τῶν
506 2074 535 2101 ἐν
551 2074 668 2106 αὑταῖς·
695 2073 766 2101 οὕτω
786 2075 834 2101 καὶ

33 2118 116 2148 οὗτοι
130 2127 138 2135 ·
155 2119 218 2146 οὔτε
231 2120 348 2146 πάντοτε
373 2121 402 2146 ὲν
420 2119 522 2155 Θεωρία
542 2120 714 2155 πνευματικῇ
739 2119 835 2146 δύναν-

33 2175 86 2194 ται
119 2163 208 2197 εἶναι,
232 2165 277 2192 διὰ
295 2165 325 2192 τὸ
344 2165 435 2193 αὐτῶν
460 2166 584 2198 εὐτελές·
600 2165 663 2193 οὔτε
690 2167 733 2193 ἀεὶ
756 2166 785 2192 ἐν
799 2167 832 2201 τῇ

35 2212 160 2247 φυσικῇ,
180 2210 224 2238 διὰ
236 2211 267 2237 τὸ
284 2211 321 2247 μὴ
336 2211 386 2246 τὴν
403 2211 558 2238 ἀνάπαυσιν
570 2211 680 2238 διώκειν
702 2211 756 2238 ἀεί.
773 2211 833 2238 Τῶν
852 2228 873 2255 D

34 2257 139 2293 μέντοι
159 2257 346 2292 θεωρητικῶν,
363 2256 533 2291 περιπεζίων
560 2257 713 2293 ὑπερόπται
729 2257 834 2301 θεωρη-

34 2303 141 2339 μάτων
155 2302 345 2330 καθίστανται.

72 2435 124 2460 σι’.
139 2432 217 2460 Βόλοι
237 2433 286 2468 μὲν
308 2433 406 2469 δρόσου
421 2434 470 2471 (g).
490 2435 542 2470 γῆς
557 2435 739 2471 μεθύσκουσιν
752 2435 836 2462 αὔλα-

71 2512 98 2528 ⁷⁹
111 2511 193 2539 Cant.
211 2521 230 2545 ι,
245 2513 288 2540 15.
327 2513 351 2530 ⁸ο
365 2513 444 2541 Cant.
459 2522 490 2547 ιι,
508 2514 540 2547 l;
555 2513 628 2541 Psal.
643 2521 699 2546 cut,
716 2513 759 2541 l6.

25 2546 56 2562 ⁸⁸
76 2547 152 2574 Luc.
169 2555 234 2582 xvu,
248 2548 293 2576 2i.
333 2549 356 2565 ⁸⁵
369 2549 380 2576 l
392 2548 455 2577 Cor.
470 2557 489 2576 ιι
502 2546 536 2577 υς
567 2549 590 2564 ⁸⁸
602 2548 665 2576 Job.
685 2557 796 2581 xxxviii,
812 2548 858 2576 ‘28.

71 2608 223 2643 (9)8610:
247 2609 371 2643 δρόσου.
385 2609 430 2638 Sic
446 2611 530 2638 etiam
554 2615 649 2638 vetera
678 2611 777 2638 Lexica
802 2618 836 2638 ex

19 2643 125 2678 Greg.
139 2643 237 2676 citant,
256 2644 414 2680 habentque
428 2645 521 2673 Graeca
538 2646 637 2678 Biblia,
655 2646 736 2673 stilla:
746 2647 834 2679 raris;

17 2686 159 2720 ipsaque
186 2685 256 2713 adeo
283 2678 376 2714 Heln-.-
392 2678 496 2720 51:75»:
518 2687 547 2714 in
574 2696 626 2723 qua
650 2696 718 2723 voce
736 2678 830 2716 Abeo.

18 2727 113 2764 Esra_
135 2727 195 2764 vult
209 2734 229 2758 κ
251 2736 312 2764 esse
337 2728 530 2761 formativum,
546 2721 625 2764 quasi
648 2737 663 2757 a
681 2721 729 2758 ‘7"):
745 2737 778 2756 ex
802 2737 836 2756 eo

16 2762 115 2799 quod
131 2762 212 2799 still;
234 2763 371 2799 ejusmodi
391 2764 517 2791 rotunda
536 2762 592 2792 sint
616 2773 648 2792 ac
662 2764 740 2799 quasi
766 2771 835 2791 con-

17 2797 154 2834 θοῑιιιω.
185 2797 232 2825 Sic
250 2797 279 2825 et
307 2798 378 2833 βόλοι
394 2799 501 2834 δρόσου,
525 2800 598 2834 quod
622 2797 702 2834 quasi
731 2799 836 2834 globuli

14 2833 282 2870 jaciantuerocei
290 2834 358 2870 satis
369 2834 509 2870 ingeniose
518 2833 673 2870 ercogitata
683 2833 739 2866 τοῖς
753 2833 834 2861 LXX.

15 2867 69 2897 λι
86 2868 168 2904 quod
186 2867 263 2904 Xyst.
275 2869 379 2897 habent
395 2867 485 2904 βῶλοι,
505 2867 684 2906 ρίεὺαίτονὶε,
704 2869 836 2904 nullaque

146 2914 285 2947 ΡΔτιιοι..
313 2915 373 2947 (in.
394 2915 460 2946 XC.

809 2512 832 2528 ⁸¹
849 2512 929 2540 Cant.
945 2520 975 2545 ιι,
991 2512 1018 2539 5.

885 1610 977 1639 saeculi
988 1618 1083 1638 amans
1100 1611 1220 1644 animus,
1233 1611 1306 1638 bona
1325 1618 1379 1638 non
1395 1611 1476 1644 vidit,
1492 1616 1521 1640 et
1532 1612 1679 1641 ambitiosa

883 1656 959 1684 auris
970 1664 1026 1683 non
1034 1656 1150 1689 audivit,
1166 1664 1217 1684 nec
1231 1656 1258 1683 in
1276 1664 1323 1683 cor
1339 1656 1445 1691 Spiritu
1453 1662 1548 1685 sancto
1560 1665 1677 1685 vacuum

884 1702 1112 1731 ascenderunt“.
1140 1702 1244 1737 Nempe
1275 1702 1447 1730 arrhabones
1477 1707 1542 1730 sunt
1568 1703 1678 1730 illorum

884 1748 1032 1780 bonorum,
1060 1755 1121 1783 qua;
1137 1748 1220 1786 justis
1242 1747 1270 1774 in
1288 1747 1382 1775 futuro
1401 1747 1505 1775 Christi
1528 1756 1612 1783 regno
1629 1749 1678 1776 tri—

884 1792 1015 1819 buentur.
1036 1791 1086 1822 Ac,
1104 1790 1152 1826 qui
1170 1791 1198 1817 in
1218 1791 1273 1818 illis
1294 1798 1350 1818 non
1364 1790 1518 1818 delectatur
1531 1791 1588 1827 (qui
1613 1797 1678 1820 sunt

883 1837 991 1865 fructus
1010 1835 1140 1872 Spiritus)
1153 1844 1206 1864 nec
1217 1840 1248 1863 ut
1261 1836 1316 1864 illis
1332 1836 1440 1864 fruatur
1452 1837 1560 1873 assequi
1575 1841 1676 1873 potest.

918 1925 981 1954 209.
998 1925 1155 1954 Colentium
1170 1924 1307 1953 actionem
1332 1925 1514 1961 cogitationes
1536 1926 1677 1962 animique

884 1973 1007 2002 rationes
1021 1972 1111 2000 cervis
1134 1971 1206 2000 haud
1228 1971 1369 2000 absimiles
1399 1976 1475 1999 sunt.
1491 1971 1676 2005 Quemadmo-

884 2020 950 2048 dum
962 2019 1036 2047 enim
1052 2019 1138 2051 cervi,
1158 2017 1241 2046 modo
1258 2018 1395 2045 montium
1418 2018 1565 2052 superiora
1581 2023 1678 2047 tenent

884 2065 920 2092 ob
942 2069 1107 2092 venatorum
1136 2068 1258 2096 metum;
1283 2063 1366 2090 modo
1390 2062 1521 2098 depressa
1543 2064 1676 2094 vallium.

884 2120 940 2148 quo
962 2112 1072 2139 illarum
1091 2109 1202 2145 pascuis
1218 2109 1357 2137 desiderio
1381 2109 1555 2143 afﬁciuntur;
1584 2110 1624 2138 sic
1651 2116 1679 2138 et

884 2159 947 2191 illae,
962 2166 1015 2185 nec
1027 2165 1135 2192 semper
1151 2156 1180 2183 in
1197 2155 1315 2191 spiritali
1330 2155 1562 2190 contemplatione
1574 2157 1677 2183 versari

886 2208 1013 2240 possunt.
1029 2203 1112 2239 666
1122 2202 1158 2229 ob
1173 2209 1249 2229 suam
1259 2201 1439 2234 tenuitatem;
1453 2209 1504 2229 nec
1517 2201 1544 2229 in
1561 2203 1678 2230 naturali

887 2257 997 2285 semper
1009 2247 1209 2284 speculatione,
1221 2246 1295 2281 quod
1310 2254 1366 2274 non
1377 2254 1486 2281 semper
1501 2246 1678 2275 refectionem

887 2299 1012 2331 quaerant
1026 2302 1059 2322 ac
1070 2293 1202 2329 quietem.
1218 2292 1322 2320 Eorum
1339 2299 1406 2320 vero
1421 2292 1468 2327 qui
1482 2292 1594 2320 student
1611 2301 1680 2320 con-

888 2340 1062 2377 templationi
1085 2339 1183 2371 animi,
1201 2338 1317 2366 humilia
1337 2345 1420 2366 sensa
1443 2338 1564 2374 proclive
1582 2343 1680 2367 conte-

918 2391 998 2415 nunt.

889 2397 998 2416 mnunt.

923 2433 987 2461 210.
1013 2432 1100 2461 Stillae
1123 2430 1225 2460 roris“
1247 2435 1327 2458 terrae
1356 2429 1447 2457 sulcos
1474 2429 1622 2457 infundunt
1648 2437 1680 2458 ac

1073 2511 1096 2527 "
1117 2511 1198 2539 Joan.
1212 2518 1268 2543 xw,
1289 2509 1335 2537 23.
1387 2508 1411 2524 ⁸³
1425 2508 1499 2536 Psal.
1514 2515 1616 2541 xxxvn,
1635 2508 1678 2536 Π.

890 2610 967 2647 varia
981 2610 1102 2638 lectione
1122 2610 1240 2644 interpr.
1263 2608 1354 2647 affert,
1380 2605 1603 2647 nullus'pro'bo;
1630 2614 1681 2647 nec

889 2646 971 2673 video
985 2654 1110 2681 quaenam
1128 2650 1192 2681 apta
1199 2641 1374 2681 metaphora,
1389 2642 1498 2681 ut‘ron‘s
1506 2641 1681 2681 flilltg,qll0d

888 2676 1001 2716 optime‘
1011 2681 1134 2709 reddidit
1145 2676 1237 2715 Vulg.,
1253 2676 1385 2706 dicantur
1398 2677 1492 2713 gleba.
1503 2676 1581 2710 Quod
1596 2677 1681 2704 ctiam

889 2730 979 2750 massa
1003 2723 1130 2750 redditur
1145 2730 1178 2750 ea
1197 2729 1259 2753 vox,
1279 2721 1363 2756 βῶλος
1380 2719 1489 2753 σιδήρου
1508 2718 1594 2746 Eccli.
1613 2726 1681 2752 χχιι,

889 2768 917 2791 et
937 2763 1020 2799 βῶλος
1037 2764 1151 2799 χρυσέα,
1165 2772 1215 2799 pro
1226 2764 1295 2794 sole,
1310 2761 1400 2799 Apoll.
1429 2759 1528 2787 Rhodii
1545 2759 1634 2799 schol.
1647 2768 1680 2799 ex

890 2795 1117 2836 EuripideCiiihil
1142 2795 1382 2836 congruituqiiod‘
1396 2795 1613 2836 _tuassa,rm_agni
1631 2797 1682 2836 ali-

890 2831 1104 2869 quid-ponderis
1116 2835 1162 2866 sit,
1180 2831 1235 2860 non
1250 2831 1323 2860 exile
1337 2831 1476 2869 quidsuti
1486 2831 1681 2869 ‘stinll:_n_roris:

891 2864 1008 2905 quaru'm
1026 2871 1142 2903 stillare,
1157 2864 1249 2905 spargi
1277 2873 1318 2896 est
1332 2864 1360 2895 εἰ
1375 2867 1441 2903 jaci,
1468 2865 1498 2892 τὸ
1525 2864 1679 2901 βάλλεσθαι.

1424 2912 1462 2943 Ιιῧ
