1916 3076
81 145 141 179 1453

651 149 740 179 ALIA
760 148 812 179 EX
829 146 950 178 VATIC.
971 147 1115 179 CAPITA.

1632 147 1700 178 liful

112 202 167 230 atO’.
191 202 229 229 Οὑ
250 202 348 230 ταυτόν
371 203 444 230 ἔστιν
467 199 508 235 οἷς
531 203 693 239 ἐσταυρώθη
715 205 730 230 ὁ
744 203 855 238 κόσμος,

943 203 1004 231 219.
1035 203 1094 231 Non
1125 203 1198 240 id_em
1220 206 1274 235 est,
1297 201 1400 238 quibus
1414 201 1535 230 mundus
1553 201 1702 229 crucifixus

79 250 122 276 καὶ
135 250 227 280 οἵτινες
250 248 288 285 τῷ
304 250 400 285 κόσμῳ
419 249 616 285 ἐσταύρωνται.
641 250 703 282 Τοῖς
723 249 773 285 μὲν
790 249 855 285 γὰρ,

78 292 133 331 ἧλοι
149 295 258 329 νηστεία
283 296 330 323 καὶ
352 296 509 331 ἀγρυπνία·
532 297 588 328 τοῖς
614 296 653 327 δὲ,
677 296 856 332 ἀκτημοσὺνη

78 341 121 368 καὶ
135 341 312 374 ίξουδένωσις.
334 342 394 369 Τῶν
414 342 443 369 δὲ
460 342 592 378 δευτέρων
611 343 705 379 χωρὶς,
728 343 754 369 οί
782 342 855 369 πόνοι

77 387 128 414 τῶν
142 387 283 424 προτέρων
297 388 456 423 ἀνωφελεῖς.

114 436 159 459 ax’.
182 433 220 460 Οὐ
240 433 369 469 καθαρῶς
386 433 498 462 δύναται
518 434 730 470 προσεύξασθαι,
750 435 764 461 ὁ
781 434 857 469 φιλο-

77 479 146 514 κάλῳ
166 479 246 506 πάθει
277 479 310 515 (j)
335 481 382 507 καὶ
410 481 545 516 φιλοτίμῳ
569 481 764 517 κρατούμενος.
791 481 857 517 Περὶ

76 524 155 552 ταῦτα
170 525 224 561 γὰρ
235 526 262 553 αἱ
278 526 396 561 σχέσεις,
410 527 457 553 καὶ
476 527 501 553 οἰ
516 527 566 562 τῆς
585 527 766 563 ματαιότητος
783 526 856 561 λογι-

79 571 136 606 σμοὶ
147 571 195 606 τὴν
205 571 359 607 οἰκειότητα
371 571 488 606 ἔχοντες,
506 573 610 608 σχοινία
623 572 748 608 καθάπερ
759 573 857 608 ἐκείνῳ

77 617 295 651 περιπλεκόμενοι
306 617 435 651 γίνονται.
450 618 646 651 κατασπῶντες
656 619 693 650 ὡς
703 617 747 646 οἷα
762 628 858 653 στρου-

77 661 129 688 θίον
146 662 284 697 δεδεμένον
302 663 454 700 ἀναπτῆναι
477 664 647 700 πειρώμενον
667 666 695 692 ὲν
710 665 748 701 τῷ
768 665 858 702 καιρῷ

76 708 122 742 τῆς
134 709 223 744 εὐχῆς.

111 757 174 780 σκα’.
202 753 348 782 Ἀδύνατον
369 755 509 791 εἰρηνικὸν
527 755 656 790 γενέσθαι
679 756 724 783 τὸν
743 756 805 783 νοῦν
830 757 858 785 ἐν

76 799 150 834 εὐχῇ.
164 800 328 835 ἐγκράτειαν
342 801 389 828 καὶ
403 803 514 837 ἀγάπην
537 801 617 838 φίλην
632 802 677 829 τὸν
692 802 730 838 μὴ
754 803 858 839 κτησά-

78 853 162 879 μενον.
175 845 208 872 'H
225 846 274 882 μὲν
287 845 352 882 γὰρ,
364 846 412 882 τὴν
429 847 500 874 κατά
514 848 564 882 τῆς
582 847 672 883 ψυχῆς
691 849 724 875 ὲκ
740 848 787 875 τοῦ
805 847 858 875 σώ-

78 899 158 926 ματος
168 891 267 928 ἔχθραν
282 893 426 920 καταλύειν
437 894 646 929 ἐπαγωνίζεται·
658 895 675 930 ἡ
684 895 722 927 δὲ,
733 895 782 930 τὴν
792 895 859 931 πρὸς

75 937 119 964 τὸν
137 938 247 973 πλησίον
267 939 309 966 διὰ
326 939 371 967 τὸν
387 940 463 968 Θεόν.
482 940 637 968 Κάντεῦθεν
651 942 668 977 ὴ
691 942 861 977 ὑπερέχουσα

76 983 161 1011 πάντα
173 985 234 1012 νοῦν
245 986 340 1022 εἰρήνη
352 987 532 1023 ὲπιδημοῦσα,
542 988 627 1023 μονὴν
642 988 779 1015 ποιεῖσθαι
793 989 860 1024 πρὸς

75 1029 120 1056 τὸν
134 1030 231 1057 οὑτωσὶ
247 1032 494 1068 κατειρηνεύσαντα
509 1033 700 1068 ἐπηγγείλατο.

112 1118 177 1154 σκβ¹.
210 1119 330 1156 Ἀνάγκη
350 1120 396 1147 τοῦ
420 1121 460 1152 εἰς
484 1121 623 1156 βασιλείαν
642 1121 709 1149 Θεοῦ
730 1122 861 1158 ἀγωνιζο-

76 1165 156 1200 μένου
167 1166 308 1200 εἰσελθεῖν,
323 1168 497 1203 περισσεύειν
507 1169 536 1195 ὲν
548 1168 660 1202 ἀγαθοῖς
674 1169 705 1195 τὸ
718 1170 799 1205 ἔργον
811 1170 862 1206 τῆς

73 1211 244 1247 δικαιοσύνης
257 1212 355 1239 αὐτοῦ·
377 1215 405 1240 ἐν
427 1213 623 1249 ὲλεημοσύναις
637 1215 697 1250 μὲν,
712 1215 756 1242 διὰ
766 1216 815 1251 τῆς
830 1217 862 1243 ὲκ

73 1257 120 1284 τοῦ
139 1257 328 1294 ὑστερήματος
343 1260 466 1295 παροχῆς
478 1268 485 1276 ·
504 1260 533 1287 ἐν
554 1260 645 1293 πόνοις
657 1261 696 1294 δὲ,
714 1263 771 1294 τοῖς
790 1262 861 1298 ὑπὲρ

72 1301 123 1337 τῆς
139 1303 261 1338 εἰρήνης,
279 1303 324 1331 διὰ
335 1304 382 1331 τοῦ
399 1305 628 1341 ἁποστερήματος
642 1306 679 1342 (It)
695 1306 744 1342 τῆς
760 1308 788 1334 ὲν
803 1309 861 1335 Κυ-

74 1347 126 1384 ρίῳ
144 1349 292 1385 ὑπομονῆς.

109 1394 178 1429 σκγ’.
203 1395 271 1423 Οὔτε
288 1397 303 1424 ὁ
323 1396 421 1430 ἐνδεῶς
436 1398 505 1434 πρὸς
527 1398 628 1434 ἀρετὴν
645 1398 714 1434 ἔχων
742 1399 785 1427 διὰ
811 1400 861 1436 τὴν

72 1441 212 1477 ἀμέλειαν,
240 1442 301 1469 οὔτε
324 1445 338 1470 ὁ
360 1445 494 1479 περιττῶς
520 1444 566 1472 διὰ
590 1444 640 1480 τὴν
663 1445 762 1481 οἴησιν,
795 1447 861 1474 εῐσω

71 1486 236 1523 λιμένοςτοῦ
251 1489 321 1516 κατὰ
337 1490 385 1525 τὴν
404 1490 538 1518 ἀπάθειαν
562 1490 763 1526 εὑρεθήσονται.
779 1493 861 1520 Οὐδέ-

70 1541 150 1569 τερος
162 1534 216 1570 γὰρ
231 1534 284 1561 τῶν
297 1537 328 1563 ὲκ
344 1536 519 1572 δικαιοσύνης
537 1539 568 1565 ἐν
582 1537 730 1565 ἀπολαύσει
747 1539 860 1573 γέγονεν

70 1578 192 1613 ἀγαθῶν,
215 1580 350 1614 μεσὶτιδος
369 1582 566 1620 εὑρισκομένης
584 1585 686 1619 αὐτοῖς,
716 1585 860 1621 ἐλλείψεως

71 1623 119 1651 καὶ
129 1625 293 1661 ὑπερϐολῆς.
528 1623 534 1631 ’

106 1669 173 1698 σκδν.
186 1670 256 1700 Οὒτε
273 1673 289 1708 ἡ
303 1674 338 1709 γῆ
356 1674 381 1701 εἰ
401 1674 439 1710 μὴ
456 1675 658 1704 πολυπλασίονα
684 1677 724 1714 τῷ
743 1679 860 1715 γεωργῷ

67 1715 117 1742 τὸν
131 1717 213 1744 πόνον
228 1719 386 1755 χαρίσηται,
403 1720 520 1757 εὔπορον
543 1723 590 1750 καὶ
606 1724 716 1760 ἀνενδεῆ
737 1726 862 1761 ἀπεργά-

69 1763 251 1807 πταιναὺτδν,
267 1765 347 1800 μόνον
368 1766 414 1793 τὺν
442 1768 544 1803 σπόρον
565 1771 753 1805 παρεχομένη,
771 1770 788 1807 ἣ
814 1765 871 1798 κα).¹

68 1806 176 1841 μικράν
207 1816 268 1835 τινα
291 1809 471 1847 προσθήκην·
504 1811 566 1840 οὕτε
594 1813 634 1849 τῷ
658 1806 804 1850 πρακτικῷ
830 1814 862 1841 τὸ

66 1851 219 1899 ἀνυὸμενον
233 1854 323 1891 ἔργον,
339 1857 363 1883 εἰ
389 1857 427 1893 μὴ
454 1859 578 1899 κρεῖττον
600 1861 649 1895 τῆς
672 1861 861 1896 προαιρέσεως

65 1897 154 1924 αὑτοῦ
171 1899 188 1934 η
208 1900 310 1937 σπουδὴ
333 1902 471 1940 εὑρεθείη,
499 1897 568 1940 πρὸς
595 1905 642 1932 τὸν
668 1905 735 1933 Θεὸν
755 1906 861 1934 δίκαιον

64 1944 280 1980 ἀπεργάσασθαι
294 1947 418 1978 δύναται.

101 2038 172 2062 σκιν.
188 2035 257 2062 οὔτε
274 2037 375 2070 πάντες
398 2039 423 2066 οί
441 2039 478 2076 μὴ
493 2040 656 2075 ἀγαπῶντες
679 2041 726 2068 τὸν
747 2042 861 2078 πλησίον

63 2081 160 2115 μισεῖν
172 2080 316 2109 δύνανται·
341 2082 404 2111 οὔτε
424 2085 448 2111 οί
470 2085 507 2121 μὴ
528 2086 672 2121 μισοῦντες
686 2087 767 2114 αὐτὸν
791 2089 861 2122 ἀγα-

60 2125 122 2160 πᾷν
134 2132 141 2139 ·
158 2125 205 2152 καὶ
220 2126 284 2153 ἀλλο
301 2126 352 2162 μέν
376 2129 445 2162 ἐστι,
466 2130 497 2156 τὸ
516 2130 673 2165 βασκαίνειν
692 2132 796 2159 ἐκείνου
812 2133 862 2168 τὴν

59 2170 190 2206 ἀρετήν·
203 2171 296 2208 ἕτερον
307 2173 336 2201 δὲ
352 2174 384 2201 τὸ
401 2175 438 2210 μὴ
453 2176 578 2211 ἐμποδὼν
588 2177 662 2213 αὐτῷ
686 2178 862 2212 εὑρίσκεσθαι

58 2216 138 2251 πρὸς
163 2219 316 2255 προκοπήν.
344 2219 479 2256 Ἐσχάτης
504 2221 532 2248 δὲ
558 2222 657 2254 κακίας
682 2223 861 2258 εὑρεθήσεται

99 2296 127 2312 ⁸⁸
148 2296 237 2336 βαίοῖ.
251 2305 290 2332 vt.
308 2298 353 2326 ﬂ.
389 2298 413 2316 "
426 2299 546 2336 Philipp'
569 2309 607 2333 tv,
630 2302 656 2329 7.

59 2339 122 2365 ut,
143 2331 172 2359 4.

98 2409 154 2445 (j)
175 2409 206 2451 ’ρ
227 2412 381 2451 φιλοκάλῳ
395 2412 491 2440 πάθει.
509 2413 589 2446 Quod
617 2414 757 2451 φιλοκάλῳ
770 2415 801 2442 τὺ
815 2424 859 2450 φι-

52 2444 278 2486 λότιμονξμῐιὴείῑ
290 2444 434 2486 Maximus,
450 2444 614 2484 argumento
623 2444 683 2486 :est,
698 2444 780 2486 sic'in
795 2444 860 2485 par-

54 2485 119 2519 tem
146 2481 214 2519 vitii
234 2481 307 2519 illud
318 2490 462 2518 usurpare,
481 2481 512 2511 ut
533 2484 705 2519 superﬂuum
727 2481 861 2513 duntaxat

52 2515 175 2556 cultum
190 2515 410 2557 elegantiamque
425 2515 577 2557 significet,
589 2520 669 2557 cujus
690 2528 767 2547 amor
777 2520 860 2548 etiam

52 2551 522 2591 iis'qui_ad'pietatem’_exercent,
537 2551 681 2582 obstaculo
705 2563 767 2583 esse
792 2556 862 2583 solet

51 2585 241 2625 sublimior-is
254 2588 362 2625 volatus
374 2588 402 2615 in
420 2585 562 2623 oratione;
589 2591 730 2625 quomodo
751 2591 785 2618 ab
809 2591 863 2618 He-

51 2620 172 2662 sxchio.
195 2621 236 2654 τὸ,
259 2622 412 2655 φιλόκαλος,
429 2620 758 2662 minimam-exponitur
777 2634 861 2653 :cum

50 2660 173 2692 atloqui
196 2664 228 2683 ea
255 2665 308 2684 vox
334 2660 510 2686 communius
535 2665 615 2687 sonet
637 2661 665 2687 in
687 2661 801 2692 bonum.
830 2669 862 2689 ac

50 2698 114 2731 pro
134 2691 251 2731 honesti
268 2693 394 2721 studioso
411 2695 577 2731 accipiatur:
594 2696 761 2731 quandoque
776 2696 860 2723 etiam

49 2725 180 2766 dicatur
197 2727 232 2754 de
244 2735 339 2766 amore
351 2725 510 2766 corporum.
526 2730 572 2758 Sic
584 2725 728 2764 φὶλοκαλίἁ
754 2731 860 2759 Socrati

48 2760 191 2800 objecta,
212 2769 243 2790 ac
259 2760 526 2800 sirdictutﬁrfuisset
558 2760 748 2800 παιδεραστία.
774 2766 856 2799 Greg.

48 2795 103 2836 de;
111 2804 228 2836 pavone
238 2799 452 2836 perinde_ambo
466 2799 524 2836 haec
550 2795 693 2836 conjunxit
712 2795 857 2836 φιλόκαλον

48 2831 121 2872 καὶ.
144 2831 306 2868 φιλότιμον·
334 2834 369 2861 ad
398 2835 550 2872 notandum
575 2831 675 2863 animal
700 2831 856 2871 pulchritu~

46 2865 142 2894 diuis
165 2865 281 2903 amans,
298 2876 386 2904 eaque
406 2869 459 2898 sibi
477 2871 588 2906 placens
605 2879 637 2899 ac
663 2865 856 2904 ambitiosum;

708 2302 732 2318 '°
756 2302 835 2330 Joan.
856 2311 911 2336 xxv,
926 2303 971 2330 25.

910 253 963 281 est,
981 253 1009 277 ct
1027 251 1075 285 qui
1093 250 1197 278 mundo
1211 250 1336 278 crucifixi
1355 248 1461 277 sunt”.
1479 249 1547 277 Nam
1566 248 1621 276 illis
1637 248 1700 284 qni-

911 294 973 322 dem
989 295 1058 322 clavi
1075 300 1150 327 sunt,
1166 295 1303 331 jejunium
1325 299 1353 322 et
1366 293 1484 329 vigilim;
1502 293 1547 320 his
1563 301 1638 326 vero,
1657 300 1702 320 re-

911 349 971 369 rum
990 342 1128 369 abdicatio
1155 349 1187 369 ac
1215 341 1257 368 sui
1279 344 1464 375 contemptus.
1489 339 1576 366 Porro
1597 338 1701 374 absque

910 386 1049 418 secundis,
1062 386 1185 421 priorum
1202 385 1311 412 labores
1321 384 1425 412 nullius
1439 387 1503 410 sunt
1516 383 1610 418 frugis.

944 432 1006 460 2:20.
1027 433 1085 459 Non
1109 436 1199 468 potest
1214 439 1283 467 pura
1303 435 1395 458 mente
1410 438 1502 462 orare,
1522 429 1569 464 qui
1591 429 1702 464 elegan-

911 478 990 506 tioris
1019 479 1110 506 cultus
1140 479 1308 514 honorisqrie
1336 477 1436 506 all'cctu
1468 480 1589 504 tenetur.
1622 476 1702 504 Circa

911 525 968 552 haec
983 525 1056 552 enim
1074 525 1205 552 libidines
1221 532 1352 560 ranaeque
1371 524 1553 559 cogitationes
1570 531 1632 550 cum
1655 531 1704 549 ne-

911 571 1107 598 cessitudinem
1119 571 1251 603 habeant,
1263 571 1339 598 velut
1351 570 1469 597 funiculi
1482 569 1506 597 ei
1523 568 1702 604 circumplcxi

911 614 991 647 ﬁunt,
1008 615 1157 650 passereuli
1186 616 1214 642 in
1242 623 1348 642 morem
1372 615 1551 642 detrahentes
1579 618 1703 649 tempore

911 661 1055 694 orationis,
1072 661 1136 689 dum
1158 661 1268 689 evolare
1280 661 1390 688 nititur.

946 757 1008 784 221.
1024 756 1096 784 Fieri
1113 765 1166 784 non
1181 761 1273 792 potest
1293 761 1323 783 ut
1340 764 1418 783 mens
1428 756 1455 783 in
1470 755 1595 783 oratione
1607 758 1703 790 pacata

912 804 957 836 sit,
969 803 1023 830 nisi
1040 803 1238 830 continentiam
1253 810 1284 830 ac
1297 802 1474 830 dilectionem
1492 802 1607 829 amicam
1629 801 1704 828 obti-

911 853 985 877 neat.
1016 849 1055 877 Ac
1077 849 1190 884 quidem
1219 849 1265 876 illa
1288 857 1350 884 quae
1365 857 1399 884 ex
1424 856 1540 884 corpore
1571 848 1705 875 adversus

875 881 899 912 Β
912 895 1041 926 animam,
1052 895 1195 922 inimicitia
1207 899 1260 927 est,
1269 895 1363 922 studet
1374 894 1524 922 dissolvere
1534 915 1540 926 ,
1558 894 1616 921 haec
1625 902 1703 926 vero,

913 947 973 974 quae
985 939 1116 967 adversus
1127 940 1281 975 proximum
1297 945 1457 975 estpropter
1468 939 1704 974 Deum.lndeqnc,

912 993 974 1020 quae
989 994 1098 1014 omnem
1122 994 1233 1014 sensum
1249 993 1413 1021 exsuperat,
1431 994 1484 1021 pax
1507 986 1660 1013 adveniens
1669 986 1703 1018 ον’,

912 1031 1084 1058 mansionem
1105 1039 1134 1059 se
1149 1032 1283 1059 facturam
1300 1032 1422 1066 pollicita
1434 1036 1477 1059 est
1489 1032 1523 1064 ⁹⁰,
1537 1031 1611 1067 apud
1627 1039 1702 1064 eum,

913 1077 959 1111 qui
971 1084 1005 1104 eo
1017 1085 1046 1104 se
1062 1077 1154 1109 modo,
1171 1085 1275 1112 suaque
1294 1085 1361 1112 pace
1375 1078 1571 1112 composuerit.

947 1122 1010 1150 222.
1034 1123 1153 1151 Necesse
1172 1128 1224 1156 est,
1240 1127 1270 1150 ut
1284 1125 1344 1158 ejus
1360 1123 1407 1158 qui
1434 1123 1575 1150 contendit
1599 1123 1705 1150 intrare

912 1169 940 1196 in
958 1177 1072 1204 regnum
1098 1169 1190 1202 Dei",
1217 1177 1287 1204 opus
1304 1169 1332 1196 in
1350 1169 1431 1197 bonis
1445 1169 1585 1202 abundet;
1605 1176 1705 1203 nempe

912 1214 940 1242 in
956 1215 1149 1251 eleemosynis,
1163 1215 1312 1250 przebendo
1329 1223 1362 1243 ex
1374 1223 1408 1242 eo
1422 1215 1495 1250 quod
1520 1215 1559 1242 illi
1572 1215 1649 1242 deest
1659 1215 1680 1230 ”
1695 1222 1702 1241 :

912 1261 939 1289 in
955 1261 1097 1289 laboribus
1110 1269 1186 1294 vero,
1209 1261 1285 1296 pacis
1299 1269 1392 1293 causa,
1419 1269 1468 1296 per
1481 1261 1542 1297 ejus
1561 1260 1704 1296 patientiae

910 1307 1115 1335 fraudationem
1131 1316 1192 1344 qua:
1205 1308 1233 1336 in
1249 1308 1367 1336 Domino
1378 1313 1430 1336 est.

946 1396 1008 1424 225.
1023 1396 1078 1424 Nec
1094 1396 1141 1431 qui
1155 1396 1189 1423 ad
1207 1396 1350 1428 virtutem,
1366 1403 1420 1431 qua
1438 1396 1565 1424 socordia
1582 1395 1702 1427 laborat,

910 1443 1003 1470 minus
1017 1442 1111 1475 habet,
1124 1450 1175 1470 nec
1192 1443 1238 1478 qni
1257 1442 1395 1478 superflue
1408 1463 1415 1475 ,
1432 1450 1485 1477 qua
1509 1442 1604 1470 itidem
1629 1442 1704 1470 inani

911 1488 1120 1515 existimatione
1145 1496 1177 1515 ac
1193 1488 1334 1524 jactantia,
1359 1488 1430 1516 intra
1448 1488 1706 1523 imperturbationis

874 1555 896 1584 Ο
911 1539 1024 1569 portum
1049 1538 1186 1561 occurret.
1210 1534 1314 1561 Neuter
1336 1534 1410 1561 enim
1436 1534 1573 1561 bonorum
1591 1534 1706 1569 jnstitiaa

911 1587 1024 1615 compos
1039 1580 1161 1612 exstitit,
1173 1579 1276 1615 quippe
1291 1587 1354 1607 eum
1372 1579 1453 1606 ambo
1472 1578 1596 1607 defectus
1609 1586 1705 1606 exces-

911 1634 1014 1661 susque
1028 1626 1106 1661 juxta
1118 1625 1339 1653 mediocritatem
1358 1633 1413 1652 non
1430 1624 1597 1652 invenerint.

945 1671 1008 1698 2‘24.
1026 1671 1082 1698 Nec
1101 1674 1173 1698 terra
1186 1691 1193 1703 ,
1210 1671 1264 1698 nisi
1292 1670 1439 1704 multiplici
1465 1674 1557 1704 segete
1579 1669 1706 1705 agricole

910 1716 1034 1744 laborem
1049 1716 1248 1748 eumulaverit,
1267 1716 1327 1751 ejus
1339 1715 1407 1743 satis
1430 1715 1610 1750 indigentiam
1626 1715 1704 1741 leva-

911 1762 962 1796 bit,
978 1770 1010 1790 ac
1023 1762 1139 1797 penuria
1149 1769 1213 1790 eum
1227 1762 1357 1790 liberabit
1374 1762 1446 1798 (quae
1463 1762 1569 1790 scilicet
1594 1769 1705 1789 semen-

911 1813 978 1841 tem,
997 1816 1046 1836 seu
1057 1809 1141 1836 etiam
1160 1808 1291 1844 exiguum
1303 1808 1371 1844 quid
1399 1808 1474 1836 illius
1495 1812 1705 1835 auctoramento

911 1855 1088 1891 praebuerit),
1110 1855 1150 1882 sic
1176 1862 1228 1882 nec
1242 1854 1315 1890 quod
1339 1854 1444 1882 activus
1462 1862 1530 1889 opus
1542 1854 1705 1888 facinusque

911 1901 1039 1934 ediderit,
1061 1902 1167 1937 justum
1189 1909 1254 1928 eum
1278 1901 1351 1936 apud
1364 1901 1450 1928 Deum
1466 1900 1582 1928 reddere
1602 1903 1704 1935 potest,

911 1948 965 1976 nisi
984 1948 1043 1984 ejus
1057 1948 1199 1976 voluntate
1221 1954 1254 1976 ac
1279 1947 1423 1983 proposito
1447 1947 1590 1982 diligentia
1617 1946 1705 1982 major

911 1994 1006 2022 fuerit.

947 2040 1010 2068 225.
1028 2040 1085 2068 Nec
1102 2048 1198 2068 omnes
1212 2040 1259 2075 qui
1275 2047 1330 2067 non
1343 2039 1464 2075 diligunt
1482 2038 1650 2075 proximum,
1666 2037 1707 2073 ip-

913 2094 974 2115 sum
990 2086 1081 2114 odisse
1096 2090 1226 2121 possunt;
1251 2093 1303 2113 nec
1319 2085 1367 2121 qui
1390 2094 1446 2113 non
1469 2085 1599 2116 oderunt,
1619 2084 1705 2119 ipsam

913 2132 1037 2168 diligere.
1064 2131 1201 2166 Aliudque
1224 2131 1307 2166 668
1322 2135 1364 2159 est
1377 2130 1502 2158 invidere
1519 2131 1580 2165 ejus
1593 2129 1704 2162 virtuti,

914 2179 1044 2213 aliudque
1069 2185 1124 2205 non
1152 2176 1191 2204 illi
1209 2176 1357 2204 obstaculo
1374 2184 1453 2209 esse,
1478 2176 1545 2211 quin
1570 2175 1704 2211 proficiat.

878 2221 899 2248 ῐ)
914 2224 1051 2251 Extremas
1075 2231 1142 2250 vero
1169 2222 1281 2250 malitiae
1307 2222 1408 2258 gradus
1433 2222 1601 2255 invenietur,
1632 2221 1707 2256 quod

1023 2303 1047 2319 ³¹
1065 2302 1162 2330 Matth.
1186 2309 1214 2335 ν,
1231 2301 1276 2329 20.
1328 2302 1351 2318 ⁸³
1379 2301 1463 2330 Marc.
1484 2310 1531 2334 xu,
1559 2303 1608 2335 44;
1638 2302 1706 2329 Luc.

911 2423 945 2443 ex
966 2423 1022 2451 quo
1035 2415 1168 2443 Maximus
1178 2414 1329 2443 transferre
1340 2415 1432 2451 potuit
1447 2415 1475 2442 in
1495 2423 1587 2443 mores
1615 2415 1707 2443 homi-

911 2459 991 2478 num.

949 2486 986 2522 (k)
1008 2485 1070 2522 Ald
1092 2485 1146 2513 τοῦ
1168 2485 1426 2520 ἀποστερήματος.
1450 2486 1556 2514 Sensus
1582 2485 1704 2518 videtur,

913 2520 958 2548 sic'
972 2520 1116 2548 colendam
1139 2529 1232 2556 pacem
1254 2529 1316 2548 cum
1335 2521 1471 2556 proximo,
1493 2527 1523 2549 ut
1539 2522 1598 2556 ejus
1622 2529 1705 2548 causa

915 2563 1024 2592 omnem
1042 2556 1142 2592 inicum
1156 2556 1316 2592 patientiam
1337 2556 1531 2592 exhibeamus,
1558 2557 1638 2591 cujus
1654 2557 1706 2591 ipsi

914 2591 997 2618 nobis
1015 2591 1043 2618 in
1058 2590 1170 2618 Christo
1187 2591 1227 2618 rei
1237 2599 1351 2624 sumus;
1375 2599 1512 2619 summam
1524 2590 1652 2624 scilicet,
1665 2590 1707 2618 fut

914 2627 992 2661 quasi
1006 2626 1144 2662 fraudalio
1161 2625 1325 2654 Christiana:
1350 2626 1377 2653 in
1402 2627 1482 2654 nobis
1510 2627 1647 2662 patientia
1659 2627 1705 2658 sit.

915 2669 963 2689 seu
975 2669 1009 2688 ex
1025 2661 1070 2697 illa
1087 2661 1257 2694 subtractio,
1276 2661 1350 2697 quod
1362 2662 1403 2689 sic
1419 2661 1446 2689 in
1476 2661 1552 2689 illum
1569 2663 1706 2697 patientes

915 2704 1021 2732 sumus.
1037 2695 1114 2723 Sicut
1134 2700 1162 2723 et
1178 2695 1316 2723 fraudatio
1332 2697 1421 2724 victus
1445 2698 1535 2725 vidum
1552 2695 1613 2729 fuit,
1633 2697 1705 2732 quod

916 2731 971 2758 duo
987 2731 1092 2767 minuta
1102 2732 1135 2758 ad
1159 2732 1343 2758 necessarium
1358 2740 1438 2760 usum
1469 2733 1604 2767 reposita,
1620 2731 1662 2759 sic
1679 2733 1705 2760 in

914 2766 1140 2802 gazophylacium
1172 2766 1292 2802 miserit;
1325 2775 1380 2794 non
1407 2766 1545 2802 superflua
1578 2767 1704 2800 mittens,

911 2801 1075 2838 utidivi’tes.
1096 2802 1145 2828 sed
1161 2801 1193 2828 ὲκ
1214 2801 1260 2838 τοὺ
1285 2801 1473 2837 ὑστερήματος
1494 2803 1578 2838 αὐτῆς
1605 2803 1706 2838 πάντα,

912 2837 1041 2872 quidquid
1057 2837 1084 2863 in
1104 2845 1208 2864 summa
1228 2837 1278 2864 illa
1294 2842 1408 2874 egestate
1420 2838 1461 2866 illi
1489 2838 1654 2875 suppetebat.
