1916 3076
85 146 154 181 1457

670 153 759 183 ALIA
778 153 830 183 ΕΚ
848 155 968 185 VATIC.
989 157 1134 188 CAPITA.

1650 159 1718 191 1453

121 205 186 240 σλβ¹.
206 205 262 237 Τὰς
291 205 443 241 προσϐολὰς
463 206 488 232 οι
512 205 740 242 ἁποκρουόμενοι,
755 207 785 234 οὐ
804 216 871 242 συγ-

958 209 1020 236 ‘252.
1040 210 1090 243 Qui
1112 212 1303 246 suggestiones
1328 211 1487 247 primosque
1513 217 1603 242 motus
1628 216 1718 250 repel-

82 251 220 286 χωροῦσιν
235 251 341 278 ἔνδοθεν
357 251 406 277 τοῦ
427 251 538 285 λογικοῦ
555 252 718 287 ἀμπελῶνος
735 253 772 285 ὡς
791 254 875 289 θηρία.

82 298 147 328 τοὺς
164 297 313 331 λογισμοὺς
328 296 501 331 εὶσέρχεσθαι
512 316 519 328 ,
534 296 647 324 καὶτῶν
660 298 767 324 ἐκείνου
785 299 814 325 ὲν
829 298 876 325 λύ-

85 351 125 378 μῃ
139 342 317 368 καθίστασθαι
333 351 338 356 ·
354 343 379 368 οὶ
402 342 430 368 δὲ
447 342 639 374 συνδυάζονται
652 342 690 378 (η)
704 344 764 378 μὲν,
783 343 876 376 ἁπλῶς

83 387 112 414 δὲ
131 387 304 423 εἰσ-ἔρχεσθαι
319 388 417 419 αὐτοὺς
433 388 631 424 συγχωροῦσιν,
648 389 686 425 μὴ
698 390 833 417 ἅπτεσθαι
847 390 876 417 δὲ

86 433 200 468 μηδενὸς
215 434 270 460 τῶν
284 433 375 460 αὐτῶν
393 442 399 448 ·
417 434 441 460 οἳ
457 434 505 461 καὶ
527 435 615 469 ἡδέως
634 436 684 470 μὲν
699 436 876 471 συνομιλοῦσι

83 481 142 511 τοῖς
156 479 254 507 πάθεσι
266 480 309 507 διὰ
326 480 382 507 τῶν
402 480 557 516 λογισμῶν,
574 482 614 514 είς
630 482 833 516 συγκατάθεσιν
847 483 876 510 δὲ

87 526 126 561 μὴ
154 527 310 561 ἐρχόμενοι,
326 526 510 562 ὼμοιώθησαν
525 529 582 559 τοῖς
606 528 705 555 ἐάσασι
721 529 766 555 τὸν
784 528 876 564 μονιδν

83 569 191 597 ἔνδοθεν
205 571 254 605 μὲν
263 570 310 597 τοῦ
325 571 455 606 φραγμοῦ
471 571 614 604 εισελθεῖν,
627 573 655 599 ὲν
668 573 742 609 κόρῳ
756 573 784 600 δὲ
796 574 877 602 αὐτὸν

85 615 142 643 τῶν
161 615 207 642 τοῦ
221 616 384 651 ἀμπελῶνος
399 617 527 651 γενέσθαι
545 617 666 654 βοτρύων
684 619 721 654 μὴ
735 620 877 655 συγχωρή-

87 671 167 689 σασιν
181 670 188 676 ·
204 660 263 688 εἶτα
279 659 357 697 εὗρον
371 662 451 689 αὐτὸν
467 663 517 698 τῆς
532 663 637 690 ἑαυτῶν
647 663 790 698 δυνάμεως
803 665 878 699 ἰσχυ-

87 709 209 745 ρότερον,
222 708 247 735 οἱ
261 709 290 734 ἐν
305 708 505 743 συγκαταθέσει
525 709 655 747 πολλάκις
679 709 774 736 παθῶν
799 710 877 746 εὑρι-

86 754 216 789 σκόμενοι
221 773 228 781 .

123 800 191 835 σλγ¹.
210 800 293 828 Οὔπω
308 801 427 836 ἔφθασεν
441 802 480 833 εἰς
497 801 647 836 ἁπλότητα,
664 803 677 828 ὁ
696 801 736 828 ἔτι
749 802 876 837 δεόμενος

86 847 250 882 ἐπιμελείας
276 847 404 883 φραγμοῦ
420 847 467 873 τοῦ
492 848 563 874 κατὰ
581 847 630 882 τὴν
653 847 826 883 ἐγκράτειαν.
847 848 876 875 '0

85 940 176 975 ἔχοντι
190 939 323 974 ἄμπελον,
339 939 355 975 ἢ
371 939 502 974 ἄρουραν,
517 939 548 966 οὐ
561 941 642 974 μέσον
657 939 760 966 πολλῶν
790 939 878 967 ἄλλων

85 985 256 1021 ἀμπελώνων
265 986 312 1012 καὶ
321 985 426 1021 χώρων,
435 985 493 1012 ἀλλ’
501 987 529 1012 ὲν
543 987 629 1022 γωνίᾳ
638 995 699 1013 που·
710 987 756 1013 καὶ
763 986 808 1012 διὰ
818 985 880 1014 τοῦτ

83 1041 118 1059 το
128 1031 247 1067 δεομένῳ
261 1031 362 1066 πολλῆς
370 1031 420 1066 τῆς
432 1031 555 1067 φυλακῆς
572 1032 620 1058 καὶ
633 1032 681 1067 τῆς
697 1032 816 1068 νήψεως.
825 1032 877 1058 Τοῦ

85 1079 142 1114 γὰρ
161 1079 201 1110 εις
222 1078 363 1113 ἁπλότητα
381 1078 547 1112 φθάσαντος.
565 1079 598 1105 ὲκ
619 1078 719 1111 παντὸς
738 1078 879 1112 ἀνέπαφος

84 1126 105 1161 ἡ
117 1124 239 1159 ἄμπελος
254 1123 368 1159 γίνεται,
383 1123 514 1158 βασιλέως
532 1124 658 1161 καθάπερ
674 1124 691 1160 ἡ
704 1133 777 1156 τινος
794 1124 876 1151 ἄλλου

84 1170 376 1207 παραδυναστεύοντος
394 1169 523 1206 φοῦεροῦ,
544 1171 592 1197 καὶ
617 1171 701 1206 μόνης
720 1170 752 1203 ἐξ
780 1169 878 1205 ἀκοῆς,

84 1218 152 1250 τούς
181 1226 211 1244 τε
238 1218 360 1248 κλέπτας
381 1217 428 1244 καὶ
446 1216 595 1252 παροδίτας
618 1217 880 1253 παρασκευάζοντος

86 1264 212 1300 φρίττειν
226 1265 276 1298 τὴν
293 1263 478 1298 ἐπιχείρησιν.

123 1350 189 1378 σλδ⁷.
202 1349 298 1376 Πολλοὶ
314 1348 364 1384 μὲν
391 1349 431 1380 εἰς
449 1348 494 1374 τὴν
514 1348 563 1384 τῆς
589 1350 772 1383 κακοπαθείας
789 1361 872 1380 σταυ-

86 1397 134 1433 ρὸν
144 1395 359 1431 (ο)ὰνέρχονται·
374 1393 459 1427 ὀλίγοι
470 1393 497 1420 δὲ
514 1394 577 1425 τοὺς
591 1394 673 1429 ἥλους
695 1397 778 1423 αὐτοῦ
793 1407 879 1425 κατα-

84 1441 211 1476 δέχονται
227 1448 235 1456 ο
256 1439 452 1474 προαιρετικῆς
470 1439 518 1474 μὲν
534 1440 692 1472 εὐπειθείας
702 1441 790 1469 δοῦλοι
807 1443 880 1470 πολ-

83 1489 128 1516 λοί
147 1495 155 1503 ⁸
172 1486 354 1523 ἀπροαιρέτου
374 1485 402 1512 δὲ
414 1484 558 1521 αἰσχύνης,
579 1486 655 1521 μόνοι
672 1488 697 1514 οἱ
717 1488 748 1515 τὸ
774 1489 878 1524 φιλότι-

86 1543 139 1571 μον
158 1533 361 1564 καταλύσαντες

125 1580 188 1607 σλε¹.
206 1580 314 1610 Πάντας
331 1579 379 1614 μὲν
398 1578 462 1610 τοὺς
475 1578 656 1614 δερματίνοος
674 1580 794 1614 χιτῶνας
808 1581 874 1608 πολ-

83 1627 130 1654 λοὶ
143 1626 310 1658 ἐξεδύσαντο·
319 1624 358 1656 ὡς
368 1623 481 1659 ἔσχατον
490 1624 518 1650 δὲ
531 1624 577 1651 τὸν
586 1625 634 1660 τῆς
648 1625 811 1657 κενοδοξίας.
828 1627 877 1662 μό-

123 1696 147 1712 ⁹³
161 1695 232 1723 Psal.
247 1702 336 1727 Lxxu,
356 1694 399 1721 14.

927 255 997 286 lunt,
1015 257 1197 291 cogitationes
1212 258 1288 285 velut
1301 259 1402 286 bestias
1415 260 1486 286 intra
1502 260 1662 288 rationalem
1677 263 1718 289 vi-

926 309 1006 329 neam
1023 302 1139 338 ingredi,
1152 304 1265 339 ejusque
1279 304 1399 339 diripere
1417 305 1523 332 fruetus
1537 314 1591 333 non
1604 307 1697 334 sinunt
1710 316 1716 334 :

926 348 974 382 qui
994 352 1086 375 autem
1105 352 1235 384 tanquam
1252 349 1363 377 dextras
1377 350 1518 377 societatis
1531 350 1585 378 illis
1599 351 1718 386 jungen-

926 398 978 425 tes,
993 395 1089 422 sinunt
1107 395 1225 430 ingredi,
1238 404 1270 423 ea
1291 396 1424 424 duntaxat
1439 397 1510 432 lege,
1524 405 1560 424 ne
1573 398 1640 432 quid
1655 399 1718 426 inde

928 439 979 467 illa:
996 440 1174 476 contingant;
1190 442 1238 476 qui
1251 446 1280 469 et
1293 442 1413 470 libenter
1426 443 1563 470 versando
1573 444 1717 478 cogitatio-

926 492 986 516 nes,
1004 485 1078 512 vitiis
1093 491 1254 513 assuescant
1274 494 1306 513 ac
1327 486 1485 519 affectibus,
1504 494 1557 514 nec
1574 487 1601 514 iu
1620 495 1718 515 eorum

929 535 1017 557 tamen
1039 539 1204 558 consensum
1225 532 1353 565 veniant;
1375 532 1479 559 similes
1501 532 1556 560 illis
1578 538 1654 566 sunt,
1671 534 1717 568 qui

927 575 1047 604 admisso
1067 577 1138 605 intra
1155 579 1302 606 maceriam
1321 578 1454 613 singulari
1475 578 1534 606 fero
1548 578 1582 610 “,
1600 580 1717 606 saturari

925 630 990 649 eum
1006 622 1093 651 botris
1106 631 1161 651 non
1176 623 1351 659 permittant;
1368 628 1481 660 tumque
1495 624 1534 651 illi
1546 625 1654 652 viribus
1666 625 1718 652 im-

927 677 1018 704 pares,
1041 670 1116 697 vitiis
1131 674 1160 698 et
1180 671 1326 698 affectibus
1339 678 1482 698 assensum
1504 671 1628 706 praebere
1643 671 1719 698 inve-

927 716 1050 743 niantur.

961 803 1023 830 253.
1042 803 1163 831 Necdum
1179 803 1214 830 ad
1229 803 1433 839 simplicitatem
1451 802 1549 834 evasit,
1564 802 1611 837 qui
1629 802 1720 829 adhuc

893 883 913 910 Β
928 850 1053 877 maceriae
1078 857 1146 877 cura
1172 849 1286 884 indiget.
1305 857 1366 884 quae
1387 853 1430 876 est
1451 848 1632 876 continentia.
1651 848 1719 875 Nam

930 895 975 910 nu:
990 895 1129 910 ενι-ιε’..ηοηη
1151 899 1190 910 na.
1219 895 1305 910 :I-n-I:I
1335 895 1357 910 ιι.
1372 903 1426 910 ειη..
1444 895 1587 910 anuli-"uu-
1603 893 1642 910 ηέιη
1671 895 1716 910 Em

83 894 189 925 τέλειος
210 893 275 928 γὰρ,
291 894 384 929 φησὶν,
403 894 454 920 οὐκ
470 893 677 929 ὲγκρα·ι;εύε;ται⁴
693 894 764 921 ἔοικε
783 893 811 920 δέ.
824 903 877 921 τινι

929 895 976 930 qui
990 895 1131 930 perfectus
1150 899 1203 928 est,
1219 895 1318 930 inquit,
1335 895 1358 922 is
1372 903 1427 922 non
1443 895 1589 922 continens
1603 893 1656 922 cSt.
1671 895 1719 921 Est

929 948 995 967 vero
1011 940 1109 968 similis
1121 940 1232 967 habenti
1247 941 1355 967 vineam
1370 948 1418 968 seu
1431 948 1537 976 agrum,
1550 949 1605 967 non
1618 940 1644 967 in
1660 948 1718 967 me-

929 986 976 1014 dio
989 986 1106 1013 aliorum
1124 986 1256 1021 plurium,
1273 987 1319 1014 sed
1336 986 1430 1021 procul
1447 986 1475 1013 in
1490 986 1604 1021 angulo;
1617 986 1720 1020 quique

929 1032 998 1060 adeo
1013 1033 1098 1060 multa
1119 1032 1260 1067 diligentia
1282 1032 1464 1067 pervigilique
1481 1039 1547 1058 cura
1571 1031 1604 1058 ad
1625 1035 1720 1058 custo-

928 1078 1001 1106 diam
1024 1086 1094 1112 opus
1116 1078 1226 1105 habeat.
1254 1078 1320 1113 Ejus
1345 1078 1418 1105 enim
1442 1077 1490 1113 qui
1514 1077 1719 1112 simplicitatem

928 1129 1026 1151 nactus
1048 1129 1105 1154 est,
1123 1124 1213 1156 vinea,
1235 1123 1417 1159 undequaque
1442 1123 1581 1150 inaccessa
1604 1130 1637 1150 ac
1662 1127 1720 1149 tuta

927 1175 986 1203 est;
996 1170 1072 1197 velut
1080 1170 1186 1197 scilicet
1196 1169 1268 1205 regis
1284 1174 1333 1197 aut
1344 1169 1486 1205 cujusdam
1499 1169 1612 1196 alterius
1620 1169 1718 1195 sunnni

929 1215 1063 1250 principis
1075 1215 1266 1247 formidabilis,
1279 1215 1383 1250 quique
1395 1223 1429 1241 ex
1450 1215 1510 1249 ipso
1532 1214 1627 1241 auditu
1650 1213 1719 1240 furi-

929 1262 981 1289 bus
993 1269 1026 1290 ae
1037 1261 1190 1288 viatoribus
1207 1265 1341 1288 terrorem
1357 1261 1471 1296 injiciat,
1487 1267 1522 1288 ne
1534 1260 1600 1295 quid
1614 1260 1642 1287 in
1658 1267 1722 1287 eam

929 1311 1032 1334 temere
1047 1307 1206 1334 moliantur.

964 1353 1026 1381 254.
1041 1353 1117 1380 Multi
1132 1357 1197 1380 sunt
1208 1353 1256 1387 qui
1269 1351 1452 1380 afllietationis
1462 1359 1573 1378 erucem
1587 1358 1720 1378 conscen-

928 1398 1012 1430 dant;
1028 1397 1108 1433 pauci
1127 1405 1193 1425 vero
1209 1397 1257 1432 qui
1272 1399 1333 1433 ejus
1354 1398 1446 1424 clavos
1460 1396 1608 1424 admittant
1621 1405 1627 1423 :
1640 1395 1719 1422 multi

928 1445 976 1479 qui
989 1448 1146 1479 spontanea:
1159 1443 1324 1471 obedientiae
1337 1443 1410 1471 servi
1426 1443 1571 1475 exsistant,
1590 1442 1720 1469 iuvoluu-

928 1490 1004 1517 taria:
1023 1494 1114 1517 autem
1130 1489 1300 1522 confusionis
1315 1497 1346 1516 ac
1361 1489 1466 1524 probri,
1485 1489 1504 1515 ii
1516 1489 1658 1519 duntaxat.
1672 1488 1719 1523 qui

927 1534 1067 1562 ambitiosi
1087 1533 1172 1561 animi
1188 1533 1317 1561 aﬂ‘ectum
1334 1533 1479 1560 eliserunt.

963 1581 1026 1608 255.
1042 1580 1119 1607 Multi
1133 1579 1245 1614 quidem
1262 1580 1393 1614 pelliceas
1404 1587 1500 1606 omnes
1516 1579 1624 1606 tunicas
1635 1585 1720 1605 exue-

932 1632 1010 1660 runt;
1035 1630 1163 1662 tanquam
1187 1630 1337 1654 extremam
1356 1634 1422 1654 vero
1448 1626 1539 1654 inanis
1559 1625 1662 1661 gloriae,
1681 1624 1722 1653 illi

84 1753 232 1790 ἀπάθειαν,
245 1757 274 1790 et
297 1760 367 1787 quos
383 1756 463 1790 vocat
475 1752 629 1790 ἡδμπαθεῖς·
644 1755 690 1788 qui
711 1759 739 1781 et
761 1755 869 1790 jacten—

930 1757 1076 1790 iabentque
1093 1755 1230 1790 Polyglot.
1247 1754 1299 1782 Alii
1309 1755 1498 1790 communitis,
1511 1755 1598 1781 bt’stiw
1610 1754 1718 1784 deserti.

86 1795 135 1818 tur
162 1788 335 1822 ἐπιθυμίαις,
362 1787 566 1822 cupiditatibus,
594 1787 740 1816 desideriis.
762 1787 869 1818 'Portus

85 1825 174 1855 enim,
188 1824 215 1850 in
229 1831 285 1858 quo
299 1828 357 1850 tuta
371 1823 406 1849 sit
417 1831 448 1850 ac
464 1823 613 1858 tranquilla
628 1824 720 1856 statio,
737 1824 872 1855 ἀπαθείας

87 1860 177 1895 magis
186 1859 324 1895 videatur,
341 1858 369 1884 in
380 1865 433 1895 qua
446 1866 500 1885 non
517 1858 553 1895 sit
565 1859 641 1895 _ullis
654 1859 754 1894 jactari
779 1860 873 1887 filicti-

86 1893 152 1927 bus,
169 1893 340 1923 σαλεύεσθαι,
363 1893 411 1928 sed
432 1901 497 1927 pace
518 1893 572 1920 frui
591 1902 622 1920 ac
642 1895 798 1928 quiescere.
815 1895 874 1922 Nisi

86 1931 161 1958 forte
178 1929 230 1956 hoc
242 1929 301 1955 vult
314 1928 457 1960 Maximus,
478 1935 587 1955 omnem
603 1933 725 1956 nostram
740 1929 786 1957 hic
802 1930 875 1956 ἀπά-

86 1966 176 1996 θειαν,
194 1964 424 1998 temperationem
441 1963 588 1997 quamdam
606 1971 666 1991 esse
683 1964 832 1992 affectuum
848 1969 877 1992 et

89 1999 310 2035 μετριοπάθειαν⁸
330 2006 447 2033 quorum
467 2003 558 2026 motus
566 2007 622 2035 nec
635 1999 763 2034 perfectis
775 2001 875 2033 desint,

88 2034 324 2069 illisquejactari.
338 2041 401 2060 cum
419 2038 510 2061 tamen
524 2042 552 2061 se
565 2034 619 2061 illis
637 2035 739 2062 abduci
759 2035 875 2062 minime

87 2071 199 2102 sinaut,
213 2070 323 2103 sintque
335 2069 409 2095 velut
423 2069 499 2096 navis
512 2069 569 2103 ipsa
583 2069 610 2096 in
632 2070 752 2097 anchora
766 2071 876 2097 σαλευο-

89 2106 172 2140 μένη,
196 2110 254 2131 tum
269 2103 351 2140 etiam
363 2111 425 2131 cum
448 2108 560 2140 portum
579 2104 690 2132 videtur
712 2110 824 2132 tenere:
846 2109 876 2133 ut

87 2149 142 2168 nec
157 2146 222 2168 tunc
233 2147 314 2176 omne
328 2139 402 2166 absit
424 2139 597 2176 periculum,
615 2141 664 2176 sed
682 2148 793 2176 semper
807 2141 874 2176 vigi-

86 2176 146 2203 lare
161 2183 275 2202 necesse
286 2174 332 2206 sit,
347 2181 463 2208 esseque
476 2182 542 2202 cura
559 2175 721 2203 sollicitum.

127 2210 166 2244 (η)
192 2212 223 2237 οὶ
240 2209 274 2246 δὲ
297 2209 529 2246 συνδυάζολνταιτ
541 2210 641 2246 Addidi
655 2211 819 2246 particulam
833 2211 872 2243 δὲ,

86 2250 117 2274 et
129 2245 309 2280 sequentibus
323 2245 425 2271 mutavi
444 2244 472 2271 in
484 2245 530 2271 καί
544 2253 550 2260 ·
573 2246 598 2271 οἰ
620 2244 751 2279 δὲ’ἡδὲως
765 2254 771 2261 ·
785 2247 809 2272 οἱ
826 2247 874 2273 καὶ

86 2279 184 2316 ἡδέως·
213 2280 285 2315 quod
301 2284 395 2314 aperte
413 2284 469 2307 tota
483 2279 537 2306 loci
553 2284 695 2308 structura
719 2281 758 2308 ita
772 2281 875 2316 exigat,

86 2317 185 2350 sicque
200 2316 291 2343 omnia
306 2316 386 2348 plana
402 2319 466 2342 sunt
493 2320 521 2341 et
545 2316 694 2350 expedita:
715 2321 780 2344 sunt
801 2317 876 2344 enim

86 2351 150 2379 [nec
164 2351 220 2378 duo
246 2350 367 2378 membra
382 2358 439 2386 iper
459 2351 589 2386 majorem
602 2351 817 2386 explicationem
830 2359 877 2379 se-

85 2386 214 2421 quentia.
234 2386 320 2413 l’Orro
350 2385 530 2421 saluberrima
554 2385 681 2413 doctrina
701 2386 769 2418 hzec,
798 2387 874 2414 serio

86 2420 212 2450 cavenda
226 2420 303 2448 initia
316 2429 324 2452 ;
344 2420 475 2454 paulatim
486 2421 588 2447 malum
603 2429 761 2456 augescere,
772 2429 805 2449 ac
817 2427 876 2449 tan-

85 2457 154 2484 dem
171 2455 444 2492 lieririnsuperabile;
466 2456 622 2492 scitumque
644 2455 805 2492 exemplum
821 2461 875 2484 est.

84 2492 136 2518 τοῦ
152 2491 244 2526 μονιοῦ
265 2490 534 2527 ᾁγρίουκξὶηθιιιιινὶε
548 2491 609 2526 feri,
629 2491 655 2518 id
667 2490 811 2527 est,apri;
825 2493 876 2527 qui

85 2530 118 2555 et
141 2527 222 2554 nobis
233 2526 297 2554 inde
309 2526 428 2561 snnglier
448 2526 568 2554 dicitur:
585 2534 685 2560 porcus
708 2526 815 2555 scilicet
828 2526 876 2555 sil-

83 2566 183 2590 vester
192 2567 221 2590 et
243 2561 396 2598 solitarius;
415 2569 497 2596 quem
515 2565 607 2598 tenera
633 2566 713 2598 (etate
741 2563 875 2598 tantisper

84 2597 237 2630 cohibeas;
259 2596 382 2624 adultum
400 2604 475 2628 vero,
489 2596 555 2631 quin
577 2597 685 2624 vineam
698 2596 873 2631 demoliat'ur,

88 2633 161 2660 intra
176 2640 257 2667 quem
274 2631 428 2663 admiseris,
447 2632 522 2658 nulla
550 2631 685 2659 industria
701 2640 876 2667 compescere

86 2668 192 2695 valeas.
208 2667 253 2694 Sic
275 2671 366 2693 autem
379 2667 448 2701 psal.
464 2675 552 2699 uxrx,
573 2667 615 2699 lt,
634 2668 706 2694 idem
721 2668 823 2695 animal
837 2668 874 2695 si-

107 2702 213 2729 nilicari
242 2709 356 2736 utraque
377 2702 506 2729 versiculi
536 2707 623 2737 parte,
641 2711 757 2737 esseque
784 2704 874 2737 μονιὺν

107 2712 213 2729 niucari
242 2712 356 2736 utraque
377 2712 506 2729 versieuu
536 2712 623 2737 parte,
641 2712 757 2737 esseque
784 2712 874 2737 μονιον

86 2712 185 2771 ἔγγαιον
200 2738 246 2772 qui
261 2738 309 2769 σῦς
325 2739 356 2764 ἐκ
372 2737 474 2772 δρυμοῦ
487 2738 581 2764 multis
595 2738 744 2765 ostendere
758 2743 875 2766 conatur

88 2773 219 2800 Bochart.
231 2773 280 2800 lib.
294 2780 332 2803 In,
349 2780 408 2806 cap.
422 2773 467 2804 29,
481 2777 499 2800 t.
515 2773 523 2800 1
542 2773 639 2800 llistar.
660 2773 818 2800 animalium
829 2782 874 2801 εα-

86 2816 141 2835 cm:
156 2806 310 2843 Scriptum.
327 2808 372 2835 Sic
385 2813 459 2836 certe
475 2809 498 2834 οἱ
516 2808 587 2835 LXX
604 2816 747 2843 accepere,
758 2809 794 2836 ita
808 2809 873 2836 red-

87 2843 192 2875 dendo,
211 2843 262 2870 etsi
271 2842 389 2878 Cyrillus
405 2843 464 2869 ὅνον
495 2844 591 2878 ἄγριον
616 2842 708 2873 habet.
730 2844 770 2871 uti
790 2845 873 2871 etiam

87 2877 197 2905 monuit
207 2878 345 2914 llesyclii..
354 2886 408 2914 quo
419 2879 501 2907 etiam
511 2879 591 2906 modo
601 2878 721 2906 reddidit
728 2879 871 2914 Arabieus,

922 1792 961 1817 uti
977 1789 1059 1818 etiam
1071 1790 1146 1825 Sylu.
1164 1794 1193 1816 ut
1210 1789 1245 1815 sit
1258 1789 1352 1823 potius
1374 1790 1656 1825 geliericulniionieii
1677 1789 1718 1820 τὸ,

924 1831 962 1854 ππ
984 1824 1143 1860 significans
1160 1824 1294 1860 bestiam,
1310 1832 1392 1858 quam
1418 1829 1499 1852 certae
1517 1824 1636 1859 alicujus
1659 1830 1721 1860 spe-

926 1861 987 1888 eiei.
1011 1858 1117 1887 VChald.
1148 1858 1242 1887 Gallus
1261 1859 1390 1886 silvester.
1416 1860 1447 1887 R.
1465 1860 1561 1890 David,
1590 1859 1658 1893 fern,
1685 1859 1718 1885 lt.

928 1895 1031 1934 S_a_lom.
1048 1894 1262 1934 reptile:_Abeii._
1281 1895 1359 1926 Esra,
1376 1903 1448 1934 ages,
1469 1894 1605 1934 polutilia.
1625 1894 1719 1934 _Longe

929 1931 1010 1958 aliter
1043 1931 1068 1956 οἱ
1094 1929 1174 1961 LXX,
1206 1929 1274 1964 psal.
1297 1937 1368 1965 uix,
1395 1930 1440 1963 ll,
1465 1930 1599 1965 ώραιότης
1620 1929 1717 1965 ἀγροῦ,

929 1966 1027 2001 species
1042 1966 1120 2000 agri;
1141 1973 1203 1992 cum
1221 1964 1277 2001 sint
1299 1964 1402 1992 ewdem
1420 1964 1503 1993 voces
1523 1965 1674 2001 Hebraicge,
1691 1971 1720 1992 et

930 1999 1018 2027 series
1033 1999 1125 2028 omnis
1153 2000 1187 2027 de
1204 2000 1302 2027 bestiis
1317 2002 1343 2026 in
1359 2008 1461 2035 genere
1480 2008 1529 2028 seu
1553 1999 1720 2027 animalibus

930 2036 1114 2068 silvestribus,
1132 2040 1227 2070 poscat
1239 2035 1350 2070 exponi.
1378 2035 1440 2063 Haec
1455 2043 1522 2063 vero
1538 2035 1632 2062 dicere
1657 2042 1721 2069 spe-

931 2071 1003 2098 ciem
1017 2079 1066 2098 seu
1079 2076 1208 2098 ornatum
1222 2071 1290 2105 agri,
1305 2078 1352 2097 seu
1366 2071 1479 2103 deserti,
1492 2070 1520 2098 id
1536 2070 1615 2097 valde
1629 2078 1719 2096 remo-

930 2110 1000 2136 tum.
1022 2114 1054 2133 ac
1079 2106 1160 2141 plane
1187 2105 1358 2140 mliigmatice
1385 2106 1490 2133 dictum
1508 2105 1595 2133 videri
1619 2105 1717 2140 possit.

929 2141 1024 2168 Schol.
1049 2149 1082 2168 ex
1102 2142 1176 2176 Sym.
1190 2141 1261 2176 psal.
1278 2141 1325 2167 illo
1341 2149 1428 2174 Lxxtx,
1444 2142 1501 2174 ζῶα
1521 2141 1649 2176 ἐρημίας,
1662 2148 1717 2176 non

928 2176 1000 2204 bene
1024 2175 1145 2204 refertur
1168 2175 1197 2203 in
1211 2176 1287 2212 Syxt.
1316 2175 1349 2212 ad
1368 2184 1461 2204 vocem
1481 2175 1541 2208 σῦς
1555 2175 1587 2202 ἐκ
1601 2175 1716 2211 δρυμοῦ,

949 2220 982 2238 ua
1001 2216 1076 2239 certa
1102 2211 1210 2246 species
1231 2211 1359 2238 animalis
1384 2212 1411 2239 in
1438 2212 1533 2240 Graeco
1560 2212 1665 2246 pariter
1685 2219 1719 2239 ac

928 2246 1012 2274 Hebr.
1030 2247 1188 2279 denotatur,
1206 2246 1266 2282 ipsa
1282 2246 1444 2280 notissima;
1462 2248 1509 2275 sed
1531 2247 1565 2275 ad
1589 2250 1715 2282 scquent.

930 2283 1020 2316 μονιὸς
1044 2283 1149 2316 ἄγριος,
1166 2282 1210 2309 cui
1229 2282 1380 2316 respondet
1397 2283 1422 2309 in
1445 2283 1530 2310 llebr.
1546 2291 1598 2309 vox
1616 2283 1661 2309 illa
1678 2282 1718 2308 sic

928 2317 990 2353 latae
1004 2317 1225 2353 signiﬁcationis.
1239 2321 1267 2344 ct
1282 2325 1343 2353 qum
1354 2325 1435 2344 omne
1449 2318 1551 2345 animal
1563 2318 1715 2353 significet;

927 2352 1055 2387 idemque
1072 2352 1152 2387 sitrac
1163 2352 1265 2380 Graecis
1281 2352 1429 2379 κνώδαλον.

964 2387 1000 2423 (ο)
1016 2388 1070 2414 Τὸν
1083 2386 1138 2420 τῆς
1152 2387 1355 2423 κακοπαίζείας
1379 2387 1521 2420 σταυρόν.
1538 2388 1594 2414 Vox
1614 2387 1714 2422 passim

929 2423 1076 2457 Theologis
1092 2427 1203 2456 recepta
1219 2430 1269 2457 pro
1284 2422 1377 2450 labore
1400 2427 1498 2485 sponte
1522 2427 1666 2464 assumpto
1688 2428 1717 2450 et

929 2458 1020 2485 carnis
1033 2457 1229 2485 allliclatione:
1243 2458 1270 2484 in
1288 2465 1343 2485 uuo
1366 2466 1411 2484 mu
1426 2458 1444 2484 ti
1462 2466 1532 2485 uene
1555 2458 1640 2485 avidi.
1653 2466 1715 2485 cum

928 2458 1020 2485 carnis
1033 2457 1229 2491 allliclatione;
1243 2458 1270 2484 in
1288 2465 1343 2492 quo
1366 2457 1444 2485 multi
1462 2466 1532 2493 pene
1555 2457 1640 2490 avidi,
1653 2466 1715 2485 cum

928 2494 956 2520 in
974 2492 1105 2520 immissis
1120 2500 1135 2519 a
1151 2494 1205 2520 Deo
1222 2493 1311 2524 malis.
1328 2501 1398 2527 aegre
1415 2492 1574 2527 patientiam
1591 2497 1714 2526 teneant;

927 2529 1011 2564 idque
1027 2528 1164 2564 Maximus
1180 2533 1276 2562 argute
1303 2532 1382 2555 vocat
1406 2529 1591 2559 κακοπαθείας
1608 2529 1715 2561 clavos;

927 2563 974 2598 qui
991 2563 1107 2593 scilicet.
1123 2563 1241 2590 velimus
1260 2563 1389 2595 nolimus,
1403 2571 1435 2590 ac
1457 2564 1595 2590 exteriore
1606 2568 1714 2598 agente,

927 2599 1003 2626 cruci
1017 2598 1138 2633 alligunt.
1165 2599 1268 2625 llorum
1286 2599 1431 2625 tolerantia
1453 2599 1586 2634 probatur
1607 2599 1714 2630 virtus;

927 2634 1084 2668 frustraque
1110 2634 1169 2668 ejus
1196 2634 1306 2661 nomine
1331 2641 1393 2668 quis
1411 2633 1545 2669 gloriatur
1557 2634 1634 2665 ἐκτὸς
1657 2633 1713 2659 θλί-

925 2669 1008 2703 ψεως,
1037 2669 1087 2695 nisi
1103 2677 1252 2695 wrummzm
1275 2669 1401 2704 malaque
1421 2678 1535 2703 passus;
1560 2670 1599 2696 uti
1620 2673 1735 2696 auctor'

926 2710 968 2745 est
984 2703 1270 2745 Marcus‘ei‘eiuitanDe
1295 2703 1454 2745 legiz'spi'rit.
1476 2712 1500 2731 c.
1526 2705 1571 2737 66,
1588 2704 1635 2745 ubi
1649 2705 1716 2745 ‘jalll

925 2739 1043 2769 dixerat.
1055 2747 1080 2765 ο.
1094 2739 1138 2775 56,
1156 2738 1443 2775 σύμϐασινὸδυνηράν,
1459 2749 1551 2766 casum
1563 2739 1715 2775 "infestum.

925 2775 973 2802 Dei
993 2774 1152 2801 memoriam
1180 2775 1318 2808 pra-bere;
1336 2774 1429 2807 01⁷57,
1453 2783 1563 2802 omnem
1590 2774 1716 2801 ἀκούσω)

925 2811 1016 2846 πόνον.
1044 2809 1095 2846 Ubi
1121 2809 1310 2845 abstergenda:
1327 2810 1428 2846 Obsop.
1447 2810 1557 2842 sordes,
1572 2809 1594 2837 si
1619 2809 1715 2838 charta

926 2845 1020 2874 ferret.
1036 2849 1063 2872 et
1078 2845 1165 2872 locus.
