1916 3076
206 115 286 176 μεθ’

778 142 807 171 S.
828 142 971 172 MAXIM!
991 141 1248 174 CONFESSORIS

1767 141 1835 176 1460

201 199 346 228 duntaxat,
359 197 407 231 qui
429 195 489 230 eius
512 195 586 222 velut
603 199 745 230 parentem
761 195 845 222 animi
862 195 915 223 sibi
935 195 987 231 pia-

1057 204 1093 222 ιον
1116 197 1140 222 ot
1168 195 1277 232 μητέρα
1304 195 1390 231 αὐτῆς
1409 194 1459 231 τὴν
1490 195 1694 232 αὐταρέσκειαν
1709 197 1834 233 penua-

201 243 290 271 oentis
303 241 399 269 vilium
414 247 445 268 ac
459 239 547 267 labem
559 240 692 267 exsecrati
707 245 780 267 sunt.

236 288 299 316 256.
313 288 365 321 Qui
388 286 487 322 probat
503 286 625 321 quidem,
642 290 669 313 at
691 294 746 313 non
772 280 883 322 recipit;
897 287 996 314 huma-

201 343 264 362 nam
281 334 400 366 laudem,
417 337 444 360 et
460 337 491 359 ut
510 339 610 367 corpus
628 332 724 359 mitius
739 332 855 365 habeat;
873 333 928 365 hic,
945 340 994 360 cx-

203 387 289 409 trema
300 380 391 407 inanis
401 379 494 415 gloria:
507 379 627 406 nudatus
642 379 744 411 tunica,
760 379 909 406 habitaculi
921 382 994 414 quod

200 428 235 455 de
257 427 326 455 cutio
340 431 393 459 est,
412 433 444 453 ac
461 425 534 460 quod
560 426 645 453 multa
659 425 811 461 gemituum
834 425 859 451 vi
878 425 996 460 inquiri-

201 480 273 506 mus,
290 472 454 505 claritatem,
471 471 535 498 inde
546 472 602 507 jam
610 471 719 498 ‘mcruit
731 471 847 498 induere
862 471 895 497 ".

233 562 295 589 257.
311 561 392 589 Aliud
415 566 456 590 est
477 562 560 593 actio,
583 561 657 589 aliud
682 561 797 588 eﬂ‘ectus
817 565 845 589 et
860 561 933 596 quod
950 561 994 588 illa

199 608 298 643 agitur.
322 608 362 636 Ac
383 608 495 643 quidem
520 608 656 640 alterum,
680 607 863 635 consummati
889 608 993 643 peccati

200 654 355 689 subjectum
379 659 439 687 est;
464 655 581 682 alterum
599 662 675 686 vero,
695 653 845 688 voluptatis
862 653 995 681 duntaxat

199 707 232 726 ac
246 699 380 730 libidinis,
393 700 467 726 intus
484 699 577 726 animo
591 699 719 734 vigentis,
735 707 789 726 non
811 703 902 726 tamen
915 695 993 727 ene;

198 744 257 770 rius
270 743 428 778 productm:
442 743 518 771 velut
532 744 662 771 nimirum
679 744 726 778 qui
741 752 795 771 non
807 744 896 779 patria
910 751 993 771 exsu-

198 788 267 821 lant,
286 788 389 824 quique
405 788 586 816 nihilominus
602 789 685 824 670
697 797 758 824 quae
780 797 815 816 ex
836 789 994 817 dominato-

198 843 260 862 rum
273 839 338 862 voto
352 835 408 862 sint
425 835 533 870 illisque
548 835 692 870 imperata,
708 835 812 862 tributo
824 835 956 870 pendant.

232 881 296 908 238.
313 881 381 909 Cum
397 887 494 916 gustus
514 881 585 909 inter
599 881 753 916 voluptates
772 882 875 916 primas
891 886 993 916 teneat,

199 926 259 954 ﬁeri
273 935 325 955 non
339 932 431 963 potest
445 928 512 963 quin
524 935 622 955 omnes
634 935 732 956 sensus
745 937 798 956 una
810 929 995 964 obsequentes

198 973 299 1006 trahat,
316 974 423 1002 tametsi
441 974 469 1001 in
491 974 532 1002 eis
551 974 598 1008 qui
615 973 774 1009 frigidiores
796 979 861 1002 sunt
882 975 910 1002 in
927 982 994 1010 pace

197 1019 332 1047 contineri
364 1027 481 1048 venerea
506 1020 653 1053 videntur,
678 1020 832 1056 cujusmodi
857 1021 994 1049 exsistunt

197 1065 293 1098 vetuli,
309 1066 355 1100 qui
375 1065 533 1093 incendium
556 1073 590 1094 ex
617 1066 679 1101 igne
703 1074 758 1093 non
784 1066 916 1094 sentiant.
932 1067 994 1094 Non

198 1116 288 1139 tamen
307 1111 435 1147 gignendi
451 1111 575 1146 partibus
592 1117 666 1139 casta
680 1112 862 1139 aestimabitur
878 1112 991 1146 sterilis,

197 1165 259 1192 quae
273 1158 439 1186 adulterium
460 1158 553 1186 faciat.
568 1158 681 1186 Castum
700 1166 766 1186 vero
783 1158 899 1187 dixerim
918 1159 995 1194 quis-

196 1204 258 1239 quis
274 1212 328 1231 non
346 1204 509 1237 fornicetur,
521 1212 573 1232 nec
581 1204 718 1239 impudice
731 1205 819 1232 oculis
829 1204 992 1232 oblectetur.

185 1249 197 1260 '
230 1250 293 1278 239.
312 1250 342 1277 In
365 1250 435 1278 cibis
451 1250 604 1285 formisque
630 1258 662 1278 ac
686 1251 818 1282 vocibus,
843 1251 929 1279 animi
951 1252 993 1279 vis

196 1295 416 1330 concupiscentis
426 1296 593 1330 exploratur,
606 1303 730 1331 quasnam
749 1296 799 1330 sit;
814 1301 872 1324 tum
887 1297 993 1325 scilicet

195 1341 305 1368 volendi
325 1345 382 1368 tum
400 1341 549 1376 respuendi
566 1341 784 1377 appetitionibus
807 1342 834 1370 in
851 1347 930 1378 gustu
949 1343 991 1370 vi-

195 1395 284 1422 suque
307 1392 334 1414 et
354 1387 467 1421 auditu;
492 1395 557 1414 num
575 1388 650 1415 velut
668 1395 729 1422 quze
756 1389 810 1416 illis
827 1393 932 1422 utatur,
956 1397 991 1417 an

194 1433 271 1461 velut
291 1441 352 1469 qum
378 1433 519 1466 abutatur,
537 1434 580 1461 vel
607 1441 668 1468 qua:
694 1433 787 1462 medio
811 1435 893 1462 modo
917 1435 991 1463 inter

195 1481 343 1512 utrumque
361 1485 389 1504 se
403 1477 508 1506 habens
526 1478 694 1506 inveniatur.

230 1523 292 1550 240.
311 1523 340 1550 ln
358 1523 460 1558 quibus
483 1531 537 1551 non
556 1525 634 1559 praeit
659 1525 751 1556 timor,
768 1525 852 1553 animi
871 1527 990 1555 rationes
1003 1544 1024 1573 ε

193 1576 226 1595 ac
241 1568 420 1603 cogitationes
433 1568 460 1596 in
474 1569 635 1597 confusione
656 1571 841 1604 invenientur,
859 1577 988 1608 tanquam

194 1621 260 1641 oves
271 1622 325 1641 non
339 1614 472 1642 habentes
487 1619 625 1650 pastorem
641 1616 664 1632 ’⁵
677 1625 684 1642 :
698 1616 795 1644 ordine
808 1622 899 1645 autem
915 1626 989 1646 eom-

195 1660 291 1694 pnsita:
318 1660 445 1696 intraque
475 1662 580 1689 caulam
605 1662 727 1690 collecta:
755 1667 830 1690 recte
857 1664 987 1699 pascendi

195 1706 311 1739 ratione,
329 1707 375 1733 illo
396 1707 496 1735 comite
517 1713 564 1735 aut
582 1713 733 1743 praeeunte.

227 1751 291 1779 241.
316 1751 391 1780 Fidei
414 1753 515 1787 proles,
535 1753 619 1780 timor
635 1759 692 1787 est;
713 1755 735 1782 is
752 1763 828 1787 vero,
847 1756 988 1784 mandato-

194 1806 255 1825 rum
271 1803 372 1833 pastor.
388 1798 434 1831 Ac,
451 1799 498 1834 qui
514 1800 575 1835 ejus
590 1805 732 1835 parentem
749 1806 845 1828 nactus
858 1810 912 1829 non
930 1803 989 1830 fue-

193 1844 239 1875 rit,
258 1844 331 1871 haud
346 1845 446 1881 digitus
459 1846 599 1874 videbitur
619 1846 667 1881 qui
685 1847 793 1874 Domini
807 1855 915 1883 pascuae
929 1848 989 1876 ovis

193 1890 365 1918 admittatur.

227 1936 289 1962 ΞΗ..
303 1936 355 1963 Alii
368 1937 479 1972 quidem
492 1937 548 1965 sola
561 1938 665 1966 habent
680 1939 815 1968 bonorum
832 1940 926 1973 initia;
941 1940 988 1968 alii

193 1989 259 2008 vero
277 1982 359 2009 etiam
381 1983 480 2010 horum
499 1984 605 2017 media;
629 1985 675 2012 alii
689 1986 809 2021 denique
823 1987 906 2014 etiam
929 1986 989 2013 illo-

194 2035 254 2053 rum
274 2027 357 2060 fines;
376 2028 423 2063 qui
445 2029 467 2056 si
483 2029 583 2063 desint,
603 2031 679 2058 velut
701 2032 816 2067 simplex
840 2033 919 2060 miles
941 2038 989 2060 aut

193 2073 369 2107 honorarius,
382 2075 499 2110 quisque
518 2076 684 2112 invenietur,
698 2079 987 2114 eongiariojustisquc

193 2118 339 2152 stipendiis
361 2118 474 2148 minime
497 2121 626 2150 donatus.
651 2123 776 2160 llincque
793 2124 863 2152 adeo
885 2128 937 2157 est,
958 2130 989 2152 ut

192 2167 263 2194 alius
283 2168 395 2202 quidem
417 2177 480 2197 suas
505 2170 638 2198 duntaxat
661 2172 744 2206 aedes,
770 2180 871 2207 easque
887 2180 958 2208 πει-ε
973 2180 989 2200 a

1011 870 1033 899 B

1049 250 1135 275 μενοι.

1084 290 1156 320 σλς,
1179 287 1311 315 Ἐπαινον
1328 287 1480 324 ἀνθρώπιον
1495 288 1542 315 καὶ
1557 287 1651 315 ἄνεσιν
1664 288 1808 324 σώματος,
1822 289 1835 315 6

1046 334 1246 369 ἀποδεχόμενος
1272 334 1331 370 μὲν,
1350 335 1380 361 οὗ
1400 335 1615 369 καταδεχόμενος
1633 331 1680 366 δὲ,¹
1692 333 1773 366 οὗτος
1793 335 1836 362 τοῦ

1047 381 1161 417 ἐσχάτου
1169 381 1217 415 τῆς
1229 381 1381 414 κενοδοξίας
1399 381 1512 416 χιτῶνος
1527 380 1630 415 γυμνὸς
1647 380 1780 414 γεγονὼς,
1794 380 1836 407 τοῦ

1046 427 1075 453 ὲν
1106 426 1214 457 πολλοῖς
1244 427 1405 462 στεναγμοῖς
1436 425 1650 461 ἑπιζητουμένου
1678 426 1836 461 οίκητηρίου

1045 472 1093 499 τοῦ
1112 472 1140 505 ὲξ
1163 471 1278 508 οὐρανοῦ
1294 472 1343 508 τὴν
1353 472 1520 508 φαιδρότητα
1536 473 1583 499 ἀπ’
1598 471 1725 498 ἐντεῦθεν
1736 472 1836 507 ﬁqu

1046 518 1218 546 ἐνδύσασθαι,
1609 548 1613 551 _

1085 563 1152 597 σλςῖ.
1172 565 1253 592 Ἀλλο
1269 564 1407 600 ἐνέργεια,
1425 564 1472 591 καὶ
1494 563 1557 590 ἄλλο
1572 563 1726 599 ἐνέργημα.
1741 563 1795 590 Καὶ
1808 562 1838 589 th

1047 610 1107 646 μὲν,
1125 610 1266 646 ἁμαρτίας
1279 610 1489 645 ἀπηρτισμένης
1502 609 1562 636 ἐστὶ
1578 609 1717 636 δεικτικόν
1731 617 1739 623 ·
1755 609 1786 635 τὸ
1797 609 1835 640 δὲ,

1045 656 1214 692 ἡδυπαθείας
1243 655 1327 692 μόνης
1350 654 1400 690 τῆς
1423 653 1530 682 ἔνδοθέν
1555 655 1767 690 ὲνηργημένης,
1781 654 1838 681 ἀλλ’

1045 702 1096 729 οὐκ
1110 702 1200 734 ἐκτός.
1222 702 1266 734 Ὧς
1280 701 1305 728 οἱ
1327 701 1375 736 τῆς
1398 701 1468 732 ιδίας
1488 700 1537 736 μὲν
1555 700 1592 736 μὴ
1609 699 1837 735 κατακινούμενοι

1045 749 1107 783 γῆς,
1121 746 1357 783 δασμοφοροῦντες
1372 746 1401 773 δὲ
1416 746 1490 781 ὅμως
1505 747 1561 778 τοῖς
1573 745 1836 773 χαταδυναστεύουσι

1045 795 1079 822 τὰ
1096 794 1188 826 αὐτοῖς
1206 793 1374 829 καταθύμια.

1087 881 1155 918 σλη’.
1173 882 1230 917 Τῆς
1243 881 1365 917 γεύσεως
1379 881 1534 918 κρατούσης
1555 881 1585 908 ὲν
1596 880 1723 916 ἡδοναῖς,
1741 880 1838 907 ἀδύνα-

1045 936 1091 955 τον
1121 928 1159 962 μὴ
1176 927 1224 954 καὶ
1249 926 1338 958 πάσας
1367 926 1416 958 τὰς
1431 926 1574 962 αἰσθήσεις
1593 924 1770 955 συνέπεσθαι,
1785 924 1837 951 κᾶν

1044 974 1099 1000 τῶν
1113 972 1293 1009 ψυχροτέρων
1309 972 1462 1009 είρηνεύειν
1479 972 1580 998 δοκῶσι
1596 972 1631 998 τὰ
1646 971 1838 1007 ὑπογάστρια,

1044 1019 1081 1051 ὡς
1095 1019 1149 1046 τῶν
1164 1018 1360 1054 γεγηρακότων
1373 1018 1497 1054 πύρωσιν
1511 1018 1544 1044 ὲκ
1561 1017 1648 1052 πυρὸς
1672 1017 1741 1054 [μὴ]
1757 1017 1838 1050 δεξα-

1047 1065 1147 1101 μένων.
1172 1065 1242 1092 Ἀλλ’
1256 1065 1288 1091 οὺ
1302 1065 1366 1101 περὶ
1395 1065 1427 1091 τδ
1452 1064 1551 1100 γεννᾷν
1577 1063 1696 1100 σώφρων
1710 1067 1728 1099 ἡ
1745 1066 1839 1099 πεῖρα

1049 1100 1235 1146 μοιχευομένη
1260 1100 1433 1146 κριθήσεται.
1451 1110 1603 1144 Σωφρονεῖν
1626 1109 1655 1136 δὲ
1672 1110 1765 1137 πάντα
1792 1110 1839 1136 τὸν

1049 1157 1087 1192 μὴ
1116 1156 1284 1192 πορνεύονται
1304 1156 1410 1192 εἴποιμι
1432 1155 1475 1188 ἂν,
1499 1155 1568 1191 μηδὲ
1591 1155 1689 1192 ὁράσει
1714 1164 1838 1193 κατακη-

1045 1202 1189 1237 λοὺμενον.

1080 1248 1152 1276 σλθ’.
1173 1249 1218 1276 Ἐν
1230 1249 1346 1285 τροφαῖς
1375 1248 1423 1276 καὶ
1443 1249 1561 1284 μορφαῖς
1585 1248 1634 1275 καὶ
1662 1249 1780 1283 φωναῖς,
1808 1249 1837 1275 τὸ

1044 1295 1243 1331 ἐπιθυμητικὸν
1258 1296 1308 1330 τῆς
1326 1295 1416 1330 ψυχῆς
1435 1294 1592 1330 ἐλέγχεται,
1609 1290 1666 1321 οἷόν
1690 1295 1766 1321 ἐστιν
1778 1295 1837 1326 ταῖς

1046 1341 1204 1377 θελητικαῖς
1231 1349 1261 1368 τε
1282 1341 1329 1368 καὶ
1349 1342 1409 1373 ταῖς
1425 1340 1513 1372 ἄλλως
1527 1339 1656 1378 ἐχούσαις
1671 1340 1795 1377 [ὁρμαῖς]
1809 1341 1837 1367 ιν

1044 1388 1150 1422 γεύσει,
1163 1387 1211 1414 καὶ
1221 1387 1292 1422 ὄψει,
1309 1386 1358 1414 καὶ
1371 1387 1460 1422 ἀκοῇ,
1479 1386 1535 1412 εἴτε
1560 1386 1599 1418 ὡς
1619 1386 1767 1422 χρώμενον
1789 1386 1838 1412 αὑ-

1041 1434 1112 1466 ταῖς,
1131 1434 1187 1460 εῐτε
1201 1432 1239 1465 ὡς
1257 1432 1488 1469 παραχρώμενον,
1503 1432 1558 1459 είτε
1571 1432 1656 1467 μέσον
1665 1433 1737 1468 πρὸς
1754 1433 1838 1468 ἀμφίρ

1041 1487 1108 1515 τερα
1126 1479 1336 1514 εὑρισκόμενον.

1077 1524 1131 1560 σμ’.
1157 1525 1201 1552 Ἐν
1222 1523 1264 1557 οἷς
1277 1526 1291 1552 ὁ
1309 1525 1391 1560 φόϐος
1407 1525 1438 1552 οὗ
1454 1527 1629 1561 προηγεῖται,
1646 1524 1686 1557 ὡς
1714 1523 1839 1560 πρόϐατα

1044 1572 1081 1607 μὴ
1093 1572 1189 1608 ἔχοντα
1205 1571 1323 1607 ποιμένα
1337 1572 1365 1598 ὲν
1381 1571 1525 1606 συγχύσει,
1535 1572 1560 1598 οῑ
1573 1571 1704 1606 λογισμοὶ
1723 1570 1839 1606 elapsi“;-

1043 1626 1152 1645 οονται’
1179 1618 1210 1644 ὲν
1237 1617 1350 1652 εὐταξίᾳ
1385 1617 1424 1650 δὲ,
1448 1617 1495 1644 καὶ
1525 1617 1651 1653 μᾶνδρας
1679 1617 1749 1643 εἵσω
1772 1616 1839 1642 κατὰ

1041 1665 1090 1700 τὴν
1114 1663 1245 1699 εὐνομίαν
1274 1663 1457 1699 ὲφεπομένου,
1490 1662 1506 1698 ἢ
1540 1662 1757 1698 προηγουμένου
1790 1661 1836 1688 αὖ·

1041 1717 1097 1736 τοι).

1078 1757 1152 1790 σμα’.
1165 1753 1220 1789 Τῆς
1235 1754 1365 1785 πίστεως,
1382 1754 1396 1780 ὁ
1414 1753 1495 1788 φόὸος
1509 1753 1566 1786 υἱός
1580 1762 1588 1770 ·
1604 1754 1661 1781 τῶν
1679 1757 1800 1784 ἐντολῶν
1810 1756 1837 1783 δὲ

1040 1797 1118 1831 οὗτος
1132 1799 1232 1835 νομεύς
1244 1808 1250 1814 ·
1270 1799 1318 1826 καὶ
1333 1800 1346 1825 ὁ
1363 1800 1401 1834 μὴ
1417 1799 1466 1835 τὴν
1482 1800 1591 1835 μητέρα
1616 1801 1718 1828 τούτου
1737 1802 1838 1838 κτησά-

1043 1855 1135 1882 μενος,
1155 1846 1294 1881 πρόϐατον
1317 1846 1435 1880 ὀφθῆναι
1455 1846 1506 1881 τῆς
1529 1847 1601 1874 κατὰ
1626 1847 1735 1884 Κύριον
1757 1849 1839 1884 νομῆς

1040 1893 1091 1919 οὐκ
1106 1891 1296 1927 ἀξιωθήσεται.

1078 1939 1151 1974 σμβ’.
1166 1939 1197 1965 Ol
1216 1938 1266 1973 μὲν
1286 1937 1335 1969 τὰς
1353 1937 1441 1973 ἀρχὰς
1459 1938 1544 1974 μόνας
1560 1938 1655 1974 ἔχουσι
1670 1940 1728 1967 τῶν
1739 1940 1837 1968 χαλῶν·

1041 1985 1066 2012 οἱ
1079 1985 1120 2017 δὲ,
1135 1985 1185 2011 καὶ
1204 1984 1254 2016 τὰς
1268 1983 1372 2011 τούτων
1391 1984 1546 2020 μεσότητας
1559 1993 1566 2000 θ
1584 1986 1609 2012 οἱ
1625 1986 1665 2018 δὲ,
1687 1987 1737 2013 καὶ¹
1750 1987 1786 2014 τὰ
1799 1987 1837 2014 τέ-

1041 2031 1074 2066 λη
1087 2030 1177 2058 αὐτῶν
1194 2039 1202 2047 ι
1216 2027 1254 2057 ὧν
1267 2031 1342 2063 ἄνευ,
1362 2031 1400 2063 ὼς
1421 2032 1594 2068 στρατιώτης
1614 2032 1697 2067 ψιλὸς
1724 2033 1839 2065 ἕκαστος

1041 2077 1220 2112 εὑρεθήσεται
1237 2076 1254 2112 ἢ
1271 2076 1467 2112 ἀξιωματικὸς,
1485 2077 1540 2104 τῶν
1565 2080 1733 2115 σιτηρεσίων
1753 2081 1839 2112 {aut};

1042 2123 1097 2150 Καὶ
1112 2123 1157 2150 διὰ
1171 2122 1261 2156 τοῦτο,
1274 2123 1289 2149 ὀ
1311 2123 1361 2158 μὲν
1379 2123 1428 2158 τὴν
1448 2123 1548 2150 ἑαυτοῦ
1574 2124 1658 2159 μόνον
1687 2126 1736 2152 καὶ
1765 2126 1841 2160 μόλις

1041 2169 1131 2196 οίκίαν
1159 2169 1215 2195 ἀπὸ
1248 2168 1303 2196 τῶν
1325 2169 1542 2205 ἐπιχειρούντων
1560 2170 1649 2206 αὐτὴν
1673 2172 1842 2207 ἐπηρεάζειν

192 2213 355 2241 violantium
372 2215 472 2250 injuria
495 2215 593 2244 illaasas
617 2223 723 2250 servet;
740 2218 811 2245 alius
835 2226 899 2245 vero
916 2218 987 2246 haud

1057 2215 1202 2250 ὐντηρῶψ
1223 2215 1237 2241 ὸ
1263 2214 1292 2241 δὲ
1317 2215 1368 2241 οὐκ
1381 2217 1411 2242 ἐν
1429 2217 1499 2252 τιμῇ
1518 2217 1552 2252 τῇ
1569 2216 1752 2253 προσηκούσῃ
1767 2218 1842 2253 εὑρι-

193 2258 261 2285 satis
273 2260 447 2288 convenienti
464 2260 568 2289 honore
583 2261 750 2296 inveniatur,
767 2263 794 2290 in
810 2264 910 2299 quibus
924 2271 988 2291 cum

193 2304 296 2331 versari
322 2307 477 2342 contigerit.

228 2349 291 2377 245.
307 2350 359 2385 Qui
379 2360 430 2380 nos
449 2353 518 2388 gulze
534 2354 642 2382 deliciis
665 2354 807 2390 indulgere
831 2355 988 2389 hortantur,

193 2396 298 2425 idcirco
324 2398 397 2432 quod
421 2400 536 2434 perfecti
558 2408 663 2433 sumus,
682 2401 795 2436 perinde
817 2401 933 2434 faciunt,
958 2410 990 2430 ac

192 2443 240 2478 qui
259 2447 352 2471 sanata
373 2445 426 2473 iam
441 2446 556 2474 vulnera
578 2447 754 2482 obductaque
775 2447 829 2474 illis
847 2447 987 2481 cicatrice,

193 2487 324 2516 defodere
336 2489 435 2525 ⁸ἱιιιιιειιι
451 2498 483 2518 ac
506 2499 643 2525 resecare,
665 2492 710 2520 vci
732 2492 863 2525 scabiem,
880 2492 916 2520 ob
940 2500 990 2520 vo-

193 2533 306 2569 luptatis
327 2535 389 2564 inde
406 2544 527 2570 sensum,
543 2537 691 2570 defricare,
705 2542 753 2565 aut
774 2537 829 2566 illis
841 2538 915 2566 vesci
928 2545 990 2574 quae

231 2604 254 2619 ”
268 2604 289 2631 ll
302 2604 367 2632 Cor.
384 2614 411 2639 v,
424 2605 452 2633 2.
489 2607 512 2622 ⁸³
528 2607 560 2634 lll
583 2607 650 2643 Reg.
668 2615 733 2640 χχιι,
748 2608 791 2634 17.

230 2659 269 2703 (ρ)
293 2660 439 2703 Tyra-.1574-
453 2661 554 2703 ὄντας.
575 2663 639 2703 Erat
663 2663 737 2703 [ωᾳο
753 2671 850 2703 errore
871 2663 983 2703 ind-tto-

194 2696 430 2736 γρᾴφῳτατελεῐς,
460 2699 556 2725 nescio
572 2706 607 2725 an
630 2699 657 2726 in
680 2699 850 2736 αὐτογρὰφῳ
870 2699 982 2736 »[,ἰῳιοι

195 2734 270 2756 certe
281 2731 349 2757 nihil
374 2736 478 2766 aptum,
499 2741 550 2759 nec
563 2738 665 2761 temere
692 2731 759 2761 mihi
769 2731 931 2762 indulsisse
951 2739 981 2762 ut

196 2769 343 2800 mutarent,
357 2770 439 2800 atque
459 2768 601 2800 mutando,
621 2769 768 2796 Maximum
783 2769 900 2796 Maximo
917 2769 981 2796 red-

196 2798 300 2839 derem.
315 2800 352 2839 De
368 2798 422 2839 illis
442 2802 523 2839 plane
546 2798 637 2830 sermo
651 2808 704 2836 cst,
722 2805 768 2839 qui
787 2811 851 2831 cum
865 2805 916 2831 sibi
937 2805 979 2831 vi-

197 2832 315 2874 deantur
328 2835 383 2874 jam
397 2832 508 2874 virtutis
520 2846 610 2874 arcem
626 2832 789 2873 arripuisse,
806 2847 838 2866 ac
863 2839 979 2874 perfecti

197 2870 363 2903 essc,gcniu
383 2871 433 2898 sibi
457 2872 653 2908 indulgendum
674 2870 782 2909 putant,
805 2870 883 2910 quasi
900 2882 981 2904 seve-

1043 2261 1185 2297 σχόμενος.
1199 2262 1227 2288 ὲν
1240 2257 1281 2293 οἷς
1296 2261 1330 2289 ἂν
1342 2261 1518 2297 συνέρχηται.

1079 2355 1152 2388 σμγ’.
1170 2352 1202 2378 Οἱ
1217 2352 1280 2383 ταῖς
1295 2351 1405 2387 ἡδοναῖς
1418 2351 1601 2388 συνέρχεσθαι
1612 2353 1842 2389 παρακαλοῦντες

1042 2398 1090 2427 τοῦ
1106 2401 1247 2436 φάρυγγος
1264 2399 1382 2431 ἐντελεῖς
1395 2399 1476 2431 ὄντας
1489 2401 1547 2436 (p),
1561 2400 1658 2436 ὅμοιόν
1678 2409 1708 2428 τι
1731 2401 1842 2429 ποιοῦσι

1042 2447 1100 2477 τοῖς
1122 2446 1294 2482 ἀναθερίζειν
1311 2446 1504 2481 κελευομένοις
1523 2447 1576 2479 τὰς
1588 2447 1630 2479 εἰς
1649 2448 1749 2482 ὑγείαν
1771 2448 1842 2483 πληο

1044 2492 1096 2527 γὰς
1121 2491 1172 2528 ήδη
1197 2491 1329 2525 ἐλθούσας
1345 2499 1353 2508 '
1368 2492 1385 2528 ἢ
1401 2492 1450 2524 τὰς
1461 2491 1559 2529 ψώρας
1581 2493 1626 2520 διὰ
1643 2493 1694 2530 τὴν
1719 2494 1841 2530 ἡδὺτητα

1043 2537 1154 2574 κνήθειν
1169 2545 1177 2554 ’
1199 2537 1217 2574 ἢ
1235 2537 1270 2565 τὰ
1294 2537 1340 2564 τὸν
1366 2538 1484 2572 πυρετὸν
1510 2539 1667 2566 ἀνάπτοντα
1693 2538 1839 2574 ἐσθίειν.ἢ

1036 2661 1100 2703 riuri
1118 2661 1266 2703 disciplina
1282 2662 1354 2703 ultra
1373 2670 1429 2690 non
1444 2662 1614 2703 indigeant;
1642 2661 1718 2703 quod
1735 2661 1838 2703 nedum

1035 2697 1140 2725 incauti
1155 2697 1295 2732 spiritales
1309 2698 1343 2725 ad
1354 2698 1479 2733 corporis
1492 2697 1686 2725 remissionem
1700 2697 1838 2733 trahunt,

1035 2733 1062 2759 in
1078 2733 1122 2764 iis,
1143 2740 1203 2768 qua:
1219 2733 1310 2760 media
1324 2740 1385 2760 esse
1405 2732 1533 2768 possunt,
1547 2741 1645 2760 verum
1667 2732 1752 2768 etiam
1778 2739 1841 2768 pro-

1032 2767 1090 2794 fani
1106 2767 1227 2795 haaretici
1244 2767 1277 2795 ad
1296 2768 1396 2802 turpia,
1406 2767 1602 2803 nefandasque
1614 2767 1769 2803 libidines;
1779 2767 1840 2801 qui-

1037 2803 1089 2840 bus
1104 2803 1214 2838 egregie
1232 2808 1311 2830 cavet
1330 2803 1474 2835 Maximus,
1489 2807 1545 2830 tam
1559 2802 1660 2840 saneto
1680 2802 1838 2840 colaphum;

1035 2836 1134 2865 ﬁniens
1155 2836 1238 2865 aurea
1262 2846 1327 2871 sua,
1346 2847 1464 2873 vereque
1483 2838 1616 2869 ascetica,
1631 2842 1660 2866 ct
1680 2845 1715 2864 ex
1729 2836 1835 2864 Christi

1035 2880 1132 2902 norma
1140 2873 1175 2901 ad
1184 2880 1296 2902 omnem
1307 2874 1438 2910 virtutem
1446 2874 1597 2908 firmantis,
1608 2873 1716 2910 capita.
