1916 3076
64 151 132 184 1461

605 154 657 185 EX
674 155 797 185 OPERE
814 155 911 185 LXIII
930 155 1146 186 DUBIORUM.

1582 193 1588 199 ,
1631 157 1699 190 ne:

63 211 252 245 ἀποφράττειν
277 210 323 238 τὸν
345 210 496 247 ἀμπελῶνα
512 211 607 244 αὑτοῦ,
623 212 671 239 καὶ
702 213 856 247 συγχωρεῖν

910 212 1005 240 febrim
1029 213 1180 240 accondant
1203 223 1208 240 :
1228 213 1270 240 vel
1296 213 1403 240 vincam
1426 213 1543 240 macerie
1565 217 1700 248 seploque

63 257 238 292 εἰσέρχεσθαι
252 256 299 284 συν
311 258 371 289 ταῖς
379 257 495 289 ἐννοίαις
507 259 567 290 ταῖς
577 258 703 292 ἀγαθαῖς,
714 258 752 289 ὠς
766 257 857 293 μονιδν

63 303 162 338 ἄγριον
190 304 221 330 τὸ
245 304 375 338 φρόνημα
392 304 440 339 τῆς
456 304 568 339 σαρκὸς,
588 304 626 336 ὡς
643 304 782 339 σταφυλὰς
798 304 856 331 δια-

62 349 223 376 6ὁσκεσοαι.
243 347 291 381 Οἷς
308 350 339 376 οὐ
355 350 495 377 πείθεσθαι
519 350 583 386 χρὴ,
601 351 661 377 οὐδὲ
686 352 746 383 ταῖς
776 351 856 377 ἀκαί-

64 404 122 431 ροις
134 396 308 431 κάμπτεσθαι
321 396 477 427 κολακείαις
487 396 639 432 ἀνθρώπων
651 405 680 423 τε
690 397 737 423 καὶ
751 396 855 423 παθῶν·

62 442 236 477 κατοχυροῡνν
259 442 287 468 δὲ
317 442 363 469 τὸν
393 443 520 478 φραγμὸν
544 443 578 470 δι’
608 443 784 479 ἐγκρατείας,
802 443 855 475 ἕως

63 488 222 514 παύσωνται
246 488 273 515 οἵ
295 496 324 514 τε
347 488 440 524 θῆρες,
458 488 492 516 τὰ
520 489 642 524 σαρκικὰ
666 489 750 525 πάθη,
766 489 854 524 ὠρύε-

63 534 138 567 σοαι,
159 535 206 561 καὶ
221 535 258 566 ὡς
270 537 382 562 πετεινὰ
398 536 422 561 οἱ
436 537 546 570 μάταιοι
559 536 697 571 λογισμοὶ,
715 536 752 571 μὴ
768 544 855 563 κατα-

63 581 169 607 ϐαίνειν
183 581 374 615 λυμαίνεσθαι.
387 581 436 617 τὴν
451 582 488 614 ὡς
502 582 624 618 ἄμπελον
649 583 855 618 εὐθηνουμένην

61 627 154 662 ψυχὴν
180 627 308 661 θεωρίαις
336 629 397 660 ταῖς
424 629 453 655 ὲν
468 628 579 665 Χριστῷ
599 629 687 664 Ἰησοῦ
707 629 746 665 τῷ
761 629 856 665 Κυρίῳ

62 671 155 707 ἡμῶν.
179 672 276 708 Ἀμήν.
516 684 521 685 ⁷

907 259 1061 291 obstruere,
1079 266 1111 286 ac
1129 260 1230 291 sinere,
1246 263 1276 286 ut
1294 267 1347 286 una
1368 267 1430 286 cum
1455 258 1537 286 bonis
1552 259 1699 294 cogitatio—

907 305 999 336 nibus,
1015 305 1106 332 carnis
1119 305 1266 340 prudentia
1280 305 1313 332 ad
1329 313 1396 332 uvas
1410 304 1607 340 depascendas,
1626 304 1698 332 haud

908 358 987 378 secus
1011 358 1043 377 ac
1066 351 1211 386 singularis
1238 351 1315 378 ferus
1336 351 1514 386 ingrediatur.
1540 350 1698 378 Cavendum

906 404 972 424 vero
993 404 1026 424 ne
1042 397 1084 424 his
1100 405 1203 424 morem
1222 405 1358 432 geramus,
1380 406 1448 425 neve
1464 398 1543 433 671
1564 397 1698 432 importu-

907 443 951 470 nis
976 444 1118 470 hominum
1144 444 1247 479 pariter
1274 443 1478 478 all‘ectuumque
1503 444 1698 471 blandimentis

908 489 1067 522 ﬂectamur;
1081 489 1127 516 sed
1144 497 1192 524 per
1203 489 1411 521 continentiam,
1428 489 1574 517 maccriem
1590 489 1698 516 munia-

909 542 980 567 mus,
999 534 1087 561 donec
1110 534 1204 561 bestim
1228 534 1363 570 (carnales
1383 535 1489 563 scilicet
1505 533 1631 569 aﬂectus)
1651 542 1698 560 ru-

909 579 968 614 gire
980 578 1124 611 desierint,
1136 586 1168 606 ac
1182 579 1257 606 velut
1270 580 1405 611 volucres,
1420 588 1495 607 vanae
1510 579 1698 615 cogitationes,

909 625 1031 652 animum
1057 625 1122 653 vitis
1145 626 1231 653 instar
1257 626 1534 661 contemplationibus
1557 626 1700 660 sensisque

910 672 1073 707 locupletem
1092 676 1174 707 atque
1192 672 1304 700 uberem
1331 673 1359 700 in
1379 672 1488 700 Christo
1504 672 1567 700 Jesu
1584 671 1701 699 Domino

873 715 894 744 Β
908 723 1013 751 nostro,
1026 721 1173 746 vastaturte
1187 726 1241 746 non
1252 718 1457 746 descenderint.
1476 718 1573 746 Amen.

471 853 622 912 ΤΟΥ
664 853 897 912 ΑΓΙΟΥ
932 845 1297 914 ΜΑΞΙΜΟΥ

333 953 384 980 Ἐκ
401 951 458 979 τῶν
472 951 520 987 ξγ¹
537 952 668 987 ἀπόρων,
690 952 768 986 Πρὸς
784 951 838 979 τὸν
854 953 1007 980 θειότατον
1019 953 1153 985 ,βασιλέα
1175 953 1229 980 τὸν
1255 954 1401 989 Ἀχριδήν.

637 1075 842 1120 SANCTI
900 1075 1126 1120 MAXIM!

332 1162 375 1191 Ex
397 1168 493 1199 opere
514 1168 594 1191 Lxm
617 1158 808 1196 Dubiorum,
832 1159 869 1190 ad
891 1158 1133 1190 divinissimum
1149 1159 1297 1191 Achridua
1319 1148 1426 1201 regem
1445 1162 1475 1194 ".

63 1235 152 1263 ‘Dicti
172 1238 262 1272 postea
281 1233 402 1272 Bulgari,
422 1241 533 1272 quorum
548 1236 602 1272 hcce
618 1232 780 1272 metropolis,
794 1233 855 1272 ipsq
869 1232 1023 1272 [ustigtiana
1044 1233 1142 1268 prima.
1161 1233 1246 1272 Hujus
1258 1235 1352 1272 operis
1369 1235 1453 1263 altum
1477 1236 1535 1264 aliis
1557 1237 1702 1272 silentium,

101 1267 232 1297 altissimo
252 1267 341 1296 turneri
363 1267 596 1306 Maximijngenio
614 1269 796 1306 compositum2
814 1267 920 1306 uelim}:
938 1269 1025 1306 ipsum
1040 1267 1327 1306 excerptum‘indic'at,
1342 1272 1379 1297 sic
1394 1271 1582 1306 theologicam;
1596 1281 1628 1300 ea:
1640 1267 1703 1306 Reg:

101 1307 160 1333 cod.
174 1305 278 1341 pridem
288 1305 457 1341 ascriptum.
474 1302 525 1341 Sed
536 1312 570 1331 an
582 1304 642 1339 jam
657 1302 712 1330 tum
725 1303 844 1338 βασιλεῖς
856 1302 991 1339 Bulgariw
1003 1302 1132 1339 principes
1146 1307 1171 1331 et
1185 1304 1280 1339 reguli,
1294 1306 1364 1341 quod
1374 1307 1410 1334 eis
1424 1302 1531 1334 tandem
1543 1302 1628 1336 ϐίωσί
1638 1302 1704 1336 cor;—

109 1339 219 1373 δοκέω,
234 1340 341 1367 dubium
358 1347 413 1366 esse
426 1339 516 1374 possit.

100 1401 139 1428 Τὸ
166 1401 219 1436 γὰρ
247 1398 359 1435 Πνεῦμα
372 1399 402 1426 re
418 1398 505 1433 ἅγιον,
524 1399 620 1434 ὥσπερ
635 1398 716 1434 φύσει
732 1398 792 1426 κατ’
807 1399 853 1425 οὒ-

940 1399 1049 1427 Etenim
1072 1399 1193 1435 Spiritus
1208 1406 1330 1433 sanctus,
1351 1402 1582 1436 quemadmodum
1607 1408 1705 1433 natura

65 1446 128 1473 σίαν
149 1446 208 1472 ἐστὶ
219 1445 266 1472 τοῦ
281 1444 348 1471 Θεοῦ
365 1445 413 1471 καὶ
428 1443 546 1479 Πατρδς,
565 1443 650 1474 οὕτως
668 1443 715 1469 καὶ
731 1443 779 1469 τοῦ
794 1442 858 1468 Υίοῦ

63 1492 220 1527 φύσεικατ¹
238 1490 332 1518 ουσίαν
347 1490 484 1525 ὑπάρχει,
499 1490 537 1521 ὠς
560 1490 592 1516 ἐκ
615 1489 662 1516 τοῦ
687 1489 794 1524 Πατρδς
812 1489 859 1515 οὐ-

64 1537 174 1569 meo;
186 1536 289 1564 δι’Υἱοῦ
302 1536 348 1563 τοῦ
363 1535 541 1571 γεννηθέντος
552 1535 701 1571 ἀφράστως
713 1535 860 1571 ἐκπορευό-

67 1592 159 1618 μενον.
175 1583 232 1609 Οὐκ
250 1582 324 1608 ἔστιν
341 1579 386 1608 οὖν
415 1580 559 1615 ἐπινοῆσαι
582 1579 669 1614 τομὴν
690 1580 707 1615 ἦ
728 1580 860 1615 διαίρεσιν

66 1629 130 1656 κατ’
147 1627 243 1654 οὖδένα
272 1625 436 1662 τρόπον,ὠς
463 1625 479 1660 ἢ
510 1625 556 1651 τὸν
585 1625 695 1660 Πατέρα
713 1625 801 1660 χωρὶς
813 1624 858 1651 τοῦ

70 1674 134 1701 1⁸ῑοῦ
147 1672 337 1708 ἐπινοηθῆναι,
353 1671 370 1707 ἦ
384 1671 429 1698 τὸν
444 1671 508 1698 Υἰὸν
522 1671 607 1706 χωρὶς
620 1671 668 1697 τοῦ
683 1670 858 1706 Πνεύματος,

67 1721 126 1748 ἀλλ’
146 1719 204 1746 ἐστι
235 1727 277 1750 τις
302 1719 421 1754 ἄρρητος
444 1717 490 1744 καὶ
509 1717 696 1752 ἀκατανόητος
711 1717 740 1743 ὲν
754 1717 859 1748 τούτοις

67 1769 115 1794 καὶ
131 1767 229 1797 ’ἐνωπις
249 1765 298 1792 καὶ
310 1764 454 1799 διαίρεσις,
470 1763 532 1790 οὔτε
551 1764 600 1798 τῆς
614 1763 669 1790 τῶν
685 1763 860 1789 ὑποστάσεων

67 1814 201 1848 διαφορᾶς
225 1812 256 1838 τὸ
287 1811 400 1846 συνεχὲς
426 1809 482 1836 τῶν
511 1809 618 1843 φύσεων
635 1807 792 1844 [φυσικῶν]
804 1808 860 1834 δια-

68 1858 269 1894 οπώςης,οῧτε
300 1857 350 1892 τῆς
382 1856 453 1882 κατὰ
478 1854 527 1890 τὴν
557 1854 652 1881 οὐσίαν
668 1854 816 1888 συναφείας
830 1854 860 1880 τὺ

67 1907 135 1933 ῐδιον
153 1904 208 1931 τῶν
225 1903 428 1938 γνωρισμάτων
454 1901 639 1936 ἀναχεούσης·
657 1900 704 1926 καὶ
725 1899 798 1926 ἐστιν
814 1899 861 1926 ἐπὶ

66 1951 204 1978 τούτων...
218 1950 265 1976 καὶ
280 1948 416 1983 διάκρισις
428 1946 598 1982 συνημμένη,
610 1946 656 1972 καὶ
666 1945 858 1980 διακεκριμένη

67 1997 213 2031 συνάςξεια,
246 1995 427 2030 Προκείσεται
448 1993 475 2020 δὲ
505 1993 551 2019 καί
571 2002 597 2019 τι
620 1991 688 2027 πρὸς
713 1992 860 2025 ἐπίγνωσιν

67 2043 195 2078 ἀμυδρὰν
209 2042 365 2076 ὑπόδειγμα
381 2049 387 2055 ·
407 2040 507 2076 μᾶλλον
517 2039 545 2065 δὲ
561 2038 625 2065 σκιὰ
634 2038 682 2072 τῆς
691 2037 831 2073 ἀληθείας,
843 2038 860 2072 ἡ

910 1445 1095 1473 essentialiter
1114 1446 1163 1473 Dei
1184 1451 1226 1474 est
1245 1452 1273 1474 et
1293 1447 1390 1480 Patris,
1413 1448 1450 1475 ita
1474 1453 1502 1475 et
1524 1449 1584 1476 Filii
1606 1454 1705 1478 natura

909 1492 1093 1519 essentialiter
1107 1492 1225 1525 exsistit,
1247 1497 1277 1520 ut
1297 1494 1345 1528 qui
1371 1501 1386 1520 a
1412 1494 1502 1527 Patre,
1530 1503 1579 1530 per
1604 1496 1705 1524 Filium

911 1537 968 1573 (qui
984 1538 1067 1565 nullis
1077 1538 1170 1566 verbis
1182 1539 1339 1574 explicabili
1354 1540 1460 1568 ratione
1475 1546 1557 1569 natus
1572 1542 1624 1578 est)
1641 1543 1708 1570 sub-

910 1584 1075 1611 stantialiter
1090 1585 1230 1620 procedat.
1247 1585 1328 1612 Nullo
1345 1586 1430 1620 igitur
1452 1587 1532 1614 modo
1549 1588 1635 1615 sectio
1652 1589 1706 1616 ulla

910 1634 958 1656 aut
981 1629 1080 1656 divisio
1103 1629 1280 1665 intelligenda
1301 1634 1353 1663 est,
1380 1630 1457 1665 quasi
1481 1635 1527 1658 aut
1548 1631 1628 1658 Pater
1647 1633 1707 1660 sine

911 1675 979 1702 Filio
995 1675 1174 1710 intelligatur,
1188 1679 1235 1702 aut
1249 1675 1335 1702 Filius
1347 1675 1452 1710 absque
1465 1676 1569 1711 Spiritu
1583 1686 1590 1703 ε
1604 1677 1652 1704 sed
1665 1683 1707 1705 est

911 1720 938 1747 in
951 1720 1015 1753 illis,
1029 1728 1090 1755 qua:
1107 1728 1158 1747 nec
1171 1720 1262 1747 verbis
1276 1720 1407 1754 explicari
1423 1729 1474 1748 nec
1485 1726 1577 1749 mente
1591 1722 1704 1758 intelligi

910 1766 1007 1800 possit,
1023 1766 1088 1792 unio
1104 1766 1208 1800 pariter
1223 1770 1251 1792 et
1264 1765 1410 1798 discretio;
1428 1770 1458 1793 ut
1471 1774 1561 1801 neque
1577 1775 1708 1802 persona-

911 1819 972 1838 rum
990 1811 1130 1839 distinctio
1142 1819 1238 1838 eorum
1253 1819 1315 1846 quae
1330 1816 1436 1839 natura:
1452 1816 1515 1839 sunt
1532 1814 1706 1848 conjunctio-

911 1864 973 1883 nem
988 1856 1133 1889 distrahat,
1149 1864 1200 1884 nec
1213 1864 1274 1892 quae
1288 1864 1373 1891 penes
1387 1857 1535 1885 essentiam
1549 1859 1706 1894 eoujunctio

911 1905 962 1934 est,
977 1908 1071 1928 eorum
1086 1909 1146 1936 qum
1158 1901 1308 1936 insigniant
1322 1902 1436 1936 etquasi
1446 1907 1508 1929 nota
1522 1903 1704 1939 distinguant,

911 1948 1105 1982 proprietatem
1131 1947 1290 1975 confundat.
1319 1948 1421 1983 Estque
1446 1948 1474 1975 in
1504 1949 1614 1977 illis.....
1643 1959 1704 1978 cum

911 1993 1041 2020 discretio
1056 1995 1211 2029 conjuncta,
1228 1998 1284 2021 tum
1298 1994 1416 2021 discreta
1431 1995 1599 2030 conjunctio.
1616 1997 1706 2025 Possit

911 2048 977 2068 vero
991 2041 1074 2068 etiam
1090 2041 1125 2068 ad
1144 2041 1182 2068 rei
1198 2041 1280 2076 hujus
1295 2041 1432 2074 notitiam,
1448 2043 1603 2077 exemplum
1618 2045 1706 2078 quod.

66 2089 220 2125 πο).ύχροος
236 2089 299 2123 ἶρις.
314 2087 428 2114 Πάντων
447 2085 503 2120 γὰρ
516 2085 570 2111 τῶν
592 2085 621 2111 ὲν
639 2083 726 2119 ταύτῃ
748 2083 858 2119 χρωμά-

911 2087 973 2114 dam
998 2087 1165 2119 obscurum,
1191 2094 1241 2114 seu
1268 2087 1361 2122 potius
1387 2087 1484 2114 umbra
1505 2089 1643 2122 veritatis,
1669 2091 1704 2117 ob

66 2147 122 2164 των
141 2138 169 2163 αἱ
187 2136 281 2169 αὐγαὶ,
295 2134 342 2161 καὶ
354 2132 560 2168 διακεκριμέναι
576 2131 726 2166 φαίνονται,
742 2130 781 2165 τῷ
794 2130 859 2166 τηλ-

66 2185 163 2217 αυγεῖς
185 2182 254 2209 εἶναι
268 2201 276 2211 .
291 2181 338 2209 καὶ
361 2179 534 2215 συνηνῶσοαι
559 2178 678 2210 δοκοῦσι,
693 2178 732 2213 τῷ
760 2177 860 2204 λανθά-

67 2239 125 2257 νειν
148 2229 197 2260 τὰς
217 2228 293 2263 Wst;
319 2226 399 2262 ἡμῶν
414 2227 478 2257 τοὺς
501 2225 581 2260 ὄρους
603 2224 658 2251 τῶν
670 2224 780 2259 μίξεων,
795 2224 859 2255 τοὺς

67 2274 262 2310 διακρίνοντας
285 2273 336 2304 τὰς
350 2271 404 2298 τῶν
421 2271 509 2306 χροῶν
529 2270 693 2305 ὲτερὸτητας
709 2277 716 2284 ·
730 2269 767 2301 ὡς
781 2269 856 2305 ἀμή-

66 2329 152 2358 χανον
173 2319 311 2355 ἐξευρεῖν,
327 2318 408 2353 μέχρι
425 2317 498 2348 τίνος
517 2317 618 2352 ἕστηκε
630 2316 659 2342 τὸ
677 2316 818 2350 πυραυγὲς
838 2315 854 2351 ἢ

67 2366 255 2403 σμαραγδίζον
267 2366 326 2396 ταῖς
342 2364 462 2398 αἴγλαις,
476 2363 491 2398 ἢ
508 2362 622 2398 χλοάζον
634 2363 694 2394 ταῖς
707 2362 860 2397 λαμτίηδόσι

67 2414 133 2450 lci;
142 2410 342 2447 λαμπηδόνας],
357 2411 405 2436 καὶ
421 2410 467 2436 ἐπὶ
484 2409 557 2440 τίνος
569 2409 683 2444 ἄρχεται
694 2416 700 2424 ·
719 2407 861 2434 παιδεύον-

68 2468 129 2492 τος,
145 2456 233 2493 οἶμαι,
248 2457 306 2488 τοῦ,
319 2457 399 2490 λόγου
415 2457 461 2483 καὶ
474 2455 517 2482 διὰ
533 2455 582 2490 τῆς
596 2454 712 2486 κτίσεως
729 2455 812 2490 ἡμᾶς,
823 2455 860 2490 μὴ

68 2503 253 2532 καινοπαθεῖν
276 2504 333 2534 τοῖς
357 2502 419 2538 περὶ
443 2501 497 2528 τῶν
518 2501 664 2536 δογμάτων
679 2500 779 2535 λόγοις,
795 2501 860 2528 ὅταν

67 2549 112 2579 εις
129 2547 160 2574 τὸ
176 2546 367 2582 δυσθεώρητον
381 2544 559 2580 ἐμπεσόντες,
574 2543 642 2578 πρὸς
658 2544 707 2579 τὴν
721 2545 860 2577 συγκατά-

67 2594 148 2621 θεσιν
181 2593 237 2620 τῶν
265 2592 420 2628 λεγομένων
440 2591 646 2626 ίλιγγιάσωμεν.
670 2591 713 2622 Ὠς
738 2591 792 2627 γὰρ
814 2591 862 2618 ἐπὶ

65 2638 125 2665 τῶν
157 2639 214 2669 τοῖς
237 2637 387 2672 ὀφθαλμοῖς
403 2637 575 2671 φαινομένων
599 2635 731 2670 κρείττων
749 2635 828 2669 λόγου
846 2636 862 2671 ἡ

75 2685 174 2721 πεῖρα,
187 2683 274 2715 οὓτως
305 2683 353 2710 καὶ
382 2682 498 2709 ἐπὶτῶν
520 2681 802 2717 ὑπεραναὸεὗηκότων
821 2681 864 2708 δο-

66 2729 186 2765 γμάτων
201 2729 333 2764 κρείττων
347 2729 364 2764 ή
376 2728 469 2760 πίστις
480 2726 551 2754 ἔστω
576 2727 625 2762 τῆς
652 2726 696 2753 διὰ
713 2727 768 2754 τῶν
788 2727 860 2761 λογι-

67 2775 150 2811 σμῶν
167 2775 358 2811 καταλήψεως.

912 2134 1006 2160 oculos
1019 2133 1135 2166 versari;
1153 2141 1214 2168 quae
1227 2134 1357 2162 videlicet
1370 2134 1515 2169 multiplici
1531 2135 1623 2163 colore
1635 2137 1705 2163 (σξιο

912 2178 960 2206 iris
975 2179 1151 2214 splendescit.
1168 2179 1298 2207 Omnium
1320 2179 1394 2207 enim
1412 2180 1439 2207 in
1462 2188 1493 2207 ea
1511 2181 1634 2208 colorum
1650 2182 1705 2208 ful-
1731 2187 1734 2190 ’

912 2232 1002 2259 geres,
1018 2225 1100 2259 672
1121 2229 1148 2252 et
1169 2225 1279 2253 discreti
1294 2230 1437 2260 apparent,
1452 2227 1525 2262 quod
1540 2227 1620 2262 longe
1637 2228 1706 2254 ruti-
1742 2219 1748 2228 ’

912 2269 980 2300 lcnt,
999 2274 1027 2297 et
1042 2270 1181 2305 conjuncti
1202 2278 1262 2297 esse
1282 2270 1421 2303 videntur,
1437 2272 1511 2306 quod
1537 2272 1636 2307 quibus
1658 2273 1704 2300 alii

911 2315 1012 2349 aliique
1037 2316 1145 2343 colores
1167 2316 1373 2348 discernuntur,
1396 2318 1473 2350 lines,
1490 2318 1632 2345 oculorum
1654 2326 1705 2345 ηοε-

911 2365 1031 2391 strorum
1042 2360 1129 2387 aciem
1139 2361 1258 2394 lateant;
1269 2364 1299 2388 ut
1312 2361 1387 2388 nullo
1398 2361 1479 2388 modo
1492 2362 1601 2396 assequi
1613 2363 1703 2394 liceat,

910 2415 1053 2443 quousque
1073 2407 1170 2442 igneus
1189 2407 1279 2442 fulgor
1300 2411 1347 2434 aut.
1372 2407 1546 2443 smargdinus
1559 2413 1606 2435 aut
1620 2408 1706 2435 vires—

910 2461 975 2481 ccns
990 2453 1074 2480 rutilo
1096 2461 1147 2480 suo
1171 2453 1293 2486 desinat,
1306 2461 1338 2480 ac
1355 2453 1427 2480 unde
1445 2454 1559 2488 incipiat
1576 2463 1581 2481 :
1601 2454 1706 2482 idcirco

912 2499 1059 2532 nimirum,
1076 2503 1106 2526 ut
1130 2499 1275 2531 existimo,
1302 2504 1333 2526 ut
1357 2503 1385 2526 et
1407 2507 1457 2533 per
1477 2503 1631 2526 creaturam
1656 2507 1706 2527 nos

911 2553 1001 2574 sermo
1010 2545 1130 2578 erudiat,
1143 2553 1177 2572 ne
1192 2545 1219 2572 in
1238 2545 1270 2572 iis
1282 2545 1458 2572 sermonibus
1470 2545 1517 2580 qui
1534 2550 1566 2572 au
1577 2545 1705 2581 dogmata

911 2595 1045 2627 spectant,
1062 2591 1140 2626 quasi
1155 2585 1218 2618 novi
1232 2590 1334 2625 aliquid
1349 2591 1421 2625 passi
1440 2590 1621 2624 otl‘endamur,
1639 2591 1705 2619 dum

912 2638 940 2666 in
955 2645 987 2666 ea
1001 2645 1062 2672 qum
1082 2637 1167 2664 ardua
1185 2640 1249 2666 sunt
1272 2644 1323 2663 nec
1347 2636 1461 2671 intelligi
1480 2636 1559 2664 facile
1579 2642 1704 2672 possunt,

912 2682 1077 2714 incidentes,
1093 2682 1126 2709 ad
1143 2689 1239 2709 eorum
1255 2689 1316 2716 qua:
1334 2681 1465 2708 dicuntur
1480 2689 1619 2709 assensum
1638 2691 1707 2717 qua-

914 2728 976 2755 dam
991 2727 1092 2755 mentis
1112 2727 1275 2755 titubatione
1291 2735 1322 2754 ac
1339 2727 1455 2762 caligine
1471 2727 1705 2761 obstupuerimus.

915 2773 1151 2807 Quemadmodum
1173 2773 1247 2801 enim
1271 2773 1299 2801 in
1321 2773 1355 2800 iis
1377 2781 1437 2808 qua:
1452 2772 1539 2800 oculis
1557 2773 1707 2807 conspicua

66 2826 148 2854 sunt,
166 2821 344 2858 praestantius
368 2828 496 2849 sermone
517 2824 560 2848 est
587 2820 676 2855 ipsum
702 2819 742 2848 rei
762 2815 1003 2855 eipcrimenlum:
1025 2821 1066 2848 sic
1087 2820 1115 2847 in
1133 2820 1167 2847 iis
1183 2827 1244 2854 qua:
1279 2819 1360 2855 longe
1395 2818 1495 2846 mentis
1527 2823 1636 2853 captum
1660 2827 1707 2846 ex.

70 2868 175 2898 cedunt
188 2876 221 2897 ac
233 2867 417 2897 eminentiora
430 2866 581 2900 exsistunt,
596 2865 688 2901 potior
708 2866 743 2894 sit
760 2866 838 2899 tides,
856 2875 937 2902 quam
954 2866 1027 2902 quod
1047 2866 1131 2894 animi
1149 2865 1302 2894 rationibus
1317 2874 1331 2893 a
1350 2866 1430 2893 nobis
1450 2865 1707 2901 comprehenditur.
