4126 6316
314 395 415 461 741

1370 383 1867 462 QUIESTIONES
1904 380 2005 443 AD
2041 382 2552 446 THALASSIUM.

3477 394 3509 459 7
3513 392 3583 456 42

318 508 417 565 καὶ
467 506 684 567 πάντως
731 503 834 556 ὑπὸ
881 502 979 575 τὴν
1029 500 1221 573 ἐνοχὴν
1275 504 1569 572 γενήσεται
1623 500 1723 570 τῆς
1783 494 1895 550 τῶν

2009 493 2272 549 abnoxius
2300 494 2430 559 erit,
2460 510 2565 551 nec
2611 510 2723 553 non
2770 497 2988 567 pudori,
3018 515 3181 571 quem
3231 502 3475 575 turpium
3523 508 3583 565 in

319 596 511 653 παθῶν
538 593 817 666 ἐνεργείας
851 590 947 664 (9),
983 594 1077 645 καὶ
1111 590 1207 663 τὴν
1236 589 1501 661 αἰσχύνην
1541 591 1642 661 τῆς
1670 589 1779 642 τῶν
1805 587 1891 642 ἐπ’

317 690 499 750 αὐτοῖς
549 684 791 756 αἰσχρῶν
830 684 1108 753 λογισμῶν
1164 683 1479 753 ῥυπαρίαςο
1529 682 1636 735 ὑπό
1684 698 1743 734 τε
1803 679 1896 733 τὸν

320 779 673 850 φθειρόμενον
723 776 876 831 ἔσται
910 776 1133 844 κόσμον,
1199 775 1294 827 καὶ
1353 773 1452 842 τὴν
1503 775 1560 828 ὲν
1614 772 1895 841 λογισμσῖς

321 869 695 941 φιλοσώματον
723 868 952 940 μελέτην
971 884 986 898 ο
1036 867 1141 920 ὑπό
1171 883 1229 918 τε
1258 865 1357 937 τὴν
1397 865 1531 935 ὓλην
1565 864 1671 916 τῶν
1705 861 1896 916 παθῶν

320 965 411 1020 καὶ
446 962 506 1016 τὸ
533 960 692 1026 εἶδος,
752 960 919 1032 μηδὲν
966 960 1092 1015 ἄλλο
1172 958 1313 1029 πλὴν
1373 957 1482 1009 τῶν
1522 955 1897 1027 φθειρομένων

320 1062 499 1130 τίμιον
530 1057 672 1128 ἔχειν
694 1056 988 1125 δυνάμενος
1007 1073 1018 1084 ’
1064 1054 1158 1107 καὶ
1195 1053 1283 1106 διὰ
1330 1051 1494 1104 τοῦτο
1521 1051 1684 1120 τυχὸν
1713 1050 1898 1110 κακῶς

321 1149 524 1219 γεννῶν
574 1149 671 1219 τὴν
726 1145 948 1216 Μερὼϐ,
982 1144 1079 1215 τὴν
1111 1140 1390 1209 γεννῶσαν
1438 1141 1587 1202 υἱοὺς
1617 1138 1778 1191 πέντε
1822 1136 1899 1207 τῷ

337 1240 606 1311 Ἑσδριήλ.
678 1236 879 1307 Μερὼϐ
926 1236 1003 1299 δὲ,
1067 1232 1395 1304 πλησμονὴ
1460 1231 1764 1300 φάρυγγος
1825 1228 1897 1297 (υ)

325 1334 711 1407 ἑρμηνεύεται,
742 1332 777 1402 ἦ
808 1331 889 1393 τίς
928 1331 1126 1400 ἐστινὴ
1155 1327 1589 1398 γαστριμαργία.
1612 1324 1761 1395 Μόνη
1790 1323 1899 1395 γάρ

325 1426 465 1498 αὕτη
525 1425 673 1497 παρὰ
721 1424 820 1493 τῆς
880 1421 1097 1491 ἐντολῆς
1146 1418 1456 1481 Ἰουδαϊκῶς
1514 1416 1755 1470 λαϐοῦσα
1799 1415 1899 1483 τὴν

327 1520 533 1580 ἄδειαν,
567 1517 694 1577 τοὺς
734 1512 876 1567 κατὰ
928 1513 1277 1582 παράχρησιν
1322 1512 1558 1581 τρόπους
1591 1512 1758 1579 γεννᾷ
1790 1507 1899 1559 τῶν

327 1608 629 1679 αἰσθήσεων
656 1605 736 1675 τῷ
775 1602 1056 1674 Ἐσδριήλ·
1101 1601 1267 1673 ἤγουν
1290 1600 1367 1669 τῷ
1393 1598 1713 1671 θεωρητικῷ
1746 1596 1899 1668 μέρει

328 1700 423 1771 τῆς
454 1697 651 1767 ψυχῆς.
695 1692 946 1764 Ἐσδριὴλ
991 1692 1100 1762 γὰρ
1152 1692 1517 1762 ἑρμηνεύεται
1554 1689 1681 1743 θεία
1726 1688 1901 1743 δύνα-

322 1804 426 1858 μις
596 1782 627 1855 ἢ
667 1783 896 1852 βοητὺς
942 1782 1212 1850 ἰσχυρὸς,
1275 1782 1307 1852 ἥ
1358 1782 1588 1849 βλέΨις
1635 1778 1894 1845 δυνατή*

329 1881 462 1951 ὅπερ
489 1880 703 1942 soritae
738 1876 860 1929 κατ’
891 1875 1074 1928 εἰκόνα
1113 1875 1211 1945 μὲν
1246 1873 1381 1926 Θεοῦ
1416 1873 1705 1943 γενόμενος
1741 1871 1896 1935 νοῦς·

324 1972 424 2041 τὴν
461 1970 516 2022 δὲ
557 1967 1004 2038 γαστριμαργίαν
1046 1966 1121 2030 ὡς
1156 1964 1249 2019 τοῦ
1292 1964 1410 2016 κατ’
1440 1964 1658 2033 ἐντολὴν
1701 1963 1901 2033 σαρκὸς

327 2062 516 2132 νόμον,
550 2058 794 2113 τουτέστι
820 2057 914 2111 τοῦ
938 2058 1285 2129 γράμματος,
1331 2056 1601 2125 γέννημα,
1628 2069 1903 2123 παραπει-

333 2152 479 2215 σθεὶς
526 2150 991 2218 συνοικισάμενος.
1047 2147 1299 2210 Πεισθεὶς
1351 2146 1461 2217 γὰρ
1506 2148 1534 2197 ὁ
1589 2144 1714 2208 νοῦς
1755 2143 1905 2207 θείας

331 2242 552 2311 ἐντολῆς
591 2237 728 2294 εἶναι
764 2239 1027 2309 διαταγὴν
1061 2239 1201 2293 κατὰ
1230 2239 1322 2292 τὸν
1352 2240 1410 2290 ἐν
1433 2236 1719 2307 γράμματι
1744 2235 1907 2305 νόμον

330 2336 426 2404 τὴν
468 2331 609 2386 κατὰ
656 2330 833 2401 σάρκα
885 2331 1093 2400 τρυφὴν
1146 2329 1279 2400 (10),
1319 2329 1485 2399 ἄλλην
1519 2330 1578 2380 οὐ
1623 2328 1905 2397 προσίεται

338 2422 474 2492 πλὴν
510 2421 681 2491 αὐτῆς
718 2422 854 2492 πρὸς
891 2421 1226 2490 συμϐίωσινο
1274 2419 1349 2483 ὡς
1389 2419 1559 2481 Θείαν,
1604 2418 1699 2471 καὶ
1739 2419 1905 2486 νόμου

333 2515 427 2568 τοῦ
474 2511 846 2584 βασιλεύοντος
882 2513 1052 2582 αὐτὴν
1100 2511 1450 2582 ἡγησάμενος
1492 2510 1770 2580 γέννημα,
1815 2509 1908 2561 καὶ

331 2607 459 2669 τοὺς
504 2604 646 2679 κατὰ
710 2604 1061 2675 παράχρησιν
1130 2602 1190 2666 ἐξ
1237 2603 1404 2671 αὐτῆς
1431 2601 1541 2656 τῶν
1599 2602 1909 2673 αἰσθήσεων

335 2700 614 2769 συνίστησι
642 2697 895 2768 τρόπους.
934 2695 1182 2748 Ἐπειδὰν
1215 2696 1323 2765 γὰρ
1356 2694 1416 2749 τὸ
1449 2693 1782 2765 θεωρητικδν
1812 2695 1910 2764 τῆς

332 2786 530 2857 ψυχῆς,
570 2784 669 2855 τὴν
696 2784 905 2855 τρυφὴν
935 2783 1073 2836 κατὰ
1109 2783 1199 2836 τὸν
1233 2784 1292 2836 ὲν
1325 2784 1612 2854 γράμματι
1644 2784 1806 2853 νόμον
1835 2783 1911 2846 ὡς

335 2877 484 2932 θείαν
509 2877 595 2929 διὰ
621 2877 720 2946 τὴν
767 2875 981 2946 ἐντολὴν
1036 2874 1350 2945 ἀσπάσηται
1394 2875 1530 2945 πρὸς
1584 2874 1913 2944 συμϐίωσιν,

335 2970 434 3040 τὴν
456 2968 564 3023 τῶν
595 2970 900 3041 αἰσθήσεων
939 2968 1089 3038 παρὰ
1130 2966 1291 3037 φύσιν
1325 2968 1645 3038 μετέρχεται
1673 2970 1869 3037 χρῆσιν
1896 2980 1909 2992 ‘

339 3061 609 3134 μηδεμιᾶς
655 3061 969 3132 συγχωροῦν
1017 3059 1159 3114 κατὰ
1208 3060 1370 3130 φύσιν
1403 3059 1780 3126 διαφαίνεσθαι
1812 3059 1912 3131 τὴν

336 3155 530 3227 χρῆσιν
559 3155 653 3224 τῆς
687 3154 987 3225 ἐνεργείας.

419 3247 478 3299 '0
532 3244 711 3299 τοίνυν
766 3242 1094 3314 σωματικῶς
1147 3242 1241 3297 τοῦ
1293 3245 1456 3312 νόμου
1514 3245 1613 3315 τὴν
1672 3243 1906 3315 μάθησιν

337 3335 733 3412 ὲξασκούμενος
764 3333 896 3406 (ll),
915 3330 1003 3387 οἷα
1031 3332 1095 3405 δὴ
1121 3333 1421 3404 παλλακὴν,
1447 3332 1560 3387 ἀλλ’
1589 3334 1648 3387 ού
1681 3335 1911 3406 νόμιμον

338 3429 476 3501 ἔχων
489 3431 721 3498 γυναῖκα
753 3427 861 3481 τῶν
887 3426 1044 3480 θείων
1073 3426 1172 3497 τὴν
1211 3425 1414 3497 εἴδησιν
1436 3441 1449 3454 °
1490 3427 1585 3480 καὶ
1610 3425 1813 3496 γεννῶν
1853 3424 1912 3491 ἐξ

337 3514 507 3592 αιύτῆς
539 3521 605 3574 τὸ
635 3519 886 3589 ἀνάθεμα
935 3518 1036 3588 τῆς
1086 3518 1197 3572 τῶν
1241 3518 1430 3572 παθῶν
1471 3519 1771 3587 ἐνεργείας,
1816 3519 1912 3572 καὶ

345 3614 435 3685 τὴν
472 3613 739 3685 αἰσχύνην
768 3611 869 3681 τῆς
897 3610 1005 3665 τῶν
1045 3611 1132 3665 ἐπ’
1172 3610 1358 3674 αὐτοῖς
1397 3608 1674 3681 λογισμῶν
1719 3611 1911 3682 ἀηδίας

340 3705 502 3776 [ἀλλ.
547 3701 775 3775 ὰειδίας]
809 3718 822 3732 ·
857 3702 953 3755 καὶ
1005 3703 1069 3753 ἐκ
1124 3700 1226 3771 τῆς
1274 3700 1498 3772 Μερὼδ,
1527 3702 1777 3754 τουτέστι
1814 3704 1913 3774 τῆς

341 3794 513 3847 Σαοὺλ
544 3792 815 3862 θυγατρὸς,
843 3791 1306 3861 γαστριμαργίας
1329 3830 1344 3853 ,
1378 3789 1576 3858 ἔκγονα
1619 3791 1912 3860 λαμϐάνων

341 3883 464 3946 τοὺς
475 3881 619 3936 κατὰ
638 3881 892 3951 παράχρη
901 3896 983 3932 σιν
1005 3879 1236 3949 τρόπους
1252 3878 1361 3932 τῶν
1374 3878 1696 3946 αἰσθήσεων·
1715 3880 1838 3942 τοὺς
1854 3881 1913 3935 ὲν

341 3974 407 4045 τῇ
440 3973 599 4042 φύσει
621 3970 730 4024 τῶν
760 3971 928 4024 ὄντων
947 4010 961 4034 ,
999 3971 1165 4040 ῆγουν
1194 3969 1319 4033 τοὺς
1341 3969 1483 4022 κατὰ
1515 3970 1674 4038 φύσιν
1704 3970 1779 4032 ὼς
1805 3970 1912 4023 Γα-

341 4063 606 4126 ϐαωνίτας
639 4061 980 4131 ἀποκτείνειν
1019 4059 1176 4113 εῐωθε
1211 4060 1404 4127 λόγους
1456 4061 1548 4113 καὶ
1598 4060 1911 4130 λογισμούς.

342 4156 684 4210 Γαῦαωνῖται
712 4152 819 4223 γὰρ
849 4151 1262 4222 ἐρμηνεύονται,
1296 4152 1509 4219 ὀρεινοὶ
1536 4152 1612 4224 (y)
1637 4153 1669 4224 ἦ
1695 4152 1912 4224 μετέω-

340 4264 454 4319 ροι.
486 4245 716 4317 Δηλοῦσι
745 4245 801 4298 δὲ
825 4242 1015 4313 σαφῶς
1061 4234 1225 4307 οὗτοι,
1263 4244 1388 4307 τοὺς
1437 4244 1578 4298 κατὰ
1608 4245 1707 4316 τὴν
1756 4262 1913 4315 φυσι-

343 4344 445 4413 κῂν
475 4337 711 4408 θεωρίαν
753 4334 1115 4406 ὑψηλοτέρους
1163 4335 1435 4406 λόγους,ἢ
1492 4336 1619 4401 τοὺς
1669 4337 1754 4406 ἐφ’
1783 4339 1912 4407 ἡμῖν

1997 584 2080 639 eis
2102 584 2497 655 cogitationum
2537 585 2752 656 impura
2781 589 2942 659 277
2978 591 3194 647 illuvies
3221 592 3385 662 facit;
3417 612 3580 653 mun-

1998 675 2181 747 doque
2223 678 2355 733 huic
2396 680 2491 749 qui
2534 682 2913 751 corrumpitur
2945 684 3203 740 subditus
3243 688 3369 753 erit,
3415 700 3582 761 atque

1998 769 2183 825 animo
2229 772 2476 840 corporis
2536 772 2847 842 voluptates
2905 776 3145 831 versabit
3196 794 3209 830 :
3264 781 3581 848 passionum

1999 859 2239 930 denique
2285 877 2350 915 ac
2382 862 2641 918 vitiorum
2691 867 2931 921 materiae
2977 868 3274 938 formaeque
3308 871 3578 940 addictus,

1998 953 2141 1006 nihil
2177 952 2346 1017 aliud,
2376 969 2540 1022 quam
2583 971 2706 1023 qua:
2746 954 3046 1024 intereunt,
3081 958 3135 1013 in
3168 961 3346 1029 pretio
3377 963 3581 1019 habere

2000 1042 2225 1112 poterit.
2258 1042 2428 1111 quue
2460 1044 2691 1098 forsitan
2736 1046 2791 1098 in
2826 1062 2991 1102 causa
3032 1049 3124 1113 sit,
3162 1066 3262 1104 cur
3301 1052 3579 1107 Merobem

2001 1134 2144 1187 male
2176 1135 2384 1204 gignat,
2415 1150 2536 1204 qum
2560 1137 2803 1206 quinque
2843 1138 3077 1195 Esdrieli
3110 1141 3314 1197 liberos
3340 1146 3575 1214 peperit.

2002 1225 2171 1279 Porro
2196 1224 2435 1289 Merobe,
2467 1225 2514 1279 si
2548 1241 2748 1281 nomen
2782 1229 3184 1298 interpreteris,
3217 1234 3432 1303 affluens
3462 1244 3581 1305 gata

2003 1317 2135 1368 turis
2166 1317 2383 1370 satietas
2412 1317 2634 1382 dicitur,
2667 1333 2788 1386 quae
2816 1329 2902 1373 est
2933 1322 3078 1389 gula.
3110 1322 3236 1378 Haec
3274 1325 3421 1379 enim
3464 1341 3574 1380 una

2000 1422 2031 1461 e
2059 1408 2316 1461 mandato
2341 1407 2573 1463 Judaico
2597 1420 2819 1480 accepta
2844 1412 3084 1478 licentia,
3115 1430 3373 1471 sensuum
3401 1419 3578 1473 abusu

2002 1508 2318 1555 constantes
2353 1500 2582 1565 'modos,
2628 1503 2866 1559 Esdrieli
2917 1505 3081 1575 (parti
3130 1508 3343 1562 scilicet
3384 1509 3580 1566 animm

2001 1590 2373 1659 speculatrici)
2405 1593 2699 1662 progignit.
2731 1594 2944 1648 Esdriel
2974 1595 3121 1649 enim
3150 1597 3392 1652 nominis
3419 1608 3578 1654 nota-

2003 1681 2188 1755 tione,
2223 1683 2402 1738 divina
2435 1686 2671 1754 potentia
2716 1693 2829 1749 est,
2878 1696 2974 1741 aut
3022 1687 3239 1758 adjutor
3280 1690 3460 1759 fortis,
3493 1691 3580 1745 vel

2004 1791 2241 1850 aspectus
2270 1792 2452 1853 potens
2484 1786 2522 1849 ‘;
2582 1783 2730 1852 quod
2774 1791 2859 1838 est
2904 1798 3060 1838 mens
3102 1785 3321 1839 condita
3369 1786 3437 1840 ad
3482 1787 3581 1841 Dei

2006 1870 2321 1942 imaginem,
2353 1888 2474 1942 quze
2499 1883 2679 1927 tamen
2710 1873 2823 1942 ipsa
2865 1875 3068 1944 gulam,
3098 1884 3359 1946 tanquam
3391 1892 3584 1931 earnaa

2002 1962 2072 2017 lis
2096 1962 2232 2033 legis
2261 1963 2502 2021 mandati
2534 1962 2753 2034 (litterae
2775 1964 3004 2035 scilicet)
3032 1967 3261 2035 prolem,
3286 1967 3418 2022 falsa
3438 1966 3585 2022 aesti-

2006 2052 2244 2106 matione
2288 2051 2393 2105 sibi
2423 2054 2679 2124 conjugio
2713 2054 2913 2124 jungit.
2948 2055 3063 2110 Hoc
3092 2056 3239 2111 enim
3282 2072 3438 2111 mens
3469 2059 3586 2113 exi-

2005 2144 2254 2207 stimans,
2288 2142 2457 2198 divini
2501 2144 2894 2200 constitutione
2936 2147 3177 2201 mandati
3226 2148 3360 2218 legis
3400 2148 3582 2204 littera

2004 2246 2306 2304 prazceptas
2331 2251 2451 2290 esse
2472 2237 2719 2291 carnales
2743 2237 2990 2302 delicias,
3023 2240 3159 2292 alias
3180 2240 3357 2294 nullas
3379 2241 3434 2293 in
3459 2241 3585 2297 vita:

2006 2325 2322 2380 societatem
2353 2327 2620 2393 admittit;
2648 2343 2771 2396 quae
2799 2343 2891 2382 eas
2923 2328 3159 2394 divinas,
3192 2346 3256 2385 ac
3285 2331 3420 2401 legis
3452 2333 3584 2402 ipsis

2007 2415 2342 2471 dominantis
2391 2419 2599 2487 prolem
2643 2427 2821 2488 putet,
2857 2435 3032 2489 exque
3075 2422 3182 2476 illis
3228 2423 3404 2478 abusu
3448 2438 3583 2478 con-

2007 2514 2217 2561 stantes
2248 2523 2512 2563 sensuum
2548 2509 2741 2564 modos
2770 2510 2989 2565 conﬁat.
3020 2512 3123 2567 Ubi
3158 2514 3305 2566 enim
3341 2524 3588 2569 contem-

2008 2586 2165 2667 plans
2207 2598 2376 2652 animi
2413 2599 2516 2664 vis,
2555 2599 2891 2669 voluptatem
2937 2610 3191 2672 tanquam
3238 2604 3477 2658 divinam
3518 2622 3585 2660 ex

2009 2680 2208 2744 litterae
2238 2689 2374 2760 legis
2399 2691 2631 2754 ratione,
2667 2693 2927 2761 praecepti
2953 2692 3116 2748 ducta
3153 2694 3435 2765 religione,
3460 2697 3588 2751 vitm

2011 2779 2213 2835 sociam
2253 2781 2533 2851 allegerit,
2583 2789 2773 2836 contra
2819 2792 3071 2837 naturam
3115 2799 3374 2839 sensuum
3426 2802 3586 2842 usum

2012 2877 2258 2937 usurpat,
2290 2869 2494 2924 nullius
2522 2870 2898 2940 operationem
2927 2889 2996 2927 ex
3031 2883 3244 2929 naturrc
3282 2876 3589 2932 rationibus

2010 2958 2229 3014 elucere
2257 2960 2464 3015 sinens.
3276 2965 3289 2975 ’

2083 3240 2186 3308 Qui
2218 3242 2384 3313 igitur
2409 3241 2682 3312 corporali
2704 3242 2917 3297 ratione
2940 3244 3078 3315 legis
3104 3245 3410 3302 doctrinam
3433 3249 3582 3316 colit,

2011 3333 2163 3388 velut
2195 3334 2287 3403 qui
2325 3334 2595 3403 pellicem,
2637 3350 2747 3388 non
2786 3335 3083 3406 legitimam
3112 3340 3417 3410 conjugem,
3443 3341 3586 3395 divi-

2011 3441 2209 3481 norum
2234 3427 2519 3482 scientiam
2543 3435 2737 3481 nactus
2759 3426 2831 3481 sit
2857 3443 2871 3493 ;
2896 3444 3071 3498 exque
3101 3443 3165 3483 ea
3187 3431 3476 3486 anathema
3509 3432 3586 3506 (id

2011 3526 2115 3583 est,
2137 3516 2591 3588 exsecrationem)
2625 3512 2856 3573 ell‘eetus
2890 3520 3148 3575 vitiorum
3169 3535 3232 3576 ac
3269 3521 3584 3590 affectuum,

2014 3626 2115 3665 nec
2137 3626 2245 3665 non
2280 3611 2553 3664 rationum
2594 3610 2651 3664 in
2686 3611 2767 3667 eis
2802 3611 3167 3669 deformitatis
3204 3614 3468 3684 pudorem
3502 3618 3586 3688 gi-

2012 3708 2170 3769 gnat;
2194 3709 2356 3769 atquc
2373 3714 2440 3753 ex
2454 3699 2676 3754 Merobe
2696 3700 2896 3767 (Saulis
2913 3702 3121 3757 scilicet
3142 3701 3271 3768 filia,
3285 3705 3436 3775 gula)
3467 3720 3561 3761 seu
3573 3739 3589 3747 -

2013 3804 2173 3844 suum
2203 3789 2622 3854 abususmodos,
2642 3800 2870 3859 nepotes
2887 3792 3169 3861 suscipiat,
3184 3796 3513 3851 exsistentes
3529 3798 3583 3852 in

2012 3896 2199 3936 rerum
2215 3889 2411 3935 natura
2430 3882 2730 3952 (naturales
2761 3883 2989 3955 scilicet)
3016 3886 3259 3941 rationes
3286 3903 3350 3943 ac
3379 3889 3582 3958 cogita-

2017 3972 2215 4037 tiones,
2246 3971 2399 4025 velut
2452 3970 2804 4038 Gabaonitas,
2828 3989 3029 4029 necare
3080 3976 3237 4029 solet.
3272 3977 3586 4037 Gabaonilm

2009 4061 2181 4127 enim,
2206 4062 2253 4116 si
2275 4077 2475 4116 nomen
2506 4062 2908 4131 interpreteris,
2938 4066 3326 4132 montanisunt,
3353 4068 3468 4124 sive
3490 4088 3584 4124 su-

2014 4154 2230 4221 blimes;
2267 4170 2331 4210 ac
2354 4156 2528 4224 palam
2548 4157 2812 4212 naturalis
2835 4158 3223 4228 speculationis
3256 4141 3586 4220 sublimores

2013 4247 2381 4311 rationes,aut
2405 4247 2684 4302 naturales
2709 4246 2765 4300 in
2787 4249 2950 4303 nobis
2975 4249 3352 4319 cogitationes.
3379 4253 3586 4325 signiti-

2013 4348 2159 4407 cant;
2172 4354 2306 4410 quas
2316 4339 2680 4406 occiditSaul,
2701 4357 2766 4395 ac
2782 4342 2826 4395 si
2840 4343 2963 4412 quis
2974 4358 3124 4398 nunc
3139 4344 3321 4400 animo
3343 4346 3480 4401 alter
3494 4364 3583 4402 ex-

346 4428 490 4482 κατά
521 4427 683 4499 φύσιν
706 4426 1000 4498 λογισμούς
1016 4443 1030 4458 ’
1059 4426 1150 4491 οὒς
1174 4427 1513 4482 ἀποκτείνειν
1536 4429 1725 4495 Σαοὺλ,
1745 4430 1838 4485 καὶ
1863 4430 1907 4483 εί

2012 4431 2157 4487 sistit
2173 4431 2323 4497 Saul;
2341 4429 2722 4500 quividelicet,
2741 4448 2849 4502 quo
2862 4434 3073 4489 laborat
3087 4449 3296 4502 errore,
3318 4437 3419 4493 soli
3439 4439 3588 4494 addio

270 4497 275 4503 δ
326 4493 427 4629 in;
446 4493 545 4574 νῦν
568 4520 708 4574 κατὰ
749 4493 989 4573 διάθεσιν
1032 4518 1187 4583 ἄλλος
1215 4519 1448 4590 ὑπάρχει
1474 4520 1665 4586 Σαοὺλ,
1694 4493 1783 4574 διὰ
1813 4521 1907 4594 τὴν

2016 4522 2467 4593 ctuslegilitterze.
2492 4524 2773 4579 naturales
2789 4524 3077 4594 repudiare
3092 4540 3156 4579 ac
3166 4525 3479 4583 adulterare
3501 4545 3588 4584 ra-

326 4609 401 4723 ἱέν
434 4610 579 4683 μόνῳ
610 4610 688 4682 τῷ
725 4609 936 4682 νομικῷ
990 4611 1281 4723 γράμματι
1330 4612 1556 4723 πλάνην,
1596 4613 1723 4721 rei);
1774 4614 1916 4670 κατὰ

323 4700 505 4860 igadi
550 4701 975 4772 ἀποπέμπεσθαι
1004 4701 1098 4756 καὶ
1139 4701 1578 4773 παραχαράττειν
1617 4704 1677 4757 οὐ
1713 4721 1916 4777 παραι-

412 4839 434 4863 ⁴¹
470 4841 635 4899 Forte
665 4849 847 4897 tamen
880 4841 1205 4912 prmidium,
1230 4839 1320 4894 vel
1348 4837 1538 4906 etiam,
1568 4840 1840 4913 inspectio.

420 4952 491 5023 (υ)
511 4952 845 5022 Πλησμονή
888 4954 1205 5024 φάρυγγος·
1243 4952 1404 5024 Forte
1426 4967 1458 5006 a
1481 4962 1618 5018 m1,

350 5022 648 5093 augescere,
676 5022 932 5092 magnum
957 5022 1248 5089 esse,‘etc.,
1291 5022 1360 5093 ad
1392 5036 1513 5093 qua!
1552 5022 1794 5093 gutturis
1821 5025 1912 5079 illa

350 5090 634 5159 πλησμονὴ
659 5099 716 5144 et
745 5090 871 5162 g'ula
913 5093 1065 5148 facit.
1097 5094 1235 5148 Hinc
1283 5090 1506 5147 libellus
1530 5090 1918 5215 explicationis

350 5160 702 5215 nronriorum
759 5162 1053 5215 nominum
1110 5161 1467 5215 Biblicorum.
1503 5178 1595 5214 ma
1621 5163 1867 5215 tinlicans
1899 5179 1918 5215 :

348 5160 702 5233 propriorum
754 5160 1053 5217 hominum
1110 5161 1467 5228 Biblicorum,
1503 5160 1918 5233 multiplicans:

350 5229 441 5303 cui
466 5229 639 5303 etiam
667 5238 774 5303 est.
804 5247 1076 5299 pugnans,
1121 5233 1449 5303 objurgavit;
1485 5229 1744 5303 _Syriaee,
1802 5233 1918 5287 Ma-

347 5301 640 5374 gisterium.
687 5298 901 5374 Sicque
936 5312 1068 5359 τηε
1103 5298 1320 5374 εει-⁷Ἣῄ
1347 5298 1592 5374 ejusdem
1639 5298 1918 5374 significa-

350 5368 522 5441 tionis
540 5377 730 5441 erunt,
756 5368 902 5441 quod
926 5378 1012 5425 est
1034 5370 1328 5441 rebellavit,
1346 5368 1622 5441 pugnavit.

421 5438 501 5562 (ri)
537 5440 676 5492 Θεία
702 5437 974 5507 δύναμις.
1001 5440 1120 5495 Non
1141 5437 1641 5502 ,vident'ur'hoc‘et
1683 5451 1918 5510 sequen-

421 5548 424 5562 ι
505 5508 669 5561 ιικὶιηί
711 5516 892 5562 etvma
947 5509 1001 5562 in
1047 5506 1360 5562 Hadrielem
1409 5509 1589 5562 Saulis
1644 5525 1907 5562 ueneram

348 5506 669 5580 εἶα-Μαιῆιηί
711 5506 917 5580 ειγιῐιοί
947 5509 1001 5564 in
1047 5506 1360 5566 Hadrielem
1409 5509 1589 5565 Saulis
1644 5506 1907 5580 generum

349 5577 483 5633 satis
512 5577 785 5651 quadrare
805 5597 818 5636 :
840 5648 849 5651 Α
860 5579 974 5651 nisi
998 5580 1141 5651 forte
1179 5595 1288 5651 qua
1322 5580 1447 5635 aliis
1470 5577 1670 5651 litteris
1691 5595 1755 5651 ac
1779 5580 1921 5651 scri-

349 5654 506 5727 ptum
530 5648 784 5727 habetur,
806 5648 913 5704 sibi
937 5650 1063 5719 quis
1095 5648 1222 5727 huc
1257 5664 1456 5727 nomen
1509 5648 1794 5705 confinxit.
1819 5650 1917 5704 Est

350 5716 519 5786 igitur
551 5733 583 5790 a
631 5717 803 5790 verbo
850 5716 980 5785 ‘mi,
1023 5720 1112 5774 vel
1168 5719 1393 5776 nomine
1445 5734 1551 5775 sex.
1580 5728 1914 5790 punctorum

352 5787 676 5845 earumdem
737 5786 1070 5846 litterarum.
1128 5790 1365 5847 Proinde
1420 5786 1629 5864 verum
1668 5795 1915 5861 etymum

1658 4955 1807 5023 quod
1829 4963 1923 5011 est

2014 4615 2190 4675 tiones
2199 4628 2310 4668 non
2319 4621 2558 4668 veretur.
2579 4612 2839 4684 Quisquis
2852 4615 2996 4670 enim
3015 4617 3286 4688 corporali
3308 4617 3445 4690 legis
3469 4619 3583 4674 culo

2015 4706 2096 4763 tui
2127 4705 2359 4761 attendit
2392 4705 2658 4771 animum,
2674 4705 2723 4761 is
2750 4706 2903 4763 nullo
2920 4715 3079 4778 pacto
3095 4710 3401 4767 naturalem
3417 4712 3587 4784 278

2019 4955 2146 5020 erit,
2175 4970 2302 5026 gres:
2325 4954 2442 5026 Dei,
2485 4962 2579 5009 aut
2608 4951 2705 5026 Dei
2734 4956 2998 5010 ordinatio
3033 4957 3146 5012 sive
3161 4974 3333 5026 ,actes,
3363 4965 3457 5012 aut
3486 4959 3585 5017 Dei

2022 5010 2275 5097 ρι’ἱιίαῖἰο.
2340 5010 2574 5080 Videtur
2624 5023 2891 5097 Maximus
2938 5010 3137 5096 legisse
3161 5010 3582 5097 Has-ﬁngis:

2023 5093 2190 5167 inon
2210 5094 2279 5149 ab
2301 5105 2406 5167 "In;
2445 5101 2628 5167 essent
2660 5093 2753 5148 illa
2771 5102 2950 5167 etyma
2982 5093 3103 5163 quas
3128 5095 3326 5167 refert;
3369 5093 3586 5167 fuitque

2025 5163 2079 5218 id
2116 5164 2194 5219 illi
2216 5163 2481 5233 proclive,
2511 5163 2628 5218 sive
2655 5163 2865 5217 auctori
2886 5179 3048 5232 quem
3085 5165 3355 5283 seqiiitur,
3377 5181 3444 5220 ex
3470 5163 3585 5221 alli—

2025 5234 2084 5283 ni
2117 5234 2429 5283 litterarum
2457 5247 2625 5283 sono:
2677 5232 2771 5283 ubi
2803 5240 2983 5283 tamen
3012 5247 3112 5283 nro
3142 5232 3170 5283 Β
3203 5233 3326 5283 ἐώις
3352 5235 3577 5283 δυνατὴ-

2025 5234 2084 5288 ni
2117 5232 2429 5308 litterarum
2457 5247 2594 5308 sono
2612 5249 2644 5308 :_
2677 5232 2771 5285 ubi
2803 5240 2983 5308 tamen
2995 5247 3112 5308 Apro
3140 5232 3332 5308 βλέψις
3352 5235 3584 5308 δυνατὴ,

2027 5303 2217 5377 malim
2249 5301 2428 5377 σκέπη
2459 5296 2681 5377 δυνατὴ,
2703 5303 2953 5377 protectio
2984 5296 3158 5377 fortis,
3188 5296 3334 5377 quod
3380 5314 3466 5377 est

2017 5387 2141 5427 sum
2164 5369 2731 5443 divinum'auaziliunt,
2786 5373 3065 5443 nonitem
3109 5369 3237 5443 visio
3266 5373 3415 5443 fortis
3482 5369 3585 5433 seu

2016 5449 2288 5514 aspectus,
2307 5441 2413 5514 sub
2442 5439 2542 5514 illo
2573 5441 2792 5514 nomine
2817 5458 2831 5506 ;
2863 5440 2971 5497 nisi
2984 5441 3159 5507 etiam
3184 5439 3418 5499 Maximo
3443 5446 3585 5501 scri-

2012 5510 2169 5582 pturn
2195 5510 2408 5579 σκέψις,
2434 5511 2711 5582 inspectio,
2754 5527 2885 5582 cura

2077 5580 2160 5661 ές)
2195 5580 3160 5661 ξφεινοίκΟιετιιῐηηζιοοημειίωξη
3175 5591 3441 5661 etymum,
3474 5585 3587 5661 dine

2012 5648 2632 5741 ερῆζηπίεξξιμι·ιοε¹-ξὲ
2648 5648 2828 5741 Callia
2846 5652 3049 5741 illius
3076 5648 3264 5741 δεινῇ
3277 5661 3380 5741 Pa:
3431 5656 3582 5741 ειμι»ίέ

2010 5718 2067 5773 in
2096 5718 2394 5795 montibus,
2442 5733 2636 5777 eorum
2687 5718 3045 5779 eminentiam
3110 5718 3295 5779 sonat'
3323 5718 3382 5781 et
3420 5718 3581 5795 quasi

2012 5788 2396 5860 supercilium.
