4154 6322
586 336 692 400 ἳ43

1749 335 1810 392 S.
1853 332 2136 392 ΜΛΧΙΜΙ
2177 331 2681 392 CONFESSORIS

3692 337 3785 400 744

587 449 792 502 tionem
830 449 1079 503 admittat
1118 456 1212 502 aut
1250 445 1656 516 cogitationem,
1684 442 1829 512 quod
1862 456 2039 510 neque
2067 456 2155 494 res
2185 450 2227 500 Α

2143 456 2155 491 ι
2185 450 2228 500 Α
2256 442 2515 509 τούμενος
2567 441 2775 509 λόγους.
2809 439 2997 504 Οὐδεὶς
3038 440 3147 512 γὰρ
3182 440 3319 514 μόνῃ
3362 445 3695 516 προσανέχων
3723 453 3783 522 τῇ

586 539 726 593 ferat
749 547 810 592 ut
830 539 1068 608 symbola
1099 551 1161 592 ac
1191 538 1342 607 signa
1365 537 1508 590 idem
1536 535 1726 589 sintac
1756 543 1970 587 natura.
1995 531 2148 598 Quod

585 629 633 682 si
677 629 792 682 haec
836 644 943 681 non
990 628 1132 681 idem
1166 627 1276 681 sint
1303 642 1367 681 ac
1409 636 1624 689 natura,
1662 639 1938 692 nunquam
1969 623 2060 677 ﬁat
2091 631 2151 676 ut

585 735 674 772 res
719 719 864 787 quod
916 728 1042 772 sunt
1087 727 1280 773 natura
1319 735 1380 773 ac
1413 717 1740 779 substantia,
1777 717 1919 770 clare
1950 716 2146 778 videat,

584 809 677 878 qui
726 809 992 878 legalibus
1049 810 1326 880 symbolis,
1387 809 1558 862 velut.
1595 807 1786 876 primis
1838 806 2031 860 formis
2085 821 2148 860 ac

583 901 986 968 exemplaribus
1036 911 1182 955 totus
1218 901 1389 954 inhiat
1420 917 1434 964 ;
1465 914 1692 967 eamque
1723 898 1794 952 ob
1828 914 1941 952 rem
1971 899 2147 952 alieno

581 1005 612 1042 a
653 991 862 1043 ratione
905 999 1100 1043 conatu
1144 990 1450 1059 mentisque
1486 989 1733 1042 absentia
1766 988 2041 1042 naturales
2063 1003 2149 1040 ra-

582 1079 760 1132 tiones
794 1080 991 1148 rejicit,
1038 1095 1147 1134 non
1178 1080 1488 1149 intelligens
1513 1078 1866 1132 vindicandos
1906 1092 2024 1131 esse
2051 1077 2144 1146 qui

580 1186 608 1222 a
664 1170 790 1223 Jesu
845 1171 1042 1224 servati
1091 1171 1201 1224 sint
1248 1171 1320 1224 οδε
1357 1172 1412 1225 in
1456 1186 1688 1239 quorum
1729 1170 1890 1222 etiam
1919 1169 2144 1239 gratiam

576 1264 837 1317 adversus
866 1265 1108 1333 quinque
1141 1279 1296 1332 reges
1326 1263 1381 1317 in
1417 1263 1539 1318 illos
1562 1263 1925 1332 insurgentes,
1953 1263 2144 1316 formi-

577 1352 753 1406 dabile
804 1354 1052 1420 praelium
1107 1352 1242 1406 illud
1295 1351 1675 1406 commiserit:
1717 1352 1771 1405 in
1812 1368 1922 1420 quo
1967 1351 2142 1421 ipsum

575 1457 793 1510 quoque
825 1443 1022 1496 cmlum
1058 1441 1327 1495 adversus
1358 1440 1781 1495 Gabaonitarum
1829 1440 2013 1494 hostes
2061 1441 2143 1493 la-

574 1528 761 1599 pidum
788 1532 1052 1600 grandine
1083 1533 1211 1586 Jesu
1255 1532 1534 1600 suppetias
1571 1531 1665 1586 ivit
1699 1531 1777 1596 ⁶⁶;
1823 1530 2141 1584 εοηειὶιιιίισ

574 1637 682 1690 que
735 1637 830 1675 eos
888 1634 947 1676 ut
999 1631 1183 1678 essent
1215 1622 1625 1692 comportandis
1651 1622 1810 1690 lignis
1831 1631 1886 1675 et
1915 1637 2051 1690 aqua
2086 1622 2140 1676 in

574 1708 761 1763 divino
801 1711 1150 1765 tabernaculo
1202 1711 1244 1741 ⁸⁷
1302 1709 1509 1783 (sancta
1559 1710 1817 1762 nimirum
1871 1710 2135 1773 Ecclesia,

2256 535 2542 602 σωματικῇ
2573 531 2667 584 τοῦ
2700 534 2866 601 νόμου
2900 531 3142 602 λατρεία.
3180 533 3405 600 φυσικὸν
3437 533 3494 586 τὸ
3547 541 3787 606 παράπαν

2251 622 2453 676 δύναιτ’
2485 621 2551 676 ἂν
2612 623 3017 694 παραδέξασθαι
3076 624 3231 691 λόγον
3292 623 3325 692 ἢ
3376 623 3627 694 λογισμόν
3657 643 3672 658 ·
3709 628 3786 683 ὅτι

2255 711 2387 780 μηδὲ
2419 713 2629 780 πέφυκε
2666 712 2860 765 ταυτὸν
2881 707 3020 765 εἶναι
3043 715 3107 783 τῇ
3137 713 3296 782 φύσει
3352 713 3420 766 τὰ
3467 714 3709 784 σύμϐολα.
3729 719 3786 772 El

2250 802 2305 854 δὲ
2328 803 2522 856 ταυτὸν
2547 804 2646 856 οὑκ
2669 804 2782 856 ἔστι
2813 806 2876 873 τῇ
2909 802 3068 870 φύσει
3095 805 3163 858 τὰ
3193 803 3456 874 σύμϐολα,
3480 806 3613 859 κατά
3643 808 3786 876 φύσιν

2249 893 2381 963 ὁρᾷν
2406 895 2511 946 τῶν
2532 894 2696 972 ὄντων
2714 897 2810 966 τὴν
2827 897 3076 967 γέννησιν
3097 897 3348 951 οὐδέποτε
3368 897 3580 952 δύναται
3599 903 3780 972 σαφῶς,

2250 987 2277 1036 ὁ
2307 989 2416 1048 τοῖς
2440 986 2532 1038 τοῦ
2564 988 2728 1052 νόμου
2755 988 3044 1056 συμϐόλοις
3076 989 3152 1052 ὡς
3196 989 3566 1060 πρωτοτύττοις
3588 1009 3792 1062 προστε-

2249 1078 2432 1146 τηκὼς
2458 1093 2471 1106 °
2502 1084 2595 1130 καὶ
2627 1079 2716 1132 δια
2743 1080 2901 1132 τοῦτο
2929 1080 3254 1150 παραλόγως
3290 1085 3418 1144 τοὺς
3471 1081 3608 1134 κατὰ
3646 1083 3786 1151 φύσιν

2249 1169 2634 1240 ἀποπέμπεται
2664 1171 2855 1238 λόγους
2883 1189 2898 1204 ο
2937 1173 3010 1244 μὴ
3043 1171 3386 1242 λογιζόμενος
3421 1173 3558 1243 (η),
3591 1175 3667 1226 δτι
3694 1175 3788 1247 χρὴ

2248 1261 2648 1328 περιποιεῖσθαι
2674 1263 2797 1324 τοὺς
2823 1262 2926 1314 ὑπὸ
2944 1262 3114 1332 Ἰησοῦ
3158 1263 3540 1328 διασωθέντας,
3570 1265 3700 1333 ὑπὲρ
3722 1261 3786 1320 ὧν

2247 1353 2340 1404 καὶ
2373 1353 2508 1421 πρὸς
2539 1354 2665 1417 τοὺς
2710 1355 3117 1419 ἐπαναστάντας
3149 1356 3330 1413 αὑτοῖς
3359 1356 3518 1408 πέντε
3550 1355 3784 1425 βασιλεῖς,

2248 1443 2339 1495 τὸν
2366 1445 2596 1511 φοϐερὸν
2631 1447 2837 1498 ἐκεῖνον
2869 1448 3230 1518 συνεκρότησε
3264 1448 3496 1517 πόλεμον
3521 1463 3534 1477 ⁸
3556 1451 3609 1500 ἐν
3636 1443 3676 1516 ᾧ
3706 1452 3787 1502 καὶ

2245 1535 2470 1604 οὐρανὸς
2529 1537 2690 1599 αὑτὸς
2737 1538 2877 1591 κατὰ
2935 1539 3041 1590 τῶν
3076 1540 3499 1592 ἐπαναστάντων
3545 1543 3650 1602 τοῖς
3693 1542 3782 1594 Γα-

2247 1624 2534 1689 ϐαωνίταις
2550 1625 2636 1678 διὰ
2660 1627 2822 1680 λίθων
2847 1628 3086 1699 χαλάζης
3108 1631 3184 1700 τῷ
3215 1629 3386 1699 Ἰησοῦ
3416 1631 3785 1700 συνεμάχησεν

2247 1712 2338 1772 οὓς
2369 1714 2666 1786 κατέστηκε
2699 1717 3019 1788 ξυλοφόρους
3052 1719 3144 1771 καὶ
3175 1718 3504 1790 ὑδροφόρους
3536 1721 3628 1790 τῆς
3659 1721 3789 1784 θείας

573 1800 730 1868 cujus
766 1800 894 1852 olim
937 1801 1346 1862 tabernaculum
1391 1798 1563 1868 ﬁgura
1618 1796 1844 1866 exstitit)
1893 1798 2142 1850 incarna-
2173 1790 2212 1842 Β

2173 1790 2212 1842 Β
2245 1807 2445 1876 σκηνῆς
2463 1807 2861 1876 (15),τουτέστι,
2880 1810 2980 1878 τῆς
2999 1810 3082 1862 διὰ
3099 1812 3196 1880 τῆς
3211 1812 3423 1881 σκηνῆς
3441 1813 3786 1880 προδιττυπω-

575 1900 662 1946 tus
701 1892 910 1946 Sermo.
947 1893 996 1946 ls
1031 1893 1198 1956 enim,
1243 1893 1288 1946 is
1327 1892 1485 1946 Iesus
1523 1899 1626 1952 est,
1667 1889 1760 1959 qui
1801 1889 2142 1959 insurgentes

2249 1895 2433 1964 θείσης
2466 1884 2627 1964 ἀγίας
2668 1899 3015 1968 Ἐκκλησίας,
3037 1903 3064 1953 ὀ
3085 1901 3384 1970 σαρκωθεὶς
3439 1902 3621 1972 Λόγος.
3643 1897 3787 1962 Oho;

573 1983 628 2038 in
691 1999 786 2037 eos
839 1999 906 2038 ex
967 1999 1158 2038 sensus
1205 1985 1418 2038 ratione
1473 1983 1797 2038 libidinosos
1849 1982 2040 2036 modos
2077 1998 2142 2036 ac

2242 1981 2527 2056 γὰρ,οὖτός
2538 1989 2892 2060 ἐστιν’ῐησοῦς
2906 1992 2934 2042 ό
2954 1993 3276 2056 ἀποκτείνας
3290 1993 3420 2056 τοὺς
3437 1996 3551 2047 κατ’
3567 1995 3788 2064 αἴσθησιν

569 2074 926 2144 cogitationes
964 2073 1248 2127 interimit.
1296 2073 1526 2143 Semper
1583 2072 1730 2127 enim
1779 2071 1875 2125 Dei
1945 2072 2139 2126 Sermo

2239 2080 2421 2142 αὑτοῖς
2467 2081 2930 2152 ἐπανισταμένους
2981 2085 3245 2152 ἐμπαθεῖς
3272 2087 3513 2155 τρόπους
3543 2086 3631 2139 καὶ
3661 2085 3787 2153 λογι-

569 2165 729 2220 Jesus
767 2173 930 2234 atque
971 2165 1110 2218 ratio
1146 2164 1412 2217 naturalis
1452 2162 1930 2233 contemplationis
1971 2163 2140 2216 ratio-

2240 2169 2431 2239 σμούς.
2467 2171 2578 2224 ’Λεὶ
2609 2171 2715 2242 γὰρ
2739 2173 2866 2236 τοὺς
2887 2174 3025 2227 κατά
3059 2175 3295 2244 φυσικὴν
3330 2175 3567 2246 θεωρίαν
3594 2176 3783 2243 λόγους,

571 2271 670 2310 nes
717 2256 936 2310 asciscit
987 2263 1275 2324 servatque
1323 2255 1644 2316 incolumes,
1700 2254 1805 2308 hoc
1854 2253 1960 2307 illis
2005 2269 2139 2307 con-

2238 2261 2266 2312 ό
2298 2260 2392 2313 τοῦ
2442 2260 2578 2315 Θεοῦ
2635 2263 2807 2331 Λόγος
2844 2265 3051 2335 Ἰησοῦς
3114 2269 3505 2336 περιποιεῖται,
3545 2267 3785 2338 προκαθι-
3849 2332 3853 2342 ι

570 2347 782 2402 credito
838 2362 1089 2408 munere,
1133 2358 1194 2402 ut
1244 2349 1298 2400 in
1351 2346 1539 2400 divino
1581 2345 1700 2415 ejus
1753 2346 2139 2416 mysteriorum

2241 2352 2379 2404 στῶν
2410 2353 2573 2406 αὑτοῦ
2609 2355 2705 2424 τῆς
2742 2355 2892 2420 θείας
2917 2356 3024 2408 τῶν
3057 2358 3374 2429 μυστηρίων
3408 2360 3607 2430 σκηνῆς
3646 2358 3783 2425 ξυλο-

571 2437 942 2500 tabernaculo,
977 2437 1121 2506 ligna
1161 2442 1218 2490 et
1253 2450 1448 2504 aquam
1483 2443 1827 2502 comportent
1874 2450 1888 2486 :
1937 2433 2139 2502 quippe

2240 2443 2439 2512 φόρους
2461 2445 2555 2498 καὶ
2587 2445 2915 2518 ὑδροφόρους
2948 2464 2962 2478 ο
2985 2445 3072 2500 οἷα
3126 2449 3189 2518 δὴ
3220 2450 3320 2518 τῆς
3369 2450 3660 2519 ὲξαπτικῆς
3699 2449 3782 2502 τοῦ

567 2541 689 2595 quae
728 2534 904 2594 aptam
940 2525 1182 2579 fomento
1216 2524 1598 2578 illustrationis
1637 2522 1835 2577 divina:
1873 2523 2135 2587 scientia},

2239 2535 2518 2604 φωτισμοῦ
2546 2536 2693 2600 θείας
2733 2537 2987 2604 γνώσεως
3040 2537 3191 2608 ὕλης,
3237 2539 3330 2592 καὶ
3376 2540 3479 2604 τῆς
3541 2539 3781 2609 ρυπτικῆς

565 2615 896 2684 eluendique
938 2616 1195 2669 vitiorum
1235 2615 1444 2678 sordes,
1485 2629 1548 2668 ac
1598 2613 1779 2668 vitalis
1829 2614 1883 2667 in
1938 2615 2138 2682 spiritu

2237 2625 2344 2677 τῶν
2374 2625 2560 2679 παθῶν
2579 2627 2918 2699 καθάρσεω;,
2949 2629 3040 2682 κα)⁸
3062 2631 3159 2700 τῆς
3184 2633 3241 2684 ὲν
3265 2631 3539 2699 πνεύματι
3568 2630 3780 2700 ξωτικῆς

565 2707 842 2777 augmenti
878 2706 1159 2761 materiam
1195 2705 1651 2774 occasionemque
1677 2704 1967 2760 suﬂiciant.
1991 2706 2134 2760 Abs-

2236 2715 2521 2781 διαδόσεως
2580 2719 2831 2789 ἀφορμῆς
2876 2721 3128 2792 χορηγός,
3163 2723 3406 2792 Φυσικῆς
3441 2723 3546 2794 γὰρ
3573 2723 3781 2793 θεωρίας

564 2813 673 2866 que
699 2798 844 2851 enim
874 2796 1107 2852 naturali
1139 2794 1512 2865 speculatione
1549 2793 1603 2847 in
1629 2795 1800 2858 nullo,
1834 2795 1943 2849 ullo
1972 2811 2134 2864 pror-

2238 2807 2426 2876 χωρὶς,
2493 2809 2550 2858 ὲν
2613 2809 2788 2862 οὐδενὶ
2854 2811 2974 2862 κατ’
3037 2811 3225 2864 οὐδένα
3285 2813 3490 2880 τρόπον
3522 2793 3780 2881 οὐδαμῶς

564 2905 659 2944 sus
694 2889 855 2943 modo
879 2895 1276 2956 comparatum,
1308 2893 1368 2938 ut
1395 2885 1468 2938 sit
1495 2883 1785 2938 incolumis
1812 2899 1876 2939 ac
1907 2900 2137 2940 conser-

2043 2900 2137 2940 ﬁt“
2239 2898 2621 2968 συντηρεῖσθαι
2651 2901 2860 2969 πέφυκε
2891 2902 2998 2956 τῶν
3037 2903 3349 2974 μυστηρίων
3377 2907 3410 2976 ἡ
3441 2905 3683 2976 δύναμις.

561 2990 724 3037 vetur
751 2979 1136 3051 mysteriorum
1166 2978 1363 3031 virtus.

635 3071 732 3126 Sin
763 3079 945 3124 autem
975 3069 1138 3123 etiam
1168 3067 1484 3123 Gabaonitzn
1512 3082 1631 3122 eam
1657 3066 1901 3138 gentium
1923 3076 2133 3137 partem
2161 3125 2202 3148 Α

2161 3125 2202 3148 Α
2307 3073 2370 3125 Εἰ
2397 3071 2452 3124 δὲ
2487 3073 2582 3126 καὶ
2606 3073 2705 3143 τὴν
2721 3074 2970 3145 Ἐθνικὴν
3003 3079 3196 3147 μοῖραν
3219 3077 3475 3148 δηλοῦσιν
3497 3079 3545 3132 οἱ
3575 3079 3780 3134 Γαϐαω-

564 3161 890 3232 signiﬁcant,
919 3175 1040 3228 qua:
1066 3173 1128 3212 ea
1159 3158 1391 3220 ratione,
1423 3172 1530 3226 qua
1563 3157 1790 3212 accessit
1824 3157 1892 3212 ad
1919 3157 2132 3211 divina-
2160 3157 2204 3185 ν

2160 3157 2205 3185 *⁸
2235 3164 2377 3216 νῖται
2405 3164 2450 3234 (l
2463 3164 2540 3231 4),
2583 3167 3006 3236 προσχωροῦσαν
3049 3167 3127 3238 τῷ
3157 3169 3457 3242 κληροδότῃ
3487 3171 3592 3224 τῶν
3641 3169 3781 3223 θείων

562 3268 683 3306 rum
725 3249 1149 3320 promissionum
1185 3248 1598 3302 distributorem
1635 3248 1856 3311 Jesum,
1901 3250 2132 3303 salutem

2234 3254 2576 3323 ἐπαγγελιῶν
2639 3257 2810 3329 Ἰησοῦ
2867 3261 2961 3314 καὶ
3015 3261 3330 3333 σωζομένην
3364 3280 3378 3294 '
3411 3265 3780 3335 διδασκομένην

562 3352 718 3397 nacta
779 3349 885 3405 est,
940 3340 1212 3408 doctaque
1257 3337 1401 3408 ligna
1447 3348 1503 3393 et
1550 3354 1745 3407 aquam
1789 3350 2133 3409 comportare

2233 3365 2292 3401 τε
2317 3348 2630 3421 ξυλοφορεῖν
2678 3353 2774 3405 καὶ
2823 3353 3139 3424 ὑδροφορεῖν
3164 3372 3178 3386 ο
3216 3357 3485 3420 τουτέστι,
3543 3357 3628 3410 τὸν
3665 3355 3778 3424 περὶ

561 3435 780 3504 (nempe
828 3430 1108 3501 mysticam
1156 3437 1213 3483 et
1265 3428 1557 3483 salutarem
1607 3429 1789 3499 reipsa
1838 3430 1906 3484 de
1945 3445 2129 3496 cruce,

2235 3438 2470 3509 σταυροῦ
2505 3440 2598 3493 καὶ
2627 3443 2722 3510 τῆς
2751 3441 2818 3494 δι’
2845 3441 3034 3506 ὓδατος
3071 3445 3222 3508 θείας
3256 3445 3668 3518 ἀναγεννήσεως
3696 3462 3778 3514 μυ-

560 3523 737 3592 deque
784 3536 924 3590 aqua
953 3519 1152 3574 divinae
1186 3519 1618 3588 regenerationis
1652 3520 1940 3590 mysticum
1971 3530 2025 3575 et
2047 3537 2133 3576 sa-

2232 3527 2415 3581 στικὸν
2475 3529 2573 3581 καὶ
2619 3531 2883 3600 σωτήριον
2939 3532 3096 3600 λόγον
3135 3537 3462 3606 πρακτικῶς
3489 3540 3598 3598 τοῖς
3625 3534 3776 3605 ὤμοις

557 3615 791 3670 lutarem
831 3612 1094 3665 virtutum
1128 3608 1377 3663 humeris
1404 3609 1758 3664 circumferre
1790 3625 2129 3679 sermonem;

558 3718 660 3758 nec
688 3719 798 3757 non
824 3701 1022 3756 divinae
1048 3716 1207 3767 arcae,
1241 3715 1339 3769 per
1361 3699 1503 3769 piam
1530 3698 1712 3765 ﬁdem,
1747 3701 1920 3754 instar
1951 3701 2128 3771 ligno-

562 3809 705 3857 rum,
745 3791 979 3846 actionis
1009 3791 1230 3860 quidem
1259 3791 1431 3856 cultu,
1457 3790 1828 3844 membrorum
1849 3807 1972 3860 quae
2001 3801 2129 3847 sunt

562 3895 727 3949 super
764 3887 987 3940 terram,
1021 3877 1496 3932 mortiﬁcationem
1537 3877 1616 3942 ‘3;
1657 3891 1754 3945 per
1793 3879 2128 3946 contempla-

557 3971 761 4026 tionem
801 3986 952 4036 vero,
992 3970 1142 4024 velut
1180 3983 1399 4038 aquam,
1433 3968 1696 4036 spiritalis
1729 3967 1971 4021 scientia:
1996 3968 2125 4021 irri-

2229 3620 2338 3672 τῶν
2366 3620 2575 3690 ἀρετῶν
2605 3623 2942 3694 περιφέρειν,
2984 3625 3080 3678 καὶ
3117 3630 3380 3696 χορηγεῖν
3424 3631 3490 3700 τῇ
3539 3627 3652 3697 θείξι
3704 3643 3779 3679 κι-

2229 3707 2387 3778 ϐωτῷ
2417 3709 2518 3780 τῆς
2561 3712 2820 3776 εὐσεϐοῦς
2861 3714 3115 3782 πίστεως,
3151 3714 3320 3780 ξύλων
3351 3718 3526 3789 δίκην,
3561 3718 3642 3771 διά
3688 3716 3775 3786 μὲν

2226 3803 2325 3871 τῆς
2349 3803 2675 3871 πρακτικῆς,
2699 3803 2806 3859 τῶν
2835 3805 2926 3858 ἐπὶ
2948 3807 3050 3876 γῆς
3086 3807 3263 3877 μελῶν
3311 3810 3417 3881 τὴν
3477 3810 3729 3879 νέκρωσιν
3756 3821 3769 3838 ⁸

2225 3890 2312 3944 δια
2343 3891 2574 3963 θεωρίας
2598 3895 2674 3958 δὲ,
2708 3895 2959 3968 καθάπερ
2981 3897 3126 3968 ὕδωρ
3170 3899 3270 3969 τὴν
3303 3901 3573 3974 ὲπιῤῥοὴν
3607 3899 3697 3968 τῆς
3720 3899 3772 3949 ἓν

2226 3983 2497 4053 πνεύματι
2526 3985 2800 4054 γνώσεως,
2831 3989 2931 4042 οὑκ
2959 3990 3180 4056 ἄτοπον,
3205 3991 3328 4046 οὑδὲ
3369 3994 3469 4065 τῆς
3511 3989 3772 4053 εὑσεὸείας

555 4074 690 4128 guos
723 4057 913 4112 latices
951 4053 1412 4123 subministrare),
1433 4053 1731 4108 absurdum
1765 4053 1902 4108 nihil
1938 4054 2121 4121 fuerit,

555 4160 653 4204 aut
684 4149 830 4218 quod
861 4148 1161 4202 abhorrere
1200 4161 1230 4198 a
1269 4145 1473 4214 pietate
1511 4143 1810 4212 putandum
1833 4143 1924 4198 sit.

629 4240 754 4294 Sive
794 4239 961 4308 igitur
989 4235 1259 4291 naturalis
1286 4233 1677 4303 speculationis
1700 4235 1959 4299 rationes,
1981 4234 2117 4300 sive,

2295 4247 2421 4302 Εἴτε
2450 4251 2586 4317 γοῦν
2611 4253 2736 4314 τοὺς
2761 4254 2904 4306 κατά
2925 4254 3023 4324 τὴν
3053 4272 3288 4328 φυσικην
3315 4258 3550 4328 θεωρίαν
3572 4257 3761 4325 λόγους,

555 4341 674 4396 quae
725 4343 823 4397 per
877 4326 1038 4380 ﬁdem
1096 4326 1270 4379 salute
1317 4324 1572 4388 donatur,
1623 4324 1865 4394 gentium
1909 4335 2120 4394 partem

2221 4341 2329 4393 εἴτε
2361 4341 2462 4410 τὴν
2535 4343 2841 4413 σωζομένην
2869 4344 2956 4398 διὰ
3005 4324 3254 4411 πίστεως-
3289 4324 3482 4419 μερίδα
3685 4344 3763 4396 ὲθ-

555 4415 871 4472 Gabaoniue
911 4415 1165 4484 ﬁgurent,
1207 4413 1370 4483 279
1398 4429 1521 4467 eum
1549 4414 1643 4482 qui
1667 4414 1890 4469 Judaice
1921 4430 1986 4469 ex
2006 4415 2118 4470 sola
2153 4461 2194 4516 Ι)

2153 4461 2194 4516 D
2220 4431 2325 4485 νῶν
2350 4432 2716 4503 προτυποῦσιν
2742 4435 2791 4486 oi
2823 4435 3179 4502 Γαϐαωνῖται,
3221 4438 3314 4491 τὸν
3349 4437 3649 4498 Ἰουδαϊκῶς
3680 4435 3764 4502 ζῇν

556 4508 694 4578 legis
732 4508 914 4560 littera
951 4506 1116 4558 vitam
1141 4505 1424 4560 instituere
1465 4505 1616 4569 velit,
1649 4505 1861 4560 hostem
1893 4505 2116 4572 habent,
2153 4505 2189 4516 "

2153 4505 2189 4516 ν
2222 4524 2363 4578 κατά
2391 4524 2482 4576 τὸν
2524 4525 2581 4578 ὲν
2634 4525 2779 4596 μόνῳ
2807 4525 2882 4596 τῷ
2907 4528 3198 4598 γράμματι
3247 4531 3414 4599 νόμον
3471 4524 3764 4600 προῃρημέ-

557 4596 718 4664 cique
770 4593 1063 4657 infensum,
1107 4593 1196 4646 cui
1249 4593 1395 4647 salus
1448 4591 1630 4646 dedita
1677 4592 1768 4646 sit.
1810 4592 1912 4659 Qui
1971 4594 2117 4648 enim

2218 4633 2328 4679 vov,
2361 4615 2572 4687 ἔχουσιν
2601 4591 2810 4688 ἐχθρδν,
2841 4591 3388 4692 καῖ”τοῦ“σωξομένου
3406 4591 3762 4691 πολέμίονξλο

557 4682 726 4734 Deum
760 4689 1007 4734 ventrem
1057 4677 1209 4734 ducit
1248 4679 1316 4741 “,
1353 4693 1529 4747 eoque
1569 4677 1716 4746 quod
1756 4678 1951 4746 pudori
1995 4693 2122 4748 pro-

2120 4708 2122 4716 ’
2219 4675 2328 4780 γὰρ
2381 4675 2513 4764 δεον
2701 4675 2916 4765 ¹κοιλίαν
2959 4675 3278 4784 ἡγούμενος,
3315 4715 3411 4768 καὶ
3436 4715 3511 4778 ὡς
3539 4675 3627 4767 έπὶ
3651 4709 3760 4778 δόξῃ

555 4777 765 4846 broque
811 4775 901 4841 sit,
952 4774 1105 4828 velut
1149 4773 1353 4844 inclyto
1393 4773 1589 4826 decore
1614 4772 1879 4842 gloriatur
1915 4790 1978 4828 ac
2014 4774 2120 4829 sibi

2218 4772 2552 4874 ’ἑῇ-αἰσχύνῃ
2579 4772 3069 4874 καλλωπιζόμενος,
3099 4772 3282 4874 ’μόνων
3322 4803 3465 4860 οἶδεν
3490 4772 3584 4869 γὼς
3621 4772 3761 4856 θείων

552 4874 748 4944 placet,
781 4872 828 4925 is
857 4871 1000 4926 solas
1025 4870 1309 4940 passiones
1330 4867 1643 4938 ignominiae
1668 4867 1877 4939 (turpes
1913 4868 2123 4926 scilicet

2121 4910 2123 4919 ν
2220 4860 2506 4961 ἀνέχεσθαι
2523 4860 2614 4946 διὰ
2639 4860 2872 4962 σπουδῆς
2891 4860 3003 4946 τῶν
3030 4860 3221 4948 παθῶν
3247 4883 3347 4967 τῆς
3379 4860 3602 4966 ἀτιμίας
3632 4909 3645 4924 ’
3678 4890 3761 4947 καὶ

550 4978 890 5048 probrosque
920 4975 1169 5046 aﬂ'ectus)
1195 4975 1275 5029 uti
1305 4974 1519 5027 divinas
1549 4987 1817 5042 propense
1847 4973 2118 5029 sustinere

2213 4979 2299 5033 διὰ
2327 4980 2482 5033 τοῦτο
2513 4981 2646 5051 μόνα
2670 4982 2920 5051 περιέπει
2965 4982 3037 5036 τὰ
3077 4985 3304 5054 χρονικά
3335 5002 3349 5015 ·
3383 4987 3644 5045 τουτέστι,
3673 4984 3759 5051 τὴν

548 5083 713 5137 novit.
751 5080 1018 5148 Quocirca
1058 5079 1222 5134 etiam
1264 5078 1380 5132 sola
1418 5087 1773 5147 temporanea
1813 5076 2116 5148 (materiam

2213 5068 2346 5141 ὓλην
2377 5071 2471 5124 καὶ
2519 5070 2574 5124 τὸ
2607 5066 2747 5135 εῐδος
2774 5072 2906 5144 (15),
2937 5073 3031 5126 καὶ
3085 5073 3183 5142 τὴν
3241 5077 3384 5127 κατὰ
3433 5073 3759 5143 παρόχρησιν

548 5169 760 5223 scilicet
788 5178 845 5224 et
870 5167 1126 5229 formam,
1153 5178 1528 5233 sensuumque
1548 5177 1770 5232 pravam
1796 5163 1971 5218 abusu
1997 5163 2119 5233 qui-

2212 5161 2524 5232 πενταπλῆν
2551 5163 2829 5233 ἐνέργειαν
2856 5164 2958 5217 τῶν
2989 5165 3311 5236 αἰσθήσεων.
3335 5165 3418 5218 Τὰ
3445 5165 3543 5234 μὲν
3565 5164 3636 5224 ὡς
3662 5162 3759 5214 Ῥε-

549 5259 633 5313 nis
671 5259 918 5328 partibus
948 5258 1175 5312 scissam
1215 5254 1614 5326 operationem)
1651 5255 1801 5308 colit.
1825 5256 1922 5310 Illa
1949 5254 2114 5311 nimi-

2215 5252 2355 5319 σφᾶς
2382 5251 2482 5322 τῆς
2507 5251 2788 5321 παλλακῆς
2817 5253 2981 5305 τέκνα
3007 5269 3021 5284 ο
3053 5255 3121 5306 τὰ
3175 5253 3250 5320 δὲ,
3279 5254 3358 5316 ὡς
3416 5256 3520 5323 γῆς
3579 5250 3755 5318 ἀτίμου

549 5365 689 5414 rum,
729 5349 878 5403 velut
913 5347 1183 5418 Rhesphae
1217 5347 1430 5418 pellicis
1460 5347 1665 5401 liberos
1696 5361 1711 5410 ;
1752 5345 1869 5399 haec
1905 5353 2106 5408 autem,

2216 5342 2483 5412 θυγατρὸς
2515 5343 2712 5410 ἔκγονα
2740 5343 2961 5414 Μερώϐ.
2999 5346 3078 5416 Τῇ
3109 5345 3216 5417 γὰρ
3253 5345 3356 5416 ὕλῃ
3390 5346 3486 5399 καὶ
3520 5343 3592 5413 τῷ
3643 5339 3757 5392 είδει

546 5447 606 5493 ut
639 5448 961 5510 contempta:
992 5439 1114 5494 (illa:
1135 5437 1400 5502 Merobes,
1443 5445 1688 5507 nepotes.
1730 5436 1932 5491 Sensus
1960 5438 2106 5490 enim

545 5531 782 5586 materiae
815 5541 872 5586 et
902 5531 1090 5585 forma:
1121 5529 1441 5585 commistus
1480 5529 1878 5598 implexusquc,
1913 5536 2105 5596 suopte

2225 4072 2521 4145 ἀλλότριον.

2215 5433 2598 5507 συμπλακεῖσα
2625 5434 2764 5488 κατά
2801 5435 2946 5505 μίξιν
2978 5437 3015 5506 ἡ
3035 5437 3306 5506 αἴσθησις,
3340 5434 3622 5488 ἀποτελεῖν
3670 5427 3756 5499 μὲν

2212 5524 2381 5588 πάθος
2407 5541 2421 5556 °
2453 5526 2772 5580 ἀποκτενεῖν
2800 5525 2855 5578 δὲ
2885 5525 2979 5580 καὶ
3004 5528 3270 5580 συντελεῖν
3297 5527 3426 5589 τοὺς
3451 5525 3591 5579 κατά
3613 5520 3754 5590 φύσιν

615 5709 662 5742 θ’
689 5709 851 5764 Iosue
886 5727 958 5772 Ix,
989 5712 1022 5766 3
1052 5727 1202 5780 seqq.
1277 5712 1320 5742 “
1346 5711 1508 5766 Josue
1547 5727 1598 5776 x,
1625 5713 1664 5766 δ’
1683 5727 1836 5782 seqq.
1911 5712 1952 5744 "
1979 5711 2142 5767 Josue
2167 5726 2218 5766 lx

1928 5712 1952 5742 ’⁷
1979 5711 2142 5767 Josue
2167 5726 2218 5766 lx
2273 5709 2360 5769 ‘27.
2439 5711 2484 5744 "
2515 5711 2721 5768 Coloss.
2753 5728 2833 5780 ιιι,
2866 5713 2918 5770 5.
3013 5715 3058 5748 ⁶⁹
3102 5713 3338 5783 Philipp.
3375 5729 3454 5778 ιιι,
3488 5713 3568 5768 l9.
